|j|☆ChandosH
|j|☆Steez Ibanez
|t:|1667189405
|gametype|singles
|player|p1|ChandosH|n-masters|1771
|player|p2|Steez Ibanez|acetrainer-gen7|1794
|teamsize|p1|6
|teamsize|p2|6
|gen|8
|tier|[Gen 8] OU
|rated|
|rule|Sleep Clause Mod: Limit one foe put to sleep
|rule|Species Clause: Limit one of each Pokémon
|rule|OHKO Clause: OHKO moves are banned
|rule|Evasion Items Clause: Evasion items are banned
|rule|Evasion Moves Clause: Evasion moves are banned
|rule|Endless Battle Clause: Forcing endless battles is banned
|rule|HP Percentage Mod: HP is shown in percentages
|rule|Dynamax Clause: You cannot dynamax
|clearpoke
|poke|p1|Toxapex, M|
|poke|p1|Skarmory, M|
|poke|p1|Clefable, F|
|poke|p1|Tapu Koko|
|poke|p1|Hippowdon, F|
|poke|p1|Reuniclus, M|
|poke|p2|Garchomp, M|
|poke|p2|Volcarona, M|
|poke|p2|Landorus-Therian, M|
|poke|p2|Ferrothorn, M|
|poke|p2|Tyranitar, M|
|poke|p2|Alakazam, M|
|teampreview
|c|☆ChandosH|gen 5 team
|inactive|Battle timer is ON: inactive players will automatically lose when time's up. (requested by Steez Ibanez)
|
|t:|1667189447
|start
|switch|p1a: Skarmory|Skarmory, M|100/100
|switch|p2a: Cereal Killer|Alakazam, M|100/100
|turn|1
|j| blisc
|c|☆Steez Ibanez|Is it
|j| goaway12309
|c|☆Steez Ibanez|i never noticed tbh
|j| cypherstest
|inactive|ChandosH has 120 seconds left.
|
|t:|1667189486
|switch|p1a: Hippowdon|Hippowdon, F|100/100
|-weather|Sandstorm|[from] ability: Sand Stream|[of] p1a: Hippowdon
|move|p2a: Cereal Killer|Nasty Plot|p2a: Cereal Killer
|-boost|p2a: Cereal Killer|spa|2
|
|-weather|Sandstorm|[upkeep]
|upkeep
|turn|2
|inactive|ChandosH has 120 seconds left.
|
|t:|1667189495
|move|p2a: Cereal Killer|Psyshock|p1a: Hippowdon
|-damage|p1a: Hippowdon|24/100
|move|p1a: Hippowdon|Earthquake|p2a: Cereal Killer
|-damage|p2a: Cereal Killer|4/100
|
|-weather|Sandstorm|[upkeep]
|-heal|p1a: Hippowdon|30/100|[from] item: Leftovers
|upkeep
|turn|3
|j| tapu moxo
|inactive|ChandosH has 120 seconds left.
|
|t:|1667189516
|move|p2a: Cereal Killer|Psyshock|p1a: Hippowdon
|-crit|p1a: Hippowdon
|-damage|p1a: Hippowdon|0 fnt
|faint|p1a: Hippowdon
|
|-weather|Sandstorm|[upkeep]
|upkeep
|
|t:|1667189521
|switch|p1a: Tapu Koko|Tapu Koko|100/100
|-fieldstart|move: Electric Terrain|[from] ability: Electric Surge|[of] p1a: Tapu Koko
|turn|4
|
|t:|1667189524
|switch|p2a: Abomination|Ferrothorn, M|100/100
|move|p1a: Tapu Koko|Dazzling Gleam|p2a: Abomination
|-resisted|p2a: Abomination
|-damage|p2a: Abomination|85/100
|
|-weather|Sandstorm|[upkeep]
|-damage|p1a: Tapu Koko|94/100|[from] Sandstorm
|upkeep
|turn|5
|
|t:|1667189531
|switch|p1a: Skarmory|Skarmory, M|100/100
|move|p2a: Abomination|Spikes|p1a: Skarmory
|-sidestart|p1: ChandosH|Spikes
|
|-weather|none
|upkeep
|turn|6
|
|t:|1667189538
|move|p1a: Skarmory|Spikes|p2a: Abomination
|-sidestart|p2: Steez Ibanez|Spikes
|move|p2a: Abomination|Spikes|p1a: Skarmory
|-sidestart|p1: ChandosH|Spikes
|
|upkeep
|turn|7
|
|t:|1667189544
|switch|p2a: Cereal Killer|Alakazam, M|4/100
|move|p1a: Skarmory|Spikes|p2a: Cereal Killer
|-sidestart|p2: Steez Ibanez|Spikes
|
|upkeep
|turn|8
|
|t:|1667189549
|move|p2a: Cereal Killer|Encore|p1a: Skarmory
|-start|p1a: Skarmory|Encore
|move|p1a: Skarmory|Spikes|p2a: Cereal Killer
|-sidestart|p2: Steez Ibanez|Spikes
|
|-fieldend|move: Electric Terrain
|upkeep
|turn|9
|
|t:|1667189561
|switch|p1a: Tapu Koko|Tapu Koko|94/100
|-fieldstart|move: Electric Terrain|[from] ability: Electric Surge|[of] p1a: Tapu Koko
|move|p2a: Cereal Killer|Psyshock|p1a: Tapu Koko
|-damage|p1a: Tapu Koko|16/100
|
|upkeep
|turn|10
|
|t:|1667189570
|switch|p2a: Simba|Landorus-Therian, M|100/100
|-ability|p2a: Simba|Intimidate|boost
|-unboost|p1a: Tapu Koko|atk|1
|move|p1a: Tapu Koko|Roost|p1a: Tapu Koko
|-heal|p1a: Tapu Koko|66/100
|-singleturn|p1a: Tapu Koko|move: Roost
|
|upkeep
|turn|11
|
|t:|1667189578
|switch|p1a: Skarmory|Skarmory, M|100/100
|move|p2a: Simba|U-turn|p1a: Skarmory
|-resisted|p1a: Skarmory
|-damage|p1a: Skarmory|96/100
|-damage|p2a: Simba|84/100|[from] item: Rocky Helmet|[of] p1a: Skarmory
|
|t:|1667189580
|switch|p2a: Susano'o|Volcarona, M|100/100|[from]move: U-turn
|
|upkeep
|turn|12
|
|t:|1667189584
|switch|p2a: Cereal Killer|Alakazam, M|4/100
|move|p1a: Skarmory|Whirlwind|p2a: Cereal Killer
|drag|p2a: Abomination|Ferrothorn, M|85/100
|-damage|p2a: Abomination|60/100|[from] Spikes
|
|upkeep
|turn|13
|
|t:|1667189595
|move|p1a: Skarmory|Body Press|p2a: Abomination
|-supereffective|p2a: Abomination
|-damage|p2a: Abomination|26/100
|-damage|p1a: Skarmory|84/100|[from] ability: Iron Barbs|[of] p2a: Abomination
|-damage|p1a: Skarmory|68/100|[from] item: Rocky Helmet|[of] p2a: Abomination
|move|p2a: Abomination|Leech Seed|p1a: Skarmory
|-start|p1a: Skarmory|move: Leech Seed
|
|-damage|p1a: Skarmory|55/100|[from] Leech Seed|[of] p2a: Abomination
|-heal|p2a: Abomination|38/100|[silent]
|-fieldend|move: Electric Terrain
|upkeep
|turn|14
|l| goaway12309
|j| Haxgo
|
|t:|1667189608
|move|p1a: Skarmory|Roost|p1a: Skarmory
|-heal|p1a: Skarmory|100/100
|-singleturn|p1a: Skarmory|move: Roost
|move|p2a: Abomination|Spikes|p1a: Skarmory
|-sidestart|p1: ChandosH|Spikes
|
|-damage|p1a: Skarmory|88/100|[from] Leech Seed|[of] p2a: Abomination
|-heal|p2a: Abomination|49/100|[silent]
|upkeep
|turn|15
|j| emo705
|
|t:|1667189624
|switch|p1a: Clefable|Clefable, F|100/100
|move|p2a: Abomination|Knock Off|p1a: Clefable
|-resisted|p1a: Clefable
|-damage|p1a: Clefable|92/100
|-enditem|p1a: Clefable|Leftovers|[from] move: Knock Off|[of] p2a: Abomination
|
|upkeep
|turn|16
|
|t:|1667189641
|move|p1a: Clefable|Moonblast|p2a: Abomination
|-resisted|p2a: Abomination
|-damage|p2a: Abomination|36/100
|-unboost|p2a: Abomination|spa|1
|move|p2a: Abomination|Gyro Ball|p1a: Clefable
|-supereffective|p1a: Clefable
|-damage|p1a: Clefable|34/100
|
|upkeep
|turn|17
|
|t:|1667189648
|move|p1a: Clefable|Soft-Boiled|p1a: Clefable
|-heal|p1a: Clefable|84/100
|move|p2a: Abomination|Gyro Ball|p1a: Clefable
|-supereffective|p1a: Clefable
|-damage|p1a: Clefable|29/100
|
|upkeep
|turn|18
|
|t:|1667189654
|switch|p2a: Cereal Killer|Alakazam, M|4/100
|move|p1a: Clefable|Flamethrower|p2a: Cereal Killer
|-damage|p2a: Cereal Killer|0 fnt
|faint|p2a: Cereal Killer
|
|upkeep
|
|t:|1667189664
|switch|p2a: Susano'o|Volcarona, M|100/100
|turn|19
|inactive|ChandosH has 120 seconds left.
|
|t:|1667189703
|switch|p1a: Toxapex|Toxapex, M|100/100
|-damage|p1a: Toxapex|75/100|[from] Spikes
|move|p2a: Susano'o|Flamethrower|p1a: Toxapex
|-resisted|p1a: Toxapex
|-damage|p1a: Toxapex|59/100
|-status|p1a: Toxapex|brn
|
|-damage|p1a: Toxapex|53/100 brn|[from] brn
|upkeep
|turn|20
|inactive|ChandosH has 120 seconds left.
|
|t:|1667189715
|move|p2a: Susano'o|Safeguard|p2a: Susano'o
|-sidestart|p2: Steez Ibanez|Safeguard
|move|p1a: Toxapex|Knock Off|p2a: Susano'o
|-damage|p2a: Susano'o|95/100
|-enditem|p2a: Susano'o|Heavy-Duty Boots|[from] move: Knock Off|[of] p1a: Toxapex
|
|-damage|p1a: Toxapex|47/100 brn|[from] brn
|upkeep
|turn|21
|
|t:|1667189720
|move|p2a: Susano'o|Quiver Dance|p2a: Susano'o
|-boost|p2a: Susano'o|spa|1
|-boost|p2a: Susano'o|spd|1
|-boost|p2a: Susano'o|spe|1
|move|p1a: Toxapex|Recover|p1a: Toxapex
|-heal|p1a: Toxapex|97/100 brn
|
|-damage|p1a: Toxapex|90/100 brn|[from] brn
|upkeep
|turn|22
|
|t:|1667189723
|move|p2a: Susano'o|Quiver Dance|p2a: Susano'o
|-boost|p2a: Susano'o|spa|1
|-boost|p2a: Susano'o|spd|1
|-boost|p2a: Susano'o|spe|1
|move|p1a: Toxapex|Haze|p1a: Toxapex
|-clearallboost
|
|-damage|p1a: Toxapex|84/100 brn|[from] brn
|upkeep
|turn|23
|
|t:|1667189728
|move|p2a: Susano'o|Quiver Dance|p2a: Susano'o
|-boost|p2a: Susano'o|spa|1
|-boost|p2a: Susano'o|spd|1
|-boost|p2a: Susano'o|spe|1
|move|p1a: Toxapex|Scald|p2a: Susano'o
|-supereffective|p2a: Susano'o
|-damage|p2a: Susano'o|73/100
|
|-damage|p1a: Toxapex|78/100 brn|[from] brn
|upkeep
|turn|24
|
|t:|1667189731
|move|p2a: Susano'o|Flamethrower|p1a: Toxapex
|-resisted|p1a: Toxapex
|-damage|p1a: Toxapex|55/100 brn
|move|p1a: Toxapex|Haze|p1a: Toxapex
|-clearallboost
|
|-damage|p1a: Toxapex|49/100 brn|[from] brn
|-sideend|p2: Steez Ibanez|Safeguard
|upkeep
|turn|25
|
|t:|1667189738
|move|p2a: Susano'o|Quiver Dance|p2a: Susano'o
|-boost|p2a: Susano'o|spa|1
|-boost|p2a: Susano'o|spd|1
|-boost|p2a: Susano'o|spe|1
|move|p1a: Toxapex|Recover|p1a: Toxapex
|-heal|p1a: Toxapex|99/100 brn
|
|-damage|p1a: Toxapex|93/100 brn|[from] brn
|upkeep
|turn|26
|
|t:|1667189742
|move|p2a: Susano'o|Flamethrower|p1a: Toxapex
|-resisted|p1a: Toxapex
|-damage|p1a: Toxapex|66/100 brn
|move|p1a: Toxapex|Haze|p1a: Toxapex
|-clearallboost
|
|-damage|p1a: Toxapex|60/100 brn|[from] brn
|upkeep
|turn|27
|j| Tegalik
|
|t:|1667189749
|move|p2a: Susano'o|Quiver Dance|p2a: Susano'o
|-boost|p2a: Susano'o|spa|1
|-boost|p2a: Susano'o|spd|1
|-boost|p2a: Susano'o|spe|1
|move|p1a: Toxapex|Recover|p1a: Toxapex
|-heal|p1a: Toxapex|100/100 brn
|
|-damage|p1a: Toxapex|94/100 brn|[from] brn
|upkeep
|turn|28
|
|t:|1667189753
|move|p2a: Susano'o|Flamethrower|p1a: Toxapex
|-resisted|p1a: Toxapex
|-damage|p1a: Toxapex|72/100 brn
|move|p1a: Toxapex|Haze|p1a: Toxapex
|-clearallboost
|
|-damage|p1a: Toxapex|65/100 brn|[from] brn
|upkeep
|turn|29
|
|t:|1667189763
|move|p2a: Susano'o|Quiver Dance|p2a: Susano'o
|-boost|p2a: Susano'o|spa|1
|-boost|p2a: Susano'o|spd|1
|-boost|p2a: Susano'o|spe|1
|move|p1a: Toxapex|Scald|p2a: Susano'o
|-supereffective|p2a: Susano'o
|-damage|p2a: Susano'o|54/100
|
|-damage|p1a: Toxapex|59/100 brn|[from] brn
|upkeep
|turn|30
|
|t:|1667189767
|move|p2a: Susano'o|Roost|p2a: Susano'o
|-heal|p2a: Susano'o|100/100
|-singleturn|p2a: Susano'o|move: Roost
|move|p1a: Toxapex|Recover|p1a: Toxapex
|-heal|p1a: Toxapex|100/100 brn
|
|-damage|p1a: Toxapex|94/100 brn|[from] brn
|upkeep
|turn|31
|
|t:|1667189771
|move|p2a: Susano'o|Flamethrower|p1a: Toxapex
|-resisted|p1a: Toxapex
|-damage|p1a: Toxapex|70/100 brn
|move|p1a: Toxapex|Haze|p1a: Toxapex
|-clearallboost
|
|-damage|p1a: Toxapex|64/100 brn|[from] brn
|upkeep
|turn|32
|
|t:|1667189780
|move|p2a: Susano'o|Safeguard|p2a: Susano'o
|-sidestart|p2: Steez Ibanez|Safeguard
|move|p1a: Toxapex|Haze|p1a: Toxapex
|-clearallboost
|
|-damage|p1a: Toxapex|57/100 brn|[from] brn
|upkeep
|turn|33
|
|t:|1667189783
|move|p2a: Susano'o|Quiver Dance|p2a: Susano'o
|-boost|p2a: Susano'o|spa|1
|-boost|p2a: Susano'o|spd|1
|-boost|p2a: Susano'o|spe|1
|move|p1a: Toxapex|Recover|p1a: Toxapex
|-heal|p1a: Toxapex|100/100 brn
|
|-damage|p1a: Toxapex|94/100 brn|[from] brn
|upkeep
|turn|34
|
|t:|1667189787
|move|p2a: Susano'o|Flamethrower|p1a: Toxapex
|-resisted|p1a: Toxapex
|-damage|p1a: Toxapex|69/100 brn
|move|p1a: Toxapex|Haze|p1a: Toxapex
|-clearallboost
|
|-damage|p1a: Toxapex|62/100 brn|[from] brn
|upkeep
|turn|35
|
|t:|1667189793
|move|p2a: Susano'o|Quiver Dance|p2a: Susano'o
|-boost|p2a: Susano'o|spa|1
|-boost|p2a: Susano'o|spd|1
|-boost|p2a: Susano'o|spe|1
|move|p1a: Toxapex|Haze|p1a: Toxapex
|-clearallboost
|
|-damage|p1a: Toxapex|56/100 brn|[from] brn
|upkeep
|turn|36
|
|t:|1667189812
|move|p2a: Susano'o|Quiver Dance|p2a: Susano'o
|-boost|p2a: Susano'o|spa|1
|-boost|p2a: Susano'o|spd|1
|-boost|p2a: Susano'o|spe|1
|move|p1a: Toxapex|Recover|p1a: Toxapex
|-heal|p1a: Toxapex|100/100 brn
|
|-damage|p1a: Toxapex|94/100 brn|[from] brn
|-sideend|p2: Steez Ibanez|Safeguard
|upkeep
|turn|37
|
|t:|1667189817
|move|p2a: Susano'o|Flamethrower|p1a: Toxapex
|-resisted|p1a: Toxapex
|-damage|p1a: Toxapex|71/100 brn
|move|p1a: Toxapex|Haze|p1a: Toxapex
|-clearallboost
|
|-damage|p1a: Toxapex|64/100 brn|[from] brn
|upkeep
|turn|38
|j| voy por todos
|
|t:|1667189824
|move|p2a: Susano'o|Safeguard|p2a: Susano'o
|-sidestart|p2: Steez Ibanez|Safeguard
|move|p1a: Toxapex|Haze|p1a: Toxapex
|-clearallboost
|
|-damage|p1a: Toxapex|58/100 brn|[from] brn
|upkeep
|turn|39
|l| voy por todos
|j| goaway12309
|inactive|Steez Ibanez has 120 seconds left.
|
|t:|1667189866
|move|p2a: Susano'o|Quiver Dance|p2a: Susano'o
|-boost|p2a: Susano'o|spa|1
|-boost|p2a: Susano'o|spd|1
|-boost|p2a: Susano'o|spe|1
|move|p1a: Toxapex|Recover|p1a: Toxapex
|-heal|p1a: Toxapex|100/100 brn
|
|-damage|p1a: Toxapex|94/100 brn|[from] brn
|upkeep
|turn|40
|
|t:|1667189869
|move|p2a: Susano'o|Flamethrower|p1a: Toxapex
|-resisted|p1a: Toxapex
|-damage|p1a: Toxapex|72/100 brn
|move|p1a: Toxapex|Haze|p1a: Toxapex
|-clearallboost
|
|-damage|p1a: Toxapex|65/100 brn|[from] brn
|upkeep
|turn|41
|
|t:|1667189873
|move|p2a: Susano'o|Safeguard||[still]
|-fail|p2a: Susano'o
|move|p1a: Toxapex|Haze|p1a: Toxapex
|-clearallboost
|
|-damage|p1a: Toxapex|59/100 brn|[from] brn
|upkeep
|turn|42
|
|t:|1667189886
|move|p2a: Susano'o|Safeguard||[still]
|-fail|p2a: Susano'o
|move|p1a: Toxapex|Knock Off|p2a: Susano'o
|-crit|p2a: Susano'o
|-damage|p2a: Susano'o|95/100
|
|-damage|p1a: Toxapex|53/100 brn|[from] brn
|-sideend|p2: Steez Ibanez|Safeguard
|upkeep
|turn|43
|
|t:|1667189895
|move|p2a: Susano'o|Safeguard|p2a: Susano'o
|-sidestart|p2: Steez Ibanez|Safeguard
|move|p1a: Toxapex|Recover|p1a: Toxapex
|-heal|p1a: Toxapex|100/100 brn
|
|-damage|p1a: Toxapex|94/100 brn|[from] brn
|upkeep
|turn|44
|l| goaway12309
|
|t:|1667189922
|move|p2a: Susano'o|Quiver Dance|p2a: Susano'o
|-boost|p2a: Susano'o|spa|1
|-boost|p2a: Susano'o|spd|1
|-boost|p2a: Susano'o|spe|1
|move|p1a: Toxapex|Haze|p1a: Toxapex
|-clearallboost
|
|-damage|p1a: Toxapex|88/100 brn|[from] brn
|upkeep
|turn|45
|
|t:|1667189927
|move|p2a: Susano'o|Safeguard||[still]
|-fail|p2a: Susano'o
|move|p1a: Toxapex|Haze|p1a: Toxapex
|-clearallboost
|
|-damage|p1a: Toxapex|82/100 brn|[from] brn
|upkeep
|turn|46
|
|t:|1667189932
|move|p2a: Susano'o|Safeguard||[still]
|-fail|p2a: Susano'o
|move|p1a: Toxapex|Knock Off|p2a: Susano'o
|-damage|p2a: Susano'o|90/100
|
|-damage|p1a: Toxapex|75/100 brn|[from] brn
|upkeep
|turn|47
|
|t:|1667189942
|move|p2a: Susano'o|Quiver Dance|p2a: Susano'o
|-boost|p2a: Susano'o|spa|1
|-boost|p2a: Susano'o|spd|1
|-boost|p2a: Susano'o|spe|1
|move|p1a: Toxapex|Haze|p1a: Toxapex
|-clearallboost
|
|-damage|p1a: Toxapex|69/100 brn|[from] brn
|-sideend|p2: Steez Ibanez|Safeguard
|upkeep
|turn|48
|
|t:|1667189949
|move|p2a: Susano'o|Flamethrower|p1a: Toxapex
|-resisted|p1a: Toxapex
|-damage|p1a: Toxapex|53/100 brn
|move|p1a: Toxapex|Haze|p1a: Toxapex
|-clearallboost
|
|-damage|p1a: Toxapex|47/100 brn|[from] brn
|upkeep
|turn|49
|
|t:|1667189953
|move|p2a: Susano'o|Quiver Dance|p2a: Susano'o
|-boost|p2a: Susano'o|spa|1
|-boost|p2a: Susano'o|spd|1
|-boost|p2a: Susano'o|spe|1
|move|p1a: Toxapex|Recover|p1a: Toxapex
|-heal|p1a: Toxapex|97/100 brn
|
|-damage|p1a: Toxapex|91/100 brn|[from] brn
|upkeep
|turn|50
|j| You leaking
|
|t:|1667189957
|move|p2a: Susano'o|Flamethrower|p1a: Toxapex
|-resisted|p1a: Toxapex
|-damage|p1a: Toxapex|65/100 brn
|move|p1a: Toxapex|Haze|p1a: Toxapex
|-clearallboost
|
|-damage|p1a: Toxapex|59/100 brn|[from] brn
|upkeep
|turn|51
|
|t:|1667189966
|move|p2a: Susano'o|Quiver Dance|p2a: Susano'o
|-boost|p2a: Susano'o|spa|1
|-boost|p2a: Susano'o|spd|1
|-boost|p2a: Susano'o|spe|1
|move|p1a: Toxapex|Recover|p1a: Toxapex
|-heal|p1a: Toxapex|100/100 brn
|
|-damage|p1a: Toxapex|94/100 brn|[from] brn
|upkeep
|turn|52
|
|t:|1667189969
|move|p2a: Susano'o|Flamethrower|p1a: Toxapex
|-resisted|p1a: Toxapex
|-damage|p1a: Toxapex|69/100 brn
|move|p1a: Toxapex|Haze|p1a: Toxapex
|-clearallboost
|
|-damage|p1a: Toxapex|63/100 brn|[from] brn
|upkeep
|turn|53
|
|t:|1667189974
|move|p2a: Susano'o|Safeguard|p2a: Susano'o
|-sidestart|p2: Steez Ibanez|Safeguard
|move|p1a: Toxapex|Haze|p1a: Toxapex
|-clearallboost
|
|-damage|p1a: Toxapex|57/100 brn|[from] brn
|upkeep
|turn|54
|
|t:|1667189994
|move|p2a: Susano'o|Quiver Dance|p2a: Susano'o
|-boost|p2a: Susano'o|spa|1
|-boost|p2a: Susano'o|spd|1
|-boost|p2a: Susano'o|spe|1
|move|p1a: Toxapex|Haze|p1a: Toxapex
|-clearallboost
|
|-damage|p1a: Toxapex|50/100 brn|[from] brn
|upkeep
|turn|55
|
|t:|1667189997
|move|p2a: Susano'o|Quiver Dance|p2a: Susano'o
|-boost|p2a: Susano'o|spa|1
|-boost|p2a: Susano'o|spd|1
|-boost|p2a: Susano'o|spe|1
|move|p1a: Toxapex|Recover|p1a: Toxapex
|-heal|p1a: Toxapex|100/100 brn
|
|-damage|p1a: Toxapex|94/100 brn|[from] brn
|upkeep
|turn|56
|
|t:|1667190001
|move|p2a: Susano'o|Flamethrower|p1a: Toxapex
|-resisted|p1a: Toxapex
|-damage|p1a: Toxapex|68/100 brn
|move|p1a: Toxapex|Haze|p1a: Toxapex
|-clearallboost
|
|-damage|p1a: Toxapex|62/100 brn|[from] brn
|upkeep
|turn|57
|
|t:|1667190024
|move|p2a: Susano'o|Safeguard||[still]
|-fail|p2a: Susano'o
|move|p1a: Toxapex|Haze|p1a: Toxapex
|-clearallboost
|
|-damage|p1a: Toxapex|55/100 brn|[from] brn
|-sideend|p2: Steez Ibanez|Safeguard
|upkeep
|turn|58
|
|t:|1667190031
|move|p2a: Susano'o|Safeguard|p2a: Susano'o
|-sidestart|p2: Steez Ibanez|Safeguard
|move|p1a: Toxapex|Haze|p1a: Toxapex
|-clearallboost
|
|-damage|p1a: Toxapex|49/100 brn|[from] brn
|upkeep
|turn|59
|
|t:|1667190035
|move|p2a: Susano'o|Quiver Dance|p2a: Susano'o
|-boost|p2a: Susano'o|spa|1
|-boost|p2a: Susano'o|spd|1
|-boost|p2a: Susano'o|spe|1
|move|p1a: Toxapex|Recover|p1a: Toxapex
|-heal|p1a: Toxapex|99/100 brn
|
|-damage|p1a: Toxapex|93/100 brn|[from] brn
|upkeep
|turn|60
|
|t:|1667190038
|move|p2a: Susano'o|Flamethrower|p1a: Toxapex
|-resisted|p1a: Toxapex
|-damage|p1a: Toxapex|70/100 brn
|move|p1a: Toxapex|Haze|p1a: Toxapex
|-clearallboost
|
|-damage|p1a: Toxapex|64/100 brn|[from] brn
|upkeep
|turn|61
|
|t:|1667190043
|switch|p1a: Reuniclus|Reuniclus, M|100/100
|move|p2a: Susano'o|Safeguard||[still]
|-fail|p2a: Susano'o
|
|upkeep
|turn|62
|
|t:|1667190048
|move|p2a: Susano'o|Quiver Dance|p2a: Susano'o
|-boost|p2a: Susano'o|spa|1
|-boost|p2a: Susano'o|spd|1
|-boost|p2a: Susano'o|spe|1
|move|p1a: Reuniclus|Calm Mind|p1a: Reuniclus
|-boost|p1a: Reuniclus|spa|1
|-boost|p1a: Reuniclus|spd|1
|
|-sideend|p2: Steez Ibanez|Safeguard
|upkeep
|turn|63
|
|t:|1667190052
|move|p2a: Susano'o|Flamethrower|p1a: Reuniclus
|-damage|p1a: Reuniclus|65/100
|move|p1a: Reuniclus|Calm Mind|p1a: Reuniclus
|-boost|p1a: Reuniclus|spa|1
|-boost|p1a: Reuniclus|spd|1
|
|-heal|p1a: Reuniclus|71/100|[from] item: Leftovers
|upkeep
|turn|64
|
|t:|1667190060
|switch|p2a: Reptar|Tyranitar, M|100/100
|-weather|Sandstorm|[from] ability: Sand Stream|[of] p2a: Reptar
|move|p1a: Reuniclus|Thunder|p2a: Reptar
|-damage|p2a: Reptar|76/100
|-status|p2a: Reptar|par
|
|-weather|Sandstorm|[upkeep]
|-heal|p1a: Reuniclus|77/100|[from] item: Leftovers
|upkeep
|turn|65
|j| xiezhouqun
|l| xiezhouqun
|inactive|ChandosH has 120 seconds left.
|
|t:|1667190117
|move|p1a: Reuniclus|Recover|p1a: Reuniclus
|-heal|p1a: Reuniclus|100/100
|move|p2a: Reptar|Thunder Wave|p1a: Reuniclus
|-status|p1a: Reuniclus|par
|
|-weather|Sandstorm|[upkeep]
|upkeep
|turn|66
|
|t:|1667190124
|move|p2a: Reptar|Stealth Rock|p1a: Reuniclus
|-sidestart|p1: ChandosH|move: Stealth Rock
|move|p1a: Reuniclus|Calm Mind|p1a: Reuniclus
|-boost|p1a: Reuniclus|spa|1
|-boost|p1a: Reuniclus|spd|1
|
|-weather|Sandstorm|[upkeep]
|upkeep
|turn|67
|j| Waziao
|
|t:|1667190128
|move|p2a: Reptar|Rock Blast|p1a: Reuniclus
|-damage|p1a: Reuniclus|92/100 par
|-damage|p1a: Reuniclus|84/100 par
|-hitcount|p1a: Reuniclus|2
|cant|p1a: Reuniclus|par
|
|-weather|Sandstorm|[upkeep]
|-heal|p1a: Reuniclus|90/100 par|[from] item: Leftovers
|upkeep
|turn|68
|
|t:|1667190131
|cant|p2a: Reptar|par
|cant|p1a: Reuniclus|par
|
|-weather|none
|-heal|p1a: Reuniclus|96/100 par|[from] item: Leftovers
|upkeep
|turn|69
|
|t:|1667190136
|move|p2a: Reptar|Rock Blast|p1a: Reuniclus
|-damage|p1a: Reuniclus|88/100 par
|-damage|p1a: Reuniclus|80/100 par
|-damage|p1a: Reuniclus|72/100 par
|-hitcount|p1a: Reuniclus|3
|cant|p1a: Reuniclus|par
|
|-heal|p1a: Reuniclus|78/100 par|[from] item: Leftovers
|upkeep
|turn|70
|
|t:|1667190142
|switch|p2a: Simba|Landorus-Therian, M|84/100
|-ability|p2a: Simba|Intimidate|boost
|-unboost|p1a: Reuniclus|atk|1
|move|p1a: Reuniclus|Recover|p1a: Reuniclus
|-heal|p1a: Reuniclus|100/100 par
|
|upkeep
|turn|71
|
|t:|1667190150
|move|p2a: Simba|Knock Off|p1a: Reuniclus
|-supereffective|p1a: Reuniclus
|-damage|p1a: Reuniclus|50/100 par
|-enditem|p1a: Reuniclus|Leftovers|[from] move: Knock Off|[of] p2a: Simba
|move|p1a: Reuniclus|Recover|p1a: Reuniclus
|-heal|p1a: Reuniclus|99/100 par
|
|upkeep
|turn|72
|inactive|ChandosH has 120 seconds left.
|c|☆Steez Ibanez|You play as slow as gen5 players too btw
|
|t:|1667190197
|move|p2a: Simba|Knock Off|p1a: Reuniclus
|-supereffective|p1a: Reuniclus
|-damage|p1a: Reuniclus|65/100 par
|move|p1a: Reuniclus|Psyshock|p2a: Simba
|-damage|p2a: Simba|0 fnt
|faint|p2a: Simba
|
|upkeep
|
|t:|1667190203
|switch|p2a: Reptar|Tyranitar, M|76/100 par
|-weather|Sandstorm|[from] ability: Sand Stream|[of] p2a: Reptar
|turn|73
|
|t:|1667190206
|move|p2a: Reptar|Rock Blast|p1a: Reuniclus
|-damage|p1a: Reuniclus|57/100 par
|-damage|p1a: Reuniclus|48/100 par
|-damage|p1a: Reuniclus|39/100 par
|-hitcount|p1a: Reuniclus|3
|move|p1a: Reuniclus|Recover|p1a: Reuniclus
|-heal|p1a: Reuniclus|89/100 par
|
|-weather|Sandstorm|[upkeep]
|upkeep
|turn|74
|
|t:|1667190213
|move|p2a: Reptar|Rock Blast|p1a: Reuniclus
|-damage|p1a: Reuniclus|82/100 par
|-damage|p1a: Reuniclus|74/100 par
|-hitcount|p1a: Reuniclus|2
|cant|p1a: Reuniclus|par
|
|-weather|Sandstorm|[upkeep]
|upkeep
|turn|75
|
|t:|1667190219
|move|p2a: Reptar|Rock Blast|p1a: Reuniclus
|-damage|p1a: Reuniclus|65/100 par
|-damage|p1a: Reuniclus|57/100 par
|-damage|p1a: Reuniclus|48/100 par
|-damage|p1a: Reuniclus|40/100 par
|-damage|p1a: Reuniclus|31/100 par
|-hitcount|p1a: Reuniclus|5
|move|p1a: Reuniclus|Recover|p1a: Reuniclus
|-heal|p1a: Reuniclus|81/100 par
|
|-weather|Sandstorm|[upkeep]
|upkeep
|turn|76
|l| Tegalik
|
|t:|1667190237
|move|p2a: Reptar|Rock Blast|p1a: Reuniclus|[miss]
|-miss|p2a: Reptar|p1a: Reuniclus
|move|p1a: Reuniclus|Recover|p1a: Reuniclus
|-heal|p1a: Reuniclus|100/100 par
|
|-weather|Sandstorm|[upkeep]
|upkeep
|turn|77
|inactive|ChandosH has 120 seconds left.
|l| You leaking
|
|t:|1667190262
|cant|p2a: Reptar|par
|cant|p1a: Reuniclus|par
|
|-weather|none
|upkeep
|turn|78
|
|t:|1667190267
|move|p2a: Reptar|Rock Blast|p1a: Reuniclus|[miss]
|-miss|p2a: Reptar|p1a: Reuniclus
|move|p1a: Reuniclus|Calm Mind|p1a: Reuniclus
|-boost|p1a: Reuniclus|spa|1
|-boost|p1a: Reuniclus|spd|1
|
|upkeep
|turn|79
|
|t:|1667190273
|cant|p2a: Reptar|par
|cant|p1a: Reuniclus|par
|
|upkeep
|turn|80
|inactive|Steez Ibanez has 120 seconds left.
|l| Waziao
|
|t:|1667190313
|move|p2a: Reptar|Rock Blast|p1a: Reuniclus
|-damage|p1a: Reuniclus|93/100 par
|-damage|p1a: Reuniclus|84/100 par
|-damage|p1a: Reuniclus|76/100 par
|-damage|p1a: Reuniclus|68/100 par
|-damage|p1a: Reuniclus|59/100 par
|-hitcount|p1a: Reuniclus|5
|cant|p1a: Reuniclus|par
|
|upkeep
|turn|81
|
|t:|1667190324
|move|p2a: Reptar|Rock Blast|p1a: Reuniclus
|-damage|p1a: Reuniclus|51/100 par
|-damage|p1a: Reuniclus|42/100 par
|-damage|p1a: Reuniclus|34/100 par
|-damage|p1a: Reuniclus|26/100 par
|-hitcount|p1a: Reuniclus|4
|move|p1a: Reuniclus|Recover|p1a: Reuniclus
|-heal|p1a: Reuniclus|76/100 par
|
|upkeep
|turn|82
|
|t:|1667190333
|move|p2a: Reptar|Rock Blast|p1a: Reuniclus
|-damage|p1a: Reuniclus|67/100 par
|-damage|p1a: Reuniclus|59/100 par
|-damage|p1a: Reuniclus|50/100 par
|-hitcount|p1a: Reuniclus|3
|move|p1a: Reuniclus|Recover|p1a: Reuniclus
|-heal|p1a: Reuniclus|100/100 par
|
|upkeep
|turn|83
|
|t:|1667190338
|cant|p2a: Reptar|par
|move|p1a: Reuniclus|Thunder|p2a: Reptar
|-damage|p2a: Reptar|21/100 par
|
|upkeep
|turn|84
|j| Ctannn
|
|t:|1667190347
|cant|p2a: Reptar|par
|move|p1a: Reuniclus|Thunder|p2a: Reptar
|-damage|p2a: Reptar|0 fnt
|faint|p2a: Reptar
|
|upkeep
|j| Tegalik
|
|t:|1667190349
|switch|p2a: Samehada|Garchomp, M|100/100
|-damage|p2a: Samehada|76/100|[from] Spikes
|turn|85
|
|t:|1667190358
|move|p2a: Samehada|Swords Dance|p2a: Samehada
|-boost|p2a: Samehada|atk|2
|cant|p1a: Reuniclus|par
|
|-heal|p2a: Samehada|82/100|[from] item: Leftovers
|upkeep
|turn|86
|c|☆ChandosH|...
|
|t:|1667190369
|move|p2a: Samehada|Earthquake|p1a: Reuniclus
|-damage|p1a: Reuniclus|23/100 par
|move|p1a: Reuniclus|Psyshock|p2a: Samehada
|-damage|p2a: Samehada|0 fnt
|faint|p2a: Samehada
|
|upkeep
|
|t:|1667190372
|switch|p2a: Susano'o|Volcarona, M|90/100
|-damage|p2a: Susano'o|65/100|[from] Spikes
|turn|87
|
|t:|1667190376
|move|p2a: Susano'o|Flamethrower|p1a: Reuniclus
|-damage|p1a: Reuniclus|10/100 par
|cant|p1a: Reuniclus|par
|
|upkeep
|turn|88
|c|☆ChandosH|Why
|
|t:|1667190384
|move|p2a: Susano'o|Flamethrower|p1a: Reuniclus
|-damage|p1a: Reuniclus|0 fnt
|faint|p1a: Reuniclus
|
|upkeep
|j| DarkRinoRex
|j| ignor1ngU
|inactive|ChandosH has 120 seconds left.
|j| gare23limit
|
|t:|1667190418
|switch|p1a: Tapu Koko|Tapu Koko|66/100
|-fieldstart|move: Electric Terrain|[from] ability: Electric Surge|[of] p1a: Tapu Koko
|turn|89
|
|t:|1667190426
|move|p1a: Tapu Koko|Thunderbolt|p2a: Susano'o
|-damage|p2a: Susano'o|22/100
|-status|p2a: Susano'o|par
|move|p2a: Susano'o|Quiver Dance|p2a: Susano'o
|-boost|p2a: Susano'o|spa|1
|-boost|p2a: Susano'o|spd|1
|-boost|p2a: Susano'o|spe|1
|
|upkeep
|turn|90
|
|t:|1667190430
|move|p1a: Tapu Koko|Thunderbolt|p2a: Susano'o
|-damage|p2a: Susano'o|0 fnt
|faint|p2a: Susano'o
|
|upkeep
|c|☆ChandosH|Nice
|-message|Steez Ibanez forfeited.
|
|win|ChandosH
|raw|ChandosH's rating: 1771 &rarr; <strong>1793</strong><br />(+22 for winning)
|raw|Steez Ibanez's rating: 1807 &rarr; <strong>1785</strong><br />(-22 for losing)
|l|☆Steez Ibanez
|l| DarkRinoRex
|c|☆ChandosH|this match had way too much rng lmao
