|j|☆Oryen
|j|☆hpl12345
|inactive|Battle timer is ON: inactive players will automatically lose when time's up.
|t:|1656017871
|gametype|singles
|player|p1|Oryen|bruno-gen1|
|player|p2|hpl12345|169|
|teamsize|p1|2
|teamsize|p2|2
|gen|8
|tier|[Gen 8] OU
|rated|Tournament battle
|rule|Sleep Clause Mod: Limit one foe put to sleep
|rule|Species Clause: Limit one of each Pokémon
|rule|OHKO Clause: OHKO moves are banned
|rule|Evasion Moves Clause: Evasion moves are banned
|rule|Endless Battle Clause: Forcing endless battles is banned
|rule|HP Percentage Mod: HP is shown in percentages
|rule|Dynamax Clause: You cannot dynamax
|clearpoke
|poke|p1|Dragonite, F|
|poke|p1|Grimmsnarl, M|
|poke|p2|Gurdurr, M|
|poke|p2|Ninetales, F|
|teampreview
|j|*Lady Monita ☀
|j|^sundays.n_sundaes@!
|c|☆Oryen|hf
|
|t:|1656017883
|start
|switch|p1a: Grimmsnarl|Grimmsnarl, M|100/100
|switch|p2a: Gurdurr|Gurdurr, M|100/100
|turn|1
|
|t:|1656017887
|move|p1a: Grimmsnarl|Spirit Break|p2a: Gurdurr
|-supereffective|p2a: Gurdurr
|-damage|p2a: Gurdurr|42/100
|-unboost|p2a: Gurdurr|spa|1
|move|p2a: Gurdurr|Poison Jab|p1a: Grimmsnarl
|-supereffective|p1a: Grimmsnarl
|-damage|p1a: Grimmsnarl|32/100
|
|upkeep
|turn|2
|j| themagicalone
|
|t:|1656017900
|move|p1a: Grimmsnarl|Reflect|p1a: Grimmsnarl
|-sidestart|p1: Oryen|Reflect
|move|p2a: Gurdurr|Mach Punch|p1a: Grimmsnarl
|-damage|p1a: Grimmsnarl|15/100
|
|upkeep
|turn|3
|l| themagicalone
|j| Maremmoide
|
|t:|1656017904
|move|p1a: Grimmsnarl|Light Screen|p1a: Grimmsnarl
|-sidestart|p1: Oryen|move: Light Screen
|move|p2a: Gurdurr|Mach Punch|p1a: Grimmsnarl
|-damage|p1a: Grimmsnarl|0 fnt
|faint|p1a: Grimmsnarl
|
|upkeep
|j| themagicalone
|
|t:|1656017907
|switch|p1a: Dragonite|Dragonite, F|100/100
|turn|4
|
|t:|1656017913
|move|p1a: Dragonite|Dragon Dance|p1a: Dragonite
|-boost|p1a: Dragonite|atk|1
|-boost|p1a: Dragonite|spe|1
|move|p2a: Gurdurr|Knock Off|p1a: Dragonite
|-damage|p1a: Dragonite|92/100
|-enditem|p1a: Dragonite|Heavy-Duty Boots|[from] move: Knock Off|[of] p2a: Gurdurr
|
|upkeep
|turn|5
|j| Hell_Akku
|j| Ggreaddy
|l| themagicalone
|
|t:|1656017927
|move|p1a: Dragonite|Dragon Dance|p1a: Dragonite
|-boost|p1a: Dragonite|atk|1
|-boost|p1a: Dragonite|spe|1
|move|p2a: Gurdurr|Poison Jab|p1a: Dragonite
|-damage|p1a: Dragonite|78/100
|-status|p1a: Dragonite|psn
|
|-damage|p1a: Dragonite|66/100 psn|[from] psn
|upkeep
|turn|6
|
|t:|1656017935
|move|p2a: Gurdurr|Mach Punch|p1a: Dragonite
|-resisted|p1a: Dragonite
|-damage|p1a: Dragonite|59/100 psn
|move|p1a: Dragonite|Roost|p1a: Dragonite
|-heal|p1a: Dragonite|100/100 psn
|-singleturn|p1a: Dragonite|move: Roost
|
|-damage|p1a: Dragonite|88/100 psn|[from] psn
|upkeep
|turn|7
|
|t:|1656017939
|move|p1a: Dragonite|Earthquake|p2a: Gurdurr
|-damage|p2a: Gurdurr|0 fnt
|faint|p2a: Gurdurr
|
|-damage|p1a: Dragonite|76/100 psn|[from] psn
|upkeep
|
|t:|1656017942
|switch|p2a: Ninetales|Ninetales, F|100/100
|-weather|SunnyDay|[from] ability: Drought|[of] p2a: Ninetales
|turn|8
|c|☆Oryen|gg
|l| Ggreaddy
|
|t:|1656017949
|move|p1a: Dragonite|Earthquake|p2a: Ninetales
|-supereffective|p2a: Ninetales
|-damage|p2a: Ninetales|0 fnt
|faint|p2a: Ninetales
|
|win|Oryen
|n|☆Oryen|oryen
|n|☆hpl12345|hpl12345
|n|*Lady Monita ☀|ladymonita
|n| sundays.n_sundaes@!|sundaysnsundaes
|n| Maremmoide|maremmoide
|n| Hell_Akku|hellakku
