|j|☆Edsthebest1
|j|☆NeoNaruto®++
|t:|1662091478
|gametype|singles
|player|p1|Edsthebest1|blackbelt|1524
|player|p2|NeoNaruto®++|burglar-gen1rb|1737
|teamsize|p1|6
|teamsize|p2|6
|gen|8
|tier|[Gen 8] OU
|rated|
|rule|Sleep Clause Mod: Limit one foe put to sleep
|rule|Species Clause: Limit one of each Pokémon
|rule|OHKO Clause: OHKO moves are banned
|rule|Evasion Items Clause: Evasion items are banned
|rule|Evasion Moves Clause: Evasion moves are banned
|rule|Endless Battle Clause: Forcing endless battles is banned
|rule|HP Percentage Mod: HP is shown in percentages
|rule|Dynamax Clause: You cannot dynamax
|clearpoke
|poke|p1|Chansey, F|
|poke|p1|Slowbro, F|
|poke|p1|Centiskorch, F|
|poke|p1|Nidoking, M|
|poke|p1|Corviknight, F|
|poke|p1|Weavile, F|
|poke|p2|Landorus-Therian, M|
|poke|p2|Ferrothorn, M|
|poke|p2|Tapu Koko|
|poke|p2|Dragonite, F|
|poke|p2|Darmanitan, F|
|poke|p2|Tyranitar, F|
|teampreview
|inactive|Battle timer is ON: inactive players will automatically lose when time's up. (requested by NeoNaruto®++)
|inactive|NeoNaruto®++ has 120 seconds left.
|
|t:|1662091537
|start
|switch|p1a: Centiskorch|Centiskorch, F|100/100
|switch|p2a: Bernie Landers|Landorus-Therian, M|100/100
|-ability|p2a: Bernie Landers|Intimidate|boost
|-unboost|p1a: Centiskorch|atk|1
|turn|1
|
|t:|1662091542
|move|p2a: Bernie Landers|Stealth Rock|p1a: Centiskorch
|-sidestart|p1: Edsthebest1|move: Stealth Rock
|move|p1a: Centiskorch|Knock Off|p2a: Bernie Landers
|-damage|p2a: Bernie Landers|85/100
|-damage|p1a: Centiskorch|84/100|[from] item: Rocky Helmet|[of] p2a: Bernie Landers
|-enditem|p2a: Bernie Landers|Rocky Helmet|[from] move: Knock Off|[of] p1a: Centiskorch
|
|upkeep
|turn|2
|
|t:|1662091546
|switch|p1a: Corviknight|Corviknight, F|100/100
|-damage|p1a: Corviknight|88/100|[from] Stealth Rock
|-ability|p1a: Corviknight|Pressure
|move|p2a: Bernie Landers|Knock Off|p1a: Corviknight
|-damage|p1a: Corviknight|71/100
|-damage|p2a: Bernie Landers|69/100|[from] item: Rocky Helmet|[of] p1a: Corviknight
|-enditem|p1a: Corviknight|Rocky Helmet|[from] move: Knock Off|[of] p2a: Bernie Landers
|
|upkeep
|turn|3
|
|t:|1662091554
|move|p2a: Bernie Landers|Stealth Rock||[still]
|-fail|p2a: Bernie Landers
|move|p1a: Corviknight|Defog|p2a: Bernie Landers
|-unboost|p2a: Bernie Landers|evasion|1
|-sideend|p1: Edsthebest1|Stealth Rock|[from] move: Defog|[of] p1a: Corviknight
|
|upkeep
|turn|4
|
|t:|1662091558
|move|p2a: Bernie Landers|Stealth Rock|p1a: Corviknight
|-sidestart|p1: Edsthebest1|move: Stealth Rock
|move|p1a: Corviknight|Brave Bird|p2a: Bernie Landers
|-damage|p2a: Bernie Landers|45/100
|-damage|p1a: Corviknight|64/100|[from] Recoil
|
|upkeep
|turn|5
|
|t:|1662091566
|move|p2a: Bernie Landers|U-turn|p1a: Corviknight
|-resisted|p1a: Corviknight
|-damage|p1a: Corviknight|61/100
|
|t:|1662091569
|switch|p2a: PURRP FOR SALE|Darmanitan, F|100/100|[from]move: U-turn
|move|p1a: Corviknight|Defog|p2a: PURRP FOR SALE
|-unboost|p2a: PURRP FOR SALE|evasion|1
|-sideend|p1: Edsthebest1|Stealth Rock|[from] move: Defog|[of] p1a: Corviknight
|
|upkeep
|turn|6
|
|t:|1662091572
|switch|p1a: Slowbro|Slowbro, F|100/100
|move|p2a: PURRP FOR SALE|Earthquake|p1a: Slowbro
|-damage|p1a: Slowbro|65/100
|
|upkeep
|turn|7
|
|t:|1662091576
|switch|p2a: RX PAPi|Ferrothorn, M|100/100
|move|p1a: Slowbro|Scald|p2a: RX PAPi
|-resisted|p2a: RX PAPi
|-damage|p2a: RX PAPi|89/100
|
|upkeep
|turn|8
|
|t:|1662091583
|switch|p1a: Centiskorch|Centiskorch, F|84/100
|move|p2a: RX PAPi|Leech Seed|p1a: Centiskorch
|-start|p1a: Centiskorch|move: Leech Seed
|
|-damage|p1a: Centiskorch|71/100|[from] Leech Seed|[of] p2a: RX PAPi
|-heal|p2a: RX PAPi|100/100|[silent]
|upkeep
|turn|9
|
|t:|1662091592
|move|p2a: RX PAPi|Protect|p2a: RX PAPi
|-singleturn|p2a: RX PAPi|Protect
|move|p1a: Centiskorch|Fire Lash|p2a: RX PAPi
|-activate|p2a: RX PAPi|move: Protect
|
|-damage|p1a: Centiskorch|59/100|[from] Leech Seed|[of] p2a: RX PAPi
|upkeep
|turn|10
|
|t:|1662091596
|switch|p2a: Bernie Landers|Landorus-Therian, M|45/100
|-ability|p2a: Bernie Landers|Intimidate|boost
|-unboost|p1a: Centiskorch|atk|1
|move|p1a: Centiskorch|Fire Lash|p2a: Bernie Landers
|-damage|p2a: Bernie Landers|27/100
|-unboost|p2a: Bernie Landers|def|1
|
|-damage|p1a: Centiskorch|47/100|[from] Leech Seed|[of] p2a: Bernie Landers
|-heal|p2a: Bernie Landers|40/100|[silent]
|upkeep
|turn|11
|
|t:|1662091606
|move|p2a: Bernie Landers|U-turn|p1a: Centiskorch
|-resisted|p1a: Centiskorch
|-damage|p1a: Centiskorch|33/100
|
|t:|1662091610
|switch|p2a: DA LAST REX(3005)|Tyranitar, F|100/100|[from]move: U-turn
|-weather|Sandstorm|[from] ability: Sand Stream|[of] p2a: DA LAST REX(3005)
|move|p1a: Centiskorch|Fire Lash|p2a: DA LAST REX(3005)
|-resisted|p2a: DA LAST REX(3005)
|-damage|p2a: DA LAST REX(3005)|88/100
|-unboost|p2a: DA LAST REX(3005)|def|1
|
|-weather|Sandstorm|[upkeep]
|-damage|p1a: Centiskorch|26/100|[from] Sandstorm
|-damage|p1a: Centiskorch|14/100|[from] Leech Seed|[of] p2a: DA LAST REX(3005)
|-heal|p2a: DA LAST REX(3005)|100/100|[silent]
|upkeep
|turn|12
|
|t:|1662091616
|switch|p2a: Bernie Landers|Landorus-Therian, M|40/100
|-ability|p2a: Bernie Landers|Intimidate|boost
|-unboost|p1a: Centiskorch|atk|1
|move|p1a: Centiskorch|Leech Life|p2a: Bernie Landers
|-resisted|p2a: Bernie Landers
|-damage|p2a: Bernie Landers|33/100
|-heal|p1a: Centiskorch|17/100|[from] drain|[of] p2a: Bernie Landers
|
|-weather|Sandstorm|[upkeep]
|-damage|p1a: Centiskorch|11/100|[from] Sandstorm
|-damage|p1a: Centiskorch|0 fnt|[from] Leech Seed|[of] p2a: Bernie Landers
|-heal|p2a: Bernie Landers|44/100|[silent]
|faint|p1a: Centiskorch
|upkeep
|
|t:|1662091624
|switch|p1a: Weavile|Weavile, F|100/100
|-ability|p1a: Weavile|Pressure
|turn|13
|
|t:|1662091630
|switch|p2a: RX PAPi|Ferrothorn, M|100/100
|move|p1a: Weavile|Triple Axel|p2a: RX PAPi
|-damage|p2a: RX PAPi|95/100
|-damage|p1a: Weavile|88/100|[from] ability: Iron Barbs|[of] p2a: RX PAPi
|-damage|p1a: Weavile|72/100|[from] item: Rocky Helmet|[of] p2a: RX PAPi
|-damage|p2a: RX PAPi|83/100
|-damage|p1a: Weavile|59/100|[from] ability: Iron Barbs|[of] p2a: RX PAPi
|-damage|p1a: Weavile|43/100|[from] item: Rocky Helmet|[of] p2a: RX PAPi
|-damage|p2a: RX PAPi|66/100
|-damage|p1a: Weavile|30/100|[from] ability: Iron Barbs|[of] p2a: RX PAPi
|-damage|p1a: Weavile|14/100|[from] item: Rocky Helmet|[of] p2a: RX PAPi
|-hitcount|p2a: RX PAPi|3
|
|-weather|Sandstorm|[upkeep]
|-damage|p1a: Weavile|8/100|[from] Sandstorm
|upkeep
|turn|14
|c|☆Edsthebest1|U gay
|l|☆Edsthebest1
|inactive|Edsthebest1 disconnected and has a minute to reconnect!
|player|p1|
|inactive|Edsthebest1 has 30 seconds to reconnect!
|inactive|Edsthebest1 has 20 seconds to reconnect!
|inactive|Edsthebest1 has 15 seconds to reconnect!
|inactive|Edsthebest1 has 10 seconds to reconnect!
|inactive|Edsthebest1 has 5 seconds to reconnect!
|-message|Edsthebest1 lost due to inactivity.
|
|win|NeoNaruto®++
|raw|Edsthebest1's rating: 1524 &rarr; <strong>1515</strong><br />(-9 for losing)
|raw|NeoNaruto®++'s rating: 1737 &rarr; <strong>1746</strong><br />(+9 for winning)
||Ladder isn't responding, score probably updated but might not have (Request timeout).
