|html|<div class="broadcast-blue"><strong>[Gen 8] OU is currently suspecting Melmetal! For information on how to participate check out the <a href="https://www.smogon.com/forums/threads/np-ss-ou-suspect-process-round-12-monster-mash.3709234/">suspect thread</a>.</strong></div>
|j|☆etc etc etc etc
|j|☆Steez Ibanez
|t:|1665816145
|gametype|singles
|player|p1|etc etc etc etc|pokemaniac|1676
|player|p2|Steez Ibanez|acetrainer-gen7|1756
|teamsize|p1|6
|teamsize|p2|6
|gen|8
|tier|[Gen 8] OU
|rated|
|rule|Sleep Clause Mod: Limit one foe put to sleep
|rule|Species Clause: Limit one of each Pokémon
|rule|OHKO Clause: OHKO moves are banned
|rule|Evasion Items Clause: Evasion items are banned
|rule|Evasion Moves Clause: Evasion moves are banned
|rule|Endless Battle Clause: Forcing endless battles is banned
|rule|HP Percentage Mod: HP is shown in percentages
|rule|Dynamax Clause: You cannot dynamax
|clearpoke
|poke|p1|Dragapult, M|
|poke|p1|Urshifu-*, F|
|poke|p1|Tapu Lele|
|poke|p1|Landorus-Therian, M|
|poke|p1|Zapdos|
|poke|p1|Melmetal|
|poke|p2|Marowak-Alola, M|
|poke|p2|Porygon2|
|poke|p2|Melmetal|
|poke|p2|Hatterene, F|
|poke|p2|Ferrothorn, M|
|poke|p2|Cresselia, F|
|teampreview
|
|t:|1665816168
|start
|switch|p1a: Landorus|Landorus-Therian, M|100/100
|switch|p2a: Windows XP|Porygon2|100/100
|-ability|p1a: Landorus|Intimidate|boost
|-unboost|p2a: Windows XP|atk|1
|-ability|p2a: Windows XP|Intimidate|[from] ability: Trace|[of] p1a: Landorus
|-ability|p2a: Windows XP|Intimidate|boost
|-unboost|p1a: Landorus|atk|1
|turn|1
|
|t:|1665816178
|switch|p2a: Abomination|Ferrothorn, M|100/100
|move|p1a: Landorus|Knock Off|p2a: Abomination
|-damage|p2a: Abomination|89/100
|-damage|p1a: Landorus|88/100|[from] ability: Iron Barbs|[of] p2a: Abomination
|-damage|p1a: Landorus|72/100|[from] item: Rocky Helmet|[of] p2a: Abomination
|-enditem|p2a: Abomination|Rocky Helmet|[from] move: Knock Off|[of] p1a: Landorus
|
|-heal|p1a: Landorus|78/100|[from] item: Leftovers
|upkeep
|turn|2
|j| mux stall heh
|
|t:|1665816192
|switch|p1a: Zapdos|Zapdos|100/100
|move|p2a: Abomination|Stealth Rock|p1a: Zapdos
|-sidestart|p1: etc etc etc etc|move: Stealth Rock
|
|upkeep
|turn|3
|j| Lord Sodium
|
|t:|1665816197
|switch|p2a: Sozen|Marowak-Alola, M|100/100
|move|p1a: Zapdos|Defog|p2a: Sozen
|-unboost|p2a: Sozen|evasion|1
|-sideend|p1: etc etc etc etc|Stealth Rock|[from] move: Defog|[of] p1a: Zapdos
|
|upkeep
|turn|4
|
|t:|1665816202
|move|p1a: Zapdos|Hurricane|p2a: Sozen
|-damage|p2a: Sozen|35/100
|-start|p2a: Sozen|confusion
|-activate|p2a: Sozen|confusion
|move|p2a: Sozen|Poltergeist|p1a: Zapdos
|-activate|p1a: Zapdos|move: Poltergeist|Heavy-Duty Boots
|-crit|p1a: Zapdos
|-damage|p1a: Zapdos|0 fnt
|faint|p1a: Zapdos
|
|upkeep
|j| fork gaming
|
|t:|1665816228
|switch|p1a: Dragapult|Dragapult, M|100/100
|turn|5
|
|t:|1665816232
|switch|p2a: Abomination|Ferrothorn, M|89/100
|move|p1a: Dragapult|Draco Meteor|p2a: Abomination
|-resisted|p2a: Abomination
|-damage|p2a: Abomination|47/100
|-unboost|p1a: Dragapult|spa|2
|
|upkeep
|turn|6
|
|t:|1665816240
|switch|p1a: Urshifu|Urshifu-Rapid-Strike, F|100/100
|move|p2a: Abomination|Stealth Rock|p1a: Urshifu
|-sidestart|p1: etc etc etc etc|move: Stealth Rock
|
|upkeep
|turn|7
|
|t:|1665816248
|move|p1a: Urshifu|U-turn|p2a: Abomination
|-damage|p2a: Abomination|25/100
|-damage|p1a: Urshifu|88/100|[from] ability: Iron Barbs|[of] p2a: Abomination
|
|t:|1665816254
|switch|p1a: Melmetal|Melmetal|100/100|[from]move: U-turn
|-damage|p1a: Melmetal|94/100|[from] Stealth Rock
|move|p2a: Abomination|Power Whip|p1a: Melmetal
|-resisted|p1a: Melmetal
|-crit|p1a: Melmetal
|-damage|p1a: Melmetal|77/100
|
|-heal|p1a: Melmetal|83/100|[from] item: Leftovers
|upkeep
|turn|8
|
|t:|1665816259
|move|p1a: Melmetal|Earthquake|p2a: Abomination
|-damage|p2a: Abomination|0 fnt
|faint|p2a: Abomination
|
|-heal|p1a: Melmetal|89/100|[from] item: Leftovers
|upkeep
|
|t:|1665816263
|switch|p2a: Sozen|Marowak-Alola, M|35/100
|turn|9
|
|t:|1665816271
|move|p1a: Melmetal|Protect|p1a: Melmetal
|-singleturn|p1a: Melmetal|Protect
|move|p2a: Sozen|Flare Blitz|p1a: Melmetal
|-activate|p1a: Melmetal|move: Protect
|
|-heal|p1a: Melmetal|95/100|[from] item: Leftovers
|upkeep
|turn|10
|
|t:|1665816279
|switch|p1a: Landorus|Landorus-Therian, M|78/100
|-damage|p1a: Landorus|65/100|[from] Stealth Rock
|-ability|p1a: Landorus|Intimidate|boost
|-unboost|p2a: Sozen|atk|1
|move|p2a: Sozen|Poltergeist|p1a: Landorus
|-activate|p1a: Landorus|move: Poltergeist|Leftovers
|-damage|p1a: Landorus|5/100
|
|-heal|p1a: Landorus|11/100|[from] item: Leftovers
|upkeep
|turn|11
|
|t:|1665816288
|switch|p2a: Lady Death|Hatterene, F|100/100
|move|p1a: Landorus|Knock Off|p2a: Lady Death
|-damage|p2a: Lady Death|66/100
|-enditem|p2a: Lady Death|Focus Sash|[from] move: Knock Off|[of] p1a: Landorus
|
|-heal|p1a: Landorus|17/100|[from] item: Leftovers
|upkeep
|turn|12
|
|t:|1665816298
|move|p1a: Landorus|U-turn|p2a: Lady Death
|-damage|p2a: Lady Death|40/100
|
|t:|1665816300
|switch|p1a: Melmetal|Melmetal|95/100|[from]move: U-turn
|-damage|p1a: Melmetal|89/100|[from] Stealth Rock
|move|p2a: Lady Death|Trick Room|p2a: Lady Death
|-fieldstart|move: Trick Room|[of] p2a: Lady Death
|
|-heal|p1a: Melmetal|95/100|[from] item: Leftovers
|upkeep
|turn|13
|
|t:|1665816309
|move|p1a: Melmetal|Protect|p1a: Melmetal
|-singleturn|p1a: Melmetal|Protect
|move|p2a: Lady Death|Healing Wish|p2a: Lady Death
|faint|p2a: Lady Death
|
|-heal|p1a: Melmetal|100/100|[from] item: Leftovers
|upkeep
|
|t:|1665816311
|switch|p2a: Sozen|Marowak-Alola, M|35/100
|-heal|p2a: Sozen|100/100|[from] move: Healing Wish
|turn|14
|
|t:|1665816321
|switch|p1a: Landorus|Landorus-Therian, M|17/100
|-damage|p1a: Landorus|5/100|[from] Stealth Rock
|-ability|p1a: Landorus|Intimidate|boost
|-unboost|p2a: Sozen|atk|1
|move|p2a: Sozen|Swords Dance|p2a: Sozen
|-boost|p2a: Sozen|atk|2
|
|-heal|p1a: Landorus|11/100|[from] item: Leftovers
|upkeep
|turn|15
|
|t:|1665816338
|switch|p1a: Tapu Lele|Tapu Lele|100/100
|-damage|p1a: Tapu Lele|88/100|[from] Stealth Rock
|-fieldstart|move: Psychic Terrain|[from] ability: Psychic Surge|[of] p1a: Tapu Lele
|move|p2a: Sozen|Flare Blitz|p1a: Tapu Lele
|-damage|p1a: Tapu Lele|0 fnt
|faint|p1a: Tapu Lele
|-damage|p2a: Sozen|75/100|[from] Recoil
|
|upkeep
|
|t:|1665816346
|switch|p1a: Melmetal|Melmetal|100/100
|-damage|p1a: Melmetal|94/100|[from] Stealth Rock
|turn|16
|
|t:|1665816391
|move|p1a: Melmetal|Protect|p1a: Melmetal
|-singleturn|p1a: Melmetal|Protect
|move|p2a: Sozen|Flare Blitz|p1a: Melmetal
|-activate|p1a: Melmetal|move: Protect
|
|-heal|p1a: Melmetal|100/100|[from] item: Leftovers
|-fieldend|move: Trick Room
|upkeep
|turn|17
|
|t:|1665816397
|move|p2a: Sozen|Flare Blitz|p1a: Melmetal
|-supereffective|p1a: Melmetal
|-damage|p1a: Melmetal|0 fnt
|faint|p1a: Melmetal
|-damage|p2a: Sozen|33/100|[from] Recoil
|
|upkeep
|
|t:|1665816404
|switch|p1a: Urshifu|Urshifu-Rapid-Strike, F|88/100
|-damage|p1a: Urshifu|82/100|[from] Stealth Rock
|turn|18
|
|t:|1665816431
|move|p1a: Urshifu|Surging Strikes|p2a: Sozen
|-supereffective|p2a: Sozen
|-crit|p2a: Sozen
|-damage|p2a: Sozen|0 fnt
|faint|p2a: Sozen
|-hitcount|p2: Sozen|1
|
|upkeep
|
|t:|1665816433
|switch|p2a: Cresselia|Cresselia, F|100/100
|turn|19
|
|t:|1665816436
|move|p1a: Urshifu|Surging Strikes|p2a: Cresselia
|-crit|p2a: Cresselia
|-damage|p2a: Cresselia|84/100
|-crit|p2a: Cresselia
|-damage|p2a: Cresselia|68/100
|-crit|p2a: Cresselia
|-damage|p2a: Cresselia|52/100
|-hitcount|p2a: Cresselia|3
|move|p2a: Cresselia|Trick Room|p2a: Cresselia
|-fieldstart|move: Trick Room|[of] p2a: Cresselia
|
|-fieldend|move: Psychic Terrain
|upkeep
|turn|20
|
|t:|1665816446
|switch|p1a: Dragapult|Dragapult, M|100/100
|-damage|p1a: Dragapult|88/100|[from] Stealth Rock
|move|p2a: Cresselia|Moonblast|p1a: Dragapult
|-supereffective|p1a: Dragapult
|-damage|p1a: Dragapult|42/100
|
|upkeep
|turn|21
|-message|etc etc etc etc forfeited.
|
|win|Steez Ibanez
|raw|etc etc etc etc's rating: 1676 &rarr; <strong>1660</strong><br />(-16 for losing)
|raw|Steez Ibanez's rating: 1739 &rarr; <strong>1755</strong><br />(+16 for winning)
|l|☆etc etc etc etc
