|html|<div class="broadcast-blue"><strong>[Gen 8] OU is currently suspecting Kyurem! For information on how to participate check out the <a href="https://www.smogon.com/forums/threads/np-ss-ou-suspect-process-round-11-break-the-ice.3694129/">suspect thread</a>.</strong></div>
|j|☆gewwge
|j|☆VirginJimmy99
|inactive|Battle timer is ON: inactive players will automatically lose when time's up.
|t:|1638761579
|gametype|singles
|player|p1|gewwge|nate|
|player|p2|VirginJimmy99|rocketgrunt|
|teamsize|p1|6
|teamsize|p2|6
|gen|8
|tier|[Gen 8] OU
|rated|Tournament battle
|rule|Sleep Clause Mod: Limit one foe put to sleep
|rule|Species Clause: Limit one of each Pokémon
|rule|OHKO Clause: OHKO moves are banned
|rule|Evasion Moves Clause: Evasion moves are banned
|rule|Endless Battle Clause: Forcing endless battles is banned
|rule|HP Percentage Mod: HP is shown in percentages
|rule|Dynamax Clause: You cannot dynamax
|clearpoke
|poke|p1|Landorus-Therian, M|
|poke|p1|Skarmory, M|
|poke|p1|Heatran, M|
|poke|p1|Rotom-Wash|
|poke|p1|Tapu Lele|
|poke|p1|Dragapult, M|
|poke|p2|Thievul, M|
|poke|p2|Tapu Lele|
|poke|p2|Alakazam, M|
|poke|p2|Landorus-Therian, M|
|poke|p2|Ferrothorn, F|
|poke|p2|Regidrago|
|teampreview
|c|☆gewwge|all hf
|j| Bsuuuu
|j| Serp IV
|j| NoTollsNoRolls
|c|☆VirginJimmy99|u2
|j| Stunfisk2140
|c|☆gewwge|lose in the final is my destiny lol
|c| Stunfisk2140|WIN THIS
|j| agentkeval01
|l| agentkeval01
|c| Stunfisk2140|dang
|
|t:|1638761607
|start
|switch|p1a: Rotom|Rotom-Wash, shiny|100/100
|switch|p2a: Landorus|Landorus-Therian, M|100/100
|-ability|p2a: Landorus|Intimidate|boost
|-unboost|p1a: Rotom|atk|1
|turn|1
|c| Stunfisk2140|that dude using thievul
|
|t:|1638761616
|switch|p2a: Ferrothorn|Ferrothorn, F|100/100
|move|p1a: Rotom|Trick|p2a: Ferrothorn
|-activate|p1a: Rotom|move: Trick|[of] p2a: Ferrothorn
|-item|p2a: Ferrothorn|Choice Scarf|[from] move: Trick
|-item|p1a: Rotom|Leftovers|[from] move: Trick
|
|upkeep
|turn|2
|
|t:|1638761621
|move|p1a: Rotom|Volt Switch|p2a: Ferrothorn
|-resisted|p2a: Ferrothorn
|-damage|p2a: Ferrothorn|91/100
|c| Stunfisk2140|ferro destroyed
|c|☆gewwge|people just uses Ferron for my rotom
|c|☆gewwge|no\
|c| Stunfisk2140|cant do this now
|c|☆gewwge|leech seed is sick
|
|t:|1638761642
|switch|p1a: Heatran|Heatran, M|100/100|[from]move: Volt Switch
|-item|p1a: Heatran|Air Balloon
|move|p2a: Ferrothorn|Spikes|p1a: Heatran
|-sidestart|p1: gewwge|Spikes
|
|upkeep
|turn|3
|c|☆gewwge|oh
|
|t:|1638761653
|switch|p2a: Landorus|Landorus-Therian, M|100/100
|-ability|p2a: Landorus|Intimidate|boost
|-unboost|p1a: Heatran|atk|1
|move|p1a: Heatran|Stealth Rock|p2a: Landorus
|-sidestart|p2: VirginJimmy99|move: Stealth Rock
|
|upkeep
|turn|4
|
|t:|1638761658
|move|p2a: Landorus|U-turn|p1a: Heatran
|-resisted|p1a: Heatran
|-damage|p1a: Heatran|96/100
|-enditem|p1a: Heatran|Air Balloon
|c|☆gewwge|well
|c|☆gewwge|crap
|c|☆gewwge|can u send me the Ferron again?
|c|☆gewwge|thx
|inactive|VirginJimmy99 has 120 seconds left.
|
|t:|1638761690
|switch|p2a: Regidrago|Regidrago|100/100|[from]move: U-turn
|-damage|p2a: Regidrago|88/100|[from] Stealth Rock
|move|p1a: Heatran|Toxic|p2a: Regidrago
|-status|p2a: Regidrago|tox
|
|-damage|p2a: Regidrago|82/100 tox|[from] psn
|upkeep
|turn|5
|c|☆gewwge|I've never faced regidrago and thieves before
|inactive|gewwge has 120 seconds left.
|
|t:|1638761727
|switch|p1a: Rotom|Rotom-Wash, shiny|100/100
|move|p2a: Regidrago|Dragon Dance|p2a: Regidrago
|-boost|p2a: Regidrago|atk|1
|-boost|p2a: Regidrago|spe|1
|
|-damage|p2a: Regidrago|70/100 tox|[from] psn
|upkeep
|turn|6
|c|☆gewwge|ok
|inactive|gewwge has 120 seconds left.
|
|t:|1638761734
|move|p2a: Regidrago|Outrage|p1a: Rotom
|-damage|p1a: Rotom|0 fnt
|faint|p1a: Rotom
|-damage|p2a: Regidrago|60/100 tox|[from] item: Life Orb
|
|-damage|p2a: Regidrago|42/100 tox|[from] psn
|upkeep
|
|t:|1638761737
|switch|p1a: Tapu Lele|Tapu Lele|100/100
|-damage|p1a: Tapu Lele|88/100|[from] Spikes
|-fieldstart|move: Psychic Terrain|[from] ability: Psychic Surge|[of] p1a: Tapu Lele
|turn|7
|c| Stunfisk2140|there goes that dangerous dragons maw
|inactive|gewwge has 120 seconds left.
|
|t:|1638761755
|move|p2a: Regidrago|Outrage|p1a: Tapu Lele|[from]lockedmove
|-immune|p1a: Tapu Lele
|move|p1a: Tapu Lele|Moonblast|p2a: Regidrago
|-supereffective|p2a: Regidrago
|-damage|p2a: Regidrago|0 fnt
|faint|p2a: Regidrago
|
|upkeep
|
|t:|1638761774
|switch|p2a: Ferrothorn|Ferrothorn, F|91/100
|-damage|p2a: Ferrothorn|84/100|[from] Stealth Rock
|turn|8
|inactive|gewwge has 120 seconds left.
|
|t:|1638761791
|switch|p1a: Heatran|Heatran, M|96/100
|-damage|p1a: Heatran|84/100|[from] Spikes
|move|p2a: Ferrothorn|Leech Seed|p1a: Heatran
|-start|p1a: Heatran|move: Leech Seed
|
|-damage|p1a: Heatran|71/100|[from] Leech Seed|[of] p2a: Ferrothorn
|-heal|p2a: Ferrothorn|98/100|[silent]
|upkeep
|turn|9
|inactive|gewwge has 120 seconds left.
|j| Cra2k
|
|t:|1638761808
|switch|p2a: Landorus|Landorus-Therian, M|100/100
|-damage|p2a: Landorus|88/100|[from] Stealth Rock
|-ability|p2a: Landorus|Intimidate|boost
|-unboost|p1a: Heatran|atk|1
|move|p1a: Heatran|Toxic|p2a: Landorus
|-status|p2a: Landorus|tox
|
|-heal|p2a: Landorus|94/100 tox|[from] item: Leftovers
|-damage|p1a: Heatran|59/100|[from] Leech Seed|[of] p2a: Landorus
|-heal|p2a: Landorus|100/100 tox|[silent]
|-damage|p2a: Landorus|94/100 tox|[from] psn
|upkeep
|turn|10
|
|t:|1638761813
|switch|p1a: Landorus|Landorus-Therian, M|100/100
|-ability|p1a: Landorus|Intimidate|boost
|-unboost|p2a: Landorus|atk|1
|move|p2a: Landorus|Stealth Rock|p1a: Landorus
|-sidestart|p1: gewwge|move: Stealth Rock
|
|-heal|p2a: Landorus|100/100 tox|[from] item: Leftovers
|-damage|p2a: Landorus|88/100 tox|[from] psn
|upkeep
|turn|11
|
|t:|1638761817
|move|p2a: Landorus|Toxic|p1a: Landorus
|-status|p1a: Landorus|tox
|move|p1a: Landorus|Defog|p2a: Landorus
|-unboost|p2a: Landorus|evasion|1
|-sideend|p2: VirginJimmy99|Stealth Rock|[from] move: Defog|[of] p1a: Landorus
|-sideend|p1: gewwge|Spikes|[from] move: Defog|[of] p1a: Landorus
|-sideend|p1: gewwge|Stealth Rock|[from] move: Defog|[of] p1a: Landorus
|-fieldend|move: Psychic Terrain
|
|-heal|p2a: Landorus|94/100 tox|[from] item: Leftovers
|-damage|p2a: Landorus|76/100 tox|[from] psn
|-damage|p1a: Landorus|94/100 tox|[from] psn
|upkeep
|turn|12
|
|t:|1638761820
|move|p2a: Landorus|Stealth Rock|p1a: Landorus
|-sidestart|p1: gewwge|move: Stealth Rock
|move|p1a: Landorus|U-turn|p2a: Landorus
|-resisted|p2a: Landorus
|-damage|p2a: Landorus|66/100 tox
|c|☆gewwge|oh no
|c|☆gewwge|def or spd lando
|inactive|gewwge has 120 seconds left.
|c|☆gewwge|favorite guess of the day
|
|t:|1638761856
|switch|p1a: Tapu Lele|Tapu Lele|88/100|[from]move: U-turn
|-damage|p1a: Tapu Lele|76/100|[from] Stealth Rock
|-fieldstart|move: Psychic Terrain|[from] ability: Psychic Surge|[of] p1a: Tapu Lele
|
|-heal|p2a: Landorus|72/100 tox|[from] item: Leftovers
|-damage|p2a: Landorus|48/100 tox|[from] psn
|upkeep
|turn|13
|j| lufan131
|inactive|gewwge has 120 seconds left.
|inactive|gewwge has 90 seconds left.
|
|t:|1638761896
|switch|p1a: Landorus|Landorus-Therian, M|94/100 tox
|-damage|p1a: Landorus|82/100 tox|[from] Stealth Rock
|-ability|p1a: Landorus|Intimidate|boost
|-unboost|p2a: Landorus|atk|1
|switch|p2a: Ferrothorn|Ferrothorn, F|98/100
|
|-heal|p1a: Landorus|88/100 tox|[from] item: Leftovers
|-damage|p1a: Landorus|82/100 tox|[from] psn
|upkeep
|turn|14
|
|t:|1638761902
|move|p1a: Landorus|Defog|p2a: Ferrothorn
|-unboost|p2a: Ferrothorn|evasion|1
|-sideend|p1: gewwge|Stealth Rock|[from] move: Defog|[of] p1a: Landorus
|-fieldend|move: Psychic Terrain
|move|p2a: Ferrothorn|Leech Seed|p1a: Landorus
|-start|p1a: Landorus|move: Leech Seed
|
|-heal|p1a: Landorus|88/100 tox|[from] item: Leftovers
|-damage|p1a: Landorus|76/100 tox|[from] Leech Seed|[of] p2a: Ferrothorn
|-heal|p2a: Ferrothorn|100/100|[silent]
|-damage|p1a: Landorus|64/100 tox|[from] psn
|upkeep
|turn|15
|
|t:|1638761905
|move|p1a: Landorus|U-turn|p2a: Ferrothorn
|-damage|p2a: Ferrothorn|88/100
|-damage|p1a: Landorus|52/100 tox|[from] ability: Iron Barbs|[of] p2a: Ferrothorn
|
|t:|1638761909
|switch|p1a: Heatran|Heatran, M|59/100|[from]move: U-turn
|move|p2a: Ferrothorn|Leech Seed|p1a: Heatran|[miss]
|-miss|p2a: Ferrothorn|p1a: Heatran
|
|upkeep
|turn|16
|
|t:|1638761912
|switch|p2a: Landorus|Landorus-Therian, M|48/100 tox
|-ability|p2a: Landorus|Intimidate|boost
|-unboost|p1a: Heatran|atk|1
|move|p1a: Heatran|Magma Storm|p2a: Landorus
|-damage|p2a: Landorus|16/100 tox
|-activate|p2a: Landorus|move: Magma Storm|[of] p1a: Heatran
|
|-heal|p2a: Landorus|22/100 tox|[from] item: Leftovers
|-damage|p2a: Landorus|16/100 tox|[from] psn
|-damage|p2a: Landorus|4/100 tox|[from] move: Magma Storm|[partiallytrapped]
|upkeep
|turn|17
|
|t:|1638761925
|switch|p1a: Skarmory|Skarmory, M|100/100
|move|p2a: Landorus|Stealth Rock|p1a: Skarmory
|-sidestart|p1: gewwge|move: Stealth Rock
|
|-heal|p2a: Landorus|10/100 tox|[from] item: Leftovers
|-damage|p2a: Landorus|0 fnt|[from] psn
|faint|p2a: Landorus
|upkeep
|c|☆gewwge|oof
|
|t:|1638761935
|switch|p2a: Alakazam|Alakazam, M|100/100
|turn|18
|c|☆gewwge|another 0 IQ moment
|
|t:|1638761941
|move|p2a: Alakazam|Shadow Ball|p1a: Skarmory
|-damage|p1a: Skarmory|50/100
|move|p1a: Skarmory|Brave Bird|p2a: Alakazam
|-damage|p2a: Alakazam|21/100
|-damage|p1a: Skarmory|30/100|[from] Recoil
|
|upkeep
|turn|19
|
|t:|1638761947
|move|p2a: Alakazam|Shadow Ball|p1a: Skarmory
|-damage|p1a: Skarmory|0 fnt
|faint|p1a: Skarmory
|
|upkeep
|c|☆gewwge|the worst thing is facing unknown set
|c|☆gewwge|I'm like scared
|c| Stunfisk2140|zam ate that shit
|j| yankeeewithnobrim
|
|t:|1638761973
|switch|p1a: Dragapult|Dragapult, M|100/100
|-damage|p1a: Dragapult|88/100|[from] Stealth Rock
|turn|20
|c|☆gewwge|no scarf
|c| Stunfisk2140|gewwge u were destined to win
|c|☆gewwge|plz no
|c|☆gewwge|be lo
|
|t:|1638761988
|switch|p1a: Landorus|Landorus-Therian, M|52/100 tox
|-damage|p1a: Landorus|39/100 tox|[from] Stealth Rock
|-ability|p1a: Landorus|Intimidate|boost
|-unboost|p2a: Alakazam|atk|1
|switch|p2a: Ferrothorn|Ferrothorn, F|88/100
|
|-heal|p1a: Landorus|45/100 tox|[from] item: Leftovers
|-damage|p1a: Landorus|39/100 tox|[from] psn
|upkeep
|turn|21
|
|t:|1638761993
|move|p1a: Landorus|Defog|p2a: Ferrothorn
|-unboost|p2a: Ferrothorn|evasion|1
|-sideend|p1: gewwge|Stealth Rock|[from] move: Defog|[of] p1a: Landorus
|move|p2a: Ferrothorn|Spikes|p1a: Landorus
|-sidestart|p1: gewwge|Spikes
|
|-heal|p1a: Landorus|45/100 tox|[from] item: Leftovers
|-damage|p1a: Landorus|33/100 tox|[from] psn
|upkeep
|turn|22
|j| NinjaNate150
|
|t:|1638762006
|move|p1a: Landorus|Earthquake|p2a: Ferrothorn
|-damage|p2a: Ferrothorn|60/100
|move|p2a: Ferrothorn|Spikes|p1a: Landorus
|-sidestart|p1: gewwge|Spikes
|
|-heal|p1a: Landorus|39/100 tox|[from] item: Leftovers
|-damage|p1a: Landorus|21/100 tox|[from] psn
|upkeep
|turn|23
|
|t:|1638762009
|move|p1a: Landorus|Defog|p2a: Ferrothorn
|-unboost|p2a: Ferrothorn|evasion|1
|-sideend|p1: gewwge|Spikes|[from] move: Defog|[of] p1a: Landorus
|move|p2a: Ferrothorn|Spikes|p1a: Landorus
|-sidestart|p1: gewwge|Spikes
|
|-heal|p1a: Landorus|27/100 tox|[from] item: Leftovers
|-damage|p1a: Landorus|3/100 tox|[from] psn
|upkeep
|turn|24
|
|t:|1638762011
|switch|p1a: Heatran|Heatran, M|59/100
|-damage|p1a: Heatran|47/100|[from] Spikes
|move|p2a: Ferrothorn|Spikes|p1a: Heatran
|-sidestart|p1: gewwge|Spikes
|
|upkeep
|turn|25
|
|t:|1638762022
|move|p1a: Heatran|Magma Storm|p2a: Ferrothorn
|-supereffective|p2a: Ferrothorn
|-damage|p2a: Ferrothorn|0 fnt
|faint|p2a: Ferrothorn
|
|upkeep
|
|t:|1638762027
|switch|p2a: Alakazam|Alakazam, M|21/100
|turn|26
|l| Stunfisk2140
|c|☆gewwge|crap
|c|☆gewwge|I think
|c|☆gewwge|scarf lele
|c|☆gewwge|which beats the rest of my team
|
|t:|1638762045
|move|p2a: Alakazam|Focus Blast|p1a: Heatran
|-supereffective|p1a: Heatran
|-damage|p1a: Heatran|0 fnt
|faint|p1a: Heatran
|
|upkeep
|
|t:|1638762049
|switch|p1a: Dragapult|Dragapult, M|88/100
|-damage|p1a: Dragapult|72/100|[from] Spikes
|turn|27
|
|t:|1638762054
|move|p1a: Dragapult|U-turn|p2a: Alakazam
|-supereffective|p2a: Alakazam
|-damage|p2a: Alakazam|0 fnt
|faint|p2a: Alakazam
|
|t:|1638762057
|switch|p1a: Landorus|Landorus-Therian, M|3/100 tox|[from]move: U-turn
|
|-heal|p1a: Landorus|9/100 tox|[from] item: Leftovers
|-damage|p1a: Landorus|3/100 tox|[from] psn
|upkeep
|
|t:|1638762065
|switch|p2a: Tapu Lele|Tapu Lele|100/100
|-fieldstart|move: Psychic Terrain|[from] ability: Psychic Surge|[of] p2a: Tapu Lele
|turn|28
|j| Mikirae
|
|t:|1638762068
|move|p2a: Tapu Lele|Moonblast|p1a: Landorus
|-damage|p1a: Landorus|0 fnt
|faint|p1a: Landorus
|
|upkeep
|
|t:|1638762070
|switch|p1a: Tapu Lele|Tapu Lele|76/100
|-damage|p1a: Tapu Lele|59/100|[from] Spikes
|turn|29
|
|t:|1638762073
|move|p2a: Tapu Lele|Moonblast|p1a: Tapu Lele
|-damage|p1a: Tapu Lele|26/100
|-unboost|p1a: Tapu Lele|spa|1
|move|p1a: Tapu Lele|Moonblast|p2a: Tapu Lele
|-damage|p2a: Tapu Lele|63/100
|
|upkeep
|turn|30
|j| smurf account 6969
|c|☆gewwge|XD
|
|t:|1638762079
|move|p2a: Tapu Lele|Moonblast|p1a: Tapu Lele
|-damage|p1a: Tapu Lele|0 fnt
|faint|p1a: Tapu Lele
|
|upkeep
|
|t:|1638762080
|switch|p1a: Dragapult|Dragapult, M|72/100
|-damage|p1a: Dragapult|55/100|[from] Spikes
|turn|31
|
|t:|1638762082
|move|p2a: Tapu Lele|Moonblast|p1a: Dragapult
|-supereffective|p1a: Dragapult
|-damage|p1a: Dragapult|0 fnt
|faint|p1a: Dragapult
|
|win|VirginJimmy99
|n|☆gewwge|gewwge
|n|☆VirginJimmy99|virginjimmy99
|n| Bsuuuu|bsuuuu
|n| Serp IV|serpiv
|n| NoTollsNoRolls|notollsnorolls
|n| Cra2k|cra2k
|n| lufan131|lufan131
|n| yankeeewithnobrim|yankeeewithnobrim
|n| NinjaNate150|ninjanate150
|n| Mikirae|mikirae
|n| smurf account 6969|smurfaccount6969
|c|☆gewwge|gg
|c|☆VirginJimmy99|gg
|l| yankeeewithnobrim
|c| Bsuuuu|why ddi those moonblasts do so little
|l| Serp IV
|c|☆gewwge|?
|c|☆gewwge|what u mean
|l| smurf account 6969
|c|☆gewwge|my spa got lowered by his blast
|l| Mikirae
|l| Bsuuuu
|l| NoTollsNoRolls
