|j|☆not mb
|j|☆LT83AQ YAKO
|t:|1626821522
|gametype|singles
|player|p1|not mb|101|1885
|player|p2|LT83AQ YAKO|silver|1924
|teamsize|p1|6
|teamsize|p2|6
|gen|8
|tier|[Gen 8] OU
|rated|
|rule|Sleep Clause Mod: Limit one foe put to sleep
|rule|Species Clause: Limit one of each Pokémon
|rule|OHKO Clause: OHKO moves are banned
|rule|Evasion Moves Clause: Evasion moves are banned
|rule|Endless Battle Clause: Forcing endless battles is banned
|rule|HP Percentage Mod: HP is shown in percentages
|rule|Dynamax Clause: You cannot dynamax
|clearpoke
|poke|p1|Landorus-Therian, M|
|poke|p1|Ferrothorn, M|
|poke|p1|Clefable, F|
|poke|p1|Tornadus-Therian, M|
|poke|p1|Slowbro, M|
|poke|p1|Heatran, F|
|poke|p2|Tapu Lele|
|poke|p2|Blacephalon|
|poke|p2|Landorus-Therian, M|
|poke|p2|Heatran, M|
|poke|p2|Kartana|
|poke|p2|Tapu Fini|
|teampreview
|c|☆LT83AQ YAKO|gl
|j| Lt83AQ Fox
|
|t:|1626821546
|start
|switch|p1a: Slowbro|Slowbro, M|100/100
|switch|p2a: ES UN ENFERMO|Landorus-Therian, M|100/100
|-ability|p2a: ES UN ENFERMO|Intimidate|boost
|-unboost|p1a: Slowbro|atk|1
|turn|1
|j|+Staxi
|
|t:|1626821558
|switch|p2a: ES UN ZOQUETE|Tapu Fini|100/100
|-fieldstart|move: Misty Terrain|[from] ability: Misty Surge|[of] p2a: ES UN ZOQUETE
|move|p1a: Slowbro|Scald|p2a: ES UN ZOQUETE
|-resisted|p2a: ES UN ZOQUETE
|-damage|p2a: ES UN ZOQUETE|90/100
|
|-heal|p2a: ES UN ZOQUETE|96/100|[from] item: Leftovers
|upkeep
|turn|2
|inactive|Battle timer is ON: inactive players will automatically lose when time's up. (requested by not mb)
|j| DcMarvelAnimeFan
|
|t:|1626821583
|move|p2a: ES UN ZOQUETE|Nature's Madness|p1a: Slowbro
|-damage|p1a: Slowbro|50/100
|move|p1a: Slowbro|Teleport|p1a: Slowbro
|
|t:|1626821588
|switch|p1a: Tornadus|Tornadus-Therian, M|100/100|[from]move: Teleport
|
|-heal|p2a: ES UN ZOQUETE|100/100|[from] item: Leftovers
|upkeep
|turn|3
|
|t:|1626821613
|switch|p2a: ES UN ENFERMO|Landorus-Therian, M|100/100
|-ability|p2a: ES UN ENFERMO|Intimidate|boost
|-unboost|p1a: Tornadus|atk|1
|move|p1a: Tornadus|Knock Off|p2a: ES UN ENFERMO
|-damage|p2a: ES UN ENFERMO|86/100
|-enditem|p2a: ES UN ENFERMO|Leftovers|[from] move: Knock Off|[of] p1a: Tornadus
|
|upkeep
|turn|4
|
|t:|1626821625
|move|p1a: Tornadus|U-turn|p2a: ES UN ENFERMO
|-resisted|p2a: ES UN ENFERMO
|-damage|p2a: ES UN ENFERMO|80/100
|
|t:|1626821627
|switch|p1a: Slowbro|Slowbro, M|84/100|[from]move: U-turn
|move|p2a: ES UN ENFERMO|Stone Edge|p1a: Slowbro
|-damage|p1a: Slowbro|60/100
|
|upkeep
|turn|5
|
|t:|1626821636
|move|p2a: ES UN ENFERMO|Knock Off|p1a: Slowbro
|-supereffective|p1a: Slowbro
|-damage|p1a: Slowbro|16/100
|-damage|p2a: ES UN ENFERMO|64/100|[from] item: Rocky Helmet|[of] p1a: Slowbro
|-enditem|p1a: Slowbro|Rocky Helmet|[from] move: Knock Off|[of] p2a: ES UN ENFERMO
|move|p1a: Slowbro|Scald|p2a: ES UN ENFERMO
|-supereffective|p2a: ES UN ENFERMO
|-damage|p2a: ES UN ENFERMO|0 fnt
|faint|p2a: ES UN ENFERMO
|
|-fieldend|Misty Terrain
|upkeep
|j| glava222
|
|t:|1626821651
|switch|p2a: TOLILI|Blacephalon|100/100
|turn|6
|l| glava222
|
|t:|1626821665
|switch|p1a: Tornadus|Tornadus-Therian, M|100/100
|move|p2a: TOLILI|Shadow Ball|p1a: Tornadus
|-damage|p1a: Tornadus|25/100
|
|upkeep
|turn|7
|
|t:|1626821676
|switch|p2a: RETRASADO|Heatran, M|100/100
|move|p1a: Tornadus|Knock Off|p2a: RETRASADO
|-damage|p2a: RETRASADO|83/100
|-status|p1a: Tornadus|brn|[from] ability: Flame Body|[of] p2a: RETRASADO
|-enditem|p2a: RETRASADO|Leftovers|[from] move: Knock Off|[of] p1a: Tornadus
|
|-damage|p1a: Tornadus|19/100 brn|[from] brn
|upkeep
|turn|8
|
|t:|1626821686
|move|p1a: Tornadus|U-turn|p2a: RETRASADO
|-resisted|p2a: RETRASADO
|-damage|p2a: RETRASADO|82/100
|
|t:|1626821694
|switch|p1a: Landorus|Landorus-Therian, M|100/100|[from]move: U-turn
|-ability|p1a: Landorus|Intimidate|boost
|-unboost|p2a: RETRASADO|atk|1
|move|p2a: RETRASADO|Stealth Rock|p1a: Landorus
|-sidestart|p1: not mb|move: Stealth Rock
|
|upkeep
|turn|9
|
|t:|1626821705
|switch|p2a: ES UN ZOQUETE|Tapu Fini|100/100
|-fieldstart|move: Misty Terrain|[from] ability: Misty Surge|[of] p2a: ES UN ZOQUETE
|move|p1a: Landorus|Stealth Rock|p2a: ES UN ZOQUETE
|-sidestart|p2: LT83AQ YAKO|move: Stealth Rock
|
|upkeep
|turn|10
|j| freepierrick
|
|t:|1626821719
|move|p2a: ES UN ZOQUETE|Scald|p1a: Landorus
|-supereffective|p1a: Landorus
|-damage|p1a: Landorus|47/100
|move|p1a: Landorus|Knock Off|p2a: ES UN ZOQUETE
|-resisted|p2a: ES UN ZOQUETE
|-damage|p2a: ES UN ZOQUETE|90/100
|-enditem|p2a: ES UN ZOQUETE|Leftovers|[from] move: Knock Off|[of] p1a: Landorus
|
|-heal|p1a: Landorus|53/100|[from] item: Leftovers
|upkeep
|turn|11
|
|t:|1626821736
|switch|p1a: Clefable|Clefable, F|100/100
|move|p2a: ES UN ZOQUETE|Scald|p1a: Clefable
|-damage|p1a: Clefable|81/100
|
|upkeep
|turn|12
|j| croo
|
|t:|1626821746
|switch|p2a: TOLILI|Blacephalon|100/100
|-damage|p2a: TOLILI|76/100|[from] Stealth Rock
|move|p1a: Clefable|Thunder|p2a: TOLILI|[miss]
|-miss|p1a: Clefable|p2a: TOLILI
|
|upkeep
|turn|13
|
|t:|1626821756
|move|p2a: TOLILI|Shadow Ball|p1a: Clefable
|-damage|p1a: Clefable|20/100
|move|p1a: Clefable|Thunder|p2a: TOLILI|[miss]
|-miss|p1a: Clefable|p2a: TOLILI
|
|-fieldend|Misty Terrain
|upkeep
|turn|14
|
|t:|1626821761
|switch|p1a: Slowbro|Slowbro, M|49/100
|-damage|p1a: Slowbro|37/100|[from] Stealth Rock
|move|p2a: TOLILI|Shadow Ball|p1a: Slowbro
|-supereffective|p1a: Slowbro
|-damage|p1a: Slowbro|0 fnt
|faint|p1a: Slowbro
|-ability|p2a: TOLILI|Beast Boost|boost
|-boost|p2a: TOLILI|spa|1
|
|upkeep
|
|t:|1626821767
|switch|p1a: Tornadus|Tornadus-Therian, M|52/100 brn
|turn|15
|
|t:|1626821796
|switch|p2a: RETRASADO|Heatran, M|82/100
|-damage|p2a: RETRASADO|69/100|[from] Stealth Rock
|move|p1a: Tornadus|Knock Off|p2a: RETRASADO
|-damage|p2a: RETRASADO|64/100
|
|-damage|p1a: Tornadus|46/100 brn|[from] brn
|upkeep
|turn|16
|
|t:|1626821805
|move|p1a: Tornadus|U-turn|p2a: RETRASADO
|-resisted|p2a: RETRASADO
|-damage|p2a: RETRASADO|63/100
|
|t:|1626821807
|switch|p1a: Heatran|Heatran, F|100/100|[from]move: U-turn
|-damage|p1a: Heatran|88/100|[from] Stealth Rock
|move|p2a: RETRASADO|Magma Storm|p1a: Heatran
|-start|p1a: Heatran|ability: Flash Fire
|
|-heal|p1a: Heatran|94/100|[from] item: Leftovers
|upkeep
|turn|17
|
|t:|1626821824
|move|p1a: Heatran|Earth Power|p2a: RETRASADO
|-supereffective|p2a: RETRASADO
|-damage|p2a: RETRASADO|0 fnt
|faint|p2a: RETRASADO
|
|-heal|p1a: Heatran|100/100|[from] item: Leftovers
|upkeep
|
|t:|1626821835
|switch|p2a: VICENTÓN|Kartana|100/100
|-damage|p2a: VICENTÓN|94/100|[from] Stealth Rock
|turn|18
|j| LT83AQ EclipseY
|
|t:|1626821851
|-end|p1a: Heatran|ability: Flash Fire|[silent]
|switch|p1a: Landorus|Landorus-Therian, M|53/100
|-damage|p1a: Landorus|41/100|[from] Stealth Rock
|-ability|p1a: Landorus|Intimidate|boost
|-unboost|p2a: VICENTÓN|atk|1
|move|p2a: VICENTÓN|Sacred Sword|p1a: Landorus
|-resisted|p1a: Landorus
|-damage|p1a: Landorus|28/100
|-damage|p2a: VICENTÓN|85/100|[from] item: Life Orb
|
|-heal|p1a: Landorus|34/100|[from] item: Leftovers
|upkeep
|turn|19
|
|t:|1626821867
|switch|p1a: Ferrothorn|Ferrothorn, M|100/100
|-damage|p1a: Ferrothorn|95/100|[from] Stealth Rock
|move|p2a: VICENTÓN|Knock Off|p1a: Ferrothorn
|-damage|p1a: Ferrothorn|69/100
|-damage|p2a: VICENTÓN|72/100|[from] ability: Iron Barbs|[of] p1a: Ferrothorn
|-enditem|p1a: Ferrothorn|Leftovers|[from] move: Knock Off|[of] p2a: VICENTÓN
|-damage|p2a: VICENTÓN|63/100|[from] item: Life Orb
|
|upkeep
|turn|20
|j| LT83AQ Rin
|inactive|LT83AQ YAKO has 120 seconds left.
|
|t:|1626821885
|move|p2a: VICENTÓN|Swords Dance|p2a: VICENTÓN
|-boost|p2a: VICENTÓN|atk|2
|move|p1a: Ferrothorn|Body Press|p2a: VICENTÓN
|-supereffective|p2a: VICENTÓN
|-damage|p2a: VICENTÓN|5/100
|
|upkeep
|turn|21
|inactive|LT83AQ YAKO has 120 seconds left.
|
|t:|1626821898
|switch|p1a: Clefable|Clefable, F|20/100
|move|p2a: VICENTÓN|Knock Off|p1a: Clefable
|-resisted|p1a: Clefable
|-damage|p1a: Clefable|0 fnt
|-enditem|p1a: Clefable|Life Orb|[from] move: Knock Off|[of] p2a: VICENTÓN
|faint|p1a: Clefable
|-ability|p2a: VICENTÓN|Beast Boost|boost
|-boost|p2a: VICENTÓN|atk|1
|-damage|p2a: VICENTÓN|0 fnt|[from] item: Life Orb
|faint|p2a: VICENTÓN
|
|upkeep
|inactive|LT83AQ YAKO has 120 seconds left.
|inactive|not mb has 120 seconds left.
|
|t:|1626821948
|switch|p2a: COSA INFANTIL|Tapu Lele|100/100
|switch|p1a: Heatran|Heatran, F|100/100
|-damage|p2a: COSA INFANTIL|88/100|[from] Stealth Rock
|-fieldstart|move: Psychic Terrain|[from] ability: Psychic Surge|[of] p2a: COSA INFANTIL
|-damage|p1a: Heatran|88/100|[from] Stealth Rock
|turn|22
|inactive|LT83AQ YAKO has 120 seconds left.
|
|t:|1626821969
|move|p2a: COSA INFANTIL|Focus Blast|p1a: Heatran
|-supereffective|p1a: Heatran
|-damage|p1a: Heatran|40/100
|-unboost|p1a: Heatran|spd|1
|move|p1a: Heatran|Toxic|p2a: COSA INFANTIL
|-status|p2a: COSA INFANTIL|tox
|
|-heal|p1a: Heatran|46/100|[from] item: Leftovers
|-damage|p2a: COSA INFANTIL|82/100 tox|[from] psn
|upkeep
|turn|23
|
|t:|1626821982
|switch|p2a: TOLILI|Blacephalon|76/100
|-damage|p2a: TOLILI|51/100|[from] Stealth Rock
|switch|p1a: Tornadus|Tornadus-Therian, M|79/100 brn
|
|-damage|p1a: Tornadus|73/100 brn|[from] brn
|upkeep
|turn|24
|inactive|not mb has 120 seconds left.
|j| flary14
|inactive|not mb has 90 seconds left.
|
|t:|1626822025
|switch|p2a: ES UN ZOQUETE|Tapu Fini|90/100
|-damage|p2a: ES UN ZOQUETE|77/100|[from] Stealth Rock
|-fieldstart|move: Misty Terrain|[from] ability: Misty Surge|[of] p2a: ES UN ZOQUETE
|move|p1a: Tornadus|U-turn|p2a: ES UN ZOQUETE
|-resisted|p2a: ES UN ZOQUETE
|-damage|p2a: ES UN ZOQUETE|75/100
|
|t:|1626822031
|switch|p1a: Ferrothorn|Ferrothorn, M|69/100|[from]move: U-turn
|-damage|p1a: Ferrothorn|63/100|[from] Stealth Rock
|
|upkeep
|turn|25
|inactive|not mb has 90 seconds left.
|
|t:|1626822044
|move|p2a: ES UN ZOQUETE|Nature's Madness|p1a: Ferrothorn
|-damage|p1a: Ferrothorn|32/100
|move|p1a: Ferrothorn|Iron Head|p2a: ES UN ZOQUETE
|-damage|p2a: ES UN ZOQUETE|58/100
|
|upkeep
|turn|26
|inactive|LT83AQ YAKO has 120 seconds left.
|
|t:|1626822076
|move|p2a: ES UN ZOQUETE|Nature's Madness|p1a: Ferrothorn
|-damage|p1a: Ferrothorn|16/100
|move|p1a: Ferrothorn|Iron Head|p2a: ES UN ZOQUETE
|-damage|p2a: ES UN ZOQUETE|39/100
|
|upkeep
|turn|27
|
|t:|1626822086
|move|p2a: ES UN ZOQUETE|Moonblast|p1a: Ferrothorn
|-resisted|p1a: Ferrothorn
|-damage|p1a: Ferrothorn|6/100
|move|p1a: Ferrothorn|Iron Head|p2a: ES UN ZOQUETE
|-damage|p2a: ES UN ZOQUETE|22/100
|
|upkeep
|turn|28
|j| sabella
|inactive|not mb has 90 seconds left.
|
|t:|1626822121
|move|p2a: ES UN ZOQUETE|Moonblast|p1a: Ferrothorn
|-resisted|p1a: Ferrothorn
|-damage|p1a: Ferrothorn|0 fnt
|faint|p1a: Ferrothorn
|
|-fieldend|Misty Terrain
|upkeep
|
|t:|1626822124
|switch|p1a: Tornadus|Tornadus-Therian, M|100/100 brn
|turn|29
|
|t:|1626822139
|move|p1a: Tornadus|Heat Wave|p2a: ES UN ZOQUETE
|-resisted|p2a: ES UN ZOQUETE
|-damage|p2a: ES UN ZOQUETE|13/100
|move|p2a: ES UN ZOQUETE|Nature's Madness|p1a: Tornadus
|-damage|p1a: Tornadus|50/100 brn
|
|-damage|p1a: Tornadus|44/100 brn|[from] brn
|upkeep
|turn|30
|
|t:|1626822148
|move|p1a: Tornadus|U-turn|p2a: ES UN ZOQUETE
|-resisted|p2a: ES UN ZOQUETE
|-damage|p2a: ES UN ZOQUETE|10/100
|
|t:|1626822153
|switch|p1a: Landorus|Landorus-Therian, M|34/100|[from]move: U-turn
|-damage|p1a: Landorus|22/100|[from] Stealth Rock
|-ability|p1a: Landorus|Intimidate|boost
|-unboost|p2a: ES UN ZOQUETE|atk|1
|move|p2a: ES UN ZOQUETE|Scald|p1a: Landorus
|-supereffective|p1a: Landorus
|-damage|p1a: Landorus|0 fnt
|faint|p1a: Landorus
|
|upkeep
|
|t:|1626822154
|switch|p1a: Tornadus|Tornadus-Therian, M|78/100 brn
|turn|31
|
|t:|1626822160
|move|p1a: Tornadus|Heat Wave|p2a: ES UN ZOQUETE
|-resisted|p2a: ES UN ZOQUETE
|-damage|p2a: ES UN ZOQUETE|0 fnt
|faint|p2a: ES UN ZOQUETE
|
|-damage|p1a: Tornadus|72/100 brn|[from] brn
|upkeep
|
|t:|1626822167
|switch|p2a: COSA INFANTIL|Tapu Lele|82/100 tox
|-damage|p2a: COSA INFANTIL|70/100 tox|[from] Stealth Rock
|-fieldstart|move: Psychic Terrain|[from] ability: Psychic Surge|[of] p2a: COSA INFANTIL
|turn|32
|inactive|LT83AQ YAKO has 120 seconds left.
|
|t:|1626822189
|move|p2a: COSA INFANTIL|Psyshock|p1a: Tornadus
|-damage|p1a: Tornadus|14/100 brn
|move|p1a: Tornadus|U-turn|p2a: COSA INFANTIL
|-damage|p2a: COSA INFANTIL|57/100 tox
|
|t:|1626822192
|switch|p1a: Heatran|Heatran, F|46/100|[from]move: U-turn
|-damage|p1a: Heatran|33/100|[from] Stealth Rock
|
|-heal|p1a: Heatran|40/100|[from] item: Leftovers
|-damage|p2a: COSA INFANTIL|51/100 tox|[from] psn
|upkeep
|turn|33
|l| LT83AQ EclipseY
|inactive|LT83AQ YAKO has 120 seconds left.
|j| BabyPigsAreLaughin
|inactive|not mb has 120 seconds left.
|j| OU make me yawn
|l| sabella
|
|t:|1626822233
|move|p2a: COSA INFANTIL|Psyshock|p1a: Heatran
|-resisted|p1a: Heatran
|-damage|p1a: Heatran|17/100
|move|p1a: Heatran|Earth Power|p2a: COSA INFANTIL
|-damage|p2a: COSA INFANTIL|24/100 tox
|
|-heal|p1a: Heatran|24/100|[from] item: Leftovers
|-damage|p2a: COSA INFANTIL|12/100 tox|[from] psn
|upkeep
|turn|34
|
|t:|1626822243
|move|p2a: COSA INFANTIL|Psyshock|p1a: Heatran
|-resisted|p1a: Heatran
|-damage|p1a: Heatran|0 fnt
|faint|p1a: Heatran
|
|-damage|p2a: COSA INFANTIL|0 fnt|[from] psn
|faint|p2a: COSA INFANTIL
|upkeep
|
|t:|1626822247
|switch|p2a: TOLILI|Blacephalon|51/100
|switch|p1a: Tornadus|Tornadus-Therian, M|47/100 brn
|-damage|p2a: TOLILI|26/100|[from] Stealth Rock
|turn|35
|
|t:|1626822252
|move|p1a: Tornadus|Knock Off|p2a: TOLILI
|-supereffective|p2a: TOLILI
|-damage|p2a: TOLILI|0 fnt
|-enditem|p2a: TOLILI|Choice Specs|[from] move: Knock Off|[of] p1a: Tornadus
|faint|p2a: TOLILI
|
|win|not mb
|raw|not mb's rating: 1885 &rarr; <strong>1907</strong><br />(+22 for winning)
|raw|LT83AQ YAKO's rating: 1924 &rarr; <strong>1902</strong><br />(-22 for losing)
|l|+Staxi
|l|☆not mb
|j|☆not mb
|player|p1|not mb|101
|l| BabyPigsAreLaughin
||Ladder isn't responding, score probably updated but might not have (Request timeout).
