|j|☆Arcangel666
|j|☆Le-Perpetrator
|t:|1643657908
|gametype|singles
|player|p1|Arcangel666|grimsley|1685
|player|p2|Le-Perpetrator|101|1695
|teamsize|p1|6
|teamsize|p2|6
|gen|8
|tier|[Gen 8] OU
|rated|
|rule|Sleep Clause Mod: Limit one foe put to sleep
|rule|Species Clause: Limit one of each Pokémon
|rule|OHKO Clause: OHKO moves are banned
|rule|Evasion Moves Clause: Evasion moves are banned
|rule|Endless Battle Clause: Forcing endless battles is banned
|rule|HP Percentage Mod: HP is shown in percentages
|rule|Dynamax Clause: You cannot dynamax
|clearpoke
|poke|p1|Melmetal|
|poke|p1|Dragapult, M|
|poke|p1|Regieleki|
|poke|p1|Landorus-Therian, M|
|poke|p1|Hydreigon, M|
|poke|p1|Tapu Fini|
|poke|p2|Toxapex, M|
|poke|p2|Ferrothorn, M|
|poke|p2|Hatterene, F|
|poke|p2|Landorus-Therian, M|
|poke|p2|Victini|
|poke|p2|Dragapult, M|
|teampreview
|
|t:|1643657947
|start
|switch|p1a: Landorus|Landorus-Therian, M, shiny|100/100
|switch|p2a: BillieEllish|Landorus-Therian, M|100/100
|-ability|p2a: BillieEllish|Intimidate|boost
|-unboost|p1a: Landorus|atk|1
|-ability|p1a: Landorus|Intimidate|boost
|-unboost|p2a: BillieEllish|atk|1
|turn|1
|
|t:|1643657954
|move|p2a: BillieEllish|U-turn|p1a: Landorus
|-resisted|p1a: Landorus
|-damage|p1a: Landorus|94/100
|-damage|p2a: BillieEllish|84/100|[from] item: Rocky Helmet|[of] p1a: Landorus
|
|t:|1643657959
|switch|p2a: Condom|Hatterene, F|100/100|[from]move: U-turn
|move|p1a: Landorus|Stealth Rock|p2a: Condom
|move|p2a: Condom|Stealth Rock|p1a: Landorus|[from]ability: Magic Bounce
|-sidestart|p1: Arcangel666|move: Stealth Rock
|
|upkeep
|turn|2
|
|t:|1643657965
|move|p1a: Landorus|Earthquake|p2a: Condom
|-damage|p2a: Condom|65/100
|move|p2a: Condom|Mystical Fire|p1a: Landorus
|-damage|p1a: Landorus|50/100
|-unboost|p1a: Landorus|spa|1
|
|upkeep
|turn|3
|
|t:|1643657971
|move|p1a: Landorus|U-turn|p2a: Condom
|-damage|p2a: Condom|48/100
|
|t:|1643657974
|switch|p1a: Tapu Fini|Tapu Fini, shiny|100/100|[from]move: U-turn
|-damage|p1a: Tapu Fini|88/100|[from] Stealth Rock
|-fieldstart|move: Misty Terrain|[from] ability: Misty Surge|[of] p1a: Tapu Fini
|move|p2a: Condom|Mystical Fire|p1a: Tapu Fini
|-resisted|p1a: Tapu Fini
|-damage|p1a: Tapu Fini|75/100
|-unboost|p1a: Tapu Fini|spa|1
|
|-heal|p1a: Tapu Fini|82/100|[from] item: Leftovers
|upkeep
|turn|4
|
|t:|1643657988
|switch|p1a: Hydreigon|Hydreigon, M, shiny|100/100
|-damage|p1a: Hydreigon|88/100|[from] Stealth Rock
|switch|p2a: SoftontheInside|Ferrothorn, M|100/100
|
|upkeep
|turn|5
|
|t:|1643657996
|switch|p2a: BillieEllish|Landorus-Therian, M|84/100
|-ability|p2a: BillieEllish|Intimidate|boost
|-unboost|p1a: Hydreigon|atk|1
|move|p1a: Hydreigon|Nasty Plot|p1a: Hydreigon
|-boost|p1a: Hydreigon|spa|2
|
|upkeep
|turn|6
|
|t:|1643658003
|move|p2a: BillieEllish|U-turn|p1a: Hydreigon
|-supereffective|p1a: Hydreigon
|-damage|p1a: Hydreigon|26/100
|
|t:|1643658007
|switch|p2a: Condom|Hatterene, F|48/100|[from]move: U-turn
|move|p1a: Hydreigon|Draco Meteor|p2a: Condom
|-immune|p2a: Condom
|
|upkeep
|turn|7
|
|t:|1643658013
|move|p1a: Hydreigon|Dark Pulse|p2a: Condom
|-damage|p2a: Condom|0 fnt
|faint|p2a: Condom
|-damage|p1a: Hydreigon|16/100|[from] item: Life Orb
|
|-fieldend|Misty Terrain
|upkeep
|
|t:|1643658022
|switch|p2a: Dragapult|Dragapult, M|100/100
|turn|8
|
|t:|1643658025
|switch|p1a: Landorus|Landorus-Therian, M, shiny|50/100
|-damage|p1a: Landorus|37/100|[from] Stealth Rock
|-ability|p1a: Landorus|Intimidate|boost
|-unboost|p2a: Dragapult|atk|1
|move|p2a: Dragapult|Shadow Ball|p1a: Landorus
|-damage|p1a: Landorus|0 fnt
|faint|p1a: Landorus
|
|upkeep
|
|t:|1643658032
|switch|p1a: Melmetal|Melmetal, shiny|100/100
|-damage|p1a: Melmetal|94/100|[from] Stealth Rock
|turn|9
|
|t:|1643658037
|switch|p2a: NastyInsertion|Toxapex, M|100/100
|move|p1a: Melmetal|Double Iron Bash|p2a: NastyInsertion
|-resisted|p2a: NastyInsertion
|-damage|p2a: NastyInsertion|85/100
|-resisted|p2a: NastyInsertion
|-damage|p2a: NastyInsertion|69/100
|-hitcount|p2a: NastyInsertion|2
|
|-heal|p2a: NastyInsertion|75/100|[from] item: Black Sludge
|upkeep
|turn|10
|
|t:|1643658046
|move|p2a: NastyInsertion|Scald|p1a: Melmetal
|-damage|p1a: Melmetal|80/100
|move|p1a: Melmetal|Earthquake|p2a: NastyInsertion
|-supereffective|p2a: NastyInsertion
|-damage|p2a: NastyInsertion|18/100
|
|-heal|p2a: NastyInsertion|24/100|[from] item: Black Sludge
|upkeep
|turn|11
|
|t:|1643658053
|switch|p2a: SoftontheInside|Ferrothorn, M|100/100
|move|p1a: Melmetal|Ice Punch|p2a: SoftontheInside
|-damage|p2a: SoftontheInside|76/100
|-damage|p1a: Melmetal|68/100|[from] ability: Iron Barbs|[of] p2a: SoftontheInside
|-damage|p1a: Melmetal|51/100|[from] item: Rocky Helmet|[of] p2a: SoftontheInside
|
|upkeep
|turn|12
|
|t:|1643658063
|switch|p1a: Regieleki|Regieleki, shiny|100/100
|-damage|p1a: Regieleki|88/100|[from] Stealth Rock
|move|p2a: SoftontheInside|Leech Seed|p1a: Regieleki
|-start|p1a: Regieleki|move: Leech Seed
|
|-damage|p1a: Regieleki|76/100|[from] Leech Seed|[of] p2a: SoftontheInside
|-heal|p2a: SoftontheInside|86/100|[silent]
|upkeep
|turn|13
|
|t:|1643658071
|switch|p2a: Dragapult|Dragapult, M|100/100
|move|p1a: Regieleki|Rapid Spin|p2a: Dragapult
|-immune|p2a: Dragapult
|
|-damage|p1a: Regieleki|64/100|[from] Leech Seed|[of] p2a: Dragapult
|upkeep
|turn|14
|
|t:|1643658077
|move|p1a: Regieleki|Volt Switch|p2a: Dragapult
|-resisted|p2a: Dragapult
|-damage|p2a: Dragapult|65/100
|
|t:|1643658081
|switch|p1a: Tapu Fini|Tapu Fini, shiny|82/100|[from]move: Volt Switch
|-damage|p1a: Tapu Fini|69/100|[from] Stealth Rock
|-fieldstart|move: Misty Terrain|[from] ability: Misty Surge|[of] p1a: Tapu Fini
|move|p2a: Dragapult|Shadow Ball|p1a: Tapu Fini
|-damage|p1a: Tapu Fini|40/100
|
|-heal|p1a: Tapu Fini|46/100|[from] item: Leftovers
|upkeep
|turn|15
|
|t:|1643658091
|switch|p2a: SoftontheInside|Ferrothorn, M|86/100
|switch|p1a: Regieleki|Regieleki, shiny|64/100
|-damage|p1a: Regieleki|51/100|[from] Stealth Rock
|
|upkeep
|turn|16
|
|t:|1643658098
|move|p1a: Regieleki|Rapid Spin|p2a: SoftontheInside
|-resisted|p2a: SoftontheInside
|-damage|p2a: SoftontheInside|83/100
|-boost|p1a: Regieleki|spe|1
|-damage|p1a: Regieleki|39/100|[from] ability: Iron Barbs|[of] p2a: SoftontheInside
|-damage|p1a: Regieleki|22/100|[from] item: Rocky Helmet|[of] p2a: SoftontheInside
|-sideend|p1: Arcangel666|Stealth Rock|[from] move: Rapid Spin|[of] p1a: Regieleki
|move|p2a: SoftontheInside|Spikes|p1a: Regieleki
|-sidestart|p1: Arcangel666|Spikes
|
|upkeep
|turn|17
|
|t:|1643658106
|move|p1a: Regieleki|Electro Ball|p2a: SoftontheInside
|-resisted|p2a: SoftontheInside
|-damage|p2a: SoftontheInside|42/100
|move|p2a: SoftontheInside|Leech Seed|p1a: Regieleki
|-start|p1a: Regieleki|move: Leech Seed
|
|-damage|p1a: Regieleki|10/100|[from] Leech Seed|[of] p2a: SoftontheInside
|-heal|p2a: SoftontheInside|53/100|[silent]
|upkeep
|turn|18
|
|t:|1643658113
|move|p1a: Regieleki|Rapid Spin|p2a: SoftontheInside
|-resisted|p2a: SoftontheInside
|-damage|p2a: SoftontheInside|49/100
|-boost|p1a: Regieleki|spe|1
|-damage|p1a: Regieleki|0 fnt|[from] ability: Iron Barbs|[of] p2a: SoftontheInside
|faint|p1a: Regieleki
|move|p2a: SoftontheInside|Stealth Rock|p1: Regieleki
|-sidestart|p1: Arcangel666|move: Stealth Rock
|
|-fieldend|Misty Terrain
|upkeep
|
|t:|1643658116
|switch|p1a: Dragapult|Dragapult, M, shiny|100/100
|-damage|p1a: Dragapult|88/100|[from] Stealth Rock
|-damage|p1a: Dragapult|76/100|[from] Spikes
|turn|19
|
|t:|1643658124
|move|p1a: Dragapult|Substitute|p1a: Dragapult
|-start|p1a: Dragapult|Substitute
|-damage|p1a: Dragapult|51/100
|move|p2a: SoftontheInside|Gyro Ball|p1a: Dragapult
|-end|p1a: Dragapult|Substitute
|
|-heal|p1a: Dragapult|57/100|[from] item: Leftovers
|upkeep
|turn|20
|
|t:|1643658130
|move|p1a: Dragapult|Phantom Force||[still]
|-prepare|p1a: Dragapult|Phantom Force
|move|p2a: SoftontheInside|Gyro Ball|p1a: Dragapult|[miss]
|-miss|p2a: SoftontheInside|p1a: Dragapult
|
|-heal|p1a: Dragapult|63/100|[from] item: Leftovers
|upkeep
|turn|21
|
|t:|1643658136
|move|p1a: Dragapult|Phantom Force|p2a: SoftontheInside|[from]lockedmove
|-damage|p2a: SoftontheInside|14/100
|-damage|p1a: Dragapult|51/100|[from] ability: Iron Barbs|[of] p2a: SoftontheInside
|-damage|p1a: Dragapult|34/100|[from] item: Rocky Helmet|[of] p2a: SoftontheInside
|move|p2a: SoftontheInside|Gyro Ball|p1a: Dragapult
|-damage|p1a: Dragapult|0 fnt
|faint|p1a: Dragapult
|
|upkeep
|
|t:|1643658140
|switch|p1a: Hydreigon|Hydreigon, M, shiny|16/100
|-damage|p1a: Hydreigon|4/100|[from] Stealth Rock
|turn|22
|
|t:|1643658147
|move|p1a: Hydreigon|Dark Pulse|p2a: SoftontheInside
|-damage|p2a: SoftontheInside|0 fnt
|faint|p2a: SoftontheInside
|-damage|p1a: Hydreigon|0 fnt|[from] item: Life Orb
|faint|p1a: Hydreigon
|
|upkeep
|
|t:|1643658155
|switch|p1a: Tapu Fini|Tapu Fini, shiny|46/100
|switch|p2a: BillieEllish|Landorus-Therian, M|84/100
|-ability|p2a: BillieEllish|Intimidate|boost
|-unboost|p1a: Tapu Fini|atk|1
|-damage|p1a: Tapu Fini|34/100|[from] Stealth Rock
|-damage|p1a: Tapu Fini|21/100|[from] Spikes
|-fieldstart|move: Misty Terrain|[from] ability: Misty Surge|[of] p1a: Tapu Fini
|turn|23
|
|t:|1643658163
|move|p2a: BillieEllish|Earthquake|p1a: Tapu Fini
|-damage|p1a: Tapu Fini|0 fnt
|faint|p1a: Tapu Fini
|
|upkeep
|
|t:|1643658164
|switch|p1a: Melmetal|Melmetal, shiny|51/100
|-damage|p1a: Melmetal|39/100|[from] Spikes
|-damage|p1a: Melmetal|33/100|[from] Stealth Rock
|turn|24
|
|t:|1643658171
|move|p2a: BillieEllish|Earthquake|p1a: Melmetal
|-supereffective|p1a: Melmetal
|-damage|p1a: Melmetal|0 fnt
|faint|p1a: Melmetal
|
|win|Le-Perpetrator
|raw|Arcangel666's rating: 1685 &rarr; <strong>1666</strong><br />(-19 for losing)
|raw|Le-Perpetrator's rating: 1695 &rarr; <strong>1714</strong><br />(+19 for winning)
|l|☆Arcangel666
