|j|☆beastyj157
|j|☆megawars
|inactive|Battle timer is ON: inactive players will automatically lose when time's up.
|t:|1655592313
|gametype|singles
|player|p1|beastyj157|skierf|
|player|p2|megawars|2|
|teamsize|p1|6
|teamsize|p2|6
|gen|8
|tier|[Gen 8] OU
|rated|Tournament battle
|rule|Sleep Clause Mod: Limit one foe put to sleep
|rule|Species Clause: Limit one of each Pokémon
|rule|OHKO Clause: OHKO moves are banned
|rule|Evasion Moves Clause: Evasion moves are banned
|rule|Endless Battle Clause: Forcing endless battles is banned
|rule|HP Percentage Mod: HP is shown in percentages
|rule|Dynamax Clause: You cannot dynamax
|clearpoke
|poke|p1|Nidoking, M|
|poke|p1|Slowbro, M|
|poke|p1|Heatran, F|
|poke|p1|Landorus-Therian, M|
|poke|p1|Weavile, F|
|poke|p1|Tornadus-Therian, M|
|poke|p2|Pelipper, M|
|poke|p2|Tornadus-Therian, M|
|poke|p2|Kingdra, F|
|poke|p2|Barraskewda, F|
|poke|p2|Tapu Koko|
|poke|p2|Ferrothorn, M|
|teampreview
|inactive|beastyj157 also wants the timer to be on.
|inactive|megawars also wants the timer to be on.
|j| Lacksatives
|j|%Sww-Suwa
|j| UltraHikariBeam
|
|t:|1655592322
|start
|switch|p1a: Tornadus|Tornadus-Therian, M|100/100
|switch|p2a: Pelipper|Pelipper, M|100/100
|-weather|RainDance|[from] ability: Drizzle|[of] p2a: Pelipper
|turn|1
|j| jack grass
|j| Rosaism
|c| Lacksatives|the king of OU has arrived
|
|t:|1655592330
|switch|p2a: Tapu Koko|Tapu Koko|100/100
|-fieldstart|move: Electric Terrain|[from] ability: Electric Surge|[of] p2a: Tapu Koko
|move|p1a: Tornadus|Knock Off|p2a: Tapu Koko
|-resisted|p2a: Tapu Koko
|-damage|p2a: Tapu Koko|87/100
|-enditem|p2a: Tapu Koko|Life Orb|[from] move: Knock Off|[of] p1a: Tornadus
|
|-weather|RainDance|[upkeep]
|upkeep
|turn|2
|j| Trailblazer324
|j| AmphibiansRiseUp
|c| Lacksatives|and
|c| Lacksatives|obligatory judgment on rain here
|j| Pinecoishot
|
|t:|1655592341
|switch|p2a: Kingdra|Kingdra, F|100/100
|switch|p1a: Nidoking|Nidoking, M|100/100
|
|-weather|RainDance|[upkeep]
|upkeep
|turn|3
|j| ferawwsadc
|c|☆beastyj157|f rain man
|inactive|beastyj157 has 120 seconds left.
|
|t:|1655592380
|switch|p1a: Slowbro|Slowbro, M|100/100
|move|p2a: Kingdra|Draco Meteor|p1a: Slowbro
|-damage|p1a: Slowbro|10/100
|-unboost|p2a: Kingdra|spa|2
|
|-weather|RainDance|[upkeep]
|upkeep
|turn|4
|l| ferawwsadc
|inactive|beastyj157 has 120 seconds left.
|
|t:|1655592389
|switch|p2a: Barraskewda|Barraskewda, F|100/100
|switch|p1a: Tornadus|Tornadus-Therian, M|100/100
|
|-weather|RainDance|[upkeep]
|upkeep
|turn|5
|j| ferawwsadc
|l| ferawwsadc
|inactive|beastyj157 has 120 seconds left.
|
|t:|1655592406
|move|p2a: Barraskewda|Liquidation|p1a: Tornadus
|-damage|p1a: Tornadus|0 fnt
|faint|p1a: Tornadus
|
|-weather|RainDance|[upkeep]
|-fieldend|move: Electric Terrain
|upkeep
|
|t:|1655592411
|switch|p1a: Slowbro|Slowbro, M|44/100
|turn|6
|j| MassiveCrappers
|
|t:|1655592421
|switch|p2a: Tornadus|Tornadus-Therian, M|100/100
|move|p1a: Slowbro|Teleport|p1a: Slowbro
|j| cjw405
|
|t:|1655592430
|switch|p1a: Weavile|Weavile, F|100/100|[from]move: Teleport
|-ability|p1a: Weavile|Pressure
|
|-weather|RainDance|[upkeep]
|upkeep
|turn|7
|
|t:|1655592437
|switch|p1a: Heatran|Heatran, F|100/100
|switch|p2a: Ferrothorn|Ferrothorn, M|100/100
|
|-weather|RainDance|[upkeep]
|upkeep
|turn|8
|
|t:|1655592446
|move|p1a: Heatran|Magma Storm|p2a: Ferrothorn
|-supereffective|p2a: Ferrothorn
|-damage|p2a: Ferrothorn|28/100
|-activate|p2a: Ferrothorn|move: Magma Storm|[of] p1a: Heatran
|move|p2a: Ferrothorn|Stealth Rock|p1a: Heatran
|-sidestart|p1: beastyj157|move: Stealth Rock
|
|-weather|none
|-heal|p2a: Ferrothorn|34/100|[from] item: Leftovers
|-damage|p2a: Ferrothorn|22/100|[from] move: Magma Storm|[partiallytrapped]
|upkeep
|turn|9
|j| Masters8Trainer
|
|t:|1655592451
|move|p1a: Heatran|Earth Power|p2a: Ferrothorn
|-damage|p2a: Ferrothorn|0 fnt
|faint|p2a: Ferrothorn
|
|upkeep
|
|t:|1655592454
|switch|p2a: Pelipper|Pelipper, M|100/100
|-weather|RainDance|[from] ability: Drizzle|[of] p2a: Pelipper
|turn|10
|
|t:|1655592480
|switch|p1a: Slowbro|Slowbro, M|77/100
|-damage|p1a: Slowbro|65/100|[from] Stealth Rock
|move|p2a: Pelipper|Scald|p1a: Slowbro
|-resisted|p1a: Slowbro
|-damage|p1a: Slowbro|42/100
|-status|p1a: Slowbro|brn
|
|-weather|RainDance|[upkeep]
|-damage|p1a: Slowbro|36/100 brn|[from] brn
|upkeep
|turn|11
|
|t:|1655592483
|move|p2a: Pelipper|U-turn|p1a: Slowbro
|-supereffective|p1a: Slowbro
|-damage|p1a: Slowbro|26/100 brn
|
|t:|1655592489
|switch|p2a: Kingdra|Kingdra, F|100/100|[from]move: U-turn
|move|p1a: Slowbro|Slack Off|p1a: Slowbro
|-heal|p1a: Slowbro|77/100 brn
|
|-weather|RainDance|[upkeep]
|-damage|p1a: Slowbro|70/100 brn|[from] brn
|upkeep
|turn|12
|c| MassiveCrappers|mu loss
|inactive|beastyj157 has 120 seconds left.
|
|t:|1655592523
|move|p2a: Kingdra|Surf|p1a: Slowbro
|-resisted|p1a: Slowbro
|-damage|p1a: Slowbro|22/100 brn
|move|p1a: Slowbro|Slack Off|p1a: Slowbro
|-heal|p1a: Slowbro|72/100 brn
|
|-weather|RainDance|[upkeep]
|-damage|p1a: Slowbro|66/100 brn|[from] brn
|upkeep
|turn|13
|
|t:|1655592531
|move|p2a: Kingdra|Surf|p1a: Slowbro
|-resisted|p1a: Slowbro
|-damage|p1a: Slowbro|16/100 brn
|move|p1a: Slowbro|Teleport|p1a: Slowbro
|
|t:|1655592538
|switch|p1a: Landorus|Landorus-Therian, M|100/100|[from]move: Teleport
|-damage|p1a: Landorus|88/100|[from] Stealth Rock
|-ability|p1a: Landorus|Intimidate|boost
|-unboost|p2a: Kingdra|atk|1
|
|-weather|RainDance|[upkeep]
|-heal|p1a: Landorus|94/100|[from] item: Leftovers
|upkeep
|turn|14
|l|%Sww-Suwa
|
|t:|1655592551
|switch|p1a: Heatran|Heatran, F|100/100
|-damage|p1a: Heatran|88/100|[from] Stealth Rock
|move|p2a: Kingdra|Surf|p1a: Heatran
|-supereffective|p1a: Heatran
|-damage|p1a: Heatran|0 fnt
|faint|p1a: Heatran
|
|-weather|RainDance|[upkeep]
|upkeep
|
|t:|1655592553
|switch|p1a: Slowbro|Slowbro, M|49/100 brn
|-damage|p1a: Slowbro|37/100 brn|[from] Stealth Rock
|turn|15
|c|☆beastyj157|i messed up
|
|t:|1655592563
|switch|p1a: Landorus|Landorus-Therian, M|94/100
|-damage|p1a: Landorus|82/100|[from] Stealth Rock
|-ability|p1a: Landorus|Intimidate|boost
|-unboost|p2a: Kingdra|atk|1
|move|p2a: Kingdra|Surf|p1a: Landorus
|-supereffective|p1a: Landorus
|-damage|p1a: Landorus|0 fnt
|faint|p1a: Landorus
|
|-weather|RainDance|[upkeep]
|upkeep
|
|t:|1655592565
|switch|p1a: Slowbro|Slowbro, M|70/100 brn
|-damage|p1a: Slowbro|57/100 brn|[from] Stealth Rock
|turn|16
|
|t:|1655592566
|move|p2a: Kingdra|Surf|p1a: Slowbro
|-resisted|p1a: Slowbro
|-damage|p1a: Slowbro|9/100 brn
|move|p1a: Slowbro|Slack Off|p1a: Slowbro
|-heal|p1a: Slowbro|59/100 brn
|
|-weather|RainDance|[upkeep]
|-damage|p1a: Slowbro|53/100 brn|[from] brn
|upkeep
|turn|17
|
|t:|1655592570
|move|p2a: Kingdra|Surf|p1a: Slowbro
|-resisted|p1a: Slowbro
|-damage|p1a: Slowbro|2/100 brn
|move|p1a: Slowbro|Slack Off|p1a: Slowbro
|-heal|p1a: Slowbro|52/100 brn
|
|-weather|none
|-damage|p1a: Slowbro|46/100 brn|[from] brn
|upkeep
|turn|18
|
|t:|1655592573
|switch|p2a: Pelipper|Pelipper, M|100/100
|-weather|RainDance|[from] ability: Drizzle|[of] p2a: Pelipper
|move|p1a: Slowbro|Teleport|p1a: Slowbro
|
|t:|1655592575
|switch|p1a: Nidoking|Nidoking, M|100/100|[from]move: Teleport
|-damage|p1a: Nidoking|95/100|[from] Stealth Rock
|
|-weather|RainDance|[upkeep]
|upkeep
|turn|19
|
|t:|1655592586
|switch|p2a: Tapu Koko|Tapu Koko|87/100
|-fieldstart|move: Electric Terrain|[from] ability: Electric Surge|[of] p2a: Tapu Koko
|move|p1a: Nidoking|Sludge Wave|p2a: Tapu Koko
|-supereffective|p2a: Tapu Koko
|-damage|p2a: Tapu Koko|0 fnt
|faint|p2a: Tapu Koko
|
|-weather|RainDance|[upkeep]
|upkeep
|
|t:|1655592591
|switch|p2a: Kingdra|Kingdra, F|100/100
|turn|20
|
|t:|1655592596
|switch|p1a: Weavile|Weavile, F|100/100
|-ability|p1a: Weavile|Pressure
|move|p2a: Kingdra|Surf|p1a: Weavile
|-damage|p1a: Weavile|0 fnt
|faint|p1a: Weavile
|
|-weather|RainDance|[upkeep]
|upkeep
|
|t:|1655592597
|switch|p1a: Slowbro|Slowbro, M|79/100 brn
|-damage|p1a: Slowbro|66/100 brn|[from] Stealth Rock
|turn|21
|l| Lacksatives
|c| jack grass|i feel like youd have to have led nido to do anything
|
|t:|1655592609
|switch|p2a: Tornadus|Tornadus-Therian, M|100/100
|move|p1a: Slowbro|Slack Off|p1a: Slowbro
|-heal|p1a: Slowbro|100/100 brn
|
|-weather|RainDance|[upkeep]
|-damage|p1a: Slowbro|94/100 brn|[from] brn
|upkeep
|turn|22
|c| MassiveCrappers|rain is so shit
|j|%Sww-Suwa
|c|☆beastyj157|wdym its bad
|c|☆beastyj157|its braindead but still op
|c| MassiveCrappers|playing against it i mean
|inactive|beastyj157 has 120 seconds left.
|
|t:|1655592645
|move|p2a: Tornadus|Knock Off|p1a: Slowbro
|-supereffective|p1a: Slowbro
|-crit|p1a: Slowbro
|-enditem|p1a: Slowbro|Colbur Berry|[eat]
|-enditem|p1a: Slowbro|Colbur Berry|[weaken]
|-damage|p1a: Slowbro|78/100 brn
|move|p1a: Slowbro|Slack Off|p1a: Slowbro
|-heal|p1a: Slowbro|100/100 brn
|
|-weather|RainDance|[upkeep]
|-damage|p1a: Slowbro|94/100 brn|[from] brn
|upkeep
|turn|23
|
|t:|1655592651
|move|p2a: Tornadus|Hurricane|p1a: Slowbro
|-damage|p1a: Slowbro|37/100 brn
|move|p1a: Slowbro|Scald|p2a: Tornadus
|-damage|p2a: Tornadus|64/100
|-status|p2a: Tornadus|brn
|
|-weather|RainDance|[upkeep]
|-damage|p2a: Tornadus|58/100 brn|[from] brn
|-damage|p1a: Slowbro|31/100 brn|[from] brn
|-fieldend|move: Electric Terrain
|upkeep
|turn|24
|j| nonamereally
|c|☆beastyj157|why did i do that
|inactive|beastyj157 has 120 seconds left.
|
|t:|1655592669
|switch|p1a: Nidoking|Nidoking, M|95/100
|-damage|p1a: Nidoking|89/100|[from] Stealth Rock
|move|p2a: Tornadus|Hurricane|p1a: Nidoking
|-damage|p1a: Nidoking|2/100
|
|-weather|RainDance|[upkeep]
|-damage|p2a: Tornadus|52/100 brn|[from] brn
|upkeep
|turn|25
|
|t:|1655592673
|move|p2a: Tornadus|Hurricane|p1a: Nidoking
|-damage|p1a: Nidoking|0 fnt
|faint|p1a: Nidoking
|
|-weather|none
|-damage|p2a: Tornadus|46/100 brn|[from] brn
|upkeep
|
|t:|1655592674
|switch|p1a: Slowbro|Slowbro, M|64/100 brn
|-damage|p1a: Slowbro|52/100 brn|[from] Stealth Rock
|turn|26
|
|t:|1655592678
|move|p2a: Tornadus|U-turn|p1a: Slowbro
|-supereffective|p1a: Slowbro
|-damage|p1a: Slowbro|44/100 brn
|
|t:|1655592680
|switch|p2a: Pelipper|Pelipper, M|100/100|[from]move: U-turn
|-weather|RainDance|[from] ability: Drizzle|[of] p2a: Pelipper
|move|p1a: Slowbro|Slack Off|p1a: Slowbro
|-heal|p1a: Slowbro|94/100 brn
|
|-weather|RainDance|[upkeep]
|-damage|p1a: Slowbro|88/100 brn|[from] brn
|upkeep
|turn|27
|l| cjw405
|
|t:|1655592685
|move|p2a: Pelipper|U-turn|p1a: Slowbro
|-supereffective|p1a: Slowbro
|-damage|p1a: Slowbro|78/100 brn
|
|t:|1655592688
|switch|p2a: Tornadus|Tornadus-Therian, M|79/100 brn|[from]move: U-turn
|move|p1a: Slowbro|Future Sight|p2a: Tornadus
|-start|p1a: Slowbro|move: Future Sight
|
|-weather|RainDance|[upkeep]
|-damage|p2a: Tornadus|73/100 brn|[from] brn
|-damage|p1a: Slowbro|71/100 brn|[from] brn
|upkeep
|turn|28
|
|t:|1655592692
|move|p2a: Tornadus|Hurricane|p1a: Slowbro
|-damage|p1a: Slowbro|16/100 brn
|move|p1a: Slowbro|Slack Off|p1a: Slowbro
|-heal|p1a: Slowbro|66/100 brn
|
|-weather|RainDance|[upkeep]
|-damage|p2a: Tornadus|67/100 brn|[from] brn
|-damage|p1a: Slowbro|60/100 brn|[from] brn
|upkeep
|turn|29
|
|t:|1655592695
|move|p2a: Tornadus|Hurricane|p1a: Slowbro
|-damage|p1a: Slowbro|11/100 brn
|move|p1a: Slowbro|Slack Off|p1a: Slowbro
|-heal|p1a: Slowbro|61/100 brn
|
|-weather|RainDance|[upkeep]
|-end|p2a: Tornadus|move: Future Sight
|-damage|p2a: Tornadus|32/100 brn
|-damage|p2a: Tornadus|26/100 brn|[from] brn
|-damage|p1a: Slowbro|55/100 brn|[from] brn
|upkeep
|turn|30
|
|t:|1655592699
|switch|p2a: Pelipper|Pelipper, M|100/100
|move|p1a: Slowbro|Slack Off|p1a: Slowbro
|-heal|p1a: Slowbro|100/100 brn
|
|-weather|RainDance|[upkeep]
|-damage|p1a: Slowbro|94/100 brn|[from] brn
|upkeep
|turn|31
|
|t:|1655592708
|move|p2a: Pelipper|U-turn|p1a: Slowbro
|-supereffective|p1a: Slowbro
|-damage|p1a: Slowbro|85/100 brn
|
|t:|1655592711
|switch|p2a: Kingdra|Kingdra, F|100/100|[from]move: U-turn
|move|p1a: Slowbro|Future Sight|p2a: Kingdra
|-start|p1a: Slowbro|move: Future Sight
|
|-weather|RainDance|[upkeep]
|-damage|p1a: Slowbro|79/100 brn|[from] brn
|upkeep
|turn|32
|
|t:|1655592717
|move|p2a: Kingdra|Draco Meteor|p1a: Slowbro
|-damage|p1a: Slowbro|0 fnt
|-unboost|p2a: Kingdra|spa|2
|faint|p1a: Slowbro
|
|win|megawars
|n|☆beastyj157|beastyj157
|n|☆megawars|megawars
|n| UltraHikariBeam|ultrahikaribeam
|n| jack grass|jackgrass
|n| Rosaism|rosaism
|n| Trailblazer324|trailblazer324
|n| AmphibiansRiseUp|amphibiansriseup
|n| Pinecoishot|pinecoishot
|n| MassiveCrappers|massivecrappers
|n| Masters8Trainer|masters8trainer
|n| Sww-Suwa|swwsuwa
|n| nonamereally|nonamereally
