|raw|<div class="broadcast-blue"><strong>This battle is required to be public due to a player having a name starting with 'lt91bb'.</div>
|j|☆SirFresh
|j|☆LT91BB Storm
|t:|1659191002
|gametype|singles
|player|p1|SirFresh|palmer|1768
|player|p2|LT91BB Storm|#wcop2021latinamerica|1881
|teamsize|p1|6
|teamsize|p2|6
|gen|8
|tier|[Gen 8] OU
|rated|
|rule|Sleep Clause Mod: Limit one foe put to sleep
|rule|Species Clause: Limit one of each Pokémon
|rule|OHKO Clause: OHKO moves are banned
|rule|Evasion Moves Clause: Evasion moves are banned
|rule|Endless Battle Clause: Forcing endless battles is banned
|rule|HP Percentage Mod: HP is shown in percentages
|rule|Dynamax Clause: You cannot dynamax
|clearpoke
|poke|p1|Tapu Lele|
|poke|p1|Umbreon, M|
|poke|p1|Corviknight, M|
|poke|p1|Kartana|
|poke|p1|Garchomp, M|
|poke|p1|Blaziken, M|
|poke|p2|Volcarona, M|
|poke|p2|Magnezone|
|poke|p2|Landorus-Therian, M|
|poke|p2|Hatterene, F|
|poke|p2|Toxapex, M|
|poke|p2|Weavile, M|
|teampreview
|j| Popikh
|
|t:|1659191013
|start
|switch|p1a: Tapu Lele|Tapu Lele|100/100
|switch|p2a: Enten|Landorus-Therian, M, shiny|100/100
|-ability|p2a: Enten|Intimidate|boost
|-unboost|p1a: Tapu Lele|atk|1
|-fieldstart|move: Psychic Terrain|[from] ability: Psychic Surge|[of] p1a: Tapu Lele
|turn|1
|
|t:|1659191024
|move|p2a: Enten|U-turn|p1a: Tapu Lele
|-damage|p1a: Tapu Lele|63/100
|j| Chimatsu
|
|t:|1659191028
|switch|p2a: Grimlock|Magnezone, shiny|100/100|[from]move: U-turn
|move|p1a: Tapu Lele|Moonblast|p2a: Grimlock
|-resisted|p2a: Grimlock
|-damage|p2a: Grimlock|79/100
|-unboost|p2a: Grimlock|spa|1
|
|upkeep
|turn|2
|
|t:|1659191033
|switch|p1a: Garchomp|Garchomp, M|100/100
|move|p2a: Grimlock|Flash Cannon|p1a: Garchomp
|-crit|p1a: Garchomp
|-damage|p1a: Garchomp|44/100
|
|upkeep
|turn|3
|j| Edrala
|
|t:|1659191038
|switch|p2a: Lacey Evans|Hatterene, F, shiny|100/100
|move|p1a: Garchomp|Earthquake|p2a: Lacey Evans
|-damage|p2a: Lacey Evans|44/100
|
|upkeep
|turn|4
|j| ACII
|
|t:|1659191047
|switch|p2a: Enten|Landorus-Therian, M, shiny|100/100
|-ability|p2a: Enten|Intimidate|boost
|-unboost|p1a: Garchomp|atk|1
|move|p1a: Garchomp|Earthquake|p2a: Enten
|-immune|p2a: Enten
|
|upkeep
|turn|5
|
|t:|1659191050
|move|p2a: Enten|U-turn|p1a: Garchomp
|-crit|p1a: Garchomp
|-damage|p1a: Garchomp|8/100
|-damage|p2a: Enten|88/100|[from] ability: Rough Skin|[of] p1a: Garchomp
|-damage|p2a: Enten|72/100|[from] item: Rocky Helmet|[of] p1a: Garchomp
|
|t:|1659191052
|switch|p2a: Grimlock|Magnezone, shiny|79/100|[from]move: U-turn
|move|p1a: Garchomp|Earthquake|p2a: Grimlock
|-supereffective|p2a: Grimlock
|-crit|p2a: Grimlock
|-damage|p2a: Grimlock|0 fnt
|faint|p2a: Grimlock
|
|-fieldend|move: Psychic Terrain
|upkeep
|l| ACII
|
|t:|1659191057
|switch|p2a: Bandit|Weavile, M, shiny|100/100
|-ability|p2a: Bandit|Pressure
|turn|6
|
|t:|1659191062
|switch|p1a: Corviknight|Corviknight, M|100/100
|-ability|p1a: Corviknight|Pressure
|move|p2a: Bandit|Knock Off|p1a: Corviknight
|-damage|p1a: Corviknight|59/100
|-damage|p2a: Bandit|84/100|[from] item: Rocky Helmet|[of] p1a: Corviknight
|-enditem|p1a: Corviknight|Rocky Helmet|[from] move: Knock Off|[of] p2a: Bandit
|
|upkeep
|turn|7
|j| LT91BB qtipsa
|j| LT91BB Liou
|j| LT91BB Rapty
|j| omeganot36
|l| LT91BB Liou
|j| Shiox
|j|+susciety
|j| Phxo'
|j| LT91BB croo
|
|t:|1659191098
|switch|p2a: Serpentine|Toxapex, M, shiny|100/100
|move|p1a: Corviknight|U-turn|p2a: Serpentine
|-resisted|p2a: Serpentine
|-damage|p2a: Serpentine|95/100
|-enditem|p2a: Serpentine|Eject Button
|j| LT91BB FustJranco
|
|t:|1659191108
|switch|p2a: Lacey Evans|Hatterene, F, shiny|44/100
|
|upkeep
|turn|8
|j| LT91BB Ruby
|j| fvffdfd
|j| Xellow
|j| LT91BB Tace
|j| lzaaaaa
|
|t:|1659191120
|move|p1a: Corviknight|Brave Bird|p2a: Lacey Evans
|-damage|p2a: Lacey Evans|0 fnt
|faint|p2a: Lacey Evans
|-damage|p1a: Corviknight|50/100|[from] Recoil
|
|upkeep
|
|t:|1659191123
|switch|p2a: Amaterasu|Volcarona, M, shiny|100/100
|turn|9
|j| LT91BB margiella
|
|t:|1659191127
|move|p2a: Amaterasu|Flamethrower|p1a: Corviknight
|-supereffective|p1a: Corviknight
|-damage|p1a: Corviknight|0 fnt
|faint|p1a: Corviknight
|-damage|p2a: Amaterasu|91/100|[from] item: Life Orb
|
|upkeep
|j| Venositile
|j| CALL THE CREW
|
|t:|1659191134
|switch|p1a: Garchomp|Garchomp, M|8/100
|turn|10
|j| AlIoutdragadarts
|j| AxCypher
|j| maeve68
|
|t:|1659191143
|switch|p2a: Enten|Landorus-Therian, M, shiny|72/100
|-ability|p2a: Enten|Intimidate|boost
|-unboost|p1a: Garchomp|atk|1
|move|p1a: Garchomp|Stealth Rock|p2a: Enten
|-sidestart|p2: LT91BB Storm|move: Stealth Rock
|
|upkeep
|turn|11
|l| AlIoutdragadarts
|j| Skoma
|j| Heinrich Kemmler
|j| Anonymous43567
|l| Heinrich Kemmler
|
|t:|1659191155
|switch|p1a: Umbreon|Umbreon, M|100/100
|move|p2a: Enten|Earthquake|p1a: Umbreon
|-damage|p1a: Umbreon|58/100
|
|-heal|p1a: Umbreon|64/100|[from] item: Leftovers
|upkeep
|turn|12
|
|t:|1659191158
|move|p2a: Enten|Earthquake|p1a: Umbreon
|-damage|p1a: Umbreon|17/100
|move|p1a: Umbreon|Foul Play|p2a: Enten
|-damage|p2a: Enten|13/100
|
|-heal|p1a: Umbreon|23/100|[from] item: Leftovers
|upkeep
|turn|13
|j| Trannos
|l| LT91BB qtipsa
|j| CallMePrimal
|
|t:|1659191168
|move|p2a: Enten|Earthquake|p1a: Umbreon
|-damage|p1a: Umbreon|0 fnt
|faint|p1a: Umbreon
|
|upkeep
|j| LT91BB oakdeon
|
|t:|1659191172
|switch|p1a: Kartana|Kartana|100/100
|turn|14
|j| mncmt
|
|t:|1659191177
|move|p1a: Kartana|Knock Off|p2a: Enten
|-damage|p2a: Enten|0 fnt
|-enditem|p2a: Enten|Choice Scarf|[from] move: Knock Off|[of] p1a: Kartana
|faint|p2a: Enten
|-ability|p1a: Kartana|Beast Boost|boost
|-boost|p1a: Kartana|atk|1
|
|upkeep
|j| marsandback
|
|t:|1659191183
|switch|p2a: Serpentine|Toxapex, M, shiny|100/100
|-damage|p2a: Serpentine|88/100|[from] Stealth Rock
|turn|15
|l| CALL THE CREW
|
|t:|1659191188
|switch|p1a: Garchomp|Garchomp, M|8/100
|move|p2a: Serpentine|Toxic|p1a: Garchomp
|-status|p1a: Garchomp|tox
|
|-damage|p1a: Garchomp|1/100 tox|[from] psn
|upkeep
|turn|16
|
|t:|1659191191
|move|p1a: Garchomp|Earthquake|p2a: Serpentine
|-supereffective|p2a: Serpentine
|-damage|p2a: Serpentine|24/100
|move|p2a: Serpentine|Recover|p2a: Serpentine
|-heal|p2a: Serpentine|74/100
|
|-damage|p1a: Garchomp|0 fnt|[from] psn
|faint|p1a: Garchomp
|upkeep
|
|t:|1659191196
|switch|p1a: Blaziken|Blaziken, M|100/100
|turn|17
|j| Drunkensailer
|
|t:|1659191201
|move|p1a: Blaziken|Swords Dance|p1a: Blaziken
|-boost|p1a: Blaziken|atk|2
|move|p2a: Serpentine|Toxic|p1a: Blaziken
|-status|p1a: Blaziken|tox
|
|-damage|p1a: Blaziken|95/100 tox|[from] psn
|-ability|p1a: Blaziken|Speed Boost|boost
|-boost|p1a: Blaziken|spe|1
|upkeep
|turn|18
|
|t:|1659191204
|move|p1a: Blaziken|Thunder Punch|p2a: Serpentine
|-supereffective|p2a: Serpentine
|-crit|p2a: Serpentine
|-damage|p2a: Serpentine|0 fnt
|faint|p2a: Serpentine
|-damage|p1a: Blaziken|85/100 tox|[from] item: Life Orb
|
|-damage|p1a: Blaziken|73/100 tox|[from] psn
|-ability|p1a: Blaziken|Speed Boost|boost
|-boost|p1a: Blaziken|spe|1
|upkeep
|
|t:|1659191208
|switch|p2a: Bandit|Weavile, M, shiny|84/100
|-damage|p2a: Bandit|59/100|[from] Stealth Rock
|-ability|p2a: Bandit|Pressure
|turn|19
|
|t:|1659191214
|move|p2a: Bandit|Ice Shard|p1a: Blaziken
|-resisted|p1a: Blaziken
|-damage|p1a: Blaziken|50/100 tox
|move|p1a: Blaziken|Close Combat|p2a: Bandit
|-supereffective|p2a: Bandit
|-damage|p2a: Bandit|0 fnt
|-unboost|p1a: Blaziken|def|1
|-unboost|p1a: Blaziken|spd|1
|faint|p2a: Bandit
|-damage|p1a: Blaziken|40/100 tox|[from] item: Life Orb
|
|-damage|p1a: Blaziken|22/100 tox|[from] psn
|-ability|p1a: Blaziken|Speed Boost|boost
|-boost|p1a: Blaziken|spe|1
|upkeep
|c|☆SirFresh|Gg
|-message|LT91BB Storm forfeited.
|
|win|SirFresh
|raw|SirFresh's rating: 1768 &rarr; <strong>1795</strong><br />(+27 for winning)
|raw|LT91BB Storm's rating: 1898 &rarr; <strong>1871</strong><br />(-27 for losing)
|l|☆LT91BB Storm
|l| Popikh
|l| Chimatsu
|l| lzaaaaa
|l| Phxo'
|l| AxCypher
