|j|☆roboPOKE
|j|☆JGMCMJR
|t:|1644348771
|gametype|singles
|player|p1|roboPOKE|2|1731
|player|p2|JGMCMJR|volkner|1767
|teamsize|p1|6
|teamsize|p2|6
|gen|8
|tier|[Gen 8] OU
|rated|
|rule|Sleep Clause Mod: Limit one foe put to sleep
|rule|Species Clause: Limit one of each Pokémon
|rule|OHKO Clause: OHKO moves are banned
|rule|Evasion Moves Clause: Evasion moves are banned
|rule|Endless Battle Clause: Forcing endless battles is banned
|rule|HP Percentage Mod: HP is shown in percentages
|rule|Dynamax Clause: You cannot dynamax
|clearpoke
|poke|p1|Omastar, F|
|poke|p1|Weavile, F|
|poke|p1|Kartana|
|poke|p1|Tapu Lele|
|poke|p1|Landorus-Therian, M|
|poke|p1|Dragapult, M|
|poke|p2|Blacephalon|
|poke|p2|Dragapult, M|
|poke|p2|Garchomp, F|
|poke|p2|Mandibuzz, F|
|poke|p2|Toxapex, M|
|poke|p2|Ferrothorn, M|
|teampreview
|j| 10 Million Voices
|
|t:|1644348783
|start
|switch|p1a: Omastar|Omastar, F|100/100
|switch|p2a: Ferrothorn|Ferrothorn, M|100/100
|turn|1
|inactive|Battle timer is ON: inactive players will automatically lose when time's up. (requested by JGMCMJR)
|
|t:|1644348787
|move|p1a: Omastar|Stealth Rock|p2a: Ferrothorn
|-sidestart|p2: JGMCMJR|move: Stealth Rock
|move|p2a: Ferrothorn|Leech Seed|p1a: Omastar
|-start|p1a: Omastar|move: Leech Seed
|
|-damage|p1a: Omastar|88/100|[from] Leech Seed|[of] p2a: Ferrothorn
|upkeep
|turn|2
|
|t:|1644348793
|move|p1a: Omastar|Spikes|p2a: Ferrothorn
|-sidestart|p2: JGMCMJR|Spikes
|move|p2a: Ferrothorn|Knock Off|p1a: Omastar
|-damage|p1a: Omastar|67/100
|-ability|p1a: Omastar|Weak Armor|boost
|-unboost|p1a: Omastar|def|1
|-boost|p1a: Omastar|spe|2
|-enditem|p1a: Omastar|Focus Sash|[from] move: Knock Off|[of] p2a: Ferrothorn
|
|-damage|p1a: Omastar|54/100|[from] Leech Seed|[of] p2a: Ferrothorn
|upkeep
|turn|3
|
|t:|1644348801
|switch|p1a: Kartana|Kartana|100/100
|move|p2a: Ferrothorn|Gyro Ball|p1a: Kartana
|-resisted|p1a: Kartana
|-damage|p1a: Kartana|73/100
|
|upkeep
|turn|4
|
|t:|1644348812
|move|p1a: Kartana|Swords Dance|p1a: Kartana
|-boost|p1a: Kartana|atk|2
|move|p2a: Ferrothorn|Knock Off|p1a: Kartana
|-damage|p1a: Kartana|51/100
|-enditem|p1a: Kartana|Life Orb|[from] move: Knock Off|[of] p2a: Ferrothorn
|
|upkeep
|turn|5
|
|t:|1644348826
|move|p1a: Kartana|Knock Off|p2a: Ferrothorn
|-damage|p2a: Ferrothorn|45/100
|-damage|p1a: Kartana|38/100|[from] ability: Iron Barbs|[of] p2a: Ferrothorn
|-enditem|p2a: Ferrothorn|Leftovers|[from] move: Knock Off|[of] p1a: Kartana
|move|p2a: Ferrothorn|Gyro Ball|p1a: Kartana
|-resisted|p1a: Kartana
|-damage|p1a: Kartana|14/100
|
|upkeep
|turn|6
|
|t:|1644348838
|switch|p2a: Dragapult|Dragapult, M|100/100
|-damage|p2a: Dragapult|88/100|[from] Stealth Rock
|-damage|p2a: Dragapult|76/100|[from] Spikes
|move|p1a: Kartana|Sacred Sword|p2a: Dragapult
|-immune|p2a: Dragapult
|
|upkeep
|turn|7
|
|t:|1644348843
|switch|p1a: Weavile|Weavile, F|100/100
|-ability|p1a: Weavile|Pressure
|move|p2a: Dragapult|U-turn|p1a: Weavile
|-supereffective|p1a: Weavile
|-damage|p1a: Weavile|43/100
|
|t:|1644348852
|switch|p2a: Toxapex|Toxapex, M|100/100|[from]move: U-turn
|-damage|p2a: Toxapex|88/100|[from] Spikes
|-damage|p2a: Toxapex|75/100|[from] Stealth Rock
|
|-heal|p2a: Toxapex|82/100|[from] item: Black Sludge
|upkeep
|turn|8
|
|t:|1644348860
|switch|p1a: Omastar|Omastar, F|54/100
|move|p2a: Toxapex|Scald|p1a: Omastar
|-damage|p1a: Omastar|26/100
|-status|p1a: Omastar|brn
|
|-heal|p2a: Toxapex|88/100|[from] item: Black Sludge
|-damage|p1a: Omastar|20/100 brn|[from] brn
|upkeep
|turn|9
|
|t:|1644348866
|move|p1a: Omastar|Shell Smash|p1a: Omastar
|-unboost|p1a: Omastar|def|1
|-unboost|p1a: Omastar|spd|1
|-boost|p1a: Omastar|atk|2
|-boost|p1a: Omastar|spa|2
|-boost|p1a: Omastar|spe|2
|move|p2a: Toxapex|Scald|p1a: Omastar
|-damage|p1a: Omastar|0 fnt
|faint|p1a: Omastar
|
|-heal|p2a: Toxapex|94/100|[from] item: Black Sludge
|upkeep
|
|t:|1644348868
|switch|p1a: Tapu Lele|Tapu Lele|100/100
|-fieldstart|move: Psychic Terrain|[from] ability: Psychic Surge|[of] p1a: Tapu Lele
|turn|10
|
|t:|1644348882
|switch|p2a: Ferrothorn|Ferrothorn, M|45/100
|-damage|p2a: Ferrothorn|38/100|[from] Stealth Rock
|-damage|p2a: Ferrothorn|26/100|[from] Spikes
|move|p1a: Tapu Lele|Psychic|p2a: Ferrothorn
|-resisted|p2a: Ferrothorn
|-damage|p2a: Ferrothorn|1/100
|-unboost|p2a: Ferrothorn|spd|1
|
|upkeep
|turn|11
|
|t:|1644348891
|move|p1a: Tapu Lele|Psychic|p2a: Ferrothorn
|-resisted|p2a: Ferrothorn
|-damage|p2a: Ferrothorn|0 fnt
|faint|p2a: Ferrothorn
|
|upkeep
|
|t:|1644348893
|switch|p2a: Mandibuzz|Mandibuzz, F|100/100
|turn|12
|
|t:|1644348898
|switch|p1a: Weavile|Weavile, F|43/100
|-ability|p1a: Weavile|Pressure
|move|p2a: Mandibuzz|Defog|p1a: Weavile
|-unboost|p1a: Weavile|evasion|1
|-sideend|p2: JGMCMJR|Spikes|[from] move: Defog|[of] p2a: Mandibuzz
|-sideend|p2: JGMCMJR|Stealth Rock|[from] move: Defog|[of] p2a: Mandibuzz
|-fieldend|move: Psychic Terrain
|
|upkeep
|turn|13
|
|t:|1644348905
|switch|p1a: Dragapult|Dragapult, M|100/100
|switch|p2a: Toxapex|Toxapex, M|100/100
|
|upkeep
|turn|14
|
|t:|1644348906
|move|p1a: Dragapult|Substitute|p1a: Dragapult
|-start|p1a: Dragapult|Substitute
|-damage|p1a: Dragapult|76/100
|move|p2a: Toxapex|Knock Off|p1a: Dragapult
|-supereffective|p1a: Dragapult
|-end|p1a: Dragapult|Substitute
|
|-heal|p1a: Dragapult|82/100|[from] item: Leftovers
|upkeep
|turn|15
|
|t:|1644348912
|switch|p1a: Tapu Lele|Tapu Lele|100/100
|-fieldstart|move: Psychic Terrain|[from] ability: Psychic Surge|[of] p1a: Tapu Lele
|move|p2a: Toxapex|Knock Off|p1a: Tapu Lele
|-damage|p1a: Tapu Lele|77/100
|-enditem|p1a: Tapu Lele|Choice Scarf|[from] move: Knock Off|[of] p2a: Toxapex
|
|upkeep
|turn|16
|
|t:|1644348928
|switch|p2a: Blacephalon|Blacephalon|100/100
|move|p1a: Tapu Lele|Moonblast|p2a: Blacephalon
|-resisted|p2a: Blacephalon
|-damage|p2a: Blacephalon|52/100
|
|upkeep
|turn|17
|
|t:|1644348937
|switch|p1a: Kartana|Kartana|14/100
|move|p2a: Blacephalon|Shadow Ball|p1a: Kartana
|-damage|p1a: Kartana|0 fnt
|faint|p1a: Kartana
|-ability|p2a: Blacephalon|Beast Boost|boost
|-boost|p2a: Blacephalon|spa|1
|
|upkeep
|
|t:|1644348944
|switch|p1a: Landorus|Landorus-Therian, M|100/100
|-ability|p1a: Landorus|Intimidate|boost
|-unboost|p2a: Blacephalon|atk|1
|turn|18
|
|t:|1644348952
|switch|p2a: Mandibuzz|Mandibuzz, F|100/100
|move|p1a: Landorus|Stone Edge|p2a: Mandibuzz|[miss]
|-miss|p1a: Landorus|p2a: Mandibuzz
|
|upkeep
|turn|19
|
|t:|1644348957
|switch|p2a: Garchomp|Garchomp, F|100/100
|move|p1a: Landorus|Substitute|p1a: Landorus
|-start|p1a: Landorus|Substitute
|-damage|p1a: Landorus|76/100
|
|-heal|p1a: Landorus|82/100|[from] item: Leftovers
|-fieldend|move: Psychic Terrain
|upkeep
|turn|20
|j| kind of liked it
|
|t:|1644348964
|move|p2a: Garchomp|Stone Edge|p1a: Landorus|[miss]
|-miss|p2a: Garchomp|p1a: Landorus
|move|p1a: Landorus|Bulk Up|p1a: Landorus
|-boost|p1a: Landorus|atk|1
|-boost|p1a: Landorus|def|1
|
|-heal|p1a: Landorus|88/100|[from] item: Leftovers
|upkeep
|turn|21
|
|t:|1644348969
|switch|p2a: Dragapult|Dragapult, M|76/100
|move|p1a: Landorus|Earthquake|p2a: Dragapult
|-damage|p2a: Dragapult|0 fnt
|faint|p2a: Dragapult
|
|-heal|p1a: Landorus|94/100|[from] item: Leftovers
|upkeep
|
|t:|1644348972
|switch|p2a: Toxapex|Toxapex, M|100/100
|turn|22
|
|t:|1644348975
|move|p1a: Landorus|Earthquake|p2a: Toxapex
|-supereffective|p2a: Toxapex
|-damage|p2a: Toxapex|6/100
|move|p2a: Toxapex|Haze|p2a: Toxapex
|-clearallboost
|
|-heal|p1a: Landorus|99/100|[from] item: Leftovers
|-heal|p2a: Toxapex|12/100|[from] item: Black Sludge
|upkeep
|turn|23
|
|t:|1644348981
|switch|p2a: Garchomp|Garchomp, F|100/100
|move|p1a: Landorus|Earthquake|p2a: Garchomp
|-damage|p2a: Garchomp|41/100
|
|-heal|p1a: Landorus|100/100|[from] item: Leftovers
|upkeep
|turn|24
|
|t:|1644348984
|move|p2a: Garchomp|Draco Meteor|p1a: Landorus|[miss]
|-miss|p2a: Garchomp|p1a: Landorus
|move|p1a: Landorus|Earthquake|p2a: Garchomp
|-damage|p2a: Garchomp|0 fnt
|faint|p2a: Garchomp
|
|upkeep
|
|t:|1644348986
|switch|p2a: Mandibuzz|Mandibuzz, F|100/100
|turn|25
|
|t:|1644348988
|move|p1a: Landorus|Bulk Up|p1a: Landorus
|-boost|p1a: Landorus|atk|1
|-boost|p1a: Landorus|def|1
|move|p2a: Mandibuzz|Foul Play|p1a: Landorus
|-end|p1a: Landorus|Substitute
|
|upkeep
|turn|26
|
|t:|1644348990
|move|p1a: Landorus|Stone Edge|p2a: Mandibuzz
|-supereffective|p2a: Mandibuzz
|-damage|p2a: Mandibuzz|17/100
|move|p2a: Mandibuzz|Foul Play|p1a: Landorus
|-damage|p1a: Landorus|42/100
|
|-heal|p1a: Landorus|48/100|[from] item: Leftovers
|upkeep
|turn|27
|
|t:|1644348996
|move|p1a: Landorus|Stone Edge|p2a: Mandibuzz
|-supereffective|p2a: Mandibuzz
|-damage|p2a: Mandibuzz|0 fnt
|faint|p2a: Mandibuzz
|
|-heal|p1a: Landorus|54/100|[from] item: Leftovers
|upkeep
|
|t:|1644348998
|switch|p2a: Blacephalon|Blacephalon|52/100
|turn|28
|
|t:|1644349000
|move|p2a: Blacephalon|Flamethrower|p1a: Landorus
|-damage|p1a: Landorus|0 fnt
|faint|p1a: Landorus
|-ability|p2a: Blacephalon|Beast Boost|boost
|-boost|p2a: Blacephalon|spa|1
|
|upkeep
|
|t:|1644349002
|switch|p1a: Dragapult|Dragapult, M|82/100
|turn|29
|
|t:|1644349005
|move|p1a: Dragapult|Dragon Darts|p2a: Blacephalon
|-damage|p2a: Blacephalon|0 fnt
|faint|p2a: Blacephalon
|
|-heal|p1a: Dragapult|88/100|[from] item: Leftovers
|upkeep
|
|t:|1644349006
|switch|p2a: Toxapex|Toxapex, M|45/100
|turn|30
|
|t:|1644349008
|move|p1a: Dragapult|Dragon Dance|p1a: Dragapult
|-boost|p1a: Dragapult|atk|1
|-boost|p1a: Dragapult|spe|1
|move|p2a: Toxapex|Recover|p2a: Toxapex
|-heal|p2a: Toxapex|95/100
|
|-heal|p1a: Dragapult|94/100|[from] item: Leftovers
|-heal|p2a: Toxapex|100/100|[from] item: Black Sludge
|upkeep
|turn|31
|
|t:|1644349011
|move|p1a: Dragapult|Dragon Darts|p2a: Toxapex
|-damage|p2a: Toxapex|79/100
|-anim|p1a: Dragapult|Dragon Darts|p2a: Toxapex
|-damage|p2a: Toxapex|55/100
|move|p2a: Toxapex|Haze|p2a: Toxapex
|-clearallboost
|
|-heal|p1a: Dragapult|99/100|[from] item: Leftovers
|-heal|p2a: Toxapex|62/100|[from] item: Black Sludge
|upkeep
|turn|32
|
|t:|1644349014
|move|p1a: Dragapult|Dragon Dance|p1a: Dragapult
|-boost|p1a: Dragapult|atk|1
|-boost|p1a: Dragapult|spe|1
|move|p2a: Toxapex|Knock Off|p1a: Dragapult
|-supereffective|p1a: Dragapult
|-crit|p1a: Dragapult
|-damage|p1a: Dragapult|45/100
|-enditem|p1a: Dragapult|Leftovers|[from] move: Knock Off|[of] p2a: Toxapex
|
|-heal|p2a: Toxapex|68/100|[from] item: Black Sludge
|upkeep
|turn|33
|
|t:|1644349018
|move|p1a: Dragapult|Dragon Darts|p2a: Toxapex
|-damage|p2a: Toxapex|43/100
|-anim|p1a: Dragapult|Dragon Darts|p2a: Toxapex
|-damage|p2a: Toxapex|20/100
|move|p2a: Toxapex|Recover|p2a: Toxapex
|-heal|p2a: Toxapex|70/100
|
|-heal|p2a: Toxapex|76/100|[from] item: Black Sludge
|upkeep
|turn|34
|
|t:|1644349022
|move|p1a: Dragapult|Dragon Darts|p2a: Toxapex
|-damage|p2a: Toxapex|53/100
|-anim|p1a: Dragapult|Dragon Darts|p2a: Toxapex
|-damage|p2a: Toxapex|30/100
|move|p2a: Toxapex|Recover|p2a: Toxapex
|-heal|p2a: Toxapex|80/100
|
|-heal|p2a: Toxapex|87/100|[from] item: Black Sludge
|upkeep
|turn|35
|
|t:|1644349024
|move|p1a: Dragapult|Dragon Dance|p1a: Dragapult
|-boost|p1a: Dragapult|atk|1
|-boost|p1a: Dragapult|spe|1
|move|p2a: Toxapex|Haze|p2a: Toxapex
|-clearallboost
|
|-heal|p2a: Toxapex|93/100|[from] item: Black Sludge
|upkeep
|turn|36
|
|t:|1644349027
|move|p1a: Dragapult|Dragon Dance|p1a: Dragapult
|-boost|p1a: Dragapult|atk|1
|-boost|p1a: Dragapult|spe|1
|move|p2a: Toxapex|Knock Off|p1a: Dragapult
|-supereffective|p1a: Dragapult
|-damage|p1a: Dragapult|19/100
|
|-heal|p2a: Toxapex|99/100|[from] item: Black Sludge
|upkeep
|turn|37
|
|t:|1644349031
|move|p1a: Dragapult|Dragon Darts|p2a: Toxapex
|-damage|p2a: Toxapex|75/100
|-anim|p1a: Dragapult|Dragon Darts|p2a: Toxapex
|-damage|p2a: Toxapex|51/100
|move|p2a: Toxapex|Knock Off|p1a: Dragapult
|-supereffective|p1a: Dragapult
|-damage|p1a: Dragapult|0 fnt
|faint|p1a: Dragapult
|
|-heal|p2a: Toxapex|57/100|[from] item: Black Sludge
|upkeep
|
|t:|1644349033
|switch|p1a: Tapu Lele|Tapu Lele|77/100
|-fieldstart|move: Psychic Terrain|[from] ability: Psychic Surge|[of] p1a: Tapu Lele
|turn|38
|
|t:|1644349035
|move|p1a: Tapu Lele|Psychic|p2a: Toxapex
|-supereffective|p2a: Toxapex
|-damage|p2a: Toxapex|0 fnt
|faint|p2a: Toxapex
|
|win|roboPOKE
|raw|roboPOKE's rating: 1731 &rarr; <strong>1753</strong><br />(+22 for winning)
|raw|JGMCMJR's rating: 1767 &rarr; <strong>1745</strong><br />(-22 for losing)
|l|☆JGMCMJR
|l| kind of liked it
||Ladder isn't responding, score probably updated but might not have (Request timeout).
