|j|☆8balljacketguy
|j|☆The Dragon Gyrados
|t:|1655085304
|gametype|singles
|player|p1|8balljacketguy|red|1567
|player|p2|The Dragon Gyrados|clair|1675
|teamsize|p1|6
|teamsize|p2|6
|gen|8
|tier|[Gen 8] OU
|rated|
|rule|Sleep Clause Mod: Limit one foe put to sleep
|rule|Species Clause: Limit one of each Pokémon
|rule|OHKO Clause: OHKO moves are banned
|rule|Evasion Moves Clause: Evasion moves are banned
|rule|Endless Battle Clause: Forcing endless battles is banned
|rule|HP Percentage Mod: HP is shown in percentages
|rule|Dynamax Clause: You cannot dynamax
|clearpoke
|poke|p1|Mew|
|poke|p1|Ninetales-Alola, M|
|poke|p1|Kommo-o, M|
|poke|p1|Polteageist|
|poke|p1|Slowbro-Galar, M|
|poke|p1|Zapdos-Galar|
|poke|p2|Ninetales-Alola, M|
|poke|p2|Klefki, F|
|poke|p2|Volcarona, M|
|poke|p2|Scolipede, M|
|poke|p2|Gyarados, M|
|poke|p2|Landorus-Therian, M|
|teampreview
|inactive|Battle timer is ON: inactive players will automatically lose when time's up. (requested by 8balljacketguy)
|j| BabyPigsAreLaughin
|
|t:|1655085318
|start
|switch|p1a: Mew|Mew|100/100
|switch|p2a: Ninetales|Ninetales-Alola, M|100/100
|-weather|Hail|[from] ability: Snow Warning|[of] p2a: Ninetales
|turn|1
|
|t:|1655085327
|move|p2a: Ninetales|Aurora Veil|p2a: Ninetales
|-sidestart|p2: The Dragon Gyrados|move: Aurora Veil
|move|p1a: Mew|Taunt|p2a: Ninetales
|-start|p2a: Ninetales|move: Taunt
|
|-weather|Hail|[upkeep]
|-damage|p1a: Mew|94/100|[from] Hail
|upkeep
|turn|2
|
|t:|1655085335
|switch|p2a: Landorus|Landorus-Therian, M|100/100
|-ability|p2a: Landorus|Intimidate|boost
|-unboost|p1a: Mew|atk|1
|move|p1a: Mew|Stealth Rock|p2a: Landorus
|-sidestart|p2: The Dragon Gyrados|move: Stealth Rock
|
|-weather|Hail|[upkeep]
|-damage|p1a: Mew|88/100|[from] Hail
|-damage|p2a: Landorus|95/100|[from] Hail
|-heal|p2a: Landorus|100/100|[from] item: Leftovers
|upkeep
|turn|3
|
|t:|1655085343
|move|p1a: Mew|Taunt|p2a: Landorus
|-start|p2a: Landorus|move: Taunt
|move|p2a: Landorus|Earthquake|p1a: Mew
|-damage|p1a: Mew|38/100
|
|-weather|Hail|[upkeep]
|-damage|p1a: Mew|32/100|[from] Hail
|-damage|p2a: Landorus|95/100|[from] Hail
|-heal|p2a: Landorus|100/100|[from] item: Leftovers
|upkeep
|turn|4
|
|t:|1655085352
|move|p1a: Mew|Spikes|p2a: Landorus
|-sidestart|p2: The Dragon Gyrados|Spikes
|move|p2a: Landorus|Earthquake|p1a: Mew
|-damage|p1a: Mew|0 fnt
|faint|p1a: Mew
|
|-weather|Hail|[upkeep]
|-damage|p2a: Landorus|95/100|[from] Hail
|-heal|p2a: Landorus|100/100|[from] item: Leftovers
|upkeep
|
|t:|1655085353
|switch|p1a: Ninetales|Ninetales-Alola, M|100/100
|turn|5
|
|t:|1655085363
|switch|p2a: Klefki|Klefki, F|100/100
|-damage|p2a: Klefki|94/100|[from] Stealth Rock
|-damage|p2a: Klefki|82/100|[from] Spikes
|move|p1a: Ninetales|Aurora Veil|p1a: Ninetales
|-sidestart|p1: 8balljacketguy|move: Aurora Veil
|
|-weather|none
|upkeep
|turn|6
|
|t:|1655085369
|move|p2a: Klefki|Defog|p1a: Ninetales
|-unboost|p1a: Ninetales|evasion|1
|-sideend|p1: 8balljacketguy|move: Aurora Veil
|-sideend|p2: The Dragon Gyrados|Spikes|[from] move: Defog|[of] p2a: Klefki
|-sideend|p2: The Dragon Gyrados|Stealth Rock|[from] move: Defog|[of] p2a: Klefki
|move|p1a: Ninetales|Safeguard|p1a: Ninetales
|-sidestart|p1: 8balljacketguy|Safeguard
|
|upkeep
|turn|7
|
|t:|1655085388
|switch|p1a: Slowbro|Slowbro-Galar, M|100/100
|switch|p2a: Scolipede|Scolipede, M|100/100
|
|upkeep
|turn|8
|-activate|p1a: Slowbro|ability: Quick Draw
|
|t:|1655085393
|move|p1a: Slowbro|Zen Headbutt|p2a: Scolipede
|-supereffective|p2a: Scolipede
|-damage|p2a: Scolipede|51/100
|move|p2a: Scolipede|Swords Dance|p2a: Scolipede
|-boost|p2a: Scolipede|atk|2
|
|-sideend|p2: The Dragon Gyrados|move: Aurora Veil
|-ability|p2a: Scolipede|Speed Boost|boost
|-boost|p2a: Scolipede|spe|1
|upkeep
|turn|9
|
|t:|1655085402
|move|p2a: Scolipede|Earthquake|p1a: Slowbro
|-supereffective|p1a: Slowbro
|-damage|p1a: Slowbro|0 fnt
|faint|p1a: Slowbro
|-damage|p2a: Scolipede|41/100|[from] item: Life Orb
|
|-ability|p2a: Scolipede|Speed Boost|boost
|-boost|p2a: Scolipede|spe|1
|upkeep
|
|t:|1655085406
|switch|p1a: Zapdos|Zapdos-Galar|100/100
|turn|10
|
|t:|1655085411
|move|p2a: Scolipede|Poison Jab|p1a: Zapdos
|-damage|p1a: Zapdos|0 fnt
|faint|p1a: Zapdos
|-damage|p2a: Scolipede|31/100|[from] item: Life Orb
|
|-sideend|p1: 8balljacketguy|Safeguard
|-ability|p2a: Scolipede|Speed Boost|boost
|-boost|p2a: Scolipede|spe|1
|upkeep
|
|t:|1655085415
|switch|p1a: Kommo-o|Kommo-o, M|100/100
|turn|11
|
|t:|1655085419
|move|p2a: Scolipede|Poison Jab|p1a: Kommo-o
|-damage|p1a: Kommo-o|12/100
|-status|p1a: Kommo-o|psn
|-enditem|p1a: Kommo-o|Sitrus Berry|[eat]
|-heal|p1a: Kommo-o|37/100 psn|[from] item: Sitrus Berry
|-damage|p2a: Scolipede|21/100|[from] item: Life Orb
|move|p1a: Kommo-o|Scale Shot|p2a: Scolipede
|-damage|p2a: Scolipede|5/100
|-damage|p2a: Scolipede|0 fnt
|faint|p2a: Scolipede
|-hitcount|p2: Scolipede|2
|-unboost|p1a: Kommo-o|def|1
|-boost|p1a: Kommo-o|spe|1
|
|-damage|p1a: Kommo-o|25/100 psn|[from] psn
|upkeep
|
|t:|1655085438
|switch|p2a: Landorus|Landorus-Therian, M|100/100
|-ability|p2a: Landorus|Intimidate|boost
|-unboost|p1a: Kommo-o|atk|1
|turn|12
|
|t:|1655085443
|move|p1a: Kommo-o|Scale Shot|p2a: Landorus
|-damage|p2a: Landorus|91/100
|-damage|p2a: Landorus|81/100
|-damage|p2a: Landorus|73/100
|-hitcount|p2a: Landorus|3
|-unboost|p1a: Kommo-o|def|1
|-boost|p1a: Kommo-o|spe|1
|move|p2a: Landorus|Substitute|p2a: Landorus
|-start|p2a: Landorus|Substitute
|-damage|p2a: Landorus|48/100
|
|-heal|p2a: Landorus|54/100|[from] item: Leftovers
|-damage|p1a: Kommo-o|13/100 psn|[from] psn
|upkeep
|turn|13
|
|t:|1655085455
|move|p1a: Kommo-o|Scale Shot|p2a: Landorus
|-activate|p2a: Landorus|move: Substitute|[damage]
|-activate|p2a: Landorus|move: Substitute|[damage]
|-end|p2a: Landorus|Substitute
|-hitcount|p2a: Landorus|3
|-unboost|p1a: Kommo-o|def|1
|-boost|p1a: Kommo-o|spe|1
|move|p2a: Landorus|Earthquake|p1a: Kommo-o
|-damage|p1a: Kommo-o|0 fnt
|faint|p1a: Kommo-o
|
|-heal|p2a: Landorus|60/100|[from] item: Leftovers
|upkeep
|
|t:|1655085460
|switch|p1a: Ninetales|Ninetales-Alola, M|100/100
|-weather|Hail|[from] ability: Snow Warning|[of] p1a: Ninetales
|turn|14
|
|t:|1655085470
|switch|p2a: Klefki|Klefki, F|82/100
|move|p1a: Ninetales|Aurora Veil|p1a: Ninetales
|-sidestart|p1: 8balljacketguy|move: Aurora Veil
|
|-weather|Hail|[upkeep]
|-damage|p2a: Klefki|75/100|[from] Hail
|upkeep
|turn|15
|
|t:|1655085476
|move|p2a: Klefki|Thunder Wave|p1a: Ninetales
|-status|p1a: Ninetales|par
|move|p1a: Ninetales|Safeguard|p1a: Ninetales
|-sidestart|p1: 8balljacketguy|Safeguard
|
|-weather|Hail|[upkeep]
|-damage|p2a: Klefki|69/100|[from] Hail
|upkeep
|turn|16
|
|t:|1655085481
|switch|p1a: Polteageist|Polteageist|100/100
|move|p2a: Klefki|Defog|p1a: Polteageist
|-unboost|p1a: Polteageist|evasion|1
|-sideend|p1: 8balljacketguy|move: Aurora Veil
|-sideend|p1: 8balljacketguy|Safeguard
|-enditem|p1a: Polteageist|White Herb
|-clearnegativeboost|p1a: Polteageist|[silent]
|
|-weather|Hail|[upkeep]
|-damage|p1a: Polteageist|94/100|[from] Hail
|-damage|p2a: Klefki|63/100|[from] Hail
|upkeep
|turn|17
|
|t:|1655085491
|switch|p1a: Ninetales|Ninetales-Alola, M|100/100 par
|move|p2a: Klefki|Thunder Wave|p1a: Ninetales
|-fail|p1a: Ninetales|par
|
|-weather|Hail|[upkeep]
|-damage|p2a: Klefki|57/100|[from] Hail
|upkeep
|turn|18
|
|t:|1655085500
|move|p2a: Klefki|Light Screen|p2a: Klefki
|-sidestart|p2: The Dragon Gyrados|move: Light Screen
|move|p1a: Ninetales|Safeguard|p1a: Ninetales
|-sidestart|p1: 8balljacketguy|Safeguard
|
|-weather|none
|upkeep
|turn|19
|
|t:|1655085503
|move|p2a: Klefki|Thunder Wave|p1a: Ninetales
|-fail|p1a: Ninetales|par
|cant|p1a: Ninetales|par
|
|upkeep
|turn|20
|
|t:|1655085508
|move|p2a: Klefki|Defog|p1a: Ninetales
|-unboost|p1a: Ninetales|evasion|1
|-sideend|p1: 8balljacketguy|Safeguard
|cant|p1a: Ninetales|par
|
|upkeep
|turn|21
|
|t:|1655085516
|switch|p2a: Volcarona|Volcarona, M|100/100
|move|p1a: Ninetales|Safeguard|p1a: Ninetales
|-sidestart|p1: 8balljacketguy|Safeguard
|
|upkeep
|turn|22
|
|t:|1655085523
|move|p2a: Volcarona|Quiver Dance|p2a: Volcarona
|-boost|p2a: Volcarona|spa|1
|-boost|p2a: Volcarona|spd|1
|-boost|p2a: Volcarona|spe|1
|cant|p1a: Ninetales|par
|
|upkeep
|turn|23
|
|t:|1655085528
|move|p2a: Volcarona|Fiery Dance|p1a: Ninetales
|-supereffective|p1a: Ninetales
|-damage|p1a: Ninetales|0 fnt
|faint|p1a: Ninetales
|
|upkeep
|c|☆8balljacketguy|Fuvkkkkl
|c|☆8balljacketguy|Omg
|c|☆8balljacketguy|Bro
|c|☆8balljacketguy|Fuck
|c|☆The Dragon Gyrados|stfu
|c| BabyPigsAreLaughin|Good game.
|c|☆The Dragon Gyrados|u werent winning
|c|☆8balljacketguy|Come to ny asshole
|c|☆The Dragon Gyrados|?
|c|☆8balljacketguy|Teacup 6-0's
|inactive|8balljacketguy has 120 seconds left.
|c|☆8balljacketguy|Come to ny
|c|☆The Dragon Gyrados|this guy said
|c| BabyPigsAreLaughin|Come to New York?
|c|☆The Dragon Gyrados|come to his asshole
|c|☆The Dragon Gyrados|LMAO
|c|☆8balljacketguy|Ill 6-0 you irl
|c|☆8balljacketguy|1 v 1 actually
|inactive|8balljacketguy has 90 seconds left.
|c| BabyPigsAreLaughin|This man wants to fist fight over a video game, haha.
|c|☆8balljacketguy|Go to prospect park
|c|☆8balljacketguy|Ask for Juan
|c|☆The Dragon Gyrados|id beat his ass
|c|☆8balljacketguy|They know me up there
|c|☆The Dragon Gyrados|im 6'2 220
|c|☆8balljacketguy|They know im loco
|c|☆8balljacketguy|Whatever bro
|c|☆The Dragon Gyrados|not sure how he has any chance
|c|☆8balljacketguy|Im loco
|c|☆8balljacketguy|Okay
|inactive|8balljacketguy has 60 seconds left.
|c|☆8balljacketguy|You no mess with guy whos loco
|c| BabyPigsAreLaughin|It's not that serious, 8ball.
|c|☆8balljacketguy|You know that
|c|☆8balljacketguy|Yea
|c|☆The Dragon Gyrados|fuck up faget
|c|☆8balljacketguy|Whatever
|c|☆8balljacketguy|Nah
|c|☆The Dragon Gyrados|box me
|c|☆8balljacketguy|Yea
|c|☆8balljacketguy|Lets go
|c|☆8balljacketguy|Come
|c|☆The Dragon Gyrados|would smack u
|inactive|8balljacketguy has 30 seconds left.
|c|☆The Dragon Gyrados|like a bitch
|c|☆8balljacketguy|5 tomorow
|c|☆8balljacketguy|Pm
|c|☆8balljacketguy|Nahh
|c|☆The Dragon Gyrados|back hand
|c|☆8balljacketguy|I do smacking
|inactive|8balljacketguy has 20 seconds left.
|c|☆8balljacketguy|Not you
|
|t:|1655085661
|switch|p1a: Polteageist|Polteageist|94/100
|turn|24
|inactive|8balljacketguy has 30 seconds left this turn.
|c|☆The Dragon Gyrados|pimp smack u
|
|t:|1655085665
|move|p2a: Volcarona|Fiery Dance|p1a: Polteageist
|-damage|p1a: Polteageist|12/100
|move|p1a: Polteageist|Shell Smash|p1a: Polteageist
|-unboost|p1a: Polteageist|def|1
|-unboost|p1a: Polteageist|spd|1
|-boost|p1a: Polteageist|atk|2
|-boost|p1a: Polteageist|spa|2
|-boost|p1a: Polteageist|spe|2
|
|upkeep
|turn|25
|c|☆8balljacketguy|Yeayeayea
|
|t:|1655085672
|move|p1a: Polteageist|Stored Power|p2a: Volcarona
|-damage|p2a: Volcarona|68/100
|move|p2a: Volcarona|Fiery Dance|p1a: Polteageist
|-damage|p1a: Polteageist|0 fnt
|-boost|p2a: Volcarona|spa|1
|faint|p1a: Polteageist
|
|win|The Dragon Gyrados
|raw|8balljacketguy's rating: 1567 &rarr; <strong>1552</strong><br />(-15 for losing)
|raw|The Dragon Gyrados's rating: 1655 &rarr; <strong>1670</strong><br />(+15 for winning)
|c|☆8balljacketguy|Ask for juan
|c|☆The Dragon Gyrados|nioce dmg
|c|☆8balljacketguy|They know me
|c| BabyPigsAreLaughin|Bro, this is hilarious. This man wants to fight over a video game.
|c|☆8balljacketguy|They knowww meeee
|c|☆8balljacketguy|Im loco bro
|c|☆8balljacketguy|I told you
|c|☆The Dragon Gyrados|hes a loser
|c|☆8balljacketguy|Im loco
|c|☆8balljacketguy|Anyway
|c|☆8balljacketguy|Whatever
|c|☆8balljacketguy|Gg
|c| BabyPigsAreLaughin|Good game.
|c|☆8balljacketguy|You win pokemonn oohhh
|c|☆8balljacketguy|Big guy right?
|c|☆8balljacketguy|Ask for Juan
|c|☆8balljacketguy|Okay
|c|☆8balljacketguy|Thats all i say
|l|☆8balljacketguy
|c| BabyPigsAreLaughin|How pathetic.
|l|☆The Dragon Gyrados
||Ladder isn't responding, score probably updated but might not have (Request timeout).
