|j|☆MathRockMan
|j|☆pinapple321
|inactive|Battle timer is ON: inactive players will automatically lose when time's up.
|t:|1664051564
|gametype|singles
|player|p1|MathRockMan|wallace|
|player|p2|pinapple321|dawn|
|teamsize|p1|6
|teamsize|p2|6
|gen|8
|tier|[Gen 8] OU
|rated|Tournament battle
|rule|Sleep Clause Mod: Limit one foe put to sleep
|rule|Species Clause: Limit one of each Pokémon
|rule|OHKO Clause: OHKO moves are banned
|rule|Evasion Items Clause: Evasion items are banned
|rule|Evasion Moves Clause: Evasion moves are banned
|rule|Endless Battle Clause: Forcing endless battles is banned
|rule|HP Percentage Mod: HP is shown in percentages
|rule|Dynamax Clause: You cannot dynamax
|clearpoke
|poke|p1|Dugtrio, F|
|poke|p1|Tentacruel, F|
|poke|p1|Seismitoad, M|
|poke|p1|Lurantis, M|
|poke|p1|Beartic, M|
|poke|p1|Noivern, M|
|poke|p2|Drapion, F|
|poke|p2|Pangoro, M|
|poke|p2|Barbaracle, M|
|poke|p2|Hitmonlee, M|
|poke|p2|Tangrowth, F|
|poke|p2|Dragapult, M|
|teampreview
|j|*Lady Monita
|inactive|MathRockMan also wants the timer to be on.
|c|☆MathRockMan|glhf
|
|t:|1664051584
|start
|switch|p1a: Noivern|Noivern, M|100/100
|switch|p2a: Dragapult|Dragapult, M|100/100
|-item|p2a: Dragapult|Choice Specs|[from] ability: Frisk|[of] p1a: Noivern|[identify]
|turn|1
|c|☆pinapple321|Glhf
|c|☆MathRockMan|u2
|j| Radjet99
|j|%sundays.n_sundaes
|
|t:|1664051597
|switch|p1a: Dugtrio|Dugtrio, F|100/100
|move|p2a: Dragapult|Draco Meteor|p1a: Dugtrio
|-enditem|p1a: Dugtrio|Focus Sash
|-damage|p1a: Dugtrio|1/100
|-unboost|p2a: Dragapult|spa|2
|
|upkeep
|turn|2
|j| Fabry21
|
|t:|1664051603
|move|p2a: Dragapult|Draco Meteor|p1a: Dugtrio
|-damage|p1a: Dugtrio|0 fnt
|-unboost|p2a: Dragapult|spa|2
|faint|p1a: Dugtrio
|
|upkeep
|l| Fabry21
|l| Radjet99
|
|t:|1664051611
|switch|p1a: Beartic|Beartic, M|100/100
|turn|3
|
|t:|1664051614
|switch|p2a: Barbaracle|Barbaracle, M|100/100
|move|p1a: Beartic|Swords Dance|p1a: Beartic
|-boost|p1a: Beartic|atk|2
|
|upkeep
|turn|4
|
|t:|1664051619
|move|p2a: Barbaracle|Stone Edge|p1a: Beartic
|-supereffective|p1a: Beartic
|-enditem|p1a: Beartic|Focus Sash
|-damage|p1a: Beartic|1/100
|move|p1a: Beartic|Ice Punch|p2a: Barbaracle
|-resisted|p2a: Barbaracle
|-damage|p2a: Barbaracle|53/100
|
|upkeep
|turn|5
|j| 1Ssep The Chicken
|
|t:|1664051624
|move|p1a: Beartic|Aqua Jet|p2a: Barbaracle
|-damage|p2a: Barbaracle|22/100
|move|p2a: Barbaracle|Liquidation|p1a: Beartic
|-damage|p1a: Beartic|0 fnt
|faint|p1a: Beartic
|
|upkeep
|
|t:|1664051628
|switch|p1a: Lurantis|Lurantis, M|100/100
|turn|6
|
|t:|1664051632
|move|p2a: Barbaracle|Stone Edge|p1a: Lurantis
|-damage|p1a: Lurantis|49/100
|move|p1a: Lurantis|Superpower|p2a: Barbaracle
|-supereffective|p2a: Barbaracle
|-damage|p2a: Barbaracle|0 fnt
|-boost|p1a: Lurantis|atk|1
|-boost|p1a: Lurantis|def|1
|faint|p2a: Barbaracle
|
|-heal|p1a: Lurantis|56/100|[from] item: Leftovers
|upkeep
|l| 1Ssep The Chicken
|
|t:|1664051635
|switch|p2a: Drapion|Drapion, F|100/100
|turn|7
|
|t:|1664051640
|switch|p1a: Tentacruel|Tentacruel, F|100/100
|move|p2a: Drapion|Poison Jab|p1a: Tentacruel
|-resisted|p1a: Tentacruel
|-damage|p1a: Tentacruel|82/100
|-damage|p2a: Drapion|91/100|[from] item: Life Orb
|
|upkeep
|turn|8
|
|t:|1664051646
|move|p2a: Drapion|Earthquake|p1a: Tentacruel
|-supereffective|p1a: Tentacruel
|-damage|p1a: Tentacruel|16/100
|-damage|p2a: Drapion|81/100|[from] item: Life Orb
|move|p1a: Tentacruel|Rain Dance|p1a: Tentacruel
|-weather|RainDance
|
|-weather|RainDance|[upkeep]
|upkeep
|turn|9
|
|t:|1664051650
|move|p2a: Drapion|Knock Off|p1a: Tentacruel
|-damage|p1a: Tentacruel|0 fnt
|-enditem|p1a: Tentacruel|Damp Rock|[from] move: Knock Off|[of] p2a: Drapion
|faint|p1a: Tentacruel
|-damage|p2a: Drapion|71/100|[from] item: Life Orb
|
|-weather|RainDance|[upkeep]
|upkeep
|
|t:|1664051653
|switch|p1a: Seismitoad|Seismitoad, M|100/100
|turn|10
|
|t:|1664051658
|switch|p2a: Tangrowth|Tangrowth, F|100/100
|move|p1a: Seismitoad|Weather Ball|p2a: Tangrowth
|-resisted|p2a: Tangrowth
|-damage|p2a: Tangrowth|42/100
|-damage|p1a: Seismitoad|91/100|[from] item: Life Orb
|
|-weather|RainDance|[upkeep]
|upkeep
|turn|11
|
|t:|1664051670
|switch|p2a: Dragapult|Dragapult, M|100/100
|move|p1a: Seismitoad|Weather Ball|p2a: Dragapult
|-resisted|p2a: Dragapult
|-damage|p2a: Dragapult|44/100
|-damage|p1a: Seismitoad|81/100|[from] item: Life Orb
|
|-weather|RainDance|[upkeep]
|upkeep
|turn|12
|
|t:|1664051673
|move|p1a: Seismitoad|Weather Ball|p2a: Dragapult
|-resisted|p2a: Dragapult
|-damage|p2a: Dragapult|0 fnt
|faint|p2a: Dragapult
|-damage|p1a: Seismitoad|71/100|[from] item: Life Orb
|
|-weather|RainDance|[upkeep]
|upkeep
|
|t:|1664051677
|switch|p2a: Hitmonlee|Hitmonlee, M|100/100
|turn|13
|
|t:|1664051682
|move|p1a: Seismitoad|Weather Ball|p2a: Hitmonlee
|-damage|p2a: Hitmonlee|0 fnt
|faint|p2a: Hitmonlee
|-damage|p1a: Seismitoad|61/100|[from] item: Life Orb
|
|-weather|RainDance|[upkeep]
|upkeep
|
|t:|1664051686
|switch|p2a: Pangoro|Pangoro, M|100/100
|turn|14
|j| Iwillhuntyoudown
|
|t:|1664051696
|move|p1a: Seismitoad|Weather Ball|p2a: Pangoro
|-damage|p2a: Pangoro|2/100
|-damage|p1a: Seismitoad|51/100|[from] item: Life Orb
|move|p2a: Pangoro|Knock Off|p1a: Seismitoad
|-damage|p1a: Seismitoad|0 fnt
|-enditem|p1a: Seismitoad|Life Orb|[from] move: Knock Off|[of] p2a: Pangoro
|faint|p1a: Seismitoad
|
|-weather|RainDance|[upkeep]
|upkeep
|
|t:|1664051700
|switch|p1a: Noivern|Noivern, M|100/100
|-item|p2a: Pangoro|Choice Band|[from] ability: Frisk|[of] p1a: Noivern|[identify]
|turn|15
|
|t:|1664051708
|move|p1a: Noivern|Hurricane|p2a: Pangoro
|-supereffective|p2a: Pangoro
|-damage|p2a: Pangoro|0 fnt
|faint|p2a: Pangoro
|
|-weather|none
|upkeep
|
|t:|1664051711
|switch|p2a: Drapion|Drapion, F|71/100
|turn|16
|
|t:|1664051717
|move|p1a: Noivern|Boomburst|p2a: Drapion
|-damage|p2a: Drapion|5/100
|move|p2a: Drapion|Knock Off|p1a: Noivern
|-damage|p1a: Noivern|34/100
|-enditem|p1a: Noivern|Heavy-Duty Boots|[from] move: Knock Off|[of] p2a: Drapion
|-damage|p2a: Drapion|0 fnt|[from] item: Life Orb
|faint|p2a: Drapion
|
|upkeep
|
|t:|1664051720
|switch|p2a: Tangrowth|Tangrowth, F|75/100
|turn|17
|
|t:|1664051726
|move|p1a: Noivern|U-turn|p2a: Tangrowth
|-supereffective|p2a: Tangrowth
|-damage|p2a: Tangrowth|63/100
|-damage|p1a: Noivern|17/100|[from] item: Rocky Helmet|[of] p2a: Tangrowth
|
|t:|1664051728
|switch|p1a: Lurantis|Lurantis, M|56/100|[from]move: U-turn
|move|p2a: Tangrowth|Sleep Powder|p1a: Lurantis
|-immune|p1a: Lurantis
|
|-heal|p1a: Lurantis|62/100|[from] item: Leftovers
|upkeep
|turn|18
|
|t:|1664051732
|move|p1a: Lurantis|Substitute|p1a: Lurantis
|-start|p1a: Lurantis|Substitute
|-damage|p1a: Lurantis|37/100
|move|p2a: Tangrowth|Sludge Bomb|p1a: Lurantis
|-supereffective|p1a: Lurantis
|-end|p1a: Lurantis|Substitute
|
|-heal|p1a: Lurantis|43/100|[from] item: Leftovers
|upkeep
|turn|19
|
|t:|1664051736
|move|p1a: Lurantis|Superpower|p2a: Tangrowth
|-damage|p2a: Tangrowth|49/100
|-boost|p1a: Lurantis|atk|1
|-boost|p1a: Lurantis|def|1
|-damage|p1a: Lurantis|26/100|[from] item: Rocky Helmet|[of] p2a: Tangrowth
|move|p2a: Tangrowth|Sludge Bomb|p1a: Lurantis
|-supereffective|p1a: Lurantis
|-damage|p1a: Lurantis|0 fnt
|faint|p1a: Lurantis
|
|upkeep
|
|t:|1664051739
|switch|p1a: Noivern|Noivern, M|17/100
|-item|p2a: Tangrowth|Rocky Helmet|[from] ability: Frisk|[of] p1a: Noivern|[identify]
|turn|20
|
|t:|1664051749
|move|p1a: Noivern|Draco Meteor|p2a: Tangrowth
|-damage|p2a: Tangrowth|0 fnt
|-unboost|p1a: Noivern|spa|2
|faint|p2a: Tangrowth
|
|win|MathRockMan
|n|☆MathRockMan|mathrockman
|n|☆pinapple321|pinapple321
|n|*Lady Monita|ladymonita
|n| sundays.n_sundaes|sundaysnsundaes
|n| Iwillhuntyoudown|iwillhuntyoudown
