|j|☆U yu you
|j|☆Shootingwolf
|t:|1604819082
|player|p1|U yu you|266|1612
|player|p2|Shootingwolf|erika|1637
|teamsize|p1|6
|teamsize|p2|6
|gametype|singles
|gen|8
|tier|[Gen 8] OU
|rated|
|clearpoke
|poke|p1|Slowbro, F|
|poke|p1|Torkoal, M|
|poke|p1|Glastrier|
|poke|p1|Hatterene, F|
|poke|p1|Porygon2|
|poke|p1|Darmanitan, M|
|poke|p2|Mandibuzz, F|
|poke|p2|Pheromosa|
|poke|p2|Tapu Fini|
|poke|p2|Kyurem-Black|
|poke|p2|Landorus-Therian, M|
|poke|p2|Magearna|
|rule|Sleep Clause Mod: Limit one foe put to sleep
|rule|Species Clause: Limit one of each Pokémon
|rule|OHKO Clause: OHKO moves are banned
|rule|Evasion Moves Clause: Evasion moves are banned
|rule|Endless Battle Clause: Forcing endless battles is banned
|rule|HP Percentage Mod: HP is shown in percentages
|rule|Dynamax Clause: You cannot dynamax
|teampreview
|
|t:|1604819109
|start
|switch|p1a: Slowbro|Slowbro, F|100/100
|switch|p2a: Magearna|Magearna|100/100
|turn|1
|
|t:|1604819114
|switch|p1a: Porygon2|Porygon2|100/100
|-ability|p1a: Porygon2|Soul-Heart|[from] ability: Trace|[of] p2a: Magearna
|move|p2a: Magearna|Volt Switch|p1a: Porygon2
|-damage|p1a: Porygon2|85/100
|
|t:|1604819118
|switch|p2a: Pheromosa|Pheromosa|100/100|[from]move: Volt Switch
|
|upkeep
|turn|2
|
|t:|1604819128
|switch|p1a: Slowbro|Slowbro, F|100/100
|move|p2a: Pheromosa|U-turn|p1a: Slowbro
|-supereffective|p1a: Slowbro
|-damage|p1a: Slowbro|50/100
|-damage|p2a: Pheromosa|84/100|[from] item: Rocky Helmet|[of] p1a: Slowbro
|
|t:|1604819134
|switch|p2a: Magearna|Magearna|100/100|[from]move: U-turn
|
|upkeep
|turn|3
|
|t:|1604819142
|switch|p1a: Porygon2|Porygon2|85/100
|-ability|p1a: Porygon2|Soul-Heart|[from] ability: Trace|[of] p2a: Magearna
|move|p2a: Magearna|Volt Switch|p1a: Porygon2
|-crit|p1a: Porygon2
|-damage|p1a: Porygon2|62/100
|
|t:|1604819149
|switch|p2a: Pheromosa|Pheromosa|84/100|[from]move: Volt Switch
|
|upkeep
|turn|4
|
|t:|1604819153
|switch|p1a: Slowbro|Slowbro, F|83/100
|move|p2a: Pheromosa|Close Combat|p1a: Slowbro
|-resisted|p1a: Slowbro
|-damage|p1a: Slowbro|63/100
|-unboost|p2a: Pheromosa|def|1
|-unboost|p2a: Pheromosa|spd|1
|-damage|p2a: Pheromosa|67/100|[from] item: Rocky Helmet|[of] p1a: Slowbro
|
|upkeep
|turn|5
|
|t:|1604819160
|switch|p2a: Magearna|Magearna|100/100
|move|p1a: Slowbro|Trick Room|p1a: Slowbro
|-fieldstart|move: Trick Room|[of] p1a: Slowbro
|
|upkeep
|turn|6
|
|t:|1604819170
|switch|p1a: Hatterene|Hatterene, F|100/100
|move|p2a: Magearna|Volt Switch|p1a: Hatterene
|-damage|p1a: Hatterene|64/100
|
|t:|1604819178
|switch|p2a: Tapu Fini|Tapu Fini|100/100|[from]move: Volt Switch
|-fieldstart|move: Misty Terrain|[from] ability: Misty Surge|[of] p2a: Tapu Fini
|
|-heal|p1a: Hatterene|70/100|[from] item: Leftovers
|upkeep
|turn|7
|
|t:|1604819184
|move|p1a: Hatterene|Psychic|p2a: Tapu Fini
|-damage|p2a: Tapu Fini|61/100
|move|p2a: Tapu Fini|Calm Mind|p2a: Tapu Fini
|-boost|p2a: Tapu Fini|spa|1
|-boost|p2a: Tapu Fini|spd|1
|
|-heal|p1a: Hatterene|76/100|[from] item: Leftovers
|-heal|p2a: Tapu Fini|67/100|[from] item: Leftovers
|upkeep
|turn|8
|
|t:|1604819197
|move|p1a: Hatterene|Psychic|p2a: Tapu Fini
|-damage|p2a: Tapu Fini|40/100
|-unboost|p2a: Tapu Fini|spd|1
|move|p2a: Tapu Fini|Calm Mind|p2a: Tapu Fini
|-boost|p2a: Tapu Fini|spa|1
|-boost|p2a: Tapu Fini|spd|1
|
|-heal|p1a: Hatterene|82/100|[from] item: Leftovers
|-heal|p2a: Tapu Fini|46/100|[from] item: Leftovers
|upkeep
|turn|9
|
|t:|1604819205
|move|p1a: Hatterene|Psychic|p2a: Tapu Fini
|-damage|p2a: Tapu Fini|18/100
|move|p2a: Tapu Fini|Calm Mind|p2a: Tapu Fini
|-boost|p2a: Tapu Fini|spa|1
|-boost|p2a: Tapu Fini|spd|1
|
|-heal|p1a: Hatterene|88/100|[from] item: Leftovers
|-heal|p2a: Tapu Fini|24/100|[from] item: Leftovers
|-fieldend|move: Trick Room
|upkeep
|turn|10
|
|t:|1604819217
|move|p2a: Tapu Fini|Moonblast|p1a: Hatterene
|-damage|p1a: Hatterene|6/100
|move|p1a: Hatterene|Trick Room|p1a: Hatterene
|-fieldstart|move: Trick Room|[of] p1a: Hatterene
|
|-heal|p1a: Hatterene|12/100|[from] item: Leftovers
|-heal|p2a: Tapu Fini|30/100|[from] item: Leftovers
|-fieldend|Misty Terrain
|upkeep
|turn|11
|
|t:|1604819225
|move|p1a: Hatterene|Psychic|p2a: Tapu Fini
|-damage|p2a: Tapu Fini|10/100
|move|p2a: Tapu Fini|Moonblast|p1a: Hatterene
|-damage|p1a: Hatterene|0 fnt
|faint|p1a: Hatterene
|
|-heal|p2a: Tapu Fini|17/100|[from] item: Leftovers
|upkeep
|
|t:|1604819228
|switch|p1a: Glastrier|Glastrier|100/100
|turn|12
|
|t:|1604819230
|move|p1a: Glastrier|Heavy Slam|p2a: Tapu Fini
|-crit|p2a: Tapu Fini
|-damage|p2a: Tapu Fini|0 fnt
|faint|p2a: Tapu Fini
|-ability|p1a: Glastrier|Chilling Neigh|boost
|-boost|p1a: Glastrier|atk|1
|
|upkeep
|
|t:|1604819236
|switch|p2a: Landorus|Landorus-Therian, M|100/100
|-ability|p2a: Landorus|Intimidate|boost
|-unboost|p1a: Glastrier|atk|1
|turn|13
|
|t:|1604819240
|switch|p2a: Magearna|Magearna|100/100
|move|p1a: Glastrier|Icicle Crash|p2a: Magearna
|-resisted|p2a: Magearna
|-damage|p2a: Magearna|81/100
|
|upkeep
|turn|14
|
|t:|1604819252
|move|p1a: Glastrier|High Horsepower|p2a: Magearna
|-supereffective|p2a: Magearna
|-damage|p2a: Magearna|26/100
|move|p2a: Magearna|Volt Switch|p1a: Glastrier
|-damage|p1a: Glastrier|84/100
|
|t:|1604819258
|switch|p2a: Pheromosa|Pheromosa|67/100|[from]move: Volt Switch
|
|-fieldend|move: Trick Room
|upkeep
|turn|15
|
|t:|1604819269
|move|p2a: Pheromosa|U-turn|p1a: Glastrier
|-damage|p1a: Glastrier|53/100
|
|t:|1604819272
|switch|p2a: Landorus|Landorus-Therian, M|100/100|[from]move: U-turn
|-ability|p2a: Landorus|Intimidate|boost
|-unboost|p1a: Glastrier|atk|1
|move|p1a: Glastrier|Icicle Crash|p2a: Landorus
|-supereffective|p2a: Landorus
|-damage|p2a: Landorus|6/100
|
|upkeep
|turn|16
|
|t:|1604819285
|switch|p1a: Slowbro|Slowbro, F|97/100
|move|p2a: Landorus|Stealth Rock|p1a: Slowbro
|-sidestart|p1: U yu you|move: Stealth Rock
|
|upkeep
|turn|17
|
|t:|1604819292
|move|p2a: Landorus|Toxic|p1a: Slowbro
|-status|p1a: Slowbro|tox
|move|p1a: Slowbro|Trick Room|p1a: Slowbro
|-fieldstart|move: Trick Room|[of] p1a: Slowbro
|
|-damage|p1a: Slowbro|91/100 tox|[from] psn
|upkeep
|turn|18
|
|t:|1604819298
|move|p1a: Slowbro|Future Sight|p2a: Landorus
|-start|p1a: Slowbro|move: Future Sight
|move|p2a: Landorus|U-turn|p1a: Slowbro
|-supereffective|p1a: Slowbro
|-damage|p1a: Slowbro|65/100 tox
|-damage|p2a: Landorus|0 fnt|[from] item: Rocky Helmet|[of] p1a: Slowbro
|faint|p2a: Landorus
|
|-damage|p1a: Slowbro|53/100 tox|[from] psn
|upkeep
|
|t:|1604819306
|switch|p2a: Kyurem|Kyurem-Black|100/100
|-ability|p2a: Kyurem|Teravolt
|turn|19
|
|t:|1604819313
|move|p2a: Kyurem|Fusion Bolt|p1a: Slowbro
|-supereffective|p1a: Slowbro
|-damage|p1a: Slowbro|0 fnt
|-damage|p2a: Kyurem|91/100|[from] item: Life Orb
|faint|p1a: Slowbro
|
|upkeep
|
|t:|1604819328
|switch|p1a: Torkoal|Torkoal, M|100/100
|-damage|p1a: Torkoal|76/100|[from] Stealth Rock
|-weather|SunnyDay|[from] ability: Drought|[of] p1a: Torkoal
|turn|20
|l|☆Shootingwolf
|player|p2|
|inactive|Battle timer is ON: inactive players will automatically lose when time's up. (requested by U yu you)
|j|☆Shootingwolf
|inactive|Shootingwolf reconnected and has 125 seconds left.
|player|p2|Shootingwolf|erika
|inactive|Shootingwolf has 120 seconds left.
|
|t:|1604819494
|move|p1a: Torkoal|Eruption|p2a: Kyurem
|-damage|p2a: Kyurem|0 fnt
|faint|p2a: Kyurem
|
|-weather|SunnyDay|[upkeep]
|-hint|Future Sight did not hit because the target is the user.
|upkeep
|
|t:|1604819501
|switch|p2a: Magearna|Magearna|26/100
|turn|21
|
|t:|1604819512
|switch|p2a: Mandibuzz|Mandibuzz, F|100/100
|move|p1a: Torkoal|Eruption|p2a: Mandibuzz
|-damage|p2a: Mandibuzz|35/100
|
|-weather|SunnyDay|[upkeep]
|-fieldend|move: Trick Room
|upkeep
|turn|22
|
|t:|1604819517
|move|p2a: Mandibuzz|Toxic|p1a: Torkoal
|-status|p1a: Torkoal|tox
|move|p1a: Torkoal|Eruption|p2a: Mandibuzz
|-damage|p2a: Mandibuzz|0 fnt
|faint|p2a: Mandibuzz
|
|-weather|SunnyDay|[upkeep]
|-damage|p1a: Torkoal|70/100 tox|[from] psn
|upkeep
|
|t:|1604819523
|switch|p2a: Magearna|Magearna|26/100
|turn|23
|
|t:|1604819525
|move|p2a: Magearna|Aura Sphere|p1a: Torkoal
|-damage|p1a: Torkoal|19/100 tox
|move|p1a: Torkoal|Eruption|p2a: Magearna
|-supereffective|p2a: Magearna
|-damage|p2a: Magearna|0 fnt
|faint|p2a: Magearna
|
|-weather|SunnyDay|[upkeep]
|-damage|p1a: Torkoal|7/100 tox|[from] psn
|upkeep
|
|t:|1604819529
|switch|p2a: Pheromosa|Pheromosa|67/100
|turn|24
|
|t:|1604819535
|move|p2a: Pheromosa|Close Combat|p1a: Torkoal
|-damage|p1a: Torkoal|0 fnt
|-unboost|p2a: Pheromosa|def|1
|-unboost|p2a: Pheromosa|spd|1
|faint|p1a: Torkoal
|-ability|p2a: Pheromosa|Beast Boost|boost
|-boost|p2a: Pheromosa|atk|1
|
|-weather|none
|upkeep
|
|t:|1604819542
|switch|p1a: Darmanitan|Darmanitan, M|100/100
|-damage|p1a: Darmanitan|76/100|[from] Stealth Rock
|turn|25
|
|t:|1604819545
|move|p2a: Pheromosa|Close Combat|p1a: Darmanitan
|-damage|p1a: Darmanitan|0 fnt
|-unboost|p2a: Pheromosa|def|1
|-unboost|p2a: Pheromosa|spd|1
|faint|p1a: Darmanitan
|-ability|p2a: Pheromosa|Beast Boost|boost
|-boost|p2a: Pheromosa|atk|1
|
|upkeep
|
|t:|1604819552
|switch|p1a: Porygon2|Porygon2|62/100
|-damage|p1a: Porygon2|50/100|[from] Stealth Rock
|-ability|p1a: Porygon2|Beast Boost|[from] ability: Trace|[of] p2a: Pheromosa
|turn|26
|
|t:|1604819555
|move|p2a: Pheromosa|Close Combat|p1a: Porygon2
|-supereffective|p1a: Porygon2
|-damage|p1a: Porygon2|0 fnt
|-unboost|p2a: Pheromosa|def|1
|-unboost|p2a: Pheromosa|spd|1
|faint|p1a: Porygon2
|-ability|p2a: Pheromosa|Beast Boost|boost
|-boost|p2a: Pheromosa|atk|1
|
|upkeep
|
|t:|1604819558
|switch|p1a: Glastrier|Glastrier|53/100
|-damage|p1a: Glastrier|28/100|[from] Stealth Rock
|turn|27
|-message|U yu you forfeited.
|
|win|Shootingwolf
|l|☆U yu you
|raw|U yu you's rating: 1612 &rarr; <strong>1593</strong><br />(-19 for losing)
|raw|Shootingwolf's rating: 1637 &rarr; <strong>1655</strong><br />(+18 for winning)
