|j|☆Tyranixz
|j|☆CoconutCrabs
|t:|1660061984
|gametype|singles
|player|p1|Tyranixz|dawn|1682
|player|p2|CoconutCrabs|chuck|1672
|teamsize|p1|6
|teamsize|p2|6
|gen|8
|tier|[Gen 8] OU
|rated|
|rule|Sleep Clause Mod: Limit one foe put to sleep
|rule|Species Clause: Limit one of each Pokémon
|rule|OHKO Clause: OHKO moves are banned
|rule|Evasion Items Clause: Evasion items are banned
|rule|Evasion Moves Clause: Evasion moves are banned
|rule|Endless Battle Clause: Forcing endless battles is banned
|rule|HP Percentage Mod: HP is shown in percentages
|rule|Dynamax Clause: You cannot dynamax
|clearpoke
|poke|p1|Ferrothorn, F|
|poke|p1|Garchomp, M|
|poke|p1|Zapdos|
|poke|p1|Buzzwole|
|poke|p1|Heatran, M|
|poke|p1|Tapu Fini|
|poke|p2|Urshifu-*, M|
|poke|p2|Heatran, M|
|poke|p2|Rotom-Wash|
|poke|p2|Landorus-Therian, M|
|poke|p2|Tapu Lele|
|poke|p2|Weavile, F|
|teampreview
|inactive|Battle timer is ON: inactive players will automatically lose when time's up. (requested by CoconutCrabs)
|inactive|Tyranixz also wants the timer to be on.
|inactive|CoconutCrabs has 120 seconds left.
|
|t:|1660062029
|start
|switch|p1a: Tapu Fini|Tapu Fini|100/100
|switch|p2a: Rotom|Rotom-Wash|100/100
|-fieldstart|move: Misty Terrain|[from] ability: Misty Surge|[of] p1a: Tapu Fini
|turn|1
|
|t:|1660062041
|switch|p1a: Garchomp|Garchomp, M|100/100
|move|p2a: Rotom|Volt Switch|p1a: Garchomp
|-immune|p1a: Garchomp
|
|upkeep
|turn|2
|
|t:|1660062044
|switch|p1a: Ferrothorn|Ferrothorn, F|100/100
|move|p2a: Rotom|Hydro Pump|p1a: Ferrothorn
|-resisted|p1a: Ferrothorn
|-damage|p1a: Ferrothorn|83/100
|
|-heal|p1a: Ferrothorn|89/100|[from] item: Leftovers
|upkeep
|turn|3
|
|t:|1660062049
|move|p2a: Rotom|Volt Switch|p1a: Ferrothorn
|-resisted|p1a: Ferrothorn
|-damage|p1a: Ferrothorn|78/100
|
|t:|1660062053
|switch|p2a: Heatran|Heatran, M|100/100|[from]move: Volt Switch
|move|p1a: Ferrothorn|Spikes|p2a: Heatran
|-sidestart|p2: CoconutCrabs|Spikes
|
|-heal|p1a: Ferrothorn|84/100|[from] item: Leftovers
|upkeep
|turn|4
|
|t:|1660062056
|switch|p1a: Garchomp|Garchomp, M|100/100
|move|p2a: Heatran|Stealth Rock|p1a: Garchomp
|-sidestart|p1: Tyranixz|move: Stealth Rock
|
|upkeep
|turn|5
|
|t:|1660062061
|switch|p2a: Landorus|Landorus-Therian, M|100/100
|-ability|p2a: Landorus|Intimidate|boost
|-unboost|p1a: Garchomp|atk|1
|move|p1a: Garchomp|Stealth Rock|p2a: Landorus
|-sidestart|p2: CoconutCrabs|move: Stealth Rock
|
|-fieldend|Misty Terrain
|upkeep
|turn|6
|
|t:|1660062071
|switch|p1a: Buzzwole|Buzzwole|100/100
|-damage|p1a: Buzzwole|88/100|[from] Stealth Rock
|move|p2a: Landorus|Defog|p1a: Buzzwole
|-unboost|p1a: Buzzwole|evasion|1
|-sideend|p1: Tyranixz|Stealth Rock|[from] move: Defog|[of] p2a: Landorus
|-sideend|p2: CoconutCrabs|Spikes|[from] move: Defog|[of] p2a: Landorus
|-sideend|p2: CoconutCrabs|Stealth Rock|[from] move: Defog|[of] p2a: Landorus
|
|upkeep
|turn|7
|
|t:|1660062080
|switch|p2a: Heatran|Heatran, M|100/100
|move|p1a: Buzzwole|Close Combat|p2a: Heatran
|-supereffective|p2a: Heatran
|-damage|p2a: Heatran|0 fnt
|-unboost|p1a: Buzzwole|def|1
|-unboost|p1a: Buzzwole|spd|1
|faint|p2a: Heatran
|-ability|p1a: Buzzwole|Beast Boost|boost
|-boost|p1a: Buzzwole|atk|1
|
|upkeep
|
|t:|1660062085
|switch|p2a: Tapu Lele|Tapu Lele|100/100
|-fieldstart|move: Psychic Terrain|[from] ability: Psychic Surge|[of] p2a: Tapu Lele
|turn|8
|
|t:|1660062093
|switch|p1a: Ferrothorn|Ferrothorn, F|84/100
|move|p2a: Tapu Lele|Future Sight|p1a: Ferrothorn
|-start|p2a: Tapu Lele|move: Future Sight
|
|-heal|p1a: Ferrothorn|91/100|[from] item: Leftovers
|upkeep
|turn|9
|
|t:|1660062100
|switch|p2a: Urshifu|Urshifu-Rapid-Strike, M|100/100
|move|p1a: Ferrothorn|Power Whip|p2a: Urshifu
|-supereffective|p2a: Urshifu
|-crit|p2a: Urshifu
|-damage|p2a: Urshifu|0 fnt
|faint|p2a: Urshifu
|
|-heal|p1a: Ferrothorn|97/100|[from] item: Leftovers
|upkeep
|-message|CoconutCrabs forfeited.
|
|win|Tyranixz
|raw|Tyranixz's rating: 1682 &rarr; <strong>1701</strong><br />(+19 for winning)
|raw|CoconutCrabs's rating: 1672 &rarr; <strong>1653</strong><br />(-19 for losing)
|l|☆CoconutCrabs
||Ladder isn't responding, score probably updated but might not have (Request timeout).
