|j|☆tystys
|j|☆FENDINI
|t:|1663453726
|gametype|singles
|player|p1|tystys|2|1734
|player|p2|FENDINI|ethan-masters|1673
|teamsize|p1|6
|teamsize|p2|6
|gen|8
|tier|[Gen 8] OU
|rated|
|rule|Sleep Clause Mod: Limit one foe put to sleep
|rule|Species Clause: Limit one of each Pokémon
|rule|OHKO Clause: OHKO moves are banned
|rule|Evasion Items Clause: Evasion items are banned
|rule|Evasion Moves Clause: Evasion moves are banned
|rule|Endless Battle Clause: Forcing endless battles is banned
|rule|HP Percentage Mod: HP is shown in percentages
|rule|Dynamax Clause: You cannot dynamax
|clearpoke
|poke|p1|Porygon-Z|
|poke|p1|Pelipper, F|
|poke|p1|Ferrothorn, F|
|poke|p1|Barraskewda, M|
|poke|p1|Zapdos|
|poke|p1|Swampert, F|
|poke|p2|Garchomp, M|
|poke|p2|Tornadus-Therian, M|
|poke|p2|Aegislash, F|
|poke|p2|Toxapex, M|
|poke|p2|Rillaboom, M|
|poke|p2|Dragapult, M|
|teampreview
|inactive|Battle timer is ON: inactive players will automatically lose when time's up. (requested by FENDINI)
|inactive|tystys also wants the timer to be on.
|
|t:|1663453734
|start
|switch|p1a: Pelipper|Pelipper, F|100/100
|switch|p2a: Tornadus|Tornadus-Therian, M|100/100
|-weather|RainDance|[from] ability: Drizzle|[of] p1a: Pelipper
|turn|1
|
|t:|1663453737
|move|p2a: Tornadus|Knock Off|p1a: Pelipper
|-damage|p1a: Pelipper|79/100
|-enditem|p1a: Pelipper|Damp Rock|[from] move: Knock Off|[of] p2a: Tornadus
|move|p1a: Pelipper|U-turn|p2a: Tornadus
|-resisted|p2a: Tornadus
|-damage|p2a: Tornadus|96/100
|
|t:|1663453745
|switch|p1a: Barraskewda|Barraskewda, M|100/100|[from]move: U-turn
|
|-weather|RainDance|[upkeep]
|upkeep
|turn|2
|
|t:|1663453749
|switch|p2a: Toxapex|Toxapex, M|100/100
|move|p1a: Barraskewda|Flip Turn|p2a: Toxapex
|-resisted|p2a: Toxapex
|-damage|p2a: Toxapex|78/100
|-damage|p1a: Barraskewda|84/100|[from] item: Rocky Helmet|[of] p2a: Toxapex
|
|t:|1663453753
|switch|p1a: Porygon-Z|Porygon-Z|100/100|[from]move: Flip Turn
|-ability|p1a: Porygon-Z|Download|boost
|-boost|p1a: Porygon-Z|spa|1
|
|-weather|RainDance|[upkeep]
|upkeep
|turn|3
|j| Smash Time steez
|
|t:|1663453768
|switch|p2a: Aegislash|Aegislash, F|100/100
|move|p1a: Porygon-Z|Thunderbolt|p2a: Aegislash
|-damage|p2a: Aegislash|23/100
|
|-weather|RainDance|[upkeep]
|upkeep
|turn|4
|j| dfgdfshsdfgsd
|
|t:|1663453782
|switch|p1a: Ferrothorn|Ferrothorn, F|100/100
|switch|p2a: Garchomp|Garchomp, M|100/100
|
|-weather|RainDance|[upkeep]
|upkeep
|turn|5
|
|t:|1663453790
|move|p2a: Garchomp|Stealth Rock|p1a: Ferrothorn
|-sidestart|p1: tystys|move: Stealth Rock
|move|p1a: Ferrothorn|Knock Off|p2a: Garchomp
|-damage|p2a: Garchomp|82/100
|-damage|p1a: Ferrothorn|88/100|[from] ability: Rough Skin|[of] p2a: Garchomp
|-enditem|p2a: Garchomp|Leftovers|[from] move: Knock Off|[of] p1a: Ferrothorn
|
|-weather|RainDance|[upkeep]
|upkeep
|turn|6
|
|t:|1663453796
|switch|p2a: Tornadus|Tornadus-Therian, M|100/100
|move|p1a: Ferrothorn|Leech Seed|p2a: Tornadus
|-start|p2a: Tornadus|move: Leech Seed
|
|-weather|RainDance|[upkeep]
|-damage|p2a: Tornadus|88/100|[from] Leech Seed|[of] p1a: Ferrothorn
|-heal|p1a: Ferrothorn|100/100|[silent]
|upkeep
|turn|7
|j| Vukalo
|
|t:|1663453806
|move|p2a: Tornadus|Knock Off|p1a: Ferrothorn
|-damage|p1a: Ferrothorn|89/100
|-damage|p2a: Tornadus|76/100|[from] ability: Iron Barbs|[of] p1a: Ferrothorn
|-damage|p2a: Tornadus|59/100|[from] item: Rocky Helmet|[of] p1a: Ferrothorn
|-enditem|p1a: Ferrothorn|Rocky Helmet|[from] move: Knock Off|[of] p2a: Tornadus
|move|p1a: Ferrothorn|Knock Off|p2a: Tornadus
|-damage|p2a: Tornadus|36/100
|-enditem|p2a: Tornadus|Heavy-Duty Boots|[from] move: Knock Off|[of] p1a: Ferrothorn
|
|-weather|RainDance|[upkeep]
|-damage|p2a: Tornadus|24/100|[from] Leech Seed|[of] p1a: Ferrothorn
|-heal|p1a: Ferrothorn|100/100|[silent]
|upkeep
|turn|8
|
|t:|1663453823
|switch|p2a: Toxapex|Toxapex, M|100/100
|move|p1a: Ferrothorn|Knock Off|p2a: Toxapex
|-damage|p2a: Toxapex|88/100
|-damage|p1a: Ferrothorn|84/100|[from] item: Rocky Helmet|[of] p2a: Toxapex
|-enditem|p2a: Toxapex|Rocky Helmet|[from] move: Knock Off|[of] p1a: Ferrothorn
|
|-weather|none
|upkeep
|turn|9
|n| I'M AT MY LIMIT!|smashtimesteez
|
|t:|1663453832
|move|p2a: Toxapex|Toxic Spikes|p1a: Ferrothorn
|-sidestart|p1: tystys|move: Toxic Spikes
|move|p1a: Ferrothorn|Leech Seed|p2a: Toxapex
|-start|p2a: Toxapex|move: Leech Seed
|
|-damage|p2a: Toxapex|75/100|[from] Leech Seed|[of] p1a: Ferrothorn
|-heal|p1a: Ferrothorn|95/100|[silent]
|upkeep
|turn|10
|
|t:|1663453840
|move|p2a: Toxapex|Scald|p1a: Ferrothorn
|-resisted|p1a: Ferrothorn
|-damage|p1a: Ferrothorn|87/100
|move|p1a: Ferrothorn|Spikes|p2a: Toxapex
|-sidestart|p2: FENDINI|Spikes
|
|-damage|p2a: Toxapex|63/100|[from] Leech Seed|[of] p1a: Ferrothorn
|-heal|p1a: Ferrothorn|98/100|[silent]
|upkeep
|turn|11
|
|t:|1663453849
|switch|p2a: Tornadus|Tornadus-Therian, M|57/100
|move|p1a: Ferrothorn|Spikes|p2a: Tornadus
|-sidestart|p2: FENDINI|Spikes
|
|upkeep
|turn|12
|
|t:|1663453856
|switch|p1a: Pelipper|Pelipper, F|79/100
|-damage|p1a: Pelipper|54/100|[from] Stealth Rock
|-weather|RainDance|[from] ability: Drizzle|[of] p1a: Pelipper
|move|p2a: Tornadus|U-turn|p1a: Pelipper
|-resisted|p1a: Pelipper
|-damage|p1a: Pelipper|47/100
|
|t:|1663453861
|switch|p2a: Dragapult|Dragapult, M|100/100|[from]move: U-turn
|-damage|p2a: Dragapult|84/100|[from] Spikes
|
|-weather|RainDance|[upkeep]
|upkeep
|turn|13
|
|t:|1663453871
|switch|p1a: Ferrothorn|Ferrothorn, F|98/100
|-damage|p1a: Ferrothorn|92/100|[from] Stealth Rock
|move|p2a: Dragapult|Shadow Ball|p1a: Ferrothorn
|-damage|p1a: Ferrothorn|42/100
|
|-weather|RainDance|[upkeep]
|upkeep
|turn|14
|
|t:|1663453878
|switch|p1a: Porygon-Z|Porygon-Z|100/100
|-damage|p1a: Porygon-Z|88/100|[from] Stealth Rock
|-status|p1a: Porygon-Z|psn
|-ability|p1a: Porygon-Z|Download|boost
|-boost|p1a: Porygon-Z|atk|1
|move|p2a: Dragapult|Shadow Ball|p1a: Porygon-Z
|-immune|p1a: Porygon-Z
|
|-weather|RainDance|[upkeep]
|-damage|p1a: Porygon-Z|76/100 psn|[from] psn
|upkeep
|turn|15
|
|t:|1663453891
|switch|p2a: Aegislash|Aegislash, F|23/100
|-damage|p2a: Aegislash|7/100|[from] Spikes
|move|p1a: Porygon-Z|Psyshock|p2a: Aegislash
|-resisted|p2a: Aegislash
|-damage|p2a: Aegislash|0 fnt
|faint|p2a: Aegislash
|
|-weather|RainDance|[upkeep]
|-damage|p1a: Porygon-Z|64/100 psn|[from] psn
|upkeep
|
|t:|1663453907
|switch|p2a: Dragapult|Dragapult, M|84/100
|-damage|p2a: Dragapult|68/100|[from] Spikes
|turn|16
|
|t:|1663453914
|switch|p1a: Ferrothorn|Ferrothorn, F|42/100
|-damage|p1a: Ferrothorn|36/100|[from] Stealth Rock
|move|p2a: Dragapult|Draco Meteor|p1a: Ferrothorn
|-resisted|p1a: Ferrothorn
|-damage|p1a: Ferrothorn|0 fnt
|-unboost|p2a: Dragapult|spa|2
|faint|p1a: Ferrothorn
|
|-weather|none
|upkeep
|
|t:|1663453929
|switch|p1a: Swampert|Swampert, F|100/100
|-damage|p1a: Swampert|94/100|[from] Stealth Rock
|-status|p1a: Swampert|psn
|turn|17
|
|t:|1663453934
|switch|p2a: Tornadus|Tornadus-Therian, M|90/100
|move|p1a: Swampert|Stealth Rock|p2a: Tornadus
|-sidestart|p2: FENDINI|move: Stealth Rock
|
|-heal|p1a: Swampert|100/100 psn|[from] item: Leftovers
|-damage|p1a: Swampert|88/100 psn|[from] psn
|upkeep
|turn|18
|
|t:|1663453943
|move|p2a: Tornadus|Defog|p1a: Swampert
|-unboost|p1a: Swampert|evasion|1
|-sideend|p1: tystys|Toxic Spikes|[from] move: Defog|[of] p2a: Tornadus
|-sideend|p1: tystys|Stealth Rock|[from] move: Defog|[of] p2a: Tornadus
|-sideend|p2: FENDINI|Spikes|[from] move: Defog|[of] p2a: Tornadus
|-sideend|p2: FENDINI|Stealth Rock|[from] move: Defog|[of] p2a: Tornadus
|move|p1a: Swampert|Flip Turn|p2a: Tornadus
|-damage|p2a: Tornadus|56/100
|
|t:|1663453948
|switch|p1a: Pelipper|Pelipper, F|47/100|[from]move: Flip Turn
|-weather|RainDance|[from] ability: Drizzle|[of] p1a: Pelipper
|
|-weather|RainDance|[upkeep]
|upkeep
|turn|19
|
|t:|1663453952
|move|p2a: Tornadus|U-turn|p1a: Pelipper
|-resisted|p1a: Pelipper
|-damage|p1a: Pelipper|40/100
|
|t:|1663453953
|switch|p2a: Dragapult|Dragapult, M|68/100|[from]move: U-turn
|move|p1a: Pelipper|U-turn|p2a: Dragapult
|-resisted|p2a: Dragapult
|-damage|p2a: Dragapult|61/100
|
|t:|1663453959
|switch|p1a: Barraskewda|Barraskewda, M|84/100|[from]move: U-turn
|
|-weather|RainDance|[upkeep]
|upkeep
|turn|20
|
|t:|1663453964
|switch|p2a: Toxapex|Toxapex, M|96/100
|move|p1a: Barraskewda|Flip Turn|p2a: Toxapex
|-resisted|p2a: Toxapex
|-damage|p2a: Toxapex|70/100
|
|t:|1663453966
|switch|p1a: Porygon-Z|Porygon-Z|64/100 psn|[from]move: Flip Turn
|-ability|p1a: Porygon-Z|Download|boost
|-boost|p1a: Porygon-Z|spa|1
|
|-weather|RainDance|[upkeep]
|-damage|p1a: Porygon-Z|52/100 psn|[from] psn
|upkeep
|turn|21
|
|t:|1663453972
|switch|p2a: Tornadus|Tornadus-Therian, M|89/100
|move|p1a: Porygon-Z|Psyshock|p2a: Tornadus
|-damage|p2a: Tornadus|18/100
|
|-weather|RainDance|[upkeep]
|-damage|p1a: Porygon-Z|39/100 psn|[from] psn
|upkeep
|turn|22
|
|t:|1663453987
|switch|p1a: Zapdos|Zapdos|100/100
|move|p2a: Tornadus|Knock Off|p1a: Zapdos
|-damage|p1a: Zapdos|78/100
|-enditem|p1a: Zapdos|Heavy-Duty Boots|[from] move: Knock Off|[of] p2a: Tornadus
|
|-weather|none
|upkeep
|turn|23
|inactive|tystys has 120 seconds left.
|
|t:|1663454013
|switch|p2a: Garchomp|Garchomp, M|82/100
|move|p1a: Zapdos|Hurricane|p2a: Garchomp
|-damage|p2a: Garchomp|45/100
|
|upkeep
|turn|24
|inactive|tystys has 120 seconds left.
|
|t:|1663454023
|switch|p1a: Pelipper|Pelipper, F|40/100
|-weather|RainDance|[from] ability: Drizzle|[of] p1a: Pelipper
|move|p2a: Garchomp|Stealth Rock|p1a: Pelipper
|-sidestart|p1: tystys|move: Stealth Rock
|
|-weather|RainDance|[upkeep]
|upkeep
|turn|25
|inactive|tystys has 120 seconds left.
|
|t:|1663454034
|move|p2a: Garchomp|Toxic|p1a: Pelipper
|-status|p1a: Pelipper|tox
|move|p1a: Pelipper|Scald|p2a: Garchomp
|-damage|p2a: Garchomp|17/100
|
|-weather|RainDance|[upkeep]
|-damage|p1a: Pelipper|33/100 tox|[from] psn
|upkeep
|turn|26
|inactive|tystys has 120 seconds left.
|
|t:|1663454054
|switch|p2a: Dragapult|Dragapult, M|61/100
|move|p1a: Pelipper|Defog|p2a: Dragapult
|-unboost|p2a: Dragapult|evasion|1
|-sideend|p1: tystys|Stealth Rock|[from] move: Defog|[of] p1a: Pelipper
|
|-weather|RainDance|[upkeep]
|-damage|p1a: Pelipper|21/100 tox|[from] psn
|upkeep
|turn|27
|inactive|tystys has 120 seconds left.
|
|t:|1663454070
|switch|p1a: Porygon-Z|Porygon-Z|39/100 psn
|-ability|p1a: Porygon-Z|Download|boost
|-boost|p1a: Porygon-Z|atk|1
|move|p2a: Dragapult|U-turn|p1a: Porygon-Z
|-damage|p1a: Porygon-Z|15/100 psn
|
|t:|1663454073
|switch|p2a: Tornadus|Tornadus-Therian, M|51/100|[from]move: U-turn
|
|-weather|RainDance|[upkeep]
|-damage|p1a: Porygon-Z|3/100 psn|[from] psn
|upkeep
|turn|28
|inactive|tystys has 120 seconds left.
|
|t:|1663454084
|move|p2a: Tornadus|U-turn|p1a: Porygon-Z
|-damage|p1a: Porygon-Z|0 fnt
|faint|p1a: Porygon-Z
|
|t:|1663454092
|switch|p2a: Dragapult|Dragapult, M|61/100|[from]move: U-turn
|
|-weather|none
|upkeep
|
|t:|1663454095
|switch|p1a: Pelipper|Pelipper, F|21/100 tox
|-weather|RainDance|[from] ability: Drizzle|[of] p1a: Pelipper
|turn|29
|
|t:|1663454099
|move|p2a: Dragapult|Shadow Ball|p1a: Pelipper
|-damage|p1a: Pelipper|0 fnt
|faint|p1a: Pelipper
|
|-weather|RainDance|[upkeep]
|upkeep
|inactive|tystys has 120 seconds left.
|l|☆tystys
|inactive|tystys disconnected and has a minute to reconnect!
|player|p1|
|inactive|tystys has 30 seconds to reconnect!
|inactive|tystys has 20 seconds to reconnect!
|inactive|tystys has 15 seconds to reconnect!
|inactive|tystys has 10 seconds to reconnect!
|inactive|tystys has 5 seconds to reconnect!
|l| Vukalo
|-message|tystys lost due to inactivity.
|
|win|FENDINI
|raw|tystys's rating: 1734 &rarr; <strong>1711</strong><br />(-23 for losing)
|raw|FENDINI's rating: 1673 &rarr; <strong>1696</strong><br />(+23 for winning)
||Ladder isn't responding, score probably updated but might not have (Request timeout).
