|j|☆Mighty Heaven
|j|☆Corumba
|t:|1608648007
|player|p1|Mighty Heaven|169|1747
|player|p2|Corumba|schoolkid-gen4|1705
|teamsize|p1|6
|teamsize|p2|6
|gametype|singles
|gen|8
|tier|[Gen 8] OU
|rated|
|clearpoke
|poke|p1|Barraskewda, F|
|poke|p1|Ferrothorn, M|
|poke|p1|Magearna|
|poke|p1|Pelipper, M|
|poke|p1|Tornadus-Therian, M|
|poke|p1|Zapdos|
|poke|p2|Toxapex, M|
|poke|p2|Aegislash, M|
|poke|p2|Landorus-Therian, M|
|poke|p2|Hydreigon, F|
|poke|p2|Blaziken, F|
|poke|p2|Kartana|
|rule|Sleep Clause Mod: Limit one foe put to sleep
|rule|Species Clause: Limit one of each Pokémon
|rule|OHKO Clause: OHKO moves are banned
|rule|Evasion Moves Clause: Evasion moves are banned
|rule|Endless Battle Clause: Forcing endless battles is banned
|rule|HP Percentage Mod: HP is shown in percentages
|rule|Dynamax Clause: You cannot dynamax
|teampreview
|j| Vessev
|
|t:|1608648037
|start
|switch|p1a: Balance|Magearna|100/100
|switch|p2a: Toxapex|Toxapex, M|100/100
|turn|1
|
|t:|1608648043
|move|p1a: Balance|Trick|p2a: Toxapex
|-activate|p1a: Balance|move: Trick|[of] p2a: Toxapex
|-item|p2a: Toxapex|Choice Specs|[from] move: Trick
|-item|p1a: Balance|Rocky Helmet|[from] move: Trick
|move|p2a: Toxapex|Knock Off|p1a: Balance
|-resisted|p1a: Balance
|-damage|p1a: Balance|94/100
|-damage|p2a: Toxapex|84/100|[from] item: Rocky Helmet|[of] p1a: Balance
|-enditem|p1a: Balance|Rocky Helmet|[from] move: Knock Off|[of] p2a: Toxapex
|
|upkeep
|turn|2
|inactive|Battle timer is ON: inactive players will automatically lose when time's up. (requested by Mighty Heaven)
|
|t:|1608648054
|switch|p2a: Landorus|Landorus-Therian, M|100/100
|-ability|p2a: Landorus|Intimidate|boost
|-unboost|p1a: Balance|atk|1
|move|p1a: Balance|Fleur Cannon|p2a: Landorus
|-damage|p2a: Landorus|27/100
|-unboost|p1a: Balance|spa|2
|
|-heal|p2a: Landorus|33/100|[from] item: Leftovers
|upkeep
|turn|3
|j| DoubleTiddiesUltra
|
|t:|1608648065
|switch|p1a: Pelipper|Pelipper, M|100/100
|-weather|RainDance|[from] ability: Drizzle|[of] p1a: Pelipper
|move|p2a: Landorus|Toxic|p1a: Pelipper
|-status|p1a: Pelipper|tox
|
|-weather|RainDance|[upkeep]
|-heal|p2a: Landorus|39/100|[from] item: Leftovers
|-damage|p1a: Pelipper|94/100 tox|[from] psn
|upkeep
|turn|4
|
|t:|1608648070
|move|p2a: Landorus|Knock Off|p1a: Pelipper
|-damage|p1a: Pelipper|71/100 tox
|-enditem|p1a: Pelipper|Damp Rock|[from] move: Knock Off|[of] p2a: Landorus
|move|p1a: Pelipper|U-turn|p2a: Landorus
|-resisted|p2a: Landorus
|-crit|p2a: Landorus
|-damage|p2a: Landorus|33/100
|
|t:|1608648076
|switch|p1a: Tornadus|Tornadus-Therian, M|100/100|[from]move: U-turn
|
|-weather|RainDance|[upkeep]
|-heal|p2a: Landorus|39/100|[from] item: Leftovers
|upkeep
|turn|5
|
|t:|1608648083
|switch|p2a: Aegislash|Aegislash, M|100/100
|move|p1a: Tornadus|Hurricane|p2a: Aegislash
|-resisted|p2a: Aegislash
|-damage|p2a: Aegislash|77/100
|
|-weather|RainDance|[upkeep]
|-heal|p2a: Aegislash|84/100|[from] item: Leftovers
|upkeep
|turn|6
|
|t:|1608648090
|move|p1a: Tornadus|Weather Ball|p2a: Aegislash
|-damage|p2a: Aegislash|42/100
|move|p2a: Aegislash|Toxic|p1a: Tornadus
|-status|p1a: Tornadus|tox
|
|-weather|RainDance|[upkeep]
|-heal|p2a: Aegislash|48/100|[from] item: Leftovers
|-damage|p1a: Tornadus|94/100 tox|[from] psn
|upkeep
|turn|7
|
|t:|1608648104
|move|p1a: Tornadus|Nasty Plot|p1a: Tornadus
|-boost|p1a: Tornadus|spa|2
|-formechange|p2a: Aegislash|Aegislash-Blade||[from] ability: Stance Change
|move|p2a: Aegislash|Shadow Ball|p1a: Tornadus
|-damage|p1a: Tornadus|35/100 tox
|
|-weather|RainDance|[upkeep]
|-heal|p2a: Aegislash|54/100|[from] item: Leftovers
|-damage|p1a: Tornadus|23/100 tox|[from] psn
|upkeep
|turn|8
|
|t:|1608648114
|-formechange|p2a: Aegislash|Aegislash||[from] ability: Stance Change
|move|p2a: Aegislash|King's Shield|p2a: Aegislash
|-singleturn|p2a: Aegislash|Protect
|move|p1a: Tornadus|Hurricane|p2a: Aegislash
|-activate|p2a: Aegislash|move: Protect
|
|-weather|RainDance|[upkeep]
|-heal|p2a: Aegislash|60/100|[from] item: Leftovers
|-damage|p1a: Tornadus|5/100 tox|[from] psn
|upkeep
|turn|9
|
|t:|1608648124
|switch|p1a: Zapdos|Zapdos|100/100
|switch|p2a: Toxapex|Toxapex, M|100/100
|
|-weather|RainDance|[upkeep]
|upkeep
|turn|10
|j| Ash-greninja UB
|
|t:|1608648139
|move|p1a: Zapdos|Hurricane|p2a: Toxapex
|-damage|p2a: Toxapex|57/100
|move|p2a: Toxapex|Poison Jab|p1a: Zapdos
|-damage|p1a: Zapdos|78/100
|-status|p1a: Zapdos|psn
|-status|p2a: Toxapex|par|[from] ability: Static|[of] p1a: Zapdos
|
|-weather|none
|-damage|p1a: Zapdos|66/100 psn|[from] psn
|upkeep
|turn|11
|inactive|Corumba has 120 seconds left.
|
|t:|1608648170
|switch|p2a: Aegislash|Aegislash, M|60/100
|move|p1a: Zapdos|Rain Dance|p1a: Zapdos
|-weather|RainDance
|
|-weather|RainDance|[upkeep]
|-heal|p2a: Aegislash|66/100|[from] item: Leftovers
|-damage|p1a: Zapdos|53/100 psn|[from] psn
|upkeep
|turn|12
|
|t:|1608648177
|move|p2a: Aegislash|King's Shield|p2a: Aegislash
|-singleturn|p2a: Aegislash|Protect
|move|p1a: Zapdos|Thunder|p2a: Aegislash
|-activate|p2a: Aegislash|move: Protect
|
|-weather|RainDance|[upkeep]
|-heal|p2a: Aegislash|73/100|[from] item: Leftovers
|-damage|p1a: Zapdos|41/100 psn|[from] psn
|upkeep
|turn|13
|
|t:|1608648183
|move|p1a: Zapdos|Thunder|p2a: Aegislash
|-damage|p2a: Aegislash|25/100
|-formechange|p2a: Aegislash|Aegislash-Blade||[from] ability: Stance Change
|move|p2a: Aegislash|Shadow Ball|p1a: Zapdos
|-damage|p1a: Zapdos|0 fnt
|faint|p1a: Zapdos
|
|-weather|RainDance|[upkeep]
|-heal|p2a: Aegislash|31/100|[from] item: Leftovers
|upkeep
|
|t:|1608648195
|switch|p1a: Ferrothorn|Ferrothorn, M|100/100
|turn|14
|
|t:|1608648201
|switch|p2a: Kartana|Kartana|100/100
|move|p1a: Ferrothorn|Stealth Rock|p2a: Kartana
|-sidestart|p2: Corumba|move: Stealth Rock
|
|-weather|RainDance|[upkeep]
|upkeep
|turn|15
|
|t:|1608648210
|switch|p1a: Balance|Magearna|94/100
|move|p2a: Kartana|Swords Dance|p2a: Kartana
|-boost|p2a: Kartana|atk|2
|
|-weather|none
|upkeep
|turn|16
|
|t:|1608648214
|move|p2a: Kartana|Sacred Sword|p1a: Balance
|-damage|p1a: Balance|27/100
|-damage|p2a: Kartana|91/100|[from] item: Life Orb
|move|p1a: Balance|Fleur Cannon|p2a: Kartana
|-resisted|p2a: Kartana
|-damage|p2a: Kartana|0 fnt
|-unboost|p1a: Balance|spa|2
|faint|p2a: Kartana
|-ability|p1a: Balance|Soul-Heart|boost
|-boost|p1a: Balance|spa|1
|
|upkeep
|
|t:|1608648226
|switch|p2a: supine|Blaziken, F|100/100
|-damage|p2a: supine|88/100|[from] Stealth Rock
|turn|17
|
|t:|1608648248
|switch|p1a: Pelipper|Pelipper, M|71/100 tox
|-weather|RainDance|[from] ability: Drizzle|[of] p1a: Pelipper
|move|p2a: supine|Swords Dance|p2a: supine
|-boost|p2a: supine|atk|2
|
|-weather|RainDance|[upkeep]
|-heal|p2a: supine|94/100|[from] item: Leftovers
|-damage|p1a: Pelipper|65/100 tox|[from] psn
|-ability|p2a: supine|Speed Boost|boost
|-boost|p2a: supine|spe|1
|upkeep
|turn|18
|
|t:|1608648259
|move|p2a: supine|Protect|p2a: supine
|-singleturn|p2a: supine|Protect
|move|p1a: Pelipper|Hurricane|p2a: supine
|-activate|p2a: supine|move: Protect
|
|-weather|RainDance|[upkeep]
|-heal|p2a: supine|99/100|[from] item: Leftovers
|-damage|p1a: Pelipper|53/100 tox|[from] psn
|-ability|p2a: supine|Speed Boost|boost
|-boost|p2a: supine|spe|1
|upkeep
|turn|19
|
|t:|1608648268
|move|p2a: supine|Flare Blitz|p1a: Pelipper
|-resisted|p1a: Pelipper
|-damage|p1a: Pelipper|28/100 tox
|-damage|p2a: supine|92/100|[from] Recoil
|move|p1a: Pelipper|Hurricane|p2a: supine
|-supereffective|p2a: supine
|-damage|p2a: supine|0 fnt
|faint|p2a: supine
|
|-weather|RainDance|[upkeep]
|-damage|p1a: Pelipper|10/100 tox|[from] psn
|upkeep
|-message|Corumba forfeited.
|
|win|Mighty Heaven
|l|☆Corumba
|l| Vessev
|raw|Mighty Heaven's rating: 1747 &rarr; <strong>1765</strong><br />(+18 for winning)
|raw|Corumba's rating: 1705 &rarr; <strong>1688</strong><br />(-17 for losing)
