|raw|<div class="broadcast-blue"><strong>This battle is required to be public due to a player having a name prefixed by 'LT71LX'.</div>
|j|☆LT71LX Kappucci
|j|☆LT71LX John W
|t:|1597365610
|player|p1|LT71LX Kappucci|twins|2124
|player|p2|LT71LX John W|cyclistf-gen4|2141
|teamsize|p1|6
|teamsize|p2|6
|gametype|singles
|gen|8
|tier|[Gen 8] OU
|rated|
|clearpoke
|poke|p1|Kommo-o, M|
|poke|p1|Hydreigon, M|
|poke|p1|Aegislash, M|
|poke|p1|Azumarill, M|
|poke|p1|Mimikyu, M|
|poke|p1|Dragapult, F|
|poke|p2|Jirachi|
|poke|p2|Clefable, M|
|poke|p2|Ditto|
|poke|p2|Toxapex, F|
|poke|p2|Corviknight, F|
|poke|p2|Blissey, F|
|rule|Sleep Clause Mod: Limit one foe put to sleep
|rule|Species Clause: Limit one of each Pokémon
|rule|OHKO Clause: OHKO moves are banned
|rule|Evasion Moves Clause: Evasion moves are banned
|rule|Endless Battle Clause: Forcing endless battles is banned
|rule|HP Percentage Mod: HP is shown in percentages
|rule|Dynamax Clause: You cannot dynamax
|teampreview
|j| outu why
|j| Mara Sattei
|j| mad goonery
|j|+tjay
|j| Cam
|j| Padox
|j| Mionda
|j| gronched
|j| lt71lx vaboh
|j| Endill
|j|+Excal
|j| best interest
|j| Waylaid
|j| yuzmv
|j| Randy788
|j|@Tony
|j| Tuononda
|j| Spl4sh
|j| strealet❄
|j| ez
|j| LT71LX Sam
|j| Kaitlen
|j| Enzo Gorlami
|j| LT71LX Newal
|j|+rozes
|j| Theo Mani Fan Club
|j| studying in tab
|j| jerderh
|j|+Christo
|j| Lunarr
|j|+Wiggleetuff
|j| serlandy
|j|&Aeonic
|j| lt71lx bfl
|j|+Cynde
|j| Brayz
|c| Mara Sattei|Mionda Tuononda
|j|+Analytic
|j| Lt71x PAPA pia
|c| Mionda|Mara Sattei
|j| LT71LX Gama
|j|+phiwings99
|j|+ShinyAzelf
|j| HYDREIGON SPECS
|j|+Sun
|j| Calem∞DPU
|j| roundpenguin
|j| xray
|j| tsukasa yuzaki
|c| Tuononda|Mara Sattei
|j| pattek
|j| SweetPosho
|j| Zombini62
|j| agenS
|j| booty
|j| Sinead's Hairline
|j| LT71LX life
|j| Disorient
|j| macho asdfqwert
|l| Zombini62
|j|+Ruft
|c| HYDREIGON SPECS|miononda
|j| Sebilin1125
|j| tyurtjddtutdtutd
|j|+Roseybear
|j| JFCope
|j| peekoball
|j|+Cdumas
|c| tyurtjddtutdtutd|3 games
|j| LT71LX PK
|j| Devil Patchy
|j| Default Danced On
|j| Corckscrew❤️
|l| Disorient
|j| King l5
|j| usernameunavailabl
|j| Shiox
|j| isabela200
|l| macho asdfqwert
|j| quojova
|j| LT71LX VTFroakies
|
|t:|1597365664
|start
|switch|p1a: Kommo-o|Kommo-o, M|100/100
|switch|p2a: Clefable|Clefable, M|100/100
|turn|1
|l| LT71LX VTFroakies
|inactive|Battle timer is ON: inactive players will automatically lose when time's up. (requested by LT71LX John W)
|j| AltCauseImInsecure
|j| Amaranthy
|j| LT71LX VTFroakies
|
|t:|1597365668
|switch|p1a: Aegislash|Aegislash, M|100/100
|move|p2a: Clefable|Moonblast|p1a: Aegislash
|-resisted|p1a: Aegislash
|-damage|p1a: Aegislash|82/100
|
|upkeep
|turn|2
|j| Hammy
|j| robjr
|
|t:|1597365672
|switch|p2a: Toxapex|Toxapex, F|100/100
|-formechange|p1a: Aegislash|Aegislash-Blade||[from] ability: Stance Change
|move|p1a: Aegislash|Flash Cannon|p2a: Toxapex
|-resisted|p2a: Toxapex
|-damage|p2a: Toxapex|79/100
|-damage|p1a: Aegislash|73/100|[from] item: Life Orb
|
|upkeep
|turn|3
|l| Shiox
|j|+a fruitshop owner
|j| Nalorium
|j| Hayburner
|j| BailaodoRobyssao
|j| Livio ElTito
|l| roundpenguin
|
|t:|1597365687
|switch|p1a: Kommo-o|Kommo-o, M|100/100
|move|p2a: Toxapex|Knock Off|p1a: Kommo-o
|-resisted|p1a: Kommo-o
|-damage|p1a: Kommo-o|94/100
|-enditem|p1a: Kommo-o|Life Orb|[from] move: Knock Off|[of] p2a: Toxapex
|
|upkeep
|turn|4
|j| daunt vs
|j| QuilavaBest
|
|t:|1597365694
|switch|p2a: Clefable|Clefable, M|100/100
|move|p1a: Kommo-o|Stealth Rock|p2a: Clefable
|-sidestart|p2: LT71LX John W|move: Stealth Rock
|
|upkeep
|turn|5
|j| Sablolol
|j| reje
|j| Ultra Dusk Mane31
|
|t:|1597365710
|move|p1a: Kommo-o|Flash Cannon|p2a: Clefable
|-supereffective|p2a: Clefable
|-damage|p2a: Clefable|57/100
|move|p2a: Clefable|Moonblast|p1a: Kommo-o
|-supereffective|p1a: Kommo-o
|-damage|p1a: Kommo-o|0 fnt
|faint|p1a: Kommo-o
|
|-heal|p2a: Clefable|63/100|[from] item: Leftovers
|upkeep
|j| utah jasmine fo
|l| daunt vs
|
|t:|1597365719
|switch|p1a: Aegislash|Aegislash, M|73/100
|turn|6
|j| Algeria
|j| abriel gabram
|j| GeniusX
|j| GOATDON
|
|t:|1597365735
|switch|p2a: Blissey|Blissey, F|100/100
|-formechange|p1a: Aegislash|Aegislash-Blade||[from] ability: Stance Change
|move|p1a: Aegislash|Flash Cannon|p2a: Blissey
|-damage|p2a: Blissey|77/100
|-unboost|p2a: Blissey|spd|1
|-damage|p1a: Aegislash|63/100|[from] item: Life Orb
|
|upkeep
|turn|7
|j|+Perry
|
|t:|1597365740
|switch|p2a: Toxapex|Toxapex, F|100/100
|-damage|p2a: Toxapex|88/100|[from] Stealth Rock
|move|p1a: Aegislash|Shadow Ball|p2a: Toxapex
|-crit|p2a: Toxapex
|-damage|p2a: Toxapex|16/100
|-damage|p1a: Aegislash|53/100|[from] item: Life Orb
|
|upkeep
|turn|8
|j| LT71LX ayouko
|
|t:|1597365748
|switch|p1a: Mimikyu|Mimikyu, M|100/100
|switch|p2a: Blissey|Blissey, F|77/100
|
|upkeep
|turn|9
|
|t:|1597365756
|move|p1a: Mimikyu|Swords Dance|p1a: Mimikyu
|-boost|p1a: Mimikyu|atk|2
|move|p2a: Blissey|Toxic|p1a: Mimikyu
|-status|p1a: Mimikyu|tox
|
|-damage|p1a: Mimikyu|95/100 tox|[from] psn
|upkeep
|turn|10
|l| LT71LX ayouko
|j| Axgwd ♥♫~!
|j| Congwuyu
|j| BackToFortniteFool
|l| best interest
|
|t:|1597365771
|move|p1a: Mimikyu|Drain Punch|p2a: Blissey
|-supereffective|p2a: Blissey
|-damage|p2a: Blissey|0 fnt
|-heal|p1a: Mimikyu|100/100 tox|[from] drain|[of] p2a: Blissey
|-damage|p1a: Mimikyu|91/100 tox|[from] item: Life Orb
|faint|p2a: Blissey
|
|-damage|p1a: Mimikyu|79/100 tox|[from] psn
|upkeep
|l|+Wiggleetuff
|
|t:|1597365774
|switch|p2a: Corviknight|Corviknight, F|100/100
|-damage|p2a: Corviknight|88/100|[from] Stealth Rock
|-ability|p2a: Corviknight|Pressure
|turn|11
|l|+phiwings99
|
|t:|1597365783
|move|p1a: Mimikyu|Swords Dance|p1a: Mimikyu
|-boost|p1a: Mimikyu|atk|2
|move|p2a: Corviknight|U-turn|p1a: Mimikyu
|-activate|p1a: Mimikyu|ability: Disguise
|-damage|p1a: Mimikyu|79/100 tox
|detailschange|p1a: Mimikyu|Mimikyu-Busted, M
|-damage|p1a: Mimikyu|66/100 tox|[from] pokemon: Mimikyu-Busted
|j| roundpenguin
|j|+TDK
|l| LT71LX life
|l| utah jasmine fo
|l| Calem∞DPU
|j| bynum
|inactive|LT71LX John W has 120 seconds left.
|
|t:|1597365820
|switch|p2a: Ditto|Ditto, shiny|100/100|[from]move: U-turn
|-damage|p2a: Ditto|88/100|[from] Stealth Rock
|-transform|p2a: Ditto|p1a: Mimikyu|[from] ability: Imposter
|
|-damage|p1a: Mimikyu|48/100 tox|[from] psn
|upkeep
|turn|12
|l| Theo Mani Fan Club
|l| bynum
|l| Randy788
|
|t:|1597365832
|move|p2a: Ditto|Shadow Sneak|p1a: Mimikyu
|-supereffective|p1a: Mimikyu
|-damage|p1a: Mimikyu|0 fnt
|faint|p1a: Mimikyu
|
|upkeep
|
|t:|1597365836
|switch|p1a: Hydreigon|Hydreigon, M|100/100
|turn|13
|j| go team us midwest
|j|+FMG
|l| pattek
|inactive|LT71LX John W has 120 seconds left.
|l| abriel gabram
|
|t:|1597365862
|switch|p2a: Toxapex|Toxapex, F|49/100
|-damage|p2a: Toxapex|37/100|[from] Stealth Rock
|move|p1a: Hydreigon|Nasty Plot|p1a: Hydreigon
|-boost|p1a: Hydreigon|spa|2
|
|upkeep
|turn|14
|inactive|LT71LX John W has 120 seconds left.
|l| Ultra Dusk Mane31
|
|t:|1597365875
|move|p1a: Hydreigon|Draco Meteor|p2a: Toxapex
|-damage|p2a: Toxapex|0 fnt
|-unboost|p1a: Hydreigon|spa|2
|-damage|p1a: Hydreigon|91/100|[from] item: Life Orb
|faint|p2a: Toxapex
|
|upkeep
|j| LT71LX Teleport
|j| ayevon
|inactive|LT71LX John W has 120 seconds left.
|
|t:|1597365880
|switch|p2a: Ditto|Ditto, shiny|88/100
|-damage|p2a: Ditto|76/100|[from] Stealth Rock
|-transform|p2a: Ditto|p1a: Hydreigon|[from] ability: Imposter
|turn|15
|l| LT71LX Teleport
|
|t:|1597365887
|switch|p1a: Azumarill|Azumarill, M|100/100
|move|p2a: Ditto|Draco Meteor|p1a: Azumarill
|-immune|p1a: Azumarill
|
|upkeep
|turn|16
|
|t:|1597365892
|switch|p2a: Jirachi|Jirachi|100/100
|-damage|p2a: Jirachi|94/100|[from] Stealth Rock
|move|p1a: Azumarill|Belly Drum|p1a: Azumarill
|-damage|p1a: Azumarill|50/100
|-setboost|p1a: Azumarill|atk|6|[from] move: Belly Drum
|-enditem|p1a: Azumarill|Sitrus Berry|[eat]
|-heal|p1a: Azumarill|75/100|[from] item: Sitrus Berry
|
|-heal|p2a: Jirachi|100/100|[from] item: Leftovers
|upkeep
|turn|17
|l|&Aeonic
|l| strealet❄
|
|t:|1597365897
|move|p1a: Azumarill|Aqua Jet|p2a: Jirachi
|-damage|p2a: Jirachi|11/100
|move|p2a: Jirachi|Iron Head|p1a: Azumarill
|-damage|p1a: Azumarill|39/100
|
|-heal|p2a: Jirachi|17/100|[from] item: Leftovers
|upkeep
|turn|18
|l| robjr
|
|t:|1597365903
|switch|p1a: Aegislash|Aegislash, M|53/100
|move|p2a: Jirachi|Iron Head|p1a: Aegislash
|-resisted|p1a: Aegislash
|-damage|p1a: Aegislash|37/100
|
|-heal|p2a: Jirachi|24/100|[from] item: Leftovers
|upkeep
|turn|19
|
|t:|1597365909
|switch|p2a: Corviknight|Corviknight, F|88/100
|-damage|p2a: Corviknight|75/100|[from] Stealth Rock
|-ability|p2a: Corviknight|Pressure
|-formechange|p1a: Aegislash|Aegislash-Blade||[from] ability: Stance Change
|move|p1a: Aegislash|Shadow Sneak|p2a: Corviknight
|-damage|p2a: Corviknight|60/100
|-damage|p1a: Aegislash|27/100|[from] item: Life Orb
|
|upkeep
|turn|20
|j| lt71lx kingpin
|
|t:|1597365919
|move|p1a: Aegislash|Shadow Ball|p2a: Corviknight
|-damage|p2a: Corviknight|0 fnt
|-damage|p1a: Aegislash|17/100|[from] item: Life Orb
|faint|p2a: Corviknight
|
|upkeep
|j| goat christmas
|l| BailaodoRobyssao
|
|t:|1597365929
|switch|p2a: Ditto|Ditto, shiny|76/100
|-damage|p2a: Ditto|63/100|[from] Stealth Rock
|-transform|p2a: Ditto|p1a: Aegislash|[from] ability: Imposter
|turn|21
|l| isabela200
|
|t:|1597365932
|-formechange|p1a: Aegislash|Aegislash||[from] ability: Stance Change
|move|p1a: Aegislash|King's Shield|p1a: Aegislash
|-singleturn|p1a: Aegislash|Protect
|move|p2a: Ditto|Shadow Sneak|p1a: Aegislash
|-activate|p1a: Aegislash|move: Protect
|-unboost|p2a: Ditto|atk|1
|
|upkeep
|turn|22
|
|t:|1597365946
|move|p2a: Ditto|Shadow Sneak|p1a: Aegislash
|-supereffective|p1a: Aegislash
|-damage|p1a: Aegislash|0 fnt
|faint|p1a: Aegislash
|
|upkeep
|
|t:|1597365949
|switch|p1a: Hydreigon|Hydreigon, M|91/100
|turn|23
|j| utah jasmine fo
|j| relous
|j| curopins
|l| quojova
|l|+Cynde
|
|t:|1597365973
|switch|p2a: Jirachi|Jirachi|24/100
|-damage|p2a: Jirachi|17/100|[from] Stealth Rock
|move|p1a: Hydreigon|Flamethrower|p2a: Jirachi
|-supereffective|p2a: Jirachi
|-damage|p2a: Jirachi|0 fnt
|-damage|p1a: Hydreigon|81/100|[from] item: Life Orb
|faint|p2a: Jirachi
|
|upkeep
|
|t:|1597365974
|switch|p2a: Ditto|Ditto, shiny|63/100
|-damage|p2a: Ditto|51/100|[from] Stealth Rock
|-transform|p2a: Ditto|p1a: Hydreigon|[from] ability: Imposter
|turn|24
|l| LT71LX VTFroakies
|j| LT71LX VTFroakies
|l| utah jasmine fo
|l| SweetPosho
|
|t:|1597365989
|move|p2a: Ditto|Draco Meteor|p1a: Hydreigon|[miss]
|-miss|p2a: Ditto|p1a: Hydreigon
|move|p1a: Hydreigon|Draco Meteor|p2a: Ditto
|-supereffective|p2a: Ditto
|-damage|p2a: Ditto|0 fnt
|-unboost|p1a: Hydreigon|spa|2
|-damage|p1a: Hydreigon|71/100|[from] item: Life Orb
|faint|p2a: Ditto
|
|upkeep
|c| lt71lx bfl|noo
|j| Gvven
|
|t:|1597365999
|switch|p2a: Clefable|Clefable, M|63/100
|turn|25
|l| Sablolol
|l| lt71lx bfl
|c|+Christo|does clef win tho
|j| wyn
|j| Free Swimming
|inactive|LT71LX John W has 120 seconds left.
|c| Sebilin1125|clef is broken
|j| utah jasmine fo
|
|t:|1597366047
|switch|p1a: Azumarill|Azumarill, M|39/100
|move|p2a: Clefable|Moonblast|p1a: Azumarill
|-damage|p1a: Azumarill|0 fnt
|faint|p1a: Azumarill
|
|-heal|p2a: Clefable|70/100|[from] item: Leftovers
|upkeep
|
|t:|1597366054
|switch|p1a: Hydreigon|Hydreigon, M|71/100
|turn|26
|c|☆LT71LX John W|i would have won
|c|☆LT71LX John W|if i didnt fucking miss
|c|☆LT71LX John W|come on
|
|t:|1597366062
|move|p1a: Hydreigon|Flash Cannon|p2a: Clefable
|-supereffective|p2a: Clefable
|-damage|p2a: Clefable|8/100
|-damage|p1a: Hydreigon|61/100|[from] item: Life Orb
|move|p2a: Clefable|Moonblast|p1a: Hydreigon
|-supereffective|p1a: Hydreigon
|-damage|p1a: Hydreigon|0 fnt
|faint|p1a: Hydreigon
|
|-heal|p2a: Clefable|14/100|[from] item: Leftovers
|upkeep
|
|t:|1597366071
|switch|p1a: Dragapult|Dragapult, F|100/100
|turn|27
|j| Jeremy D Goat
|inactive|LT71LX John W has 120 seconds left.
|j| lucario737
|
|t:|1597366087
|move|p1a: Dragapult|Steel Wing|p2a: Clefable
|-supereffective|p2a: Clefable
|-damage|p2a: Clefable|0 fnt
|-damage|p1a: Dragapult|91/100|[from] item: Life Orb
|faint|p2a: Clefable
|
|win|LT71LX Kappucci
|l|☆LT71LX John W
|l| gronched
|l|@Tony
|c| Sebilin1125|so guys, use sylveon if your stall is weak to hydreigon
|l| LT71LX Sam
|l| booty
|l| QuilavaBest
|raw|LT71LX Kappucci's rating: 2139 &rarr; <strong>2159</strong><br />(+20 for winning)
|raw|LT71LX John W's rating: 2141 &rarr; <strong>2121</strong><br />(-20 for losing)
|l| Default Danced On
|l| curopins
|l| GOATDON
|l|+Analytic
|l| LT71LX VTFroakies
|l| mad goonery
|l| GeniusX
|l| Algeria
|l|+rozes
|l| Kaitlen
|l| Jeremy D Goat
|l| serlandy
|l| Tuononda
|l|+Christo
|l|+Sun
|l| Mionda
|l|+ShinyAzelf
|l| lt71lx kingpin
|l| go team us midwest
|l| AltCauseImInsecure
|l| jerderh
|l| Livio ElTito
|l| Axgwd ♥♫~!
|l| King l5
|l|+a fruitshop owner
|l| Hayburner
|l|+Excal
|l| Nalorium
|l| Mara Sattei
|l| outu why
|l| lucario737
|l| Amaranthy
|l|+TDK
|l| xray
|l|+tjay
|l| tyurtjddtutdtutd
|l| Devil Patchy
|l| Padox
|l| relous
|l| usernameunavailabl
|l|+Ruft
|l|☆LT71LX Kappucci
|l| Enzo Gorlami
|l| Hammy
|l| ez
|l| wyn
|l| BackToFortniteFool
|l|+FMG
|l| reje
|l| Free Swimming
|l| yuzmv
|l|+Cdumas
|l| Congwuyu
|l| Endill
|l| Corckscrew❤️
|l| utah jasmine fo
|l| Waylaid
|l| LT71LX PK
|l| Cam
|l| Spl4sh
|l| Sinead's Hairline
|l| Brayz
