|j|☆Colonel Rivai
|j|☆fasdgh
|t:|1649944283
|gametype|singles
|player|p1|Colonel Rivai|1|1666
|player|p2|fasdgh|gentleman|1690
|teamsize|p1|6
|teamsize|p2|6
|gen|8
|tier|[Gen 8] OU
|rated|
|rule|Sleep Clause Mod: Limit one foe put to sleep
|rule|Species Clause: Limit one of each Pokémon
|rule|OHKO Clause: OHKO moves are banned
|rule|Evasion Moves Clause: Evasion moves are banned
|rule|Endless Battle Clause: Forcing endless battles is banned
|rule|HP Percentage Mod: HP is shown in percentages
|rule|Dynamax Clause: You cannot dynamax
|clearpoke
|poke|p1|Hydreigon, F|
|poke|p1|Kartana|
|poke|p1|Blacephalon|
|poke|p1|Landorus-Therian, M|
|poke|p1|Melmetal|
|poke|p1|Toxapex, F|
|poke|p2|Toxapex, M|
|poke|p2|Corviknight, F|
|poke|p2|Gastrodon-East, M|
|poke|p2|Blissey, F|
|poke|p2|Jirachi|
|poke|p2|Tangrowth, M|
|teampreview
|
|t:|1649944288
|start
|switch|p1a: Hydreigon|Hydreigon, F|100/100
|switch|p2a: Toxapex|Toxapex, M|100/100
|turn|1
|inactive|Battle timer is ON: inactive players will automatically lose when time's up. (requested by fasdgh)
|
|t:|1649944310
|move|p1a: Hydreigon|Beat Up|p2a: Toxapex
|-damage|p2a: Toxapex|93/100
|-damage|p2a: Toxapex|82/100
|-damage|p2a: Toxapex|75/100
|-damage|p2a: Toxapex|66/100
|-damage|p2a: Toxapex|57/100
|-damage|p2a: Toxapex|52/100
|-hitcount|p2a: Toxapex|6
|move|p2a: Toxapex|Toxic|p1a: Hydreigon
|-status|p1a: Hydreigon|tox
|
|-damage|p1a: Hydreigon|94/100 tox|[from] psn
|upkeep
|turn|2
|inactive|fasdgh has 120 seconds left.
|j| ppev
|
|t:|1649944369
|switch|p1a: Kartana|Kartana|100/100
|switch|p2a: Corviknight|Corviknight, F, shiny|100/100
|-ability|p2a: Corviknight|Pressure
|
|upkeep
|turn|3
|
|t:|1649944382
|move|p1a: Kartana|Knock Off|p2a: Corviknight
|-damage|p2a: Corviknight|59/100
|-enditem|p2a: Corviknight|Leftovers|[from] move: Knock Off|[of] p1a: Kartana
|move|p2a: Corviknight|Body Press|p1a: Kartana
|-supereffective|p1a: Kartana
|-damage|p1a: Kartana|46/100
|
|upkeep
|turn|4
|
|t:|1649944390
|switch|p1a: Blacephalon|Blacephalon|100/100
|move|p2a: Corviknight|Roost|p2a: Corviknight
|-heal|p2a: Corviknight|100/100
|-singleturn|p2a: Corviknight|move: Roost
|
|upkeep
|turn|5
|
|t:|1649944392
|switch|p2a: Gastrodon|Gastrodon-East, M|100/100
|move|p1a: Blacephalon|Trick|p2a: Gastrodon
|-immune|p2a: Gastrodon
|
|upkeep
|turn|6
|inactive|fasdgh has 120 seconds left.
|
|t:|1649944400
|switch|p1a: Hydreigon|Hydreigon, F|94/100 tox
|move|p2a: Gastrodon|Scald|p1a: Hydreigon
|-resisted|p1a: Hydreigon
|-damage|p1a: Hydreigon|79/100 tox
|
|-damage|p1a: Hydreigon|72/100 tox|[from] psn
|upkeep
|turn|7
|inactive|fasdgh has 120 seconds left.
|
|t:|1649944419
|switch|p2a: Toxapex|Toxapex, M|85/100
|move|p1a: Hydreigon|Beat Up|p2a: Toxapex
|-damage|p2a: Toxapex|78/100
|-damage|p2a: Toxapex|70/100
|-damage|p2a: Toxapex|59/100
|-damage|p2a: Toxapex|50/100
|-damage|p2a: Toxapex|42/100
|-damage|p2a: Toxapex|37/100
|-hitcount|p2a: Toxapex|6
|
|-damage|p1a: Hydreigon|60/100 tox|[from] psn
|upkeep
|turn|8
|inactive|fasdgh has 120 seconds left.
|
|t:|1649944434
|switch|p2a: Tangrowth|Tangrowth, M|100/100
|move|p1a: Hydreigon|Beat Up|p2a: Tangrowth
|-damage|p2a: Tangrowth|94/100
|-damage|p2a: Tangrowth|87/100
|-damage|p2a: Tangrowth|79/100
|-damage|p2a: Tangrowth|71/100
|-damage|p2a: Tangrowth|64/100
|-damage|p2a: Tangrowth|60/100
|-hitcount|p2a: Tangrowth|6
|
|-damage|p1a: Hydreigon|42/100 tox|[from] psn
|upkeep
|turn|9
|inactive|fasdgh has 120 seconds left.
|
|t:|1649944445
|switch|p1a: Landorus|Landorus-Therian, M|100/100
|-ability|p1a: Landorus|Intimidate|boost
|-unboost|p2a: Tangrowth|atk|1
|switch|p2a: Toxapex|Toxapex, M|70/100
|
|upkeep
|turn|10
|
|t:|1649944448
|switch|p2a: Corviknight|Corviknight, F, shiny|100/100
|-ability|p2a: Corviknight|Pressure
|move|p1a: Landorus|Stealth Rock|p2a: Corviknight
|-sidestart|p2: fasdgh|move: Stealth Rock
|
|upkeep
|turn|11
|
|t:|1649944455
|move|p1a: Landorus|U-turn|p2a: Corviknight
|-resisted|p2a: Corviknight
|-damage|p2a: Corviknight|97/100
|
|t:|1649944457
|switch|p1a: Blacephalon|Blacephalon|100/100|[from]move: U-turn
|move|p2a: Corviknight|Defog|p1a: Blacephalon
|-unboost|p1a: Blacephalon|evasion|1
|-sideend|p2: fasdgh|Stealth Rock|[from] move: Defog|[of] p2a: Corviknight
|
|upkeep
|turn|12
|
|t:|1649944461
|switch|p2a: Gastrodon|Gastrodon-East, M|100/100
|move|p1a: Blacephalon|Shadow Ball|p2a: Gastrodon
|-damage|p2a: Gastrodon|68/100
|
|-heal|p2a: Gastrodon|74/100|[from] item: Leftovers
|upkeep
|turn|13
|
|t:|1649944472
|switch|p1a: Landorus|Landorus-Therian, M|100/100
|-ability|p1a: Landorus|Intimidate|boost
|-unboost|p2a: Gastrodon|atk|1
|move|p2a: Gastrodon|Scald|p1a: Landorus
|-supereffective|p1a: Landorus
|-damage|p1a: Landorus|61/100
|
|-heal|p1a: Landorus|67/100|[from] item: Leftovers
|-heal|p2a: Gastrodon|80/100|[from] item: Leftovers
|upkeep
|turn|14
|l|☆Colonel Rivai
|inactive|Colonel Rivai disconnected and has a minute to reconnect!
|player|p1|
|
|t:|1649944478
|move|p1a: Landorus|Stealth Rock|p2a: Gastrodon
|-sidestart|p2: fasdgh|move: Stealth Rock
|move|p2a: Gastrodon|Toxic|p1a: Landorus
|-status|p1a: Landorus|tox
|
|-heal|p1a: Landorus|73/100 tox|[from] item: Leftovers
|-heal|p2a: Gastrodon|86/100|[from] item: Leftovers
|-damage|p1a: Landorus|67/100 tox|[from] psn
|upkeep
|turn|15
|inactive|Colonel Rivai has 30 seconds to reconnect!
|inactive|Colonel Rivai has 20 seconds to reconnect!
|inactive|Colonel Rivai has 15 seconds to reconnect!
|inactive|Colonel Rivai has 10 seconds to reconnect!
|inactive|Colonel Rivai has 5 seconds to reconnect!
|-message|Colonel Rivai lost due to inactivity.
|
|win|fasdgh
|raw|Colonel Rivai's rating: 1666 &rarr; <strong>1647</strong><br />(-19 for losing)
|raw|fasdgh's rating: 1690 &rarr; <strong>1709</strong><br />(+19 for winning)
|l|☆fasdgh
||Ladder isn't responding, score probably updated but might not have (Request timeout).
