|j|☆Greengamer12
|j|☆Legacy_Of_Broly
|t:|1654913826
|gametype|singles
|player|p1|Greengamer12|102|1418
|player|p2|Legacy_Of_Broly|2|1384
|teamsize|p1|6
|teamsize|p2|6
|gen|8
|tier|[Gen 8] OU
|rated|
|rule|Sleep Clause Mod: Limit one foe put to sleep
|rule|Species Clause: Limit one of each Pokémon
|rule|OHKO Clause: OHKO moves are banned
|rule|Evasion Moves Clause: Evasion moves are banned
|rule|Endless Battle Clause: Forcing endless battles is banned
|rule|HP Percentage Mod: HP is shown in percentages
|rule|Dynamax Clause: You cannot dynamax
|clearpoke
|poke|p1|Blacephalon|
|poke|p1|Dragapult, F|
|poke|p1|Heatran, M|
|poke|p1|Landorus-Therian, M|
|poke|p1|Tornadus-Therian, M|
|poke|p1|Toxapex, F|
|poke|p2|Volcanion|
|poke|p2|Rillaboom, F|
|poke|p2|Weavile, F|
|poke|p2|Slowbro, M|
|poke|p2|Tornadus-Therian, M|
|poke|p2|Zeraora|
|teampreview
|inactive|Battle timer is ON: inactive players will automatically lose when time's up. (requested by Legacy_Of_Broly)
|
|t:|1654913836
|start
|switch|p1a: Dragapult|Dragapult, F|100/100
|switch|p2a: Tornadus|Tornadus-Therian, M|100/100
|turn|1
|
|t:|1654913848
|move|p1a: Dragapult|U-turn|p2a: Tornadus
|-resisted|p2a: Tornadus
|-damage|p2a: Tornadus|73/100
|
|t:|1654913854
|switch|p1a: Tornadus|Tornadus-Therian, M|100/100|[from]move: U-turn
|move|p2a: Tornadus|Hurricane|p1a: Tornadus|[miss]
|-miss|p2a: Tornadus|p1a: Tornadus
|
|upkeep
|turn|2
|
|t:|1654913860
|move|p2a: Tornadus|U-turn|p1a: Tornadus
|-resisted|p1a: Tornadus
|-damage|p1a: Tornadus|92/100
|
|t:|1654913864
|switch|p2a: Slowbro|Slowbro, M|100/100|[from]move: U-turn
|move|p1a: Tornadus|Knock Off|p2a: Slowbro
|-supereffective|p2a: Slowbro
|-damage|p2a: Slowbro|76/100
|-damage|p1a: Tornadus|76/100|[from] item: Rocky Helmet|[of] p2a: Slowbro
|-enditem|p2a: Slowbro|Rocky Helmet|[from] move: Knock Off|[of] p1a: Tornadus
|
|upkeep
|turn|3
|
|t:|1654913873
|move|p1a: Tornadus|Hurricane|p2a: Slowbro
|-damage|p2a: Slowbro|30/100
|move|p2a: Slowbro|Ice Beam|p1a: Tornadus
|-supereffective|p1a: Tornadus
|-damage|p1a: Tornadus|50/100
|
|upkeep
|turn|4
|
|t:|1654913885
|switch|p2a: Tornadus|Tornadus-Therian, M|100/100
|move|p1a: Tornadus|U-turn|p2a: Tornadus
|-resisted|p2a: Tornadus
|-damage|p2a: Tornadus|89/100
|
|t:|1654913893
|switch|p1a: Dragapult|Dragapult, F|100/100|[from]move: U-turn
|
|upkeep
|turn|5
|
|t:|1654913897
|move|p1a: Dragapult|Dragon Darts|p2a: Tornadus
|-damage|p2a: Tornadus|31/100
|-anim|p1a: Dragapult|Dragon Darts|p2a: Tornadus
|-damage|p2a: Tornadus|0 fnt
|faint|p2a: Tornadus
|
|upkeep
|
|t:|1654913909
|switch|p2a: Slowbro|Slowbro, M|64/100
|turn|6
|
|t:|1654913916
|switch|p1a: Heatran|Heatran, M|100/100
|move|p2a: Slowbro|Teleport|p2a: Slowbro
|
|t:|1654913921
|switch|p2a: Volcanion|Volcanion|100/100|[from]move: Teleport
|
|upkeep
|turn|7
|
|t:|1654913935
|switch|p1a: Tornadus|Tornadus-Therian, M|83/100
|move|p2a: Volcanion|Earth Power|p1a: Tornadus
|-immune|p1a: Tornadus
|
|upkeep
|turn|8
|
|t:|1654913942
|switch|p2a: Zeraora|Zeraora|100/100
|move|p1a: Tornadus|Hurricane|p2a: Zeraora
|-resisted|p2a: Zeraora
|-damage|p2a: Zeraora|72/100
|
|upkeep
|turn|9
|
|t:|1654913957
|switch|p1a: Landorus|Landorus-Therian, M|100/100
|-ability|p1a: Landorus|Intimidate|boost
|-unboost|p2a: Zeraora|atk|1
|move|p2a: Zeraora|Volt Switch|p1a: Landorus
|-immune|p1a: Landorus
|
|upkeep
|turn|10
|
|t:|1654913965
|switch|p2a: Slowbro|Slowbro, M|97/100
|move|p1a: Landorus|Toxic|p2a: Slowbro
|-status|p2a: Slowbro|tox
|
|-damage|p2a: Slowbro|91/100 tox|[from] psn
|upkeep
|turn|11
|
|t:|1654913971
|move|p1a: Landorus|U-turn|p2a: Slowbro
|-supereffective|p2a: Slowbro
|-damage|p2a: Slowbro|65/100 tox
|
|t:|1654913979
|switch|p1a: Blacephalon|Blacephalon|100/100|[from]move: U-turn
|move|p2a: Slowbro|Ice Beam|p1a: Blacephalon
|-resisted|p1a: Blacephalon
|-damage|p1a: Blacephalon|84/100
|
|-damage|p2a: Slowbro|53/100 tox|[from] psn
|upkeep
|turn|12
|
|t:|1654913990
|switch|p2a: Weavile|Weavile, F|100/100
|-ability|p2a: Weavile|Pressure
|move|p1a: Blacephalon|Shadow Ball|p2a: Weavile
|-resisted|p2a: Weavile
|-damage|p2a: Weavile|67/100
|
|upkeep
|turn|13
|
|t:|1654913997
|switch|p1a: Toxapex|Toxapex, F|100/100
|move|p2a: Weavile|Knock Off|p1a: Toxapex
|-damage|p1a: Toxapex|65/100
|-enditem|p1a: Toxapex|Eject Button|[from] move: Knock Off|[of] p2a: Weavile
|-damage|p2a: Weavile|57/100|[from] item: Life Orb
|
|upkeep
|turn|14
|
|t:|1654914014
|switch|p2a: Rillaboom|Rillaboom, F|100/100
|-fieldstart|move: Grassy Terrain|[from] ability: Grassy Surge|[of] p2a: Rillaboom
|move|p1a: Toxapex|Toxic Spikes|p2a: Rillaboom
|-sidestart|p2: Legacy_Of_Broly|move: Toxic Spikes
|
|-heal|p1a: Toxapex|71/100|[from] Grassy Terrain
|upkeep
|turn|15
|
|t:|1654914023
|switch|p1a: Tornadus|Tornadus-Therian, M|100/100
|move|p2a: Rillaboom|U-turn|p1a: Tornadus
|-resisted|p1a: Tornadus
|-damage|p1a: Tornadus|78/100
|
|t:|1654914031
|switch|p2a: Volcanion|Volcanion|100/100|[from]move: U-turn
|-status|p2a: Volcanion|psn
|
|-damage|p2a: Volcanion|88/100 psn|[from] psn
|upkeep
|turn|16
|
|t:|1654914040
|move|p1a: Tornadus|Hurricane|p2a: Volcanion|[miss]
|-miss|p1a: Tornadus|p2a: Volcanion
|move|p2a: Volcanion|Steam Eruption|p1a: Tornadus
|-damage|p1a: Tornadus|25/100
|-status|p1a: Tornadus|brn
|
|-heal|p2a: Volcanion|94/100 psn|[from] Grassy Terrain
|-damage|p2a: Volcanion|82/100 psn|[from] psn
|-damage|p1a: Tornadus|19/100 brn|[from] brn
|upkeep
|turn|17
|
|t:|1654914043
|move|p1a: Tornadus|Hurricane|p2a: Volcanion|[miss]
|-miss|p1a: Tornadus|p2a: Volcanion
|move|p2a: Volcanion|Steam Eruption|p1a: Tornadus
|-damage|p1a: Tornadus|0 fnt
|faint|p1a: Tornadus
|
|-heal|p2a: Volcanion|88/100 psn|[from] Grassy Terrain
|-damage|p2a: Volcanion|76/100 psn|[from] psn
|upkeep
|inactive|Greengamer12 has 120 seconds left.
|inactive|Greengamer12 has 90 seconds left.
|
|t:|1654914107
|switch|p1a: Dragapult|Dragapult, F|100/100
|turn|18
|inactive|Greengamer12 has 90 seconds left.
|
|t:|1654914132
|switch|p2a: Slowbro|Slowbro, M|87/100 tox
|move|p1a: Dragapult|U-turn|p2a: Slowbro
|-supereffective|p2a: Slowbro
|-damage|p2a: Slowbro|42/100 tox
|
|t:|1654914135
|switch|p1a: Blacephalon|Blacephalon|84/100|[from]move: U-turn
|
|-heal|p1a: Blacephalon|90/100|[from] Grassy Terrain
|-heal|p2a: Slowbro|48/100 tox|[from] Grassy Terrain
|-damage|p2a: Slowbro|42/100 tox|[from] psn
|-fieldend|move: Grassy Terrain
|upkeep
|turn|19
|inactive|Greengamer12 has 90 seconds left.
|
|t:|1654914141
|move|p1a: Blacephalon|Shadow Ball|p2a: Slowbro
|-supereffective|p2a: Slowbro
|-damage|p2a: Slowbro|0 fnt
|faint|p2a: Slowbro
|-ability|p1a: Blacephalon|Beast Boost|boost
|-boost|p1a: Blacephalon|spa|1
|
|upkeep
|
|t:|1654914147
|switch|p2a: Volcanion|Volcanion|76/100 psn
|turn|20
|inactive|Greengamer12 has 90 seconds left.
|
|t:|1654914185
|switch|p1a: Dragapult|Dragapult, F|100/100
|move|p2a: Volcanion|Steam Eruption|p1a: Dragapult
|-resisted|p1a: Dragapult
|-crit|p1a: Dragapult
|-damage|p1a: Dragapult|14/100
|
|-damage|p2a: Volcanion|63/100 psn|[from] psn
|upkeep
|turn|21
|
|t:|1654914200
|move|p1a: Dragapult|Dragon Darts|p2a: Volcanion
|-damage|p2a: Volcanion|24/100 psn
|-anim|p1a: Dragapult|Dragon Darts|p2a: Volcanion
|-damage|p2a: Volcanion|0 fnt
|faint|p2a: Volcanion
|
|upkeep
|
|t:|1654914203
|switch|p2a: Rillaboom|Rillaboom, F|100/100
|-status|p2a: Rillaboom|psn
|-fieldstart|move: Grassy Terrain|[from] ability: Grassy Surge|[of] p2a: Rillaboom
|turn|22
|
|t:|1654914215
|switch|p1a: Heatran|Heatran, M|100/100
|move|p2a: Rillaboom|U-turn|p1a: Heatran
|-resisted|p1a: Heatran
|-damage|p1a: Heatran|93/100
|
|t:|1654914218
|switch|p2a: Zeraora|Zeraora|72/100|[from]move: U-turn
|-status|p2a: Zeraora|psn
|
|-heal|p2a: Zeraora|78/100 psn|[from] Grassy Terrain
|-heal|p1a: Heatran|99/100|[from] Grassy Terrain
|-heal|p1a: Heatran|100/100|[from] item: Leftovers
|-damage|p2a: Zeraora|66/100 psn|[from] psn
|upkeep
|turn|23
|inactive|Greengamer12 has 90 seconds left.
|
|t:|1654914239
|switch|p1a: Landorus|Landorus-Therian, M|100/100
|-ability|p1a: Landorus|Intimidate|boost
|-unboost|p2a: Zeraora|atk|1
|move|p2a: Zeraora|Close Combat|p1a: Landorus
|-resisted|p1a: Landorus
|-damage|p1a: Landorus|88/100
|-unboost|p2a: Zeraora|def|1
|-unboost|p2a: Zeraora|spd|1
|
|-heal|p2a: Zeraora|72/100 psn|[from] Grassy Terrain
|-heal|p1a: Landorus|94/100|[from] item: Leftovers
|-damage|p2a: Zeraora|59/100 psn|[from] psn
|upkeep
|turn|24
|
|t:|1654914255
|switch|p2a: Rillaboom|Rillaboom, F|100/100 psn
|move|p1a: Landorus|U-turn|p2a: Rillaboom
|-supereffective|p2a: Rillaboom
|-damage|p2a: Rillaboom|55/100 psn
|inactive|Greengamer12 has 60 seconds left.
|
|t:|1654914276
|switch|p1a: Dragapult|Dragapult, F|14/100|[from]move: U-turn
|
|-heal|p1a: Dragapult|20/100|[from] Grassy Terrain
|-heal|p2a: Rillaboom|61/100 psn|[from] Grassy Terrain
|-damage|p2a: Rillaboom|49/100 psn|[from] psn
|upkeep
|turn|25
|
|t:|1654914280
|move|p1a: Dragapult|Sucker Punch|p2a: Rillaboom
|-damage|p2a: Rillaboom|7/100 psn
|move|p2a: Rillaboom|Grassy Glide|p1a: Dragapult
|-resisted|p1a: Dragapult
|-damage|p1a: Dragapult|0 fnt
|faint|p1a: Dragapult
|
|-heal|p2a: Rillaboom|13/100 psn|[from] Grassy Terrain
|-damage|p2a: Rillaboom|1/100 psn|[from] psn
|upkeep
|inactive|Greengamer12 has 60 seconds left.
|
|t:|1654914298
|switch|p1a: Heatran|Heatran, M|100/100
|turn|26
|
|t:|1654914321
|switch|p2a: Zeraora|Zeraora|59/100 psn
|move|p1a: Heatran|Stealth Rock|p2a: Zeraora
|-sidestart|p2: Legacy_Of_Broly|move: Stealth Rock
|
|-heal|p2a: Zeraora|65/100 psn|[from] Grassy Terrain
|-damage|p2a: Zeraora|53/100 psn|[from] psn
|-fieldend|move: Grassy Terrain
|upkeep
|turn|27
|-message|Legacy_Of_Broly forfeited.
|
|win|Greengamer12
|raw|Greengamer12's rating: 1418 &rarr; <strong>1436</strong><br />(+18 for winning)
|raw|Legacy_Of_Broly's rating: 1384 &rarr; <strong>1366</strong><br />(-18 for losing)
|l|☆Legacy_Of_Broly
