|j|☆SetsuStsna
|j|☆Kawada6
|inactive|Battle timer is ON: inactive players will automatically lose when time's up.
|t:|1652880108
|gametype|singles
|player|p1|SetsuStsna|irida|
|player|p2|Kawada6|hilbert|
|teamsize|p1|6
|teamsize|p2|6
|gen|8
|tier|[Gen 8] OU
|rated|Tournament battle
|rule|Sleep Clause Mod: Limit one foe put to sleep
|rule|Species Clause: Limit one of each Pokémon
|rule|OHKO Clause: OHKO moves are banned
|rule|Evasion Moves Clause: Evasion moves are banned
|rule|Endless Battle Clause: Forcing endless battles is banned
|rule|HP Percentage Mod: HP is shown in percentages
|rule|Dynamax Clause: You cannot dynamax
|clearpoke
|poke|p1|Weavile, F|
|poke|p1|Landorus-Therian, M|
|poke|p1|Blacephalon|
|poke|p1|Kartana|
|poke|p1|Garchomp, M|
|poke|p1|Melmetal|
|poke|p2|Nihilego|
|poke|p2|Celesteela|
|poke|p2|Heatran, M|
|poke|p2|Garchomp, F|
|poke|p2|Tapu Fini|
|poke|p2|Dragonite, M|
|teampreview
|inactive|Kawada6 also wants the timer to be on.
|c|☆SetsuStsna|hf
|j| doomdr
|j| C4RB0N
|c|☆Kawada6|u2
|j|%ian_yo
|j| Cabarlo
|c| Cabarlo|awhellnah
|c| Cabarlo|lego
|inactive|Kawada6 has 120 seconds left.
|
|t:|1652880140
|start
|switch|p1a: Weavile|Weavile, F|100/100
|switch|p2a: Tapu Fini|Tapu Fini|100/100
|-fieldstart|move: Misty Terrain|[from] ability: Misty Surge|[of] p2a: Tapu Fini
|-ability|p1a: Weavile|Pressure
|turn|1
|j| Mani1517
|
|t:|1652880158
|switch|p2a: Heatran|Heatran, M|100/100
|-item|p2a: Heatran|Air Balloon
|switch|p1a: Melmetal|Melmetal|100/100
|
|upkeep
|turn|2
|
|t:|1652880166
|switch|p1a: Garchomp|Garchomp, M|100/100
|move|p2a: Heatran|Stealth Rock|p1a: Garchomp
|-sidestart|p1: SetsuStsna|move: Stealth Rock
|
|upkeep
|turn|3
|j| Nihilego is God
|
|t:|1652880175
|switch|p2a: Celesteela|Celesteela|100/100
|move|p1a: Garchomp|Swords Dance|p1a: Garchomp
|-boost|p1a: Garchomp|atk|2
|
|upkeep
|turn|4
|j| arceus 404
|l| Nihilego is God
|
|t:|1652880183
|move|p1a: Garchomp|Scale Shot|p2a: Celesteela
|-resisted|p2a: Celesteela
|-damage|p2a: Celesteela|87/100
|-resisted|p2a: Celesteela
|-damage|p2a: Celesteela|74/100
|-resisted|p2a: Celesteela
|-damage|p2a: Celesteela|62/100
|-hitcount|p2a: Celesteela|3
|-unboost|p1a: Garchomp|def|1
|-boost|p1a: Garchomp|spe|1
|move|p2a: Celesteela|Air Slash|p1a: Garchomp
|-damage|p1a: Garchomp|61/100
|
|upkeep
|turn|5
|
|t:|1652880192
|switch|p2a: Tapu Fini|Tapu Fini|100/100
|move|p1a: Garchomp|Fire Fang|p2a: Tapu Fini
|-resisted|p2a: Tapu Fini
|-damage|p2a: Tapu Fini|82/100
|
|-fieldend|Misty Terrain
|upkeep
|turn|6
|
|t:|1652880200
|move|p1a: Garchomp|Earthquake|p2a: Tapu Fini
|-damage|p2a: Tapu Fini|0 fnt
|faint|p2a: Tapu Fini
|
|upkeep
|
|t:|1652880210
|switch|p2a: Heatran|Heatran, M|100/100
|-item|p2a: Heatran|Air Balloon
|turn|7
|j| Teeny
|
|t:|1652880230
|move|p1a: Garchomp|Scale Shot|p2a: Heatran
|-resisted|p2a: Heatran
|-damage|p2a: Heatran|87/100
|-enditem|p2a: Heatran|Air Balloon
|-resisted|p2a: Heatran
|-crit|p2a: Heatran
|-damage|p2a: Heatran|68/100
|-hitcount|p2a: Heatran|2
|-unboost|p1a: Garchomp|def|1
|-boost|p1a: Garchomp|spe|1
|move|p2a: Heatran|Magma Storm|p1a: Garchomp
|-resisted|p1a: Garchomp
|-damage|p1a: Garchomp|30/100
|-activate|p1a: Garchomp|move: Magma Storm|[of] p2a: Heatran
|
|-damage|p1a: Garchomp|18/100|[from] move: Magma Storm|[partiallytrapped]
|upkeep
|turn|8
|
|t:|1652880237
|switch|p2a: Celesteela|Celesteela|62/100
|move|p1a: Garchomp|Earthquake|p2a: Celesteela
|-immune|p2a: Celesteela
|
|-end|p1a: Garchomp|Magma Storm|[partiallytrapped]|[silent]
|upkeep
|turn|9
|
|t:|1652880245
|switch|p2a: Heatran|Heatran, M|68/100
|move|p1a: Garchomp|Scale Shot|p2a: Heatran
|-resisted|p2a: Heatran
|-damage|p2a: Heatran|54/100
|-resisted|p2a: Heatran
|-damage|p2a: Heatran|40/100
|-resisted|p2a: Heatran
|-damage|p2a: Heatran|28/100
|-hitcount|p2a: Heatran|3
|-unboost|p1a: Garchomp|def|1
|-boost|p1a: Garchomp|spe|1
|
|upkeep
|turn|10
|
|t:|1652880255
|move|p1a: Garchomp|Earthquake|p2a: Heatran
|-supereffective|p2a: Heatran
|-damage|p2a: Heatran|0 fnt
|faint|p2a: Heatran
|
|upkeep
|
|t:|1652880266
|switch|p2a: Celesteela|Celesteela|62/100
|turn|11
|
|t:|1652880278
|move|p1a: Garchomp|Scale Shot|p2a: Celesteela
|-resisted|p2a: Celesteela
|-damage|p2a: Celesteela|49/100
|-resisted|p2a: Celesteela
|-damage|p2a: Celesteela|37/100
|-hitcount|p2a: Celesteela|2
|-unboost|p1a: Garchomp|def|1
|-boost|p1a: Garchomp|spe|1
|move|p2a: Celesteela|Air Slash|p1a: Garchomp
|-damage|p1a: Garchomp|0 fnt
|faint|p1a: Garchomp
|-ability|p2a: Celesteela|Beast Boost|boost
|-boost|p2a: Celesteela|spa|1
|
|upkeep
|j| ripreckful
|
|t:|1652880290
|switch|p1a: Blacephalon|Blacephalon|100/100
|-damage|p1a: Blacephalon|76/100|[from] Stealth Rock
|turn|12
|l| ripreckful
|c| Teeny|Intense match
|
|t:|1652880318
|move|p1a: Blacephalon|Shadow Ball|p2a: Celesteela
|-damage|p2a: Celesteela|0 fnt
|faint|p2a: Celesteela
|-ability|p1a: Blacephalon|Beast Boost|boost
|-boost|p1a: Blacephalon|spa|1
|
|upkeep
|
|t:|1652880321
|switch|p2a: Nijigasaki|Nihilego|100/100
|turn|13
|
|t:|1652880326
|move|p1a: Blacephalon|Shadow Ball|p2a: Nijigasaki
|-damage|p2a: Nijigasaki|25/100
|move|p2a: Nijigasaki|Meteor Beam||[still]
|-prepare|p2a: Nijigasaki|Meteor Beam
|-boost|p2a: Nijigasaki|spa|1
|-enditem|p2a: Nijigasaki|Power Herb
|-anim|p2a: Nijigasaki|Meteor Beam|p1a: Blacephalon
|-supereffective|p1a: Blacephalon
|-damage|p1a: Blacephalon|0 fnt
|faint|p1a: Blacephalon
|-ability|p2a: Nijigasaki|Beast Boost|boost
|-boost|p2a: Nijigasaki|spe|1
|
|upkeep
|j| 3ksans
|
|t:|1652880330
|switch|p1a: Kartana|Kartana, shiny|100/100
|-damage|p1a: Kartana|94/100|[from] Stealth Rock
|turn|14
|
|t:|1652880336
|move|p1a: Kartana|Smart Strike|p2a: Nijigasaki
|-supereffective|p2a: Nijigasaki
|-damage|p2a: Nijigasaki|0 fnt
|faint|p2a: Nijigasaki
|-ability|p1a: Kartana|Beast Boost|boost
|-boost|p1a: Kartana|atk|1
|
|upkeep
|l| 3ksans
|c|☆Kawada6|gg
|-message|Kawada6 forfeited.
|
|win|SetsuStsna
|n|☆SetsuStsna|setsustsna
|n|☆Kawada6|kawada6
|n| doomdr|doomdr
|n| C4RB0N|c4rb0n
|n| ian_yo|ianyo
|n| Cabarlo|cabarlo
|n| Mani1517|mani1517
|n| arceus 404|arceus404
|n| Teeny|teeny
