|j|☆minimax_ai
|j|☆Chikami
|t:|1661900905
|gametype|singles
|player|p1|minimax_ai|lusamine-nihilego|1625
|player|p2|Chikami|nate|1690
|teamsize|p1|6
|teamsize|p2|6
|gen|8
|tier|[Gen 8] OU
|rated|
|rule|Sleep Clause Mod: Limit one foe put to sleep
|rule|Species Clause: Limit one of each Pokémon
|rule|OHKO Clause: OHKO moves are banned
|rule|Evasion Items Clause: Evasion items are banned
|rule|Evasion Moves Clause: Evasion moves are banned
|rule|Endless Battle Clause: Forcing endless battles is banned
|rule|HP Percentage Mod: HP is shown in percentages
|rule|Dynamax Clause: You cannot dynamax
|clearpoke
|poke|p1|Rotom-Wash|
|poke|p1|Weavile, F|
|poke|p1|Landorus-Therian, M|
|poke|p1|Heatran, M|
|poke|p1|Tangrowth, F|
|poke|p1|Melmetal|
|poke|p2|Scolipede, F|
|poke|p2|Heatran, M|
|poke|p2|Ninetales-Alola, F|
|poke|p2|Hydreigon, F|
|poke|p2|Melmetal|
|poke|p2|Urshifu-*, M|
|teampreview
|c|☆minimax_ai|hf
|inactive|Battle timer is ON: inactive players will automatically lose when time's up. (requested by minimax_ai)
|
|t:|1661900926
|start
|switch|p1a: landorustherian|Landorus-Therian, M|100/100
|switch|p2a: Heatran|Heatran, M|100/100
|-item|p2a: Heatran|Air Balloon
|-ability|p1a: landorustherian|Intimidate|boost
|-unboost|p2a: Heatran|atk|1
|turn|1
|
|t:|1661900932
|move|p2a: Heatran|Will-O-Wisp|p1a: landorustherian|[miss]
|-miss|p2a: Heatran|p1a: landorustherian
|move|p1a: landorustherian|U-turn|p2a: Heatran
|-resisted|p2a: Heatran
|-damage|p2a: Heatran|96/100
|-enditem|p2a: Heatran|Air Balloon
|
|t:|1661900932
|switch|p1a: Heatran|Heatran, M|100/100|[from]move: U-turn
|-item|p1a: Heatran|Air Balloon
|
|upkeep
|turn|2
|
|t:|1661900940
|move|p2a: Heatran|Stealth Rock|p1a: Heatran
|-sidestart|p1: minimax_ai|move: Stealth Rock
|move|p1a: Heatran|Eruption|p2a: Heatran
|-damage|p2a: Heatran|26/100
|
|upkeep
|turn|3
|j| BabyPigsAreLaughin
|
|t:|1661900958
|move|p2a: Heatran|Magma Storm|p1a: Heatran
|-start|p1a: Heatran|ability: Flash Fire
|move|p1a: Heatran|Eruption|p2a: Heatran
|-damage|p2a: Heatran|0 fnt
|faint|p2a: Heatran
|
|upkeep
|
|t:|1661900963
|switch|p2a: Urshifu|Urshifu-Rapid-Strike, M|100/100
|turn|4
|
|t:|1661900967
|-end|p1a: Heatran|ability: Flash Fire|[silent]
|switch|p1a: Tangrowth|Tangrowth, F|100/100
|-damage|p1a: Tangrowth|88/100|[from] Stealth Rock
|move|p2a: Urshifu|Surging Strikes|p1a: Tangrowth
|-resisted|p1a: Tangrowth
|-crit|p1a: Tangrowth
|-damage|p1a: Tangrowth|83/100
|-resisted|p1a: Tangrowth
|-crit|p1a: Tangrowth
|-damage|p1a: Tangrowth|78/100
|-resisted|p1a: Tangrowth
|-crit|p1a: Tangrowth
|-damage|p1a: Tangrowth|73/100
|-hitcount|p1a: Tangrowth|3
|
|upkeep
|turn|5
|
|t:|1661900978
|switch|p2a: Ninetales|Ninetales-Alola, F|100/100
|-weather|Hail|[from] ability: Snow Warning|[of] p2a: Ninetales
|move|p1a: Tangrowth|Knock Off|p2a: Ninetales
|-resisted|p2a: Ninetales
|-damage|p2a: Ninetales|88/100
|-enditem|p2a: Ninetales|Light Clay|[from] move: Knock Off|[of] p1a: Tangrowth
|
|-weather|Hail|[upkeep]
|-damage|p1a: Tangrowth|67/100|[from] Hail
|upkeep
|turn|6
|
|t:|1661900987
|switch|p1a: Melmetal|Melmetal|100/100
|-damage|p1a: Melmetal|94/100|[from] Stealth Rock
|move|p2a: Ninetales|Aurora Veil|p2a: Ninetales
|-sidestart|p2: Chikami|move: Aurora Veil
|
|-weather|Hail|[upkeep]
|-damage|p1a: Melmetal|88/100|[from] Hail
|upkeep
|turn|7
|
|t:|1661901009
|switch|p2a: Melmetal|Melmetal|100/100
|move|p1a: Melmetal|Thunder Punch|p2a: Melmetal
|-damage|p2a: Melmetal|90/100
|
|-weather|Hail|[upkeep]
|-damage|p2a: Melmetal|84/100|[from] Hail
|-damage|p1a: Melmetal|82/100|[from] Hail
|upkeep
|turn|8
|
|t:|1661901017
|switch|p1a: Tangrowth|Tangrowth, F|99/100
|-damage|p1a: Tangrowth|88/100|[from] Stealth Rock
|move|p2a: Melmetal|Double Iron Bash|p1a: Tangrowth
|-damage|p1a: Tangrowth|53/100
|-damage|p2a: Melmetal|67/100|[from] item: Rocky Helmet|[of] p1a: Tangrowth
|-damage|p1a: Tangrowth|19/100
|-damage|p2a: Melmetal|51/100|[from] item: Rocky Helmet|[of] p1a: Tangrowth
|-hitcount|p1a: Tangrowth|2
|
|-weather|Hail|[upkeep]
|-damage|p2a: Melmetal|45/100|[from] Hail
|-damage|p1a: Tangrowth|12/100|[from] Hail
|upkeep
|turn|9
|
|t:|1661901020
|move|p2a: Melmetal|Double Iron Bash|p1a: Tangrowth
|-damage|p1a: Tangrowth|0 fnt
|-damage|p2a: Melmetal|28/100|[from] item: Rocky Helmet|[of] p1a: Tangrowth
|faint|p1a: Tangrowth
|-hitcount|p1: Tangrowth|1
|
|-weather|none
|upkeep
|
|t:|1661901020
|switch|p1a: landorustherian|Landorus-Therian, M|100/100
|-damage|p1a: landorustherian|88/100|[from] Stealth Rock
|-ability|p1a: landorustherian|Intimidate|boost
|-unboost|p2a: Melmetal|atk|1
|turn|10
|j| Blixus
|
|t:|1661901027
|move|p1a: landorustherian|Defog|p2a: Melmetal
|-unboost|p2a: Melmetal|evasion|1
|-sideend|p2: Chikami|move: Aurora Veil
|-sideend|p1: minimax_ai|Stealth Rock|[from] move: Defog|[of] p1a: landorustherian
|move|p2a: Melmetal|Double Iron Bash|p1a: landorustherian
|-damage|p1a: landorustherian|41/100
|-damage|p1a: landorustherian|0 fnt
|faint|p1a: landorustherian
|-hitcount|p1: landorustherian|2
|
|upkeep
|
|t:|1661901027
|switch|p1a: Heatran|Heatran, M|100/100
|-item|p1a: Heatran|Air Balloon
|turn|11
|
|t:|1661901052
|move|p1a: Heatran|Eruption|p2a: Melmetal
|-supereffective|p2a: Melmetal
|-damage|p2a: Melmetal|0 fnt
|faint|p2a: Melmetal
|
|upkeep
|inactive|Chikami has 120 seconds left.
|
|t:|1661901081
|switch|p2a: Urshifu|Urshifu-Rapid-Strike, M|100/100
|turn|12
|
|t:|1661901084
|switch|p1a: rotomwash|Rotom-Wash|100/100
|move|p2a: Urshifu|Surging Strikes|p1a: rotomwash
|-resisted|p1a: rotomwash
|-crit|p1a: rotomwash
|-damage|p1a: rotomwash|89/100
|-resisted|p1a: rotomwash
|-crit|p1a: rotomwash
|-damage|p1a: rotomwash|79/100
|-resisted|p1a: rotomwash
|-crit|p1a: rotomwash
|-damage|p1a: rotomwash|68/100
|-hitcount|p1a: rotomwash|3
|
|-heal|p1a: rotomwash|74/100|[from] item: Leftovers
|upkeep
|turn|13
|inactive|Chikami has 120 seconds left.
|
|t:|1661901099
|switch|p2a: Hydreigon|Hydreigon, F|100/100
|move|p1a: rotomwash|Thunderbolt|p2a: Hydreigon
|-resisted|p2a: Hydreigon
|-damage|p2a: Hydreigon|80/100
|
|-heal|p1a: rotomwash|80/100|[from] item: Leftovers
|upkeep
|turn|14
|inactive|Chikami has 120 seconds left.
|
|t:|1661901113
|move|p2a: Hydreigon|Dragon Dance|p2a: Hydreigon
|-boost|p2a: Hydreigon|atk|1
|-boost|p2a: Hydreigon|spe|1
|move|p1a: rotomwash|Thunderbolt|p2a: Hydreigon
|-resisted|p2a: Hydreigon
|-damage|p2a: Hydreigon|59/100
|
|-heal|p1a: rotomwash|87/100|[from] item: Leftovers
|upkeep
|turn|15
|l| Blixus
|
|t:|1661901117
|move|p2a: Hydreigon|Dark Pulse|p1a: rotomwash
|-damage|p1a: rotomwash|33/100
|-damage|p2a: Hydreigon|49/100|[from] item: Life Orb
|cant|p1a: rotomwash|flinch
|
|-heal|p1a: rotomwash|39/100|[from] item: Leftovers
|upkeep
|turn|16
|
|t:|1661901120
|move|p2a: Hydreigon|Dark Pulse|p1a: rotomwash
|-damage|p1a: rotomwash|0 fnt
|faint|p1a: rotomwash
|-damage|p2a: Hydreigon|39/100|[from] item: Life Orb
|
|upkeep
|
|t:|1661901120
|switch|p1a: Melmetal|Melmetal|82/100
|turn|17
|
|t:|1661901124
|move|p2a: Hydreigon|Fire Blast|p1a: Melmetal
|-supereffective|p1a: Melmetal
|-damage|p1a: Melmetal|26/100
|-damage|p2a: Hydreigon|29/100|[from] item: Life Orb
|move|p1a: Melmetal|Double Iron Bash|p2a: Hydreigon
|-damage|p2a: Hydreigon|0 fnt
|faint|p2a: Hydreigon
|-hitcount|p2: Hydreigon|1
|
|upkeep
|
|t:|1661901141
|switch|p2a: Urshifu|Urshifu-Rapid-Strike, M|100/100
|turn|18
|
|t:|1661901143
|move|p2a: Urshifu|Surging Strikes|p1a: Melmetal
|-crit|p1a: Melmetal
|-damage|p1a: Melmetal|14/100
|-crit|p1a: Melmetal
|-damage|p1a: Melmetal|4/100
|-crit|p1a: Melmetal
|-damage|p1a: Melmetal|0 fnt
|faint|p1a: Melmetal
|-hitcount|p1: Melmetal|3
|
|upkeep
|
|t:|1661901143
|switch|p1a: Weavile|Weavile, F|100/100
|-ability|p1a: Weavile|Pressure
|turn|19
|
|t:|1661901148
|move|p1a: Weavile|Low Kick|p2a: Urshifu
|-damage|p2a: Urshifu|49/100
|move|p2a: Urshifu|Close Combat|p1a: Weavile
|-supereffective|p1a: Weavile
|-damage|p1a: Weavile|0 fnt
|-unboost|p2a: Urshifu|def|1
|-unboost|p2a: Urshifu|spd|1
|faint|p1a: Weavile
|
|upkeep
|
|t:|1661901148
|switch|p1a: Heatran|Heatran, M|100/100
|-item|p1a: Heatran|Air Balloon
|turn|20
|
|t:|1661901153
|move|p2a: Urshifu|Close Combat|p1a: Heatran
|-supereffective|p1a: Heatran
|-damage|p1a: Heatran|0 fnt
|-unboost|p2a: Urshifu|def|1
|-unboost|p2a: Urshifu|spd|1
|-enditem|p1a: Heatran|Air Balloon
|faint|p1a: Heatran
|
|win|Chikami
|raw|minimax_ai's rating: 1625 &rarr; <strong>1609</strong><br />(-16 for losing)
|raw|Chikami's rating: 1690 &rarr; <strong>1706</strong><br />(+16 for winning)
|c|☆minimax_ai|gg
