|j|☆bramitoboy
|j|☆Chokst du
|t:|1661125636
|gametype|singles
|player|p1|bramitoboy|1|1873
|player|p2|Chokst du|102|1868
|teamsize|p1|6
|teamsize|p2|6
|gen|8
|tier|[Gen 8] OU
|rated|
|rule|Sleep Clause Mod: Limit one foe put to sleep
|rule|Species Clause: Limit one of each Pokémon
|rule|OHKO Clause: OHKO moves are banned
|rule|Evasion Items Clause: Evasion items are banned
|rule|Evasion Moves Clause: Evasion moves are banned
|rule|Endless Battle Clause: Forcing endless battles is banned
|rule|HP Percentage Mod: HP is shown in percentages
|rule|Dynamax Clause: You cannot dynamax
|clearpoke
|poke|p1|Zarude-Dada|
|poke|p1|Keldeo-Resolute|
|poke|p1|Tapu Lele|
|poke|p1|Tapu Koko|
|poke|p1|Heatran, M|
|poke|p1|Landorus-Therian, M|
|poke|p2|Ninetales-Alola, F|
|poke|p2|Arctozolt|
|poke|p2|Corviknight, F|
|poke|p2|Tyranitar, M|
|poke|p2|Excadrill, M|
|poke|p2|Dragapult, M|
|teampreview
|j| ACII
|j| D_phy
|j| GoldenTTRex1
|j| PSaddict123
|j| ceobee
|
|t:|1661125680
|start
|switch|p1a: Keldeo|Keldeo-Resolute|100/100
|switch|p2a: Dragapult|Dragapult, M|100/100
|turn|1
|
|t:|1661125685
|switch|p1a: Zarude|Zarude-Dada|100/100
|move|p2a: Dragapult|Draco Meteor|p1a: Zarude
|-damage|p1a: Zarude|39/100
|-unboost|p2a: Dragapult|spa|2
|
|upkeep
|turn|2
|j| Punicorn34
|
|t:|1661125693
|switch|p1a: Tapu Lele|Tapu Lele|100/100
|-fieldstart|move: Psychic Terrain|[from] ability: Psychic Surge|[of] p1a: Tapu Lele
|move|p2a: Dragapult|U-turn|p1a: Tapu Lele
|-damage|p1a: Tapu Lele|73/100
|j| hbbhgg
|j| HereForFrens
|
|t:|1661125697
|switch|p2a: Corviknight|Corviknight, F|100/100|[from]move: U-turn
|-ability|p2a: Corviknight|Pressure
|
|upkeep
|turn|3
|
|t:|1661125705
|move|p1a: Tapu Lele|Thunderbolt|p2a: Corviknight
|-supereffective|p2a: Corviknight
|-damage|p2a: Corviknight|36/100
|move|p2a: Corviknight|Brave Bird|p1a: Tapu Lele
|-damage|p1a: Tapu Lele|13/100
|-damage|p2a: Corviknight|22/100|[from] Recoil
|
|upkeep
|turn|4
|c| PSaddict123|should have gon exca
|
|t:|1661125717
|switch|p2a: Tyranitar|Tyranitar, M|100/100
|-weather|Sandstorm|[from] ability: Sand Stream|[of] p2a: Tyranitar
|move|p1a: Tapu Lele|Focus Blast|p2a: Tyranitar
|-supereffective|p2a: Tyranitar
|-damage|p2a: Tyranitar|29/100
|
|-weather|Sandstorm|[upkeep]
|-damage|p1a: Tapu Lele|7/100|[from] Sandstorm
|-heal|p2a: Tyranitar|35/100|[from] item: Leftovers
|upkeep
|turn|5
|
|t:|1661125730
|switch|p2a: Corviknight|Corviknight, F|22/100
|-ability|p2a: Corviknight|Pressure
|move|p1a: Tapu Lele|Moonblast|p2a: Corviknight
|-resisted|p2a: Corviknight
|-damage|p2a: Corviknight|0 fnt
|faint|p2a: Corviknight
|
|-weather|Sandstorm|[upkeep]
|-damage|p1a: Tapu Lele|1/100|[from] Sandstorm
|upkeep
|
|t:|1661125732
|switch|p2a: Dragapult|Dragapult, M|100/100
|turn|6
|l| D_phy
|
|t:|1661125741
|move|p2a: Dragapult|U-turn|p1a: Tapu Lele
|-damage|p1a: Tapu Lele|0 fnt
|faint|p1a: Tapu Lele
|
|t:|1661125747
|switch|p2a: Excadrill|Excadrill, M|100/100|[from]move: U-turn
|
|-weather|Sandstorm|[upkeep]
|-fieldend|move: Psychic Terrain
|upkeep
|j| Electric_Isaac
|
|t:|1661125752
|switch|p1a: Landorus|Landorus-Therian, M|100/100
|-ability|p1a: Landorus|Intimidate|boost
|-unboost|p2a: Excadrill|atk|1
|turn|7
|
|t:|1661125757
|switch|p2a: Ninetales|Ninetales-Alola, F|100/100
|-weather|Hail|[from] ability: Snow Warning|[of] p2a: Ninetales
|move|p1a: Landorus|Earthquake|p2a: Ninetales
|-damage|p2a: Ninetales|23/100
|
|-weather|Hail|[upkeep]
|-damage|p1a: Landorus|94/100|[from] Hail
|upkeep
|turn|8
|
|t:|1661125763
|switch|p1a: Heatran|Heatran, M|100/100
|-item|p1a: Heatran|Air Balloon
|move|p2a: Ninetales|Blizzard|p1a: Heatran
|-resisted|p1a: Heatran
|-damage|p1a: Heatran|92/100
|-enditem|p1a: Heatran|Air Balloon
|
|-weather|Hail|[upkeep]
|-damage|p1a: Heatran|86/100|[from] Hail
|upkeep
|turn|9
|
|t:|1661125773
|switch|p2a: Dragapult|Dragapult, M|100/100
|move|p1a: Heatran|Earth Power|p2a: Dragapult
|-damage|p2a: Dragapult|57/100
|
|-weather|Hail|[upkeep]
|-damage|p2a: Dragapult|51/100|[from] Hail
|-damage|p1a: Heatran|80/100|[from] Hail
|upkeep
|turn|10
|
|t:|1661125780
|move|p2a: Dragapult|Hex|p1a: Heatran
|-damage|p1a: Heatran|54/100
|move|p1a: Heatran|Earth Power|p2a: Dragapult
|-damage|p2a: Dragapult|6/100
|
|-weather|Hail|[upkeep]
|-damage|p2a: Dragapult|0 fnt|[from] Hail
|-damage|p1a: Heatran|48/100|[from] Hail
|faint|p2a: Dragapult
|upkeep
|
|t:|1661125784
|switch|p2a: Arctozolt|Arctozolt|100/100
|turn|11
|
|t:|1661125803
|switch|p1a: Landorus|Landorus-Therian, M|94/100
|-ability|p1a: Landorus|Intimidate|boost
|-unboost|p2a: Arctozolt|atk|1
|move|p2a: Arctozolt|Bolt Beak|p1a: Landorus
|-immune|p1a: Landorus
|
|-weather|none
|upkeep
|turn|12
|l| Punicorn34
|
|t:|1661125822
|move|p2a: Arctozolt|Freeze-Dry|p1a: Landorus
|-supereffective|p1a: Landorus
|-damage|p1a: Landorus|0 fnt
|faint|p1a: Landorus
|-damage|p2a: Arctozolt|91/100|[from] item: Life Orb
|
|upkeep
|l| ACII
|
|t:|1661125827
|switch|p1a: Keldeo|Keldeo-Resolute|100/100
|turn|13
|
|t:|1661125839
|switch|p2a: Ninetales|Ninetales-Alola, F|23/100
|-weather|Hail|[from] ability: Snow Warning|[of] p2a: Ninetales
|move|p1a: Keldeo|Secret Sword|p2a: Ninetales
|-damage|p2a: Ninetales|0 fnt
|faint|p2a: Ninetales
|
|-weather|Hail|[upkeep]
|-damage|p1a: Keldeo|94/100|[from] Hail
|-heal|p1a: Keldeo|100/100|[from] item: Leftovers
|upkeep
|
|t:|1661125841
|switch|p2a: Arctozolt|Arctozolt|91/100
|turn|14
|
|t:|1661125850
|switch|p1a: Heatran|Heatran, M|48/100
|move|p2a: Arctozolt|Bolt Beak|p1a: Heatran
|-damage|p1a: Heatran|0 fnt
|faint|p1a: Heatran
|-damage|p2a: Arctozolt|81/100|[from] item: Life Orb
|
|-weather|Hail|[upkeep]
|upkeep
|
|t:|1661125855
|switch|p1a: Tapu Koko|Tapu Koko|100/100
|-fieldstart|move: Electric Terrain|[from] ability: Electric Surge|[of] p1a: Tapu Koko
|turn|15
|
|t:|1661125864
|move|p1a: Tapu Koko|Dazzling Gleam|p2a: Arctozolt
|-damage|p2a: Arctozolt|31/100
|move|p2a: Arctozolt|Bolt Beak|p1a: Tapu Koko
|-resisted|p1a: Tapu Koko
|-damage|p1a: Tapu Koko|60/100
|-damage|p2a: Arctozolt|21/100|[from] item: Life Orb
|
|-weather|Hail|[upkeep]
|-damage|p1a: Tapu Koko|54/100|[from] Hail
|upkeep
|turn|16
|
|t:|1661125876
|switch|p1a: Zarude|Zarude-Dada|39/100
|move|p2a: Arctozolt|Bolt Beak|p1a: Zarude
|-resisted|p1a: Zarude
|-damage|p1a: Zarude|0 fnt
|faint|p1a: Zarude
|-damage|p2a: Arctozolt|11/100|[from] item: Life Orb
|
|-weather|Hail|[upkeep]
|upkeep
|
|t:|1661125888
|switch|p1a: Keldeo|Keldeo-Resolute|100/100
|turn|17
|
|t:|1661125912
|switch|p1a: Tapu Koko|Tapu Koko|54/100
|move|p2a: Arctozolt|Bolt Beak|p1a: Tapu Koko
|-resisted|p1a: Tapu Koko
|-damage|p1a: Tapu Koko|0 fnt
|faint|p1a: Tapu Koko
|-damage|p2a: Arctozolt|1/100|[from] item: Life Orb
|
|-weather|none
|upkeep
|
|t:|1661125915
|switch|p1a: Keldeo|Keldeo-Resolute|100/100
|turn|18
|
|t:|1661125920
|move|p1a: Keldeo|Secret Sword|p2a: Arctozolt
|-supereffective|p2a: Arctozolt
|-damage|p2a: Arctozolt|0 fnt
|faint|p2a: Arctozolt
|
|upkeep
|
|t:|1661125922
|switch|p2a: Tyranitar|Tyranitar, M|35/100
|-weather|Sandstorm|[from] ability: Sand Stream|[of] p2a: Tyranitar
|turn|19
|
|t:|1661125925
|move|p1a: Keldeo|Secret Sword|p2a: Tyranitar
|-supereffective|p2a: Tyranitar
|-crit|p2a: Tyranitar
|-damage|p2a: Tyranitar|0 fnt
|faint|p2a: Tyranitar
|
|-weather|Sandstorm|[upkeep]
|-damage|p1a: Keldeo|94/100|[from] Sandstorm
|-heal|p1a: Keldeo|100/100|[from] item: Leftovers
|-fieldend|move: Electric Terrain
|upkeep
|
|t:|1661125927
|switch|p2a: Excadrill|Excadrill, M|100/100
|turn|20
|
|t:|1661125934
|move|p2a: Excadrill|Iron Head|p1a: Keldeo
|-resisted|p1a: Keldeo
|-damage|p1a: Keldeo|76/100
|move|p1a: Keldeo|Secret Sword|p2a: Excadrill
|-supereffective|p2a: Excadrill
|-crit|p2a: Excadrill
|-damage|p2a: Excadrill|0 fnt
|faint|p2a: Excadrill
|
|win|bramitoboy
|raw|bramitoboy's rating: 1873 &rarr; <strong>1893</strong><br />(+20 for winning)
|raw|Chokst du's rating: 1868 &rarr; <strong>1848</strong><br />(-20 for losing)
|l| HereForFrens
|l|☆Chokst du
|l| GoldenTTRex1
|l| ceobee
||Ladder isn't responding, score probably updated but might not have (Request timeout).
