|j|☆minimax_ai
|j|☆Stimo96
|t:|1661332068
|gametype|singles
|player|p1|minimax_ai|lusamine-nihilego|1454
|player|p2|Stimo96|alder|1518
|teamsize|p1|6
|teamsize|p2|6
|gen|8
|tier|[Gen 8] OU
|rated|
|rule|Sleep Clause Mod: Limit one foe put to sleep
|rule|Species Clause: Limit one of each Pokémon
|rule|OHKO Clause: OHKO moves are banned
|rule|Evasion Items Clause: Evasion items are banned
|rule|Evasion Moves Clause: Evasion moves are banned
|rule|Endless Battle Clause: Forcing endless battles is banned
|rule|HP Percentage Mod: HP is shown in percentages
|rule|Dynamax Clause: You cannot dynamax
|clearpoke
|poke|p1|Rotom-Wash|
|poke|p1|Weavile, M|
|poke|p1|Landorus-Therian, M|
|poke|p1|Heatran, M|
|poke|p1|Tangrowth, M|
|poke|p1|Melmetal|
|poke|p2|Rillaboom, F|
|poke|p2|Victini|
|poke|p2|Garchomp, F|
|poke|p2|Landorus-Therian, M|
|poke|p2|Zapdos|
|poke|p2|Tapu Fini|
|teampreview
|c|☆minimax_ai|hf
|inactive|Battle timer is ON: inactive players will automatically lose when time's up. (requested by minimax_ai)
|c|☆Stimo96|hf
|
|t:|1661332084
|start
|switch|p1a: Melmetal|Melmetal|100/100
|switch|p2a: Rillaboom|Rillaboom, F, shiny|100/100
|-fieldstart|move: Grassy Terrain|[from] ability: Grassy Surge|[of] p2a: Rillaboom
|turn|1
|
|t:|1661332094
|move|p2a: Rillaboom|U-turn|p1a: Melmetal
|-resisted|p1a: Melmetal
|-damage|p1a: Melmetal|89/100
|
|t:|1661332097
|switch|p2a: Zapdos|Zapdos|100/100|[from]move: U-turn
|move|p1a: Melmetal|Double Iron Bash|p2a: Zapdos
|-resisted|p2a: Zapdos
|-damage|p2a: Zapdos|85/100
|-resisted|p2a: Zapdos
|-damage|p2a: Zapdos|68/100
|-hitcount|p2a: Zapdos|2
|
|-heal|p1a: Melmetal|96/100|[from] Grassy Terrain
|upkeep
|turn|2
|
|t:|1661332106
|move|p2a: Zapdos|Roost|p2a: Zapdos
|-heal|p2a: Zapdos|100/100
|-singleturn|p2a: Zapdos|move: Roost
|move|p1a: Melmetal|Double Iron Bash|p2a: Zapdos
|-resisted|p2a: Zapdos
|-damage|p2a: Zapdos|85/100
|-status|p1a: Melmetal|par|[from] ability: Static|[of] p2a: Zapdos
|-resisted|p2a: Zapdos
|-damage|p2a: Zapdos|69/100
|-hitcount|p2a: Zapdos|2
|
|-heal|p2a: Zapdos|75/100|[from] Grassy Terrain
|-heal|p1a: Melmetal|100/100 par|[from] Grassy Terrain
|upkeep
|turn|3
|
|t:|1661332119
|move|p2a: Zapdos|Volt Switch|p1a: Melmetal
|-damage|p1a: Melmetal|84/100 par
|
|t:|1661332123
|switch|p2a: Victini|Victini|100/100|[from]move: Volt Switch
|move|p1a: Melmetal|Ice Punch|p2a: Victini
|-resisted|p2a: Victini
|-damage|p2a: Victini|83/100
|
|-heal|p2a: Victini|90/100|[from] Grassy Terrain
|-heal|p1a: Melmetal|90/100 par|[from] Grassy Terrain
|upkeep
|turn|4
|
|t:|1661332132
|switch|p1a: rotomwash|Rotom-Wash|100/100
|move|p2a: Victini|U-turn|p1a: rotomwash
|-damage|p1a: rotomwash|79/100
|
|t:|1661332137
|switch|p2a: Rillaboom|Rillaboom, F, shiny|100/100|[from]move: U-turn
|
|-heal|p1a: rotomwash|85/100|[from] item: Leftovers
|upkeep
|turn|5
|
|t:|1661332143
|switch|p1a: Melmetal|Melmetal|90/100 par
|move|p2a: Rillaboom|U-turn|p1a: Melmetal
|-resisted|p1a: Melmetal
|-damage|p1a: Melmetal|78/100 par
|
|t:|1661332151
|switch|p2a: Victini|Victini|90/100|[from]move: U-turn
|
|-heal|p2a: Victini|96/100|[from] Grassy Terrain
|-heal|p1a: Melmetal|84/100 par|[from] Grassy Terrain
|-fieldend|move: Grassy Terrain
|upkeep
|turn|6
|
|t:|1661332159
|switch|p1a: Heatran|Heatran, M|100/100
|-item|p1a: Heatran|Air Balloon
|move|p2a: Victini|U-turn|p1a: Heatran
|-resisted|p1a: Heatran
|-damage|p1a: Heatran|96/100
|-enditem|p1a: Heatran|Air Balloon
|
|t:|1661332168
|switch|p2a: Landorus|Landorus-Therian, M|100/100|[from]move: U-turn
|-ability|p2a: Landorus|Intimidate|boost
|-unboost|p1a: Heatran|atk|1
|
|upkeep
|turn|7
|
|t:|1661332173
|switch|p1a: landorustherian|Landorus-Therian, M|100/100
|-ability|p1a: landorustherian|Intimidate|boost
|-unboost|p2a: Landorus|atk|1
|move|p2a: Landorus|Stealth Rock|p1a: landorustherian
|-sidestart|p1: minimax_ai|move: Stealth Rock
|
|upkeep
|turn|8
|
|t:|1661332180
|move|p1a: landorustherian|Defog|p2a: Landorus
|-unboost|p2a: Landorus|evasion|1
|-sideend|p1: minimax_ai|Stealth Rock|[from] move: Defog|[of] p1a: landorustherian
|move|p2a: Landorus|Toxic|p1a: landorustherian
|-status|p1a: landorustherian|tox
|
|-damage|p1a: landorustherian|94/100 tox|[from] psn
|upkeep
|turn|9
|
|t:|1661332187
|switch|p1a: rotomwash|Rotom-Wash|85/100
|move|p2a: Landorus|Stealth Rock|p1a: rotomwash
|-sidestart|p1: minimax_ai|move: Stealth Rock
|
|-heal|p1a: rotomwash|91/100|[from] item: Leftovers
|upkeep
|turn|10
|
|t:|1661332194
|move|p1a: rotomwash|Hydro Pump|p2a: Landorus
|-supereffective|p2a: Landorus
|-damage|p2a: Landorus|34/100
|move|p2a: Landorus|U-turn|p1a: rotomwash
|-damage|p1a: rotomwash|75/100
|
|t:|1661332200
|switch|p2a: Rillaboom|Rillaboom, F, shiny|100/100|[from]move: U-turn
|-fieldstart|move: Grassy Terrain|[from] ability: Grassy Surge|[of] p2a: Rillaboom
|
|-heal|p1a: rotomwash|82/100|[from] item: Leftovers
|upkeep
|turn|11
|
|t:|1661332208
|switch|p1a: Tangrowth|Tangrowth, M|100/100
|-damage|p1a: Tangrowth|88/100|[from] Stealth Rock
|move|p2a: Rillaboom|Wood Hammer|p1a: Tangrowth
|-resisted|p1a: Tangrowth
|-damage|p1a: Tangrowth|51/100
|-damage|p2a: Rillaboom|84/100|[from] item: Rocky Helmet|[of] p1a: Tangrowth
|-damage|p2a: Rillaboom|70/100|[from] Recoil
|
|-heal|p2a: Rillaboom|76/100|[from] Grassy Terrain
|-heal|p1a: Tangrowth|58/100|[from] Grassy Terrain
|upkeep
|turn|12
|
|t:|1661332222
|switch|p2a: Victini|Victini|96/100
|move|p1a: Tangrowth|Giga Drain|p2a: Victini
|-resisted|p2a: Victini
|-damage|p2a: Victini|77/100
|-heal|p1a: Tangrowth|66/100|[from] drain|[of] p2a: Victini
|
|-heal|p2a: Victini|83/100|[from] Grassy Terrain
|-heal|p1a: Tangrowth|72/100|[from] Grassy Terrain
|upkeep
|turn|13
|
|t:|1661332231
|switch|p1a: Heatran|Heatran, M|96/100
|-damage|p1a: Heatran|83/100|[from] Stealth Rock
|move|p2a: Victini|U-turn|p1a: Heatran
|-resisted|p1a: Heatran
|-damage|p1a: Heatran|78/100
|
|t:|1661332239
|switch|p2a: Garchomp|Garchomp, F|100/100|[from]move: U-turn
|
|-heal|p1a: Heatran|84/100|[from] Grassy Terrain
|upkeep
|turn|14
|
|t:|1661332245
|switch|p1a: Tangrowth|Tangrowth, M|100/100
|-damage|p1a: Tangrowth|88/100|[from] Stealth Rock
|move|p2a: Garchomp|Swords Dance|p2a: Garchomp
|-boost|p2a: Garchomp|atk|2
|
|-heal|p1a: Tangrowth|94/100|[from] Grassy Terrain
|-fieldend|move: Grassy Terrain
|upkeep
|turn|15
|
|t:|1661332253
|switch|p2a: Victini|Victini|83/100
|move|p1a: Tangrowth|Giga Drain|p2a: Victini
|-resisted|p2a: Victini
|-damage|p2a: Victini|70/100
|-heal|p1a: Tangrowth|99/100|[from] drain|[of] p2a: Victini
|
|upkeep
|turn|16
|
|t:|1661332260
|switch|p1a: rotomwash|Rotom-Wash|82/100
|-damage|p1a: rotomwash|69/100|[from] Stealth Rock
|move|p2a: Victini|U-turn|p1a: rotomwash
|-damage|p1a: rotomwash|48/100
|
|t:|1661332267
|switch|p2a: Rillaboom|Rillaboom, F, shiny|76/100|[from]move: U-turn
|-fieldstart|move: Grassy Terrain|[from] ability: Grassy Surge|[of] p2a: Rillaboom
|
|-heal|p1a: rotomwash|54/100|[from] item: Leftovers
|-heal|p2a: Rillaboom|82/100|[from] Grassy Terrain
|upkeep
|turn|17
|
|t:|1661332274
|switch|p1a: Tangrowth|Tangrowth, M|100/100
|-damage|p1a: Tangrowth|88/100|[from] Stealth Rock
|move|p2a: Rillaboom|U-turn|p1a: Tangrowth
|-supereffective|p1a: Tangrowth
|-damage|p1a: Tangrowth|44/100
|-damage|p2a: Rillaboom|66/100|[from] item: Rocky Helmet|[of] p1a: Tangrowth
|
|t:|1661332282
|switch|p2a: Victini|Victini|70/100|[from]move: U-turn
|
|-heal|p2a: Victini|76/100|[from] Grassy Terrain
|-heal|p1a: Tangrowth|50/100|[from] Grassy Terrain
|upkeep
|turn|18
|
|t:|1661332288
|switch|p1a: landorustherian|Landorus-Therian, M|94/100 tox
|-damage|p1a: landorustherian|82/100 tox|[from] Stealth Rock
|-ability|p1a: landorustherian|Intimidate|boost
|-unboost|p2a: Victini|atk|1
|move|p2a: Victini|U-turn|p1a: landorustherian
|-resisted|p1a: landorustherian
|-damage|p1a: landorustherian|76/100 tox
|
|t:|1661332299
|switch|p2a: Rillaboom|Rillaboom, F, shiny|66/100|[from]move: U-turn
|
|-heal|p2a: Rillaboom|72/100|[from] Grassy Terrain
|-heal|p1a: landorustherian|82/100 tox|[from] item: Leftovers
|-damage|p1a: landorustherian|76/100 tox|[from] psn
|upkeep
|turn|19
|
|t:|1661332307
|switch|p1a: Tangrowth|Tangrowth, M|83/100
|-damage|p1a: Tangrowth|71/100|[from] Stealth Rock
|move|p2a: Rillaboom|Wood Hammer|p1a: Tangrowth
|-resisted|p1a: Tangrowth
|-damage|p1a: Tangrowth|38/100
|-damage|p2a: Rillaboom|55/100|[from] item: Rocky Helmet|[of] p1a: Tangrowth
|-damage|p2a: Rillaboom|42/100|[from] Recoil
|
|-heal|p2a: Rillaboom|48/100|[from] Grassy Terrain
|-heal|p1a: Tangrowth|44/100|[from] Grassy Terrain
|upkeep
|turn|20
|
|t:|1661332319
|switch|p2a: Victini|Victini|76/100
|move|p1a: Tangrowth|Giga Drain|p2a: Victini
|-resisted|p2a: Victini
|-damage|p2a: Victini|58/100
|-heal|p1a: Tangrowth|51/100|[from] drain|[of] p2a: Victini
|
|-heal|p2a: Victini|64/100|[from] Grassy Terrain
|-heal|p1a: Tangrowth|57/100|[from] Grassy Terrain
|-fieldend|move: Grassy Terrain
|upkeep
|turn|21
|
|t:|1661332328
|switch|p1a: landorustherian|Landorus-Therian, M|76/100 tox
|-damage|p1a: landorustherian|63/100 tox|[from] Stealth Rock
|-ability|p1a: landorustherian|Intimidate|boost
|-unboost|p2a: Victini|atk|1
|move|p2a: Victini|V-create|p1a: landorustherian
|-damage|p1a: landorustherian|12/100 tox
|-unboost|p2a: Victini|spe|1
|-unboost|p2a: Victini|def|1
|-unboost|p2a: Victini|spd|1
|
|-heal|p1a: landorustherian|18/100 tox|[from] item: Leftovers
|-damage|p1a: landorustherian|12/100 tox|[from] psn
|upkeep
|turn|22
|
|t:|1661332342
|switch|p2a: Landorus|Landorus-Therian, M|34/100
|-ability|p2a: Landorus|Intimidate|boost
|-unboost|p1a: landorustherian|atk|1
|move|p1a: landorustherian|Defog|p2a: Landorus
|-unboost|p2a: Landorus|evasion|1
|-sideend|p1: minimax_ai|Stealth Rock|[from] move: Defog|[of] p1a: landorustherian
|
|-heal|p1a: landorustherian|18/100 tox|[from] item: Leftovers
|-heal|p2a: Landorus|40/100|[from] item: Leftovers
|-damage|p1a: landorustherian|6/100 tox|[from] psn
|upkeep
|turn|23
|
|t:|1661332352
|switch|p1a: rotomwash|Rotom-Wash|54/100
|move|p2a: Landorus|Stealth Rock|p1a: rotomwash
|-sidestart|p1: minimax_ai|move: Stealth Rock
|
|-heal|p1a: rotomwash|61/100|[from] item: Leftovers
|-heal|p2a: Landorus|46/100|[from] item: Leftovers
|upkeep
|turn|24
|
|t:|1661332363
|switch|p2a: Tapu Fini|Tapu Fini|100/100
|-fieldstart|move: Misty Terrain|[from] ability: Misty Surge|[of] p2a: Tapu Fini
|move|p1a: rotomwash|Hydro Pump|p2a: Tapu Fini
|-resisted|p2a: Tapu Fini
|-damage|p2a: Tapu Fini|82/100
|
|-heal|p1a: rotomwash|67/100|[from] item: Leftovers
|upkeep
|turn|25
|
|t:|1661332372
|switch|p2a: Garchomp|Garchomp, F|100/100
|move|p1a: rotomwash|Thunderbolt|p2a: Garchomp
|-immune|p2a: Garchomp
|
|-heal|p1a: rotomwash|73/100|[from] item: Leftovers
|upkeep
|turn|26
|
|t:|1661332379
|switch|p1a: Tangrowth|Tangrowth, M|91/100
|-damage|p1a: Tangrowth|78/100|[from] Stealth Rock
|move|p2a: Garchomp|Swords Dance|p2a: Garchomp
|-boost|p2a: Garchomp|atk|2
|
|upkeep
|turn|27
|
|t:|1661332388
|move|p2a: Garchomp|Fire Fang|p1a: Tangrowth
|-supereffective|p1a: Tangrowth
|-damage|p1a: Tangrowth|29/100
|-damage|p2a: Garchomp|84/100|[from] item: Rocky Helmet|[of] p1a: Tangrowth
|move|p1a: Tangrowth|Giga Drain|p2a: Garchomp
|-damage|p2a: Garchomp|53/100
|-heal|p1a: Tangrowth|43/100|[from] drain|[of] p2a: Garchomp
|
|-heal|p2a: Garchomp|59/100|[from] item: Leftovers
|upkeep
|turn|28
|
|t:|1661332398
|switch|p1a: landorustherian|Landorus-Therian, M|6/100 tox
|-damage|p1a: landorustherian|0 fnt|[from] Stealth Rock
|faint|p1a: landorustherian
|move|p2a: Garchomp|Fire Fang|p1: landorustherian|[notarget]
|-fail|p2a: Garchomp
|
|-heal|p2a: Garchomp|65/100|[from] item: Leftovers
|-fieldend|Misty Terrain
|upkeep
|
|t:|1661332398
|switch|p1a: Weavile|Weavile, M|100/100
|-damage|p1a: Weavile|76/100|[from] Stealth Rock
|-ability|p1a: Weavile|Pressure
|turn|29
|
|t:|1661332411
|switch|p2a: Tapu Fini|Tapu Fini|82/100
|-fieldstart|move: Misty Terrain|[from] ability: Misty Surge|[of] p2a: Tapu Fini
|move|p1a: Weavile|Knock Off|p2a: Tapu Fini
|-resisted|p2a: Tapu Fini
|-damage|p2a: Tapu Fini|50/100
|-enditem|p2a: Tapu Fini|Choice Scarf|[from] move: Knock Off|[of] p1a: Weavile
|
|upkeep
|turn|30
|
|t:|1661332420
|switch|p1a: Melmetal|Melmetal|84/100 par
|-damage|p1a: Melmetal|78/100 par|[from] Stealth Rock
|move|p2a: Tapu Fini|Trick|p1a: Melmetal
|-activate|p2a: Tapu Fini|move: Trick|[of] p1a: Melmetal
|-enditem|p1a: Melmetal|Assault Vest|[silent]|[from] move: Trick
|-item|p2a: Tapu Fini|Assault Vest|[from] move: Trick
|
|upkeep
|turn|31
|
|t:|1661332429
|switch|p2a: Zapdos|Zapdos|75/100
|move|p1a: Melmetal|Earthquake|p2a: Zapdos
|-immune|p2a: Zapdos
|
|upkeep
|turn|32
|
|t:|1661332436
|switch|p1a: rotomwash|Rotom-Wash|73/100
|-damage|p1a: rotomwash|61/100|[from] Stealth Rock
|move|p2a: Zapdos|Volt Switch|p1a: rotomwash
|-damage|p1a: rotomwash|31/100
|
|t:|1661332443
|switch|p2a: Rillaboom|Rillaboom, F, shiny|48/100|[from]move: Volt Switch
|-fieldstart|move: Grassy Terrain|[from] ability: Grassy Surge|[of] p2a: Rillaboom
|
|-heal|p1a: rotomwash|37/100|[from] item: Leftovers
|-heal|p2a: Rillaboom|54/100|[from] Grassy Terrain
|upkeep
|turn|33
|
|t:|1661332451
|switch|p1a: Tangrowth|Tangrowth, M|76/100
|-damage|p1a: Tangrowth|63/100|[from] Stealth Rock
|move|p2a: Rillaboom|U-turn|p1a: Tangrowth
|-supereffective|p1a: Tangrowth
|-damage|p1a: Tangrowth|23/100
|-damage|p2a: Rillaboom|38/100|[from] item: Rocky Helmet|[of] p1a: Tangrowth
|
|t:|1661332458
|switch|p2a: Victini|Victini|64/100|[from]move: U-turn
|
|-heal|p2a: Victini|71/100|[from] Grassy Terrain
|-heal|p1a: Tangrowth|29/100|[from] Grassy Terrain
|upkeep
|turn|34
|
|t:|1661332465
|switch|p1a: Melmetal|Melmetal|78/100 par
|-damage|p1a: Melmetal|72/100 par|[from] Stealth Rock
|move|p2a: Victini|U-turn|p1a: Melmetal
|-resisted|p1a: Melmetal
|-damage|p1a: Melmetal|66/100 par
|
|t:|1661332474
|switch|p2a: Garchomp|Garchomp, F|65/100|[from]move: U-turn
|
|-heal|p2a: Garchomp|71/100|[from] Grassy Terrain
|-heal|p2a: Garchomp|77/100|[from] item: Leftovers
|-heal|p1a: Melmetal|72/100 par|[from] Grassy Terrain
|upkeep
|turn|35
|
|t:|1661332482
|switch|p2a: Victini|Victini|71/100
|move|p1a: Melmetal|Double Iron Bash|p2a: Victini
|-resisted|p2a: Victini
|-damage|p2a: Victini|51/100
|-resisted|p2a: Victini
|-damage|p2a: Victini|31/100
|-hitcount|p2a: Victini|2
|
|-heal|p2a: Victini|37/100|[from] Grassy Terrain
|-heal|p1a: Melmetal|79/100 par|[from] Grassy Terrain
|upkeep
|turn|36
|
|t:|1661332491
|switch|p1a: Tangrowth|Tangrowth, M|62/100
|-damage|p1a: Tangrowth|50/100|[from] Stealth Rock
|move|p2a: Victini|V-create|p1a: Tangrowth
|-supereffective|p1a: Tangrowth
|-damage|p1a: Tangrowth|0 fnt
|-unboost|p2a: Victini|spe|1
|-unboost|p2a: Victini|def|1
|-unboost|p2a: Victini|spd|1
|-damage|p2a: Victini|20/100|[from] item: Rocky Helmet|[of] p1a: Tangrowth
|faint|p1a: Tangrowth
|
|-heal|p2a: Victini|27/100|[from] Grassy Terrain
|-fieldend|move: Grassy Terrain
|upkeep
|
|t:|1661332491
|switch|p1a: Heatran|Heatran, M|84/100
|-damage|p1a: Heatran|71/100|[from] Stealth Rock
|turn|37
|
|t:|1661332507
|switch|p1a: Melmetal|Melmetal|79/100 par
|-damage|p1a: Melmetal|72/100 par|[from] Stealth Rock
|switch|p2a: Garchomp|Garchomp, F|77/100
|
|-heal|p2a: Garchomp|83/100|[from] item: Leftovers
|upkeep
|turn|38
|
|t:|1661332515
|move|p2a: Garchomp|Earthquake|p1a: Melmetal
|-supereffective|p1a: Melmetal
|-damage|p1a: Melmetal|10/100 par
|move|p1a: Melmetal|Ice Punch|p2a: Garchomp
|-supereffective|p2a: Garchomp
|-damage|p2a: Garchomp|0 fnt
|-damage|p1a: Melmetal|0 fnt|[from] ability: Rough Skin|[of] p2a: Garchomp
|faint|p2a: Garchomp
|faint|p1a: Melmetal
|
|upkeep
|
|t:|1661332525
|switch|p2a: Tapu Fini|Tapu Fini|50/100
|switch|p1a: rotomwash|Rotom-Wash|37/100
|-fieldstart|move: Misty Terrain|[from] ability: Misty Surge|[of] p2a: Tapu Fini
|-damage|p1a: rotomwash|25/100|[from] Stealth Rock
|turn|39
|
|t:|1661332533
|move|p2a: Tapu Fini|Moonblast|p1a: rotomwash
|-damage|p1a: rotomwash|0 fnt
|faint|p1a: rotomwash
|
|upkeep
|
|t:|1661332533
|switch|p1a: Heatran|Heatran, M|71/100
|-damage|p1a: Heatran|59/100|[from] Stealth Rock
|turn|40
|
|t:|1661332546
|switch|p2a: Zapdos|Zapdos|75/100
|move|p1a: Heatran|Stealth Rock|p2a: Zapdos
|-sidestart|p2: Stimo96|move: Stealth Rock
|
|upkeep
|turn|41
|
|t:|1661332555
|move|p1a: Heatran|Eruption|p2a: Zapdos
|-damage|p2a: Zapdos|29/100
|move|p2a: Zapdos|Volt Switch|p1a: Heatran
|-damage|p1a: Heatran|31/100
|
|t:|1661332562
|switch|p2a: Victini|Victini|27/100|[from]move: Volt Switch
|
|upkeep
|turn|42
|
|t:|1661332567
|move|p2a: Victini|Bolt Strike|p1a: Heatran
|-damage|p1a: Heatran|0 fnt
|faint|p1a: Heatran
|
|upkeep
|
|t:|1661332567
|switch|p1a: Weavile|Weavile, M|76/100
|-damage|p1a: Weavile|51/100|[from] Stealth Rock
|-ability|p1a: Weavile|Pressure
|turn|43
|
|t:|1661332575
|move|p1a: Weavile|Triple Axel|p2a: Victini
|-resisted|p2a: Victini
|-damage|p2a: Victini|19/100
|-resisted|p2a: Victini
|-damage|p2a: Victini|3/100
|-resisted|p2a: Victini
|-damage|p2a: Victini|0 fnt
|faint|p2a: Victini
|-hitcount|p2: Victini|3
|
|-fieldend|Misty Terrain
|upkeep
|
|t:|1661332584
|switch|p2a: Rillaboom|Rillaboom, F, shiny|38/100
|-damage|p2a: Rillaboom|26/100|[from] Stealth Rock
|-fieldstart|move: Grassy Terrain|[from] ability: Grassy Surge|[of] p2a: Rillaboom
|turn|44
|c|☆Stimo96|gg
|
|t:|1661332591
|move|p2a: Rillaboom|Grassy Glide|p1a: Weavile
|-damage|p1a: Weavile|0 fnt
|faint|p1a: Weavile
|
|win|Stimo96
|raw|minimax_ai's rating: 1454 &rarr; <strong>1438</strong><br />(-16 for losing)
|raw|Stimo96's rating: 1518 &rarr; <strong>1534</strong><br />(+16 for winning)
|c|☆minimax_ai|gg
