|j|☆Arcangel666
|j|☆Imsobaked
|t:|1663199221
|gametype|singles
|player|p1|Arcangel666|piers|1748
|player|p2|Imsobaked|hiker-gen4|1710
|teamsize|p1|6
|teamsize|p2|6
|gen|8
|tier|[Gen 8] OU
|rated|
|rule|Sleep Clause Mod: Limit one foe put to sleep
|rule|Species Clause: Limit one of each Pokémon
|rule|OHKO Clause: OHKO moves are banned
|rule|Evasion Items Clause: Evasion items are banned
|rule|Evasion Moves Clause: Evasion moves are banned
|rule|Endless Battle Clause: Forcing endless battles is banned
|rule|HP Percentage Mod: HP is shown in percentages
|rule|Dynamax Clause: You cannot dynamax
|clearpoke
|poke|p1|Rillaboom, M|
|poke|p1|Regieleki|
|poke|p1|Garchomp, M|
|poke|p1|Melmetal|
|poke|p1|Tapu Fini|
|poke|p1|Zapdos-Galar|
|poke|p2|Tapu Lele|
|poke|p2|Magnezone|
|poke|p2|Dragonite, F|
|poke|p2|Clefable, F|
|poke|p2|Garchomp, M|
|poke|p2|Gengar, F|
|teampreview
|
|t:|1663199230
|start
|switch|p1a: Zapdos|Zapdos-Galar, shiny|100/100
|switch|p2a: Dragonite|Dragonite, F|100/100
|turn|1
|
|t:|1663199235
|move|p1a: Zapdos|U-turn|p2a: Dragonite
|-resisted|p2a: Dragonite
|-damage|p2a: Dragonite|90/100
|
|t:|1663199238
|switch|p1a: Garchomp|Garchomp, M|100/100|[from]move: U-turn
|move|p2a: Dragonite|Ice Beam|p1a: Garchomp
|-supereffective|p1a: Garchomp
|-damage|p1a: Garchomp|0 fnt
|faint|p1a: Garchomp
|
|upkeep
|j| Jongruenwald
|
|t:|1663199244
|switch|p1a: Zapdos|Zapdos-Galar, shiny|100/100
|turn|2
|
|t:|1663199251
|move|p1a: Zapdos|Brave Bird|p2a: Dragonite
|-damage|p2a: Dragonite|0 fnt
|faint|p2a: Dragonite
|-damage|p1a: Zapdos|71/100|[from] Recoil
|
|upkeep
|j| BabyPigsAreLaughin
|
|t:|1663199256
|switch|p2a: Magnezone|Magnezone|100/100
|turn|3
|
|t:|1663199261
|switch|p1a: Regieleki|Regieleki, shiny|100/100
|move|p2a: Magnezone|Volt Switch|p1a: Regieleki
|-resisted|p1a: Regieleki
|-damage|p1a: Regieleki|22/100
|
|t:|1663199265
|switch|p2a: Garchomp|Garchomp, M|100/100|[from]move: Volt Switch
|
|upkeep
|turn|4
|
|t:|1663199271
|switch|p1a: Rillaboom|Rillaboom, M, shiny|100/100
|-fieldstart|move: Grassy Terrain|[from] ability: Grassy Surge|[of] p1a: Rillaboom
|move|p2a: Garchomp|Earthquake|p1a: Rillaboom
|-resisted|p1a: Rillaboom
|-damage|p1a: Rillaboom|87/100
|
|-heal|p1a: Rillaboom|93/100|[from] Grassy Terrain
|upkeep
|turn|5
|
|t:|1663199282
|switch|p2a: Clefable|Clefable, F|100/100
|move|p1a: Rillaboom|Knock Off|p2a: Clefable
|-resisted|p2a: Clefable
|-damage|p2a: Clefable|84/100
|-damage|p1a: Rillaboom|76/100|[from] item: Rocky Helmet|[of] p2a: Clefable
|-enditem|p2a: Clefable|Rocky Helmet|[from] move: Knock Off|[of] p1a: Rillaboom
|-damage|p1a: Rillaboom|66/100|[from] item: Life Orb
|
|-heal|p1a: Rillaboom|73/100|[from] Grassy Terrain
|-heal|p2a: Clefable|90/100|[from] Grassy Terrain
|upkeep
|turn|6
|
|t:|1663199288
|move|p1a: Rillaboom|Swords Dance|p1a: Rillaboom
|-boost|p1a: Rillaboom|atk|2
|move|p2a: Clefable|Stealth Rock|p1a: Rillaboom
|-sidestart|p1: Arcangel666|move: Stealth Rock
|
|-heal|p1a: Rillaboom|79/100|[from] Grassy Terrain
|-heal|p2a: Clefable|96/100|[from] Grassy Terrain
|upkeep
|turn|7
|
|t:|1663199290
|move|p1a: Rillaboom|Grassy Glide|p2a: Clefable
|-damage|p2a: Clefable|0 fnt
|faint|p2a: Clefable
|-damage|p1a: Rillaboom|69/100|[from] item: Life Orb
|
|-heal|p1a: Rillaboom|75/100|[from] Grassy Terrain
|upkeep
|
|t:|1663199294
|switch|p2a: Tapu Lele|Tapu Lele, shiny|100/100
|-fieldstart|move: Psychic Terrain|[from] ability: Psychic Surge|[of] p2a: Tapu Lele
|turn|8
|
|t:|1663199301
|switch|p2a: Garchomp|Garchomp, M|100/100
|switch|p1a: Melmetal|Melmetal, shiny|100/100
|-damage|p1a: Melmetal|94/100|[from] Stealth Rock
|
|upkeep
|turn|9
|
|t:|1663199305
|move|p2a: Garchomp|Earthquake|p1a: Melmetal
|-supereffective|p1a: Melmetal
|-damage|p1a: Melmetal|41/100
|move|p1a: Melmetal|Ice Punch|p2a: Garchomp
|-supereffective|p2a: Garchomp
|-damage|p2a: Garchomp|0 fnt
|-damage|p1a: Melmetal|29/100|[from] ability: Rough Skin|[of] p2a: Garchomp
|faint|p2a: Garchomp
|
|upkeep
|
|t:|1663199312
|switch|p2a: Magnezone|Magnezone|100/100
|turn|10
|
|t:|1663199315
|move|p2a: Magnezone|Thunderbolt|p1a: Melmetal
|-damage|p1a: Melmetal|0 fnt
|faint|p1a: Melmetal
|
|upkeep
|
|t:|1663199317
|switch|p1a: Zapdos|Zapdos-Galar, shiny|71/100
|-damage|p1a: Zapdos|58/100|[from] Stealth Rock
|turn|11
|
|t:|1663199325
|move|p1a: Zapdos|U-turn|p2a: Magnezone
|-resisted|p2a: Magnezone
|-damage|p2a: Magnezone|84/100
|
|t:|1663199329
|switch|p1a: Rillaboom|Rillaboom, M, shiny|75/100|[from]move: U-turn
|-damage|p1a: Rillaboom|63/100|[from] Stealth Rock
|-fieldstart|move: Grassy Terrain|[from] ability: Grassy Surge|[of] p1a: Rillaboom
|move|p2a: Magnezone|Thunderbolt|p1a: Rillaboom
|-resisted|p1a: Rillaboom
|-damage|p1a: Rillaboom|0 fnt
|faint|p1a: Rillaboom
|
|-heal|p2a: Magnezone|90/100|[from] Grassy Terrain
|upkeep
|
|t:|1663199331
|switch|p1a: Zapdos|Zapdos-Galar, shiny|58/100
|-damage|p1a: Zapdos|46/100|[from] Stealth Rock
|turn|12
|
|t:|1663199338
|switch|p2a: Gengar|Gengar, F|100/100
|move|p1a: Zapdos|Close Combat|p2a: Gengar
|-immune|p2a: Gengar
|
|upkeep
|turn|13
|
|t:|1663199340
|switch|p1a: Tapu Fini|Tapu Fini, shiny|100/100
|-damage|p1a: Tapu Fini|88/100|[from] Stealth Rock
|-fieldstart|move: Misty Terrain|[from] ability: Misty Surge|[of] p1a: Tapu Fini
|move|p2a: Gengar|Shadow Ball|p1a: Tapu Fini
|-damage|p1a: Tapu Fini|61/100
|
|-heal|p1a: Tapu Fini|67/100|[from] item: Leftovers
|upkeep
|turn|14
|
|t:|1663199343
|move|p2a: Gengar|Shadow Ball|p1a: Tapu Fini
|-damage|p1a: Tapu Fini|43/100
|move|p1a: Tapu Fini|Surf|p2a: Gengar
|-damage|p2a: Gengar|55/100
|
|-heal|p1a: Tapu Fini|49/100|[from] item: Leftovers
|upkeep
|turn|15
|
|t:|1663199347
|move|p2a: Gengar|Shadow Ball|p1a: Tapu Fini
|-damage|p1a: Tapu Fini|25/100
|-unboost|p1a: Tapu Fini|spd|1
|move|p1a: Tapu Fini|Calm Mind|p1a: Tapu Fini
|-boost|p1a: Tapu Fini|spa|1
|-boost|p1a: Tapu Fini|spd|1
|
|-heal|p1a: Tapu Fini|31/100|[from] item: Leftovers
|upkeep
|turn|16
|
|t:|1663199349
|move|p2a: Gengar|Shadow Ball|p1a: Tapu Fini
|-damage|p1a: Tapu Fini|8/100
|move|p1a: Tapu Fini|Surf|p2a: Gengar
|-damage|p2a: Gengar|0 fnt
|-start|p1a: Tapu Fini|Disable|Surf|[from] ability: Cursed Body|[of] p2a: Gengar
|faint|p2a: Gengar
|
|-heal|p1a: Tapu Fini|14/100|[from] item: Leftovers
|upkeep
|
|t:|1663199353
|switch|p2a: Tapu Lele|Tapu Lele, shiny|100/100
|-fieldstart|move: Psychic Terrain|[from] ability: Psychic Surge|[of] p2a: Tapu Lele
|turn|17
|
|t:|1663199357
|move|p2a: Tapu Lele|Psychic|p1a: Tapu Fini
|-damage|p1a: Tapu Fini|0 fnt
|faint|p1a: Tapu Fini
|
|upkeep
|
|t:|1663199358
|switch|p1a: Zapdos|Zapdos-Galar, shiny|46/100
|-damage|p1a: Zapdos|33/100|[from] Stealth Rock
|turn|18
|
|t:|1663199361
|move|p2a: Tapu Lele|Psychic|p1a: Zapdos
|-supereffective|p1a: Zapdos
|-damage|p1a: Zapdos|0 fnt
|faint|p1a: Zapdos
|
|upkeep
|
|t:|1663199362
|switch|p1a: Regieleki|Regieleki, shiny|22/100
|-damage|p1a: Regieleki|10/100|[from] Stealth Rock
|turn|19
|
|t:|1663199365
|move|p1a: Regieleki|Thunderbolt|p2a: Tapu Lele
|-damage|p2a: Tapu Lele|31/100
|move|p2a: Tapu Lele|Psychic|p1a: Regieleki
|-damage|p1a: Regieleki|0 fnt
|faint|p1a: Regieleki
|
|win|Imsobaked
|raw|Arcangel666's rating: 1748 &rarr; <strong>1726</strong><br />(-22 for losing)
|raw|Imsobaked's rating: 1710 &rarr; <strong>1732</strong><br />(+22 for winning)
|l|☆Arcangel666
|l| BabyPigsAreLaughin
||Ladder isn't responding, score probably updated but might not have (Request timeout).
