|j|☆Rorschach I
|j|☆wegonwin
|player|p1|Rorschach I|cynthia|1778
|player|p2|wegonwin|70|1752
|teamsize|p1|6
|teamsize|p2|6
|gametype|singles
|gen|8
|tier|[Gen 8] OU
|rated|
|clearpoke
|poke|p1|Terrakion|
|poke|p1|Aegislash, F|
|poke|p1|Crawdaunt, F|
|poke|p1|Zeraora|
|poke|p1|Kyurem|
|poke|p1|Togekiss, F|
|poke|p2|Cinderace, M|
|poke|p2|Rillaboom, F|
|poke|p2|Hawlucha, M|
|poke|p2|Togekiss, F|
|poke|p2|Hydreigon, F|
|poke|p2|Keldeo-Resolute|
|rule|Sleep Clause Mod: Limit one foe put to sleep
|rule|Species Clause: Limit one of each Pokémon
|rule|OHKO Clause: OHKO moves are banned
|rule|Evasion Moves Clause: Evasion moves are banned
|rule|Endless Battle Clause: Forcing endless battles is banned
|rule|HP Percentage Mod: HP is shown in percentages
|rule|Dynamax Clause: You cannot dynamax
|teampreview
|inactive|Battle timer is ON: inactive players will automatically lose when time's up. (requested by wegonwin)
|c|☆wegonwin|gl hf
|c|☆Rorschach I|u2
|
|start
|switch|p1a: Terrakion|Terrakion|100/100
|switch|p2a: Cinderace|Cinderace, M|100/100
|turn|1
|j| phys2000
|
|move|p2a: Cinderace|U-turn|p1a: Terrakion
|-start|p2a: Cinderace|typechange|Bug|[from] ability: Libero
|-resisted|p1a: Terrakion
|-damage|p1a: Terrakion|69/100
|
|switch|p2a: Keldeo|Keldeo-Resolute|100/100|[from]move: U-turn
|move|p1a: Terrakion|Close Combat|p2a: Keldeo
|-damage|p2a: Keldeo|34/100
|-unboost|p1a: Terrakion|def|1
|-unboost|p1a: Terrakion|spd|1
|
|upkeep
|turn|2
|j| Nartey
|
|move|p2a: Keldeo|Secret Sword|p1a: Terrakion
|-supereffective|p1a: Terrakion
|-damage|p1a: Terrakion|0 fnt
|faint|p1a: Terrakion
|
|upkeep
|j| Skoun️└♥┘
|
|switch|p1a: Togekiss|Togekiss, F|100/100
|turn|3
|
|switch|p2a: Togekiss|Togekiss, F|100/100
|move|p1a: Togekiss|Air Slash|p2a: Togekiss
|-damage|p2a: Togekiss|66/100
|
|-heal|p2a: Togekiss|72/100|[from] item: Leftovers
|upkeep
|turn|4
|
|move|p1a: Togekiss|Air Slash|p2a: Togekiss
|-damage|p2a: Togekiss|34/100
|cant|p2a: Togekiss|flinch
|
|-heal|p2a: Togekiss|40/100|[from] item: Leftovers
|upkeep
|turn|5
|
|move|p1a: Togekiss|Air Slash|p2a: Togekiss
|-damage|p2a: Togekiss|1/100
|cant|p2a: Togekiss|flinch
|
|-heal|p2a: Togekiss|7/100|[from] item: Leftovers
|upkeep
|turn|6
|c|☆wegonwin|damn got outplayed
|
|move|p1a: Togekiss|Air Slash|p2a: Togekiss
|-damage|p2a: Togekiss|0 fnt
|faint|p2a: Togekiss
|
|upkeep
|
|switch|p2a: Keldeo|Keldeo-Resolute|34/100
|turn|7
|j| Coronavirus EUW
|l| Coronavirus EUW
|
|move|p2a: Keldeo|Icy Wind|p1a: Togekiss
|-supereffective|p1a: Togekiss
|-damage|p1a: Togekiss|58/100
|-unboost|p1a: Togekiss|spe|1
|move|p1a: Togekiss|Air Slash|p2a: Keldeo
|-supereffective|p2a: Keldeo
|-damage|p2a: Keldeo|0 fnt
|faint|p2a: Keldeo
|
|upkeep
|
|switch|p2a: Rillaboom|Rillaboom, F|100/100
|-fieldstart|move: Grassy Terrain|[from] ability: Grassy Surge|[of] p2a: Rillaboom
|turn|8
|j| Coronavirus EUW
|l| Coronavirus EUW
|
|switch|p1a: Crawdaunt|Crawdaunt, F|100/100
|move|p2a: Rillaboom|U-turn|p1a: Crawdaunt
|-supereffective|p1a: Crawdaunt
|-damage|p1a: Crawdaunt|25/100
|
|switch|p2a: Hawlucha|Hawlucha, M|100/100|[from]move: U-turn
|-enditem|p2a: Hawlucha|Grassy Seed
|-boost|p2a: Hawlucha|def|1|[from] item: Grassy Seed
|
|-heal|p1a: Crawdaunt|31/100|[from] Grassy Terrain
|upkeep
|turn|9
|
|move|p2a: Hawlucha|Drain Punch|p1a: Crawdaunt
|-supereffective|p1a: Crawdaunt
|-damage|p1a: Crawdaunt|0 fnt
|faint|p1a: Crawdaunt
|
|upkeep
|
|switch|p1a: Togekiss|Togekiss, F|58/100
|turn|10
|
|move|p2a: Hawlucha|Acrobatics|p1a: Togekiss
|-damage|p1a: Togekiss|0 fnt
|faint|p1a: Togekiss
|
|upkeep
|
|switch|p1a: Aegislash|Aegislash, F|100/100
|-item|p1a: Aegislash|Air Balloon
|turn|11
|
|move|p2a: Hawlucha|Throat Chop|p1a: Aegislash
|-supereffective|p1a: Aegislash
|-damage|p1a: Aegislash|52/100
|-start|p1a: Aegislash|Throat Chop|[silent]
|-enditem|p1a: Aegislash|Air Balloon
|move|p1a: Aegislash|Swords Dance|p1a: Aegislash
|-boost|p1a: Aegislash|atk|2
|
|-heal|p1a: Aegislash|58/100|[from] Grassy Terrain
|upkeep
|turn|12
|
|move|p2a: Hawlucha|Throat Chop|p1a: Aegislash
|-supereffective|p1a: Aegislash
|-damage|p1a: Aegislash|15/100
|-formechange|p1a: Aegislash|Aegislash-Blade||[from] ability: Stance Change
|move|p1a: Aegislash|Iron Head|p2a: Hawlucha
|-damage|p2a: Hawlucha|12/100
|
|-heal|p1a: Aegislash|21/100|[from] Grassy Terrain
|-fieldend|move: Grassy Terrain
|-end|p1a: Aegislash|Throat Chop|[silent]
|upkeep
|turn|13
|l| Nartey
|
|move|p1a: Aegislash|Shadow Sneak|p2a: Hawlucha
|-damage|p2a: Hawlucha|0 fnt
|faint|p2a: Hawlucha
|
|upkeep
|
|switch|p2a: Hydreigon|Hydreigon, F|100/100
|turn|14
|j| Nartey
|
|move|p1a: Aegislash|Shadow Sneak|p2a: Hydreigon
|-resisted|p2a: Hydreigon
|-damage|p2a: Hydreigon|71/100
|move|p2a: Hydreigon|Draco Meteor|p1a: Aegislash
|-resisted|p1a: Aegislash
|-damage|p1a: Aegislash|0 fnt
|-unboost|p2a: Hydreigon|spa|2
|-damage|p2a: Hydreigon|61/100|[from] item: Life Orb
|faint|p1a: Aegislash
|
|upkeep
|l| Skoun️└♥┘
|
|switch|p1a: Zeraora|Zeraora|100/100
|turn|15
|
|move|p1a: Zeraora|Bulk Up|p1a: Zeraora
|-boost|p1a: Zeraora|atk|1
|-boost|p1a: Zeraora|def|1
|move|p2a: Hydreigon|Draco Meteor|p1a: Zeraora
|-damage|p1a: Zeraora|28/100
|-unboost|p2a: Hydreigon|spa|2
|-damage|p2a: Hydreigon|52/100|[from] item: Life Orb
|
|upkeep
|turn|16
|
|move|p1a: Zeraora|Play Rough|p2a: Hydreigon
|-supereffective|p2a: Hydreigon
|-damage|p2a: Hydreigon|0 fnt
|-damage|p1a: Zeraora|18/100|[from] item: Life Orb
|faint|p2a: Hydreigon
|
|upkeep
|
|switch|p2a: Rillaboom|Rillaboom, F|100/100
|-fieldstart|move: Grassy Terrain|[from] ability: Grassy Surge|[of] p2a: Rillaboom
|turn|17
|j| HeavenStar
|
|move|p2a: Rillaboom|Knock Off|p1a: Zeraora
|-damage|p1a: Zeraora|0 fnt
|-enditem|p1a: Zeraora|Life Orb|[from] move: Knock Off|[of] p2a: Rillaboom
|faint|p1a: Zeraora
|
|upkeep
|j| Vish is Balanced
|
|switch|p1a: Kyurem|Kyurem|100/100
|-ability|p1a: Kyurem|Pressure
|turn|18
|
|move|p2a: Rillaboom|Knock Off|p1a: Kyurem
|-damage|p1a: Kyurem|72/100
|-enditem|p1a: Kyurem|Choice Specs|[from] move: Knock Off|[of] p2a: Rillaboom
|move|p1a: Kyurem|Ice Beam|p2a: Rillaboom
|-supereffective|p2a: Rillaboom
|-damage|p2a: Rillaboom|0 fnt
|faint|p2a: Rillaboom
|
|-heal|p1a: Kyurem|78/100|[from] Grassy Terrain
|upkeep
|
|switch|p2a: Cinderace|Cinderace, M|100/100
|turn|19
|
|move|p2a: Cinderace|High Jump Kick|p1a: Kyurem
|-start|p2a: Cinderace|typechange|Fighting|[from] ability: Libero
|-supereffective|p1a: Kyurem
|-damage|p1a: Kyurem|0 fnt
|faint|p1a: Kyurem
|
|win|wegonwin
|j| RealSoul
|l|☆Rorschach I
|l| Vish is Balanced
|l| HeavenStar
||Ladder (probably) updated, but score could not be retrieved (Response not received).
