|j|☆winter lanterns
|j|☆x555
|player|p1|winter lanterns|265|1455
|player|p2|x555|265|1480
|teamsize|p1|6
|teamsize|p2|6
|gametype|singles
|gen|8
|tier|[Gen 8] OU
|rated|
|clearpoke
|poke|p1|Tyranitar, M|
|poke|p1|Slowbro, F|
|poke|p1|Excadrill, M|
|poke|p1|Celebi|
|poke|p1|Scizor, M|
|poke|p1|Togekiss, F|
|poke|p2|Magearna|
|poke|p2|Volcarona, F|
|poke|p2|Corviknight, M|
|poke|p2|Krookodile, M|
|poke|p2|Gyarados, F|
|poke|p2|Druddigon, M|
|rule|Sleep Clause Mod: Limit one foe put to sleep
|rule|Species Clause: Limit one of each Pokémon
|rule|OHKO Clause: OHKO moves are banned
|rule|Evasion Moves Clause: Evasion moves are banned
|rule|Endless Battle Clause: Forcing endless battles is banned
|rule|HP Percentage Mod: HP is shown in percentages
|rule|Dynamax Clause: You cannot dynamax
|teampreview
|inactive|Battle timer is ON: inactive players will automatically lose when time's up. (requested by winter lanterns)
|
|start
|switch|p1a: Tyranitar|Tyranitar, M|100/100
|switch|p2a: Druddigon|Druddigon, M|100/100
|-weather|Sandstorm|[from] ability: Sand Stream|[of] p1a: Tyranitar
|turn|1
|
|move|p1a: Tyranitar|Stealth Rock|p2a: Druddigon
|-sidestart|p2: x555|move: Stealth Rock
|move|p2a: Druddigon|Glare|p1a: Tyranitar
|-status|p1a: Tyranitar|par
|
|-weather|Sandstorm|[upkeep]
|-damage|p2a: Druddigon|94/100|[from] Sandstorm
|upkeep
|turn|2
|
|switch|p1a: Togekiss|Togekiss, F|100/100
|move|p2a: Druddigon|Roar|p1a: Togekiss
|drag|p1a: Excadrill|Excadrill, M|100/100
|
|-weather|Sandstorm|[upkeep]
|-damage|p2a: Druddigon|88/100|[from] Sandstorm
|upkeep
|turn|3
|
|switch|p1a: Tyranitar|Tyranitar, M|100/100 par
|move|p2a: Druddigon|Glare|p1a: Tyranitar
|-fail|p1a: Tyranitar|par
|
|-weather|Sandstorm|[upkeep]
|-damage|p2a: Druddigon|82/100|[from] Sandstorm
|upkeep
|turn|4
|
|switch|p2a: Corviknight|Corviknight, M|100/100
|-damage|p2a: Corviknight|88/100|[from] Stealth Rock
|-ability|p2a: Corviknight|Pressure
|switch|p1a: Celebi|Celebi|100/100
|
|-weather|Sandstorm|[upkeep]
|-damage|p1a: Celebi|94/100|[from] Sandstorm
|-heal|p1a: Celebi|100/100|[from] item: Leftovers
|upkeep
|turn|5
|
|move|p1a: Celebi|Nasty Plot|p1a: Celebi
|-boost|p1a: Celebi|spa|2
|move|p2a: Corviknight|Light Screen|p2a: Corviknight
|-sidestart|p2: x555|move: Light Screen
|
|-weather|Sandstorm|[upkeep]
|-damage|p1a: Celebi|94/100|[from] Sandstorm
|-heal|p1a: Celebi|100/100|[from] item: Leftovers
|upkeep
|turn|6
|
|move|p1a: Celebi|Aura Sphere|p2a: Corviknight
|-damage|p2a: Corviknight|70/100
|move|p2a: Corviknight|U-turn|p1a: Celebi
|-supereffective|p1a: Celebi
|-damage|p1a: Celebi|43/100
|
|switch|p2a: Volcarona|Volcarona, F|100/100|[from]move: U-turn
|
|-weather|Sandstorm|[upkeep]
|-damage|p1a: Celebi|37/100|[from] Sandstorm
|-damage|p2a: Volcarona|94/100|[from] Sandstorm
|-heal|p1a: Celebi|43/100|[from] item: Leftovers
|upkeep
|turn|7
|
|switch|p1a: Excadrill|Excadrill, M|100/100
|move|p2a: Volcarona|Quiver Dance|p2a: Volcarona
|-boost|p2a: Volcarona|spa|1
|-boost|p2a: Volcarona|spd|1
|-boost|p2a: Volcarona|spe|1
|
|-weather|Sandstorm|[upkeep]
|-damage|p2a: Volcarona|88/100|[from] Sandstorm
|upkeep
|turn|8
|
|switch|p2a: Krookodile|Krookodile, M|100/100
|-damage|p2a: Krookodile|94/100|[from] Stealth Rock
|-ability|p2a: Krookodile|Intimidate|boost
|-unboost|p1a: Excadrill|atk|1
|move|p1a: Excadrill|Earthquake|p2a: Krookodile
|-damage|p2a: Krookodile|35/100
|-damage|p1a: Excadrill|91/100|[from] item: Life Orb
|
|-weather|none
|upkeep
|turn|9
|
|switch|p1a: Tyranitar|Tyranitar, M|100/100 par
|-weather|Sandstorm|[from] ability: Sand Stream|[of] p1a: Tyranitar
|move|p2a: Krookodile|Stealth Rock|p1a: Tyranitar
|-sidestart|p1: winter lanterns|move: Stealth Rock
|
|-weather|Sandstorm|[upkeep]
|upkeep
|turn|10
|
|switch|p1a: Togekiss|Togekiss, F|100/100
|-damage|p1a: Togekiss|76/100|[from] Stealth Rock
|move|p2a: Krookodile|Knock Off|p1a: Togekiss
|-resisted|p1a: Togekiss
|-damage|p1a: Togekiss|59/100
|-enditem|p1a: Togekiss|Leftovers|[from] move: Knock Off|[of] p2a: Krookodile
|
|-weather|Sandstorm|[upkeep]
|-damage|p1a: Togekiss|53/100|[from] Sandstorm
|upkeep
|turn|11
|
|move|p2a: Krookodile|Taunt|p1a: Togekiss
|-start|p1a: Togekiss|move: Taunt
|move|p1a: Togekiss|Air Slash|p2a: Krookodile
|-damage|p2a: Krookodile|14/100
|
|-weather|Sandstorm|[upkeep]
|-damage|p1a: Togekiss|47/100|[from] Sandstorm
|upkeep
|turn|12
|
|switch|p2a: Corviknight|Corviknight, M|70/100
|-damage|p2a: Corviknight|58/100|[from] Stealth Rock
|-ability|p2a: Corviknight|Pressure
|move|p1a: Togekiss|Air Slash|p2a: Corviknight
|-resisted|p2a: Corviknight
|-damage|p2a: Corviknight|52/100
|
|-weather|Sandstorm|[upkeep]
|-damage|p1a: Togekiss|41/100|[from] Sandstorm
|-sideend|p2: x555|move: Light Screen
|upkeep
|turn|13
|
|move|p1a: Togekiss|Flamethrower|p2a: Corviknight
|-supereffective|p2a: Corviknight
|-damage|p2a: Corviknight|8/100
|move|p2a: Corviknight|Light Screen|p2a: Corviknight
|-sidestart|p2: x555|move: Light Screen
|
|-weather|Sandstorm|[upkeep]
|-damage|p1a: Togekiss|35/100|[from] Sandstorm
|-end|p1a: Togekiss|move: Taunt
|upkeep
|turn|14
|
|move|p1a: Togekiss|Flamethrower|p2a: Corviknight
|-supereffective|p2a: Corviknight
|-damage|p2a: Corviknight|0 fnt
|faint|p2a: Corviknight
|
|-weather|Sandstorm|[upkeep]
|-damage|p1a: Togekiss|29/100|[from] Sandstorm
|upkeep
|
|switch|p2a: Magearna|Magearna|100/100
|-damage|p2a: Magearna|94/100|[from] Stealth Rock
|turn|15
|
|switch|p1a: Excadrill|Excadrill, M|91/100
|-damage|p1a: Excadrill|87/100|[from] Stealth Rock
|move|p2a: Magearna|Shift Gear|p2a: Magearna
|-boost|p2a: Magearna|spe|2
|-boost|p2a: Magearna|atk|1
|
|-weather|Sandstorm|[upkeep]
|upkeep
|turn|16
|
|switch|p2a: Krookodile|Krookodile, M|14/100
|-damage|p2a: Krookodile|8/100|[from] Stealth Rock
|-ability|p2a: Krookodile|Intimidate|boost
|-unboost|p1a: Excadrill|atk|1
|move|p1a: Excadrill|Earthquake|p2a: Krookodile
|-damage|p2a: Krookodile|0 fnt
|-damage|p1a: Excadrill|78/100|[from] item: Life Orb
|faint|p2a: Krookodile
|
|-weather|none
|upkeep
|
|switch|p2a: Gyarados|Gyarados, F|100/100
|-damage|p2a: Gyarados|76/100|[from] Stealth Rock
|turn|17
|
|switch|p1a: Tyranitar|Tyranitar, M|100/100 par
|-damage|p1a: Tyranitar|88/100 par|[from] Stealth Rock
|-weather|Sandstorm|[from] ability: Sand Stream|[of] p1a: Tyranitar
|move|p2a: Gyarados|Dragon Dance|p2a: Gyarados
|-boost|p2a: Gyarados|atk|1
|-boost|p2a: Gyarados|spe|1
|
|-weather|Sandstorm|[upkeep]
|-damage|p2a: Gyarados|70/100|[from] Sandstorm
|upkeep
|turn|18
|
|move|p2a: Gyarados|Waterfall|p1a: Tyranitar
|-supereffective|p1a: Tyranitar
|-damage|p1a: Tyranitar|0 fnt
|faint|p1a: Tyranitar
|-ability|p2a: Gyarados|Moxie|boost
|-boost|p2a: Gyarados|atk|1
|
|-weather|Sandstorm|[upkeep]
|-damage|p2a: Gyarados|64/100|[from] Sandstorm
|upkeep
|
|switch|p1a: Excadrill|Excadrill, M|78/100
|-damage|p1a: Excadrill|74/100|[from] Stealth Rock
|turn|19
|
|move|p1a: Excadrill|Rock Slide|p2a: Gyarados
|-supereffective|p2a: Gyarados
|-damage|p2a: Gyarados|0 fnt
|-damage|p1a: Excadrill|64/100|[from] item: Life Orb
|faint|p2a: Gyarados
|
|-weather|Sandstorm|[upkeep]
|upkeep
|
|switch|p2a: Druddigon|Druddigon, M|82/100
|-damage|p2a: Druddigon|70/100|[from] Stealth Rock
|turn|20
|
|switch|p1a: Scizor|Scizor, M|100/100
|-damage|p1a: Scizor|88/100|[from] Stealth Rock
|move|p2a: Druddigon|Glare|p1a: Scizor
|-status|p1a: Scizor|par
|
|-weather|Sandstorm|[upkeep]
|-damage|p2a: Druddigon|64/100|[from] Sandstorm
|-sideend|p2: x555|move: Light Screen
|upkeep
|turn|21
|
|move|p1a: Scizor|Bullet Punch|p2a: Druddigon
|-damage|p2a: Druddigon|29/100
|-damage|p1a: Scizor|76/100 par|[from] ability: Rough Skin|[of] p2a: Druddigon
|-damage|p1a: Scizor|59/100 par|[from] item: Rocky Helmet|[of] p2a: Druddigon
|-damage|p1a: Scizor|49/100 par|[from] item: Life Orb
|move|p2a: Druddigon|Fire Punch|p1a: Scizor
|-supereffective|p1a: Scizor
|-damage|p1a: Scizor|0 fnt
|faint|p1a: Scizor
|
|-weather|Sandstorm|[upkeep]
|-damage|p2a: Druddigon|23/100|[from] Sandstorm
|upkeep
|
|switch|p1a: Excadrill|Excadrill, M|64/100
|-damage|p1a: Excadrill|61/100|[from] Stealth Rock
|turn|22
|
|move|p1a: Excadrill|Earthquake|p2a: Druddigon
|-damage|p2a: Druddigon|0 fnt
|-damage|p1a: Excadrill|51/100|[from] item: Life Orb
|faint|p2a: Druddigon
|
|-weather|Sandstorm|[upkeep]
|upkeep
|c|☆x555|gg
|c|☆winter lanterns|gg
|
|switch|p2a: Magearna|Magearna|94/100
|-damage|p2a: Magearna|88/100|[from] Stealth Rock
|turn|23
|
|switch|p2a: Volcarona|Volcarona, F|88/100
|move|p1a: Excadrill|Earthquake|p2a: Volcarona
|-damage|p2a: Volcarona|0 fnt
|-damage|p1a: Excadrill|41/100|[from] item: Life Orb
|faint|p2a: Volcarona
|
|-weather|Sandstorm|[upkeep]
|upkeep
|
|switch|p2a: Magearna|Magearna|88/100
|-damage|p2a: Magearna|82/100|[from] Stealth Rock
|turn|24
|
|move|p1a: Excadrill|Earthquake|p2a: Magearna
|-supereffective|p2a: Magearna
|-damage|p2a: Magearna|0 fnt
|-damage|p1a: Excadrill|32/100|[from] item: Life Orb
|faint|p2a: Magearna
|
|win|winter lanterns
