|j|☆PQPP214
|j|☆XTrafalgarX
|t:|1645606830
|gametype|singles
|player|p1|PQPP214|170|1458
|player|p2|XTrafalgarX|blaine|1431
|teamsize|p1|6
|teamsize|p2|6
|gen|8
|tier|[Gen 8] OU
|rated|
|rule|Sleep Clause Mod: Limit one foe put to sleep
|rule|Species Clause: Limit one of each Pokémon
|rule|OHKO Clause: OHKO moves are banned
|rule|Evasion Moves Clause: Evasion moves are banned
|rule|Endless Battle Clause: Forcing endless battles is banned
|rule|HP Percentage Mod: HP is shown in percentages
|rule|Dynamax Clause: You cannot dynamax
|clearpoke
|poke|p1|Landorus-Therian, M|
|poke|p1|Tornadus-Therian, M|
|poke|p1|Zeraora|
|poke|p1|Zapdos-Galar|
|poke|p1|Jirachi|
|poke|p1|Toxapex, F|
|poke|p2|Dragapult, M|
|poke|p2|Melmetal|
|poke|p2|Rillaboom, M|
|poke|p2|Slowking-Galar, M|
|poke|p2|Lycanroc-Dusk, M|
|poke|p2|Incineroar, M|
|teampreview
|inactive|Battle timer is ON: inactive players will automatically lose when time's up. (requested by PQPP214)
|
|t:|1645606841
|start
|switch|p1a: Landorus|Landorus-Therian, M, shiny|100/100
|switch|p2a: Lycanroc|Lycanroc-Dusk, M|100/100
|-ability|p1a: Landorus|Intimidate|boost
|-unboost|p2a: Lycanroc|atk|1
|turn|1
|
|t:|1645606861
|move|p2a: Lycanroc|Taunt|p1a: Landorus
|-start|p1a: Landorus|move: Taunt
|move|p1a: Landorus|Earthquake|p2a: Lycanroc
|-supereffective|p2a: Lycanroc
|-enditem|p2a: Lycanroc|Focus Sash
|-damage|p2a: Lycanroc|1/100
|
|upkeep
|turn|2
|
|t:|1645606872
|move|p2a: Lycanroc|Endeavor|p1a: Landorus
|-damage|p1a: Landorus|1/100
|move|p1a: Landorus|U-turn|p2a: Lycanroc
|-damage|p2a: Lycanroc|0 fnt
|faint|p2a: Lycanroc
|
|t:|1645606881
|switch|p1a: Tornadus|Tornadus-Therian, M, shiny|100/100|[from]move: U-turn
|
|upkeep
|
|t:|1645606897
|switch|p2a: Slowking|Slowking-Galar, M|100/100
|turn|3
|
|t:|1645606902
|move|p1a: Tornadus|U-turn|p2a: Slowking
|-damage|p2a: Slowking|86/100
|
|t:|1645606905
|switch|p1a: Jirachi|Jirachi, shiny|100/100|[from]move: U-turn
|move|p2a: Slowking|Sludge Wave|p1a: Jirachi
|-immune|p1a: Jirachi
|
|upkeep
|turn|4
|
|t:|1645606910
|move|p1a: Jirachi|Stealth Rock|p2a: Slowking
|-sidestart|p2: XTrafalgarX|move: Stealth Rock
|move|p2a: Slowking|Flamethrower|p1a: Jirachi
|-supereffective|p1a: Jirachi
|-damage|p1a: Jirachi|66/100
|
|-heal|p1a: Jirachi|72/100|[from] item: Leftovers
|upkeep
|turn|5
|
|t:|1645606917
|move|p1a: Jirachi|Iron Head|p2a: Slowking
|-damage|p2a: Slowking|57/100
|move|p2a: Slowking|Flamethrower|p1a: Jirachi
|-supereffective|p1a: Jirachi
|-damage|p1a: Jirachi|35/100
|-status|p1a: Jirachi|brn
|
|-heal|p1a: Jirachi|41/100 brn|[from] item: Leftovers
|-damage|p1a: Jirachi|35/100 brn|[from] brn
|upkeep
|turn|6
|
|t:|1645606927
|move|p1a: Jirachi|Iron Head|p2a: Slowking
|-damage|p2a: Slowking|44/100
|move|p2a: Slowking|Flamethrower|p1a: Jirachi
|-supereffective|p1a: Jirachi
|-damage|p1a: Jirachi|0 fnt
|faint|p1a: Jirachi
|
|upkeep
|
|t:|1645606933
|switch|p1a: Landorus|Landorus-Therian, M, shiny|1/100
|-ability|p1a: Landorus|Intimidate|boost
|-unboost|p2a: Slowking|atk|1
|turn|7
|
|t:|1645606938
|switch|p2a: Incineroar|Incineroar, M|100/100
|-ability|p2a: Incineroar|Intimidate|boost
|-unboost|p1a: Landorus|atk|1
|move|p1a: Landorus|U-turn|p2a: Incineroar
|-damage|p2a: Incineroar|89/100
|
|t:|1645606943
|switch|p1a: Zapdos|Zapdos-Galar|100/100|[from]move: U-turn
|
|upkeep
|turn|8
|
|t:|1645606948
|move|p1a: Zapdos|Close Combat|p2a: Incineroar
|-supereffective|p2a: Incineroar
|-damage|p2a: Incineroar|0 fnt
|-unboost|p1a: Zapdos|def|1
|-unboost|p1a: Zapdos|spd|1
|faint|p2a: Incineroar
|
|upkeep
|
|t:|1645606956
|switch|p2a: Dragapult|Dragapult, M, shiny|100/100
|-damage|p2a: Dragapult|88/100|[from] Stealth Rock
|turn|9
|
|t:|1645606960
|switch|p1a: Toxapex|Toxapex, F, shiny|100/100
|move|p2a: Dragapult|Dragon Darts|p1a: Toxapex
|-damage|p1a: Toxapex|80/100
|-anim|p2a: Dragapult|Dragon Darts|p1a: Toxapex
|-damage|p1a: Toxapex|62/100
|-damage|p2a: Dragapult|78/100|[from] item: Life Orb
|
|upkeep
|turn|10
|
|t:|1645606968
|move|p2a: Dragapult|Thunderbolt|p1a: Toxapex
|-supereffective|p1a: Toxapex
|-damage|p1a: Toxapex|18/100
|-status|p1a: Toxapex|par
|-damage|p2a: Dragapult|69/100|[from] item: Life Orb
|move|p1a: Toxapex|Knock Off|p2a: Dragapult
|-supereffective|p2a: Dragapult
|-damage|p2a: Dragapult|29/100
|-enditem|p2a: Dragapult|Life Orb|[from] move: Knock Off|[of] p1a: Toxapex
|
|upkeep
|turn|11
|
|t:|1645606985
|switch|p1a: Zeraora|Zeraora, shiny|100/100
|move|p2a: Dragapult|Dragon Darts|p1a: Zeraora
|-damage|p1a: Zeraora|68/100
|-anim|p2a: Dragapult|Dragon Darts|p1a: Zeraora
|-damage|p1a: Zeraora|36/100
|
|upkeep
|turn|12
|
|t:|1645606993
|move|p2a: Dragapult|Sucker Punch|p1a: Zeraora
|-damage|p1a: Zeraora|5/100
|move|p1a: Zeraora|Knock Off|p2a: Dragapult
|-supereffective|p2a: Dragapult
|-damage|p2a: Dragapult|0 fnt
|faint|p2a: Dragapult
|
|upkeep
|
|t:|1645607000
|switch|p2a: Rillaboom|Rillaboom, M|100/100
|-damage|p2a: Rillaboom|88/100|[from] Stealth Rock
|-fieldstart|move: Grassy Terrain|[from] ability: Grassy Surge|[of] p2a: Rillaboom
|turn|13
|
|t:|1645607014
|switch|p1a: Tornadus|Tornadus-Therian, M, shiny|100/100
|move|p2a: Rillaboom|Swords Dance|p2a: Rillaboom
|-boost|p2a: Rillaboom|atk|2
|
|-heal|p2a: Rillaboom|94/100|[from] Grassy Terrain
|upkeep
|turn|14
|
|t:|1645607021
|move|p2a: Rillaboom|Grassy Glide|p1a: Tornadus
|-resisted|p1a: Tornadus
|-damage|p1a: Tornadus|46/100
|move|p1a: Tornadus|Hurricane|p2a: Rillaboom
|-supereffective|p2a: Rillaboom
|-damage|p2a: Rillaboom|0 fnt
|faint|p2a: Rillaboom
|
|upkeep
|
|t:|1645607030
|switch|p2a: Slowking|Slowking-Galar, M|77/100
|-damage|p2a: Slowking|64/100|[from] Stealth Rock
|turn|15
|
|t:|1645607041
|move|p1a: Tornadus|Knock Off|p2a: Slowking
|-supereffective|p2a: Slowking
|-damage|p2a: Slowking|19/100
|-enditem|p2a: Slowking|Assault Vest|[from] move: Knock Off|[of] p1a: Tornadus
|move|p2a: Slowking|Psyshock|p1a: Tornadus
|-damage|p1a: Tornadus|2/100
|
|-heal|p2a: Slowking|25/100|[from] Grassy Terrain
|upkeep
|turn|16
|
|t:|1645607049
|switch|p2a: Melmetal|Melmetal|100/100
|-damage|p2a: Melmetal|94/100|[from] Stealth Rock
|move|p1a: Tornadus|Hurricane|p2a: Melmetal|[miss]
|-miss|p1a: Tornadus|p2a: Melmetal
|
|-heal|p2a: Melmetal|100/100|[from] Grassy Terrain
|upkeep
|turn|17
|
|t:|1645607059
|move|p1a: Tornadus|Heat Wave|p2a: Melmetal
|-supereffective|p2a: Melmetal
|-damage|p2a: Melmetal|48/100
|-status|p2a: Melmetal|brn
|move|p2a: Melmetal|Ice Punch|p1a: Tornadus
|-supereffective|p1a: Tornadus
|-damage|p1a: Tornadus|0 fnt
|faint|p1a: Tornadus
|-damage|p2a: Melmetal|38/100 brn|[from] item: Life Orb
|
|-heal|p2a: Melmetal|44/100 brn|[from] Grassy Terrain
|-damage|p2a: Melmetal|38/100 brn|[from] brn
|-fieldend|move: Grassy Terrain
|upkeep
|
|t:|1645607066
|switch|p1a: Landorus|Landorus-Therian, M, shiny|1/100
|-ability|p1a: Landorus|Intimidate|boost
|-unboost|p2a: Melmetal|atk|1
|turn|18
|c|☆XTrafalgarX|:)
|
|t:|1645607076
|move|p1a: Landorus|Earthquake|p2a: Melmetal
|-supereffective|p2a: Melmetal
|-damage|p2a: Melmetal|0 fnt
|faint|p2a: Melmetal
|
|-heal|p1a: Landorus|7/100|[from] item: Leftovers
|upkeep
|-message|XTrafalgarX forfeited.
|
|win|PQPP214
|raw|PQPP214's rating: 1458 &rarr; <strong>1476</strong><br />(+18 for winning)
|raw|XTrafalgarX's rating: 1431 &rarr; <strong>1413</strong><br />(-18 for losing)
|l|☆XTrafalgarX
