|j|☆Draco09876
|j|‽BruceUganda
|t:|1652374894
|gametype|singles
|player|p1|Draco09876|169|1827
|player|p2|BruceUganda|clair|1765
|teamsize|p1|6
|teamsize|p2|6
|gen|8
|tier|[Gen 8] OU
|rated|
|rule|Sleep Clause Mod: Limit one foe put to sleep
|rule|Species Clause: Limit one of each Pokémon
|rule|OHKO Clause: OHKO moves are banned
|rule|Evasion Moves Clause: Evasion moves are banned
|rule|Endless Battle Clause: Forcing endless battles is banned
|rule|HP Percentage Mod: HP is shown in percentages
|rule|Dynamax Clause: You cannot dynamax
|clearpoke
|poke|p1|Dragapult, F|
|poke|p1|Mandibuzz, F|
|poke|p1|Slowking-Galar, M|
|poke|p1|Ferrothorn, M|
|poke|p1|Urshifu-*, F|
|poke|p1|Swampert, F|
|poke|p2|Clefable, F|
|poke|p2|Rillaboom, M|
|poke|p2|Bewear, M|
|poke|p2|Gastrodon-East, M|
|poke|p2|Heatran, M|
|poke|p2|Tornadus-Therian, M|
|teampreview
|inactive|Battle timer is ON: inactive players will automatically lose when time's up. (requested by Draco09876)
|
|t:|1652374911
|start
|switch|p1a: Mandibuzz|Mandibuzz, F|100/100
|switch|p2a: Rillaboom|Rillaboom, M|100/100
|-fieldstart|move: Grassy Terrain|[from] ability: Grassy Surge|[of] p2a: Rillaboom
|turn|1
|
|t:|1652374916
|move|p2a: Rillaboom|U-turn|p1a: Mandibuzz
|-damage|p1a: Mandibuzz|79/100
|
|t:|1652374920
|switch|p2a: Tornadus|Tornadus-Therian, M|100/100|[from]move: U-turn
|move|p1a: Mandibuzz|Knock Off|p2a: Tornadus
|-damage|p2a: Tornadus|72/100
|-enditem|p2a: Tornadus|Heavy-Duty Boots|[from] move: Knock Off|[of] p1a: Mandibuzz
|
|upkeep
|turn|2
|
|t:|1652374928
|switch|p1a: Swampert|Swampert, F|100/100
|move|p2a: Tornadus|Hurricane|p1a: Swampert
|-damage|p1a: Swampert|68/100
|
|-heal|p1a: Swampert|75/100|[from] Grassy Terrain
|-heal|p1a: Swampert|81/100|[from] item: Leftovers
|upkeep
|turn|3
|
|t:|1652374937
|move|p2a: Tornadus|Hurricane|p1a: Swampert
|-damage|p1a: Swampert|49/100
|move|p1a: Swampert|Stealth Rock|p2a: Tornadus
|-sidestart|p2: BruceUganda|move: Stealth Rock
|
|-heal|p1a: Swampert|55/100|[from] Grassy Terrain
|-heal|p1a: Swampert|61/100|[from] item: Leftovers
|upkeep
|turn|4
|
|t:|1652374941
|move|p2a: Tornadus|Defog|p1a: Swampert
|-unboost|p1a: Swampert|evasion|1
|-sideend|p2: BruceUganda|Stealth Rock|[from] move: Defog|[of] p2a: Tornadus
|-fieldend|move: Grassy Terrain
|move|p1a: Swampert|Ice Beam|p2a: Tornadus
|-supereffective|p2a: Tornadus
|-damage|p2a: Tornadus|30/100
|
|-heal|p1a: Swampert|67/100|[from] item: Leftovers
|upkeep
|turn|5
|
|t:|1652374946
|move|p2a: Tornadus|U-turn|p1a: Swampert
|-damage|p1a: Swampert|54/100
|
|t:|1652374950
|switch|p2a: Gastrodon|Gastrodon-East, M|100/100|[from]move: U-turn
|move|p1a: Swampert|Stealth Rock|p2a: Gastrodon
|-sidestart|p2: BruceUganda|move: Stealth Rock
|
|-heal|p1a: Swampert|61/100|[from] item: Leftovers
|upkeep
|turn|6
|
|t:|1652374956
|switch|p1a: Slowking|Slowking-Galar, M|100/100
|move|p2a: Gastrodon|Toxic|p1a: Slowking|[miss]
|-miss|p2a: Gastrodon|p1a: Slowking
|
|upkeep
|turn|7
|
|t:|1652374958
|move|p2a: Gastrodon|Earth Power|p1a: Slowking
|-supereffective|p1a: Slowking
|-damage|p1a: Slowking|69/100
|move|p1a: Slowking|Future Sight|p2a: Gastrodon
|-start|p1a: Slowking|move: Future Sight
|
|upkeep
|turn|8
|
|t:|1652374968
|move|p2a: Gastrodon|Scald|p1a: Slowking
|-damage|p1a: Slowking|55/100
|move|p1a: Slowking|Ice Beam|p2a: Gastrodon
|-damage|p2a: Gastrodon|79/100
|
|-heal|p2a: Gastrodon|85/100|[from] item: Leftovers
|upkeep
|turn|9
|
|t:|1652374980
|switch|p1a: Mandibuzz|Mandibuzz, F|79/100
|move|p2a: Gastrodon|Earth Power|p1a: Mandibuzz
|-immune|p1a: Mandibuzz
|
|-end|p2a: Gastrodon|move: Future Sight
|-damage|p2a: Gastrodon|42/100
|-heal|p2a: Gastrodon|48/100|[from] item: Leftovers
|upkeep
|turn|10
|
|t:|1652374984
|move|p1a: Mandibuzz|Knock Off|p2a: Gastrodon
|-damage|p2a: Gastrodon|23/100
|-enditem|p2a: Gastrodon|Leftovers|[from] move: Knock Off|[of] p1a: Mandibuzz
|move|p2a: Gastrodon|Recover|p2a: Gastrodon
|-heal|p2a: Gastrodon|73/100
|
|upkeep
|turn|11
|
|t:|1652374990
|switch|p1a: Slowking|Slowking-Galar, M|88/100
|move|p2a: Gastrodon|Toxic|p1a: Slowking
|-immune|p1a: Slowking
|
|upkeep
|turn|12
|
|t:|1652374993
|move|p2a: Gastrodon|Earth Power|p1a: Slowking
|-supereffective|p1a: Slowking
|-damage|p1a: Slowking|54/100
|move|p1a: Slowking|Future Sight|p2a: Gastrodon
|-start|p1a: Slowking|move: Future Sight
|
|upkeep
|turn|13
|
|t:|1652374998
|move|p2a: Gastrodon|Earth Power|p1a: Slowking
|-supereffective|p1a: Slowking
|-damage|p1a: Slowking|21/100
|move|p1a: Slowking|Ice Beam|p2a: Gastrodon
|-damage|p2a: Gastrodon|49/100
|
|upkeep
|turn|14
|
|t:|1652375002
|switch|p1a: Urshifu|Urshifu-Rapid-Strike, F|100/100
|move|p2a: Gastrodon|Recover|p2a: Gastrodon
|-heal|p2a: Gastrodon|99/100
|
|-end|p2a: Gastrodon|move: Future Sight
|-damage|p2a: Gastrodon|58/100
|upkeep
|turn|15
|
|t:|1652375008
|switch|p2a: Clefable|Clefable, F|100/100
|move|p1a: Urshifu|Close Combat|p2a: Clefable
|-resisted|p2a: Clefable
|-damage|p2a: Clefable|68/100
|-unboost|p1a: Urshifu|def|1
|-unboost|p1a: Urshifu|spd|1
|
|upkeep
|turn|16
|
|t:|1652375011
|switch|p1a: Slowking|Slowking-Galar, M|54/100
|move|p2a: Clefable|Soft-Boiled|p2a: Clefable
|-heal|p2a: Clefable|100/100
|
|upkeep
|turn|17
|
|t:|1652375014
|switch|p2a: Heatran|Heatran, M|100/100
|-damage|p2a: Heatran|88/100|[from] Stealth Rock
|move|p1a: Slowking|Future Sight|p2a: Heatran
|-start|p1a: Slowking|move: Future Sight
|
|-heal|p2a: Heatran|94/100|[from] item: Leftovers
|upkeep
|turn|18
|
|t:|1652375016
|switch|p1a: Urshifu|Urshifu-Rapid-Strike, F|100/100
|move|p2a: Heatran|Stealth Rock|p1a: Urshifu
|-sidestart|p1: Draco09876|move: Stealth Rock
|
|-heal|p2a: Heatran|100/100|[from] item: Leftovers
|upkeep
|turn|19
|
|t:|1652375021
|switch|p2a: Clefable|Clefable, F|100/100
|move|p1a: Urshifu|Close Combat|p2a: Clefable
|-resisted|p2a: Clefable
|-damage|p2a: Clefable|68/100
|-unboost|p1a: Urshifu|def|1
|-unboost|p1a: Urshifu|spd|1
|
|-end|p2a: Clefable|move: Future Sight
|-damage|p2a: Clefable|9/100
|upkeep
|turn|20
|
|t:|1652375025
|switch|p2a: Gastrodon|Gastrodon-East, M|58/100
|-damage|p2a: Gastrodon|52/100|[from] Stealth Rock
|move|p1a: Urshifu|Close Combat|p2a: Gastrodon
|-damage|p2a: Gastrodon|0 fnt
|-unboost|p1a: Urshifu|def|1
|-unboost|p1a: Urshifu|spd|1
|faint|p2a: Gastrodon
|
|upkeep
|
|t:|1652375036
|switch|p2a: Rillaboom|Rillaboom, M|100/100
|-damage|p2a: Rillaboom|88/100|[from] Stealth Rock
|-fieldstart|move: Grassy Terrain|[from] ability: Grassy Surge|[of] p2a: Rillaboom
|turn|21
|
|t:|1652375039
|switch|p1a: Mandibuzz|Mandibuzz, F|79/100
|move|p2a: Rillaboom|U-turn|p1a: Mandibuzz
|-damage|p1a: Mandibuzz|58/100
|
|t:|1652375045
|switch|p2a: Clefable|Clefable, F|9/100|[from]move: U-turn
|
|-heal|p2a: Clefable|15/100|[from] Grassy Terrain
|upkeep
|turn|22
|
|t:|1652375049
|move|p1a: Mandibuzz|Knock Off|p2a: Clefable
|-resisted|p2a: Clefable
|-damage|p2a: Clefable|6/100
|-enditem|p2a: Clefable|Life Orb|[from] move: Knock Off|[of] p1a: Mandibuzz
|move|p2a: Clefable|Soft-Boiled|p2a: Clefable
|-heal|p2a: Clefable|56/100
|
|-heal|p2a: Clefable|62/100|[from] Grassy Terrain
|upkeep
|turn|23
|
|t:|1652375054
|switch|p1a: Slowking|Slowking-Galar, M|87/100
|-damage|p1a: Slowking|75/100|[from] Stealth Rock
|move|p2a: Clefable|Soft-Boiled|p2a: Clefable
|-heal|p2a: Clefable|100/100
|
|-heal|p1a: Slowking|81/100|[from] Grassy Terrain
|upkeep
|turn|24
|
|t:|1652375065
|switch|p2a: Rillaboom|Rillaboom, M|88/100
|-damage|p2a: Rillaboom|76/100|[from] Stealth Rock
|move|p1a: Slowking|Future Sight|p2a: Rillaboom
|-start|p1a: Slowking|move: Future Sight
|
|-heal|p2a: Rillaboom|82/100|[from] Grassy Terrain
|-heal|p1a: Slowking|87/100|[from] Grassy Terrain
|upkeep
|turn|25
|
|t:|1652375070
|switch|p1a: Ferrothorn|Ferrothorn, M|100/100
|-damage|p1a: Ferrothorn|94/100|[from] Stealth Rock
|move|p2a: Rillaboom|U-turn|p1a: Ferrothorn
|-damage|p1a: Ferrothorn|71/100
|-damage|p2a: Rillaboom|70/100|[from] ability: Iron Barbs|[of] p1a: Ferrothorn
|
|t:|1652375074
|switch|p2a: Heatran|Heatran, M|100/100|[from]move: U-turn
|-damage|p2a: Heatran|88/100|[from] Stealth Rock
|
|-heal|p2a: Heatran|94/100|[from] Grassy Terrain
|-heal|p2a: Heatran|100/100|[from] item: Leftovers
|-heal|p1a: Ferrothorn|77/100|[from] Grassy Terrain
|-heal|p1a: Ferrothorn|83/100|[from] item: Leftovers
|-fieldend|move: Grassy Terrain
|upkeep
|turn|26
|
|t:|1652375080
|switch|p2a: Tornadus|Tornadus-Therian, M|63/100
|-damage|p2a: Tornadus|38/100|[from] Stealth Rock
|switch|p1a: Urshifu|Urshifu-Rapid-Strike, F|100/100
|-damage|p1a: Urshifu|94/100|[from] Stealth Rock
|
|-end|p2a: Tornadus|move: Future Sight
|-damage|p2a: Tornadus|0 fnt
|faint|p2a: Tornadus
|upkeep
|
|t:|1652375084
|switch|p2a: Rillaboom|Rillaboom, M|70/100
|-damage|p2a: Rillaboom|57/100|[from] Stealth Rock
|-fieldstart|move: Grassy Terrain|[from] ability: Grassy Surge|[of] p2a: Rillaboom
|turn|27
|
|t:|1652375088
|switch|p1a: Ferrothorn|Ferrothorn, M|83/100
|-damage|p1a: Ferrothorn|77/100|[from] Stealth Rock
|move|p2a: Rillaboom|Superpower|p1a: Ferrothorn
|-supereffective|p1a: Ferrothorn
|-damage|p1a: Ferrothorn|0 fnt
|-unboost|p2a: Rillaboom|atk|1
|-unboost|p2a: Rillaboom|def|1
|-damage|p2a: Rillaboom|45/100|[from] ability: Iron Barbs|[of] p1a: Ferrothorn
|faint|p1a: Ferrothorn
|
|-heal|p2a: Rillaboom|51/100|[from] Grassy Terrain
|upkeep
|
|t:|1652375092
|switch|p1a: Urshifu|Urshifu-Rapid-Strike, F|94/100
|-damage|p1a: Urshifu|88/100|[from] Stealth Rock
|turn|28
|
|t:|1652375098
|switch|p2a: Bewear|Bewear, M|100/100
|-damage|p2a: Bewear|94/100|[from] Stealth Rock
|move|p1a: Urshifu|Surging Strikes|p2a: Bewear
|-crit|p2a: Bewear
|-damage|p2a: Bewear|82/100
|-crit|p2a: Bewear
|-damage|p2a: Bewear|71/100
|-crit|p2a: Bewear
|-damage|p2a: Bewear|61/100
|-hitcount|p2a: Bewear|3
|
|-heal|p1a: Urshifu|94/100|[from] Grassy Terrain
|-heal|p2a: Bewear|67/100|[from] Grassy Terrain
|-heal|p2a: Bewear|73/100|[from] item: Leftovers
|upkeep
|turn|29
|j| baibaiats
|
|t:|1652375110
|switch|p1a: Dragapult|Dragapult, F|100/100
|-damage|p1a: Dragapult|88/100|[from] Stealth Rock
|move|p2a: Bewear|Substitute|p2a: Bewear
|-start|p2a: Bewear|Substitute
|-damage|p2a: Bewear|48/100
|
|-heal|p1a: Dragapult|94/100|[from] Grassy Terrain
|-heal|p2a: Bewear|54/100|[from] Grassy Terrain
|-heal|p2a: Bewear|60/100|[from] item: Leftovers
|upkeep
|turn|30
|
|t:|1652375117
|switch|p2a: Clefable|Clefable, F|100/100
|move|p1a: Dragapult|Draco Meteor|p2a: Clefable
|-immune|p2a: Clefable
|
|-heal|p1a: Dragapult|99/100|[from] Grassy Terrain
|upkeep
|turn|31
|
|t:|1652375123
|switch|p1a: Slowking|Slowking-Galar, M|100/100
|-damage|p1a: Slowking|88/100|[from] Stealth Rock
|switch|p2a: Heatran|Heatran, M|100/100
|-damage|p2a: Heatran|88/100|[from] Stealth Rock
|
|-heal|p2a: Heatran|94/100|[from] Grassy Terrain
|-heal|p2a: Heatran|100/100|[from] item: Leftovers
|-heal|p1a: Slowking|94/100|[from] Grassy Terrain
|-fieldend|move: Grassy Terrain
|upkeep
|turn|32
|
|t:|1652375129
|switch|p1a: Swampert|Swampert, F|61/100
|-damage|p1a: Swampert|54/100|[from] Stealth Rock
|move|p2a: Heatran|Magma Storm|p1a: Swampert
|-resisted|p1a: Swampert
|-damage|p1a: Swampert|41/100
|-activate|p1a: Swampert|move: Magma Storm|[of] p2a: Heatran
|
|-heal|p1a: Swampert|47/100|[from] item: Leftovers
|-damage|p1a: Swampert|35/100|[from] move: Magma Storm|[partiallytrapped]
|upkeep
|turn|33
|
|t:|1652375138
|switch|p2a: Rillaboom|Rillaboom, M|51/100
|-damage|p2a: Rillaboom|39/100|[from] Stealth Rock
|-fieldstart|move: Grassy Terrain|[from] ability: Grassy Surge|[of] p2a: Rillaboom
|move|p1a: Swampert|Flip Turn|p2a: Rillaboom
|-resisted|p2a: Rillaboom
|-damage|p2a: Rillaboom|27/100
|
|t:|1652375146
|switch|p1a: Dragapult|Dragapult, F|99/100|[from]move: Flip Turn
|-damage|p1a: Dragapult|88/100|[from] Stealth Rock
|
|-heal|p1a: Dragapult|94/100|[from] Grassy Terrain
|-heal|p2a: Rillaboom|33/100|[from] Grassy Terrain
|upkeep
|turn|34
|
|t:|1652375158
|switch|p2a: Bewear|Bewear, M|60/100
|-damage|p2a: Bewear|54/100|[from] Stealth Rock
|move|p1a: Dragapult|U-turn|p2a: Bewear
|-resisted|p2a: Bewear
|-damage|p2a: Bewear|51/100
|
|t:|1652375161
|switch|p1a: Urshifu|Urshifu-Rapid-Strike, F|94/100|[from]move: U-turn
|-damage|p1a: Urshifu|88/100|[from] Stealth Rock
|
|-heal|p1a: Urshifu|94/100|[from] Grassy Terrain
|-heal|p2a: Bewear|57/100|[from] Grassy Terrain
|-heal|p2a: Bewear|63/100|[from] item: Leftovers
|upkeep
|turn|35
|
|t:|1652375174
|switch|p2a: Clefable|Clefable, F|100/100
|move|p1a: Urshifu|U-turn|p2a: Clefable
|-resisted|p2a: Clefable
|-damage|p2a: Clefable|87/100
|
|t:|1652375181
|switch|p1a: Slowking|Slowking-Galar, M|100/100|[from]move: U-turn
|-damage|p1a: Slowking|88/100|[from] Stealth Rock
|
|-heal|p2a: Clefable|93/100|[from] Grassy Terrain
|-heal|p1a: Slowking|94/100|[from] Grassy Terrain
|upkeep
|turn|36
|
|t:|1652375184
|switch|p2a: Heatran|Heatran, M|100/100
|-damage|p2a: Heatran|88/100|[from] Stealth Rock
|move|p1a: Slowking|Future Sight|p2a: Heatran
|-start|p1a: Slowking|move: Future Sight
|
|-heal|p2a: Heatran|94/100|[from] Grassy Terrain
|-heal|p2a: Heatran|100/100|[from] item: Leftovers
|-heal|p1a: Slowking|99/100|[from] Grassy Terrain
|upkeep
|turn|37
|
|t:|1652375187
|switch|p1a: Urshifu|Urshifu-Rapid-Strike, F|94/100
|-damage|p1a: Urshifu|88/100|[from] Stealth Rock
|move|p2a: Heatran|Magma Storm|p1a: Urshifu|[miss]
|-miss|p2a: Heatran|p1a: Urshifu
|
|-heal|p1a: Urshifu|94/100|[from] Grassy Terrain
|-fieldend|move: Grassy Terrain
|upkeep
|turn|38
|
|t:|1652375194
|move|p1a: Urshifu|Surging Strikes|p2a: Heatran
|-supereffective|p2a: Heatran
|-crit|p2a: Heatran
|-damage|p2a: Heatran|49/100
|-supereffective|p2a: Heatran
|-crit|p2a: Heatran
|-damage|p2a: Heatran|0 fnt
|faint|p2a: Heatran
|-hitcount|p2: Heatran|2
|
|-hint|Future Sight did not hit because the target is fainted.
|upkeep
|
|t:|1652375200
|switch|p2a: Rillaboom|Rillaboom, M|33/100
|-damage|p2a: Rillaboom|20/100|[from] Stealth Rock
|-fieldstart|move: Grassy Terrain|[from] ability: Grassy Surge|[of] p2a: Rillaboom
|turn|39
|
|t:|1652375204
|switch|p1a: Mandibuzz|Mandibuzz, F|58/100
|move|p2a: Rillaboom|Grassy Glide|p1a: Mandibuzz
|-resisted|p1a: Mandibuzz
|-damage|p1a: Mandibuzz|38/100
|
|-heal|p2a: Rillaboom|27/100|[from] Grassy Terrain
|upkeep
|turn|40
|
|t:|1652375211
|switch|p2a: Bewear|Bewear, M|63/100
|-damage|p2a: Bewear|57/100|[from] Stealth Rock
|move|p1a: Mandibuzz|Roost|p1a: Mandibuzz
|-heal|p1a: Mandibuzz|88/100
|-singleturn|p1a: Mandibuzz|move: Roost
|
|-heal|p1a: Mandibuzz|94/100|[from] Grassy Terrain
|-heal|p2a: Bewear|63/100|[from] Grassy Terrain
|-heal|p2a: Bewear|69/100|[from] item: Leftovers
|upkeep
|turn|41
|
|t:|1652375217
|switch|p1a: Dragapult|Dragapult, F|94/100
|-damage|p1a: Dragapult|82/100|[from] Stealth Rock
|switch|p2a: Clefable|Clefable, F|93/100
|
|-heal|p1a: Dragapult|88/100|[from] Grassy Terrain
|-heal|p2a: Clefable|99/100|[from] Grassy Terrain
|upkeep
|turn|42
|
|t:|1652375222
|move|p1a: Dragapult|U-turn|p2a: Clefable
|-resisted|p2a: Clefable
|-damage|p2a: Clefable|92/100
|
|t:|1652375224
|switch|p1a: Slowking|Slowking-Galar, M|100/100|[from]move: U-turn
|-damage|p1a: Slowking|88/100|[from] Stealth Rock
|move|p2a: Clefable|Calm Mind|p2a: Clefable
|-boost|p2a: Clefable|spa|1
|-boost|p2a: Clefable|spd|1
|
|-heal|p2a: Clefable|98/100|[from] Grassy Terrain
|-heal|p1a: Slowking|94/100|[from] Grassy Terrain
|upkeep
|turn|43
|
|t:|1652375225
|move|p2a: Clefable|Calm Mind|p2a: Clefable
|-boost|p2a: Clefable|spa|1
|-boost|p2a: Clefable|spd|1
|move|p1a: Slowking|Sludge Bomb|p2a: Clefable
|-supereffective|p2a: Clefable
|-damage|p2a: Clefable|53/100
|-status|p2a: Clefable|psn
|
|-heal|p2a: Clefable|59/100 psn|[from] Grassy Terrain
|-heal|p1a: Slowking|99/100|[from] Grassy Terrain
|-fieldend|move: Grassy Terrain
|upkeep
|turn|44
|
|t:|1652375234
|move|p2a: Clefable|Calm Mind|p2a: Clefable
|-boost|p2a: Clefable|spa|1
|-boost|p2a: Clefable|spd|1
|move|p1a: Slowking|Sludge Bomb|p2a: Clefable
|-supereffective|p2a: Clefable
|-damage|p2a: Clefable|27/100 psn
|
|upkeep
|turn|45
|
|t:|1652375239
|move|p2a: Clefable|Soft-Boiled|p2a: Clefable
|-heal|p2a: Clefable|77/100 psn
|move|p1a: Slowking|Sludge Bomb|p2a: Clefable
|-supereffective|p2a: Clefable
|-damage|p2a: Clefable|43/100 psn
|
|upkeep
|turn|46
|c|☆Draco09876|dont wait for the crit
|
|t:|1652375247
|move|p2a: Clefable|Soft-Boiled|p2a: Clefable
|-heal|p2a: Clefable|93/100 psn
|move|p1a: Slowking|Sludge Bomb|p2a: Clefable
|-supereffective|p2a: Clefable
|-damage|p2a: Clefable|61/100 psn
|
|upkeep
|turn|47
|
|t:|1652375251
|move|p2a: Clefable|Soft-Boiled|p2a: Clefable
|-heal|p2a: Clefable|100/100 psn
|move|p1a: Slowking|Sludge Bomb|p2a: Clefable
|-supereffective|p2a: Clefable
|-damage|p2a: Clefable|65/100 psn
|
|upkeep
|turn|48
|
|t:|1652375253
|move|p2a: Clefable|Calm Mind|p2a: Clefable
|-boost|p2a: Clefable|spa|1
|-boost|p2a: Clefable|spd|1
|move|p1a: Slowking|Sludge Bomb|p2a: Clefable
|-supereffective|p2a: Clefable
|-damage|p2a: Clefable|35/100 psn
|
|upkeep
|turn|49
|
|t:|1652375258
|move|p2a: Clefable|Soft-Boiled|p2a: Clefable
|-heal|p2a: Clefable|85/100 psn
|move|p1a: Slowking|Sludge Bomb|p2a: Clefable
|-supereffective|p2a: Clefable
|-damage|p2a: Clefable|56/100 psn
|
|upkeep
|turn|50
|
|t:|1652375261
|move|p2a: Clefable|Soft-Boiled|p2a: Clefable
|-heal|p2a: Clefable|100/100 psn
|move|p1a: Slowking|Sludge Bomb|p2a: Clefable
|-supereffective|p2a: Clefable
|-damage|p2a: Clefable|70/100 psn
|
|upkeep
|turn|51
|
|t:|1652375263
|move|p2a: Clefable|Calm Mind|p2a: Clefable
|-boost|p2a: Clefable|spa|1
|-boost|p2a: Clefable|spd|1
|move|p1a: Slowking|Sludge Bomb|p2a: Clefable
|-supereffective|p2a: Clefable
|-damage|p2a: Clefable|43/100 psn
|
|upkeep
|turn|52
|
|t:|1652375267
|move|p2a: Clefable|Soft-Boiled|p2a: Clefable
|-heal|p2a: Clefable|93/100 psn
|move|p1a: Slowking|Sludge Bomb|p2a: Clefable
|-supereffective|p2a: Clefable
|-damage|p2a: Clefable|67/100 psn
|
|upkeep
|turn|53
|
|t:|1652375273
|move|p2a: Clefable|Calm Mind|p2a: Clefable
|-boost|p2a: Clefable|spa|1
|-boost|p2a: Clefable|spd|1
|move|p1a: Slowking|Sludge Bomb|p2a: Clefable
|-supereffective|p2a: Clefable
|-damage|p2a: Clefable|46/100 psn
|
|upkeep
|turn|54
|
|t:|1652375275
|move|p2a: Clefable|Soft-Boiled|p2a: Clefable
|-heal|p2a: Clefable|96/100 psn
|move|p1a: Slowking|Sludge Bomb|p2a: Clefable
|-supereffective|p2a: Clefable
|-damage|p2a: Clefable|75/100 psn
|
|upkeep
|turn|55
|
|t:|1652375278
|move|p2a: Clefable|Moonblast|p1a: Slowking
|-resisted|p1a: Slowking
|-damage|p1a: Slowking|70/100
|move|p1a: Slowking|Sludge Bomb|p2a: Clefable
|-supereffective|p2a: Clefable
|-damage|p2a: Clefable|52/100 psn
|
|upkeep
|turn|56
|
|t:|1652375281
|move|p2a: Clefable|Moonblast|p1a: Slowking
|-resisted|p1a: Slowking
|-damage|p1a: Slowking|37/100
|move|p1a: Slowking|Sludge Bomb|p2a: Clefable
|-supereffective|p2a: Clefable
|-damage|p2a: Clefable|28/100 psn
|
|upkeep
|turn|57
|
|t:|1652375287
|move|p2a: Clefable|Soft-Boiled|p2a: Clefable
|-heal|p2a: Clefable|78/100 psn
|move|p1a: Slowking|Sludge Bomb|p2a: Clefable
|-supereffective|p2a: Clefable
|-damage|p2a: Clefable|57/100 psn
|
|upkeep
|turn|58
|j| rearer
|
|t:|1652375292
|move|p2a: Clefable|Soft-Boiled|p2a: Clefable
|-heal|p2a: Clefable|100/100 psn
|move|p1a: Slowking|Sludge Bomb|p2a: Clefable
|-supereffective|p2a: Clefable
|-damage|p2a: Clefable|79/100 psn
|
|upkeep
|turn|59
|j| Kwaga
|
|t:|1652375308
|move|p2a: Clefable|Moonblast|p1a: Slowking
|-resisted|p1a: Slowking
|-damage|p1a: Slowking|1/100
|move|p1a: Slowking|Ice Beam|p2a: Clefable
|-damage|p2a: Clefable|72/100 psn
|
|upkeep
|turn|60
|
|t:|1652375320
|move|p2a: Clefable|Soft-Boiled|p2a: Clefable
|-heal|p2a: Clefable|100/100 psn
|move|p1a: Slowking|Future Sight|p2a: Clefable
|-start|p1a: Slowking|move: Future Sight
|
|upkeep
|turn|61
|
|t:|1652375324
|move|p2a: Clefable|Moonblast|p1a: Slowking
|-resisted|p1a: Slowking
|-damage|p1a: Slowking|0 fnt
|faint|p1a: Slowking
|
|upkeep
|
|t:|1652375334
|switch|p1a: Dragapult|Dragapult, F|88/100
|-damage|p1a: Dragapult|75/100|[from] Stealth Rock
|turn|62
|l| Kwaga
|
|t:|1652375338
|move|p1a: Dragapult|Shadow Ball|p2a: Clefable
|-damage|p2a: Clefable|88/100 psn
|move|p2a: Clefable|Moonblast|p1a: Dragapult
|-supereffective|p1a: Dragapult
|-damage|p1a: Dragapult|0 fnt
|faint|p1a: Dragapult
|
|-end|p2a: Clefable|move: Future Sight
|-crit|p2a: Clefable
|-damage|p2a: Clefable|0 fnt
|faint|p2a: Clefable
|upkeep
|c|☆Draco09876|oof
|c|☆Draco09876|there it is
|
|t:|1652375354
|switch|p1a: Urshifu|Urshifu-Rapid-Strike, F|94/100
|switch|p2a: Rillaboom|Rillaboom, M|27/100
|-damage|p1a: Urshifu|88/100|[from] Stealth Rock
|-damage|p2a: Rillaboom|14/100|[from] Stealth Rock
|-fieldstart|move: Grassy Terrain|[from] ability: Grassy Surge|[of] p2a: Rillaboom
|turn|63
|
|t:|1652375360
|switch|p1a: Mandibuzz|Mandibuzz, F|94/100
|move|p2a: Rillaboom|Grassy Glide|p1a: Mandibuzz
|-resisted|p1a: Mandibuzz
|-damage|p1a: Mandibuzz|74/100
|
|-heal|p2a: Rillaboom|20/100|[from] Grassy Terrain
|upkeep
|turn|64
|
|t:|1652375363
|switch|p2a: Bewear|Bewear, M|69/100
|-damage|p2a: Bewear|63/100|[from] Stealth Rock
|move|p1a: Mandibuzz|Knock Off|p2a: Bewear
|-resisted|p2a: Bewear
|-damage|p2a: Bewear|59/100
|-enditem|p2a: Bewear|Leftovers|[from] move: Knock Off|[of] p1a: Mandibuzz
|
|-heal|p2a: Bewear|65/100|[from] Grassy Terrain
|upkeep
|turn|65
|
|t:|1652375368
|switch|p1a: Urshifu|Urshifu-Rapid-Strike, F|88/100
|-damage|p1a: Urshifu|82/100|[from] Stealth Rock
|move|p2a: Bewear|Substitute|p2a: Bewear
|-start|p2a: Bewear|Substitute
|-damage|p2a: Bewear|40/100
|
|-heal|p1a: Urshifu|88/100|[from] Grassy Terrain
|-heal|p2a: Bewear|46/100|[from] Grassy Terrain
|upkeep
|turn|66
|
|t:|1652375373
|move|p1a: Urshifu|U-turn|p2a: Bewear
|-resisted|p2a: Bewear
|-activate|p2a: Bewear|move: Substitute|[damage]
|
|t:|1652375375
|switch|p1a: Swampert|Swampert, F|35/100|[from]move: U-turn
|-damage|p1a: Swampert|29/100|[from] Stealth Rock
|move|p2a: Bewear|Drain Punch|p1a: Swampert
|-damage|p1a: Swampert|0 fnt
|-heal|p2a: Bewear|59/100|[from] drain|[of] p1a: Swampert
|faint|p1a: Swampert
|
|-heal|p2a: Bewear|65/100|[from] Grassy Terrain
|upkeep
|
|t:|1652375379
|switch|p1a: Mandibuzz|Mandibuzz, F|74/100
|turn|67
|
|t:|1652375381
|move|p2a: Bewear|Bulk Up|p2a: Bewear
|-boost|p2a: Bewear|atk|1
|-boost|p2a: Bewear|def|1
|move|p1a: Mandibuzz|Whirlwind|p2a: Bewear
|drag|p2a: Rillaboom|Rillaboom, M|20/100
|-damage|p2a: Rillaboom|8/100|[from] Stealth Rock
|
|-heal|p2a: Rillaboom|14/100|[from] Grassy Terrain
|-fieldend|move: Grassy Terrain
|upkeep
|turn|68
|
|t:|1652375390
|move|p2a: Rillaboom|Wood Hammer|p1a: Mandibuzz
|-resisted|p1a: Mandibuzz
|-damage|p1a: Mandibuzz|46/100
|-damage|p2a: Rillaboom|3/100|[from] Recoil
|move|p1a: Mandibuzz|Knock Off|p2a: Rillaboom
|-damage|p2a: Rillaboom|0 fnt
|-enditem|p2a: Rillaboom|Choice Band|[from] move: Knock Off|[of] p1a: Mandibuzz
|faint|p2a: Rillaboom
|
|upkeep
|
|t:|1652375393
|switch|p2a: Bewear|Bewear, M|65/100
|-damage|p2a: Bewear|59/100|[from] Stealth Rock
|turn|69
|
|t:|1652375398
|switch|p1a: Urshifu|Urshifu-Rapid-Strike, F|88/100
|-damage|p1a: Urshifu|82/100|[from] Stealth Rock
|move|p2a: Bewear|Substitute|p2a: Bewear
|-start|p2a: Bewear|Substitute
|-damage|p2a: Bewear|34/100
|
|upkeep
|turn|70
|
|t:|1652375400
|move|p1a: Urshifu|Surging Strikes|p2a: Bewear
|-crit|p2a: Bewear
|-activate|p2a: Bewear|move: Substitute|[damage]
|-crit|p2a: Bewear
|-activate|p2a: Bewear|move: Substitute|[damage]
|-crit|p2a: Bewear
|-end|p2a: Bewear|Substitute
|-hitcount|p2a: Bewear|3
|move|p2a: Bewear|Drain Punch|p1a: Urshifu
|-damage|p1a: Urshifu|46/100
|-heal|p2a: Bewear|48/100|[from] drain|[of] p1a: Urshifu
|
|upkeep
|turn|71
|
|t:|1652375412
|move|p1a: Urshifu|Surging Strikes|p2a: Bewear
|-crit|p2a: Bewear
|-damage|p2a: Bewear|36/100
|-crit|p2a: Bewear
|-damage|p2a: Bewear|25/100
|-crit|p2a: Bewear
|-damage|p2a: Bewear|14/100
|-hitcount|p2a: Bewear|3
|move|p2a: Bewear|Drain Punch|p1a: Urshifu
|-damage|p1a: Urshifu|9/100
|-heal|p2a: Bewear|28/100|[from] drain|[of] p1a: Urshifu
|
|upkeep
|turn|72
|
|t:|1652375417
|switch|p1a: Mandibuzz|Mandibuzz, F|46/100
|move|p2a: Bewear|Drain Punch|p1a: Mandibuzz
|-damage|p1a: Mandibuzz|27/100
|-heal|p2a: Bewear|38/100|[from] drain|[of] p1a: Mandibuzz
|
|upkeep
|turn|73
|
|t:|1652375426
|move|p1a: Mandibuzz|Defog|p2a: Bewear
|-unboost|p2a: Bewear|evasion|1
|-sideend|p2: BruceUganda|Stealth Rock|[from] move: Defog|[of] p1a: Mandibuzz
|-sideend|p1: Draco09876|Stealth Rock|[from] move: Defog|[of] p1a: Mandibuzz
|move|p2a: Bewear|Substitute|p2a: Bewear
|-start|p2a: Bewear|Substitute
|-damage|p2a: Bewear|13/100
|
|upkeep
|turn|74
|
|t:|1652375433
|move|p1a: Mandibuzz|Knock Off|p2a: Bewear
|-resisted|p2a: Bewear
|-activate|p2a: Bewear|move: Substitute|[damage]
|move|p2a: Bewear|Bulk Up|p2a: Bewear
|-boost|p2a: Bewear|atk|1
|-boost|p2a: Bewear|def|1
|
|upkeep
|turn|75
|
|t:|1652375443
|move|p1a: Mandibuzz|Knock Off|p2a: Bewear
|-resisted|p2a: Bewear
|-activate|p2a: Bewear|move: Substitute|[damage]
|move|p2a: Bewear|Drain Punch|p1a: Mandibuzz
|-damage|p1a: Mandibuzz|0 fnt
|-heal|p2a: Bewear|25/100|[from] drain|[of] p1a: Mandibuzz
|faint|p1a: Mandibuzz
|
|upkeep
|
|t:|1652375445
|switch|p1a: Urshifu|Urshifu-Rapid-Strike, F|9/100
|turn|76
|
|t:|1652375448
|move|p1a: Urshifu|Surging Strikes|p2a: Bewear
|-crit|p2a: Bewear
|-activate|p2a: Bewear|move: Substitute|[damage]
|-crit|p2a: Bewear
|-end|p2a: Bewear|Substitute
|-crit|p2a: Bewear
|-damage|p2a: Bewear|15/100
|-hitcount|p2a: Bewear|3
|move|p2a: Bewear|Drain Punch|p1a: Urshifu
|-damage|p1a: Urshifu|0 fnt
|-heal|p2a: Bewear|18/100|[from] drain|[of] p1a: Urshifu
|faint|p1a: Urshifu
|
|win|BruceUganda
|raw|Draco09876's rating: 1827 &rarr; <strong>1803</strong><br />(-24 for losing)
|raw|BruceUganda's rating: 1765 &rarr; <strong>1789</strong><br />(+24 for winning)
|l|☆Draco09876
|l| rearer
||Ladder isn't responding, score probably updated but might not have (Request timeout).
|l|‽BruceUganda
|j|‽BruceUganda
|player|p2|BruceUganda|clair
|n|‽BruceUganda|bruceuganda
|n|‽BruceUganda|bruceuganda
|n|‽BruceUganda|bruceuganda
|n|‽BruceUganda|bruceuganda
|n|‽BruceUganda|bruceuganda
|n|‽BruceUganda|bruceuganda
|n|‽BruceUganda|bruceuganda
|n|‽BruceUganda|bruceuganda
|n|‽BruceUganda|bruceuganda
|n|‽BruceUganda|bruceuganda
|n|‽BruceUganda|bruceuganda
