|j|☆Larmes d ange
|j|☆CoconutCrabs
|t:|1649611796
|gametype|singles
|player|p1|Larmes d ange|ballguy|1771
|player|p2|CoconutCrabs|chuck|1769
|teamsize|p1|6
|teamsize|p2|6
|gen|8
|tier|[Gen 8] OU
|rated|
|rule|Sleep Clause Mod: Limit one foe put to sleep
|rule|Species Clause: Limit one of each Pokémon
|rule|OHKO Clause: OHKO moves are banned
|rule|Evasion Moves Clause: Evasion moves are banned
|rule|Endless Battle Clause: Forcing endless battles is banned
|rule|HP Percentage Mod: HP is shown in percentages
|rule|Dynamax Clause: You cannot dynamax
|clearpoke
|poke|p1|Nihilego|
|poke|p1|Zapdos-Galar|
|poke|p1|Kartana|
|poke|p1|Celesteela|
|poke|p1|Garchomp, M|
|poke|p1|Tapu Fini|
|poke|p2|Tyranitar, M|
|poke|p2|Excadrill, F|
|poke|p2|Tornadus-Therian, M|
|poke|p2|Toxapex, M|
|poke|p2|Heatran, M|
|poke|p2|Tangrowth, M|
|teampreview
|
|t:|1649611816
|start
|switch|p1a: Zapdos|Zapdos-Galar|100/100
|switch|p2a: Paloma|Tornadus-Therian, M|100/100
|turn|1
|
|t:|1649611836
|switch|p1a: Nihilego|Nihilego|100/100
|move|p2a: Paloma|Hurricane|p1a: Nihilego|[miss]
|-miss|p2a: Paloma|p1a: Nihilego
|
|upkeep
|turn|2
|inactive|Battle timer is ON: inactive players will automatically lose when time's up. (requested by Larmes d ange)
|j| Littlegreatape
|j| GeneralEevee25
|
|t:|1649611881
|switch|p2a: Boogers|Tyranitar, M|100/100
|-weather|Sandstorm|[from] ability: Sand Stream|[of] p2a: Boogers
|switch|p1a: Garchomp|Garchomp, M|100/100
|
|-weather|Sandstorm|[upkeep]
|upkeep
|turn|3
|
|t:|1649611887
|move|p1a: Garchomp|Toxic|p2a: Boogers
|-status|p2a: Boogers|tox
|move|p2a: Boogers|Stealth Rock|p1a: Garchomp
|-sidestart|p1: Larmes d ange|move: Stealth Rock
|
|-weather|Sandstorm|[upkeep]
|-damage|p2a: Boogers|94/100 tox|[from] psn
|upkeep
|turn|4
|j| Buko2k
|
|t:|1649611890
|switch|p2a: Paloma|Tornadus-Therian, M|100/100
|move|p1a: Garchomp|Stealth Rock|p2a: Paloma
|-sidestart|p2: CoconutCrabs|move: Stealth Rock
|
|-weather|Sandstorm|[upkeep]
|-damage|p2a: Paloma|94/100|[from] Sandstorm
|upkeep
|turn|5
|
|t:|1649611892
|move|p2a: Paloma|Icy Wind|p1a: Garchomp
|-supereffective|p1a: Garchomp
|-damage|p1a: Garchomp|0 fnt
|faint|p1a: Garchomp
|
|-weather|Sandstorm|[upkeep]
|-damage|p2a: Paloma|88/100|[from] Sandstorm
|upkeep
|j| rhaegal77
|
|t:|1649611914
|switch|p1a: Nihilego|Nihilego|100/100
|-damage|p1a: Nihilego|88/100|[from] Stealth Rock
|turn|6
|
|t:|1649611923
|switch|p2a: Boogers|Tyranitar, M|94/100 tox
|-damage|p2a: Boogers|82/100 tox|[from] Stealth Rock
|switch|p1a: Zapdos|Zapdos-Galar|100/100
|-damage|p1a: Zapdos|88/100|[from] Stealth Rock
|
|-weather|none
|-heal|p2a: Boogers|88/100 tox|[from] item: Leftovers
|-damage|p2a: Boogers|82/100 tox|[from] psn
|upkeep
|turn|7
|c| GeneralEevee25|Jeez
|
|t:|1649611936
|switch|p2a: Baby|Toxapex, M|100/100
|-damage|p2a: Baby|88/100|[from] Stealth Rock
|move|p1a: Zapdos|Stomping Tantrum|p2a: Baby
|-supereffective|p2a: Baby
|-damage|p2a: Baby|39/100
|-damage|p1a: Zapdos|72/100|[from] item: Rocky Helmet|[of] p2a: Baby
|
|upkeep
|turn|8
|
|t:|1649611947
|switch|p1a: Nihilego|Nihilego|88/100
|-damage|p1a: Nihilego|76/100|[from] Stealth Rock
|switch|p2a: Pretty|Tangrowth, M|100/100
|-damage|p2a: Pretty|88/100|[from] Stealth Rock
|
|upkeep
|turn|9
|
|t:|1649611954
|switch|p1a: Zapdos|Zapdos-Galar|72/100
|-damage|p1a: Zapdos|59/100|[from] Stealth Rock
|switch|p2a: Boogers|Tyranitar, M|82/100 tox
|-damage|p2a: Boogers|70/100 tox|[from] Stealth Rock
|-weather|Sandstorm|[from] ability: Sand Stream|[of] p2a: Boogers
|
|-weather|Sandstorm|[upkeep]
|-damage|p1a: Zapdos|53/100|[from] Sandstorm
|-heal|p2a: Boogers|76/100 tox|[from] item: Leftovers
|-damage|p2a: Boogers|70/100 tox|[from] psn
|upkeep
|turn|10
|
|t:|1649611965
|switch|p2a: Paloma|Tornadus-Therian, M|100/100
|-damage|p2a: Paloma|76/100|[from] Stealth Rock
|move|p1a: Zapdos|U-turn|p2a: Paloma
|-resisted|p2a: Paloma
|-damage|p2a: Paloma|52/100
|j| Guessandcheck
|inactive|Larmes d ange has 120 seconds left.
|
|t:|1649611996
|switch|p1a: Nihilego|Nihilego|76/100|[from]move: U-turn
|-damage|p1a: Nihilego|64/100|[from] Stealth Rock
|
|-weather|Sandstorm|[upkeep]
|-damage|p2a: Paloma|46/100|[from] Sandstorm
|upkeep
|turn|11
|
|t:|1649612008
|switch|p2a: Little Man|Heatran, M|100/100
|-damage|p2a: Little Man|88/100|[from] Stealth Rock
|move|p1a: Nihilego|Power Gem|p2a: Little Man
|-damage|p2a: Little Man|51/100
|
|-weather|Sandstorm|[upkeep]
|upkeep
|turn|12
|
|t:|1649612015
|move|p2a: Little Man|Earth Power|p1a: Nihilego
|-supereffective|p1a: Nihilego
|-damage|p1a: Nihilego|4/100
|move|p1a: Nihilego|Meteor Beam||[still]
|-prepare|p1a: Nihilego|Meteor Beam
|-boost|p1a: Nihilego|spa|1
|-enditem|p1a: Nihilego|Power Herb
|-anim|p1a: Nihilego|Meteor Beam|p2a: Little Man
|-damage|p2a: Little Man|0 fnt
|faint|p2a: Little Man
|-ability|p1a: Nihilego|Beast Boost|boost
|-boost|p1a: Nihilego|spe|1
|
|-weather|Sandstorm|[upkeep]
|upkeep
|
|t:|1649612019
|switch|p2a: Mole Man|Excadrill, F|100/100
|-damage|p2a: Mole Man|97/100|[from] Stealth Rock
|turn|13
|
|t:|1649612025
|move|p2a: Mole Man|Rapid Spin|p1a: Nihilego
|-resisted|p1a: Nihilego
|-damage|p1a: Nihilego|0 fnt
|-boost|p2a: Mole Man|spe|1
|-sideend|p2: CoconutCrabs|Stealth Rock|[from] move: Rapid Spin|[of] p2a: Mole Man
|faint|p1a: Nihilego
|
|-weather|none
|-heal|p2a: Mole Man|100/100|[from] item: Leftovers
|upkeep
|j| Stellar Flares
|j| itsfoxdog
|l| Guessandcheck
|inactive|Larmes d ange has 120 seconds left.
|
|t:|1649612050
|switch|p1a: Tapu Fini|Tapu Fini|100/100
|-damage|p1a: Tapu Fini|88/100|[from] Stealth Rock
|-fieldstart|move: Misty Terrain|[from] ability: Misty Surge|[of] p1a: Tapu Fini
|turn|14
|
|t:|1649612057
|switch|p2a: Baby|Toxapex, M|72/100
|move|p1a: Tapu Fini|Calm Mind|p1a: Tapu Fini
|-boost|p1a: Tapu Fini|spa|1
|-boost|p1a: Tapu Fini|spd|1
|
|-heal|p1a: Tapu Fini|94/100|[from] item: Leftovers
|upkeep
|turn|15
|
|t:|1649612059
|move|p1a: Tapu Fini|Taunt|p2a: Baby
|-start|p2a: Baby|move: Taunt
|move|p2a: Baby|Knock Off|p1a: Tapu Fini
|-resisted|p1a: Tapu Fini
|-damage|p1a: Tapu Fini|89/100
|-enditem|p1a: Tapu Fini|Leftovers|[from] move: Knock Off|[of] p2a: Baby
|
|upkeep
|turn|16
|
|t:|1649612068
|switch|p2a: Boogers|Tyranitar, M|70/100 tox
|-weather|Sandstorm|[from] ability: Sand Stream|[of] p2a: Boogers
|move|p1a: Tapu Fini|Calm Mind|p1a: Tapu Fini
|-boost|p1a: Tapu Fini|spa|1
|-boost|p1a: Tapu Fini|spd|1
|
|-weather|Sandstorm|[upkeep]
|-damage|p1a: Tapu Fini|82/100|[from] Sandstorm
|-heal|p2a: Boogers|76/100 tox|[from] item: Leftovers
|-damage|p2a: Boogers|70/100 tox|[from] psn
|upkeep
|turn|17
|
|t:|1649612071
|switch|p2a: Baby|Toxapex, M|100/100
|move|p1a: Tapu Fini|Scald|p2a: Baby
|-resisted|p2a: Baby
|-damage|p2a: Baby|81/100
|
|-weather|Sandstorm|[upkeep]
|-damage|p1a: Tapu Fini|76/100|[from] Sandstorm
|-damage|p2a: Baby|75/100|[from] Sandstorm
|upkeep
|turn|18
|j| Guessandcheck
|
|t:|1649612080
|switch|p2a: Pretty|Tangrowth, M|100/100
|move|p1a: Tapu Fini|Calm Mind|p1a: Tapu Fini
|-boost|p1a: Tapu Fini|spa|1
|-boost|p1a: Tapu Fini|spd|1
|
|-weather|Sandstorm|[upkeep]
|-damage|p1a: Tapu Fini|70/100|[from] Sandstorm
|-damage|p2a: Pretty|94/100|[from] Sandstorm
|-fieldend|Misty Terrain
|upkeep
|turn|19
|
|t:|1649612084
|switch|p2a: Baby|Toxapex, M|100/100
|move|p1a: Tapu Fini|Draining Kiss|p2a: Baby
|-resisted|p2a: Baby
|-damage|p2a: Baby|84/100
|-heal|p1a: Tapu Fini|81/100|[from] drain|[of] p2a: Baby
|-damage|p1a: Tapu Fini|65/100|[from] item: Rocky Helmet|[of] p2a: Baby
|
|-weather|Sandstorm|[upkeep]
|-damage|p1a: Tapu Fini|59/100|[from] Sandstorm
|-damage|p2a: Baby|78/100|[from] Sandstorm
|upkeep
|turn|20
|
|t:|1649612088
|move|p1a: Tapu Fini|Calm Mind|p1a: Tapu Fini
|-boost|p1a: Tapu Fini|spa|1
|-boost|p1a: Tapu Fini|spd|1
|move|p2a: Baby|Scald|p1a: Tapu Fini
|-resisted|p1a: Tapu Fini
|-damage|p1a: Tapu Fini|57/100
|
|-weather|none
|upkeep
|turn|21
|
|t:|1649612092
|move|p1a: Tapu Fini|Taunt|p2a: Baby
|-start|p2a: Baby|move: Taunt
|cant|p2a: Baby|move: Taunt|Haze
|
|upkeep
|turn|22
|
|t:|1649612096
|move|p1a: Tapu Fini|Calm Mind|p1a: Tapu Fini
|-boost|p1a: Tapu Fini|spa|1
|-boost|p1a: Tapu Fini|spd|1
|move|p2a: Baby|Scald|p1a: Tapu Fini
|-resisted|p1a: Tapu Fini
|-damage|p1a: Tapu Fini|55/100
|
|upkeep
|turn|23
|
|t:|1649612098
|move|p1a: Tapu Fini|Calm Mind|p1a: Tapu Fini
|-boost|p1a: Tapu Fini|spa|1
|-boost|p1a: Tapu Fini|spd|1
|move|p2a: Baby|Scald|p1a: Tapu Fini
|-resisted|p1a: Tapu Fini
|-damage|p1a: Tapu Fini|53/100
|
|-end|p2a: Baby|move: Taunt
|upkeep
|turn|24
|
|t:|1649612101
|move|p1a: Tapu Fini|Taunt|p2a: Baby
|-start|p2a: Baby|move: Taunt
|move|p2a: Baby|Scald|p1a: Tapu Fini
|-resisted|p1a: Tapu Fini
|-damage|p1a: Tapu Fini|52/100
|-status|p1a: Tapu Fini|brn
|
|-damage|p1a: Tapu Fini|45/100 brn|[from] brn
|upkeep
|turn|25
|
|t:|1649612104
|move|p1a: Tapu Fini|Scald|p2a: Baby
|-resisted|p2a: Baby
|-damage|p2a: Baby|37/100
|-status|p2a: Baby|brn
|move|p2a: Baby|Scald|p1a: Tapu Fini
|-resisted|p1a: Tapu Fini
|-damage|p1a: Tapu Fini|44/100 brn
|
|-damage|p1a: Tapu Fini|38/100 brn|[from] brn
|-damage|p2a: Baby|31/100 brn|[from] brn
|upkeep
|turn|26
|
|t:|1649612110
|move|p1a: Tapu Fini|Scald|p2a: Baby
|-resisted|p2a: Baby
|-damage|p2a: Baby|0 fnt
|faint|p2a: Baby
|
|-damage|p1a: Tapu Fini|31/100 brn|[from] brn
|upkeep
|
|t:|1649612113
|switch|p2a: Mole Man|Excadrill, F|100/100
|turn|27
|
|t:|1649612115
|move|p2a: Mole Man|Earthquake|p1a: Tapu Fini
|-damage|p1a: Tapu Fini|0 fnt
|faint|p1a: Tapu Fini
|
|upkeep
|
|t:|1649612131
|switch|p1a: Zapdos|Zapdos-Galar|53/100
|-damage|p1a: Zapdos|40/100|[from] Stealth Rock
|turn|28
|l| Guessandcheck
|
|t:|1649612135
|switch|p2a: Boogers|Tyranitar, M|70/100 tox
|-weather|Sandstorm|[from] ability: Sand Stream|[of] p2a: Boogers
|move|p1a: Zapdos|Close Combat|p2a: Boogers
|-supereffective|p2a: Boogers
|-damage|p2a: Boogers|0 fnt
|-unboost|p1a: Zapdos|def|1
|-unboost|p1a: Zapdos|spd|1
|faint|p2a: Boogers
|
|-weather|Sandstorm|[upkeep]
|-damage|p1a: Zapdos|34/100|[from] Sandstorm
|upkeep
|
|t:|1649612138
|switch|p2a: Mole Man|Excadrill, F|100/100
|turn|29
|
|t:|1649612142
|move|p2a: Mole Man|Iron Head|p1a: Zapdos
|-damage|p1a: Zapdos|0 fnt
|faint|p1a: Zapdos
|
|-weather|Sandstorm|[upkeep]
|upkeep
|
|t:|1649612164
|switch|p1a: Celesteela|Celesteela|100/100
|-damage|p1a: Celesteela|88/100|[from] Stealth Rock
|turn|30
|
|t:|1649612168
|move|p2a: Mole Man|Swords Dance|p2a: Mole Man
|-boost|p2a: Mole Man|atk|2
|move|p1a: Celesteela|Flamethrower|p2a: Mole Man
|-supereffective|p2a: Mole Man
|-damage|p2a: Mole Man|25/100
|
|-weather|Sandstorm|[upkeep]
|-heal|p2a: Mole Man|31/100|[from] item: Leftovers
|upkeep
|turn|31
|
|t:|1649612171
|move|p2a: Mole Man|Iron Head|p1a: Celesteela
|-resisted|p1a: Celesteela
|-damage|p1a: Celesteela|45/100
|move|p1a: Celesteela|Flamethrower|p2a: Mole Man
|-supereffective|p2a: Mole Man
|-damage|p2a: Mole Man|0 fnt
|faint|p2a: Mole Man
|-ability|p1a: Celesteela|Beast Boost|boost
|-boost|p1a: Celesteela|spa|1
|
|-weather|Sandstorm|[upkeep]
|upkeep
|
|t:|1649612174
|switch|p2a: Paloma|Tornadus-Therian, M|79/100
|turn|32
|
|t:|1649612177
|move|p2a: Paloma|Heat Wave|p1a: Celesteela
|-supereffective|p1a: Celesteela
|-damage|p1a: Celesteela|0 fnt
|faint|p1a: Celesteela
|
|-weather|none
|upkeep
|
|t:|1649612190
|switch|p1a: Kartana|Kartana|100/100
|-damage|p1a: Kartana|94/100|[from] Stealth Rock
|turn|33
|
|t:|1649612193
|move|p1a: Kartana|Smart Strike|p2a: Paloma
|-damage|p2a: Paloma|18/100
|move|p2a: Paloma|Heat Wave|p1a: Kartana
|-supereffective|p1a: Kartana
|-damage|p1a: Kartana|0 fnt
|faint|p1a: Kartana
|
|win|CoconutCrabs
|raw|Larmes d ange's rating: 1771 &rarr; <strong>1752</strong><br />(-19 for losing)
|raw|CoconutCrabs's rating: 1786 &rarr; <strong>1805</strong><br />(+19 for winning)
|l| rhaegal77
|c|☆CoconutCrabs|gg
|l| itsfoxdog
|c|☆Larmes d ange|gg
|l|☆Larmes d ange
|l|☆CoconutCrabs
|l| Buko2k
|l| Littlegreatape
|j| Buko2k
|l| GeneralEevee25
|l| Buko2k
||Ladder isn't responding, score probably updated but might not have (Request timeout).
|l| Stellar Flares
|j| Buko2k
