|raw|<div class="broadcast-blue"><strong>This battle is required to be public due to a player having a name starting with 'lt91bb'.</div>
|j|☆N30N3
|j|☆LT91BB Raizen
|t:|1659446537
|gametype|singles
|player|p1|N30N3|2|1890
|player|p2|LT91BB Raizen|#raizen1704|2031
|teamsize|p1|6
|teamsize|p2|6
|gen|8
|tier|[Gen 8] OU
|rated|
|rule|Sleep Clause Mod: Limit one foe put to sleep
|rule|Species Clause: Limit one of each Pokémon
|rule|OHKO Clause: OHKO moves are banned
|rule|Evasion Moves Clause: Evasion moves are banned
|rule|Endless Battle Clause: Forcing endless battles is banned
|rule|HP Percentage Mod: HP is shown in percentages
|rule|Dynamax Clause: You cannot dynamax
|clearpoke
|poke|p1|Garchomp, F|
|poke|p1|Moltres-Galar|
|poke|p1|Melmetal|
|poke|p1|Urshifu-*, F|
|poke|p1|Rillaboom, F|
|poke|p1|Latias, F|
|poke|p2|Dragapult, M|
|poke|p2|Zapdos|
|poke|p2|Urshifu-*, M|
|poke|p2|Tapu Lele|
|poke|p2|Landorus-Therian, M|
|poke|p2|Melmetal|
|teampreview
|inactive|Battle timer is ON: inactive players will automatically lose when time's up. (requested by N30N3)
|
|t:|1659446549
|start
|switch|p1a: Latias|Latias, F|100/100
|switch|p2a: Landorus|Landorus-Therian, M, shiny|100/100
|-ability|p2a: Landorus|Intimidate|boost
|-unboost|p1a: Latias|atk|1
|turn|1
|j| jhcgjghchnfg
|
|t:|1659446552
|move|p1a: Latias|Draco Meteor|p2a: Landorus
|-damage|p2a: Landorus|41/100
|-unboost|p1a: Latias|spa|2
|move|p2a: Landorus|Stealth Rock|p1a: Latias
|-sidestart|p1: N30N3|move: Stealth Rock
|
|-heal|p2a: Landorus|47/100|[from] item: Leftovers
|upkeep
|turn|2
|
|t:|1659446557
|switch|p1a: Garchomp|Garchomp, F|100/100
|-damage|p1a: Garchomp|94/100|[from] Stealth Rock
|move|p2a: Landorus|Knock Off|p1a: Garchomp
|-damage|p1a: Garchomp|72/100
|-damage|p2a: Landorus|35/100|[from] ability: Rough Skin|[of] p1a: Garchomp
|-damage|p2a: Landorus|19/100|[from] item: Rocky Helmet|[of] p1a: Garchomp
|-enditem|p1a: Garchomp|Rocky Helmet|[from] move: Knock Off|[of] p2a: Landorus
|
|-heal|p2a: Landorus|25/100|[from] item: Leftovers
|upkeep
|turn|3
|
|t:|1659446562
|move|p1a: Garchomp|Stealth Rock|p2a: Landorus
|-sidestart|p2: LT91BB Raizen|move: Stealth Rock
|move|p2a: Landorus|Earthquake|p1a: Garchomp
|-damage|p1a: Garchomp|40/100
|
|-heal|p2a: Landorus|31/100|[from] item: Leftovers
|upkeep
|turn|4
|j| Zubitop
|
|t:|1659446567
|switch|p1a: Rillaboom|Rillaboom, F|100/100
|-damage|p1a: Rillaboom|88/100|[from] Stealth Rock
|-fieldstart|move: Grassy Terrain|[from] ability: Grassy Surge|[of] p1a: Rillaboom
|move|p2a: Landorus|Earthquake|p1a: Rillaboom
|-resisted|p1a: Rillaboom
|-damage|p1a: Rillaboom|73/100
|
|-heal|p1a: Rillaboom|79/100|[from] Grassy Terrain
|-heal|p2a: Landorus|37/100|[from] item: Leftovers
|upkeep
|turn|5
|
|t:|1659446574
|switch|p2a: Zapdos|Zapdos, shiny|100/100
|move|p1a: Rillaboom|Wood Hammer|p2a: Zapdos
|-resisted|p2a: Zapdos
|-damage|p2a: Zapdos|34/100
|-damage|p1a: Rillaboom|60/100|[from] Recoil
|
|-heal|p1a: Rillaboom|66/100|[from] Grassy Terrain
|upkeep
|turn|6
|
|t:|1659446582
|switch|p1a: Latias|Latias, F|100/100
|-damage|p1a: Latias|88/100|[from] Stealth Rock
|move|p2a: Zapdos|Heat Wave|p1a: Latias
|-resisted|p1a: Latias
|-damage|p1a: Latias|73/100
|
|upkeep
|turn|7
|
|t:|1659446586
|switch|p2a: Melmetal|Melmetal, shiny|100/100
|-damage|p2a: Melmetal|94/100|[from] Stealth Rock
|move|p1a: Latias|Draco Meteor|p2a: Melmetal
|-resisted|p2a: Melmetal
|-damage|p2a: Melmetal|69/100
|-unboost|p1a: Latias|spa|2
|
|-heal|p2a: Melmetal|75/100|[from] Grassy Terrain
|-heal|p2a: Melmetal|81/100|[from] item: Leftovers
|upkeep
|turn|8
|j| LT91BB Livio
|
|t:|1659446592
|switch|p1a: Garchomp|Garchomp, F|40/100
|-damage|p1a: Garchomp|34/100|[from] Stealth Rock
|move|p2a: Melmetal|Double Iron Bash|p1a: Garchomp
|-damage|p1a: Garchomp|9/100
|-damage|p2a: Melmetal|69/100|[from] ability: Rough Skin|[of] p1a: Garchomp
|-damage|p1a: Garchomp|0 fnt
|-damage|p2a: Melmetal|56/100|[from] ability: Rough Skin|[of] p1a: Garchomp
|faint|p1a: Garchomp
|-hitcount|p1: Garchomp|2
|
|-heal|p2a: Melmetal|63/100|[from] Grassy Terrain
|-heal|p2a: Melmetal|69/100|[from] item: Leftovers
|-fieldend|move: Grassy Terrain
|upkeep
|
|t:|1659446596
|switch|p1a: Urshifu|Urshifu-Rapid-Strike, F|100/100
|-damage|p1a: Urshifu|94/100|[from] Stealth Rock
|turn|9
|j| LT91BB Ox
|j| TDR
|
|t:|1659446600
|switch|p2a: Landorus|Landorus-Therian, M, shiny|37/100
|-damage|p2a: Landorus|24/100|[from] Stealth Rock
|-ability|p2a: Landorus|Intimidate|boost
|-unboost|p1a: Urshifu|atk|1
|move|p1a: Urshifu|Close Combat|p2a: Landorus
|-resisted|p2a: Landorus
|-damage|p2a: Landorus|4/100
|-unboost|p1a: Urshifu|def|1
|-unboost|p1a: Urshifu|spd|1
|
|-heal|p2a: Landorus|10/100|[from] item: Leftovers
|upkeep
|turn|10
|j| tron bin reaper
|
|t:|1659446605
|switch|p2a: Dragapult|Dragapult, M, shiny|100/100
|-damage|p2a: Dragapult|88/100|[from] Stealth Rock
|move|p1a: Urshifu|Close Combat|p2a: Dragapult
|-immune|p2a: Dragapult
|
|upkeep
|turn|11
|j| LT91BB Poeh
|
|t:|1659446608
|switch|p1a: Melmetal|Melmetal|100/100
|-damage|p1a: Melmetal|94/100|[from] Stealth Rock
|move|p2a: Dragapult|Shadow Ball|p1a: Melmetal
|-damage|p1a: Melmetal|54/100
|
|-heal|p1a: Melmetal|60/100|[from] item: Leftovers
|upkeep
|turn|12
|
|t:|1659446612
|switch|p2a: Landorus|Landorus-Therian, M, shiny|10/100
|-damage|p2a: Landorus|0 fnt|[from] Stealth Rock
|faint|p2a: Landorus
|move|p1a: Melmetal|Double Iron Bash|p2: Landorus|[notarget]
|-fail|p1a: Melmetal
|
|-heal|p1a: Melmetal|66/100|[from] item: Leftovers
|upkeep
|
|t:|1659446614
|switch|p2a: Urshifu|Urshifu-Rapid-Strike, M|100/100
|-damage|p2a: Urshifu|94/100|[from] Stealth Rock
|turn|13
|
|t:|1659446617
|switch|p1a: Latias|Latias, F|73/100
|-damage|p1a: Latias|60/100|[from] Stealth Rock
|move|p2a: Urshifu|Close Combat|p1a: Latias
|-resisted|p1a: Latias
|-damage|p1a: Latias|0 fnt
|-unboost|p2a: Urshifu|def|1
|-unboost|p2a: Urshifu|spd|1
|faint|p1a: Latias
|
|upkeep
|
|t:|1659446620
|switch|p1a: Rillaboom|Rillaboom, F|66/100
|-damage|p1a: Rillaboom|54/100|[from] Stealth Rock
|-fieldstart|move: Grassy Terrain|[from] ability: Grassy Surge|[of] p1a: Rillaboom
|turn|14
|
|t:|1659446625
|switch|p2a: Zapdos|Zapdos, shiny|34/100
|move|p1a: Rillaboom|Swords Dance|p1a: Rillaboom
|-boost|p1a: Rillaboom|atk|2
|
|-heal|p1a: Rillaboom|60/100|[from] Grassy Terrain
|upkeep
|turn|15
|
|t:|1659446631
|move|p1a: Rillaboom|Grassy Glide|p2a: Zapdos
|-resisted|p2a: Zapdos
|-damage|p2a: Zapdos|0 fnt
|-status|p1a: Rillaboom|par|[from] ability: Static|[of] p2a: Zapdos
|faint|p2a: Zapdos
|
|-heal|p1a: Rillaboom|66/100 par|[from] Grassy Terrain
|upkeep
|
|t:|1659446633
|switch|p2a: Tapu Lele|Tapu Lele, shiny|100/100
|-damage|p2a: Tapu Lele|88/100|[from] Stealth Rock
|-fieldstart|move: Psychic Terrain|[from] ability: Psychic Surge|[of] p2a: Tapu Lele
|turn|16
|
|t:|1659446635
|switch|p1a: Melmetal|Melmetal|66/100
|-damage|p1a: Melmetal|60/100|[from] Stealth Rock
|move|p2a: Tapu Lele|Moonblast|p1a: Melmetal
|-resisted|p1a: Melmetal
|-damage|p1a: Melmetal|42/100
|-unboost|p1a: Melmetal|spa|1
|
|-heal|p1a: Melmetal|48/100|[from] item: Leftovers
|upkeep
|turn|17
|
|t:|1659446640
|switch|p2a: Urshifu|Urshifu-Rapid-Strike, M|94/100
|-damage|p2a: Urshifu|88/100|[from] Stealth Rock
|move|p1a: Melmetal|Acid Armor|p1a: Melmetal
|-boost|p1a: Melmetal|def|2
|
|-heal|p1a: Melmetal|54/100|[from] item: Leftovers
|upkeep
|turn|18
|
|t:|1659446643
|move|p2a: Urshifu|Surging Strikes|p1a: Melmetal
|-crit|p1a: Melmetal
|-damage|p1a: Melmetal|38/100
|-crit|p1a: Melmetal
|-damage|p1a: Melmetal|21/100
|-crit|p1a: Melmetal
|-damage|p1a: Melmetal|4/100
|-hitcount|p1a: Melmetal|3
|move|p1a: Melmetal|Rest|p1a: Melmetal
|-status|p1a: Melmetal|slp|[from] move: Rest
|-heal|p1a: Melmetal|100/100 slp|[silent]
|
|upkeep
|turn|19
|
|t:|1659446648
|move|p2a: Urshifu|Surging Strikes|p1a: Melmetal
|-crit|p1a: Melmetal
|-damage|p1a: Melmetal|83/100 slp
|-crit|p1a: Melmetal
|-damage|p1a: Melmetal|64/100 slp
|-crit|p1a: Melmetal
|-damage|p1a: Melmetal|46/100 slp
|-hitcount|p1a: Melmetal|3
|cant|p1a: Melmetal|slp
|
|-heal|p1a: Melmetal|52/100 slp|[from] item: Leftovers
|upkeep
|turn|20
|j| Fun trading
|
|t:|1659446651
|switch|p1a: Urshifu|Urshifu-Rapid-Strike, F|94/100
|-damage|p1a: Urshifu|88/100|[from] Stealth Rock
|move|p2a: Urshifu|Surging Strikes|p1a: Urshifu
|-resisted|p1a: Urshifu
|-crit|p1a: Urshifu
|-damage|p1a: Urshifu|73/100
|-resisted|p1a: Urshifu
|-crit|p1a: Urshifu
|-damage|p1a: Urshifu|56/100
|-resisted|p1a: Urshifu
|-crit|p1a: Urshifu
|-damage|p1a: Urshifu|40/100
|-hitcount|p1a: Urshifu|3
|
|-fieldend|move: Psychic Terrain
|upkeep
|turn|21
|
|t:|1659446656
|move|p1a: Urshifu|Close Combat|p2a: Urshifu
|-damage|p2a: Urshifu|26/100
|-unboost|p1a: Urshifu|def|1
|-unboost|p1a: Urshifu|spd|1
|move|p2a: Urshifu|Surging Strikes|p1a: Urshifu
|-resisted|p1a: Urshifu
|-crit|p1a: Urshifu
|-damage|p1a: Urshifu|15/100
|-resisted|p1a: Urshifu
|-crit|p1a: Urshifu
|-damage|p1a: Urshifu|0 fnt
|faint|p1a: Urshifu
|-hitcount|p1: Urshifu|2
|
|upkeep
|j| LT91BB FustJranco
|
|t:|1659446659
|switch|p1a: Rillaboom|Rillaboom, F|66/100 par
|-damage|p1a: Rillaboom|54/100 par|[from] Stealth Rock
|-fieldstart|move: Grassy Terrain|[from] ability: Grassy Surge|[of] p1a: Rillaboom
|turn|22
|l| Fun trading
|
|t:|1659446685
|switch|p2a: Dragapult|Dragapult, M, shiny|88/100
|-damage|p2a: Dragapult|76/100|[from] Stealth Rock
|cant|p1a: Rillaboom|par
|
|-heal|p2a: Dragapult|82/100|[from] Grassy Terrain
|-heal|p1a: Rillaboom|60/100 par|[from] Grassy Terrain
|upkeep
|turn|23
|
|t:|1659446694
|switch|p1a: Moltres|Moltres-Galar|100/100
|-damage|p1a: Moltres|76/100|[from] Stealth Rock
|move|p2a: Dragapult|Flamethrower|p1a: Moltres
|-damage|p1a: Moltres|41/100
|-ability|p1a: Moltres|Berserk|boost
|-boost|p1a: Moltres|spa|1
|
|-heal|p2a: Dragapult|88/100|[from] Grassy Terrain
|upkeep
|turn|24
|
|t:|1659446697
|move|p2a: Dragapult|Flamethrower|p1a: Moltres
|-damage|p1a: Moltres|5/100
|move|p1a: Moltres|Rest|p1a: Moltres
|-status|p1a: Moltres|slp|[from] move: Rest
|-heal|p1a: Moltres|100/100 slp|[silent]
|-enditem|p1a: Moltres|Chesto Berry|[eat]
|-curestatus|p1a: Moltres|slp|[msg]
|
|-heal|p2a: Dragapult|94/100|[from] Grassy Terrain
|upkeep
|turn|25
|
|t:|1659446702
|move|p2a: Dragapult|Flamethrower|p1a: Moltres
|-damage|p1a: Moltres|62/100
|move|p1a: Moltres|Fiery Wrath|p2a: Dragapult
|-supereffective|p2a: Dragapult
|-damage|p2a: Dragapult|0 fnt
|faint|p2a: Dragapult
|
|upkeep
|
|t:|1659446705
|switch|p2a: Tapu Lele|Tapu Lele, shiny|88/100
|-damage|p2a: Tapu Lele|76/100|[from] Stealth Rock
|-fieldstart|move: Psychic Terrain|[from] ability: Psychic Surge|[of] p2a: Tapu Lele
|turn|26
|j| nigel
|l| nigel
|j| ivehadenoughshit
|
|t:|1659446725
|move|p2a: Tapu Lele|Moonblast|p1a: Moltres
|-supereffective|p1a: Moltres
|-damage|p1a: Moltres|0 fnt
|faint|p1a: Moltres
|
|upkeep
|j| LT91BB xdRudi
|l| tron bin reaper
|j| Trickster7
|
|t:|1659446739
|switch|p1a: Rillaboom|Rillaboom, F|60/100 par
|-damage|p1a: Rillaboom|48/100 par|[from] Stealth Rock
|-fieldstart|move: Grassy Terrain|[from] ability: Grassy Surge|[of] p1a: Rillaboom
|turn|27
|j| LT91BB Darkred
|j| Venositile
|
|t:|1659446743
|switch|p2a: Melmetal|Melmetal, shiny|69/100
|-damage|p2a: Melmetal|63/100|[from] Stealth Rock
|move|p1a: Rillaboom|Grassy Glide|p2a: Melmetal
|-resisted|p2a: Melmetal
|-crit|p2a: Melmetal
|-damage|p2a: Melmetal|34/100
|
|-heal|p1a: Rillaboom|54/100 par|[from] Grassy Terrain
|-heal|p2a: Melmetal|40/100|[from] Grassy Terrain
|-heal|p2a: Melmetal|46/100|[from] item: Leftovers
|upkeep
|turn|28
|j| chokst du
|
|t:|1659446746
|switch|p1a: Melmetal|Melmetal|52/100 slp
|-damage|p1a: Melmetal|46/100 slp|[from] Stealth Rock
|move|p2a: Melmetal|Double Iron Bash|p1a: Melmetal
|-resisted|p1a: Melmetal
|-damage|p1a: Melmetal|35/100 slp
|-resisted|p1a: Melmetal
|-damage|p1a: Melmetal|23/100 slp
|-hitcount|p1a: Melmetal|2
|
|-heal|p2a: Melmetal|52/100|[from] Grassy Terrain
|-heal|p2a: Melmetal|59/100|[from] item: Leftovers
|-heal|p1a: Melmetal|30/100 slp|[from] Grassy Terrain
|-heal|p1a: Melmetal|36/100 slp|[from] item: Leftovers
|upkeep
|turn|29
|j| LT91BB xray
|l| chokst du
|j| Cocomelon Esports
|
|t:|1659446751
|switch|p2a: Urshifu|Urshifu-Rapid-Strike, M|26/100
|-damage|p2a: Urshifu|20/100|[from] Stealth Rock
|cant|p1a: Melmetal|slp
|
|-heal|p2a: Urshifu|26/100|[from] Grassy Terrain
|-heal|p1a: Melmetal|42/100 slp|[from] Grassy Terrain
|-heal|p1a: Melmetal|48/100 slp|[from] item: Leftovers
|upkeep
|turn|30
|j| Nauxus
|j|+Perry
|-message|N30N3 forfeited.
|
|win|LT91BB Raizen
|raw|N30N3's rating: 1890 &rarr; <strong>1878</strong><br />(-12 for losing)
|raw|LT91BB Raizen's rating: 2031 &rarr; <strong>2043</strong><br />(+12 for winning)
|l|☆N30N3
|c|☆LT91BB Raizen|gg
|l| LT91BB FustJranco
|j| LT91BB acr1
|l| Cocomelon Esports
|j| LT91BB Ahsan
|l| ivehadenoughshit
|j| Helllllllllo glhf
|l| LT91BB Ahsan
|l| jhcgjghchnfg
|l| Trickster7
|l|+Perry
|l| TDR
|l| LT91BB Darkred
|j| LT91BB LA BOMBA
|j| Zirpurze
||Ladder isn't responding, score probably updated but might not have (Request timeout).
