|j|☆pulsar512b
|j|☆X-Wing Fighter
|inactive|Battle timer is ON: inactive players will automatically lose when time's up.
|t:|1604292766
|player|p1|pulsar512b|acetrainersnowf|
|player|p2|X-Wing Fighter|hilbert|
|teamsize|p1|6
|teamsize|p2|6
|gametype|singles
|gen|8
|tier|[Gen 8] OU
|rated|Tournament battle
|clearpoke
|poke|p1|Pheromosa|
|poke|p1|Slowbro, F|
|poke|p1|Blissey, F|
|poke|p1|Urshifu-*, F|
|poke|p1|Tornadus-Therian, M|
|poke|p1|Heatran, F|
|poke|p2|Barraskewda, F|
|poke|p2|Volcanion|
|poke|p2|Pelipper, M|
|poke|p2|Tornadus-Therian, M|
|poke|p2|Magearna|
|poke|p2|Seismitoad, M|
|rule|Sleep Clause Mod: Limit one foe put to sleep
|rule|Species Clause: Limit one of each Pokémon
|rule|OHKO Clause: OHKO moves are banned
|rule|Evasion Moves Clause: Evasion moves are banned
|rule|Endless Battle Clause: Forcing endless battles is banned
|rule|HP Percentage Mod: HP is shown in percentages
|rule|Dynamax Clause: You cannot dynamax
|teampreview
|j| Sopmod II
|j|#brouha@!
|j| Calla cagada 777
|j| Supersam10001
|j|%FUSIEN
|n|#brouha|brouha
|c|☆X-Wing Fighter|gl hf
|j|^Steez Ibanez
|j| Redemption5
|l| Redemption5
|j| I'M AT MY LIMIT!
|c|^Steez Ibanez|Yo wing
|j| Chillin in the OU
|inactive|pulsar512b has 120 seconds left.
|n|#brouha☆|brouha
|c|^Steez Ibanez|thats sht testers team right
|c|☆X-Wing Fighter|yo
|c|☆X-Wing Fighter|no
|
|t:|1604292804
|start
|switch|p1a: Pheromosa|Pheromosa|100/100
|switch|p2a: Pelipper|Pelipper, M|100/100
|-weather|RainDance|[from] ability: Drizzle|[of] p2a: Pelipper
|turn|1
|j| im a lucky bastard
|j| PG(^^)JMX
|
|t:|1604292819
|switch|p1a: Blissey|Blissey, F|100/100
|switch|p2a: Magearna|Magearna|100/100
|
|-weather|RainDance|[upkeep]
|upkeep
|turn|2
|
|t:|1604292822
|move|p1a: Blissey|Stealth Rock|p2a: Magearna
|-sidestart|p2: X-Wing Fighter|move: Stealth Rock
|move|p2a: Magearna|Volt Switch|p1a: Blissey
|-damage|p1a: Blissey|93/100
|j| ottokartoffel
|j| Torment Heatran
|
|t:|1604292827
|switch|p2a: Barraskewda|Barraskewda, F|100/100|[from]move: Volt Switch
|-damage|p2a: Barraskewda|88/100|[from] Stealth Rock
|
|-weather|RainDance|[upkeep]
|upkeep
|turn|3
|
|t:|1604292837
|switch|p2a: Pelipper|Pelipper, M|100/100
|-damage|p2a: Pelipper|76/100|[from] Stealth Rock
|switch|p1a: Slowbro|Slowbro, F|100/100
|
|-weather|RainDance|[upkeep]
|upkeep
|turn|4
|
|t:|1604292840
|move|p2a: Pelipper|Defog|p1a: Slowbro
|-unboost|p1a: Slowbro|evasion|1
|-sideend|p2: X-Wing Fighter|Stealth Rock|[from] move: Defog|[of] p2a: Pelipper
|move|p1a: Slowbro|Teleport|p1a: Slowbro
|l| Torment Heatran
|
|t:|1604292843
|switch|p1a: Tornadus|Tornadus-Therian, M|100/100|[from]move: Teleport
|
|-weather|RainDance|[upkeep]
|upkeep
|turn|5
|c| im a lucky bastard|aight
|j| Kraymar
|
|t:|1604292846
|switch|p2a: Magearna|Magearna|100/100
|move|p1a: Tornadus|Hurricane|p2a: Magearna
|-resisted|p2a: Magearna
|-damage|p2a: Magearna|91/100
|
|-weather|RainDance|[upkeep]
|upkeep
|turn|6
|
|t:|1604292851
|move|p1a: Tornadus|U-turn|p2a: Magearna
|-resisted|p2a: Magearna
|-damage|p2a: Magearna|89/100
|
|t:|1604292854
|switch|p1a: Blissey|Blissey, F|93/100|[from]move: U-turn
|move|p2a: Magearna|Volt Switch|p1a: Blissey
|-crit|p1a: Blissey
|-damage|p1a: Blissey|81/100
|c| im a lucky bastard|the winner gets 100k robux
|j| celeodijim
|j| dreepy on ya head
|
|t:|1604292861
|switch|p2a: Volcanion|Volcanion|100/100|[from]move: Volt Switch
|
|-weather|RainDance|[upkeep]
|upkeep
|turn|7
|
|t:|1604292864
|move|p2a: Volcanion|Steam Eruption|p1a: Blissey|[miss]
|-miss|p2a: Volcanion|p1a: Blissey
|move|p1a: Blissey|Soft-Boiled|p1a: Blissey
|-heal|p1a: Blissey|100/100
|
|-weather|RainDance|[upkeep]
|upkeep
|turn|8
|
|t:|1604292871
|move|p2a: Volcanion|Steam Eruption|p1a: Blissey
|-damage|p1a: Blissey|49/100
|-status|p1a: Blissey|brn
|move|p1a: Blissey|Stealth Rock|p2a: Volcanion
|-sidestart|p2: X-Wing Fighter|move: Stealth Rock
|
|-weather|none
|-damage|p1a: Blissey|43/100 brn|[from] brn
|upkeep
|turn|9
|
|t:|1604292874
|move|p2a: Volcanion|Steam Eruption|p1a: Blissey
|-damage|p1a: Blissey|9/100 brn
|move|p1a: Blissey|Soft-Boiled|p1a: Blissey
|-heal|p1a: Blissey|59/100 brn
|
|-damage|p1a: Blissey|53/100 brn|[from] brn
|upkeep
|turn|10
|
|t:|1604292877
|switch|p2a: Pelipper|Pelipper, M|76/100
|-damage|p2a: Pelipper|51/100|[from] Stealth Rock
|-weather|RainDance|[from] ability: Drizzle|[of] p2a: Pelipper
|move|p1a: Blissey|Soft-Boiled|p1a: Blissey
|-heal|p1a: Blissey|100/100 brn
|
|-weather|RainDance|[upkeep]
|-damage|p1a: Blissey|94/100 brn|[from] brn
|upkeep
|turn|11
|
|t:|1604292880
|move|p2a: Pelipper|Roost|p2a: Pelipper
|-heal|p2a: Pelipper|100/100
|-singleturn|p2a: Pelipper|move: Roost
|move|p1a: Blissey|Teleport|p1a: Blissey
|
|t:|1604292884
|switch|p1a: Tornadus|Tornadus-Therian, M|100/100|[from]move: Teleport
|
|-weather|RainDance|[upkeep]
|upkeep
|turn|12
|c|^Steez Ibanez|Holy shit
|
|t:|1604292888
|switch|p2a: Magearna|Magearna|89/100
|-damage|p2a: Magearna|83/100|[from] Stealth Rock
|move|p1a: Tornadus|Hurricane|p2a: Magearna
|-resisted|p2a: Magearna
|-damage|p2a: Magearna|73/100
|
|-weather|RainDance|[upkeep]
|upkeep
|turn|13
|c| im a lucky bastard|omg steez said a bad word
|c| im a lucky bastard|how could u
|c|#brouha☆|mr eat
|
|t:|1604292912
|move|p1a: Tornadus|U-turn|p2a: Magearna
|-resisted|p2a: Magearna
|-damage|p2a: Magearna|71/100
|
|t:|1604292914
|switch|p1a: Blissey|Blissey, F|94/100|[from]move: U-turn
|move|p2a: Magearna|Volt Switch|p1a: Blissey
|-damage|p1a: Blissey|87/100
|c|^Steez Ibanez|Sorry i saw bliss take half from a special move
|
|t:|1604292925
|switch|p2a: Volcanion|Volcanion|100/100|[from]move: Volt Switch
|-damage|p2a: Volcanion|76/100|[from] Stealth Rock
|
|-weather|RainDance|[upkeep]
|upkeep
|turn|14
|l| PG(^^)JMX
|
|t:|1604292929
|move|p2a: Volcanion|Steam Eruption|p1a: Blissey
|-damage|p1a: Blissey|38/100
|-status|p1a: Blissey|brn
|move|p1a: Blissey|Soft-Boiled|p1a: Blissey
|-heal|p1a: Blissey|88/100 brn
|
|-weather|RainDance|[upkeep]
|-damage|p1a: Blissey|82/100 brn|[from] brn
|upkeep
|turn|15
|c| im a lucky bastard|boruha u should be monthlocked cause u didnt approve the zarude poll
|c| im a lucky bastard|lol boruha
|
|t:|1604292935
|switch|p2a: Barraskewda|Barraskewda, F|88/100
|-damage|p2a: Barraskewda|76/100|[from] Stealth Rock
|move|p1a: Blissey|Soft-Boiled|p1a: Blissey
|-heal|p1a: Blissey|100/100 brn
|
|-weather|RainDance|[upkeep]
|-damage|p1a: Blissey|94/100 brn|[from] brn
|upkeep
|turn|16
|
|t:|1604292944
|-curestatus|p1a: Blissey|brn|[from] ability: Natural Cure
|switch|p1a: Slowbro|Slowbro, F|100/100
|move|p2a: Barraskewda|Liquidation|p1a: Slowbro
|-resisted|p1a: Slowbro
|-crit|p1a: Slowbro
|-damage|p1a: Slowbro|58/100
|-unboost|p1a: Slowbro|def|1
|
|-weather|RainDance|[upkeep]
|upkeep
|turn|17
|j| ACE2495
|
|t:|1604292954
|switch|p1a: Heatran|Heatran, F|100/100
|move|p2a: Barraskewda|Liquidation|p1a: Heatran
|-supereffective|p1a: Heatran
|-damage|p1a: Heatran|0 fnt
|faint|p1a: Heatran
|
|-weather|none
|upkeep
|n|%Fusien|fusien
|
|t:|1604292956
|switch|p1a: Pheromosa|Pheromosa|100/100
|turn|18
|
|t:|1604292964
|switch|p2a: Tornadus|Tornadus-Therian, M|100/100
|move|p1a: Pheromosa|Close Combat|p2a: Tornadus
|-resisted|p2a: Tornadus
|-damage|p2a: Tornadus|39/100
|-unboost|p1a: Pheromosa|def|1
|-unboost|p1a: Pheromosa|spd|1
|-damage|p1a: Pheromosa|91/100|[from] item: Life Orb
|
|upkeep
|turn|19
|
|t:|1604292969
|switch|p2a: Pelipper|Pelipper, M|100/100
|-damage|p2a: Pelipper|76/100|[from] Stealth Rock
|-weather|RainDance|[from] ability: Drizzle|[of] p2a: Pelipper
|move|p1a: Pheromosa|Ice Beam|p2a: Pelipper
|-damage|p2a: Pelipper|30/100
|-damage|p1a: Pheromosa|81/100|[from] item: Life Orb
|
|-weather|RainDance|[upkeep]
|upkeep
|turn|20
|
|t:|1604292974
|switch|p2a: Magearna|Magearna|71/100
|-damage|p2a: Magearna|65/100|[from] Stealth Rock
|move|p1a: Pheromosa|Ice Beam|p2a: Magearna
|-resisted|p2a: Magearna
|-damage|p2a: Magearna|57/100
|-damage|p1a: Pheromosa|71/100|[from] item: Life Orb
|
|-weather|RainDance|[upkeep]
|upkeep
|turn|21
|
|t:|1604292978
|switch|p1a: Blissey|Blissey, F|94/100
|move|p2a: Magearna|Volt Switch|p1a: Blissey
|-damage|p1a: Blissey|86/100
|
|t:|1604292980
|switch|p2a: Barraskewda|Barraskewda, F|76/100|[from]move: Volt Switch
|-damage|p2a: Barraskewda|64/100|[from] Stealth Rock
|
|-weather|RainDance|[upkeep]
|upkeep
|turn|22
|
|t:|1604292983
|switch|p1a: Slowbro|Slowbro, F|91/100
|move|p2a: Barraskewda|Liquidation|p1a: Slowbro
|-resisted|p1a: Slowbro
|-damage|p1a: Slowbro|63/100
|
|-weather|RainDance|[upkeep]
|upkeep
|turn|23
|
|t:|1604292990
|switch|p2a: Magearna|Magearna|57/100
|-damage|p2a: Magearna|51/100|[from] Stealth Rock
|move|p1a: Slowbro|Teleport|p1a: Slowbro
|
|t:|1604292995
|switch|p1a: Urshifu|Urshifu, F|100/100|[from]move: Teleport
|
|-weather|RainDance|[upkeep]
|upkeep
|turn|24
|
|t:|1604293000
|move|p1a: Urshifu|Close Combat|p2a: Magearna
|-damage|p2a: Magearna|0 fnt
|-unboost|p1a: Urshifu|def|1
|-unboost|p1a: Urshifu|spd|1
|faint|p2a: Magearna
|
|-weather|RainDance|[upkeep]
|upkeep
|
|t:|1604293007
|switch|p2a: Barraskewda|Barraskewda, F|64/100
|-damage|p2a: Barraskewda|52/100|[from] Stealth Rock
|turn|25
|
|t:|1604293010
|switch|p1a: Slowbro|Slowbro, F|96/100
|move|p2a: Barraskewda|Flip Turn|p1a: Slowbro
|-resisted|p1a: Slowbro
|-damage|p1a: Slowbro|73/100
|
|t:|1604293012
|switch|p2a: Volcanion|Volcanion|76/100|[from]move: Flip Turn
|-damage|p2a: Volcanion|51/100|[from] Stealth Rock
|
|-weather|RainDance|[upkeep]
|upkeep
|turn|26
|
|t:|1604293022
|switch|p1a: Blissey|Blissey, F|86/100
|move|p2a: Volcanion|Steam Eruption|p1a: Blissey
|-damage|p1a: Blissey|36/100
|
|-weather|none
|upkeep
|turn|27
|
|t:|1604293026
|move|p2a: Volcanion|Steam Eruption|p1a: Blissey
|-crit|p1a: Blissey
|-damage|p1a: Blissey|0 fnt
|faint|p1a: Blissey
|
|upkeep
|
|t:|1604293031
|switch|p1a: Pheromosa|Pheromosa|71/100
|turn|28
|
|t:|1604293034
|move|p1a: Pheromosa|Close Combat|p2a: Volcanion
|-damage|p2a: Volcanion|0 fnt
|-unboost|p1a: Pheromosa|def|1
|-unboost|p1a: Pheromosa|spd|1
|-damage|p1a: Pheromosa|61/100|[from] item: Life Orb
|faint|p2a: Volcanion
|-ability|p1a: Pheromosa|Beast Boost|boost
|-boost|p1a: Pheromosa|spe|1
|
|upkeep
|
|t:|1604293041
|switch|p2a: Pelipper|Pelipper, M|30/100
|-damage|p2a: Pelipper|5/100|[from] Stealth Rock
|-weather|RainDance|[from] ability: Drizzle|[of] p2a: Pelipper
|turn|29
|
|t:|1604293044
|move|p1a: Pheromosa|Ice Beam|p2a: Pelipper
|-damage|p2a: Pelipper|0 fnt
|-damage|p1a: Pheromosa|51/100|[from] item: Life Orb
|faint|p2a: Pelipper
|-ability|p1a: Pheromosa|Beast Boost|boost
|-boost|p1a: Pheromosa|spe|1
|
|-weather|RainDance|[upkeep]
|upkeep
|j| MiaMalkovaForever
|
|t:|1604293047
|switch|p2a: Barraskewda|Barraskewda, F|52/100
|-damage|p2a: Barraskewda|40/100|[from] Stealth Rock
|turn|30
|
|t:|1604293050
|move|p1a: Pheromosa|Close Combat|p2a: Barraskewda
|-damage|p2a: Barraskewda|0 fnt
|-unboost|p1a: Pheromosa|def|1
|-unboost|p1a: Pheromosa|spd|1
|-damage|p1a: Pheromosa|41/100|[from] item: Life Orb
|faint|p2a: Barraskewda
|-ability|p1a: Pheromosa|Beast Boost|boost
|-boost|p1a: Pheromosa|spe|1
|
|-weather|RainDance|[upkeep]
|upkeep
|c|☆X-Wing Fighter|shit
|
|t:|1604293061
|switch|p2a: Seismitoad|Seismitoad, M|100/100
|-damage|p2a: Seismitoad|95/100|[from] Stealth Rock
|turn|31
|l| I'M AT MY LIMIT!
|
|t:|1604293068
|move|p1a: Pheromosa|U-turn|p2a: Seismitoad
|-damage|p2a: Seismitoad|30/100
|-damage|p1a: Pheromosa|31/100|[from] item: Life Orb
|
|t:|1604293071
|switch|p1a: Slowbro|Slowbro, F|100/100|[from]move: U-turn
|move|p2a: Seismitoad|Surf|p1a: Slowbro
|-resisted|p1a: Slowbro
|-damage|p1a: Slowbro|73/100
|
|-weather|RainDance|[upkeep]
|upkeep
|turn|32
|
|t:|1604293076
|switch|p2a: Tornadus|Tornadus-Therian, M|72/100
|move|p1a: Slowbro|Slack Off|p1a: Slowbro
|-heal|p1a: Slowbro|100/100
|
|-weather|RainDance|[upkeep]
|upkeep
|turn|33
|
|t:|1604293078
|move|p2a: Tornadus|Nasty Plot|p2a: Tornadus
|-boost|p2a: Tornadus|spa|2
|move|p1a: Slowbro|Teleport|p1a: Slowbro
|
|t:|1604293081
|switch|p1a: Pheromosa|Pheromosa|31/100|[from]move: Teleport
|
|-weather|RainDance|[upkeep]
|upkeep
|turn|34
|
|t:|1604293085
|switch|p2a: Seismitoad|Seismitoad, M|30/100
|-damage|p2a: Seismitoad|24/100|[from] Stealth Rock
|move|p1a: Pheromosa|Ice Beam|p2a: Seismitoad
|-damage|p2a: Seismitoad|0 fnt
|-damage|p1a: Pheromosa|21/100|[from] item: Life Orb
|faint|p2a: Seismitoad
|-ability|p1a: Pheromosa|Beast Boost|boost
|-boost|p1a: Pheromosa|spe|1
|
|-weather|RainDance|[upkeep]
|upkeep
|
|t:|1604293087
|switch|p2a: Tornadus|Tornadus-Therian, M|100/100
|turn|35
|
|t:|1604293090
|move|p1a: Pheromosa|Ice Beam|p2a: Tornadus
|-supereffective|p2a: Tornadus
|-damage|p2a: Tornadus|18/100
|-damage|p1a: Pheromosa|11/100|[from] item: Life Orb
|move|p2a: Tornadus|Weather Ball|p1a: Pheromosa
|-damage|p1a: Pheromosa|0 fnt
|faint|p1a: Pheromosa
|
|-weather|RainDance|[upkeep]
|upkeep
|
|t:|1604293093
|switch|p1a: Tornadus|Tornadus-Therian, M|100/100
|turn|36
|
|t:|1604293095
|move|p1a: Tornadus|Hurricane|p2a: Tornadus
|-damage|p2a: Tornadus|0 fnt
|faint|p2a: Tornadus
|
|win|pulsar512b
|l| celeodijim
|l| Supersam10001
|l| Steez Ibanez
|l|+brouha☆
