|j|☆samohi0
|j|☆baigu3
|t:|1663372692
|gametype|singles
|player|p1|samohi0|169|1532
|player|p2|baigu3|101|1577
|teamsize|p1|6
|teamsize|p2|6
|gen|8
|tier|[Gen 8] OU
|rated|
|rule|Sleep Clause Mod: Limit one foe put to sleep
|rule|Species Clause: Limit one of each Pokémon
|rule|OHKO Clause: OHKO moves are banned
|rule|Evasion Items Clause: Evasion items are banned
|rule|Evasion Moves Clause: Evasion moves are banned
|rule|Endless Battle Clause: Forcing endless battles is banned
|rule|HP Percentage Mod: HP is shown in percentages
|rule|Dynamax Clause: You cannot dynamax
|clearpoke
|poke|p1|Hippowdon, M|
|poke|p1|Tyranitar, M|
|poke|p1|Excadrill, M|
|poke|p1|Dracozolt|
|poke|p1|Buzzwole|
|poke|p1|Zapdos|
|poke|p2|Tapu Lele|
|poke|p2|Porygon-Z|
|poke|p2|Pelipper, M|
|poke|p2|Ferrothorn, M|
|poke|p2|Barraskewda, M|
|poke|p2|Garchomp, M|
|teampreview
|j| Skinnybiscuit
|
|t:|1663372706
|start
|switch|p1a: nate dogg|Zapdos|100/100
|switch|p2a: Porygon-Z|Porygon-Z|100/100
|-ability|p2a: Porygon-Z|Download|boost
|-boost|p2a: Porygon-Z|atk|1
|turn|1
|inactive|Battle timer is ON: inactive players will automatically lose when time's up. (requested by baigu3)
|inactive|baigu3 has 120 seconds left.
|
|t:|1663372738
|move|p2a: Porygon-Z|Ice Beam|p1a: nate dogg
|-supereffective|p1a: nate dogg
|-damage|p1a: nate dogg|0 fnt
|faint|p1a: nate dogg
|
|upkeep
|l| Skinnybiscuit
|
|t:|1663372755
|switch|p1a: black thought|Tyranitar, M|100/100
|-weather|Sandstorm|[from] ability: Sand Stream|[of] p1a: black thought
|turn|2
|
|t:|1663372759
|switch|p2a: Ferrothorn|Ferrothorn, M|100/100
|move|p1a: black thought|Rock Blast|p2a: Ferrothorn
|-resisted|p2a: Ferrothorn
|-damage|p2a: Ferrothorn|97/100
|-resisted|p2a: Ferrothorn
|-damage|p2a: Ferrothorn|94/100
|-hitcount|p2a: Ferrothorn|2
|
|-weather|Sandstorm|[upkeep]
|upkeep
|turn|3
|
|t:|1663372766
|switch|p2a: Pelipper|Pelipper, M|100/100
|-weather|RainDance|[from] ability: Drizzle|[of] p2a: Pelipper
|move|p1a: black thought|Fire Blast|p2a: Pelipper
|-resisted|p2a: Pelipper
|-damage|p2a: Pelipper|93/100
|
|-weather|RainDance|[upkeep]
|upkeep
|turn|4
|
|t:|1663372773
|switch|p2a: Garchomp|Garchomp, M|100/100
|move|p1a: black thought|Rock Blast|p2a: Garchomp
|-resisted|p2a: Garchomp
|-damage|p2a: Garchomp|95/100
|-resisted|p2a: Garchomp
|-damage|p2a: Garchomp|89/100
|-resisted|p2a: Garchomp
|-damage|p2a: Garchomp|84/100
|-resisted|p2a: Garchomp
|-damage|p2a: Garchomp|78/100
|-resisted|p2a: Garchomp
|-damage|p2a: Garchomp|72/100
|-hitcount|p2a: Garchomp|5
|
|-weather|RainDance|[upkeep]
|-heal|p2a: Garchomp|78/100|[from] item: Leftovers
|upkeep
|turn|5
|
|t:|1663372784
|move|p2a: Garchomp|Swords Dance|p2a: Garchomp
|-boost|p2a: Garchomp|atk|2
|move|p1a: black thought|Ice Beam|p2a: Garchomp
|-supereffective|p2a: Garchomp
|-damage|p2a: Garchomp|0 fnt
|faint|p2a: Garchomp
|
|-weather|RainDance|[upkeep]
|upkeep
|
|t:|1663372790
|switch|p2a: Barraskewda|Barraskewda, M|100/100
|turn|6
|
|t:|1663372814
|switch|p1a: 50 cent|Buzzwole|100/100
|move|p2a: Barraskewda|Flip Turn|p1a: 50 cent
|-damage|p1a: 50 cent|60/100
|-damage|p2a: Barraskewda|84/100|[from] item: Rocky Helmet|[of] p1a: 50 cent
|
|t:|1663372817
|switch|p2a: Porygon-Z|Porygon-Z|100/100|[from]move: Flip Turn
|-ability|p2a: Porygon-Z|Download|boost
|-boost|p2a: Porygon-Z|spa|1
|
|-weather|RainDance|[upkeep]
|upkeep
|turn|7
|
|t:|1663372821
|switch|p1a: black thought|Tyranitar, M|100/100
|-weather|Sandstorm|[from] ability: Sand Stream|[of] p1a: black thought
|move|p2a: Porygon-Z|Tri Attack|p1a: black thought
|-resisted|p1a: black thought
|-damage|p1a: black thought|82/100
|
|-weather|Sandstorm|[upkeep]
|-damage|p2a: Porygon-Z|94/100|[from] Sandstorm
|upkeep
|turn|8
|
|t:|1663372835
|switch|p2a: Pelipper|Pelipper, M|93/100
|-weather|RainDance|[from] ability: Drizzle|[of] p2a: Pelipper
|move|p1a: black thought|Rock Blast|p2a: Pelipper
|-supereffective|p2a: Pelipper
|-damage|p2a: Pelipper|69/100
|-supereffective|p2a: Pelipper
|-damage|p2a: Pelipper|42/100
|-hitcount|p2a: Pelipper|2
|
|-weather|RainDance|[upkeep]
|upkeep
|turn|9
|
|t:|1663372845
|switch|p2a: Ferrothorn|Ferrothorn, M|94/100
|move|p1a: black thought|Rock Blast|p2a: Ferrothorn
|-resisted|p2a: Ferrothorn
|-crit|p2a: Ferrothorn
|-damage|p2a: Ferrothorn|88/100
|-resisted|p2a: Ferrothorn
|-damage|p2a: Ferrothorn|85/100
|-resisted|p2a: Ferrothorn
|-damage|p2a: Ferrothorn|81/100
|-hitcount|p2a: Ferrothorn|3
|
|-weather|RainDance|[upkeep]
|upkeep
|turn|10
|
|t:|1663372847
|move|p1a: black thought|Fire Blast|p2a: Ferrothorn|[miss]
|-miss|p1a: black thought|p2a: Ferrothorn
|move|p2a: Ferrothorn|Spikes|p1a: black thought
|-sidestart|p1: samohi0|Spikes
|
|-weather|RainDance|[upkeep]
|upkeep
|turn|11
|
|t:|1663372850
|move|p1a: black thought|Fire Blast|p2a: Ferrothorn|[miss]
|-miss|p1a: black thought|p2a: Ferrothorn
|move|p2a: Ferrothorn|Body Press|p1a: black thought
|-supereffective|p1a: black thought
|-crit|p1a: black thought
|-damage|p1a: black thought|0 fnt
|faint|p1a: black thought
|
|-weather|RainDance|[upkeep]
|upkeep
|
|t:|1663372854
|switch|p1a: big pun|Hippowdon, M|100/100
|-damage|p1a: big pun|88/100|[from] Spikes
|-weather|Sandstorm|[from] ability: Sand Stream|[of] p1a: big pun
|turn|12
|
|t:|1663372858
|switch|p2a: Pelipper|Pelipper, M|42/100
|-weather|RainDance|[from] ability: Drizzle|[of] p2a: Pelipper
|move|p1a: big pun|Stealth Rock|p2a: Pelipper
|-sidestart|p2: baigu3|move: Stealth Rock
|
|-weather|RainDance|[upkeep]
|upkeep
|turn|13
|
|t:|1663372861
|switch|p1a: 50 cent|Buzzwole|60/100
|-damage|p1a: 50 cent|47/100|[from] Spikes
|move|p2a: Pelipper|Roost|p2a: Pelipper
|-heal|p2a: Pelipper|92/100
|-singleturn|p2a: Pelipper|move: Roost
|
|-weather|RainDance|[upkeep]
|upkeep
|turn|14
|
|t:|1663372866
|switch|p2a: Ferrothorn|Ferrothorn, M|81/100
|-damage|p2a: Ferrothorn|75/100|[from] Stealth Rock
|move|p1a: 50 cent|Ice Punch|p2a: Ferrothorn
|-damage|p2a: Ferrothorn|58/100
|-damage|p1a: 50 cent|35/100|[from] ability: Iron Barbs|[of] p2a: Ferrothorn
|-damage|p1a: 50 cent|18/100|[from] item: Rocky Helmet|[of] p2a: Ferrothorn
|
|-weather|RainDance|[upkeep]
|upkeep
|turn|15
|
|t:|1663372877
|move|p1a: 50 cent|Drain Punch|p2a: Ferrothorn
|-supereffective|p2a: Ferrothorn
|-damage|p2a: Ferrothorn|8/100
|-heal|p1a: 50 cent|40/100|[from] drain|[of] p2a: Ferrothorn
|-damage|p1a: 50 cent|27/100|[from] ability: Iron Barbs|[of] p2a: Ferrothorn
|-damage|p1a: 50 cent|11/100|[from] item: Rocky Helmet|[of] p2a: Ferrothorn
|move|p2a: Ferrothorn|Spikes|p1a: 50 cent
|-sidestart|p1: samohi0|Spikes
|
|-weather|RainDance|[upkeep]
|upkeep
|turn|16
|
|t:|1663372896
|move|p1a: 50 cent|Drain Punch|p2a: Ferrothorn
|-supereffective|p2a: Ferrothorn
|-damage|p2a: Ferrothorn|0 fnt
|-heal|p1a: 50 cent|14/100|[from] drain|[of] p2a: Ferrothorn
|-damage|p1a: 50 cent|1/100|[from] ability: Iron Barbs|[of] p2a: Ferrothorn
|-damage|p1a: 50 cent|0 fnt|[from] item: Rocky Helmet|[of] p2a: Ferrothorn
|faint|p2a: Ferrothorn
|faint|p1a: 50 cent
|
|-weather|RainDance|[upkeep]
|upkeep
|
|t:|1663372908
|switch|p1a: big pun|Hippowdon, M|88/100
|switch|p2a: Porygon-Z|Porygon-Z|94/100
|-damage|p2a: Porygon-Z|82/100|[from] Stealth Rock
|-ability|p2a: Porygon-Z|Download|boost
|-boost|p2a: Porygon-Z|spa|1
|-damage|p1a: big pun|71/100|[from] Spikes
|-weather|Sandstorm|[from] ability: Sand Stream|[of] p1a: big pun
|turn|17
|
|t:|1663372929
|switch|p1a: mos def|Excadrill, M|100/100
|-damage|p1a: mos def|84/100|[from] Spikes
|move|p2a: Porygon-Z|Ice Beam|p1a: mos def
|-damage|p1a: mos def|0 fnt
|faint|p1a: mos def
|
|-weather|Sandstorm|[upkeep]
|-damage|p2a: Porygon-Z|76/100|[from] Sandstorm
|upkeep
|
|t:|1663372931
|switch|p1a: po and dangerous|Dracozolt|100/100
|-damage|p1a: po and dangerous|84/100|[from] Spikes
|turn|18
|inactive|baigu3 has 120 seconds left.
|
|t:|1663372977
|move|p1a: po and dangerous|Bolt Beak|p2a: Porygon-Z
|-damage|p2a: Porygon-Z|0 fnt
|faint|p2a: Porygon-Z
|-damage|p1a: po and dangerous|74/100|[from] item: Life Orb
|
|-weather|Sandstorm|[upkeep]
|upkeep
|
|t:|1663372984
|switch|p2a: Pelipper|Pelipper, M|92/100
|-damage|p2a: Pelipper|67/100|[from] Stealth Rock
|-weather|RainDance|[from] ability: Drizzle|[of] p2a: Pelipper
|turn|19
|
|t:|1663372994
|switch|p2a: Tapu Lele|Tapu Lele|100/100
|-damage|p2a: Tapu Lele|88/100|[from] Stealth Rock
|-fieldstart|move: Psychic Terrain|[from] ability: Psychic Surge|[of] p2a: Tapu Lele
|move|p1a: po and dangerous|Bolt Beak|p2a: Tapu Lele
|-damage|p2a: Tapu Lele|0 fnt
|faint|p2a: Tapu Lele
|-damage|p1a: po and dangerous|64/100|[from] item: Life Orb
|
|-weather|RainDance|[upkeep]
|upkeep
|
|t:|1663372997
|switch|p2a: Barraskewda|Barraskewda, M|84/100
|-damage|p2a: Barraskewda|72/100|[from] Stealth Rock
|turn|20
|
|t:|1663373000
|move|p2a: Barraskewda|Liquidation|p1a: po and dangerous
|-resisted|p1a: po and dangerous
|-damage|p1a: po and dangerous|7/100
|move|p1a: po and dangerous|Bolt Beak|p2a: Barraskewda
|-supereffective|p2a: Barraskewda
|-damage|p2a: Barraskewda|0 fnt
|faint|p2a: Barraskewda
|-damage|p1a: po and dangerous|0 fnt|[from] item: Life Orb
|faint|p1a: po and dangerous
|
|-weather|RainDance|[upkeep]
|upkeep
|
|t:|1663373003
|switch|p2a: Pelipper|Pelipper, M|67/100
|switch|p1a: big pun|Hippowdon, M|71/100
|-damage|p2a: Pelipper|43/100|[from] Stealth Rock
|-damage|p1a: big pun|55/100|[from] Spikes
|-weather|Sandstorm|[from] ability: Sand Stream|[of] p1a: big pun
|turn|21
|
|t:|1663373006
|move|p2a: Pelipper|Roost|p2a: Pelipper
|-heal|p2a: Pelipper|93/100
|-singleturn|p2a: Pelipper|move: Roost
|move|p1a: big pun|Slack Off|p1a: big pun
|-heal|p1a: big pun|100/100
|
|-weather|Sandstorm|[upkeep]
|-damage|p2a: Pelipper|87/100|[from] Sandstorm
|upkeep
|turn|22
|
|t:|1663373009
|move|p2a: Pelipper|Scald|p1a: big pun
|-supereffective|p1a: big pun
|-damage|p1a: big pun|48/100
|move|p1a: big pun|Toxic|p2a: Pelipper
|-status|p2a: Pelipper|tox
|
|-weather|Sandstorm|[upkeep]
|-damage|p2a: Pelipper|80/100 tox|[from] Sandstorm
|-damage|p2a: Pelipper|74/100 tox|[from] psn
|upkeep
|turn|23
|
|t:|1663373013
|move|p2a: Pelipper|Scald|p1a: big pun
|-supereffective|p1a: big pun
|-damage|p1a: big pun|0 fnt
|faint|p1a: big pun
|
|win|baigu3
|raw|samohi0's rating: 1562 &rarr; <strong>1543</strong><br />(-19 for losing)
|raw|baigu3's rating: 1577 &rarr; <strong>1596</strong><br />(+19 for winning)
