|j|☆Ivyon
|j|☆Alaktar
|t:|1643645064
|gametype|singles
|player|p1|Ivyon|blue|1508
|player|p2|Alaktar|101|1425
|teamsize|p1|6
|teamsize|p2|6
|gen|8
|tier|[Gen 8] OU
|rated|
|rule|Sleep Clause Mod: Limit one foe put to sleep
|rule|Species Clause: Limit one of each Pokémon
|rule|OHKO Clause: OHKO moves are banned
|rule|Evasion Moves Clause: Evasion moves are banned
|rule|Endless Battle Clause: Forcing endless battles is banned
|rule|HP Percentage Mod: HP is shown in percentages
|rule|Dynamax Clause: You cannot dynamax
|clearpoke
|poke|p1|Cloyster, M|
|poke|p1|Blaziken, F|
|poke|p1|Regieleki|
|poke|p1|Shuckle, M|
|poke|p1|Lycanroc-Dusk, M|
|poke|p1|Azumarill, F|
|poke|p2|Crawdaunt, M|
|poke|p2|Hatterene, F|
|poke|p2|Melmetal|
|poke|p2|Marowak-Alola, F|
|poke|p2|Cresselia, F|
|poke|p2|Slowbro, M|
|teampreview
|inactive|Battle timer is ON: inactive players will automatically lose when time's up. (requested by Alaktar)
|
|t:|1643645075
|start
|switch|p1a: Azumarill|Azumarill, F|100/100
|switch|p2a: Melmetal|Melmetal|100/100
|turn|1
|
|t:|1643645087
|switch|p1a: Shuckle|Shuckle, M, shiny|100/100
|move|p2a: Melmetal|Earthquake|p1a: Shuckle
|-damage|p1a: Shuckle|64/100
|
|upkeep
|turn|2
|
|t:|1643645096
|switch|p2a: Hatterene|Hatterene, F|100/100
|move|p1a: Shuckle|Stealth Rock|p2a: Hatterene
|move|p2a: Hatterene|Stealth Rock|p1a: Shuckle|[from]ability: Magic Bounce
|-sidestart|p1: Ivyon|move: Stealth Rock
|
|upkeep
|turn|3
|
|t:|1643645104
|move|p1a: Shuckle|Encore|p2a: Hatterene
|move|p2a: Hatterene|Encore||[from]ability: Magic Bounce|[still]
|-fail|p2a: Hatterene
|move|p2a: Hatterene|Trick Room|p2a: Hatterene
|-fieldstart|move: Trick Room|[of] p2a: Hatterene
|
|upkeep
|turn|4
|
|t:|1643645112
|move|p1a: Shuckle|Power Split|p2a: Hatterene
|-activate|p1a: Shuckle|move: Power Split|[of] p2a: Hatterene
|move|p2a: Hatterene|Mystical Fire|p1a: Shuckle
|-damage|p1a: Shuckle|56/100
|-unboost|p1a: Shuckle|spa|1
|
|upkeep
|turn|5
|
|t:|1643645121
|switch|p2a: Melmetal|Melmetal|100/100
|move|p1a: Shuckle|Power Split|p2a: Melmetal
|-activate|p1a: Shuckle|move: Power Split|[of] p2a: Melmetal
|
|upkeep
|turn|6
|
|t:|1643645127
|move|p1a: Shuckle|Stealth Rock|p2a: Melmetal
|-sidestart|p2: Alaktar|move: Stealth Rock
|move|p2a: Melmetal|Double Iron Bash|p1a: Shuckle
|-supereffective|p1a: Shuckle
|-damage|p1a: Shuckle|4/100
|-damage|p2a: Melmetal|84/100|[from] item: Rocky Helmet|[of] p1a: Shuckle
|-supereffective|p1a: Shuckle
|-damage|p1a: Shuckle|0 fnt
|-damage|p2a: Melmetal|67/100|[from] item: Rocky Helmet|[of] p1a: Shuckle
|faint|p1a: Shuckle
|-hitcount|p1: Shuckle|2
|
|upkeep
|
|t:|1643645142
|switch|p1a: Azumarill|Azumarill, F|100/100
|-damage|p1a: Azumarill|88/100|[from] Stealth Rock
|turn|7
|
|t:|1643645154
|move|p2a: Melmetal|Double Iron Bash|p1a: Azumarill
|-damage|p1a: Azumarill|45/100
|-enditem|p1a: Azumarill|Sitrus Berry|[eat]
|-heal|p1a: Azumarill|70/100|[from] item: Sitrus Berry
|-damage|p1a: Azumarill|28/100
|-hitcount|p1a: Azumarill|2
|move|p1a: Azumarill|Knock Off|p2a: Melmetal
|-damage|p2a: Melmetal|45/100
|-enditem|p2a: Melmetal|Choice Band|[from] move: Knock Off|[of] p1a: Azumarill
|
|-fieldend|move: Trick Room
|upkeep
|turn|8
|
|t:|1643645165
|move|p1a: Azumarill|Aqua Jet|p2a: Melmetal
|-damage|p2a: Melmetal|33/100
|move|p2a: Melmetal|Double Iron Bash|p1a: Azumarill
|-damage|p1a: Azumarill|0 fnt
|faint|p1a: Azumarill
|-hitcount|p1: Azumarill|1
|
|upkeep
|
|t:|1643645168
|switch|p1a: Regieleki|Regieleki|100/100
|-damage|p1a: Regieleki|88/100|[from] Stealth Rock
|turn|9
|
|t:|1643645178
|switch|p2a: Cresselia|Cresselia, F|100/100
|-damage|p2a: Cresselia|88/100|[from] Stealth Rock
|move|p1a: Regieleki|Volt Switch|p2a: Cresselia
|-damage|p2a: Cresselia|42/100
|
|t:|1643645188
|switch|p1a: Blaziken|Blaziken, F, shiny|100/100|[from]move: Volt Switch
|-damage|p1a: Blaziken|88/100|[from] Stealth Rock
|
|upkeep
|turn|10
|
|t:|1643645194
|move|p1a: Blaziken|Knock Off|p2a: Cresselia
|-supereffective|p2a: Cresselia
|-damage|p2a: Cresselia|9/100
|-enditem|p2a: Cresselia|Mental Herb|[from] move: Knock Off|[of] p1a: Blaziken
|move|p2a: Cresselia|Trick Room|p2a: Cresselia
|-fieldstart|move: Trick Room|[of] p2a: Cresselia
|
|-ability|p1a: Blaziken|Speed Boost|boost
|-boost|p1a: Blaziken|spe|1
|upkeep
|turn|11
|
|t:|1643645203
|move|p2a: Cresselia|Lunar Dance|p2a: Cresselia
|faint|p2a: Cresselia
|move|p1a: Blaziken|Knock Off|p2: Cresselia|[notarget]
|-fail|p1a: Blaziken
|
|-ability|p1a: Blaziken|Speed Boost|boost
|-boost|p1a: Blaziken|spe|1
|upkeep
|
|t:|1643645211
|switch|p2a: Melmetal|Melmetal|33/100
|-heal|p2a: Melmetal|100/100|[from] move: Lunar Dance
|-damage|p2a: Melmetal|94/100|[from] Stealth Rock
|turn|12
|
|t:|1643645217
|move|p2a: Melmetal|Earthquake|p1a: Blaziken
|-supereffective|p1a: Blaziken
|-crit|p1a: Blaziken
|-damage|p1a: Blaziken|0 fnt
|faint|p1a: Blaziken
|
|upkeep
|
|t:|1643645223
|switch|p1a: Cloyster|Cloyster, M|100/100
|-damage|p1a: Cloyster|76/100|[from] Stealth Rock
|turn|13
|
|t:|1643645228
|move|p2a: Melmetal|Double Iron Bash|p1a: Cloyster
|-damage|p1a: Cloyster|36/100
|-damage|p1a: Cloyster|0 fnt
|faint|p1a: Cloyster
|-hitcount|p1: Cloyster|2
|
|upkeep
|
|t:|1643645232
|switch|p1a: Lycanroc|Lycanroc-Dusk, M, shiny|100/100
|-damage|p1a: Lycanroc|88/100|[from] Stealth Rock
|turn|14
|
|t:|1643645241
|move|p1a: Lycanroc|Sucker Punch|p2a: Melmetal
|-damage|p2a: Melmetal|77/100
|move|p2a: Melmetal|Double Iron Bash|p1a: Lycanroc
|-supereffective|p1a: Lycanroc
|-damage|p1a: Lycanroc|0 fnt
|faint|p1a: Lycanroc
|-hitcount|p1: Lycanroc|1
|
|-fieldend|move: Trick Room
|upkeep
|
|t:|1643645244
|switch|p1a: Regieleki|Regieleki|88/100
|-damage|p1a: Regieleki|76/100|[from] Stealth Rock
|turn|15
|
|t:|1643645254
|move|p1a: Regieleki|Thunderbolt|p2a: Melmetal
|-damage|p2a: Melmetal|0 fnt
|faint|p2a: Melmetal
|
|upkeep
|
|t:|1643645272
|switch|p2a: Hatterene|Hatterene, F|100/100
|-damage|p2a: Hatterene|88/100|[from] Stealth Rock
|turn|16
|
|t:|1643645277
|move|p1a: Regieleki|Thunderbolt|p2a: Hatterene
|-damage|p2a: Hatterene|0 fnt
|faint|p2a: Hatterene
|
|upkeep
|
|t:|1643645287
|switch|p2a: Marowak|Marowak-Alola, F|100/100
|-damage|p2a: Marowak|76/100|[from] Stealth Rock
|turn|17
|
|t:|1643645292
|move|p1a: Regieleki|Thunderbolt|p2a: Marowak
|-damage|p2a: Marowak|0 fnt
|faint|p2a: Marowak
|
|upkeep
|
|t:|1643645298
|switch|p2a: Crawdaunt|Crawdaunt, M|100/100
|-damage|p2a: Crawdaunt|88/100|[from] Stealth Rock
|turn|18
|
|t:|1643645302
|move|p2a: Crawdaunt|Aqua Jet|p1a: Regieleki
|-damage|p1a: Regieleki|5/100
|-damage|p2a: Crawdaunt|78/100|[from] item: Life Orb
|move|p1a: Regieleki|Thunderbolt|p2a: Crawdaunt
|-supereffective|p2a: Crawdaunt
|-damage|p2a: Crawdaunt|0 fnt
|faint|p2a: Crawdaunt
|
|upkeep
|
|t:|1643645311
|switch|p2a: Slowbro|Slowbro, M|100/100
|-damage|p2a: Slowbro|88/100|[from] Stealth Rock
|turn|19
|
|t:|1643645316
|move|p1a: Regieleki|Thunderbolt|p2a: Slowbro
|-supereffective|p2a: Slowbro
|-damage|p2a: Slowbro|0 fnt
|faint|p2a: Slowbro
|
|win|Ivyon
|raw|Ivyon's rating: 1508 &rarr; <strong>1523</strong><br />(+15 for winning)
|raw|Alaktar's rating: 1425 &rarr; <strong>1410</strong><br />(-15 for losing)
|l|☆Alaktar
|c|☆Ivyon|gg
||Ladder isn't responding, score probably updated but might not have (Request timeout).
