|j|☆lanyang
|j|☆roboPOKE
|t:|1637226867
|gametype|singles
|player|p1|lanyang|1|1468
|player|p2|roboPOKE|170|1522
|teamsize|p1|6
|teamsize|p2|6
|gen|8
|tier|[Gen 8] OU
|rated|
|rule|Sleep Clause Mod: Limit one foe put to sleep
|rule|Species Clause: Limit one of each Pokémon
|rule|OHKO Clause: OHKO moves are banned
|rule|Evasion Moves Clause: Evasion moves are banned
|rule|Endless Battle Clause: Forcing endless battles is banned
|rule|HP Percentage Mod: HP is shown in percentages
|rule|Dynamax Clause: You cannot dynamax
|clearpoke
|poke|p1|Buzzwole|
|poke|p1|Celesteela|
|poke|p1|Blissey, F|
|poke|p1|Weavile, F|
|poke|p1|Gastrodon, F|
|poke|p1|Dragapult, F|
|poke|p2|Landorus-Therian, M|
|poke|p2|Mew|
|poke|p2|Ninetales-Alola, F|
|poke|p2|Blaziken, M|
|poke|p2|Tapu Bulu|
|poke|p2|Aegislash, F|
|teampreview
|j| spiderbytus
|inactive|Battle timer is ON: inactive players will automatically lose when time's up. (requested by roboPOKE)
|inactive|lanyang has 120 seconds left.
|
|t:|1637226907
|start
|switch|p1a: 冰龙必须死|Celesteela|100/100
|switch|p2a: Mew|Mew|100/100
|turn|1
|
|t:|1637226914
|switch|p1a: 冰龙ban了|Weavile, F|100/100
|-ability|p1a: 冰龙ban了|Pressure
|move|p2a: Mew|Will-O-Wisp|p1a: 冰龙ban了
|-status|p1a: 冰龙ban了|brn
|
|-damage|p1a: 冰龙ban了|94/100 brn|[from] brn
|upkeep
|turn|2
|
|t:|1637226923
|switch|p2a: Ninetales|Ninetales-Alola, F|100/100
|-weather|Hail|[from] ability: Snow Warning|[of] p2a: Ninetales
|move|p1a: 冰龙ban了|Swords Dance|p1a: 冰龙ban了
|-boost|p1a: 冰龙ban了|atk|2
|
|-weather|Hail|[upkeep]
|-damage|p1a: 冰龙ban了|88/100 brn|[from] brn
|upkeep
|turn|3
|
|t:|1637226933
|move|p1a: 冰龙ban了|Knock Off|p2a: Ninetales
|-resisted|p2a: Ninetales
|-damage|p2a: Ninetales|70/100
|-enditem|p2a: Ninetales|Light Clay|[from] move: Knock Off|[of] p1a: 冰龙ban了
|move|p2a: Ninetales|Aurora Veil|p2a: Ninetales
|-sidestart|p2: roboPOKE|move: Aurora Veil
|
|-weather|Hail|[upkeep]
|-damage|p1a: 冰龙ban了|82/100 brn|[from] brn
|upkeep
|turn|4
|
|t:|1637226940
|switch|p1a: 冰龙不能活|Blissey, F|100/100
|move|p2a: Ninetales|Encore||[still]
|-fail|p2a: Ninetales
|
|-weather|Hail|[upkeep]
|-damage|p1a: 冰龙不能活|94/100|[from] Hail
|-heal|p1a: 冰龙不能活|100/100|[from] item: Leftovers
|upkeep
|turn|5
|
|t:|1637226950
|switch|p2a: Mew|Mew|100/100
|move|p1a: 冰龙不能活|Toxic|p2a: Mew
|-status|p2a: Mew|tox
|-activate|p2a: Mew|ability: Synchronize
|-status|p1a: 冰龙不能活|tox
|
|-weather|Hail|[upkeep]
|-damage|p2a: Mew|94/100 tox|[from] Hail
|-damage|p1a: 冰龙不能活|94/100 tox|[from] Hail
|-heal|p2a: Mew|100/100 tox|[from] item: Leftovers
|-heal|p1a: 冰龙不能活|100/100 tox|[from] item: Leftovers
|-damage|p2a: Mew|94/100 tox|[from] psn
|-damage|p1a: 冰龙不能活|94/100 tox|[from] psn
|upkeep
|turn|6
|
|t:|1637226963
|-curestatus|p1a: 冰龙不能活|tox|[from] ability: Natural Cure
|switch|p1a: 冰龙ban了|Weavile, F|82/100 brn
|-ability|p1a: 冰龙ban了|Pressure
|move|p2a: Mew|Spikes|p1a: 冰龙ban了
|-sidestart|p1: lanyang|Spikes
|
|-weather|none
|-heal|p2a: Mew|100/100 tox|[from] item: Leftovers
|-damage|p2a: Mew|88/100 tox|[from] psn
|-damage|p1a: 冰龙ban了|76/100 brn|[from] brn
|upkeep
|turn|7
|
|t:|1637226975
|switch|p2a: Blaziken|Blaziken, M|100/100
|move|p1a: 冰龙ban了|Knock Off|p2a: Blaziken
|-resisted|p2a: Blaziken
|-crit|p2a: Blaziken
|-damage|p2a: Blaziken|75/100
|-enditem|p2a: Blaziken|Leftovers|[from] move: Knock Off|[of] p1a: 冰龙ban了
|
|-damage|p1a: 冰龙ban了|70/100 brn|[from] brn
|-sideend|p2: roboPOKE|move: Aurora Veil
|upkeep
|turn|8
|
|t:|1637226983
|move|p1a: 冰龙ban了|Triple Axel|p2a: Blaziken
|-resisted|p2a: Blaziken
|-damage|p2a: Blaziken|71/100
|-resisted|p2a: Blaziken
|-damage|p2a: Blaziken|63/100
|-resisted|p2a: Blaziken
|-damage|p2a: Blaziken|53/100
|-hitcount|p2a: Blaziken|3
|move|p2a: Blaziken|Swords Dance|p2a: Blaziken
|-boost|p2a: Blaziken|atk|2
|
|-damage|p1a: 冰龙ban了|64/100 brn|[from] brn
|-ability|p2a: Blaziken|Speed Boost|boost
|-boost|p2a: Blaziken|spe|1
|upkeep
|turn|9
|
|t:|1637226996
|move|p1a: 冰龙ban了|Ice Shard|p2a: Blaziken
|-resisted|p2a: Blaziken
|-damage|p2a: Blaziken|45/100
|move|p2a: Blaziken|Swords Dance|p2a: Blaziken
|-boost|p2a: Blaziken|atk|2
|
|-damage|p1a: 冰龙ban了|58/100 brn|[from] brn
|-ability|p2a: Blaziken|Speed Boost|boost
|-boost|p2a: Blaziken|spe|1
|upkeep
|turn|10
|
|t:|1637227005
|move|p1a: 冰龙ban了|Ice Shard|p2a: Blaziken
|-resisted|p2a: Blaziken
|-damage|p2a: Blaziken|37/100
|move|p2a: Blaziken|Thunder Punch|p1a: 冰龙ban了
|-damage|p1a: 冰龙ban了|0 fnt
|faint|p1a: 冰龙ban了
|
|-ability|p2a: Blaziken|Speed Boost|boost
|-boost|p2a: Blaziken|spe|1
|upkeep
|-message|lanyang forfeited.
|
|win|roboPOKE
|raw|lanyang's rating: 1468 &rarr; <strong>1451</strong><br />(-17 for losing)
|raw|roboPOKE's rating: 1522 &rarr; <strong>1539</strong><br />(+17 for winning)
|l|☆lanyang
