|j|☆Gotmyvanson
|j|☆KrazyKoopa 95
|player|p1|Gotmyvanson|2|1478
|player|p2|KrazyKoopa 95|23|1461
|teamsize|p1|6
|teamsize|p2|6
|gametype|singles
|gen|8
|tier|[Gen 8] OU
|rated|
|clearpoke
|poke|p1|Dragapult, F|
|poke|p1|Clefable, F|
|poke|p1|Mew|
|poke|p1|Dracovish|
|poke|p1|Bisharp, F|
|poke|p1|Dugtrio, F|
|poke|p2|Corviknight, M|
|poke|p2|Gengar, F|
|poke|p2|Clefable, F|
|poke|p2|Dragapult, F|
|poke|p2|Seismitoad, F|
|poke|p2|Grimmsnarl, M|
|rule|Sleep Clause Mod: Limit one foe put to sleep
|rule|Species Clause: Limit one of each Pokémon
|rule|OHKO Clause: OHKO moves are banned
|rule|Evasion Moves Clause: Evasion moves are banned
|rule|Endless Battle Clause: Forcing endless battles is banned
|rule|HP Percentage Mod: HP is shown in percentages
|rule|Dynamax Clause: You cannot dynamax
|teampreview
|
|start
|switch|p1a: Dugtrio|Dugtrio, F|100/100
|switch|p2a: Dragapult|Dragapult, F|100/100
|turn|1
|inactive|Battle timer is ON: inactive players will automatically lose when time's up. (requested by KrazyKoopa 95)
|
|move|p1a: Dugtrio|Sucker Punch||[still]
|-fail|p1a: Dugtrio
|move|p2a: Dragapult|Substitute|p2a: Dragapult
|-start|p2a: Dragapult|Substitute
|-damage|p2a: Dragapult|76/100
|
|-heal|p2a: Dragapult|82/100|[from] item: Leftovers
|upkeep
|turn|2
|
|switch|p1a: Mew|Mew|100/100
|move|p2a: Dragapult|Flamethrower|p1a: Mew
|-damage|p1a: Mew|75/100
|-enditem|p1a: Mew|Red Card|[of] p2a: Dragapult
|drag|p2a: Clefable|Clefable, F|100/100
|
|upkeep
|turn|3
|
|move|p1a: Mew|Stealth Rock|p2a: Clefable
|-sidestart|p2: KrazyKoopa 95|move: Stealth Rock
|move|p2a: Clefable|Moonblast|p1a: Mew
|-damage|p1a: Mew|24/100
|-unboost|p1a: Mew|spa|1
|
|upkeep
|turn|4
|
|switch|p2a: Seismitoad|Seismitoad, F|100/100
|-damage|p2a: Seismitoad|94/100|[from] Stealth Rock
|move|p1a: Mew|Spikes|p2a: Seismitoad
|-sidestart|p2: KrazyKoopa 95|Spikes
|
|-heal|p2a: Seismitoad|100/100|[from] item: Leftovers
|upkeep
|turn|5
|
|move|p1a: Mew|Taunt|p2a: Seismitoad
|-start|p2a: Seismitoad|move: Taunt
|cant|p2a: Seismitoad|move: Taunt|Stealth Rock
|
|upkeep
|turn|6
|
|switch|p2a: Dragapult|Dragapult, F|82/100
|-damage|p2a: Dragapult|69/100|[from] Spikes
|-damage|p2a: Dragapult|57/100|[from] Stealth Rock
|move|p1a: Mew|Spikes|p2a: Dragapult
|-sidestart|p2: KrazyKoopa 95|Spikes
|
|-heal|p2a: Dragapult|63/100|[from] item: Leftovers
|upkeep
|turn|7
|
|move|p2a: Dragapult|Substitute|p2a: Dragapult
|-start|p2a: Dragapult|Substitute
|-damage|p2a: Dragapult|38/100
|move|p1a: Mew|Taunt|p2a: Dragapult
|-start|p2a: Dragapult|move: Taunt
|
|-heal|p2a: Dragapult|44/100|[from] item: Leftovers
|upkeep
|turn|8
|
|move|p2a: Dragapult|Hex|p1a: Mew
|-supereffective|p1a: Mew
|-damage|p1a: Mew|0 fnt
|faint|p1a: Mew
|
|-heal|p2a: Dragapult|50/100|[from] item: Leftovers
|upkeep
|
|switch|p1a: Bisharp|Bisharp, F|100/100
|turn|9
|
|move|p1a: Bisharp|Sucker Punch|p2a: Dragapult
|-supereffective|p2a: Dragapult
|-end|p2a: Dragapult|Substitute
|move|p2a: Dragapult|Flamethrower|p1a: Bisharp
|-supereffective|p1a: Bisharp
|-damage|p1a: Bisharp|0 fnt
|faint|p1a: Bisharp
|
|-heal|p2a: Dragapult|56/100|[from] item: Leftovers
|upkeep
|
|switch|p1a: Dugtrio|Dugtrio, F|100/100
|turn|10
|
|switch|p2a: Corviknight|Corviknight, M|100/100
|-damage|p2a: Corviknight|88/100|[from] Stealth Rock
|-ability|p2a: Corviknight|Pressure
|move|p1a: Dugtrio|Sucker Punch||[still]
|-fail|p1a: Dugtrio
|
|-heal|p2a: Corviknight|94/100|[from] item: Leftovers
|upkeep
|turn|11
|
|switch|p1a: Dracovish|Dracovish|100/100
|move|p2a: Corviknight|Defog|p1a: Dracovish
|-unboost|p1a: Dracovish|evasion|1
|-sideend|p2: KrazyKoopa 95|Spikes|[from] move: Defog|[of] p2a: Corviknight
|-sideend|p2: KrazyKoopa 95|Stealth Rock|[from] move: Defog|[of] p2a: Corviknight
|
|-heal|p2a: Corviknight|100/100|[from] item: Leftovers
|upkeep
|turn|12
|
|switch|p2a: Seismitoad|Seismitoad, F|100/100
|move|p1a: Dracovish|Fishious Rend|p2a: Seismitoad
|-immune|p2a: Seismitoad|[from] ability: Water Absorb
|
|upkeep
|turn|13
|
|switch|p1a: Dugtrio|Dugtrio, F|100/100
|move|p2a: Seismitoad|Stealth Rock|p1a: Dugtrio
|-sidestart|p1: Gotmyvanson|move: Stealth Rock
|
|upkeep
|turn|14
|
|move|p1a: Dugtrio|Earthquake|p2a: Seismitoad
|-damage|p2a: Seismitoad|52/100
|move|p2a: Seismitoad|Scald|p1a: Dugtrio
|-supereffective|p1a: Dugtrio
|-enditem|p1a: Dugtrio|Focus Sash
|-damage|p1a: Dugtrio|1/100
|
|-heal|p2a: Seismitoad|58/100|[from] item: Leftovers
|upkeep
|turn|15
|
|move|p1a: Dugtrio|Reversal|p2a: Seismitoad
|-damage|p2a: Seismitoad|0 fnt
|faint|p2a: Seismitoad
|
|upkeep
|
|switch|p2a: Corviknight|Corviknight, M|100/100
|-ability|p2a: Corviknight|Pressure
|turn|16
|
|move|p1a: Dugtrio|Memento|p2a: Corviknight
|-unboost|p2a: Corviknight|atk|2
|-unboost|p2a: Corviknight|spa|2
|faint|p1a: Dugtrio
|move|p2a: Corviknight|U-turn|p1: Dugtrio|[notarget]
|-fail|p2a: Corviknight
|
|upkeep
|
|switch|p1a: Dracovish|Dracovish|100/100
|-damage|p1a: Dracovish|88/100|[from] Stealth Rock
|turn|17
|
|move|p1a: Dracovish|Fishious Rend|p2a: Corviknight
|-damage|p2a: Corviknight|0 fnt
|faint|p2a: Corviknight
|
|upkeep
|
|switch|p2a: Grimmsnarl|Grimmsnarl, M|100/100
|turn|18
|
|move|p2a: Grimmsnarl|Sucker Punch|p1a: Dracovish
|-damage|p1a: Dracovish|46/100
|move|p1a: Dracovish|Fishious Rend|p2a: Grimmsnarl
|-damage|p2a: Grimmsnarl|3/100
|
|-heal|p2a: Grimmsnarl|9/100|[from] item: Leftovers
|upkeep
|turn|19
|
|switch|p1a: Clefable|Clefable, F|100/100
|move|p2a: Grimmsnarl|Sucker Punch||[still]
|-fail|p2a: Grimmsnarl
|
|-heal|p2a: Grimmsnarl|15/100|[from] item: Leftovers
|upkeep
|turn|20
|
|move|p1a: Clefable|Moonblast|p2a: Grimmsnarl
|-supereffective|p2a: Grimmsnarl
|-damage|p2a: Grimmsnarl|0 fnt
|faint|p2a: Grimmsnarl
|
|upkeep
|
|switch|p2a: Gengar|Gengar, F|100/100
|turn|21
|
|switch|p1a: Dracovish|Dracovish|46/100
|-damage|p1a: Dracovish|34/100|[from] Stealth Rock
|move|p2a: Gengar|Substitute|p2a: Gengar
|-start|p2a: Gengar|Substitute
|-damage|p2a: Gengar|76/100
|
|-heal|p2a: Gengar|82/100|[from] item: Black Sludge
|upkeep
|turn|22
|
|move|p2a: Gengar|Sludge Bomb|p1a: Dracovish
|-damage|p1a: Dracovish|0 fnt
|faint|p1a: Dracovish
|
|-heal|p2a: Gengar|88/100|[from] item: Black Sludge
|upkeep
|
|switch|p1a: Dragapult|Dragapult, F|100/100
|-damage|p1a: Dragapult|88/100|[from] Stealth Rock
|turn|23
|
|switch|p2a: Dragapult|Dragapult, F|56/100
|move|p1a: Dragapult|Shadow Ball|p2a: Dragapult
|-supereffective|p2a: Dragapult
|-damage|p2a: Dragapult|0 fnt
|-damage|p1a: Dragapult|78/100|[from] item: Life Orb
|faint|p2a: Dragapult
|
|upkeep
|
|switch|p2a: Clefable|Clefable, F|100/100
|turn|24
|
|move|p1a: Dragapult|U-turn|p2a: Clefable
|-resisted|p2a: Clefable
|-damage|p2a: Clefable|87/100
|-damage|p1a: Dragapult|69/100|[from] item: Life Orb
|
|switch|p1a: Clefable|Clefable, F|100/100|[from]move: U-turn
|move|p2a: Clefable|Moonblast|p1a: Clefable
|-damage|p1a: Clefable|40/100
|
|upkeep
|turn|25
|
|switch|p2a: Gengar|Gengar, F|88/100
|move|p1a: Clefable|Moonblast|p2a: Gengar
|-resisted|p2a: Gengar
|-damage|p2a: Gengar|37/100
|
|-heal|p2a: Gengar|43/100|[from] item: Black Sludge
|upkeep
|turn|26
|
|move|p2a: Gengar|Shadow Ball|p1a: Clefable
|-damage|p1a: Clefable|1/100
|move|p1a: Clefable|Moonlight|p1a: Clefable
|-heal|p1a: Clefable|51/100
|
|-heal|p2a: Gengar|49/100|[from] item: Black Sludge
|upkeep
|turn|27
|
|move|p2a: Gengar|Sludge Bomb|p1a: Clefable
|-supereffective|p1a: Clefable
|-damage|p1a: Clefable|0 fnt
|faint|p1a: Clefable
|
|-heal|p2a: Gengar|55/100|[from] item: Black Sludge
|upkeep
|
|switch|p1a: Dragapult|Dragapult, F|69/100
|-damage|p1a: Dragapult|56/100|[from] Stealth Rock
|turn|28
|
|move|p1a: Dragapult|Shadow Ball|p2a: Gengar
|-supereffective|p2a: Gengar
|-damage|p2a: Gengar|0 fnt
|-damage|p1a: Dragapult|47/100|[from] item: Life Orb
|faint|p2a: Gengar
|
|upkeep
|
|switch|p2a: Clefable|Clefable, F|87/100
|turn|29
|
|move|p1a: Dragapult|Shadow Ball|p2a: Clefable
|-damage|p2a: Clefable|47/100
|-damage|p1a: Dragapult|37/100|[from] item: Life Orb
|move|p2a: Clefable|Moonblast|p1a: Dragapult
|-supereffective|p1a: Dragapult
|-damage|p1a: Dragapult|0 fnt
|faint|p1a: Dragapult
|
|win|KrazyKoopa 95
|l|☆Gotmyvanson
|raw|Gotmyvanson's rating: 1478 &rarr; <strong>1457</strong><br />(-21 for losing)
|raw|KrazyKoopa 95's rating: 1462 &rarr; <strong>1483</strong><br />(+21 for winning)
