|j|☆stefbryant24
|j|☆Lunar Neo
|t:|1595355906
|player|p1|stefbryant24|unknown|1656
|player|p2|Lunar Neo|grimsley|1636
|teamsize|p1|6
|teamsize|p2|6
|gametype|singles
|gen|8
|tier|[Gen 8] OU
|rated|
|clearpoke
|poke|p1|Zeraora|
|poke|p1|Pincurchin, M|
|poke|p1|Tangrowth, M|
|poke|p1|Rotom-Heat|
|poke|p1|Azumarill, F|
|poke|p1|Excadrill, M|
|poke|p2|Hydreigon, M|
|poke|p2|Slowbro, M|
|poke|p2|Marowak-Alola, M|
|poke|p2|Heracross, F|
|poke|p2|Magearna|
|poke|p2|Urshifu-*, M|
|rule|Sleep Clause Mod: Limit one foe put to sleep
|rule|Species Clause: Limit one of each Pokémon
|rule|OHKO Clause: OHKO moves are banned
|rule|Evasion Moves Clause: Evasion moves are banned
|rule|Endless Battle Clause: Forcing endless battles is banned
|rule|HP Percentage Mod: HP is shown in percentages
|rule|Dynamax Clause: You cannot dynamax
|teampreview
|inactive|Battle timer is ON: inactive players will automatically lose when time's up. (requested by Lunar Neo)
|j| Bloodclat
|j| OutlawFirefly
|j| Ahsan-219
|
|t:|1595355931
|start
|switch|p1a: Azumarill|Azumarill, F|100/100
|switch|p2a: Marowak|Marowak-Alola, M|100/100
|turn|1
|l| OutlawFirefly
|
|t:|1595355941
|move|p1a: Azumarill|Knock Off|p2a: Marowak
|-supereffective|p2a: Marowak
|-damage|p2a: Marowak|0 fnt
|-enditem|p2a: Marowak|Thick Club|[from] move: Knock Off|[of] p1a: Azumarill
|faint|p2a: Marowak
|
|upkeep
|
|t:|1595355947
|switch|p2a: Magearna|Magearna|100/100
|turn|2
|
|t:|1595355957
|switch|p2a: Urshifu|Urshifu-Rapid-Strike, M|100/100
|switch|p1a: Rotom|Rotom-Heat|100/100
|
|upkeep
|turn|3
|
|t:|1595355962
|switch|p1a: Tangrowth|Tangrowth, M|100/100
|move|p2a: Urshifu|U-turn|p1a: Tangrowth
|-supereffective|p1a: Tangrowth
|-crit|p1a: Tangrowth
|-damage|p1a: Tangrowth|64/100
|-damage|p2a: Urshifu|84/100|[from] item: Rocky Helmet|[of] p1a: Tangrowth
|
|t:|1595355966
|switch|p2a: Heracross|Heracross, F|100/100|[from]move: U-turn
|
|-status|p2a: Heracross|brn|[from] item: Flame Orb
|upkeep
|turn|4
|
|t:|1595355972
|switch|p1a: Rotom|Rotom-Heat|100/100
|move|p2a: Heracross|Knock Off|p1a: Rotom
|-damage|p1a: Rotom|51/100
|-enditem|p1a: Rotom|Heavy-Duty Boots|[from] move: Knock Off|[of] p2a: Heracross
|
|-damage|p2a: Heracross|95/100 brn|[from] brn
|upkeep
|turn|5
|
|t:|1595355980
|switch|p2a: Hydreigon|Hydreigon, M|100/100
|move|p1a: Rotom|Overheat|p2a: Hydreigon
|-resisted|p2a: Hydreigon
|-damage|p2a: Hydreigon|78/100
|-unboost|p1a: Rotom|spa|2
|
|-heal|p2a: Hydreigon|84/100|[from] item: Leftovers
|upkeep
|turn|6
|
|t:|1595355986
|switch|p1a: Azumarill|Azumarill, F|100/100
|move|p2a: Hydreigon|U-turn|p1a: Azumarill
|-resisted|p1a: Azumarill
|-damage|p1a: Azumarill|93/100
|
|t:|1595355990
|switch|p2a: Magearna|Magearna|100/100|[from]move: U-turn
|
|upkeep
|turn|7
|
|t:|1595355994
|switch|p1a: Rotom|Rotom-Heat|51/100
|move|p2a: Magearna|Fleur Cannon|p1a: Rotom
|-resisted|p1a: Rotom
|-damage|p1a: Rotom|21/100
|-unboost|p2a: Magearna|spa|2
|
|upkeep
|turn|8
|
|t:|1595355999
|move|p1a: Rotom|Volt Switch|p2a: Magearna
|-damage|p2a: Magearna|85/100
|
|t:|1595356002
|switch|p1a: Excadrill|Excadrill, M|100/100|[from]move: Volt Switch
|-ability|p1a: Excadrill|Mold Breaker
|move|p2a: Magearna|Volt Switch|p1a: Excadrill
|-immune|p1a: Excadrill
|
|-heal|p2a: Magearna|91/100|[from] item: Leftovers
|upkeep
|turn|9
|
|t:|1595356008
|switch|p1a: Pincurchin|Pincurchin, M|100/100
|-fieldstart|move: Electric Terrain|[from] ability: Electric Surge|[of] p1a: Pincurchin
|switch|p2a: Slowbro|Slowbro, M|100/100
|
|upkeep
|turn|10
|
|t:|1595356016
|switch|p2a: Hydreigon|Hydreigon, M|84/100
|move|p1a: Pincurchin|Rising Voltage|p2a: Hydreigon
|-resisted|p2a: Hydreigon
|-damage|p2a: Hydreigon|63/100
|
|-heal|p2a: Hydreigon|69/100|[from] item: Leftovers
|upkeep
|turn|11
|
|t:|1595356024
|switch|p1a: Azumarill|Azumarill, F|93/100
|move|p2a: Hydreigon|Dark Pulse|p1a: Azumarill
|-resisted|p1a: Azumarill
|-damage|p1a: Azumarill|73/100
|
|-heal|p2a: Hydreigon|75/100|[from] item: Leftovers
|upkeep
|turn|12
|
|t:|1595356028
|move|p2a: Hydreigon|U-turn|p1a: Azumarill
|-resisted|p1a: Azumarill
|-damage|p1a: Azumarill|65/100
|
|t:|1595356031
|switch|p2a: Slowbro|Slowbro, M|100/100|[from]move: U-turn
|move|p1a: Azumarill|Liquidation|p2a: Slowbro
|-resisted|p2a: Slowbro
|-damage|p2a: Slowbro|78/100
|-damage|p1a: Azumarill|49/100|[from] item: Rocky Helmet|[of] p2a: Slowbro
|
|upkeep
|turn|13
|
|t:|1595356039
|switch|p1a: Zeraora|Zeraora|100/100
|move|p2a: Slowbro|Toxic|p1a: Zeraora
|-status|p1a: Zeraora|tox
|
|-damage|p1a: Zeraora|95/100 tox|[from] psn
|upkeep
|turn|14
|j| Cashbandicook
|
|t:|1595356051
|switch|p2a: Hydreigon|Hydreigon, M|75/100
|move|p1a: Zeraora|Rising Voltage|p2a: Hydreigon
|-resisted|p2a: Hydreigon
|-damage|p2a: Hydreigon|49/100
|
|-heal|p2a: Hydreigon|56/100|[from] item: Leftovers
|-damage|p1a: Zeraora|83/100 tox|[from] psn
|upkeep
|turn|15
|
|t:|1595356056
|move|p1a: Zeraora|Focus Blast|p2a: Hydreigon
|-supereffective|p2a: Hydreigon
|-damage|p2a: Hydreigon|0 fnt
|faint|p2a: Hydreigon
|
|-damage|p1a: Zeraora|65/100 tox|[from] psn
|upkeep
|
|t:|1595356059
|switch|p2a: Urshifu|Urshifu-Rapid-Strike, M|84/100
|turn|16
|
|t:|1595356064
|switch|p1a: Tangrowth|Tangrowth, M|98/100
|move|p2a: Urshifu|Close Combat|p1a: Tangrowth
|-damage|p1a: Tangrowth|66/100
|-unboost|p2a: Urshifu|def|1
|-unboost|p2a: Urshifu|spd|1
|-damage|p2a: Urshifu|68/100|[from] item: Rocky Helmet|[of] p1a: Tangrowth
|
|-fieldend|move: Electric Terrain
|upkeep
|turn|17
|
|t:|1595356071
|switch|p2a: Heracross|Heracross, F|95/100 brn
|move|p1a: Tangrowth|Leech Seed|p2a: Heracross
|-start|p2a: Heracross|move: Leech Seed
|
|-damage|p2a: Heracross|82/100 brn|[from] Leech Seed|[of] p1a: Tangrowth
|-heal|p1a: Tangrowth|75/100|[silent]
|-damage|p2a: Heracross|76/100 brn|[from] brn
|upkeep
|turn|18
|
|t:|1595356083
|switch|p2a: Slowbro|Slowbro, M|100/100
|switch|p1a: Rotom|Rotom-Heat|21/100
|
|upkeep
|turn|19
|
|t:|1595356089
|move|p1a: Rotom|Pain Split|p2a: Slowbro
|-sethp|p2a: Slowbro|58/100|[from] move: Pain Split|[silent]
|-sethp|p1a: Rotom|76/100|[from] move: Pain Split
|move|p2a: Slowbro|Teleport|p2a: Slowbro
|
|t:|1595356092
|switch|p2a: Urshifu|Urshifu-Rapid-Strike, M|68/100|[from]move: Teleport
|
|upkeep
|turn|20
|
|t:|1595356097
|switch|p1a: Tangrowth|Tangrowth, M|100/100
|move|p2a: Urshifu|U-turn|p1a: Tangrowth
|-supereffective|p1a: Tangrowth
|-crit|p1a: Tangrowth
|-damage|p1a: Tangrowth|61/100
|-damage|p2a: Urshifu|51/100|[from] item: Rocky Helmet|[of] p1a: Tangrowth
|
|t:|1595356099
|switch|p2a: Heracross|Heracross, F|76/100 brn|[from]move: U-turn
|
|-damage|p2a: Heracross|70/100 brn|[from] brn
|upkeep
|turn|21
|
|t:|1595356108
|switch|p1a: Rotom|Rotom-Heat|76/100
|move|p2a: Heracross|Close Combat|p1a: Rotom
|-damage|p1a: Rotom|0 fnt
|-unboost|p2a: Heracross|def|1
|-unboost|p2a: Heracross|spd|1
|faint|p1a: Rotom
|
|-damage|p2a: Heracross|64/100 brn|[from] brn
|upkeep
|
|t:|1595356118
|switch|p1a: Zeraora|Zeraora|65/100 tox
|turn|22
|
|t:|1595356122
|switch|p2a: Magearna|Magearna|91/100
|move|p1a: Zeraora|Volt Switch|p2a: Magearna
|-damage|p2a: Magearna|68/100
|
|t:|1595356128
|switch|p1a: Pincurchin|Pincurchin, M|100/100|[from]move: Volt Switch
|-fieldstart|move: Electric Terrain|[from] ability: Electric Surge|[of] p1a: Pincurchin
|
|-heal|p2a: Magearna|74/100|[from] item: Leftovers
|upkeep
|turn|23
|
|t:|1595356136
|move|p2a: Magearna|Fleur Cannon|p1a: Pincurchin
|-damage|p1a: Pincurchin|27/100
|-unboost|p2a: Magearna|spa|2
|move|p1a: Pincurchin|Toxic Spikes|p2a: Magearna
|-sidestart|p2: Lunar Neo|move: Toxic Spikes
|
|-heal|p2a: Magearna|80/100|[from] item: Leftovers
|upkeep
|turn|24
|
|t:|1595356145
|switch|p1a: Excadrill|Excadrill, M|100/100
|-ability|p1a: Excadrill|Mold Breaker
|move|p2a: Magearna|Volt Switch|p1a: Excadrill
|-immune|p1a: Excadrill
|
|-heal|p2a: Magearna|86/100|[from] item: Leftovers
|upkeep
|turn|25
|
|t:|1595356149
|switch|p2a: Slowbro|Slowbro, M|92/100
|-status|p2a: Slowbro|psn
|move|p1a: Excadrill|Earthquake|p2a: Slowbro
|-damage|p2a: Slowbro|58/100 psn
|
|-damage|p2a: Slowbro|46/100 psn|[from] psn
|upkeep
|turn|26
|
|t:|1595356156
|switch|p1a: Pincurchin|Pincurchin, M|27/100
|move|p2a: Slowbro|Slack Off|p2a: Slowbro
|-heal|p2a: Slowbro|96/100 psn
|
|-damage|p2a: Slowbro|83/100 psn|[from] psn
|upkeep
|turn|27
|
|t:|1595356161
|switch|p2a: Magearna|Magearna|86/100
|move|p1a: Pincurchin|Spikes|p2a: Magearna
|-sidestart|p2: Lunar Neo|Spikes
|
|-heal|p2a: Magearna|92/100|[from] item: Leftovers
|upkeep
|turn|28
|
|t:|1595356169
|switch|p1a: Excadrill|Excadrill, M|100/100
|-ability|p1a: Excadrill|Mold Breaker
|move|p2a: Magearna|Fleur Cannon|p1a: Excadrill
|-resisted|p1a: Excadrill
|-damage|p1a: Excadrill|66/100
|-unboost|p2a: Magearna|spa|2
|
|-heal|p2a: Magearna|98/100|[from] item: Leftovers
|upkeep
|turn|29
|
|t:|1595356173
|switch|p2a: Slowbro|Slowbro, M|100/100 psn
|-damage|p2a: Slowbro|88/100 psn|[from] Spikes
|move|p1a: Excadrill|Earthquake|p2a: Slowbro
|-damage|p2a: Slowbro|54/100 psn
|
|-damage|p2a: Slowbro|41/100 psn|[from] psn
|-fieldend|move: Electric Terrain
|upkeep
|turn|30
|
|t:|1595356184
|switch|p1a: Pincurchin|Pincurchin, M|27/100
|-fieldstart|move: Electric Terrain|[from] ability: Electric Surge|[of] p1a: Pincurchin
|move|p2a: Slowbro|Slack Off|p2a: Slowbro
|-heal|p2a: Slowbro|91/100 psn
|
|-damage|p2a: Slowbro|79/100 psn|[from] psn
|upkeep
|turn|31
|
|t:|1595356187
|move|p1a: Pincurchin|Rising Voltage|p2a: Slowbro
|-supereffective|p2a: Slowbro
|-damage|p2a: Slowbro|0 fnt
|faint|p2a: Slowbro
|
|upkeep
|
|t:|1595356191
|switch|p2a: Magearna|Magearna|98/100
|-damage|p2a: Magearna|86/100|[from] Spikes
|turn|32
|j| soranko
|
|t:|1595356201
|switch|p2a: Urshifu|Urshifu-Rapid-Strike, M|51/100
|-damage|p2a: Urshifu|39/100|[from] Spikes
|-status|p2a: Urshifu|psn
|move|p1a: Pincurchin|Rising Voltage|p2a: Urshifu
|-supereffective|p2a: Urshifu
|-damage|p2a: Urshifu|0 fnt
|faint|p2a: Urshifu
|
|upkeep
|-message|Lunar Neo forfeited.
|
|win|stefbryant24
|l|☆Lunar Neo
|l| Cashbandicook
