|j|☆LT82ZW Guatemala
|j|☆Chikami
|t:|1634943023
|gametype|singles
|player|p1|LT82ZW Guatemala|169|1794
|player|p2|Chikami|ethan|1739
|teamsize|p1|6
|teamsize|p2|6
|gen|8
|tier|[Gen 8] OU
|rated|
|rule|Sleep Clause Mod: Limit one foe put to sleep
|rule|Species Clause: Limit one of each Pokémon
|rule|OHKO Clause: OHKO moves are banned
|rule|Evasion Moves Clause: Evasion moves are banned
|rule|Endless Battle Clause: Forcing endless battles is banned
|rule|HP Percentage Mod: HP is shown in percentages
|rule|Dynamax Clause: You cannot dynamax
|clearpoke
|poke|p1|Hippowdon, M|
|poke|p1|Ferrothorn, F|
|poke|p1|Excadrill, M|
|poke|p1|Dracozolt|
|poke|p1|Celesteela|
|poke|p1|Lycanroc-Dusk, F|
|poke|p2|Dragapult, M|
|poke|p2|Appletun, F|
|poke|p2|Toxapex, M|
|poke|p2|Ditto|
|poke|p2|Blissey, F|
|poke|p2|Heatran, M|
|teampreview
|j| Ctannn
|
|t:|1634943037
|start
|switch|p1a: Hippowdon|Hippowdon, M|100/100
|switch|p2a: Dragapult|Dragapult, M|100/100
|-weather|Sandstorm|[from] ability: Sand Stream|[of] p1a: Hippowdon
|turn|1
|
|t:|1634943050
|move|p2a: Dragapult|U-turn|p1a: Hippowdon
|-damage|p1a: Hippowdon|88/100
|
|t:|1634943053
|switch|p2a: Blissey|Blissey, F|100/100|[from]move: U-turn
|move|p1a: Hippowdon|Stealth Rock|p2a: Blissey
|-sidestart|p2: Chikami|move: Stealth Rock
|
|-weather|Sandstorm|[upkeep]
|-damage|p2a: Blissey|94/100|[from] Sandstorm
|upkeep
|turn|2
|
|t:|1634943069
|switch|p1a: Lycanroc|Lycanroc-Dusk, F|100/100
|move|p2a: Blissey|Stealth Rock|p1a: Lycanroc
|-sidestart|p1: LT82ZW Guatemala|move: Stealth Rock
|
|-weather|Sandstorm|[upkeep]
|-damage|p2a: Blissey|88/100|[from] Sandstorm
|upkeep
|turn|3
|j| y0Asenz
|
|t:|1634943080
|switch|p2a: Toxapex|Toxapex, M|100/100
|-damage|p2a: Toxapex|88/100|[from] Stealth Rock
|move|p1a: Lycanroc|Stone Edge|p2a: Toxapex
|-damage|p2a: Toxapex|52/100
|-damage|p1a: Lycanroc|91/100|[from] item: Life Orb
|
|-weather|Sandstorm|[upkeep]
|-damage|p2a: Toxapex|46/100|[from] Sandstorm
|upkeep
|turn|4
|
|t:|1634943087
|move|p1a: Lycanroc|Stone Edge|p2a: Toxapex
|-damage|p2a: Toxapex|6/100
|-damage|p1a: Lycanroc|81/100|[from] item: Life Orb
|move|p2a: Toxapex|Recover|p2a: Toxapex
|-heal|p2a: Toxapex|56/100
|
|-weather|Sandstorm|[upkeep]
|-damage|p2a: Toxapex|50/100|[from] Sandstorm
|upkeep
|turn|5
|j| lklknm
|
|t:|1634943090
|move|p1a: Lycanroc|Swords Dance|p1a: Lycanroc
|-boost|p1a: Lycanroc|atk|2
|move|p2a: Toxapex|Recover|p2a: Toxapex
|-heal|p2a: Toxapex|99/100
|
|-weather|Sandstorm|[upkeep]
|-damage|p2a: Toxapex|93/100|[from] Sandstorm
|upkeep
|turn|6
|j| ISimpForKlara
|
|t:|1634943098
|move|p1a: Lycanroc|Stone Edge|p2a: Toxapex|[miss]
|-miss|p1a: Lycanroc|p2a: Toxapex
|move|p2a: Toxapex|Scald|p1a: Lycanroc
|-supereffective|p1a: Lycanroc
|-damage|p1a: Lycanroc|48/100
|
|-weather|Sandstorm|[upkeep]
|-damage|p2a: Toxapex|87/100|[from] Sandstorm
|upkeep
|turn|7
|
|t:|1634943107
|move|p1a: Lycanroc|Stone Edge|p2a: Toxapex|[miss]
|-miss|p1a: Lycanroc|p2a: Toxapex
|move|p2a: Toxapex|Scald|p1a: Lycanroc
|-supereffective|p1a: Lycanroc
|-damage|p1a: Lycanroc|15/100
|
|-weather|Sandstorm|[upkeep]
|-damage|p2a: Toxapex|81/100|[from] Sandstorm
|upkeep
|turn|8
|j| juicelol
|
|t:|1634943117
|move|p1a: Lycanroc|Stone Edge|p2a: Toxapex|[miss]
|-miss|p1a: Lycanroc|p2a: Toxapex
|move|p2a: Toxapex|Scald|p1a: Lycanroc
|-supereffective|p1a: Lycanroc
|-damage|p1a: Lycanroc|0 fnt
|faint|p1a: Lycanroc
|
|-weather|none
|upkeep
|
|t:|1634943125
|switch|p1a: Excadrill|Excadrill, M|100/100
|-damage|p1a: Excadrill|97/100|[from] Stealth Rock
|turn|9
|j| Clueless Oofles
|
|t:|1634943138
|switch|p2a: Appletun|Appletun, F|100/100
|-damage|p2a: Appletun|88/100|[from] Stealth Rock
|move|p1a: Excadrill|Earthquake|p2a: Appletun
|-resisted|p2a: Appletun
|-damage|p2a: Appletun|71/100
|
|-heal|p1a: Excadrill|100/100|[from] item: Leftovers
|upkeep
|turn|10
|
|t:|1634943146
|move|p1a: Excadrill|Rapid Spin|p2a: Appletun
|-crit|p2a: Appletun
|-damage|p2a: Appletun|53/100
|-boost|p1a: Excadrill|spe|1
|-damage|p1a: Excadrill|84/100|[from] item: Rocky Helmet|[of] p2a: Appletun
|-sideend|p1: LT82ZW Guatemala|Stealth Rock|[from] move: Rapid Spin|[of] p1a: Excadrill
|move|p2a: Appletun|Body Press|p1a: Excadrill
|-supereffective|p1a: Excadrill
|-damage|p1a: Excadrill|20/100
|
|-heal|p1a: Excadrill|26/100|[from] item: Leftovers
|upkeep
|turn|11
|
|t:|1634943159
|switch|p1a: Celesteela|Celesteela|100/100
|move|p2a: Appletun|Recover|p2a: Appletun
|-heal|p2a: Appletun|100/100
|
|upkeep
|turn|12
|j| sadsuicidalboi
|
|t:|1634943170
|switch|p2a: Toxapex|Toxapex, M|100/100
|-damage|p2a: Toxapex|88/100|[from] Stealth Rock
|move|p1a: Celesteela|Leech Seed|p2a: Toxapex
|-start|p2a: Toxapex|move: Leech Seed
|
|-damage|p2a: Toxapex|75/100|[from] Leech Seed|[of] p1a: Celesteela
|upkeep
|turn|13
|
|t:|1634943178
|move|p1a: Celesteela|Meteor Beam||[still]
|-prepare|p1a: Celesteela|Meteor Beam
|-boost|p1a: Celesteela|spa|1
|-enditem|p1a: Celesteela|Power Herb
|-anim|p1a: Celesteela|Meteor Beam|p2a: Toxapex
|-damage|p2a: Toxapex|28/100
|move|p2a: Toxapex|Knock Off|p1a: Celesteela
|-damage|p1a: Celesteela|91/100
|
|-damage|p2a: Toxapex|15/100|[from] Leech Seed|[of] p1a: Celesteela
|-heal|p1a: Celesteela|100/100|[silent]
|upkeep
|turn|14
|
|t:|1634943199
|switch|p1a: Dracozolt|Dracozolt|100/100
|switch|p2a: Blissey|Blissey, F|88/100
|
|upkeep
|turn|15
|
|t:|1634943216
|switch|p2a: Appletun|Appletun, F|100/100
|-damage|p2a: Appletun|88/100|[from] Stealth Rock
|move|p1a: Dracozolt|Bolt Beak|p2a: Appletun
|-resisted|p2a: Appletun
|-damage|p2a: Appletun|73/100
|-damage|p1a: Dracozolt|84/100|[from] item: Rocky Helmet|[of] p2a: Appletun
|-damage|p1a: Dracozolt|74/100|[from] item: Life Orb
|
|upkeep
|turn|16
|
|t:|1634943225
|switch|p2a: Blissey|Blissey, F|88/100
|move|p1a: Dracozolt|Draco Meteor|p2a: Blissey
|-damage|p2a: Blissey|65/100
|-unboost|p1a: Dracozolt|spa|2
|-damage|p1a: Dracozolt|64/100|[from] item: Life Orb
|
|upkeep
|turn|17
|
|t:|1634943233
|switch|p2a: Appletun|Appletun, F|73/100
|-damage|p2a: Appletun|61/100|[from] Stealth Rock
|move|p1a: Dracozolt|Draco Meteor|p2a: Appletun
|-supereffective|p2a: Appletun
|-damage|p2a: Appletun|9/100
|-unboost|p1a: Dracozolt|spa|2
|-damage|p1a: Dracozolt|54/100|[from] item: Life Orb
|
|upkeep
|turn|18
|j| SebusWebus
|
|t:|1634943244
|move|p1a: Dracozolt|Draco Meteor|p2a: Appletun
|-supereffective|p2a: Appletun
|-damage|p2a: Appletun|0 fnt
|-unboost|p1a: Dracozolt|spa|2
|faint|p2a: Appletun
|-damage|p1a: Dracozolt|44/100|[from] item: Life Orb
|
|upkeep
|
|t:|1634943256
|switch|p2a: Dragapult|Dragapult, M|100/100
|-damage|p2a: Dragapult|88/100|[from] Stealth Rock
|turn|19
|
|t:|1634943289
|switch|p1a: Ferrothorn|Ferrothorn, F|100/100
|move|p2a: Dragapult|Shadow Ball|p1a: Ferrothorn
|-damage|p1a: Ferrothorn|70/100
|-unboost|p1a: Ferrothorn|spd|1
|
|-heal|p1a: Ferrothorn|77/100|[from] item: Leftovers
|upkeep
|turn|20
|l| Ctannn
|
|t:|1634943300
|switch|p2a: Heatran|Heatran, M|100/100
|-damage|p2a: Heatran|88/100|[from] Stealth Rock
|move|p1a: Ferrothorn|Knock Off|p2a: Heatran
|-damage|p2a: Heatran|72/100
|-enditem|p2a: Heatran|Leftovers|[from] move: Knock Off|[of] p1a: Ferrothorn
|
|-heal|p1a: Ferrothorn|83/100|[from] item: Leftovers
|upkeep
|turn|21
|
|t:|1634943311
|switch|p1a: Dracozolt|Dracozolt|44/100
|move|p2a: Heatran|Magma Storm|p1a: Dracozolt
|-resisted|p1a: Dracozolt
|-damage|p1a: Dracozolt|8/100
|-activate|p1a: Dracozolt|move: Magma Storm|[of] p2a: Heatran
|
|-damage|p1a: Dracozolt|0 fnt|[from] move: Magma Storm|[partiallytrapped]
|faint|p1a: Dracozolt
|upkeep
|
|t:|1634943314
|switch|p1a: Excadrill|Excadrill, M|26/100
|turn|22
|j| L0w1adderNerd
|
|t:|1634943326
|switch|p2a: Toxapex|Toxapex, M|49/100
|-damage|p2a: Toxapex|36/100|[from] Stealth Rock
|move|p1a: Excadrill|Earthquake|p2a: Toxapex
|-supereffective|p2a: Toxapex
|-damage|p2a: Toxapex|0 fnt
|faint|p2a: Toxapex
|
|-heal|p1a: Excadrill|32/100|[from] item: Leftovers
|upkeep
|
|t:|1634943340
|switch|p2a: Dragapult|Dragapult, M|88/100
|-damage|p2a: Dragapult|76/100|[from] Stealth Rock
|turn|23
|
|t:|1634943358
|switch|p1a: Celesteela|Celesteela|100/100
|move|p2a: Dragapult|Shadow Ball|p1a: Celesteela
|-damage|p1a: Celesteela|51/100
|
|upkeep
|turn|24
|
|t:|1634943366
|move|p2a: Dragapult|Shadow Ball|p1a: Celesteela
|-damage|p1a: Celesteela|2/100
|move|p1a: Celesteela|Air Slash|p2a: Dragapult
|-damage|p2a: Dragapult|21/100
|
|upkeep
|turn|25
|
|t:|1634943372
|move|p2a: Dragapult|Shadow Ball|p1a: Celesteela
|-damage|p1a: Celesteela|0 fnt
|faint|p1a: Celesteela
|
|upkeep
|
|t:|1634943374
|switch|p1a: Ferrothorn|Ferrothorn, F|83/100
|turn|26
|
|t:|1634943379
|switch|p2a: Heatran|Heatran, M|72/100
|-damage|p2a: Heatran|59/100|[from] Stealth Rock
|move|p1a: Ferrothorn|Spikes|p2a: Heatran
|-sidestart|p2: Chikami|Spikes
|
|-heal|p1a: Ferrothorn|89/100|[from] item: Leftovers
|upkeep
|turn|27
|
|t:|1634943387
|switch|p1a: Hippowdon|Hippowdon, M|88/100
|-weather|Sandstorm|[from] ability: Sand Stream|[of] p1a: Hippowdon
|move|p2a: Heatran|Magma Storm|p1a: Hippowdon
|-damage|p1a: Hippowdon|57/100
|-activate|p1a: Hippowdon|move: Magma Storm|[of] p2a: Heatran
|
|-weather|Sandstorm|[upkeep]
|-damage|p1a: Hippowdon|45/100|[from] move: Magma Storm|[partiallytrapped]
|upkeep
|turn|28
|
|t:|1634943406
|move|p2a: Heatran|Toxic|p1a: Hippowdon
|-status|p1a: Hippowdon|tox
|move|p1a: Hippowdon|Earthquake|p2a: Heatran
|-supereffective|p2a: Heatran
|-damage|p2a: Heatran|0 fnt
|faint|p2a: Heatran
|
|-weather|Sandstorm|[upkeep]
|-damage|p1a: Hippowdon|39/100 tox|[from] psn
|-end|p1a: Hippowdon|Magma Storm|[partiallytrapped]|[silent]
|upkeep
|inactive|Battle timer is ON: inactive players will automatically lose when time's up. (requested by LT82ZW Guatemala)
|l|☆Chikami
|inactive|Chikami disconnected and has a minute to reconnect!
|player|p2|
|c|☆LT82ZW Guatemala|Lol
|l| L0w1adderNerd
|c|☆LT82ZW Guatemala|And he had match up
|j|☆Chikami
|inactive|Chikami reconnected and has 115 seconds left.
|player|p2|Chikami|ethan
|
|t:|1634943457
|switch|p2a: Blissey|Blissey, F|65/100
|turn|29
|l|☆Chikami
|inactive|Chikami disconnected and has a minute to reconnect!
|player|p2|
|c|☆LT82ZW Guatemala|Click
|inactiveoff|Battle timer is now OFF.
|l| ISimpForKlara
|inactive|Battle timer is ON: inactive players will automatically lose when time's up. (requested by LT82ZW Guatemala)
|inactiveoff|Battle timer is now OFF.
|j|☆Chikami
|player|p2|Chikami|ethan
|
|t:|1634943528
|move|p2a: Blissey|Soft-Boiled|p2a: Blissey
|-heal|p2a: Blissey|100/100
|move|p1a: Hippowdon|Slack Off|p1a: Hippowdon
|-heal|p1a: Hippowdon|89/100 tox
|
|-weather|Sandstorm|[upkeep]
|-damage|p2a: Blissey|94/100|[from] Sandstorm
|-damage|p1a: Hippowdon|76/100 tox|[from] psn
|upkeep
|turn|30
|
|t:|1634943534
|switch|p1a: Ferrothorn|Ferrothorn, F|89/100
|move|p2a: Blissey|Seismic Toss|p1a: Ferrothorn
|-damage|p1a: Ferrothorn|61/100
|-damage|p2a: Blissey|82/100|[from] ability: Iron Barbs|[of] p1a: Ferrothorn
|
|-weather|Sandstorm|[upkeep]
|-damage|p2a: Blissey|76/100|[from] Sandstorm
|-heal|p1a: Ferrothorn|67/100|[from] item: Leftovers
|upkeep
|turn|31
|inactive|Battle timer is ON: inactive players will automatically lose when time's up. (requested by LT82ZW Guatemala)
|inactive|Chikami has 120 seconds left.
|
|t:|1634943566
|move|p2a: Blissey|Seismic Toss|p1a: Ferrothorn
|-damage|p1a: Ferrothorn|39/100
|-damage|p2a: Blissey|63/100|[from] ability: Iron Barbs|[of] p1a: Ferrothorn
|move|p1a: Ferrothorn|Leech Seed|p2a: Blissey
|-start|p2a: Blissey|move: Leech Seed
|
|-weather|Sandstorm|[upkeep]
|-damage|p2a: Blissey|57/100|[from] Sandstorm
|-heal|p1a: Ferrothorn|45/100|[from] item: Leftovers
|-damage|p2a: Blissey|45/100|[from] Leech Seed|[of] p1a: Ferrothorn
|-heal|p1a: Ferrothorn|70/100|[silent]
|upkeep
|turn|32
|inactive|Chikami has 120 seconds left.
|
|t:|1634943581
|move|p2a: Blissey|Soft-Boiled|p2a: Blissey
|-heal|p2a: Blissey|95/100
|move|p1a: Ferrothorn|Spikes|p2a: Blissey
|-sidestart|p2: Chikami|Spikes
|
|-weather|Sandstorm|[upkeep]
|-damage|p2a: Blissey|88/100|[from] Sandstorm
|-heal|p1a: Ferrothorn|76/100|[from] item: Leftovers
|-damage|p2a: Blissey|76/100|[from] Leech Seed|[of] p1a: Ferrothorn
|-heal|p1a: Ferrothorn|100/100|[silent]
|upkeep
|turn|33
|inactive|Chikami has 120 seconds left.
|
|t:|1634943592
|switch|p2a: Ditto|Ditto|100/100
|-damage|p2a: Ditto|88/100|[from] Stealth Rock
|-damage|p2a: Ditto|71/100|[from] Spikes
|-transform|p2a: Ditto|p1a: Ferrothorn|[from] ability: Imposter
|move|p1a: Ferrothorn|Spikes|p2a: Ditto
|-sidestart|p2: Chikami|Spikes
|
|-weather|Sandstorm|[upkeep]
|upkeep
|turn|34
|inactive|Chikami has 120 seconds left.
|
|t:|1634943599
|switch|p1a: Excadrill|Excadrill, M|32/100
|move|p2a: Ditto|Knock Off|p1a: Excadrill
|-damage|p1a: Excadrill|4/100
|-enditem|p1a: Excadrill|Leftovers|[from] move: Knock Off|[of] p2a: Ditto
|
|-weather|none
|upkeep
|turn|35
|j| SandboxMode
|
|t:|1634943604
|move|p1a: Excadrill|Earthquake|p2a: Ditto
|-damage|p2a: Ditto|22/100
|move|p2a: Ditto|Knock Off|p1a: Excadrill
|-damage|p1a: Excadrill|0 fnt
|faint|p1a: Excadrill
|
|upkeep
|
|t:|1634943609
|switch|p1a: Hippowdon|Hippowdon, M|76/100 tox
|-weather|Sandstorm|[from] ability: Sand Stream|[of] p1a: Hippowdon
|turn|36
|
|t:|1634943613
|move|p1a: Hippowdon|Earthquake|p2a: Ditto
|-damage|p2a: Ditto|0 fnt
|faint|p2a: Ditto
|
|-weather|Sandstorm|[upkeep]
|-damage|p1a: Hippowdon|70/100 tox|[from] psn
|upkeep
|
|t:|1634943615
|switch|p2a: Blissey|Blissey, F|76/100
|turn|37
|
|t:|1634943623
|move|p2a: Blissey|Seismic Toss|p1a: Hippowdon
|-damage|p1a: Hippowdon|46/100 tox
|move|p1a: Hippowdon|Toxic|p2a: Blissey
|-status|p2a: Blissey|tox
|
|-weather|Sandstorm|[upkeep]
|-damage|p2a: Blissey|70/100 tox|[from] Sandstorm
|-damage|p2a: Blissey|64/100 tox|[from] psn
|-damage|p1a: Hippowdon|34/100 tox|[from] psn
|upkeep
|turn|38
|
|t:|1634943628
|move|p2a: Blissey|Soft-Boiled|p2a: Blissey
|-heal|p2a: Blissey|100/100 tox
|move|p1a: Hippowdon|Slack Off|p1a: Hippowdon
|-heal|p1a: Hippowdon|84/100 tox
|
|-weather|Sandstorm|[upkeep]
|-damage|p2a: Blissey|94/100 tox|[from] Sandstorm
|-damage|p2a: Blissey|82/100 tox|[from] psn
|-damage|p1a: Hippowdon|65/100 tox|[from] psn
|upkeep
|turn|39
|
|t:|1634943632
|switch|p1a: Ferrothorn|Ferrothorn, F|100/100
|move|p2a: Blissey|Seismic Toss|p1a: Ferrothorn
|-damage|p1a: Ferrothorn|72/100
|-damage|p2a: Blissey|70/100 tox|[from] ability: Iron Barbs|[of] p1a: Ferrothorn
|
|-weather|Sandstorm|[upkeep]
|-damage|p2a: Blissey|63/100 tox|[from] Sandstorm
|-heal|p1a: Ferrothorn|78/100|[from] item: Leftovers
|-damage|p2a: Blissey|45/100 tox|[from] psn
|upkeep
|turn|40
|
|t:|1634943637
|-curestatus|p2a: Blissey|tox|[from] ability: Natural Cure
|switch|p2a: Dragapult|Dragapult, M|21/100
|-damage|p2a: Dragapult|0 fnt|[from] Spikes
|faint|p2a: Dragapult
|move|p1a: Ferrothorn|Knock Off|p2: Dragapult|[notarget]
|-fail|p1a: Ferrothorn
|
|-weather|Sandstorm|[upkeep]
|-heal|p1a: Ferrothorn|85/100|[from] item: Leftovers
|upkeep
|
|t:|1634943639
|switch|p2a: Blissey|Blissey, F|45/100
|turn|41
|
|t:|1634943646
|move|p2a: Blissey|Seismic Toss|p1a: Ferrothorn
|-damage|p1a: Ferrothorn|56/100
|-damage|p2a: Blissey|32/100|[from] ability: Iron Barbs|[of] p1a: Ferrothorn
|move|p1a: Ferrothorn|Leech Seed|p2a: Blissey
|-start|p2a: Blissey|move: Leech Seed
|
|-weather|Sandstorm|[upkeep]
|-damage|p2a: Blissey|26/100|[from] Sandstorm
|-heal|p1a: Ferrothorn|62/100|[from] item: Leftovers
|-damage|p2a: Blissey|14/100|[from] Leech Seed|[of] p1a: Ferrothorn
|-heal|p1a: Ferrothorn|88/100|[silent]
|upkeep
|turn|42
|
|t:|1634943654
|move|p2a: Blissey|Soft-Boiled|p2a: Blissey
|-heal|p2a: Blissey|64/100
|move|p1a: Ferrothorn|Power Whip|p2a: Blissey
|-damage|p2a: Blissey|32/100
|
|-weather|Sandstorm|[upkeep]
|-damage|p2a: Blissey|26/100|[from] Sandstorm
|-heal|p1a: Ferrothorn|94/100|[from] item: Leftovers
|-damage|p2a: Blissey|13/100|[from] Leech Seed|[of] p1a: Ferrothorn
|-heal|p1a: Ferrothorn|100/100|[silent]
|upkeep
|turn|43
|
|t:|1634943661
|switch|p1a: Hippowdon|Hippowdon, M|65/100 tox
|move|p2a: Blissey|Soft-Boiled|p2a: Blissey
|-heal|p2a: Blissey|63/100
|
|-weather|none
|-damage|p2a: Blissey|51/100|[from] Leech Seed|[of] p1a: Hippowdon
|-heal|p1a: Hippowdon|86/100 tox|[silent]
|-damage|p1a: Hippowdon|80/100 tox|[from] psn
|upkeep
|turn|44
|
|t:|1634943667
|move|p2a: Blissey|Seismic Toss|p1a: Hippowdon
|-damage|p1a: Hippowdon|56/100 tox
|move|p1a: Hippowdon|Earthquake|p2a: Blissey
|-crit|p2a: Blissey
|-damage|p2a: Blissey|5/100
|
|-damage|p2a: Blissey|0 fnt|[from] Leech Seed|[of] p1a: Hippowdon
|-heal|p1a: Hippowdon|65/100 tox|[silent]
|faint|p2a: Blissey
|
|win|LT82ZW Guatemala
|upkeep
|raw|LT82ZW Guatemala's rating: 1794 &rarr; <strong>1811</strong><br />(+17 for winning)
|raw|Chikami's rating: 1739 &rarr; <strong>1722</strong><br />(-17 for losing)
|l| SandboxMode
|l|☆Chikami
