|j|☆SetsuStsna
|j|☆sound of the wind
|inactive|Battle timer is ON: inactive players will automatically lose when time's up.
|t:|1650904570
|gametype|singles
|player|p1|SetsuStsna|dawn-gen4pt|
|player|p2|sound of the wind|265|
|teamsize|p1|6
|teamsize|p2|6
|gen|8
|tier|[Gen 8] OU
|rated|Tournament battle
|rule|Sleep Clause Mod: Limit one foe put to sleep
|rule|Species Clause: Limit one of each Pokémon
|rule|OHKO Clause: OHKO moves are banned
|rule|Evasion Moves Clause: Evasion moves are banned
|rule|Endless Battle Clause: Forcing endless battles is banned
|rule|HP Percentage Mod: HP is shown in percentages
|rule|Dynamax Clause: You cannot dynamax
|clearpoke
|poke|p1|Kartana|
|poke|p1|Dragapult, M|
|poke|p1|Slowbro-Galar, M|
|poke|p1|Registeel|
|poke|p1|Zoroark, M|
|poke|p1|Garchomp, F|
|poke|p2|Melmetal|
|poke|p2|Tapu Fini|
|poke|p2|Magnezone|
|poke|p2|Landorus-Therian, M|
|poke|p2|Weavile, F|
|poke|p2|Kartana|
|teampreview
|j| tiltin hard
|c| tiltin hard|setsu classic
|j| JiminyRickets
|j| Karl La Hire
|j| gfhjyuk
|l| gfhjyuk
|c|☆SetsuStsna|broooo
|inactive|SetsuStsna has 120 seconds left.
|c|☆SetsuStsna|barbaracle wouldve 6-0
|c|☆sound of the wind|click
|c|☆SetsuStsna|wait i am thinking okay?
|c| tiltin hard|https://replay.pokemonshowdown.com/gen8ou-1560929979-7a2jcb99d06dgtwpsxarizotgmpeybwpw
|c| tiltin hard|check this out
|inactive|SetsuStsna has 90 seconds left.
|c| tiltin hard|after
|
|t:|1650904634
|start
|switch|p1a: Zero|Dragapult, M, shiny|100/100
|switch|p2a: Landorus|Landorus-Therian, M|100/100
|-ability|p2a: Landorus|Intimidate|boost
|-unboost|p1a: Zero|atk|1
|turn|1
|j| MrMonk123
|c|☆SetsuStsna|that set gets walled by aegi
|
|t:|1650904658
|move|p1a: Zero|Reflect|p1a: Zero
|-sidestart|p1: SetsuStsna|Reflect
|move|p2a: Landorus|Stealth Rock|p1a: Zero
|-sidestart|p1: SetsuStsna|move: Stealth Rock
|
|upkeep
|turn|2
|
|t:|1650904663
|move|p1a: Zero|Curse|p2a: Landorus
|-start|p2a: Landorus|Curse|[of] p1a: Zero
|-damage|p1a: Zero|51/100
|move|p2a: Landorus|U-turn|p1a: Zero
|-resisted|p1a: Zero
|-damage|p1a: Zero|44/100
|
|t:|1650904671
|switch|p2a: Tapu Fini|Tapu Fini|100/100|[from]move: U-turn
|-fieldstart|move: Misty Terrain|[from] ability: Misty Surge|[of] p2a: Tapu Fini
|
|upkeep
|turn|3
|j| Shane2801
|
|t:|1650904678
|move|p1a: Zero|Light Screen|p1a: Zero
|-sidestart|p1: SetsuStsna|move: Light Screen
|move|p2a: Tapu Fini|Taunt|p1a: Zero
|-start|p1a: Zero|move: Taunt
|
|upkeep
|turn|4
|l| Shane2801
|
|t:|1650904686
|switch|p1a: Suzaku|Kartana, shiny|100/100
|-damage|p1a: Suzaku|94/100|[from] Stealth Rock
|move|p2a: Tapu Fini|Scald|p1a: Suzaku
|-resisted|p1a: Suzaku
|-crit|p1a: Suzaku
|-damage|p1a: Suzaku|57/100
|
|upkeep
|turn|5
|n| fruityiscool423|tiltinhard
|
|t:|1650904691
|switch|p2a: Landorus|Landorus-Therian, M|100/100
|-ability|p2a: Landorus|Intimidate|boost
|-unboost|p1a: Suzaku|atk|1
|move|p1a: Suzaku|Swords Dance|p1a: Suzaku
|-boost|p1a: Suzaku|atk|2
|
|upkeep
|turn|6
|
|t:|1650904695
|move|p1a: Suzaku|Leaf Blade|p2a: Landorus
|-damage|p2a: Landorus|12/100
|-damage|p1a: Suzaku|47/100|[from] item: Life Orb
|move|p2a: Landorus|Earthquake|p1a: Suzaku
|-damage|p1a: Suzaku|24/100
|
|-heal|p2a: Landorus|18/100|[from] item: Leftovers
|-fieldend|Misty Terrain
|upkeep
|turn|7
|
|t:|1650904702
|switch|p2a: Magnezone|Magnezone|100/100
|move|p1a: Suzaku|Knock Off|p2a: Magnezone
|-damage|p2a: Magnezone|57/100
|-damage|p1a: Suzaku|7/100|[from] item: Rocky Helmet|[of] p2a: Magnezone
|-enditem|p2a: Magnezone|Rocky Helmet|[from] move: Knock Off|[of] p1a: Suzaku
|-damage|p1a: Suzaku|0 fnt|[from] item: Life Orb
|faint|p1a: Suzaku
|
|upkeep
|c| Karl La Hire|please win guy with the generic team
|
|t:|1650904708
|switch|p1a: Nunnally|Garchomp, F|100/100
|-damage|p1a: Nunnally|94/100|[from] Stealth Rock
|turn|8
|c|☆SetsuStsna|LMAO
|
|t:|1650904719
|move|p1a: Nunnally|Earthquake|p2a: Magnezone
|-supereffective|p2a: Magnezone
|-damage|p2a: Magnezone|0 fnt
|faint|p2a: Magnezone
|
|-sideend|p1: SetsuStsna|Reflect
|upkeep
|
|t:|1650904727
|switch|p2a: Weavile|Weavile, F|100/100
|-ability|p2a: Weavile|Pressure
|turn|9
|c| fruityiscool423|i too thought this was zoroark
|c| Karl La Hire|I dont want to play with prankster taunt and 3 unaware mons
|
|t:|1650904738
|move|p2a: Weavile|Triple Axel|p1a: Nunnally
|-supereffective|p1a: Nunnally
|-damage|p1a: Nunnally|50/100
|-damage|p2a: Weavile|88/100|[from] ability: Rough Skin|[of] p1a: Nunnally
|-supereffective|p1a: Nunnally
|-damage|p1a: Nunnally|0 fnt
|-damage|p2a: Weavile|76/100|[from] ability: Rough Skin|[of] p1a: Nunnally
|faint|p1a: Nunnally
|-hitcount|p1: Nunnally|2
|
|upkeep
|
|t:|1650904741
|switch|p1a: C.C.|Slowbro-Galar, M|100/100
|-damage|p1a: C.C.|88/100|[from] Stealth Rock
|turn|10
|c|☆SetsuStsna|quick claw time bitch
|c| fruityiscool423|in
|
|t:|1650904755
|move|p1a: C.C.|Low Kick|p2a: Weavile
|-supereffective|p2a: Weavile
|-damage|p2a: Weavile|0 fnt
|faint|p2a: Weavile
|
|-sideend|p1: SetsuStsna|move: Light Screen
|upkeep
|c|☆SetsuStsna|jk
|c| fruityiscool423|knew it
|
|t:|1650904770
|switch|p2a: Tapu Fini|Tapu Fini|100/100
|-fieldstart|move: Misty Terrain|[from] ability: Misty Surge|[of] p2a: Tapu Fini
|turn|11
|
|t:|1650904775
|switch|p1a: Zero|Dragapult, M, shiny|44/100
|-damage|p1a: Zero|32/100|[from] Stealth Rock
|move|p2a: Tapu Fini|Calm Mind|p2a: Tapu Fini
|-boost|p2a: Tapu Fini|spa|1
|-boost|p2a: Tapu Fini|spd|1
|
|upkeep
|turn|12
|
|t:|1650904780
|move|p1a: Zero|Light Screen|p1a: Zero
|-sidestart|p1: SetsuStsna|move: Light Screen
|move|p2a: Tapu Fini|Draining Kiss|p1a: Zero
|-supereffective|p1a: Zero
|-damage|p1a: Zero|5/100
|
|upkeep
|turn|13
|
|t:|1650904783
|move|p1a: Zero|Curse|p2a: Tapu Fini
|-start|p2a: Tapu Fini|Curse|[of] p1a: Zero
|-damage|p1a: Zero|0 fnt
|faint|p1a: Zero
|move|p2a: Tapu Fini|Draining Kiss|p1: Zero|[notarget]
|-fail|p2a: Tapu Fini
|
|-damage|p2a: Tapu Fini|75/100|[from] Curse
|upkeep
|
|t:|1650904794
|switch|p1a: C.C.|Slowbro-Galar, M|100/100
|-damage|p1a: C.C.|88/100|[from] Stealth Rock
|turn|14
|j| Spookry
|c| fruityiscool423|registeel endgame would be crazy
|c|☆SetsuStsna|shhhh
|
|t:|1650904814
|move|p2a: Tapu Fini|Draining Kiss|p1a: C.C.
|-resisted|p1a: C.C.
|-damage|p1a: C.C.|81/100
|-heal|p2a: Tapu Fini|81/100|[from] drain|[of] p1a: C.C.
|move|p1a: C.C.|Belly Drum|p1a: C.C.
|-damage|p1a: C.C.|31/100
|-setboost|p1a: C.C.|atk|6|[from] move: Belly Drum
|
|-heal|p2a: Tapu Fini|87/100|[from] item: Leftovers
|-damage|p2a: Tapu Fini|62/100|[from] Curse
|upkeep
|turn|15
|
|t:|1650904820
|move|p2a: Tapu Fini|Scald|p1a: C.C.
|-damage|p1a: C.C.|9/100
|move|p1a: C.C.|Drain Punch|p2a: Tapu Fini
|-resisted|p2a: Tapu Fini
|-damage|p2a: Tapu Fini|29/100
|-heal|p1a: C.C.|24/100|[from] drain|[of] p2a: Tapu Fini
|
|-heal|p2a: Tapu Fini|35/100|[from] item: Leftovers
|-damage|p2a: Tapu Fini|10/100|[from] Curse
|-fieldend|Misty Terrain
|upkeep
|turn|16
|
|t:|1650904831
|move|p2a: Tapu Fini|Scald|p1a: C.C.
|-damage|p1a: C.C.|0 fnt
|faint|p1a: C.C.
|
|-heal|p2a: Tapu Fini|16/100|[from] item: Leftovers
|-damage|p2a: Tapu Fini|0 fnt|[from] Curse
|faint|p2a: Tapu Fini
|upkeep
|c|☆SetsuStsna|bro
|c| Spookry|Lmao
|
|t:|1650904842
|switch|p2a: Landorus|Landorus-Therian, M|18/100
|switch|p1a: Kallen|Registeel|88/100
|-damage|p1a: Kallen|76/100|[from] Stealth Rock
|-ability|p2a: Landorus|Intimidate|boost
|-unboost|p1a: Kallen|atk|1
|turn|17
|c|☆SetsuStsna|you got this girl
|
|t:|1650904858
|move|p1a: Kallen|Memento|p2a: Landorus
|-unboost|p2a: Landorus|atk|2
|-unboost|p2a: Landorus|spa|2
|faint|p1a: Kallen
|move|p2a: Landorus|Earthquake|p1: Lelouch|[notarget]
|-fail|p2a: Landorus
|
|-heal|p2a: Landorus|24/100|[from] item: Leftovers
|upkeep
|c|☆SetsuStsna|well not you
|
|t:|1650904864
|switch|p1a: Kallen|Registeel|100/100
|-damage|p1a: Kallen|94/100|[from] Stealth Rock
|turn|18
|
|t:|1650904870
|move|p2a: Landorus|U-turn|p1a: Kallen
|-resisted|p1a: Kallen
|-damage|p1a: Kallen|92/100
|
|t:|1650904873
|switch|p2a: Kartana|Kartana|100/100|[from]move: U-turn
|move|p1a: Kallen|Iron Defense|p1a: Kallen
|-boost|p1a: Kallen|def|2
|
|-heal|p1a: Kallen|98/100|[from] item: Leftovers
|upkeep
|turn|19
|c| Spookry|Sacred sword be like
|c| Karl La Hire|sacred sword
|
|t:|1650904879
|move|p2a: Kartana|Sacred Sword|p1a: Kallen
|-supereffective|p1a: Kallen
|-damage|p1a: Kallen|40/100
|move|p1a: Kallen|Body Press|p2a: Kartana
|-supereffective|p2a: Kartana
|-damage|p2a: Kartana|0 fnt
|faint|p2a: Kartana
|
|-heal|p1a: Kallen|46/100|[from] item: Leftovers
|-sideend|p1: SetsuStsna|move: Light Screen
|upkeep
|c| Karl La Hire|nice
|c| fruityiscool423|he is after all band kart
|
|t:|1650904883
|switch|p2a: Landorus|Landorus-Therian, M|24/100
|-ability|p2a: Landorus|Intimidate|boost
|-fail|p1a: Kallen|unboost|[from] ability: Clear Body|[of] p1a: Kallen
|turn|20
|c| fruityiscool423|oh shif
|c| fruityiscool423|thats so fat
|c| Spookry|Just crit
|c| Karl La Hire|if it rests its over
|c| fruityiscool423|it is over
|c|☆sound of the wind|are you really thinking
|inactive|SetsuStsna has 120 seconds left.
|c|☆sound of the wind|takes 40 seconds when you have 1 pokemon left
|c| fruityiscool423|u can click x
|c| fruityiscool423|if your time is being wasted
|inactive|SetsuStsna has 90 seconds left.
|c| Karl La Hire|no please
|inactive|SetsuStsna has 60 seconds left.
|
|t:|1650904977
|move|p2a: Landorus|Earthquake|p1a: Kallen
|-supereffective|p1a: Kallen
|-damage|p1a: Kallen|21/100
|move|p1a: Kallen|Body Press|p2a: Landorus
|-resisted|p2a: Landorus
|-damage|p2a: Landorus|0 fnt
|faint|p2a: Landorus
|
|-heal|p1a: Kallen|27/100|[from] item: Leftovers
|upkeep
|
|t:|1650904981
|switch|p2a: Melmetal|Melmetal|100/100
|turn|21
|c| fruityiscool423|the calc
|
|t:|1650904987
|move|p1a: Kallen|Rest|p1a: Kallen
|-status|p1a: Kallen|slp|[from] move: Rest
|-heal|p1a: Kallen|100/100 slp|[silent]
|move|p2a: Melmetal|Earthquake|p1a: Kallen
|-supereffective|p1a: Kallen
|-damage|p1a: Kallen|81/100 slp
|
|-heal|p1a: Kallen|87/100 slp|[from] item: Leftovers
|upkeep
|turn|22
|
|t:|1650904990
|cant|p1a: Kallen|slp
|move|p2a: Melmetal|Earthquake|p1a: Kallen
|-supereffective|p1a: Kallen
|-damage|p1a: Kallen|64/100 slp
|
|-heal|p1a: Kallen|70/100 slp|[from] item: Leftovers
|upkeep
|turn|23
|
|t:|1650904993
|cant|p1a: Kallen|slp
|move|p2a: Melmetal|Earthquake|p1a: Kallen
|-supereffective|p1a: Kallen
|-damage|p1a: Kallen|50/100 slp
|
|-heal|p1a: Kallen|57/100 slp|[from] item: Leftovers
|upkeep
|turn|24
|
|t:|1650904998
|-curestatus|p1a: Kallen|slp|[msg]
|move|p1a: Kallen|Body Press|p2a: Melmetal
|-supereffective|p2a: Melmetal
|-damage|p2a: Melmetal|17/100
|move|p2a: Melmetal|Earthquake|p1a: Kallen
|-supereffective|p1a: Kallen
|-damage|p1a: Kallen|35/100
|
|-heal|p1a: Kallen|41/100|[from] item: Leftovers
|-heal|p2a: Melmetal|23/100|[from] item: Leftovers
|upkeep
|turn|25
|
|t:|1650905002
|move|p1a: Kallen|Body Press|p2a: Melmetal
|-supereffective|p2a: Melmetal
|-damage|p2a: Melmetal|0 fnt
|faint|p2a: Melmetal
|
|win|SetsuStsna
|n|☆SetsuStsna|setsustsna
|n|☆sound of the wind|soundofthewind
|n| JiminyRickets|jiminyrickets
|n| Karl La Hire|karllahire
|n| MrMonk123|mrmonk123
|n| fruityiscool423|fruityiscool423
|n| Spookry|spookry
|l|☆sound of the wind
|c|☆SetsuStsna|gg
|c| fruityiscool423|BIG BAD KALLEN
|l| Spookry
