|j|☆Daico05
|j|☆JaVpad1spi
|t:|1639768896
|gametype|singles
|player|p1|Daico05|waiter-gen4|
|player|p2|JaVpad1spi|1|
|teamsize|p1|6
|teamsize|p2|6
|gen|8
|tier|[Gen 8] OU
|rule|Sleep Clause Mod: Limit one foe put to sleep
|rule|Species Clause: Limit one of each Pokémon
|rule|OHKO Clause: OHKO moves are banned
|rule|Evasion Moves Clause: Evasion moves are banned
|rule|Endless Battle Clause: Forcing endless battles is banned
|rule|HP Percentage Mod: HP is shown in percentages
|rule|Dynamax Clause: You cannot dynamax
|clearpoke
|poke|p1|Regieleki|
|poke|p1|Garchomp, M|
|poke|p1|Azumarill, M|
|poke|p1|Landorus-Therian, M|
|poke|p1|Bisharp, F|
|poke|p1|Volcarona, M|
|poke|p2|Blacephalon|
|poke|p2|Heatran, M|
|poke|p2|Kartana|
|poke|p2|Magnezone|
|poke|p2|Tornadus-Therian, M|
|poke|p2|Zapdos-Galar|
|teampreview
|c|☆JaVpad1spi|bijour
|c|☆JaVpad1spi|gl hf
|c|☆Daico05|Salut
|c|☆Daico05|Je test une nouvelle team
|c|☆JaVpad1spi|moi aussi
|c|☆JaVpad1spi|je viens de la build
|c|☆Daico05|I see
|c|☆JaVpad1spi|et par contre nik ptn ta gagner
|
|t:|1639768935
|start
|switch|p1a: Regieleki|Regieleki|100/100
|switch|p2a: Blacephalon|Blacephalon|100/100
|turn|1
|
|t:|1639768965
|move|p2a: Blacephalon|Mind Blown|p1a: Regieleki
|-damage|p1a: Regieleki|0 fnt
|-damage|p2a: Blacephalon|50/100|[from] mindblown
|faint|p1a: Regieleki
|-ability|p2a: Blacephalon|Beast Boost|boost
|-boost|p2a: Blacephalon|spa|1
|
|upkeep
|c|☆JaVpad1spi|ah
|c|☆JaVpad1spi|noice
|
|t:|1639769024
|switch|p1a: Bisharp|Bisharp, F|100/100
|turn|2
|
|t:|1639769051
|switch|p2a: Magnezone|Magnezone|100/100
|move|p1a: Bisharp|Sucker Punch||[still]
|-fail|p1a: Bisharp
|
|upkeep
|turn|3
|
|t:|1639769057
|move|p1a: Bisharp|Knock Off|p2a: Magnezone
|-damage|p2a: Magnezone|40/100
|-enditem|p2a: Magnezone|Leftovers|[from] move: Knock Off|[of] p1a: Bisharp
|move|p2a: Magnezone|Body Press|p1a: Bisharp
|-supereffective|p1a: Bisharp
|-damage|p1a: Bisharp|0 fnt
|faint|p1a: Bisharp
|
|upkeep
|
|t:|1639769102
|switch|p1a: Volcarona|Volcarona, M|100/100
|turn|4
|
|t:|1639769130
|switch|p2a: Blacephalon|Blacephalon|50/100
|move|p1a: Volcarona|Quiver Dance|p1a: Volcarona
|-boost|p1a: Volcarona|spa|1
|-boost|p1a: Volcarona|spd|1
|-boost|p1a: Volcarona|spe|1
|
|upkeep
|turn|5
|
|t:|1639769164
|move|p2a: Blacephalon|Mind Blown|p1a: Volcarona
|-damage|p1a: Volcarona|36/100
|-damage|p2a: Blacephalon|0 fnt|[from] mindblown
|faint|p2a: Blacephalon
|move|p1a: Volcarona|Psychic|p2: Blacephalon|[notarget]
|-fail|p1a: Volcarona
|
|upkeep
|
|t:|1639769177
|switch|p2a: Heatran|Heatran, M|100/100
|turn|6
|
|t:|1639769215
|switch|p1a: Landorus|Landorus-Therian, M|100/100
|-ability|p1a: Landorus|Intimidate|boost
|-unboost|p2a: Heatran|atk|1
|move|p2a: Heatran|Magma Storm|p1a: Landorus|[miss]
|-miss|p2a: Heatran|p1a: Landorus
|
|upkeep
|turn|7
|
|t:|1639769226
|switch|p2a: Kartana|Kartana|100/100
|move|p1a: Landorus|Stone Edge|p2a: Kartana
|-resisted|p2a: Kartana
|-damage|p2a: Kartana|79/100
|
|upkeep
|turn|8
|
|t:|1639769246
|move|p1a: Landorus|Earthquake|p2a: Kartana
|-damage|p2a: Kartana|0 fnt
|faint|p2a: Kartana
|
|upkeep
|
|t:|1639769266
|switch|p2a: Tornadus|Tornadus-Therian, M|100/100
|turn|9
|
|t:|1639769275
|move|p2a: Tornadus|Hurricane|p1a: Landorus|[miss]
|-miss|p2a: Tornadus|p1a: Landorus
|move|p1a: Landorus|Stone Edge|p2a: Tornadus
|-supereffective|p2a: Tornadus
|-damage|p2a: Tornadus|0 fnt
|faint|p2a: Tornadus
|
|upkeep
|c|☆JaVpad1spi|...
|
|t:|1639769286
|switch|p2a: Zapdos|Zapdos-Galar|100/100
|turn|10
|
|t:|1639769291
|move|p2a: Zapdos|Brave Bird|p1a: Landorus
|-damage|p1a: Landorus|0 fnt
|faint|p1a: Landorus
|-damage|p2a: Zapdos|67/100|[from] Recoil
|
|upkeep
|
|t:|1639769351
|switch|p1a: Garchomp|Garchomp, M|100/100
|turn|11
|
|t:|1639769389
|move|p1a: Garchomp|Draco Meteor|p2a: Zapdos
|-damage|p2a: Zapdos|0 fnt
|-unboost|p1a: Garchomp|spa|2
|faint|p2a: Zapdos
|-damage|p1a: Garchomp|91/100|[from] item: Life Orb
|
|upkeep
|
|t:|1639769401
|switch|p2a: Heatran|Heatran, M|100/100
|turn|12
|
|t:|1639769403
|move|p1a: Garchomp|Earthquake|p2a: Heatran
|-supereffective|p2a: Heatran
|-damage|p2a: Heatran|0 fnt
|faint|p2a: Heatran
|-damage|p1a: Garchomp|81/100|[from] item: Life Orb
|
|upkeep
|
|t:|1639769405
|switch|p2a: Magnezone|Magnezone|40/100
|turn|13
|
|t:|1639769414
|switch|p1a: Azumarill|Azumarill, M|100/100
|move|p2a: Magnezone|Body Press|p1a: Azumarill
|-resisted|p1a: Azumarill
|-damage|p1a: Azumarill|88/100
|
|upkeep
|turn|14
|
|t:|1639769420
|move|p1a: Azumarill|Belly Drum|p1a: Azumarill
|-damage|p1a: Azumarill|38/100
|-setboost|p1a: Azumarill|atk|6|[from] move: Belly Drum
|-enditem|p1a: Azumarill|Sitrus Berry|[eat]
|-heal|p1a: Azumarill|63/100|[from] item: Sitrus Berry
|move|p2a: Magnezone|Thunderbolt|p1a: Azumarill
|-supereffective|p1a: Azumarill
|-damage|p1a: Azumarill|0 fnt
|faint|p1a: Azumarill
|
|upkeep
|c|☆JaVpad1spi|honnetement
|c|☆JaVpad1spi|pas mérité
|
|t:|1639769429
|switch|p1a: Volcarona|Volcarona, M|36/100
|turn|15
|c|☆JaVpad1spi|je trouve
|
|t:|1639769433
|move|p1a: Volcarona|Fire Blast|p2a: Magnezone
|-supereffective|p2a: Magnezone
|-damage|p2a: Magnezone|0 fnt
|faint|p2a: Magnezone
|
|win|Daico05
|c|☆JaVpad1spi|je missais pas hurricane
|c|☆Daico05|JE suis d'accord
|c|☆JaVpad1spi|je pouvais large win
|c|☆JaVpad1spi|;-;
|c|☆JaVpad1spi|mais bo
|c|☆JaVpad1spi|gg wp
|c|☆JaVpad1spi|tu la pas démeriter
|l|☆Daico05
