|j|☆Wheezer
|j|☆do not talk 2 me
|inactive|Battle timer is ON: inactive players will automatically lose when time's up.
|t:|1660270186
|gametype|singles
|player|p1|Wheezer|petrel|
|player|p2|do not talk 2 me|worker|
|teamsize|p1|6
|teamsize|p2|6
|gen|8
|tier|[Gen 8] OU
|rated|Tournament battle
|rule|Sleep Clause Mod: Limit one foe put to sleep
|rule|Species Clause: Limit one of each Pokémon
|rule|OHKO Clause: OHKO moves are banned
|rule|Evasion Items Clause: Evasion items are banned
|rule|Evasion Moves Clause: Evasion moves are banned
|rule|Endless Battle Clause: Forcing endless battles is banned
|rule|HP Percentage Mod: HP is shown in percentages
|rule|Dynamax Clause: You cannot dynamax
|clearpoke
|poke|p1|Garchomp, F|
|poke|p1|Toxapex, M|
|poke|p1|Persian-Alola, M|
|poke|p1|Landorus-Therian, M|
|poke|p1|Suicune|
|poke|p1|Blaziken, M|
|poke|p2|Corviknight, M|
|poke|p2|Pelipper, M|
|poke|p2|Seismitoad, M|
|poke|p2|Landorus-Therian, M|
|poke|p2|Clefable, F|
|poke|p2|Ferrothorn, F|
|teampreview
|inactive|do not talk 2 me also wants the timer to be on.
|j| fatass cat
|j|%Sww-Suwa
|j| i76567
|j| blooclipse
|j| Lou dort
|c|☆Wheezer|mm, maybe winnable
|c|☆do not talk 2 me|i just brought something fun
|j| pandablack4
|l| Lou dort
|j| rick flareon 483
|
|t:|1660270215
|start
|switch|p1a: Persian|Persian-Alola, M|100/100
|switch|p2a: this is patrick|Clefable, F, shiny|100/100
|turn|1
|
|t:|1660270219
|move|p1a: Persian|Switcheroo|p2a: this is patrick
|-activate|p1a: Persian|move: Trick|[of] p2a: this is patrick
|-item|p2a: this is patrick|Choice Scarf|[from] move: Switcheroo
|-item|p1a: Persian|Life Orb|[from] move: Switcheroo
|move|p2a: this is patrick|Moonblast|p1a: Persian
|-supereffective|p1a: Persian
|-crit|p1a: Persian
|-damage|p1a: Persian|0 fnt
|faint|p1a: Persian
|
|upkeep
|c| blooclipse|lmao
|c|☆Wheezer|uh
|c|☆Wheezer|worth
|l| rick flareon 483
|
|t:|1660270228
|switch|p1a: Suicune|Suicune|100/100
|-ability|p1a: Suicune|Pressure
|turn|2
|j| Pokemon Hates Me
|
|t:|1660270231
|move|p2a: this is patrick|Moonblast|p1a: Suicune
|-damage|p1a: Suicune|68/100
|-unboost|p1a: Suicune|spa|1
|move|p1a: Suicune|Calm Mind|p1a: Suicune
|-boost|p1a: Suicune|spa|1
|-boost|p1a: Suicune|spd|1
|
|-heal|p1a: Suicune|74/100|[from] item: Leftovers
|upkeep
|turn|3
|
|t:|1660270236
|move|p2a: this is patrick|Moonblast|p1a: Suicune
|-damage|p1a: Suicune|54/100
|-unboost|p1a: Suicune|spa|1
|move|p1a: Suicune|Substitute|p1a: Suicune
|-start|p1a: Suicune|Substitute
|-damage|p1a: Suicune|29/100
|
|-heal|p1a: Suicune|35/100|[from] item: Leftovers
|upkeep
|turn|4
|
|t:|1660270239
|move|p2a: this is patrick|Moonblast|p1a: Suicune
|-activate|p1a: Suicune|move: Substitute|[damage]
|move|p1a: Suicune|Calm Mind|p1a: Suicune
|-boost|p1a: Suicune|spa|1
|-boost|p1a: Suicune|spd|1
|
|-heal|p1a: Suicune|41/100|[from] item: Leftovers
|upkeep
|turn|5
|
|t:|1660270241
|move|p1a: Suicune|Protect|p1a: Suicune
|-singleturn|p1a: Suicune|Protect
|move|p2a: this is patrick|Moonblast|p1a: Suicune
|-activate|p1a: Suicune|move: Protect
|
|-heal|p1a: Suicune|47/100|[from] item: Leftovers
|upkeep
|turn|6
|
|t:|1660270244
|move|p2a: this is patrick|Moonblast|p1a: Suicune
|-crit|p1a: Suicune
|-end|p1a: Suicune|Substitute
|move|p1a: Suicune|Calm Mind|p1a: Suicune
|-boost|p1a: Suicune|spa|1
|-boost|p1a: Suicune|spd|1
|
|-heal|p1a: Suicune|53/100|[from] item: Leftovers
|upkeep
|turn|7
|
|t:|1660270249
|switch|p2a: kevin cucumber|Ferrothorn, F|100/100
|move|p1a: Suicune|Substitute|p1a: Suicune
|-start|p1a: Suicune|Substitute
|-damage|p1a: Suicune|28/100
|
|-heal|p1a: Suicune|35/100|[from] item: Leftovers
|upkeep
|turn|8
|
|t:|1660270252
|move|p1a: Suicune|Protect|p1a: Suicune
|-singleturn|p1a: Suicune|Protect
|move|p2a: kevin cucumber|Power Whip|p1a: Suicune
|-activate|p1a: Suicune|move: Protect
|
|-heal|p1a: Suicune|41/100|[from] item: Leftovers
|upkeep
|turn|9
|
|t:|1660270253
|move|p1a: Suicune|Scald|p2a: kevin cucumber
|-resisted|p2a: kevin cucumber
|-damage|p2a: kevin cucumber|83/100
|move|p2a: kevin cucumber|Power Whip|p1a: Suicune|[miss]
|-miss|p2a: kevin cucumber|p1a: Suicune
|
|-heal|p1a: Suicune|47/100|[from] item: Leftovers
|-heal|p2a: kevin cucumber|89/100|[from] item: Leftovers
|upkeep
|turn|10
|
|t:|1660270256
|move|p1a: Suicune|Protect|p1a: Suicune
|-singleturn|p1a: Suicune|Protect
|move|p2a: kevin cucumber|Spikes|p1a: Suicune
|-sidestart|p1: Wheezer|Spikes
|
|-heal|p1a: Suicune|53/100|[from] item: Leftovers
|-heal|p2a: kevin cucumber|96/100|[from] item: Leftovers
|upkeep
|turn|11
|c| blooclipse|the suicune go. button
|
|t:|1660270259
|move|p1a: Suicune|Scald|p2a: kevin cucumber
|-resisted|p2a: kevin cucumber
|-damage|p2a: kevin cucumber|79/100
|-status|p2a: kevin cucumber|brn
|move|p2a: kevin cucumber|Power Whip|p1a: Suicune
|-supereffective|p1a: Suicune
|-end|p1a: Suicune|Substitute
|
|-heal|p1a: Suicune|59/100|[from] item: Leftovers
|-heal|p2a: kevin cucumber|85/100 brn|[from] item: Leftovers
|-damage|p2a: kevin cucumber|79/100 brn|[from] brn
|upkeep
|turn|12
|
|t:|1660270267
|move|p1a: Suicune|Protect|p1a: Suicune
|-singleturn|p1a: Suicune|Protect
|move|p2a: kevin cucumber|Power Whip|p1a: Suicune
|-activate|p1a: Suicune|move: Protect
|
|-heal|p1a: Suicune|66/100|[from] item: Leftovers
|-heal|p2a: kevin cucumber|85/100 brn|[from] item: Leftovers
|-damage|p2a: kevin cucumber|79/100 brn|[from] brn
|upkeep
|turn|13
|j| Pikablu007
|
|t:|1660270269
|move|p1a: Suicune|Substitute|p1a: Suicune
|-start|p1a: Suicune|Substitute
|-damage|p1a: Suicune|41/100
|move|p2a: kevin cucumber|Power Whip|p1a: Suicune|[miss]
|-miss|p2a: kevin cucumber|p1a: Suicune
|
|-heal|p1a: Suicune|47/100|[from] item: Leftovers
|-heal|p2a: kevin cucumber|85/100 brn|[from] item: Leftovers
|-damage|p2a: kevin cucumber|79/100 brn|[from] brn
|upkeep
|turn|14
|c|☆do not talk 2 me|man
|c|☆do not talk 2 me|that is super lame lol
|
|t:|1660270279
|move|p1a: Suicune|Protect|p1a: Suicune
|-singleturn|p1a: Suicune|Protect
|move|p2a: kevin cucumber|Power Whip|p1a: Suicune
|-activate|p1a: Suicune|move: Protect
|
|-heal|p1a: Suicune|53/100|[from] item: Leftovers
|-heal|p2a: kevin cucumber|85/100 brn|[from] item: Leftovers
|-damage|p2a: kevin cucumber|79/100 brn|[from] brn
|upkeep
|turn|15
|
|t:|1660270281
|move|p1a: Suicune|Calm Mind|p1a: Suicune
|-boost|p1a: Suicune|spa|1
|-boost|p1a: Suicune|spd|1
|move|p2a: kevin cucumber|Power Whip|p1a: Suicune
|-supereffective|p1a: Suicune
|-crit|p1a: Suicune
|-end|p1a: Suicune|Substitute
|
|-heal|p1a: Suicune|59/100|[from] item: Leftovers
|-heal|p2a: kevin cucumber|85/100 brn|[from] item: Leftovers
|-damage|p2a: kevin cucumber|79/100 brn|[from] brn
|upkeep
|turn|16
|c| blooclipse|pure skill fr
|
|t:|1660270297
|switch|p2a: old man walker|Seismitoad, M|100/100
|move|p1a: Suicune|Protect||[still]
|-fail|p1a: Suicune
|
|-heal|p1a: Suicune|65/100|[from] item: Leftovers
|upkeep
|turn|17
|
|t:|1660270299
|move|p1a: Suicune|Scald|p2a: old man walker
|-damage|p2a: old man walker|35/100
|move|p2a: old man walker|Power Whip|p1a: Suicune|[miss]
|-miss|p2a: old man walker|p1a: Suicune
|
|-heal|p1a: Suicune|72/100|[from] item: Leftovers
|upkeep
|turn|18
|c|☆do not talk 2 me|are you fuckin kidding me
|c|☆Wheezer|okay
|c|☆Wheezer|thats
|c|%Sww-Suwa|lmao
|c|☆Wheezer|kinda hilariosu
|c|☆Wheezer|ngl
|c| blooclipse|85 per cent accurate
|l| Pikablu007
|
|t:|1660270321
|switch|p2a: pearl|Pelipper, M|100/100
|-weather|RainDance|[from] ability: Drizzle|[of] p2a: pearl
|move|p1a: Suicune|Scald|p2a: pearl
|-resisted|p2a: pearl
|-damage|p2a: pearl|40/100
|
|-weather|RainDance|[upkeep]
|-heal|p1a: Suicune|78/100|[from] item: Leftovers
|upkeep
|turn|19
|
|t:|1660270325
|move|p2a: pearl|Hurricane|p1a: Suicune
|-damage|p1a: Suicune|67/100
|move|p1a: Suicune|Substitute|p1a: Suicune
|-start|p1a: Suicune|Substitute
|-damage|p1a: Suicune|42/100
|
|-weather|RainDance|[upkeep]
|-heal|p1a: Suicune|48/100|[from] item: Leftovers
|upkeep
|turn|20
|l| fatass cat
|
|t:|1660270329
|move|p2a: pearl|Hurricane|p1a: Suicune
|-activate|p1a: Suicune|move: Substitute|[damage]
|move|p1a: Suicune|Scald|p2a: pearl
|-resisted|p2a: pearl
|-damage|p2a: pearl|0 fnt
|faint|p2a: pearl
|
|-weather|RainDance|[upkeep]
|-heal|p1a: Suicune|54/100|[from] item: Leftovers
|upkeep
|
|t:|1660270331
|switch|p2a: old man walker|Seismitoad, M|35/100
|turn|21
|
|t:|1660270334
|move|p2a: old man walker|Power Whip|p1a: Suicune
|-supereffective|p1a: Suicune
|-crit|p1a: Suicune
|-end|p1a: Suicune|Substitute
|-damage|p2a: old man walker|25/100|[from] item: Life Orb
|move|p1a: Suicune|Scald|p2a: old man walker
|-damage|p2a: old man walker|0 fnt
|faint|p2a: old man walker
|
|-weather|RainDance|[upkeep]
|-heal|p1a: Suicune|60/100|[from] item: Leftovers
|upkeep
|
|t:|1660270336
|switch|p2a: this is patrick|Clefable, F, shiny|100/100
|turn|22
|
|t:|1660270338
|move|p2a: this is patrick|Thunder|p1a: Suicune
|-supereffective|p1a: Suicune
|-damage|p1a: Suicune|43/100
|move|p1a: Suicune|Scald|p2a: this is patrick
|-damage|p2a: this is patrick|11/100
|
|-weather|none
|-heal|p1a: Suicune|50/100|[from] item: Leftovers
|upkeep
|turn|23
|
|t:|1660270342
|move|p1a: Suicune|Protect|p1a: Suicune
|-singleturn|p1a: Suicune|Protect
|move|p2a: this is patrick|Thunder|p1a: Suicune
|-activate|p1a: Suicune|move: Protect
|
|-heal|p1a: Suicune|56/100|[from] item: Leftovers
|upkeep
|turn|24
|c| blooclipse|LMAO
|
|t:|1660270351
|switch|p1a: Garchomp|Garchomp, F|100/100
|-damage|p1a: Garchomp|88/100|[from] Spikes
|move|p2a: this is patrick|Thunder|p1a: Garchomp
|-immune|p1a: Garchomp
|
|upkeep
|turn|25
|inactive|do not talk 2 me has 120 seconds left.
|
|t:|1660270401
|switch|p2a: sandy cheeks|Landorus-Therian, M|100/100
|-ability|p2a: sandy cheeks|Intimidate|boost
|-unboost|p1a: Garchomp|atk|1
|move|p1a: Garchomp|Whirlpool|p2a: sandy cheeks|[miss]
|-miss|p1a: Garchomp|p2a: sandy cheeks
|
|upkeep
|turn|26
|
|t:|1660270407
|move|p2a: sandy cheeks|U-turn|p1a: Garchomp
|-damage|p1a: Garchomp|67/100
|-damage|p2a: sandy cheeks|88/100|[from] ability: Rough Skin|[of] p1a: Garchomp
|-damage|p2a: sandy cheeks|72/100|[from] item: Rocky Helmet|[of] p1a: Garchomp
|
|t:|1660270409
|switch|p2a: man ray|Corviknight, M, shiny|100/100|[from]move: U-turn
|move|p1a: Garchomp|Toxic|p2a: man ray
|-immune|p2a: man ray
|
|upkeep
|turn|27
|
|t:|1660270413
|move|p1a: Garchomp|Stealth Rock|p2a: man ray
|-sidestart|p2: do not talk 2 me|move: Stealth Rock
|move|p2a: man ray|Agility|p2a: man ray
|-boost|p2a: man ray|spe|2
|
|upkeep
|turn|28
|
|t:|1660270415
|switch|p1a: Toxapex|Toxapex, M|100/100
|-damage|p1a: Toxapex|88/100|[from] Spikes
|move|p2a: man ray|Bulk Up|p2a: man ray
|-boost|p2a: man ray|atk|1
|-boost|p2a: man ray|def|1
|
|upkeep
|turn|29
|
|t:|1660270420
|move|p2a: man ray|Power Trip|p1a: Toxapex
|-damage|p1a: Toxapex|65/100
|-damage|p2a: man ray|84/100|[from] item: Rocky Helmet|[of] p1a: Toxapex
|move|p1a: Toxapex|Haze|p1a: Toxapex
|-clearallboost
|
|upkeep
|turn|30
|
|t:|1660270428
|switch|p2a: this is patrick|Clefable, F, shiny|11/100
|switch|p1a: Blaziken|Blaziken, M|100/100
|-damage|p1a: Blaziken|88/100|[from] Spikes
|
|-heal|p1a: Blaziken|94/100|[from] item: Leftovers
|upkeep
|turn|31
|
|t:|1660270434
|switch|p1a: Landorus|Landorus-Therian, M|100/100
|-ability|p1a: Landorus|Intimidate|boost
|-unboost|p2a: this is patrick|atk|1
|move|p2a: this is patrick|Moonblast|p1a: Landorus
|-damage|p1a: Landorus|65/100
|
|-heal|p1a: Landorus|71/100|[from] item: Leftovers
|upkeep
|turn|32
|
|t:|1660270439
|move|p2a: this is patrick|Moonblast|p1a: Landorus
|-damage|p1a: Landorus|39/100
|move|p1a: Landorus|U-turn|p2a: this is patrick
|-resisted|p2a: this is patrick
|-damage|p2a: this is patrick|0 fnt
|faint|p2a: this is patrick
|
|t:|1660270445
|switch|p1a: Suicune|Suicune|56/100|[from]move: U-turn
|-damage|p1a: Suicune|43/100|[from] Spikes
|-ability|p1a: Suicune|Pressure
|
|-heal|p1a: Suicune|50/100|[from] item: Leftovers
|upkeep
|
|t:|1660270450
|switch|p2a: sandy cheeks|Landorus-Therian, M|72/100
|-damage|p2a: sandy cheeks|59/100|[from] Stealth Rock
|-ability|p2a: sandy cheeks|Intimidate|boost
|-unboost|p1a: Suicune|atk|1
|turn|33
|
|t:|1660270453
|move|p1a: Suicune|Protect|p1a: Suicune
|-singleturn|p1a: Suicune|Protect
|move|p2a: sandy cheeks|Earthquake|p1a: Suicune
|-activate|p1a: Suicune|move: Protect
|
|-heal|p1a: Suicune|56/100|[from] item: Leftovers
|upkeep
|turn|34
|
|t:|1660270458
|switch|p2a: kevin cucumber|Ferrothorn, F|79/100 brn
|-damage|p2a: kevin cucumber|73/100 brn|[from] Stealth Rock
|move|p1a: Suicune|Scald|p2a: kevin cucumber
|-resisted|p2a: kevin cucumber
|-damage|p2a: kevin cucumber|63/100 brn
|
|-heal|p1a: Suicune|62/100|[from] item: Leftovers
|-heal|p2a: kevin cucumber|69/100 brn|[from] item: Leftovers
|-damage|p2a: kevin cucumber|63/100 brn|[from] brn
|upkeep
|turn|35
|c|☆do not talk 2 me|dawg what
|
|t:|1660270475
|switch|p1a: Blaziken|Blaziken, M|94/100
|-damage|p1a: Blaziken|82/100|[from] Spikes
|move|p2a: kevin cucumber|Spikes|p1a: Blaziken
|-sidestart|p1: Wheezer|Spikes
|
|-heal|p1a: Blaziken|88/100|[from] item: Leftovers
|-heal|p2a: kevin cucumber|69/100 brn|[from] item: Leftovers
|-damage|p2a: kevin cucumber|63/100 brn|[from] brn
|upkeep
|turn|36
|
|t:|1660270478
|move|p1a: Blaziken|Flare Blitz|p2a: kevin cucumber
|-supereffective|p2a: kevin cucumber
|-damage|p2a: kevin cucumber|0 fnt
|-damage|p1a: Blaziken|76/100|[from] ability: Iron Barbs|[of] p2a: kevin cucumber
|faint|p2a: kevin cucumber
|-damage|p1a: Blaziken|53/100|[from] Recoil
|
|-heal|p1a: Blaziken|59/100|[from] item: Leftovers
|-ability|p1a: Blaziken|Speed Boost|boost
|-boost|p1a: Blaziken|spe|1
|upkeep
|
|t:|1660270480
|switch|p2a: sandy cheeks|Landorus-Therian, M|59/100
|-damage|p2a: sandy cheeks|47/100|[from] Stealth Rock
|-ability|p2a: sandy cheeks|Intimidate|boost
|-unboost|p1a: Blaziken|atk|1
|turn|37
|
|t:|1660270483
|switch|p1a: Landorus|Landorus-Therian, M|39/100
|-ability|p1a: Landorus|Intimidate|boost
|-unboost|p2a: sandy cheeks|atk|1
|move|p2a: sandy cheeks|Earthquake|p1a: Landorus
|-immune|p1a: Landorus
|
|-heal|p1a: Landorus|45/100|[from] item: Leftovers
|upkeep
|turn|38
|
|t:|1660270487
|switch|p2a: man ray|Corviknight, M, shiny|84/100
|-damage|p2a: man ray|71/100|[from] Stealth Rock
|move|p1a: Landorus|U-turn|p2a: man ray
|-resisted|p2a: man ray
|-damage|p2a: man ray|67/100
|
|t:|1660270489
|switch|p1a: Blaziken|Blaziken, M|59/100|[from]move: U-turn
|-damage|p1a: Blaziken|42/100|[from] Spikes
|
|-heal|p1a: Blaziken|48/100|[from] item: Leftovers
|upkeep
|turn|39
|
|t:|1660270491
|switch|p2a: sandy cheeks|Landorus-Therian, M|47/100
|-damage|p2a: sandy cheeks|35/100|[from] Stealth Rock
|-ability|p2a: sandy cheeks|Intimidate|boost
|-unboost|p1a: Blaziken|atk|1
|move|p1a: Blaziken|Flare Blitz|p2a: sandy cheeks
|-damage|p2a: sandy cheeks|0 fnt
|faint|p2a: sandy cheeks
|-damage|p1a: Blaziken|37/100|[from] Recoil
|
|-heal|p1a: Blaziken|43/100|[from] item: Leftovers
|-ability|p1a: Blaziken|Speed Boost|boost
|-boost|p1a: Blaziken|spe|1
|upkeep
|
|t:|1660270492
|switch|p2a: man ray|Corviknight, M, shiny|67/100
|-damage|p2a: man ray|55/100|[from] Stealth Rock
|turn|40
|
|t:|1660270495
|move|p1a: Blaziken|Flare Blitz|p2a: man ray
|-supereffective|p2a: man ray
|-damage|p2a: man ray|0 fnt
|faint|p2a: man ray
|-damage|p1a: Blaziken|21/100|[from] Recoil
|
|win|Wheezer
|n|☆Wheezer|wheezer
|n|☆do not talk 2 me|donottalk2me
|n| Sww-Suwa|swwsuwa
|n| i76567|i76567
|n| blooclipse|blooclipse
|n| pandablack4|pandablack4
|n| Pokemon Hates Me|pokemonhatesme
