|j|☆Kaleor
|j|☆GenericHyperOffens
|t:|1639856445
|gametype|singles
|player|p1|Kaleor|swimmer-gen4dp|1561
|player|p2|GenericHyperOffens|scientist-gen4|1509
|teamsize|p1|6
|teamsize|p2|6
|gen|8
|tier|[Gen 8] OU
|rated|
|rule|Sleep Clause Mod: Limit one foe put to sleep
|rule|Species Clause: Limit one of each Pokémon
|rule|OHKO Clause: OHKO moves are banned
|rule|Evasion Moves Clause: Evasion moves are banned
|rule|Endless Battle Clause: Forcing endless battles is banned
|rule|HP Percentage Mod: HP is shown in percentages
|rule|Dynamax Clause: You cannot dynamax
|clearpoke
|poke|p1|Heatran, M|
|poke|p1|Ninetales-Alola, F|
|poke|p1|Arctozolt|
|poke|p1|Buzzwole|
|poke|p1|Garchomp, F|
|poke|p1|Tapu Fini|
|poke|p2|Tapu Lele|
|poke|p2|Dragapult, M|
|poke|p2|Kartana|
|poke|p2|Landorus-Therian, M|
|poke|p2|Cloyster, F|
|poke|p2|Blacephalon|
|teampreview
|j| Slick
|j| pidewepobappy
|inactive|Battle timer is ON: inactive players will automatically lose when time's up. (requested by Kaleor)
|inactive|GenericHyperOffens also wants the timer to be on.
|
|t:|1639856457
|start
|switch|p1a: Ninetales|Ninetales-Alola, F|100/100
|switch|p2a: Apollo 13|Dragapult, M|100/100
|-weather|Hail|[from] ability: Snow Warning|[of] p1a: Ninetales
|turn|1
|
|t:|1639856463
|move|p2a: Apollo 13|Steel Wing|p1a: Ninetales
|-supereffective|p1a: Ninetales
|-damage|p1a: Ninetales|0 fnt
|faint|p1a: Ninetales
|-damage|p2a: Apollo 13|91/100|[from] item: Life Orb
|
|-weather|Hail|[upkeep]
|-damage|p2a: Apollo 13|85/100|[from] Hail
|upkeep
|
|t:|1639856465
|switch|p1a: Arctozolt|Arctozolt|100/100
|turn|2
|inactive|GenericHyperOffens has 120 seconds left.
|
|t:|1639856496
|switch|p2a: The Clamboni|Cloyster, F|100/100
|move|p1a: Arctozolt|Blizzard|p2a: The Clamboni
|-resisted|p2a: The Clamboni
|-damage|p2a: The Clamboni|68/100
|-damage|p1a: Arctozolt|91/100|[from] item: Life Orb
|
|-weather|Hail|[upkeep]
|upkeep
|turn|3
|
|t:|1639856503
|move|p1a: Arctozolt|Substitute|p1a: Arctozolt
|-start|p1a: Arctozolt|Substitute
|-damage|p1a: Arctozolt|66/100
|move|p2a: The Clamboni|Rock Blast|p1a: Arctozolt
|-supereffective|p1a: Arctozolt
|-activate|p1a: Arctozolt|move: Substitute|[damage]
|-supereffective|p1a: Arctozolt
|-crit|p1a: Arctozolt
|-end|p1a: Arctozolt|Substitute
|-supereffective|p1a: Arctozolt
|-damage|p1a: Arctozolt|49/100
|-supereffective|p1a: Arctozolt
|-damage|p1a: Arctozolt|30/100
|-supereffective|p1a: Arctozolt
|-damage|p1a: Arctozolt|12/100
|-hitcount|p1a: Arctozolt|5
|
|-weather|Hail|[upkeep]
|upkeep
|turn|4
|
|t:|1639856517
|move|p2a: The Clamboni|Ice Shard|p1a: Arctozolt
|-resisted|p1a: Arctozolt
|-damage|p1a: Arctozolt|2/100
|move|p1a: Arctozolt|Bolt Beak|p2a: The Clamboni
|-supereffective|p2a: The Clamboni
|-damage|p2a: The Clamboni|0 fnt
|faint|p2a: The Clamboni
|-damage|p1a: Arctozolt|0 fnt|[from] item: Life Orb
|faint|p1a: Arctozolt
|
|-weather|Hail|[upkeep]
|upkeep
|inactive|GenericHyperOffens has 120 seconds left.
|inactive|Kaleor has 120 seconds left.
|
|t:|1639856560
|switch|p2a: SuperBass|Tapu Lele|100/100
|switch|p1a: Buzzwole|Buzzwole|100/100
|-fieldstart|move: Psychic Terrain|[from] ability: Psychic Surge|[of] p2a: SuperBass
|turn|5
|
|t:|1639856569
|switch|p1a: Heatran|Heatran, M|100/100
|-item|p1a: Heatran|Air Balloon
|move|p2a: SuperBass|Psychic|p1a: Heatran
|-resisted|p1a: Heatran
|-damage|p1a: Heatran|53/100
|-enditem|p1a: Heatran|Air Balloon
|
|-weather|Hail|[upkeep]
|-damage|p2a: SuperBass|94/100|[from] Hail
|-damage|p1a: Heatran|47/100|[from] Hail
|upkeep
|turn|6
|inactive|Kaleor has 120 seconds left.
|inactive|Kaleor has 90 seconds left.
|
|t:|1639856635
|move|p2a: SuperBass|Psychic|p1a: Heatran
|-resisted|p1a: Heatran
|-damage|p1a: Heatran|0 fnt
|faint|p1a: Heatran
|
|-weather|Hail|[upkeep]
|-damage|p2a: SuperBass|88/100|[from] Hail
|upkeep
|
|t:|1639856641
|switch|p1a: Garchomp|Garchomp, F|100/100
|turn|7
|
|t:|1639856643
|move|p1a: Garchomp|Earthquake|p2a: SuperBass
|-damage|p2a: SuperBass|0 fnt
|faint|p2a: SuperBass
|-damage|p1a: Garchomp|91/100|[from] item: Life Orb
|
|-weather|Hail|[upkeep]
|-damage|p1a: Garchomp|85/100|[from] Hail
|upkeep
|
|t:|1639856653
|switch|p2a: Brock Lesnar|Landorus-Therian, M|100/100
|-ability|p2a: Brock Lesnar|Intimidate|boost
|-unboost|p1a: Garchomp|atk|1
|turn|8
|inactive|Kaleor has 60 seconds left.
|
|t:|1639856694
|switch|p1a: Tapu Fini|Tapu Fini|100/100
|-fieldstart|move: Misty Terrain|[from] ability: Misty Surge|[of] p1a: Tapu Fini
|move|p2a: Brock Lesnar|Earthquake|p1a: Tapu Fini
|-damage|p1a: Tapu Fini|46/100
|
|-weather|none
|-heal|p1a: Tapu Fini|52/100|[from] item: Leftovers
|upkeep
|turn|9
|
|t:|1639856702
|move|p2a: Brock Lesnar|Earthquake|p1a: Tapu Fini
|-damage|p1a: Tapu Fini|0 fnt
|faint|p1a: Tapu Fini
|
|upkeep
|inactive|Kaleor has 60 seconds left.
|l| Slick
|
|t:|1639856713
|switch|p1a: Garchomp|Garchomp, F|85/100
|turn|10
|inactive|Kaleor has 60 seconds left.
|
|t:|1639856721
|move|p1a: Garchomp|Swords Dance|p1a: Garchomp
|-boost|p1a: Garchomp|atk|2
|move|p2a: Brock Lesnar|Earthquake|p1a: Garchomp
|-damage|p1a: Garchomp|20/100
|
|upkeep
|turn|11
|
|t:|1639856727
|move|p1a: Garchomp|Scale Shot|p2a: Brock Lesnar
|-damage|p2a: Brock Lesnar|67/100
|-damage|p2a: Brock Lesnar|34/100
|-damage|p2a: Brock Lesnar|3/100
|-damage|p2a: Brock Lesnar|0 fnt
|faint|p2a: Brock Lesnar
|-hitcount|p2: Brock Lesnar|4
|-unboost|p1a: Garchomp|def|1
|-boost|p1a: Garchomp|spe|1
|-damage|p1a: Garchomp|10/100|[from] item: Life Orb
|
|upkeep
|
|t:|1639856750
|switch|p2a: Apollo 13|Dragapult, M|85/100
|turn|12
|
|t:|1639856753
|move|p2a: Apollo 13|Sucker Punch|p1a: Garchomp
|-damage|p1a: Garchomp|0 fnt
|-damage|p2a: Apollo 13|73/100|[from] ability: Rough Skin|[of] p1a: Garchomp
|faint|p1a: Garchomp
|-damage|p2a: Apollo 13|63/100|[from] item: Life Orb
|
|-fieldend|Misty Terrain
|upkeep
|
|t:|1639856755
|switch|p1a: Buzzwole|Buzzwole|100/100
|turn|13
|
|t:|1639856763
|move|p2a: Apollo 13|Dragon Darts|p1a: Buzzwole
|-crit|p1a: Buzzwole
|-damage|p1a: Buzzwole|78/100
|-anim|p2a: Apollo 13|Dragon Darts|p1a: Buzzwole
|-damage|p1a: Buzzwole|61/100
|-damage|p2a: Apollo 13|53/100|[from] item: Life Orb
|move|p1a: Buzzwole|Roost|p1a: Buzzwole
|-heal|p1a: Buzzwole|100/100
|-singleturn|p1a: Buzzwole|move: Roost
|
|upkeep
|turn|14
|
|t:|1639856771
|move|p2a: Apollo 13|Dragon Dance|p2a: Apollo 13
|-boost|p2a: Apollo 13|atk|1
|-boost|p2a: Apollo 13|spe|1
|move|p1a: Buzzwole|Ice Punch|p2a: Apollo 13
|-supereffective|p2a: Apollo 13
|-damage|p2a: Apollo 13|0 fnt
|faint|p2a: Apollo 13
|-ability|p1a: Buzzwole|Beast Boost|boost
|-boost|p1a: Buzzwole|def|1
|
|upkeep
|
|t:|1639856779
|switch|p2a: The Whole Circus|Blacephalon|100/100
|turn|15
|
|t:|1639856782
|move|p2a: The Whole Circus|Flamethrower|p1a: Buzzwole
|-supereffective|p1a: Buzzwole
|-damage|p1a: Buzzwole|0 fnt
|faint|p1a: Buzzwole
|
|win|GenericHyperOffens
|raw|Kaleor's rating: 1561 &rarr; <strong>1538</strong><br />(-23 for losing)
|raw|GenericHyperOffens's rating: 1509 &rarr; <strong>1532</strong><br />(+23 for winning)
|c|☆GenericHyperOffens|gg
||Ladder isn't responding, score probably updated but might not have (Request timeout).
