|j|☆hyperscreens
|j|☆GORAN EL DRACO
|t:|1645527324
|gametype|singles
|player|p1|hyperscreens|infielder|1614
|player|p2|GORAN EL DRACO|harlequin|1754
|teamsize|p1|6
|teamsize|p2|6
|gen|8
|tier|[Gen 8] OU
|rated|
|rule|Sleep Clause Mod: Limit one foe put to sleep
|rule|Species Clause: Limit one of each Pokémon
|rule|OHKO Clause: OHKO moves are banned
|rule|Evasion Moves Clause: Evasion moves are banned
|rule|Endless Battle Clause: Forcing endless battles is banned
|rule|HP Percentage Mod: HP is shown in percentages
|rule|Dynamax Clause: You cannot dynamax
|clearpoke
|poke|p1|Corviknight, F|
|poke|p1|Melmetal|
|poke|p1|Urshifu-*, F|
|poke|p1|Garchomp, F|
|poke|p1|Dragapult, F|
|poke|p1|Tapu Lele|
|poke|p2|Tyranitar, F|
|poke|p2|Urshifu-*, F|
|poke|p2|Landorus-Therian, M|
|poke|p2|Tapu Lele|
|poke|p2|Melmetal|
|poke|p2|Volcanion|
|teampreview
|inactive|Battle timer is ON: inactive players will automatically lose when time's up. (requested by GORAN EL DRACO)
|inactive|hyperscreens also wants the timer to be on.
|j| f65701
|j|+Dragonillis
|
|t:|1645527342
|start
|switch|p1a: Tapu Lele|Tapu Lele|100/100
|switch|p2a: Landorus|Landorus-Therian, M|100/100
|-fieldstart|move: Psychic Terrain|[from] ability: Psychic Surge|[of] p1a: Tapu Lele
|-ability|p2a: Landorus|Intimidate|boost
|-unboost|p1a: Tapu Lele|atk|1
|turn|1
|
|t:|1645527347
|switch|p1a: Corviknight|Corviknight, F|100/100
|-ability|p1a: Corviknight|Pressure
|move|p2a: Landorus|Knock Off|p1a: Corviknight
|-damage|p1a: Corviknight|79/100
|-damage|p2a: Landorus|84/100|[from] item: Rocky Helmet|[of] p1a: Corviknight
|-enditem|p1a: Corviknight|Rocky Helmet|[from] move: Knock Off|[of] p2a: Landorus
|
|upkeep
|turn|2
|
|t:|1645527350
|move|p2a: Landorus|Stealth Rock|p1a: Corviknight
|-sidestart|p1: hyperscreens|move: Stealth Rock
|move|p1a: Corviknight|Defog|p2a: Landorus
|-unboost|p2a: Landorus|evasion|1
|-sideend|p1: hyperscreens|Stealth Rock|[from] move: Defog|[of] p1a: Corviknight
|-fieldend|move: Psychic Terrain
|
|upkeep
|turn|3
|
|t:|1645527353
|move|p2a: Landorus|Stealth Rock|p1a: Corviknight
|-sidestart|p1: hyperscreens|move: Stealth Rock
|move|p1a: Corviknight|U-turn|p2a: Landorus
|-resisted|p2a: Landorus
|-damage|p2a: Landorus|77/100
|
|t:|1645527357
|switch|p1a: Urshifu|Urshifu-Rapid-Strike, F|100/100|[from]move: U-turn
|-damage|p1a: Urshifu|94/100|[from] Stealth Rock
|
|upkeep
|turn|4
|
|t:|1645527366
|move|p1a: Urshifu|Close Combat|p2a: Landorus
|-resisted|p2a: Landorus
|-damage|p2a: Landorus|32/100
|-unboost|p1a: Urshifu|def|1
|-unboost|p1a: Urshifu|spd|1
|move|p2a: Landorus|U-turn|p1a: Urshifu
|-resisted|p1a: Urshifu
|-damage|p1a: Urshifu|78/100
|
|t:|1645527374
|switch|p2a: Tapu Lele|Tapu Lele|100/100|[from]move: U-turn
|-fieldstart|move: Psychic Terrain|[from] ability: Psychic Surge|[of] p2a: Tapu Lele
|
|upkeep
|turn|5
|
|t:|1645527385
|switch|p1a: Corviknight|Corviknight, F|79/100
|-damage|p1a: Corviknight|66/100|[from] Stealth Rock
|-ability|p1a: Corviknight|Pressure
|move|p2a: Tapu Lele|Psychic|p1a: Corviknight
|-resisted|p1a: Corviknight
|-damage|p1a: Corviknight|38/100
|
|upkeep
|turn|6
|
|t:|1645527393
|switch|p2a: Volcanion|Volcanion|100/100
|move|p1a: Corviknight|Defog|p2a: Volcanion
|-unboost|p2a: Volcanion|evasion|1
|-sideend|p1: hyperscreens|Stealth Rock|[from] move: Defog|[of] p1a: Corviknight
|-fieldend|move: Psychic Terrain
|
|upkeep
|turn|7
|
|t:|1645527406
|switch|p1a: Dragapult|Dragapult, F|100/100
|move|p2a: Volcanion|Steam Eruption|p1a: Dragapult
|-resisted|p1a: Dragapult
|-damage|p1a: Dragapult|58/100
|
|upkeep
|turn|8
|
|t:|1645527412
|move|p1a: Dragapult|U-turn|p2a: Volcanion
|-resisted|p2a: Volcanion
|-damage|p2a: Volcanion|93/100
|
|t:|1645527419
|switch|p1a: Urshifu|Urshifu-Rapid-Strike, F|78/100|[from]move: U-turn
|move|p2a: Volcanion|Steam Eruption|p1a: Urshifu
|-resisted|p1a: Urshifu
|-damage|p1a: Urshifu|32/100
|
|upkeep
|turn|9
|
|t:|1645527430
|switch|p2a: Tapu Lele|Tapu Lele|100/100
|-fieldstart|move: Psychic Terrain|[from] ability: Psychic Surge|[of] p2a: Tapu Lele
|move|p1a: Urshifu|Close Combat|p2a: Tapu Lele
|-resisted|p2a: Tapu Lele
|-damage|p2a: Tapu Lele|64/100
|-unboost|p1a: Urshifu|def|1
|-unboost|p1a: Urshifu|spd|1
|
|upkeep
|turn|10
|
|t:|1645527436
|switch|p1a: Melmetal|Melmetal|100/100
|move|p2a: Tapu Lele|Psychic|p1a: Melmetal
|-resisted|p1a: Melmetal
|-damage|p1a: Melmetal|86/100
|
|upkeep
|turn|11
|j| zitaijiazi
|
|t:|1645527458
|switch|p2a: Urshifu|Urshifu-Rapid-Strike, F|100/100
|move|p1a: Melmetal|Earthquake|p2a: Urshifu
|-damage|p2a: Urshifu|67/100
|
|upkeep
|turn|12
|
|t:|1645527466
|move|p2a: Urshifu|Surging Strikes|p1a: Melmetal
|-crit|p1a: Melmetal
|-damage|p1a: Melmetal|66/100
|-crit|p1a: Melmetal
|-damage|p1a: Melmetal|47/100
|-crit|p1a: Melmetal
|-damage|p1a: Melmetal|29/100
|-hitcount|p1a: Melmetal|3
|move|p1a: Melmetal|Thunder Punch|p2a: Urshifu
|-supereffective|p2a: Urshifu
|-crit|p2a: Urshifu
|-damage|p2a: Urshifu|0 fnt
|faint|p2a: Urshifu
|
|upkeep
|
|t:|1645527475
|switch|p2a: Landorus|Landorus-Therian, M|32/100
|-ability|p2a: Landorus|Intimidate|boost
|-unboost|p1a: Melmetal|atk|1
|turn|13
|
|t:|1645527480
|switch|p1a: Corviknight|Corviknight, F|38/100
|-ability|p1a: Corviknight|Pressure
|move|p2a: Landorus|Stealth Rock|p1a: Corviknight
|-sidestart|p1: hyperscreens|move: Stealth Rock
|
|-fieldend|move: Psychic Terrain
|upkeep
|turn|14
|
|t:|1645527482
|move|p2a: Landorus|U-turn|p1a: Corviknight
|-resisted|p1a: Corviknight
|-damage|p1a: Corviknight|35/100
|
|t:|1645527485
|switch|p2a: Volcanion|Volcanion|93/100|[from]move: U-turn
|move|p1a: Corviknight|Roost|p1a: Corviknight
|-heal|p1a: Corviknight|85/100
|-singleturn|p1a: Corviknight|move: Roost
|
|upkeep
|turn|15
|
|t:|1645527490
|move|p2a: Volcanion|Flamethrower|p1a: Corviknight
|-supereffective|p1a: Corviknight
|-damage|p1a: Corviknight|0 fnt
|faint|p1a: Corviknight
|
|upkeep
|
|t:|1645527497
|switch|p1a: Urshifu|Urshifu-Rapid-Strike, F|32/100
|-damage|p1a: Urshifu|26/100|[from] Stealth Rock
|turn|16
|
|t:|1645527501
|switch|p2a: Landorus|Landorus-Therian, M|32/100
|-ability|p2a: Landorus|Intimidate|boost
|-unboost|p1a: Urshifu|atk|1
|move|p1a: Urshifu|Close Combat|p2a: Landorus
|-resisted|p2a: Landorus
|-damage|p2a: Landorus|0 fnt
|-unboost|p1a: Urshifu|def|1
|-unboost|p1a: Urshifu|spd|1
|faint|p2a: Landorus
|
|upkeep
|
|t:|1645527506
|switch|p2a: Tapu Lele|Tapu Lele|64/100
|-fieldstart|move: Psychic Terrain|[from] ability: Psychic Surge|[of] p2a: Tapu Lele
|turn|17
|
|t:|1645527521
|switch|p1a: Dragapult|Dragapult, F|58/100
|-damage|p1a: Dragapult|45/100|[from] Stealth Rock
|move|p2a: Tapu Lele|Psychic|p1a: Dragapult
|-damage|p1a: Dragapult|0 fnt
|faint|p1a: Dragapult
|
|upkeep
|
|t:|1645527527
|switch|p1a: Melmetal|Melmetal|29/100
|-damage|p1a: Melmetal|23/100|[from] Stealth Rock
|turn|18
|
|t:|1645527534
|switch|p2a: Volcanion|Volcanion|93/100
|move|p1a: Melmetal|Earthquake|p2a: Volcanion
|-supereffective|p2a: Volcanion
|-damage|p2a: Volcanion|29/100
|
|upkeep
|turn|19
|
|t:|1645527540
|move|p2a: Volcanion|Steam Eruption|p1a: Melmetal
|-damage|p1a: Melmetal|0 fnt
|faint|p1a: Melmetal
|
|upkeep
|
|t:|1645527544
|switch|p1a: Garchomp|Garchomp, F|100/100
|-damage|p1a: Garchomp|94/100|[from] Stealth Rock
|turn|20
|
|t:|1645527550
|move|p1a: Garchomp|Scale Shot|p2a: Volcanion
|-damage|p2a: Volcanion|17/100
|-damage|p2a: Volcanion|5/100
|-damage|p2a: Volcanion|0 fnt
|faint|p2a: Volcanion
|-hitcount|p2: Volcanion|3
|-unboost|p1a: Garchomp|def|1
|-boost|p1a: Garchomp|spe|1
|
|-heal|p1a: Garchomp|100/100|[from] item: Leftovers
|upkeep
|
|t:|1645527554
|switch|p2a: Melmetal|Melmetal|100/100
|turn|21
|
|t:|1645527561
|switch|p1a: Tapu Lele|Tapu Lele|100/100
|-damage|p1a: Tapu Lele|88/100|[from] Stealth Rock
|move|p2a: Melmetal|Ice Punch|p1a: Tapu Lele
|-damage|p1a: Tapu Lele|3/100
|
|-fieldend|move: Psychic Terrain
|upkeep
|turn|22
|
|t:|1645527571
|switch|p2a: Tyranitar|Tyranitar, F|100/100
|-weather|Sandstorm|[from] ability: Sand Stream|[of] p2a: Tyranitar
|move|p1a: Tapu Lele|Focus Blast|p2a: Tyranitar
|-supereffective|p2a: Tyranitar
|-damage|p2a: Tyranitar|0 fnt
|faint|p2a: Tyranitar
|
|-weather|Sandstorm|[upkeep]
|-damage|p1a: Tapu Lele|0 fnt|[from] Sandstorm
|faint|p1a: Tapu Lele
|upkeep
|
|t:|1645527581
|switch|p1a: Garchomp|Garchomp, F|100/100
|switch|p2a: Tapu Lele|Tapu Lele|64/100
|-fieldstart|move: Psychic Terrain|[from] ability: Psychic Surge|[of] p2a: Tapu Lele
|-damage|p1a: Garchomp|94/100|[from] Stealth Rock
|turn|23
|
|t:|1645527583
|move|p2a: Tapu Lele|Moonblast|p1a: Garchomp
|-supereffective|p1a: Garchomp
|-damage|p1a: Garchomp|0 fnt
|faint|p1a: Garchomp
|
|-weather|Sandstorm|[upkeep]
|-damage|p2a: Tapu Lele|58/100|[from] Sandstorm
|upkeep
|-message|hyperscreens forfeited.
|
|win|GORAN EL DRACO
|raw|hyperscreens's rating: 1614 &rarr; <strong>1602</strong><br />(-12 for losing)
|raw|GORAN EL DRACO's rating: 1754 &rarr; <strong>1766</strong><br />(+12 for winning)
|l|☆hyperscreens
