|j|☆Dat boii fam
|j|☆robopoke
|t:|1640616355
|gametype|singles
|player|p1|Dat boii fam|266|1522
|player|p2|robopoke|266|1575
|teamsize|p1|6
|teamsize|p2|6
|gen|8
|tier|[Gen 8] OU
|rated|
|rule|Sleep Clause Mod: Limit one foe put to sleep
|rule|Species Clause: Limit one of each Pokémon
|rule|OHKO Clause: OHKO moves are banned
|rule|Evasion Moves Clause: Evasion moves are banned
|rule|Endless Battle Clause: Forcing endless battles is banned
|rule|HP Percentage Mod: HP is shown in percentages
|rule|Dynamax Clause: You cannot dynamax
|clearpoke
|poke|p1|Tyranitar, F|
|poke|p1|Slowking-Galar, M|
|poke|p1|Tapu Lele|
|poke|p1|Toxapex, M|
|poke|p1|Excadrill, M|
|poke|p1|Landorus-Therian, M|
|poke|p2|Zygarde-10%|
|poke|p2|Tornadus-Therian, M|
|poke|p2|Golurk|
|poke|p2|Corviknight, F|
|poke|p2|Landorus-Therian, M|
|poke|p2|Clefable, F|
|teampreview
|j| TheChronMan666
|inactive|Battle timer is ON: inactive players will automatically lose when time's up. (requested by Dat boii fam)
|
|t:|1640616384
|start
|switch|p1a: Landorus|Landorus-Therian, M|100/100
|switch|p2a: Landorus|Landorus-Therian, M|100/100
|-ability|p1a: Landorus|Intimidate|boost
|-unboost|p2a: Landorus|atk|1
|-ability|p2a: Landorus|Intimidate|boost
|-unboost|p1a: Landorus|atk|1
|turn|1
|
|t:|1640616390
|move|p1a: Landorus|Knock Off|p2a: Landorus
|-damage|p2a: Landorus|72/100
|-enditem|p2a: Landorus|Leftovers|[from] move: Knock Off|[of] p1a: Landorus
|move|p2a: Landorus|Substitute|p2a: Landorus
|-start|p2a: Landorus|Substitute
|-damage|p2a: Landorus|47/100
|
|upkeep
|turn|2
|
|t:|1640616397
|move|p1a: Landorus|Swords Dance|p1a: Landorus
|-boost|p1a: Landorus|atk|2
|move|p2a: Landorus|Bulk Up|p2a: Landorus
|-boost|p2a: Landorus|atk|1
|-boost|p2a: Landorus|def|1
|
|upkeep
|turn|3
|
|t:|1640616403
|move|p1a: Landorus|Stone Edge|p2a: Landorus
|-end|p2a: Landorus|Substitute
|move|p2a: Landorus|Stone Edge|p1a: Landorus
|-damage|p1a: Landorus|57/100
|
|upkeep
|turn|4
|
|t:|1640616409
|move|p1a: Landorus|Stone Edge|p2a: Landorus|[miss]
|-miss|p1a: Landorus|p2a: Landorus
|move|p2a: Landorus|Stone Edge|p1a: Landorus|[miss]
|-miss|p2a: Landorus|p1a: Landorus
|
|upkeep
|turn|5
|
|t:|1640616414
|move|p1a: Landorus|Stone Edge|p2a: Landorus
|-crit|p2a: Landorus
|-damage|p2a: Landorus|0 fnt
|faint|p2a: Landorus
|
|upkeep
|c|☆robopoke|dude
|c|☆robopoke|u win all speedties
|
|t:|1640616428
|switch|p2a: Corviknight|Corviknight, F|100/100
|-ability|p2a: Corviknight|Pressure
|turn|6
|j| Justintown11
|
|t:|1640616434
|move|p1a: Landorus|Swords Dance|p1a: Landorus
|-boost|p1a: Landorus|atk|2
|move|p2a: Corviknight|Bulk Up|p2a: Corviknight
|-boost|p2a: Corviknight|atk|1
|-boost|p2a: Corviknight|def|1
|
|upkeep
|turn|7
|
|t:|1640616440
|move|p1a: Landorus|Knock Off|p2a: Corviknight
|-damage|p2a: Corviknight|54/100
|-enditem|p2a: Corviknight|Leftovers|[from] move: Knock Off|[of] p1a: Landorus
|move|p2a: Corviknight|Substitute|p2a: Corviknight
|-start|p2a: Corviknight|Substitute
|-damage|p2a: Corviknight|29/100
|
|upkeep
|turn|8
|
|t:|1640616447
|move|p1a: Landorus|Stone Edge|p2a: Corviknight|[miss]
|-miss|p1a: Landorus|p2a: Corviknight
|move|p2a: Corviknight|Roost|p2a: Corviknight
|-heal|p2a: Corviknight|79/100
|-singleturn|p2a: Corviknight|move: Roost
|
|upkeep
|turn|9
|c| Justintown11|we all lose to big chungus eventually
|
|t:|1640616454
|switch|p1a: Toxapex|Toxapex, M|100/100
|move|p2a: Corviknight|Bulk Up|p2a: Corviknight
|-boost|p2a: Corviknight|atk|1
|-boost|p2a: Corviknight|def|1
|
|upkeep
|turn|10
|
|t:|1640616461
|move|p2a: Corviknight|Brave Bird|p1a: Toxapex
|-damage|p1a: Toxapex|58/100
|-damage|p2a: Corviknight|63/100|[from] item: Rocky Helmet|[of] p1a: Toxapex
|-damage|p2a: Corviknight|52/100|[from] Recoil
|move|p1a: Toxapex|Haze|p1a: Toxapex
|-clearallboost
|
|upkeep
|turn|11
|
|t:|1640616469
|move|p2a: Corviknight|Roost|p2a: Corviknight
|-heal|p2a: Corviknight|100/100
|-singleturn|p2a: Corviknight|move: Roost
|move|p1a: Toxapex|Recover|p1a: Toxapex
|-heal|p1a: Toxapex|100/100
|
|upkeep
|turn|12
|
|t:|1640616475
|move|p2a: Corviknight|Bulk Up|p2a: Corviknight
|-boost|p2a: Corviknight|atk|1
|-boost|p2a: Corviknight|def|1
|move|p1a: Toxapex|Toxic Spikes|p2a: Corviknight
|-sidestart|p2: robopoke|move: Toxic Spikes
|
|upkeep
|turn|13
|
|t:|1640616482
|move|p2a: Corviknight|Brave Bird|p1a: Toxapex
|-damage|p1a: Toxapex|70/100
|-damage|p2a: Corviknight|84/100|[from] item: Rocky Helmet|[of] p1a: Toxapex
|-damage|p2a: Corviknight|76/100|[from] Recoil
|move|p1a: Toxapex|Haze|p1a: Toxapex
|-clearallboost
|
|upkeep
|turn|14
|
|t:|1640616491
|move|p2a: Corviknight|Bulk Up|p2a: Corviknight
|-boost|p2a: Corviknight|atk|1
|-boost|p2a: Corviknight|def|1
|move|p1a: Toxapex|Toxic Spikes|p2a: Corviknight
|-sidestart|p2: robopoke|move: Toxic Spikes
|
|upkeep
|turn|15
|j| wildfiree
|
|t:|1640616497
|move|p2a: Corviknight|Brave Bird|p1a: Toxapex
|-damage|p1a: Toxapex|35/100
|-damage|p2a: Corviknight|60/100|[from] item: Rocky Helmet|[of] p1a: Toxapex
|-damage|p2a: Corviknight|51/100|[from] Recoil
|move|p1a: Toxapex|Haze|p1a: Toxapex
|-clearallboost
|
|upkeep
|turn|16
|
|t:|1640616505
|move|p2a: Corviknight|Brave Bird|p1a: Toxapex
|-damage|p1a: Toxapex|11/100
|-damage|p2a: Corviknight|34/100|[from] item: Rocky Helmet|[of] p1a: Toxapex
|-damage|p2a: Corviknight|28/100|[from] Recoil
|move|p1a: Toxapex|Recover|p1a: Toxapex
|-heal|p1a: Toxapex|61/100
|
|upkeep
|turn|17
|l| wildfiree
|
|t:|1640616520
|switch|p1a: Tapu Lele|Tapu Lele|100/100
|-fieldstart|move: Psychic Terrain|[from] ability: Psychic Surge|[of] p1a: Tapu Lele
|move|p2a: Corviknight|Roost|p2a: Corviknight
|-heal|p2a: Corviknight|78/100
|-singleturn|p2a: Corviknight|move: Roost
|
|upkeep
|turn|18
|
|t:|1640616528
|move|p1a: Tapu Lele|Thunderbolt|p2a: Corviknight
|-supereffective|p2a: Corviknight
|-end|p2a: Corviknight|Substitute
|move|p2a: Corviknight|Substitute|p2a: Corviknight
|-start|p2a: Corviknight|Substitute
|-damage|p2a: Corviknight|54/100
|
|upkeep
|turn|19
|c| Justintown11|I need dat boii fam
|
|t:|1640616535
|move|p1a: Tapu Lele|Thunderbolt|p2a: Corviknight
|-supereffective|p2a: Corviknight
|-end|p2a: Corviknight|Substitute
|move|p2a: Corviknight|Roost|p2a: Corviknight
|-heal|p2a: Corviknight|100/100
|-singleturn|p2a: Corviknight|move: Roost
|
|upkeep
|turn|20
|
|t:|1640616542
|switch|p2a: Clefable|Clefable, F|100/100
|-status|p2a: Clefable|tox
|move|p1a: Tapu Lele|Thunderbolt|p2a: Clefable
|-damage|p2a: Clefable|71/100 tox
|
|-heal|p2a: Clefable|77/100 tox|[from] item: Leftovers
|upkeep
|turn|21
|
|t:|1640616551
|switch|p1a: Slowking|Slowking-Galar, M|100/100
|move|p2a: Clefable|Stealth Rock|p1a: Slowking
|-sidestart|p1: Dat boii fam|move: Stealth Rock
|
|-heal|p2a: Clefable|83/100 tox|[from] item: Leftovers
|-fieldend|move: Psychic Terrain
|upkeep
|turn|22
|c| TheChronMan666|dat boi gonna win
|
|t:|1640616559
|switch|p2a: Tornadus|Tornadus-Therian, M|100/100
|move|p1a: Slowking|Future Sight|p2a: Tornadus
|-start|p1a: Slowking|move: Future Sight
|
|upkeep
|turn|23
|c| Justintown11|dat boi already came
|c| TheChronMan666|lmao
|
|t:|1640616580
|switch|p1a: Tyranitar|Tyranitar, F|100/100
|-damage|p1a: Tyranitar|88/100|[from] Stealth Rock
|-weather|Sandstorm|[from] ability: Sand Stream|[of] p1a: Tyranitar
|move|p2a: Tornadus|Knock Off|p1a: Tyranitar
|-resisted|p1a: Tyranitar
|-damage|p1a: Tyranitar|79/100
|-enditem|p1a: Tyranitar|Choice Band|[from] move: Knock Off|[of] p2a: Tornadus
|
|-weather|Sandstorm|[upkeep]
|-damage|p2a: Tornadus|94/100|[from] Sandstorm
|upkeep
|turn|24
|c| TheChronMan666|the other dude not gonna be able to break thru toxapex
|c| Justintown11|big chungus rock vs a big chungus byrd
|
|t:|1640616606
|move|p2a: Tornadus|U-turn|p1a: Tyranitar
|-supereffective|p1a: Tyranitar
|-damage|p1a: Tyranitar|54/100
|inactive|robopoke has 120 seconds left.
|
|t:|1640616618
|switch|p2a: Golurk|Golurk|100/100|[from]move: U-turn
|-status|p2a: Golurk|tox
|move|p1a: Tyranitar|Stone Edge|p2a: Golurk
|-resisted|p2a: Golurk
|-damage|p2a: Golurk|65/100 tox
|
|-weather|Sandstorm|[upkeep]
|-end|p2a: Golurk|move: Future Sight
|-damage|p2a: Golurk|0 fnt
|faint|p2a: Golurk
|upkeep
|inactive|robopoke has 120 seconds left.
|
|t:|1640616623
|switch|p2a: Zygarde|Zygarde-10%|100/100
|-status|p2a: Zygarde|tox
|-ability|p2a: Zygarde|Aura Break
|turn|25
|c| Justintown11|toxapex isn't broken yet
|c| Justintown11|needs good power
|c|☆robopoke|made this team in 5min
|c| Justintown11|but these hazards are killing it
|c|☆robopoke|need defog
|inactive|Dat boii fam has 120 seconds left.
|c| Justintown11|there's no shame in losing honorably
|
|t:|1640616667
|switch|p1a: Landorus|Landorus-Therian, M|57/100
|-damage|p1a: Landorus|45/100|[from] Stealth Rock
|-ability|p1a: Landorus|Intimidate|boost
|-unboost|p2a: Zygarde|atk|1
|move|p2a: Zygarde|Glare|p1a: Landorus
|-status|p1a: Landorus|par
|
|-weather|Sandstorm|[upkeep]
|-damage|p2a: Zygarde|94/100 tox|[from] psn
|upkeep
|turn|26
|j| Mimikyu Stardust
|
|t:|1640616677
|switch|p2a: Corviknight|Corviknight, F|100/100
|-ability|p2a: Corviknight|Pressure
|move|p1a: Landorus|Knock Off|p2a: Corviknight
|-damage|p2a: Corviknight|82/100
|
|-weather|Sandstorm|[upkeep]
|upkeep
|turn|27
|inactive|Dat boii fam has 120 seconds left.
|
|t:|1640616685
|switch|p1a: Tapu Lele|Tapu Lele|100/100
|-damage|p1a: Tapu Lele|88/100|[from] Stealth Rock
|-fieldstart|move: Psychic Terrain|[from] ability: Psychic Surge|[of] p1a: Tapu Lele
|move|p2a: Corviknight|Substitute|p2a: Corviknight
|-start|p2a: Corviknight|Substitute
|-damage|p2a: Corviknight|57/100
|
|-weather|none
|upkeep
|turn|28
|
|t:|1640616696
|move|p1a: Tapu Lele|Thunderbolt|p2a: Corviknight
|-supereffective|p2a: Corviknight
|-end|p2a: Corviknight|Substitute
|move|p2a: Corviknight|Roost|p2a: Corviknight
|-heal|p2a: Corviknight|100/100
|-singleturn|p2a: Corviknight|move: Roost
|
|upkeep
|turn|29
|c| Justintown11|excadrill sweeps up
|
|t:|1640616706
|switch|p1a: Landorus|Landorus-Therian, M|45/100 par
|-damage|p1a: Landorus|32/100 par|[from] Stealth Rock
|-ability|p1a: Landorus|Intimidate|boost
|-unboost|p2a: Corviknight|atk|1
|switch|p2a: Zygarde|Zygarde-10%|94/100 tox
|-ability|p2a: Zygarde|Aura Break
|
|-heal|p2a: Zygarde|100/100 tox|[from] item: Leftovers
|-damage|p2a: Zygarde|94/100 tox|[from] psn
|upkeep
|turn|30
|
|t:|1640616717
|move|p2a: Zygarde|Thousand Arrows|p1a: Landorus
|-damage|p1a: Landorus|0 fnt
|faint|p1a: Landorus
|
|-heal|p2a: Zygarde|100/100 tox|[from] item: Leftovers
|-damage|p2a: Zygarde|88/100 tox|[from] psn
|upkeep
|
|t:|1640616724
|switch|p1a: Tapu Lele|Tapu Lele|88/100
|-damage|p1a: Tapu Lele|76/100|[from] Stealth Rock
|turn|31
|c| Justintown11|nobody needs to care about big chungus LANDO
|
|t:|1640616729
|switch|p2a: Tornadus|Tornadus-Therian, M|100/100
|move|p1a: Tapu Lele|Moonblast|p2a: Tornadus
|-damage|p2a: Tornadus|75/100
|
|-fieldend|move: Psychic Terrain
|upkeep
|turn|32
|
|t:|1640616736
|switch|p1a: Tyranitar|Tyranitar, F|54/100
|-damage|p1a: Tyranitar|42/100|[from] Stealth Rock
|-weather|Sandstorm|[from] ability: Sand Stream|[of] p1a: Tyranitar
|move|p2a: Tornadus|U-turn|p1a: Tyranitar
|-supereffective|p1a: Tyranitar
|-damage|p1a: Tyranitar|16/100
|
|t:|1640616742
|switch|p2a: Zygarde|Zygarde-10%|88/100 tox|[from]move: U-turn
|-ability|p2a: Zygarde|Aura Break
|
|-weather|Sandstorm|[upkeep]
|-heal|p2a: Zygarde|94/100 tox|[from] item: Leftovers
|-damage|p2a: Zygarde|88/100 tox|[from] psn
|upkeep
|turn|33
|
|t:|1640616750
|move|p2a: Zygarde|Thousand Arrows|p1a: Tyranitar
|-supereffective|p1a: Tyranitar
|-damage|p1a: Tyranitar|0 fnt
|faint|p1a: Tyranitar
|
|-weather|Sandstorm|[upkeep]
|-heal|p2a: Zygarde|94/100 tox|[from] item: Leftovers
|-damage|p2a: Zygarde|82/100 tox|[from] psn
|upkeep
|
|t:|1640616759
|switch|p1a: Excadrill|Excadrill, M|100/100
|turn|34
|
|t:|1640616766
|switch|p2a: Corviknight|Corviknight, F|100/100
|-ability|p2a: Corviknight|Pressure
|move|p1a: Excadrill|Rapid Spin|p2a: Corviknight
|-resisted|p2a: Corviknight
|-crit|p2a: Corviknight
|-damage|p2a: Corviknight|88/100
|-boost|p1a: Excadrill|spe|1
|-sideend|p1: Dat boii fam|Stealth Rock|[from] move: Rapid Spin|[of] p1a: Excadrill
|
|-weather|Sandstorm|[upkeep]
|upkeep
|turn|35
|c| TheChronMan666|hes puttin up a fight with that 5 min team tho
|c| Justintown11|true
|c| Justintown11|it ain't over
|
|t:|1640616790
|switch|p1a: Slowking|Slowking-Galar, M|100/100
|move|p2a: Corviknight|Substitute|p2a: Corviknight
|-start|p2a: Corviknight|Substitute
|-damage|p2a: Corviknight|63/100
|
|-weather|Sandstorm|[upkeep]
|-damage|p1a: Slowking|94/100|[from] Sandstorm
|upkeep
|turn|36
|c| Mimikyu Stardust|i mean tbolt dont kill so
|
|t:|1640616797
|move|p2a: Corviknight|Roost|p2a: Corviknight
|-heal|p2a: Corviknight|100/100
|-singleturn|p2a: Corviknight|move: Roost
|move|p1a: Slowking|Flamethrower|p2a: Corviknight
|-supereffective|p2a: Corviknight
|-end|p2a: Corviknight|Substitute
|
|-weather|none
|upkeep
|turn|37
|
|t:|1640616805
|switch|p2a: Tornadus|Tornadus-Therian, M|100/100
|move|p1a: Slowking|Sludge Bomb|p2a: Tornadus
|-damage|p2a: Tornadus|80/100
|
|upkeep
|turn|38
|
|t:|1640616825
|switch|p1a: Toxapex|Toxapex, M|94/100
|move|p2a: Tornadus|Knock Off|p1a: Toxapex
|-damage|p1a: Toxapex|82/100
|-damage|p2a: Tornadus|63/100|[from] item: Rocky Helmet|[of] p1a: Toxapex
|-enditem|p1a: Toxapex|Rocky Helmet|[from] move: Knock Off|[of] p2a: Tornadus
|
|upkeep
|turn|39
|j| SHITLOH
|
|t:|1640616832
|move|p2a: Tornadus|U-turn|p1a: Toxapex
|-resisted|p1a: Toxapex
|-damage|p1a: Toxapex|78/100
|
|t:|1640616836
|switch|p2a: Clefable|Clefable, F|83/100 tox|[from]move: U-turn
|move|p1a: Toxapex|Scald|p2a: Clefable
|-damage|p2a: Clefable|68/100 tox
|
|-heal|p2a: Clefable|74/100 tox|[from] item: Leftovers
|upkeep
|turn|40
|c| Justintown11|toxapex does reps
|
|t:|1640616845
|switch|p1a: Slowking|Slowking-Galar, M|100/100
|move|p2a: Clefable|Stealth Rock|p1a: Slowking
|-sidestart|p1: Dat boii fam|move: Stealth Rock
|
|-heal|p2a: Clefable|80/100 tox|[from] item: Leftovers
|upkeep
|turn|41
|c| Justintown11|he goes to the gym
|
|t:|1640616853
|switch|p2a: Corviknight|Corviknight, F|100/100
|-ability|p2a: Corviknight|Pressure
|move|p1a: Slowking|Future Sight|p2a: Corviknight
|-start|p1a: Slowking|move: Future Sight
|
|upkeep
|turn|42
|
|t:|1640616858
|switch|p2a: Tornadus|Tornadus-Therian, M|96/100
|move|p1a: Slowking|Flamethrower|p2a: Tornadus
|-crit|p2a: Tornadus
|-damage|p2a: Tornadus|75/100
|
|upkeep
|turn|43
|
|t:|1640616866
|switch|p1a: Toxapex|Toxapex, M|100/100
|-damage|p1a: Toxapex|88/100|[from] Stealth Rock
|move|p2a: Tornadus|U-turn|p1a: Toxapex
|-resisted|p1a: Toxapex
|-damage|p1a: Toxapex|83/100
|c| Justintown11|robo don't go for broke
|
|t:|1640616870
|switch|p2a: Corviknight|Corviknight, F|100/100|[from]move: U-turn
|-ability|p2a: Corviknight|Pressure
|
|-end|p2a: Corviknight|move: Future Sight
|-resisted|p2a: Corviknight
|-damage|p2a: Corviknight|80/100
|upkeep
|turn|44
|
|t:|1640616878
|move|p2a: Corviknight|Substitute|p2a: Corviknight
|-start|p2a: Corviknight|Substitute
|-damage|p2a: Corviknight|56/100
|move|p1a: Toxapex|Scald|p2a: Corviknight
|-activate|p2a: Corviknight|move: Substitute|[damage]
|
|upkeep
|turn|45
|
|t:|1640616884
|move|p2a: Corviknight|Bulk Up|p2a: Corviknight
|-boost|p2a: Corviknight|atk|1
|-boost|p2a: Corviknight|def|1
|move|p1a: Toxapex|Scald|p2a: Corviknight
|-activate|p2a: Corviknight|move: Substitute|[damage]
|
|upkeep
|turn|46
|j| w3c
|
|t:|1640616891
|move|p2a: Corviknight|Brave Bird|p1a: Toxapex
|-damage|p1a: Toxapex|50/100
|-damage|p2a: Corviknight|47/100|[from] Recoil
|move|p1a: Toxapex|Haze|p1a: Toxapex
|-clearallboost
|
|upkeep
|turn|47
|c| TheChronMan666|yeah this is interesting
|
|t:|1640616898
|move|p2a: Corviknight|Roost|p2a: Corviknight
|-heal|p2a: Corviknight|97/100
|-singleturn|p2a: Corviknight|move: Roost
|move|p1a: Toxapex|Recover|p1a: Toxapex
|-heal|p1a: Toxapex|100/100
|
|upkeep
|turn|48
|
|t:|1640616904
|move|p2a: Corviknight|Bulk Up|p2a: Corviknight
|-boost|p2a: Corviknight|atk|1
|-boost|p2a: Corviknight|def|1
|move|p1a: Toxapex|Scald|p2a: Corviknight
|-end|p2a: Corviknight|Substitute
|
|upkeep
|turn|49
|c| Justintown11|cinderella man still at it
|
|t:|1640616913
|move|p2a: Corviknight|Substitute|p2a: Corviknight
|-start|p2a: Corviknight|Substitute
|-damage|p2a: Corviknight|73/100
|move|p1a: Toxapex|Scald|p2a: Corviknight
|-activate|p2a: Corviknight|move: Substitute|[damage]
|
|upkeep
|turn|50
|l| w3c
|
|t:|1640616921
|move|p2a: Corviknight|Brave Bird|p1a: Toxapex
|-damage|p1a: Toxapex|66/100
|-damage|p2a: Corviknight|64/100|[from] Recoil
|move|p1a: Toxapex|Haze|p1a: Toxapex
|-clearallboost
|
|upkeep
|turn|51
|
|t:|1640616928
|move|p2a: Corviknight|Bulk Up|p2a: Corviknight
|-boost|p2a: Corviknight|atk|1
|-boost|p2a: Corviknight|def|1
|move|p1a: Toxapex|Scald|p2a: Corviknight
|-activate|p2a: Corviknight|move: Substitute|[damage]
|
|upkeep
|turn|52
|
|t:|1640616935
|move|p2a: Corviknight|Brave Bird|p1a: Toxapex
|-damage|p1a: Toxapex|34/100
|-damage|p2a: Corviknight|56/100|[from] Recoil
|move|p1a: Toxapex|Recover|p1a: Toxapex
|-heal|p1a: Toxapex|84/100
|
|upkeep
|turn|53
|
|t:|1640616944
|move|p2a: Corviknight|Brave Bird|p1a: Toxapex
|-damage|p1a: Toxapex|52/100
|-damage|p2a: Corviknight|48/100|[from] Recoil
|move|p1a: Toxapex|Haze|p1a: Toxapex
|-clearallboost
|
|upkeep
|turn|54
|
|t:|1640616963
|move|p2a: Corviknight|Bulk Up|p2a: Corviknight
|-boost|p2a: Corviknight|atk|1
|-boost|p2a: Corviknight|def|1
|move|p1a: Toxapex|Recover|p1a: Toxapex
|-heal|p1a: Toxapex|100/100
|
|upkeep
|turn|55
|
|t:|1640616969
|move|p2a: Corviknight|Roost|p2a: Corviknight
|-heal|p2a: Corviknight|98/100
|-singleturn|p2a: Corviknight|move: Roost
|move|p1a: Toxapex|Haze|p1a: Toxapex
|-clearallboost
|
|upkeep
|turn|56
|
|t:|1640616976
|move|p2a: Corviknight|Bulk Up|p2a: Corviknight
|-boost|p2a: Corviknight|atk|1
|-boost|p2a: Corviknight|def|1
|move|p1a: Toxapex|Scald|p2a: Corviknight
|-end|p2a: Corviknight|Substitute
|
|upkeep
|turn|57
|
|t:|1640616987
|move|p2a: Corviknight|Substitute|p2a: Corviknight
|-start|p2a: Corviknight|Substitute
|-damage|p2a: Corviknight|73/100
|move|p1a: Toxapex|Scald|p2a: Corviknight
|-activate|p2a: Corviknight|move: Substitute|[damage]
|
|upkeep
|turn|58
|c| Justintown11|so the plan is to like
|c| Justintown11|pp stall?
|
|t:|1640616993
|move|p2a: Corviknight|Brave Bird|p1a: Toxapex
|-crit|p1a: Toxapex
|-damage|p1a: Toxapex|48/100
|-damage|p2a: Corviknight|60/100|[from] Recoil
|move|p1a: Toxapex|Haze|p1a: Toxapex
|-clearallboost
|
|upkeep
|turn|59
|c|☆Dat boii fam|guess so
|c| TheChronMan666|he cant do nothin else
|
|t:|1640617001
|move|p2a: Corviknight|Bulk Up|p2a: Corviknight
|-boost|p2a: Corviknight|atk|1
|-boost|p2a: Corviknight|def|1
|move|p1a: Toxapex|Recover|p1a: Toxapex
|-heal|p1a: Toxapex|98/100
|
|upkeep
|turn|60
|
|t:|1640617010
|move|p2a: Corviknight|Brave Bird|p1a: Toxapex
|-damage|p1a: Toxapex|64/100
|-damage|p2a: Corviknight|51/100|[from] Recoil
|move|p1a: Toxapex|Scald|p2a: Corviknight
|-activate|p2a: Corviknight|move: Substitute|[damage]
|
|upkeep
|turn|61
|c| TheChronMan666|this thing is walling him
|c| Justintown11|we're literally edging at this point
|
|t:|1640617017
|move|p2a: Corviknight|Brave Bird|p1a: Toxapex
|-damage|p1a: Toxapex|29/100
|-damage|p2a: Corviknight|43/100|[from] Recoil
|move|p1a: Toxapex|Haze|p1a: Toxapex
|-clearallboost
|
|upkeep
|turn|62
|
|t:|1640617025
|move|p2a: Corviknight|Brave Bird|p1a: Toxapex
|-damage|p1a: Toxapex|8/100
|-damage|p2a: Corviknight|37/100|[from] Recoil
|move|p1a: Toxapex|Recover|p1a: Toxapex
|-heal|p1a: Toxapex|58/100
|
|upkeep
|turn|63
|c| Justintown11|don't that so hard
|
|t:|1640617035
|switch|p1a: Slowking|Slowking-Galar, M|100/100
|-damage|p1a: Slowking|88/100|[from] Stealth Rock
|move|p2a: Corviknight|Roost|p2a: Corviknight
|-heal|p2a: Corviknight|87/100
|-singleturn|p2a: Corviknight|move: Roost
|
|upkeep
|turn|64
|c| Justintown11|I'm only a comedian
|
|t:|1640617043
|move|p2a: Corviknight|Brave Bird|p1a: Slowking
|-damage|p1a: Slowking|52/100
|-damage|p2a: Corviknight|76/100|[from] Recoil
|move|p1a: Slowking|Flamethrower|p2a: Corviknight
|-supereffective|p2a: Corviknight
|-end|p2a: Corviknight|Substitute
|
|upkeep
|turn|65
|
|t:|1640617052
|move|p2a: Corviknight|Bulk Up|p2a: Corviknight
|-boost|p2a: Corviknight|atk|1
|-boost|p2a: Corviknight|def|1
|move|p1a: Slowking|Future Sight|p2a: Corviknight
|-start|p1a: Slowking|move: Future Sight
|
|upkeep
|turn|66
|
|t:|1640617058
|switch|p1a: Toxapex|Toxapex, M|92/100
|-damage|p1a: Toxapex|79/100|[from] Stealth Rock
|move|p2a: Corviknight|Brave Bird|p1a: Toxapex
|-damage|p1a: Toxapex|48/100
|-damage|p2a: Corviknight|68/100|[from] Recoil
|
|upkeep
|turn|67
|
|t:|1640617066
|move|p2a: Corviknight|Substitute|p2a: Corviknight
|-start|p2a: Corviknight|Substitute
|-damage|p2a: Corviknight|43/100
|move|p1a: Toxapex|Haze|p1a: Toxapex
|-clearallboost
|
|-end|p2a: Corviknight|move: Future Sight
|-resisted|p2a: Corviknight
|-activate|p2a: Corviknight|move: Substitute|[damage]
|upkeep
|turn|68
|
|t:|1640617078
|move|p2a: Corviknight|Bulk Up|p2a: Corviknight
|-boost|p2a: Corviknight|atk|1
|-boost|p2a: Corviknight|def|1
|move|p1a: Toxapex|Recover|p1a: Toxapex
|-heal|p1a: Toxapex|98/100
|
|upkeep
|turn|69
|
|t:|1640617084
|move|p2a: Corviknight|Brave Bird|p1a: Toxapex
|-damage|p1a: Toxapex|63/100
|-damage|p2a: Corviknight|34/100|[from] Recoil
|move|p1a: Toxapex|Haze|p1a: Toxapex
|-clearallboost
|
|upkeep
|turn|70
|
|t:|1640617092
|switch|p1a: Slowking|Slowking-Galar, M|85/100
|-damage|p1a: Slowking|73/100|[from] Stealth Rock
|move|p2a: Corviknight|Brave Bird|p1a: Slowking
|-damage|p1a: Slowking|34/100
|-damage|p2a: Corviknight|22/100|[from] Recoil
|
|upkeep
|turn|71
|
|t:|1640617102
|switch|p1a: Toxapex|Toxapex, M|96/100
|-damage|p1a: Toxapex|83/100|[from] Stealth Rock
|move|p2a: Corviknight|Roost|p2a: Corviknight
|-heal|p2a: Corviknight|72/100
|-singleturn|p2a: Corviknight|move: Roost
|
|upkeep
|turn|72
|j| vkhss
|
|t:|1640617110
|switch|p1a: Slowking|Slowking-Galar, M|67/100
|-damage|p1a: Slowking|55/100|[from] Stealth Rock
|move|p2a: Corviknight|Bulk Up|p2a: Corviknight
|-boost|p2a: Corviknight|atk|1
|-boost|p2a: Corviknight|def|1
|
|upkeep
|turn|73
|j| Akshran12
|c| Justintown11|this conversation needs beer
|
|t:|1640617119
|switch|p2a: Zygarde|Zygarde-10%|82/100 tox
|-ability|p2a: Zygarde|Aura Break
|switch|p1a: Toxapex|Toxapex, M|100/100
|-damage|p1a: Toxapex|88/100|[from] Stealth Rock
|
|-heal|p2a: Zygarde|88/100 tox|[from] item: Leftovers
|-damage|p2a: Zygarde|82/100 tox|[from] psn
|upkeep
|turn|74
|c| TheChronMan666|this is intense
|c| Justintown11|or liquor
|
|t:|1640617144
|switch|p1a: Slowking|Slowking-Galar, M|88/100
|-damage|p1a: Slowking|76/100|[from] Stealth Rock
|move|p2a: Zygarde|Glare|p1a: Slowking
|-status|p1a: Slowking|par
|
|-heal|p2a: Zygarde|88/100 tox|[from] item: Leftovers
|-damage|p2a: Zygarde|76/100 tox|[from] psn
|upkeep
|turn|75
|c| Justintown11|we need two commentators or something
|
|t:|1640617153
|move|p2a: Zygarde|Thousand Arrows|p1a: Slowking
|-supereffective|p1a: Slowking
|-damage|p1a: Slowking|8/100 par
|move|p1a: Slowking|Future Sight|p2a: Zygarde
|-start|p1a: Slowking|move: Future Sight
|
|-heal|p2a: Zygarde|82/100 tox|[from] item: Leftovers
|-damage|p2a: Zygarde|64/100 tox|[from] psn
|upkeep
|turn|76
|
|t:|1640617163
|switch|p2a: Tornadus|Tornadus-Therian, M|100/100
|move|p1a: Slowking|Flamethrower|p2a: Tornadus
|-damage|p2a: Tornadus|88/100
|
|upkeep
|turn|77
|
|t:|1640617170
|switch|p1a: Toxapex|Toxapex, M|100/100
|-damage|p1a: Toxapex|88/100|[from] Stealth Rock
|move|p2a: Tornadus|Hurricane|p1a: Toxapex|[miss]
|-miss|p2a: Tornadus|p1a: Toxapex
|
|-end|p2a: Tornadus|move: Future Sight
|-damage|p2a: Tornadus|62/100
|upkeep
|turn|78
|c| Justintown11|does torn clean up?
|l| Mimikyu Stardust
|c| TheChronMan666|nah
|
|t:|1640617189
|switch|p1a: Excadrill|Excadrill, M|100/100
|move|p2a: Tornadus|Hurricane|p1a: Excadrill
|-resisted|p1a: Excadrill
|-damage|p1a: Excadrill|73/100
|-start|p1a: Excadrill|confusion
|
|upkeep
|turn|79
|c| TheChronMan666|maybe
|
|t:|1640617198
|move|p2a: Tornadus|Heat Wave|p1a: Excadrill
|-supereffective|p1a: Excadrill
|-damage|p1a: Excadrill|9/100
|-status|p1a: Excadrill|brn
|-activate|p1a: Excadrill|confusion
|-damage|p1a: Excadrill|0 fnt|[from] confusion
|faint|p1a: Excadrill
|
|upkeep
|c| Justintown11|toxapex can do things but not everything
|
|t:|1640617207
|switch|p1a: Tapu Lele|Tapu Lele|76/100
|-damage|p1a: Tapu Lele|63/100|[from] Stealth Rock
|-fieldstart|move: Psychic Terrain|[from] ability: Psychic Surge|[of] p1a: Tapu Lele
|turn|80
|c| TheChronMan666|looks like it
|c| Justintown11|a good stall break
|j| GoudonRockpolish
|c| Justintown11|somewhere
|
|t:|1640617219
|move|p1a: Tapu Lele|Psychic|p2a: Tornadus
|-damage|p2a: Tornadus|30/100
|move|p2a: Tornadus|U-turn|p1a: Tapu Lele
|-damage|p1a: Tapu Lele|42/100
|c|☆Dat boii fam|gg
|
|t:|1640617225
|switch|p2a: Corviknight|Corviknight, F|72/100|[from]move: U-turn
|-ability|p2a: Corviknight|Pressure
|
|upkeep
|turn|81
|-message|Dat boii fam forfeited.
|
|win|robopoke
|raw|Dat boii fam's rating: 1522 &rarr; <strong>1505</strong><br />(-17 for losing)
|raw|robopoke's rating: 1575 &rarr; <strong>1592</strong><br />(+17 for winning)
|l|☆Dat boii fam
|c| TheChronMan666|yeah hella good game
|c|☆robopoke|gg
