|raw|<div class="broadcast-blue"><strong>This battle is required to be public due to a player having a name starting with 'lt82zw'.</div>
|j|‽PokeDa
|j|☆LT82ZW Padox
|t:|1626280828
|gametype|singles
|player|p1|PokeDa|winona-gen6|1665
|player|p2|LT82ZW Padox|lady-gen4|1746
|teamsize|p1|6
|teamsize|p2|6
|gen|8
|tier|[Gen 8] OU
|rated|
|rule|Sleep Clause Mod: Limit one foe put to sleep
|rule|Species Clause: Limit one of each Pokémon
|rule|OHKO Clause: OHKO moves are banned
|rule|Evasion Moves Clause: Evasion moves are banned
|rule|Endless Battle Clause: Forcing endless battles is banned
|rule|HP Percentage Mod: HP is shown in percentages
|rule|Dynamax Clause: You cannot dynamax
|clearpoke
|poke|p1|Tapu Koko|
|poke|p1|Glastrier|
|poke|p1|Landorus-Therian, M|
|poke|p1|Corviknight, M|
|poke|p1|Toxapex, M|
|poke|p1|Dragapult, M|
|poke|p2|Heatran, F|
|poke|p2|Tapu Lele|
|poke|p2|Corviknight, M|
|poke|p2|Garchomp, F|
|poke|p2|Tapu Fini|
|poke|p2|Dragapult, F|
|teampreview
|inactive|Battle timer is ON: inactive players will automatically lose when time's up. (requested by LT82ZW Padox)
|j| qwily??!
|
|t:|1626280843
|start
|switch|p1a: Dragapult|Dragapult, M|100/100
|switch|p2a: Tapu Lele|Tapu Lele|100/100
|-fieldstart|move: Psychic Terrain|[from] ability: Psychic Surge|[of] p2a: Tapu Lele
|turn|1
|
|t:|1626280857
|switch|p2a: Corviknight|Corviknight, M|100/100
|-ability|p2a: Corviknight|Pressure
|move|p1a: Dragapult|U-turn|p2a: Corviknight
|-resisted|p2a: Corviknight
|-damage|p2a: Corviknight|97/100
|
|t:|1626280864
|switch|p1a: Toxapex|Toxapex, M|100/100|[from]move: U-turn
|
|-heal|p2a: Corviknight|100/100|[from] item: Leftovers
|upkeep
|turn|2
|
|t:|1626280868
|move|p2a: Corviknight|U-turn|p1a: Toxapex
|-resisted|p1a: Toxapex
|-damage|p1a: Toxapex|96/100
|
|t:|1626280870
|switch|p2a: Tapu Lele|Tapu Lele|100/100|[from]move: U-turn
|move|p1a: Toxapex|Knock Off|p2a: Tapu Lele
|-damage|p2a: Tapu Lele|80/100
|-enditem|p2a: Tapu Lele|Choice Specs|[from] move: Knock Off|[of] p1a: Toxapex
|
|-heal|p1a: Toxapex|100/100|[from] item: Black Sludge
|upkeep
|turn|3
|
|t:|1626280883
|switch|p1a: Corviknight|Corviknight, M|100/100
|-ability|p1a: Corviknight|Pressure
|move|p2a: Tapu Lele|Thunderbolt|p1a: Corviknight
|-supereffective|p1a: Corviknight
|-damage|p1a: Corviknight|29/100
|
|-heal|p1a: Corviknight|35/100|[from] item: Leftovers
|upkeep
|turn|4
|
|t:|1626280898
|switch|p1a: Landorus|Landorus-Therian, M|100/100
|-ability|p1a: Landorus|Intimidate|boost
|-unboost|p2a: Tapu Lele|atk|1
|move|p2a: Tapu Lele|Thunderbolt|p1a: Landorus
|-immune|p1a: Landorus
|
|upkeep
|turn|5
|
|t:|1626280903
|move|p2a: Tapu Lele|Psychic|p1a: Landorus
|-damage|p1a: Landorus|45/100
|move|p1a: Landorus|Stealth Rock|p2a: Tapu Lele
|-sidestart|p2: LT82ZW Padox|move: Stealth Rock
|
|-heal|p1a: Landorus|51/100|[from] item: Leftovers
|-fieldend|move: Psychic Terrain
|upkeep
|turn|6
|
|t:|1626280916
|move|p2a: Tapu Lele|Moonblast|p1a: Landorus
|-damage|p1a: Landorus|10/100
|-unboost|p1a: Landorus|spa|1
|move|p1a: Landorus|Earthquake|p2a: Tapu Lele
|-damage|p2a: Tapu Lele|15/100
|
|-heal|p1a: Landorus|16/100|[from] item: Leftovers
|upkeep
|turn|7
|
|t:|1626280924
|move|p1a: Landorus|Protect|p1a: Landorus
|-singleturn|p1a: Landorus|Protect
|move|p2a: Tapu Lele|Psychic|p1a: Landorus
|-activate|p1a: Landorus|move: Protect
|
|-heal|p1a: Landorus|22/100|[from] item: Leftovers
|upkeep
|turn|8
|
|t:|1626280947
|switch|p1a: Glastrier|Glastrier|100/100
|move|p2a: Tapu Lele|Psychic|p1a: Glastrier
|-crit|p1a: Glastrier
|-damage|p1a: Glastrier|41/100
|
|upkeep
|turn|9
|
|t:|1626280954
|move|p2a: Tapu Lele|Moonblast|p1a: Glastrier
|-damage|p1a: Glastrier|0 fnt
|faint|p1a: Glastrier
|
|upkeep
|
|t:|1626280959
|switch|p1a: Dragapult|Dragapult, M|100/100
|turn|10
|
|t:|1626280964
|move|p1a: Dragapult|U-turn|p2a: Tapu Lele
|-damage|p2a: Tapu Lele|0 fnt
|faint|p2a: Tapu Lele
|
|t:|1626280974
|switch|p1a: Landorus|Landorus-Therian, M|22/100|[from]move: U-turn
|
|-heal|p1a: Landorus|28/100|[from] item: Leftovers
|upkeep
|
|t:|1626280982
|switch|p2a: Dragapult|Dragapult, F|100/100
|-damage|p2a: Dragapult|88/100|[from] Stealth Rock
|turn|11
|
|t:|1626280986
|move|p1a: Landorus|Protect|p1a: Landorus
|-singleturn|p1a: Landorus|Protect
|move|p2a: Dragapult|Shadow Ball|p1a: Landorus
|-activate|p1a: Landorus|move: Protect
|
|-heal|p1a: Landorus|34/100|[from] item: Leftovers
|upkeep
|turn|12
|
|t:|1626281002
|move|p2a: Dragapult|Shadow Ball|p1a: Landorus
|-damage|p1a: Landorus|0 fnt
|faint|p1a: Landorus
|
|upkeep
|
|t:|1626281007
|switch|p1a: Tapu Koko|Tapu Koko|100/100
|-fieldstart|move: Electric Terrain|[from] ability: Electric Surge|[of] p1a: Tapu Koko
|turn|13
|
|t:|1626281018
|switch|p1a: Toxapex|Toxapex, M|100/100
|move|p2a: Dragapult|Shadow Ball|p1a: Toxapex
|-damage|p1a: Toxapex|59/100
|
|-heal|p1a: Toxapex|65/100|[from] item: Black Sludge
|upkeep
|turn|14
|
|t:|1626281023
|switch|p2a: Tapu Fini|Tapu Fini|100/100
|-damage|p2a: Tapu Fini|88/100|[from] Stealth Rock
|-fieldstart|move: Misty Terrain|[from] ability: Misty Surge|[of] p2a: Tapu Fini
|move|p1a: Toxapex|Recover|p1a: Toxapex
|-heal|p1a: Toxapex|100/100
|
|-heal|p2a: Tapu Fini|94/100|[from] item: Leftovers
|upkeep
|turn|15
|
|t:|1626281027
|move|p2a: Tapu Fini|Knock Off|p1a: Toxapex
|-damage|p1a: Toxapex|90/100
|-enditem|p1a: Toxapex|Black Sludge|[from] move: Knock Off|[of] p2a: Tapu Fini
|move|p1a: Toxapex|Knock Off|p2a: Tapu Fini
|-resisted|p2a: Tapu Fini
|-damage|p2a: Tapu Fini|90/100
|-enditem|p2a: Tapu Fini|Leftovers|[from] move: Knock Off|[of] p1a: Toxapex
|
|upkeep
|turn|16
|
|t:|1626281037
|switch|p1a: Corviknight|Corviknight, M|35/100
|-ability|p1a: Corviknight|Pressure
|move|p2a: Tapu Fini|Nature's Madness|p1a: Corviknight
|-damage|p1a: Corviknight|18/100
|
|-heal|p1a: Corviknight|24/100|[from] item: Leftovers
|upkeep
|turn|17
|
|t:|1626281043
|switch|p1a: Tapu Koko|Tapu Koko|100/100
|-fieldstart|move: Electric Terrain|[from] ability: Electric Surge|[of] p1a: Tapu Koko
|move|p2a: Tapu Fini|Taunt|p1a: Tapu Koko
|-start|p1a: Tapu Koko|move: Taunt
|
|upkeep
|turn|18
|
|t:|1626281053
|switch|p2a: Heatran|Heatran, F|100/100
|-damage|p2a: Heatran|88/100|[from] Stealth Rock
|move|p1a: Tapu Koko|Thunderbolt|p2a: Heatran
|-damage|p2a: Heatran|59/100
|
|-heal|p2a: Heatran|65/100|[from] item: Leftovers
|upkeep
|turn|19
|
|t:|1626281072
|switch|p1a: Corviknight|Corviknight, M|24/100
|-ability|p1a: Corviknight|Pressure
|move|p2a: Heatran|Magma Storm|p1a: Corviknight
|-supereffective|p1a: Corviknight
|-damage|p1a: Corviknight|0 fnt
|faint|p1a: Corviknight
|
|-heal|p2a: Heatran|71/100|[from] item: Leftovers
|upkeep
|
|t:|1626281077
|switch|p1a: Dragapult|Dragapult, M|100/100
|turn|20
|
|t:|1626281084
|move|p1a: Dragapult|Shadow Ball|p2a: Heatran
|-damage|p2a: Heatran|41/100
|move|p2a: Heatran|Toxic|p1a: Dragapult
|-status|p1a: Dragapult|tox
|
|-heal|p2a: Heatran|47/100|[from] item: Leftovers
|-damage|p1a: Dragapult|95/100 tox|[from] psn
|upkeep
|turn|21
|
|t:|1626281098
|move|p1a: Dragapult|Shadow Ball|p2a: Heatran
|-damage|p2a: Heatran|12/100
|move|p2a: Heatran|Earth Power|p1a: Dragapult
|-damage|p1a: Dragapult|58/100 tox
|
|-heal|p2a: Heatran|19/100|[from] item: Leftovers
|-damage|p1a: Dragapult|46/100 tox|[from] psn
|-fieldend|move: Electric Terrain
|upkeep
|turn|22
|
|t:|1626281105
|move|p1a: Dragapult|Shadow Ball|p2a: Heatran
|-damage|p2a: Heatran|0 fnt
|faint|p2a: Heatran
|
|-damage|p1a: Dragapult|28/100 tox|[from] psn
|upkeep
|
|t:|1626281117
|switch|p2a: TPPomp|Garchomp, F|100/100
|-damage|p2a: TPPomp|94/100|[from] Stealth Rock
|turn|23
|
|t:|1626281142
|switch|p1a: Toxapex|Toxapex, M|100/100
|move|p2a: TPPomp|Scale Shot|p1a: Toxapex
|-damage|p1a: Toxapex|92/100
|-damage|p1a: Toxapex|83/100
|-damage|p1a: Toxapex|74/100
|-damage|p1a: Toxapex|66/100
|-damage|p1a: Toxapex|57/100
|-hitcount|p1a: Toxapex|5
|-unboost|p2a: TPPomp|def|1
|-boost|p2a: TPPomp|spe|1
|
|-heal|p2a: TPPomp|100/100|[from] item: Leftovers
|upkeep
|turn|24
|inactive|PokeDa has 120 seconds left.
|
|t:|1626281185
|move|p2a: TPPomp|Earthquake|p1a: Toxapex
|-supereffective|p1a: Toxapex
|-damage|p1a: Toxapex|0 fnt
|faint|p1a: Toxapex
|
|upkeep
|-message|PokeDa forfeited.
|
|win|LT82ZW Padox
|l|‽PokeDa
|raw|PokeDa's rating: 1665 &rarr; <strong>1650</strong><br />(-15 for losing)
|raw|LT82ZW Padox's rating: 1746 &rarr; <strong>1761</strong><br />(+15 for winning)
|l|☆LT82ZW Padox
||Ladder isn't responding, score probably updated but might not have (Request timeout).
|l| qwily??!
