|raw|<div class="broadcast-blue"><strong>This battle is required to be public due to a player having a name starting with 'lt91bb'.</div>
|j|‽lt91bb FJ2K
|j|☆OUT Kazt
|t:|1659233228
|gametype|singles
|player|p1|lt91bb FJ2K|1|1637
|player|p2|OUT Kazt|acetrainersnowf|1643
|teamsize|p1|6
|teamsize|p2|6
|gen|8
|tier|[Gen 8] OU
|rated|
|rule|Sleep Clause Mod: Limit one foe put to sleep
|rule|Species Clause: Limit one of each Pokémon
|rule|OHKO Clause: OHKO moves are banned
|rule|Evasion Moves Clause: Evasion moves are banned
|rule|Endless Battle Clause: Forcing endless battles is banned
|rule|HP Percentage Mod: HP is shown in percentages
|rule|Dynamax Clause: You cannot dynamax
|clearpoke
|poke|p1|Tyranitar, M|
|poke|p1|Rotom-Wash|
|poke|p1|Ferrothorn, M|
|poke|p1|Excadrill, F|
|poke|p1|Dragapult, M|
|poke|p1|Clefable, M|
|poke|p2|Heatran, F|
|poke|p2|Heracross, F|
|poke|p2|Landorus-Therian, M|
|poke|p2|Slowbro, M|
|poke|p2|Mandibuzz, F|
|poke|p2|Gengar, M|
|teampreview
|inactive|Battle timer is ON: inactive players will automatically lose when time's up. (requested by lt91bb FJ2K)
|
|t:|1659233244
|start
|switch|p1a: Clefable|Clefable, M|100/100
|switch|p2a: Gengar|Gengar, M|100/100
|turn|1
|
|t:|1659233249
|switch|p1a: Ferrothorn|Ferrothorn, M|100/100
|move|p2a: Gengar|Trick|p1a: Ferrothorn
|-activate|p2a: Gengar|move: Trick|[of] p1a: Ferrothorn
|-item|p1a: Ferrothorn|Choice Specs|[from] move: Trick
|-item|p2a: Gengar|Leftovers|[from] move: Trick
|
|upkeep
|turn|2
|
|t:|1659233259
|switch|p2a: Heatran|Heatran, F|100/100
|move|p1a: Ferrothorn|Leech Seed|p2a: Heatran
|-start|p2a: Heatran|move: Leech Seed
|
|-damage|p2a: Heatran|88/100|[from] Leech Seed|[of] p1a: Ferrothorn
|upkeep
|turn|3
|
|t:|1659233265
|switch|p1a: Rotom|Rotom-Wash|100/100
|move|p2a: Heatran|Stealth Rock|p1a: Rotom
|-sidestart|p1: lt91bb FJ2K|move: Stealth Rock
|
|-heal|p2a: Heatran|94/100|[from] item: Leftovers
|-damage|p2a: Heatran|82/100|[from] Leech Seed|[of] p1a: Rotom
|upkeep
|turn|4
|
|t:|1659233270
|switch|p2a: Slowbro|Slowbro, M|100/100
|move|p1a: Rotom|Hydro Pump|p2a: Slowbro
|-resisted|p2a: Slowbro
|-damage|p2a: Slowbro|80/100
|
|upkeep
|turn|5
|
|t:|1659233273
|move|p1a: Rotom|Will-O-Wisp|p2a: Slowbro
|-status|p2a: Slowbro|brn
|move|p2a: Slowbro|Teleport|p2a: Slowbro
|
|t:|1659233275
|switch|p2a: Heracross|Heracross, F|100/100|[from]move: Teleport
|
|-status|p2a: Heracross|brn|[from] item: Flame Orb
|upkeep
|turn|6
|j| YeatJustBetter
|
|t:|1659233280
|switch|p1a: Clefable|Clefable, M|100/100
|move|p2a: Heracross|Facade|p1a: Clefable
|-damage|p1a: Clefable|45/100
|-damage|p2a: Heracross|84/100 brn|[from] item: Rocky Helmet|[of] p1a: Clefable
|
|-damage|p2a: Heracross|78/100 brn|[from] brn
|upkeep
|turn|7
|
|t:|1659233283
|switch|p1a: Dragapult|Dragapult, M|100/100
|-damage|p1a: Dragapult|88/100|[from] Stealth Rock
|move|p2a: Heracross|Close Combat|p1a: Dragapult
|-immune|p1a: Dragapult
|
|-damage|p2a: Heracross|72/100 brn|[from] brn
|upkeep
|turn|8
|
|t:|1659233292
|move|p1a: Dragapult|Hex|p2a: Heracross
|-damage|p2a: Heracross|0 fnt
|faint|p2a: Heracross
|
|upkeep
|
|t:|1659233296
|switch|p2a: Heatran|Heatran, F|82/100
|turn|9
|
|t:|1659233300
|switch|p1a: Rotom|Rotom-Wash|100/100
|-damage|p1a: Rotom|88/100|[from] Stealth Rock
|move|p2a: Heatran|Magma Storm|p1a: Rotom|[miss]
|-miss|p2a: Heatran|p1a: Rotom
|
|-heal|p1a: Rotom|94/100|[from] item: Leftovers
|-heal|p2a: Heatran|88/100|[from] item: Leftovers
|upkeep
|turn|10
|
|t:|1659233310
|switch|p2a: Gengar|Gengar, M|100/100
|move|p1a: Rotom|Hydro Pump|p2a: Gengar
|-damage|p2a: Gengar|36/100
|
|-heal|p2a: Gengar|42/100|[from] item: Leftovers
|-heal|p1a: Rotom|100/100|[from] item: Leftovers
|upkeep
|turn|11
|
|t:|1659233316
|move|p2a: Gengar|Sludge Wave|p1a: Rotom
|-damage|p1a: Rotom|52/100
|move|p1a: Rotom|Volt Switch|p2a: Gengar
|-damage|p2a: Gengar|2/100
|-start|p1a: Rotom|Disable|Volt Switch|[from] ability: Cursed Body|[of] p2a: Gengar
|
|t:|1659233319
|switch|p1a: Dragapult|Dragapult, M|88/100|[from]move: Volt Switch
|-damage|p1a: Dragapult|76/100|[from] Stealth Rock
|
|-heal|p2a: Gengar|9/100|[from] item: Leftovers
|upkeep
|turn|12
|
|t:|1659233327
|switch|p2a: Heatran|Heatran, F|88/100
|move|p1a: Dragapult|U-turn|p2a: Heatran
|-resisted|p2a: Heatran
|-damage|p2a: Heatran|84/100
|
|t:|1659233332
|switch|p1a: Excadrill|Excadrill, F|100/100|[from]move: U-turn
|-damage|p1a: Excadrill|97/100|[from] Stealth Rock
|
|-heal|p1a: Excadrill|100/100|[from] item: Leftovers
|-heal|p2a: Heatran|91/100|[from] item: Leftovers
|upkeep
|turn|13
|
|t:|1659233336
|move|p1a: Excadrill|Earthquake|p2a: Heatran
|-supereffective|p2a: Heatran
|-damage|p2a: Heatran|0 fnt
|faint|p2a: Heatran
|
|upkeep
|
|t:|1659233339
|switch|p2a: Landorus|Landorus-Therian, M|100/100
|-ability|p2a: Landorus|Intimidate|boost
|-unboost|p1a: Excadrill|atk|1
|turn|14
|
|t:|1659233342
|switch|p1a: Rotom|Rotom-Wash|52/100
|-damage|p1a: Rotom|40/100|[from] Stealth Rock
|move|p2a: Landorus|Earthquake|p1a: Rotom
|-immune|p1a: Rotom|[from] ability: Levitate
|
|-heal|p1a: Rotom|46/100|[from] item: Leftovers
|upkeep
|turn|15
|-message|OUT Kazt forfeited.
|
|win|lt91bb FJ2K
|raw|lt91bb FJ2K's rating: 1637 &rarr; <strong>1657</strong><br />(+20 for winning)
|raw|OUT Kazt's rating: 1643 &rarr; <strong>1623</strong><br />(-20 for losing)
|l|☆OUT Kazt
|c| YeatJustBetter|lo
|c| YeatJustBetter|loll
|l| YeatJustBetter
||Ladder isn't responding, score probably updated but might not have (Request timeout).
