|j|☆LT71LX Guilt
|j|☆lt71lx bfl
|t:|1597360232
|player|p1|LT71LX Guilt|beauty-gen2jp|2102
|player|p2|lt71lx bfl|266|2169
|teamsize|p1|6
|teamsize|p2|6
|gametype|singles
|gen|8
|tier|[Gen 8] OU
|rated|
|clearpoke
|poke|p1|Hydreigon, M|
|poke|p1|Rillaboom, F|
|poke|p1|Dragapult, F|
|poke|p1|Clefable, F|
|poke|p1|Volcarona, M|
|poke|p1|Zeraora|
|poke|p2|Excadrill, M|
|poke|p2|Rillaboom, M|
|poke|p2|Volcarona, M|
|poke|p2|Urshifu-*, M|
|poke|p2|Toxtricity, M|
|poke|p2|Primarina, M|
|rule|Sleep Clause Mod: Limit one foe put to sleep
|rule|Species Clause: Limit one of each Pokémon
|rule|OHKO Clause: OHKO moves are banned
|rule|Evasion Moves Clause: Evasion moves are banned
|rule|Endless Battle Clause: Forcing endless battles is banned
|rule|HP Percentage Mod: HP is shown in percentages
|rule|Dynamax Clause: You cannot dynamax
|teampreview
|j| storm zone
|j| whyad
|j| lt71lx juuls
|j| strealet❄
|j| Lucix
|j|+Cdumas
|j| quiescent
|inactive|Battle timer is ON: inactive players will automatically lose when time's up. (requested by LT71LX Guilt)
|j| cursedstar
|j| asdcxzvcxzbv
|j| RNN YasuKe
|j| Skyrio
|j| LT71LX Newal
|j| large owl
|j| LYSTER
|j| Louna
|j| pizza
|j| Jey2
|j| Sley044
|c| LYSTER|No vayas a perder
|j| dumdumpoopyface
|c| LYSTER|Mmg
|j|+McMeghan
|j| Zenadark
|j| lt71lx vaboh
|j| Javoon
|l| Sley044
|inactive|lt71lx bfl has 120 seconds left.
|l| lt71lx vaboh
|j|+Sacri
|j|+Analytic
|j| Dasmer Z
|l| Zenadark
|j| Destro16
|j| lt71lx vaboh
|c| Jey2|Con esta te pones en #1
|c| Jey2|beq
|c| Jey2|bea
|c| Jey2|vamos
|c| Jey2|🔥🔥
|inactive|lt71lx bfl has 90 seconds left.
|j| Livio ElTito
|c| LYSTER|Hay que darle apoyo al pana jey2
|j| infe
|l|+Sacri
|j|+Wally
|
|t:|1597360318
|start
|switch|p1a: Hydreigon|Hydreigon, M|100/100
|switch|p2a: Primarina|Primarina, M|100/100
|turn|1
|
|t:|1597360325
|switch|p1a: Clefable|Clefable, F|100/100
|move|p2a: Primarina|Substitute|p2a: Primarina
|-start|p2a: Primarina|Substitute
|-damage|p2a: Primarina|76/100
|
|-heal|p2a: Primarina|82/100|[from] item: Leftovers
|upkeep
|turn|2
|
|t:|1597360330
|switch|p2a: Amaterasu|Volcarona, M, shiny|100/100
|move|p1a: Clefable|Moonblast|p2a: Amaterasu
|-resisted|p2a: Amaterasu
|-damage|p2a: Amaterasu|84/100
|-unboost|p2a: Amaterasu|spa|1
|
|upkeep
|turn|3
|
|t:|1597360338
|switch|p1a: Hydreigon|Hydreigon, M|100/100
|move|p2a: Amaterasu|Flamethrower|p1a: Hydreigon
|-resisted|p1a: Hydreigon
|-damage|p1a: Hydreigon|86/100
|
|upkeep
|turn|4
|j| Sley044
|
|t:|1597360343
|switch|p1a: Zeraora|Zeraora|100/100
|switch|p2a: Primarina|Primarina, M|82/100
|
|-heal|p2a: Primarina|88/100|[from] item: Leftovers
|upkeep
|turn|5
|
|t:|1597360349
|switch|p2a: Tama Tonga|Rillaboom, M|100/100
|-fieldstart|move: Grassy Terrain|[from] ability: Grassy Surge|[of] p2a: Tama Tonga
|move|p1a: Zeraora|Knock Off|p2a: Tama Tonga
|-damage|p2a: Tama Tonga|57/100
|-enditem|p2a: Tama Tonga|Life Orb|[from] move: Knock Off|[of] p1a: Zeraora
|-damage|p1a: Zeraora|91/100|[from] item: Life Orb
|
|-heal|p1a: Zeraora|97/100|[from] Grassy Terrain
|-heal|p2a: Tama Tonga|63/100|[from] Grassy Terrain
|upkeep
|turn|6
|j| JFCope
|
|t:|1597360358
|switch|p1a: Hydreigon|Hydreigon, M|86/100
|move|p2a: Tama Tonga|Swords Dance|p2a: Tama Tonga
|-boost|p2a: Tama Tonga|atk|2
|
|-heal|p2a: Tama Tonga|69/100|[from] Grassy Terrain
|upkeep
|turn|7
|
|t:|1597360364
|switch|p1a: Zeraora|Zeraora|97/100
|move|p2a: Tama Tonga|Grassy Glide|p1a: Zeraora
|-damage|p1a: Zeraora|0 fnt
|faint|p1a: Zeraora
|
|-heal|p2a: Tama Tonga|75/100|[from] Grassy Terrain
|upkeep
|j| LT71LX Jyt
|c| Jey2|Goaaaat
|c| LYSTER|Pa casa
|j| Glizzy Goat Ves
|c| LYSTER|Goat
|c| Jey2|🔥🔥
|j| LT71LX BombaOp
|j|+phiwings99
|
|t:|1597360384
|switch|p1a: Volcarona|Volcarona, M|100/100
|turn|8
|l| infe
|
|t:|1597360387
|move|p1a: Volcarona|Flamethrower|p2a: Tama Tonga
|-supereffective|p2a: Tama Tonga
|-damage|p2a: Tama Tonga|0 fnt
|faint|p2a: Tama Tonga
|
|upkeep
|j| Big Black Chungus
|j| Alexander
|
|t:|1597360394
|switch|p2a: Primarina|Primarina, M|88/100
|turn|9
|l| Alexander
|j| LT71LX Allistair
|
|t:|1597360406
|move|p1a: Volcarona|Quiver Dance|p1a: Volcarona
|-boost|p1a: Volcarona|spa|1
|-boost|p1a: Volcarona|spd|1
|-boost|p1a: Volcarona|spe|1
|move|p2a: Primarina|Calm Mind|p2a: Primarina
|-boost|p2a: Primarina|spa|1
|-boost|p2a: Primarina|spd|1
|
|-heal|p2a: Primarina|94/100|[from] item: Leftovers
|-heal|p2a: Primarina|99/100|[from] Grassy Terrain
|-fieldend|move: Grassy Terrain
|upkeep
|turn|10
|l| LT71LX Allistair
|
|t:|1597360411
|move|p1a: Volcarona|Giga Drain|p2a: Primarina
|-supereffective|p2a: Primarina
|-damage|p2a: Primarina|58/100
|move|p2a: Primarina|Calm Mind|p2a: Primarina
|-boost|p2a: Primarina|spa|1
|-boost|p2a: Primarina|spd|1
|
|-heal|p2a: Primarina|64/100|[from] item: Leftovers
|upkeep
|turn|11
|j| lt71lx kingpin
|c| LYSTER|Mi madre
|j| Boigunn
|
|t:|1597360417
|move|p1a: Volcarona|Giga Drain|p2a: Primarina
|-supereffective|p2a: Primarina
|-damage|p2a: Primarina|29/100
|move|p2a: Primarina|Substitute|p2a: Primarina
|-start|p2a: Primarina|Substitute
|-damage|p2a: Primarina|5/100
|
|-heal|p2a: Primarina|11/100|[from] item: Leftovers
|upkeep
|turn|12
|l| Boigunn
|j| LowGxeDoritos
|
|t:|1597360429
|switch|p1a: Dragapult|Dragapult, F|100/100
|move|p2a: Primarina|Scald|p1a: Dragapult
|-resisted|p1a: Dragapult
|-damage|p1a: Dragapult|30/100
|-status|p1a: Dragapult|brn
|
|-heal|p2a: Primarina|17/100|[from] item: Leftovers
|-damage|p1a: Dragapult|24/100 brn|[from] brn
|upkeep
|turn|13
|
|t:|1597360435
|move|p1a: Dragapult|Phantom Force||[still]
|-prepare|p1a: Dragapult|Phantom Force
|move|p2a: Primarina|Draining Kiss|p1a: Dragapult|[miss]
|-miss|p2a: Primarina|p1a: Dragapult
|
|-heal|p2a: Primarina|23/100|[from] item: Leftovers
|-damage|p1a: Dragapult|18/100 brn|[from] brn
|upkeep
|turn|14
|
|t:|1597360438
|move|p1a: Dragapult|Phantom Force|p2a: Primarina|[from]lockedmove
|-damage|p2a: Primarina|0 fnt
|-damage|p1a: Dragapult|8/100 brn|[from] item: Life Orb
|faint|p2a: Primarina
|
|-damage|p1a: Dragapult|2/100 brn|[from] brn
|upkeep
|
|t:|1597360442
|switch|p2a: Amaterasu|Volcarona, M, shiny|84/100
|turn|15
|
|t:|1597360444
|move|p1a: Dragapult|Dragon Darts|p2a: Amaterasu
|-damage|p2a: Amaterasu|67/100
|-anim|p1a: Dragapult|Dragon Darts|p2a: Amaterasu
|-damage|p2a: Amaterasu|52/100
|-damage|p1a: Dragapult|0 fnt|[from] item: Life Orb
|faint|p1a: Dragapult
|move|p2a: Amaterasu|Quiver Dance|p2a: Amaterasu
|-boost|p2a: Amaterasu|spa|1
|-boost|p2a: Amaterasu|spd|1
|-boost|p2a: Amaterasu|spe|1
|
|upkeep
|l| lt71lx vaboh
|j| Adri en sandwich
|
|t:|1597360449
|switch|p1a: Hydreigon|Hydreigon, M|86/100
|turn|16
|j| roundpenguin
|j| duppyduppy
|j| Stamatis
|j| Corazan
|j| Mob Burly
|j| MS3D
|c| LT71LX BombaOp|Dale bea coño
|inactive|lt71lx bfl has 120 seconds left.
|l| Sley044
|l| storm zone
|inactive|lt71lx bfl has 90 seconds left.
|j| studying in tab
|
|t:|1597360536
|move|p2a: Amaterasu|Roost|p2a: Amaterasu
|-heal|p2a: Amaterasu|100/100
|-singleturn|p2a: Amaterasu|move: Roost
|move|p1a: Hydreigon|Nasty Plot|p1a: Hydreigon
|-boost|p1a: Hydreigon|spa|2
|
|upkeep
|turn|17
|
|t:|1597360540
|move|p2a: Amaterasu|Quiver Dance|p2a: Amaterasu
|-boost|p2a: Amaterasu|spa|1
|-boost|p2a: Amaterasu|spd|1
|-boost|p2a: Amaterasu|spe|1
|move|p1a: Hydreigon|Nasty Plot|p1a: Hydreigon
|-boost|p1a: Hydreigon|spa|2
|
|upkeep
|turn|18
|j| lilpup800
|
|t:|1597360550
|move|p2a: Amaterasu|Flamethrower|p1a: Hydreigon
|-resisted|p1a: Hydreigon
|-damage|p1a: Hydreigon|42/100
|move|p1a: Hydreigon|Draco Meteor|p2a: Amaterasu
|-damage|p2a: Amaterasu|1/100
|-unboost|p1a: Hydreigon|spa|2
|-damage|p1a: Hydreigon|32/100|[from] item: Life Orb
|
|upkeep
|turn|19
|c| LYSTER|Diablazo
|c| LT71LX BombaOp|No te creooo
|j| isdjhfbdkjfgbmncvb
|l| lilpup800
|
|t:|1597360575
|move|p2a: Amaterasu|Flamethrower|p1a: Hydreigon
|-resisted|p1a: Hydreigon
|-damage|p1a: Hydreigon|0 fnt
|faint|p1a: Hydreigon
|
|upkeep
|c| Javoon|evd
|l| MS3D
|j| MS3D
|j| Century Express
|c|☆lt71lx bfl|still lose so
|l| Century Express
|c| Jey2|Burn rilla
|
|t:|1597360597
|switch|p1a: Rillaboom|Rillaboom, F|100/100
|-fieldstart|move: Grassy Terrain|[from] ability: Grassy Surge|[of] p1a: Rillaboom
|-enditem|p1a: Rillaboom|Grassy Seed
|-boost|p1a: Rillaboom|def|1|[from] item: Grassy Seed
|turn|20
|j|+tjay
|
|t:|1597360601
|move|p1a: Rillaboom|Grassy Glide|p2a: Amaterasu
|-resisted|p2a: Amaterasu
|-damage|p2a: Amaterasu|0 fnt
|-status|p1a: Rillaboom|brn|[from] ability: Flame Body|[of] p2a: Amaterasu
|faint|p2a: Amaterasu
|
|-damage|p1a: Rillaboom|94/100 brn|[from] brn
|upkeep
|c| pizza|outplayed
|
|t:|1597360607
|switch|p2a: Toxtricity|Toxtricity, M|100/100
|turn|21
|c| Jey2|Uffff
|
|t:|1597360612
|move|p1a: Rillaboom|High Horsepower|p2a: Toxtricity
|-supereffective|p2a: Toxtricity
|-damage|p2a: Toxtricity|0 fnt
|faint|p2a: Toxtricity
|
|-heal|p1a: Rillaboom|100/100 brn|[from] Grassy Terrain
|-damage|p1a: Rillaboom|94/100 brn|[from] brn
|upkeep
|c| LYSTER|Uff
|
|t:|1597360616
|switch|p2a: Silhouette|Urshifu, M|100/100
|turn|22
|c| LYSTER|No
|c|+phiwings99|wow
|c| LYSTER|Jajajaja
|
|t:|1597360619
|move|p2a: Silhouette|Bulk Up|p2a: Silhouette
|-boost|p2a: Silhouette|atk|1
|-boost|p2a: Silhouette|def|1
|move|p1a: Rillaboom|Acrobatics|p2a: Silhouette
|-supereffective|p2a: Silhouette
|-damage|p2a: Silhouette|72/100
|
|-heal|p2a: Silhouette|79/100|[from] Grassy Terrain
|-heal|p1a: Rillaboom|100/100 brn|[from] Grassy Terrain
|-damage|p1a: Rillaboom|94/100 brn|[from] brn
|upkeep
|turn|23
|c| Jey2|Coño
|
|t:|1597360621
|switch|p1a: Clefable|Clefable, F|100/100
|move|p2a: Silhouette|Bulk Up|p2a: Silhouette
|-boost|p2a: Silhouette|atk|1
|-boost|p2a: Silhouette|def|1
|
|-heal|p2a: Silhouette|85/100|[from] Grassy Terrain
|upkeep
|turn|24
|c| Jey2|mano
|inactive|lt71lx bfl has 120 seconds left.
|
|t:|1597360627
|move|p2a: Silhouette|Wicked Blow|p1a: Clefable
|-resisted|p1a: Clefable
|-crit|p1a: Clefable
|-damage|p1a: Clefable|35/100
|-damage|p2a: Silhouette|75/100|[from] item: Life Orb
|move|p1a: Clefable|Moonblast|p2a: Silhouette
|-supereffective|p2a: Silhouette
|-damage|p2a: Silhouette|0 fnt
|faint|p2a: Silhouette
|
|-heal|p1a: Clefable|41/100|[from] Grassy Terrain
|-fieldend|move: Grassy Terrain
|upkeep
|c| LYSTER|Vamovamo
|
|t:|1597360630
|switch|p2a: Impaler|Excadrill, M, shiny|100/100
|-ability|p2a: Impaler|Mold Breaker
|turn|25
|c| LYSTER|Noooo
|
|t:|1597360633
|switch|p1a: Rillaboom|Rillaboom, F|94/100 brn
|-fieldstart|move: Grassy Terrain|[from] ability: Grassy Surge|[of] p1a: Rillaboom
|move|p2a: Impaler|Rapid Spin|p1a: Rillaboom
|-crit|p1a: Rillaboom
|-damage|p1a: Rillaboom|70/100 brn
|-boost|p2a: Impaler|spe|1
|
|-heal|p1a: Rillaboom|76/100 brn|[from] Grassy Terrain
|-damage|p1a: Rillaboom|70/100 brn|[from] brn
|upkeep
|turn|26
|-message|lt71lx bfl forfeited.
|
|win|LT71LX Guilt
|l|☆lt71lx bfl
|l| Glizzy Goat Ves
|l|☆LT71LX Guilt
|l| Big Black Chungus
|l| Javoon
|l| MS3D
|l| cursedstar
|l| large owl
|j| MS3D
|l| Skyrio
|l| MS3D
|raw|LT71LX Guilt's rating: 2080 &rarr; <strong>2105</strong><br />(+25 for winning)
|raw|lt71lx bfl's rating: 2169 &rarr; <strong>2144</strong><br />(-25 for losing)
|l| RNN YasuKe
|l|+Analytic
|l|+Wally
|l| LYSTER
|l| asdcxzvcxzbv
|l| Louna
|l| JFCope
|l| Corazan
|l| pizza
|l|+Cdumas
|l| strealet❄
|l| Livio ElTito
|l|+phiwings99
|l| lt71lx juuls
|l| Jey2
|n| LowGxeDoritos|lowgxedoritos
|l| duppyduppy
|j| TornadusF4n
|l| Dasmer Z
|l| Destro16
|l| Adri en sandwich
