|html|<div class="broadcast-blue"><strong>[Gen 8] OU is currently suspecting Melmetal! For information on how to participate check out the <a href="https://www.smogon.com/forums/threads/np-ss-ou-suspect-process-round-12-monster-mash.3709234/">suspect thread</a>.</strong></div>
|j|☆minimax_ai
|j|☆playeraccount
|t:|1666856605
|gametype|singles
|player|p1|minimax_ai|lusamine-nihilego|1524
|player|p2|playeraccount|1|1579
|teamsize|p1|6
|teamsize|p2|6
|gen|8
|tier|[Gen 8] OU
|rated|
|rule|Sleep Clause Mod: Limit one foe put to sleep
|rule|Species Clause: Limit one of each Pokémon
|rule|OHKO Clause: OHKO moves are banned
|rule|Evasion Items Clause: Evasion items are banned
|rule|Evasion Moves Clause: Evasion moves are banned
|rule|Endless Battle Clause: Forcing endless battles is banned
|rule|HP Percentage Mod: HP is shown in percentages
|rule|Dynamax Clause: You cannot dynamax
|clearpoke
|poke|p1|Rotom-Wash|
|poke|p1|Weavile, F|
|poke|p1|Landorus-Therian, M|
|poke|p1|Heatran, M|
|poke|p1|Tangrowth, M|
|poke|p1|Melmetal|
|poke|p2|Nidoqueen, F|
|poke|p2|Kartana|
|poke|p2|Slowbro, M|
|poke|p2|Tapu Fini|
|poke|p2|Blissey, F|
|poke|p2|Landorus-Therian, M|
|teampreview
|c|☆minimax_ai|hf
|j| sleptyjoe
|inactive|Battle timer is ON: inactive players will automatically lose when time's up. (requested by minimax_ai)
|
|t:|1666856615
|start
|switch|p1a: Melmetal|Melmetal|100/100
|switch|p2a: Kartana|Kartana, shiny|100/100
|turn|1
|
|t:|1666856620
|move|p2a: Kartana|Sacred Sword|p1a: Melmetal
|-supereffective|p1a: Melmetal
|-damage|p1a: Melmetal|28/100
|move|p1a: Melmetal|Double Iron Bash|p2a: Kartana
|-resisted|p2a: Kartana
|-damage|p2a: Kartana|78/100
|-resisted|p2a: Kartana
|-damage|p2a: Kartana|56/100
|-hitcount|p2a: Kartana|2
|
|upkeep
|turn|2
|
|t:|1666856627
|switch|p2a: Nidoqueen|Nidoqueen, F, shiny|100/100
|switch|p1a: landorustherian|Landorus-Therian, M|100/100
|-ability|p1a: landorustherian|Intimidate|boost
|-unboost|p2a: Nidoqueen|atk|1
|
|upkeep
|turn|3
|
|t:|1666856630
|switch|p1a: Heatran|Heatran, M|100/100
|-item|p1a: Heatran|Air Balloon
|move|p2a: Nidoqueen|Ice Beam|p1a: Heatran
|-resisted|p1a: Heatran
|-damage|p1a: Heatran|91/100
|-enditem|p1a: Heatran|Air Balloon
|
|upkeep
|turn|4
|
|t:|1666856633
|switch|p1a: rotomwash|Rotom-Wash|100/100
|move|p2a: Nidoqueen|Earth Power|p1a: rotomwash
|-immune|p1a: rotomwash|[from] ability: Levitate
|
|upkeep
|turn|5
|
|t:|1666856636
|switch|p2a: Blissey|Blissey, F, shiny|100/100
|move|p1a: rotomwash|Nasty Plot|p1a: rotomwash
|-boost|p1a: rotomwash|spa|2
|
|upkeep
|turn|6
|
|t:|1666856638
|move|p1a: rotomwash|Nasty Plot|p1a: rotomwash
|-boost|p1a: rotomwash|spa|2
|move|p2a: Blissey|Stealth Rock|p1a: rotomwash
|-sidestart|p1: minimax_ai|move: Stealth Rock
|
|upkeep
|turn|7
|
|t:|1666856642
|move|p1a: rotomwash|Thunderbolt|p2a: Blissey
|-damage|p2a: Blissey|59/100
|move|p2a: Blissey|Seismic Toss|p1a: rotomwash
|-damage|p1a: rotomwash|68/100
|
|-heal|p1a: rotomwash|74/100|[from] item: Leftovers
|-heal|p2a: Blissey|65/100|[from] item: Leftovers
|upkeep
|turn|8
|
|t:|1666856646
|move|p1a: rotomwash|Thunderbolt|p2a: Blissey
|-damage|p2a: Blissey|23/100
|move|p2a: Blissey|Seismic Toss|p1a: rotomwash
|-damage|p1a: rotomwash|41/100
|
|-heal|p1a: rotomwash|47/100|[from] item: Leftovers
|-heal|p2a: Blissey|29/100|[from] item: Leftovers
|upkeep
|turn|9
|
|t:|1666856649
|move|p1a: rotomwash|Hydro Pump|p2a: Blissey
|-damage|p2a: Blissey|0 fnt
|faint|p2a: Blissey
|
|-heal|p1a: rotomwash|53/100|[from] item: Leftovers
|upkeep
|
|t:|1666856651
|switch|p2a: Kartana|Kartana, shiny|56/100
|turn|10
|
|t:|1666856653
|switch|p1a: landorustherian|Landorus-Therian, M|100/100
|-damage|p1a: landorustherian|88/100|[from] Stealth Rock
|-ability|p1a: landorustherian|Intimidate|boost
|-unboost|p2a: Kartana|atk|1
|move|p2a: Kartana|Knock Off|p1a: landorustherian
|-damage|p1a: landorustherian|44/100
|-enditem|p1a: landorustherian|Leftovers|[from] move: Knock Off|[of] p2a: Kartana
|
|upkeep
|turn|11
|
|t:|1666856662
|switch|p2a: Landorus|Landorus-Therian, M|100/100
|-ability|p2a: Landorus|Intimidate|boost
|-unboost|p1a: landorustherian|atk|1
|move|p1a: landorustherian|Defog|p2a: Landorus
|-unboost|p2a: Landorus|evasion|1
|-sideend|p1: minimax_ai|Stealth Rock|[from] move: Defog|[of] p1a: landorustherian
|
|upkeep
|turn|12
|
|t:|1666856664
|move|p2a: Landorus|Swords Dance|p2a: Landorus
|-boost|p2a: Landorus|atk|2
|move|p1a: landorustherian|Toxic|p2a: Landorus
|-status|p2a: Landorus|tox
|
|-damage|p2a: Landorus|95/100 tox|[from] psn
|upkeep
|turn|13
|
|t:|1666856668
|switch|p1a: rotomwash|Rotom-Wash|53/100
|move|p2a: Landorus|Swords Dance|p2a: Landorus
|-boost|p2a: Landorus|atk|2
|
|-heal|p2a: Landorus|100/100 tox|[from] item: Leftovers
|-heal|p1a: rotomwash|60/100|[from] item: Leftovers
|-damage|p2a: Landorus|89/100 tox|[from] psn
|upkeep
|turn|14
|
|t:|1666856672
|move|p2a: Landorus|Explosion|p1a: rotomwash
|-damage|p1a: rotomwash|0 fnt
|faint|p2a: Landorus
|faint|p1a: rotomwash
|
|upkeep
|
|t:|1666856680
|switch|p2a: Tapu Fini|Tapu Fini, shiny|100/100
|switch|p1a: landorustherian|Landorus-Therian, M|44/100
|-fieldstart|move: Misty Terrain|[from] ability: Misty Surge|[of] p2a: Tapu Fini
|-ability|p1a: landorustherian|Intimidate|boost
|-unboost|p2a: Tapu Fini|atk|1
|turn|15
|
|t:|1666856683
|switch|p1a: Melmetal|Melmetal|28/100
|move|p2a: Tapu Fini|Ice Beam|p1a: Melmetal
|-resisted|p1a: Melmetal
|-damage|p1a: Melmetal|21/100
|
|upkeep
|turn|16
|
|t:|1666856686
|switch|p2a: Slowbro|Slowbro, M, shiny|100/100
|switch|p1a: Weavile|Weavile, F|100/100
|-ability|p1a: Weavile|Pressure
|
|upkeep
|turn|17
|
|t:|1666856689
|move|p1a: Weavile|Knock Off|p2a: Slowbro
|-supereffective|p2a: Slowbro
|-crit|p2a: Slowbro
|-damage|p2a: Slowbro|0 fnt
|-damage|p1a: Weavile|84/100|[from] item: Rocky Helmet|[of] p2a: Slowbro
|-enditem|p2a: Slowbro|Rocky Helmet|[from] move: Knock Off|[of] p1a: Weavile
|faint|p2a: Slowbro
|
|upkeep
|
|t:|1666856693
|switch|p2a: Tapu Fini|Tapu Fini, shiny|100/100
|turn|18
|
|t:|1666856697
|switch|p1a: Tangrowth|Tangrowth, M|100/100
|move|p2a: Tapu Fini|Moonblast|p1a: Tangrowth
|-damage|p1a: Tangrowth|40/100
|
|upkeep
|turn|19
|
|t:|1666856701
|switch|p1a: landorustherian|Landorus-Therian, M|44/100
|-ability|p1a: landorustherian|Intimidate|boost
|-unboost|p2a: Tapu Fini|atk|1
|move|p2a: Tapu Fini|Moonblast|p1a: landorustherian
|-damage|p1a: landorustherian|14/100
|
|-fieldend|Misty Terrain
|upkeep
|turn|20
|
|t:|1666856705
|switch|p1a: Tangrowth|Tangrowth, M|73/100
|move|p2a: Tapu Fini|Moonblast|p1a: Tangrowth
|-damage|p1a: Tangrowth|11/100
|
|upkeep
|turn|21
|
|t:|1666856709
|switch|p1a: landorustherian|Landorus-Therian, M|14/100
|-ability|p1a: landorustherian|Intimidate|boost
|-unboost|p2a: Tapu Fini|atk|1
|move|p2a: Tapu Fini|Moonblast|p1a: landorustherian
|-damage|p1a: landorustherian|0 fnt
|faint|p1a: landorustherian
|
|upkeep
|
|t:|1666856710
|switch|p1a: Melmetal|Melmetal|21/100
|turn|22
|
|t:|1666856718
|switch|p2a: Kartana|Kartana, shiny|56/100
|move|p1a: Melmetal|Double Iron Bash|p2a: Kartana
|-resisted|p2a: Kartana
|-damage|p2a: Kartana|33/100
|-resisted|p2a: Kartana
|-damage|p2a: Kartana|12/100
|-hitcount|p2a: Kartana|2
|
|upkeep
|turn|23
|
|t:|1666856724
|switch|p1a: Tangrowth|Tangrowth, M|44/100
|move|p2a: Kartana|Knock Off|p1a: Tangrowth
|-damage|p1a: Tangrowth|9/100
|-damage|p2a: Kartana|0 fnt|[from] item: Rocky Helmet|[of] p1a: Tangrowth
|faint|p2a: Kartana
|
|upkeep
|
|t:|1666856736
|switch|p2a: Tapu Fini|Tapu Fini, shiny|100/100
|-fieldstart|move: Misty Terrain|[from] ability: Misty Surge|[of] p2a: Tapu Fini
|turn|24
|
|t:|1666856738
|switch|p1a: Melmetal|Melmetal|21/100
|move|p2a: Tapu Fini|Moonblast|p1a: Melmetal
|-resisted|p1a: Melmetal
|-damage|p1a: Melmetal|11/100
|
|upkeep
|turn|25
|
|t:|1666856744
|switch|p1a: Heatran|Heatran, M|91/100
|move|p2a: Tapu Fini|Moonblast|p1a: Heatran
|-resisted|p1a: Heatran
|-damage|p1a: Heatran|80/100
|-unboost|p1a: Heatran|spa|1
|
|upkeep
|turn|26
|
|t:|1666856748
|switch|p2a: Nidoqueen|Nidoqueen, F, shiny|100/100
|move|p1a: Heatran|Earth Power|p2a: Nidoqueen
|-supereffective|p2a: Nidoqueen
|-damage|p2a: Nidoqueen|54/100
|
|upkeep
|turn|27
|
|t:|1666856750
|switch|p1a: Weavile|Weavile, F|84/100
|-ability|p1a: Weavile|Pressure
|move|p2a: Nidoqueen|Earth Power|p1a: Weavile
|-damage|p1a: Weavile|13/100
|
|upkeep
|turn|28
|
|t:|1666856755
|switch|p2a: Tapu Fini|Tapu Fini, shiny|100/100
|move|p1a: Weavile|Knock Off|p2a: Tapu Fini
|-resisted|p2a: Tapu Fini
|-damage|p2a: Tapu Fini|60/100
|-enditem|p2a: Tapu Fini|Choice Scarf|[from] move: Knock Off|[of] p1a: Weavile
|
|-fieldend|Misty Terrain
|upkeep
|turn|29
|
|t:|1666856757
|move|p1a: Weavile|Knock Off|p2a: Tapu Fini
|-resisted|p2a: Tapu Fini
|-damage|p2a: Tapu Fini|37/100
|move|p2a: Tapu Fini|Moonblast|p1a: Weavile
|-supereffective|p1a: Weavile
|-damage|p1a: Weavile|0 fnt
|faint|p1a: Weavile
|
|upkeep
|
|t:|1666856757
|switch|p1a: Tangrowth|Tangrowth, M|43/100
|turn|30
|
|t:|1666856761
|switch|p1a: Melmetal|Melmetal|11/100
|move|p2a: Tapu Fini|Moonblast|p1a: Melmetal
|-resisted|p1a: Melmetal
|-damage|p1a: Melmetal|0 fnt
|faint|p1a: Melmetal
|
|upkeep
|
|t:|1666856761
|switch|p1a: Tangrowth|Tangrowth, M|76/100
|turn|31
|
|t:|1666856764
|move|p2a: Tapu Fini|Moonblast|p1a: Tangrowth
|-damage|p1a: Tangrowth|20/100
|move|p1a: Tangrowth|Sleep Powder|p2a: Tapu Fini
|-status|p2a: Tapu Fini|slp|[from] move: Sleep Powder
|
|upkeep
|turn|32
|
|t:|1666856768
|switch|p2a: Nidoqueen|Nidoqueen, F, shiny|54/100
|switch|p1a: Heatran|Heatran, M|80/100
|
|upkeep
|turn|33
|
|t:|1666856771
|move|p1a: Heatran|Magma Storm|p2a: Nidoqueen
|-damage|p2a: Nidoqueen|0 fnt
|faint|p2a: Nidoqueen
|
|upkeep
|
|t:|1666856774
|switch|p2a: Tapu Fini|Tapu Fini, shiny|37/100 slp
|-fieldstart|move: Misty Terrain|[from] ability: Misty Surge|[of] p2a: Tapu Fini
|turn|34
|
|t:|1666856777
|cant|p2a: Tapu Fini|slp
|move|p1a: Heatran|Magma Storm|p2a: Tapu Fini|[miss]
|-miss|p1a: Heatran|p2a: Tapu Fini
|
|upkeep
|turn|35
|
|t:|1666856786
|cant|p2a: Tapu Fini|slp
|move|p1a: Heatran|Magma Storm|p2a: Tapu Fini|[miss]
|-miss|p1a: Heatran|p2a: Tapu Fini
|
|upkeep
|turn|36
|
|t:|1666856788
|-curestatus|p2a: Tapu Fini|slp|[msg]
|move|p2a: Tapu Fini|Ice Beam|p1a: Heatran
|-resisted|p1a: Heatran
|-damage|p1a: Heatran|74/100
|move|p1a: Heatran|Magma Storm|p2a: Tapu Fini|[miss]
|-miss|p1a: Heatran|p2a: Tapu Fini
|
|upkeep
|turn|37
|
|t:|1666856791
|move|p2a: Tapu Fini|Moonblast|p1a: Heatran
|-resisted|p1a: Heatran
|-damage|p1a: Heatran|64/100
|move|p1a: Heatran|Magma Storm|p2a: Tapu Fini
|-resisted|p2a: Tapu Fini
|-damage|p2a: Tapu Fini|13/100
|-activate|p2a: Tapu Fini|move: Magma Storm|[of] p1a: Heatran
|
|-damage|p2a: Tapu Fini|1/100|[from] move: Magma Storm|[partiallytrapped]
|upkeep
|turn|38
|
|t:|1666856794
|move|p2a: Tapu Fini|Moonblast|p1a: Heatran
|-resisted|p1a: Heatran
|-damage|p1a: Heatran|54/100
|move|p1a: Heatran|Eruption|p2a: Tapu Fini
|-resisted|p2a: Tapu Fini
|-damage|p2a: Tapu Fini|0 fnt
|faint|p2a: Tapu Fini
|
|win|minimax_ai
|raw|minimax_ai's rating: 1524 &rarr; <strong>1547</strong><br />(+23 for winning)
|raw|playeraccount's rating: 1579 &rarr; <strong>1556</strong><br />(-23 for losing)
|c|☆minimax_ai|gg
