|raw|<div class="broadcast-blue"><strong>This battle is required to be public due to a player having a name starting with 'lt83aq'.</div>
|j|☆LT83AQ fardin
|j|☆not mb
|t:|1626831508
|gametype|singles
|player|p1|LT83AQ fardin|lucas|1953
|player|p2|not mb|169|1963
|teamsize|p1|6
|teamsize|p2|6
|gen|8
|tier|[Gen 8] OU
|rated|
|rule|Sleep Clause Mod: Limit one foe put to sleep
|rule|Species Clause: Limit one of each Pokémon
|rule|OHKO Clause: OHKO moves are banned
|rule|Evasion Moves Clause: Evasion moves are banned
|rule|Endless Battle Clause: Forcing endless battles is banned
|rule|HP Percentage Mod: HP is shown in percentages
|rule|Dynamax Clause: You cannot dynamax
|clearpoke
|poke|p1|Melmetal|
|poke|p1|Garchomp, F|
|poke|p1|Chansey, F|
|poke|p1|Skarmory, M|
|poke|p1|Tornadus-Therian, M|
|poke|p1|Clefable, M|
|poke|p2|Pelipper, M|
|poke|p2|Barraskewda, F|
|poke|p2|Tapu Lele|
|poke|p2|Landorus-Therian, M|
|poke|p2|Regieleki|
|poke|p2|Ferrothorn, F|
|teampreview
|j| braided cords
|j| pal1122
|j| LT83AQ GRG
|inactive|Battle timer is ON: inactive players will automatically lose when time's up. (requested by LT83AQ fardin)
|j| Raichy
|j| Lt83AQ yelo
|j| skagrkzkdhf
|j| Mick Chiggin
|j| Kay9ine1
|j| VABGCD
|l| Raichy
|j| yovan33321 ¯\_(ツ)
|j| Raichy
|j| m6j
|inactive|LT83AQ fardin has 120 seconds left.
|inactive|not mb has 120 seconds left.
|j| LT83AQ rrm
|inactive|not mb has 90 seconds left.
|j| Chkrome
|l| Chkrome
|
|t:|1626831596
|start
|switch|p1a: Tornadus|Tornadus-Therian, M|100/100
|switch|p2a: Pelipper|Pelipper, M|100/100
|-weather|RainDance|[from] ability: Drizzle|[of] p2a: Pelipper
|turn|1
|j| RexTiger273
|j| lt83aq crying
|j| lt83aquaze
|j| Aisu_Shitai
|
|t:|1626831607
|move|p1a: Tornadus|Knock Off|p2a: Pelipper
|-damage|p2a: Pelipper|71/100
|-enditem|p2a: Pelipper|Choice Specs|[from] move: Knock Off|[of] p1a: Tornadus
|move|p2a: Pelipper|Weather Ball|p1a: Tornadus
|-damage|p1a: Tornadus|25/100
|
|-weather|RainDance|[upkeep]
|upkeep
|turn|2
|inactive|not mb has 120 seconds left.
|j| pliang888
|l| pliang888
|j| pliang888
|j| Chkrome
|j| JK Mash
|
|t:|1626831654
|switch|p2a: Tapu Lele|Tapu Lele|100/100
|-fieldstart|move: Psychic Terrain|[from] ability: Psychic Surge|[of] p2a: Tapu Lele
|move|p1a: Tornadus|Hurricane|p2a: Tapu Lele
|-damage|p2a: Tapu Lele|59/100
|
|-weather|RainDance|[upkeep]
|upkeep
|turn|3
|
|t:|1626831669
|switch|p1a: Melmetal|Melmetal|100/100
|move|p2a: Tapu Lele|Psyshock|p1a: Melmetal
|-resisted|p1a: Melmetal
|-crit|p1a: Melmetal
|-damage|p1a: Melmetal|74/100
|
|-weather|RainDance|[upkeep]
|-heal|p1a: Melmetal|80/100|[from] item: Leftovers
|upkeep
|turn|4
|
|t:|1626831679
|switch|p2a: Ferrothorn|Ferrothorn, F|100/100
|switch|p1a: Tornadus|Tornadus-Therian, M|58/100
|
|-weather|RainDance|[upkeep]
|upkeep
|turn|5
|
|t:|1626831691
|move|p1a: Tornadus|Knock Off|p2a: Ferrothorn
|-damage|p2a: Ferrothorn|83/100
|-damage|p1a: Tornadus|46/100|[from] ability: Iron Barbs|[of] p2a: Ferrothorn
|-enditem|p2a: Ferrothorn|Leftovers|[from] move: Knock Off|[of] p1a: Tornadus
|move|p2a: Ferrothorn|Knock Off|p1a: Tornadus
|-damage|p1a: Tornadus|22/100
|-enditem|p1a: Tornadus|Heavy-Duty Boots|[from] move: Knock Off|[of] p2a: Ferrothorn
|
|-weather|none
|upkeep
|turn|6
|l| Chkrome
|
|t:|1626831705
|move|p1a: Tornadus|Hurricane|p2a: Ferrothorn
|-damage|p2a: Ferrothorn|59/100
|move|p2a: Ferrothorn|Leech Seed|p1a: Tornadus|[miss]
|-miss|p2a: Ferrothorn|p1a: Tornadus
|
|-fieldend|move: Psychic Terrain
|upkeep
|turn|7
|j|%Ox the Fox
|
|t:|1626831721
|switch|p1a: Garchomp|Garchomp, F|100/100
|move|p2a: Ferrothorn|Leech Seed|p1a: Garchomp
|-start|p1a: Garchomp|move: Leech Seed
|
|-damage|p1a: Garchomp|88/100|[from] Leech Seed|[of] p2a: Ferrothorn
|-heal|p2a: Ferrothorn|74/100|[silent]
|upkeep
|turn|8
|inactive|not mb has 120 seconds left.
|
|t:|1626831731
|switch|p1a: Tornadus|Tornadus-Therian, M|55/100
|move|p2a: Ferrothorn|Spikes|p1a: Tornadus
|-sidestart|p1: LT83AQ fardin|Spikes
|
|upkeep
|turn|9
|j|+ez
|j| Electroniz
|inactive|not mb has 120 seconds left.
|
|t:|1626831739
|move|p1a: Tornadus|Defog|p2a: Ferrothorn
|-unboost|p2a: Ferrothorn|evasion|1
|-sideend|p1: LT83AQ fardin|Spikes|[from] move: Defog|[of] p1a: Tornadus
|move|p2a: Ferrothorn|Leech Seed|p1a: Tornadus
|-start|p1a: Tornadus|move: Leech Seed
|
|-damage|p1a: Tornadus|43/100|[from] Leech Seed|[of] p2a: Ferrothorn
|-heal|p2a: Ferrothorn|87/100|[silent]
|upkeep
|turn|10
|l|%Ox the Fox
|l| Electroniz
|inactive|not mb has 120 seconds left.
|
|t:|1626831749
|switch|p1a: Garchomp|Garchomp, F|88/100
|move|p2a: Ferrothorn|Leech Seed|p1a: Garchomp
|-start|p1a: Garchomp|move: Leech Seed
|
|-damage|p1a: Garchomp|76/100|[from] Leech Seed|[of] p2a: Ferrothorn
|-heal|p2a: Ferrothorn|100/100|[silent]
|upkeep
|turn|11
|
|t:|1626831755
|switch|p1a: Tornadus|Tornadus-Therian, M|76/100
|move|p2a: Ferrothorn|Spikes|p1a: Tornadus
|-sidestart|p1: LT83AQ fardin|Spikes
|
|upkeep
|turn|12
|
|t:|1626831758
|move|p1a: Tornadus|Defog|p2a: Ferrothorn
|-unboost|p2a: Ferrothorn|evasion|1
|-sideend|p1: LT83AQ fardin|Spikes|[from] move: Defog|[of] p1a: Tornadus
|move|p2a: Ferrothorn|Leech Seed|p1a: Tornadus
|-start|p1a: Tornadus|move: Leech Seed
|
|-damage|p1a: Tornadus|64/100|[from] Leech Seed|[of] p2a: Ferrothorn
|upkeep
|turn|13
|
|t:|1626831765
|switch|p1a: Garchomp|Garchomp, F|76/100
|move|p2a: Ferrothorn|Leech Seed|p1a: Garchomp
|-start|p1a: Garchomp|move: Leech Seed
|
|-damage|p1a: Garchomp|63/100|[from] Leech Seed|[of] p2a: Ferrothorn
|upkeep
|turn|14
|j| Gallant Pegasus
|j| vipersniper96
|j| LT83AQ Montana
|
|t:|1626831776
|switch|p1a: Tornadus|Tornadus-Therian, M|97/100
|move|p2a: Ferrothorn|Spikes|p1a: Tornadus
|-sidestart|p1: LT83AQ fardin|Spikes
|
|upkeep
|turn|15
|
|t:|1626831778
|move|p1a: Tornadus|Defog|p2a: Ferrothorn
|-unboost|p2a: Ferrothorn|evasion|1
|-sideend|p1: LT83AQ fardin|Spikes|[from] move: Defog|[of] p1a: Tornadus
|move|p2a: Ferrothorn|Leech Seed|p1a: Tornadus
|-start|p1a: Tornadus|move: Leech Seed
|
|-damage|p1a: Tornadus|84/100|[from] Leech Seed|[of] p2a: Ferrothorn
|upkeep
|turn|16
|
|t:|1626831791
|switch|p1a: Clefable|Clefable, M|100/100
|move|p2a: Ferrothorn|Iron Head|p1a: Clefable
|-supereffective|p1a: Clefable
|-damage|p1a: Clefable|63/100
|
|upkeep
|turn|17
|j| Charl Dunois
|j| Limited_Toolkit
|l| pal1122
|j| LT83AQ pop smoke
|inactive|not mb has 120 seconds left.
|
|t:|1626831824
|switch|p2a: Landorus|Landorus-Therian, M|100/100
|-ability|p2a: Landorus|Intimidate|boost
|-unboost|p1a: Clefable|atk|1
|move|p1a: Clefable|Soft-Boiled|p1a: Clefable
|-heal|p1a: Clefable|100/100
|
|upkeep
|turn|18
|
|t:|1626831834
|switch|p1a: Tornadus|Tornadus-Therian, M|100/100
|move|p2a: Landorus|Stealth Rock|p1a: Tornadus
|-sidestart|p1: LT83AQ fardin|move: Stealth Rock
|
|upkeep
|turn|19
|
|t:|1626831840
|move|p1a: Tornadus|Knock Off|p2a: Landorus
|-damage|p2a: Landorus|80/100
|-enditem|p2a: Landorus|Leftovers|[from] move: Knock Off|[of] p1a: Tornadus
|move|p2a: Landorus|Toxic|p1a: Tornadus
|-status|p1a: Tornadus|tox
|
|-damage|p1a: Tornadus|94/100 tox|[from] psn
|upkeep
|turn|20
|j| DefNotNinjack
|
|t:|1626831859
|move|p1a: Tornadus|Hurricane|p2a: Landorus
|-damage|p2a: Landorus|50/100
|move|p2a: Landorus|Stealth Rock||[still]
|-fail|p2a: Landorus
|
|-damage|p1a: Tornadus|82/100 tox|[from] psn
|upkeep
|turn|21
|j| LT83AQ Starbit
|
|t:|1626831863
|move|p1a: Tornadus|Defog|p2a: Landorus
|-unboost|p2a: Landorus|evasion|1
|-sideend|p1: LT83AQ fardin|Stealth Rock|[from] move: Defog|[of] p1a: Tornadus
|move|p2a: Landorus|U-turn|p1a: Tornadus
|-resisted|p1a: Tornadus
|-crit|p1a: Tornadus
|-damage|p1a: Tornadus|63/100 tox
|
|t:|1626831885
|switch|p2a: Barraskewda|Barraskewda, F|100/100|[from]move: U-turn
|
|-damage|p1a: Tornadus|45/100 tox|[from] psn
|upkeep
|turn|22
|c| LT83AQ Starbit|bro fardin the fact that you are even in it still versus rain is astonising
|c| LT83AQ Starbit|how do you do it
|l| pliang888
|
|t:|1626831900
|switch|p1a: Skarmory|Skarmory, M|100/100
|move|p2a: Barraskewda|Flip Turn|p1a: Skarmory
|-damage|p1a: Skarmory|71/100
|-damage|p2a: Barraskewda|84/100|[from] item: Rocky Helmet|[of] p1a: Skarmory
|j| FinalGetzu
|
|t:|1626831915
|switch|p2a: Pelipper|Pelipper, M|71/100|[from]move: Flip Turn
|-weather|RainDance|[from] ability: Drizzle|[of] p2a: Pelipper
|
|-weather|RainDance|[upkeep]
|upkeep
|turn|23
|
|t:|1626831927
|switch|p1a: Chansey|Chansey, F|100/100
|move|p2a: Pelipper|U-turn|p1a: Chansey
|-damage|p1a: Chansey|95/100
|
|t:|1626831929
|switch|p2a: Ferrothorn|Ferrothorn, F|100/100|[from]move: U-turn
|
|-weather|RainDance|[upkeep]
|upkeep
|turn|24
|j| pliang888
|
|t:|1626831946
|switch|p1a: Clefable|Clefable, M|100/100
|move|p2a: Ferrothorn|Spikes|p1a: Clefable
|-sidestart|p1: LT83AQ fardin|Spikes
|
|-weather|RainDance|[upkeep]
|upkeep
|turn|25
|
|t:|1626831953
|move|p1a: Clefable|Aromatherapy|p1a: Clefable
|-activate|p1a: Clefable|move: Aromatherapy
|-curestatus|p1: Tornadus|tox|[msg]
|move|p2a: Ferrothorn|Knock Off|p1a: Clefable
|-resisted|p1a: Clefable
|-damage|p1a: Clefable|92/100
|-enditem|p1a: Clefable|Heavy-Duty Boots|[from] move: Knock Off|[of] p2a: Ferrothorn
|
|-weather|RainDance|[upkeep]
|upkeep
|turn|26
|
|t:|1626831968
|move|p1a: Clefable|Moonblast|p2a: Ferrothorn
|-resisted|p2a: Ferrothorn
|-damage|p2a: Ferrothorn|90/100
|move|p2a: Ferrothorn|Leech Seed|p1a: Clefable
|-start|p1a: Clefable|move: Leech Seed
|
|-weather|none
|-damage|p1a: Clefable|80/100|[from] Leech Seed|[of] p2a: Ferrothorn
|-heal|p2a: Ferrothorn|100/100|[silent]
|upkeep
|turn|27
|l| lt83aq crying
|
|t:|1626831972
|switch|p1a: Tornadus|Tornadus-Therian, M|78/100
|move|p2a: Ferrothorn|Iron Head|p1a: Tornadus
|-damage|p1a: Tornadus|50/100
|
|upkeep
|turn|28
|
|t:|1626831983
|switch|p1a: Garchomp|Garchomp, F|63/100
|move|p2a: Ferrothorn|Iron Head|p1a: Garchomp
|-damage|p1a: Garchomp|44/100
|-damage|p2a: Ferrothorn|88/100|[from] ability: Rough Skin|[of] p1a: Garchomp
|
|upkeep
|turn|29
|l| DefNotNinjack
|
|t:|1626831995
|switch|p1a: Tornadus|Tornadus-Therian, M|83/100
|move|p2a: Ferrothorn|Iron Head|p1a: Tornadus
|-damage|p1a: Tornadus|51/100
|
|upkeep
|turn|30
|
|t:|1626831999
|move|p1a: Tornadus|Defog|p2a: Ferrothorn
|-unboost|p2a: Ferrothorn|evasion|1
|-sideend|p1: LT83AQ fardin|Spikes|[from] move: Defog|[of] p1a: Tornadus
|move|p2a: Ferrothorn|Leech Seed|p1a: Tornadus
|-start|p1a: Tornadus|move: Leech Seed
|
|-damage|p1a: Tornadus|38/100|[from] Leech Seed|[of] p2a: Ferrothorn
|-heal|p2a: Ferrothorn|100/100|[silent]
|upkeep
|turn|31
|
|t:|1626832008
|switch|p1a: Garchomp|Garchomp, F|44/100
|move|p2a: Ferrothorn|Knock Off|p1a: Garchomp
|-damage|p1a: Garchomp|29/100
|-damage|p2a: Ferrothorn|88/100|[from] ability: Rough Skin|[of] p1a: Garchomp
|-enditem|p1a: Garchomp|Heavy-Duty Boots|[from] move: Knock Off|[of] p2a: Ferrothorn
|
|upkeep
|turn|32
|l| RexTiger273
|j| npnipnn
|
|t:|1626832027
|move|p1a: Garchomp|Earthquake|p2a: Ferrothorn
|-damage|p2a: Ferrothorn|57/100
|move|p2a: Ferrothorn|Iron Head|p1a: Garchomp
|-damage|p1a: Garchomp|9/100
|-damage|p2a: Ferrothorn|45/100|[from] ability: Rough Skin|[of] p1a: Garchomp
|
|upkeep
|turn|33
|
|t:|1626832042
|move|p1a: Garchomp|Rest|p1a: Garchomp
|-status|p1a: Garchomp|slp|[from] move: Rest
|-heal|p1a: Garchomp|100/100 slp|[silent]
|move|p2a: Ferrothorn|Leech Seed|p1a: Garchomp
|-start|p1a: Garchomp|move: Leech Seed
|
|-damage|p1a: Garchomp|88/100 slp|[from] Leech Seed|[of] p2a: Ferrothorn
|-heal|p2a: Ferrothorn|60/100|[silent]
|upkeep
|turn|34
|inactive|not mb has 120 seconds left.
|l| pliang888
|
|t:|1626832087
|switch|p1a: Tornadus|Tornadus-Therian, M|71/100
|switch|p2a: Barraskewda|Barraskewda, F|84/100
|
|upkeep
|turn|35
|j| aaaaaayyy
|j| Joccie
|
|t:|1626832112
|move|p1a: Tornadus|Knock Off|p2a: Barraskewda
|-damage|p2a: Barraskewda|37/100
|-enditem|p2a: Barraskewda|Choice Band|[from] move: Knock Off|[of] p1a: Tornadus
|move|p2a: Barraskewda|Flip Turn|p1a: Tornadus
|-damage|p1a: Tornadus|33/100
|
|t:|1626832130
|switch|p2a: Tapu Lele|Tapu Lele|59/100|[from]move: Flip Turn
|-fieldstart|move: Psychic Terrain|[from] ability: Psychic Surge|[of] p2a: Tapu Lele
|
|upkeep
|turn|36
|l| LT83AQ pop smoke
|inactive|not mb has 90 seconds left.
|
|t:|1626832152
|switch|p2a: Landorus|Landorus-Therian, M|50/100
|-ability|p2a: Landorus|Intimidate|boost
|-unboost|p1a: Tornadus|atk|1
|switch|p1a: Chansey|Chansey, F|95/100
|
|upkeep
|turn|37
|
|t:|1626832164
|move|p2a: Landorus|Stealth Rock|p1a: Chansey
|-sidestart|p1: LT83AQ fardin|move: Stealth Rock
|move|p1a: Chansey|Seismic Toss|p2a: Landorus
|-damage|p2a: Landorus|24/100
|
|upkeep
|turn|38
|j| Vampirism
|
|t:|1626832176
|move|p2a: Landorus|U-turn|p1a: Chansey
|-damage|p1a: Chansey|80/100
|l|npnipnn
|l| Joccie
|j| Joccie
|l| Joccie
|inactive|not mb has 90 seconds left.
|j| Heatranlava
|j| Joccie
|l| Joccie
|l| vipersniper96
|inactive|not mb has 60 seconds left.
|
|t:|1626832246
|switch|p2a: Ferrothorn|Ferrothorn, F|60/100|[from]move: U-turn
|move|p1a: Chansey|Seismic Toss|p2a: Ferrothorn
|-damage|p2a: Ferrothorn|32/100
|-damage|p1a: Chansey|68/100|[from] ability: Iron Barbs|[of] p2a: Ferrothorn
|
|upkeep
|turn|39
|l| Aisu_Shitai
|
|t:|1626832268
|switch|p1a: Tornadus|Tornadus-Therian, M|66/100
|-damage|p1a: Tornadus|41/100|[from] Stealth Rock
|move|p2a: Ferrothorn|Leech Seed|p1a: Tornadus
|-start|p1a: Tornadus|move: Leech Seed
|
|-damage|p1a: Tornadus|28/100|[from] Leech Seed|[of] p2a: Ferrothorn
|-heal|p2a: Ferrothorn|44/100|[silent]
|-fieldend|move: Psychic Terrain
|upkeep
|turn|40
|l| Charl Dunois
|
|t:|1626832280
|switch|p1a: Melmetal|Melmetal|80/100
|-damage|p1a: Melmetal|74/100|[from] Stealth Rock
|move|p2a: Ferrothorn|Iron Head|p1a: Melmetal
|-resisted|p1a: Melmetal
|-damage|p1a: Melmetal|66/100
|
|-heal|p1a: Melmetal|72/100|[from] item: Leftovers
|upkeep
|turn|41
|
|t:|1626832288
|switch|p2a: Pelipper|Pelipper, M|71/100
|-weather|RainDance|[from] ability: Drizzle|[of] p2a: Pelipper
|move|p1a: Melmetal|Protect||[still]
|-fail|p1a: Melmetal
|
|-weather|RainDance|[upkeep]
|-heal|p1a: Melmetal|78/100|[from] item: Leftovers
|upkeep
|turn|42
|j| Charl Dunois
|j| YZII
|inactive|not mb has 60 seconds left.
|
|t:|1626832295
|move|p2a: Pelipper|Weather Ball|p1a: Melmetal
|-damage|p1a: Melmetal|20/100
|move|p1a: Melmetal|Toxic|p2a: Pelipper
|-status|p2a: Pelipper|tox
|
|-weather|RainDance|[upkeep]
|-heal|p1a: Melmetal|26/100|[from] item: Leftovers
|-damage|p2a: Pelipper|65/100 tox|[from] psn
|upkeep
|turn|43
|inactive|not mb has 60 seconds left.
|
|t:|1626832309
|switch|p2a: Barraskewda|Barraskewda, F|37/100
|move|p1a: Melmetal|Protect||[still]
|-fail|p1a: Melmetal
|
|-weather|RainDance|[upkeep]
|-heal|p1a: Melmetal|32/100|[from] item: Leftovers
|upkeep
|turn|44
|
|t:|1626832313
|move|p1a: Melmetal|Protect|p1a: Melmetal
|-singleturn|p1a: Melmetal|Protect
|move|p2a: Barraskewda|Liquidation|p1a: Melmetal
|-activate|p1a: Melmetal|move: Protect
|
|-weather|RainDance|[upkeep]
|-heal|p1a: Melmetal|38/100|[from] item: Leftovers
|upkeep
|turn|45
|
|t:|1626832329
|switch|p1a: Skarmory|Skarmory, M|71/100
|-damage|p1a: Skarmory|58/100|[from] Stealth Rock
|move|p2a: Barraskewda|Liquidation|p1a: Skarmory
|-damage|p1a: Skarmory|18/100
|-unboost|p1a: Skarmory|def|1
|-damage|p2a: Barraskewda|21/100|[from] item: Rocky Helmet|[of] p1a: Skarmory
|
|-weather|none
|upkeep
|turn|46
|j| pliang888
|j| alola420
|inactive|not mb has 60 seconds left.
|l| pliang888
|
|t:|1626832374
|switch|p1a: Garchomp|Garchomp, F|88/100 slp
|-damage|p1a: Garchomp|82/100 slp|[from] Stealth Rock
|move|p2a: Barraskewda|Liquidation|p1a: Garchomp
|-damage|p1a: Garchomp|44/100 slp
|-damage|p2a: Barraskewda|9/100|[from] ability: Rough Skin|[of] p1a: Garchomp
|
|upkeep
|turn|47
|
|t:|1626832399
|switch|p2a: Tapu Lele|Tapu Lele|59/100
|-fieldstart|move: Psychic Terrain|[from] ability: Psychic Surge|[of] p2a: Tapu Lele
|switch|p1a: Melmetal|Melmetal|38/100
|-damage|p1a: Melmetal|32/100|[from] Stealth Rock
|
|-heal|p1a: Melmetal|38/100|[from] item: Leftovers
|upkeep
|turn|48
|inactive|not mb has 60 seconds left.
|l| Gallant Pegasus
|l| Lt83AQ yelo
|l| m6j
|j| Shakurr
|inactive|not mb has 30 seconds left.
|inactive|not mb has 20 seconds left.
|
|t:|1626832446
|switch|p2a: Pelipper|Pelipper, M|65/100 tox
|-weather|RainDance|[from] ability: Drizzle|[of] p2a: Pelipper
|move|p1a: Melmetal|Protect||[still]
|-fail|p1a: Melmetal
|
|-weather|RainDance|[upkeep]
|-heal|p1a: Melmetal|44/100|[from] item: Leftovers
|-damage|p2a: Pelipper|59/100 tox|[from] psn
|upkeep
|turn|49
|inactive|not mb has 30 seconds left this turn.
|
|t:|1626832452
|move|p1a: Melmetal|Protect|p1a: Melmetal
|-singleturn|p1a: Melmetal|Protect
|move|p2a: Pelipper|Weather Ball|p1a: Melmetal
|-activate|p1a: Melmetal|move: Protect
|
|-weather|RainDance|[upkeep]
|-heal|p1a: Melmetal|50/100|[from] item: Leftovers
|-damage|p2a: Pelipper|46/100 tox|[from] psn
|upkeep
|turn|50
|inactive|not mb has 30 seconds left.
|
|t:|1626832464
|switch|p1a: Chansey|Chansey, F|68/100
|-damage|p1a: Chansey|56/100|[from] Stealth Rock
|move|p2a: Pelipper|U-turn|p1a: Chansey
|-damage|p1a: Chansey|50/100
|inactive|not mb has 30 seconds left.
|
|t:|1626832476
|switch|p2a: Barraskewda|Barraskewda, F|9/100|[from]move: U-turn
|
|-weather|RainDance|[upkeep]
|upkeep
|turn|51
|inactive|not mb has 30 seconds left.
|
|t:|1626832489
|switch|p1a: Skarmory|Skarmory, M|18/100
|-damage|p1a: Skarmory|6/100|[from] Stealth Rock
|move|p2a: Barraskewda|Liquidation|p1a: Skarmory
|-damage|p1a: Skarmory|0 fnt
|-damage|p2a: Barraskewda|0 fnt|[from] item: Rocky Helmet|[of] p1a: Skarmory
|faint|p1a: Skarmory
|faint|p2a: Barraskewda
|
|-weather|RainDance|[upkeep]
|-fieldend|move: Psychic Terrain
|upkeep
|inactive|not mb has 30 seconds left.
|inactive|not mb has 20 seconds left.
|
|t:|1626832506
|switch|p2a: Regieleki|Regieleki|100/100
|switch|p1a: Chansey|Chansey, F|50/100
|-damage|p1a: Chansey|37/100|[from] Stealth Rock
|turn|52
|inactive|not mb has 30 seconds left this turn.
|
|t:|1626832512
|move|p2a: Regieleki|Volt Switch|p1a: Chansey
|-damage|p1a: Chansey|22/100
|inactive|not mb has 30 seconds left this turn.
|
|t:|1626832513
|switch|p2a: Ferrothorn|Ferrothorn, F|44/100|[from]move: Volt Switch
|move|p1a: Chansey|Soft-Boiled|p1a: Chansey
|-heal|p1a: Chansey|72/100
|
|-weather|none
|upkeep
|turn|53
|
|t:|1626832522
|switch|p1a: Garchomp|Garchomp, F|44/100 slp
|-damage|p1a: Garchomp|37/100 slp|[from] Stealth Rock
|move|p2a: Ferrothorn|Leech Seed|p1a: Garchomp
|-start|p1a: Garchomp|move: Leech Seed
|
|-damage|p1a: Garchomp|25/100 slp|[from] Leech Seed|[of] p2a: Ferrothorn
|-heal|p2a: Ferrothorn|59/100|[silent]
|upkeep
|turn|54
|inactive|not mb has 30 seconds left.
|
|t:|1626832541
|switch|p1a: Clefable|Clefable, M|80/100
|-damage|p1a: Clefable|67/100|[from] Stealth Rock
|move|p2a: Ferrothorn|Knock Off|p1a: Clefable
|-resisted|p1a: Clefable
|-damage|p1a: Clefable|62/100
|
|upkeep
|turn|55
|inactive|not mb has 30 seconds left.
|inactive|not mb has 20 seconds left.
|inactive|not mb has 15 seconds left.
|inactive|not mb has 10 seconds left.
|
|t:|1626832572
|switch|p2a: Tapu Lele|Tapu Lele|59/100
|-fieldstart|move: Psychic Terrain|[from] ability: Psychic Surge|[of] p2a: Tapu Lele
|move|p1a: Clefable|Aromatherapy|p1a: Clefable
|-activate|p1a: Clefable|move: Aromatherapy
|-curestatus|p1: Garchomp|slp|[msg]
|
|upkeep
|turn|56
|inactive|not mb has 20 seconds left this turn.
|
|t:|1626832591
|move|p2a: Tapu Lele|Psychic|p1a: Clefable
|-damage|p1a: Clefable|2/100
|move|p1a: Clefable|Soft-Boiled|p1a: Clefable
|-heal|p1a: Clefable|52/100
|
|upkeep
|turn|57
|inactive|not mb has 30 seconds left this turn.
|inactive|not mb has 20 seconds left.
|
|t:|1626832602
|switch|p2a: Ferrothorn|Ferrothorn, F|59/100
|switch|p1a: Chansey|Chansey, F|72/100
|-damage|p1a: Chansey|60/100|[from] Stealth Rock
|
|upkeep
|turn|58
|inactive|not mb has 30 seconds left this turn.
|l| LT83AQ Montana
|inactive|not mb has 20 seconds left.
|j| DcMarvelAnimeFan
|
|t:|1626832617
|move|p1a: Chansey|Soft-Boiled|p1a: Chansey
|-heal|p1a: Chansey|100/100
|move|p2a: Ferrothorn|Leech Seed|p1a: Chansey
|-start|p1a: Chansey|move: Leech Seed
|
|-damage|p1a: Chansey|88/100|[from] Leech Seed|[of] p2a: Ferrothorn
|-heal|p2a: Ferrothorn|84/100|[silent]
|upkeep
|turn|59
|inactive|not mb has 30 seconds left this turn.
|j| usernammmeee
|inactive|not mb has 20 seconds left.
|
|t:|1626832629
|switch|p1a: Tornadus|Tornadus-Therian, M|62/100
|-damage|p1a: Tornadus|37/100|[from] Stealth Rock
|move|p2a: Ferrothorn|Iron Head|p1a: Tornadus
|-damage|p1a: Tornadus|6/100
|
|-fieldend|move: Psychic Terrain
|upkeep
|turn|60
|inactive|not mb has 30 seconds left this turn.
|j| Charlemagne_12
|inactive|not mb has 20 seconds left.
|
|t:|1626832648
|switch|p1a: Clefable|Clefable, M|52/100
|-damage|p1a: Clefable|40/100|[from] Stealth Rock
|move|p2a: Ferrothorn|Knock Off|p1a: Clefable
|-resisted|p1a: Clefable
|-damage|p1a: Clefable|34/100
|
|upkeep
|turn|61
|inactive|not mb has 30 seconds left this turn.
|
|t:|1626832657
|switch|p2a: Tapu Lele|Tapu Lele|59/100
|-fieldstart|move: Psychic Terrain|[from] ability: Psychic Surge|[of] p2a: Tapu Lele
|move|p1a: Clefable|Soft-Boiled|p1a: Clefable
|-heal|p1a: Clefable|84/100
|
|upkeep
|turn|62
|
|t:|1626832662
|move|p2a: Tapu Lele|Psychic|p1a: Clefable
|-damage|p1a: Clefable|19/100
|move|p1a: Clefable|Soft-Boiled|p1a: Clefable
|-heal|p1a: Clefable|69/100
|
|upkeep
|turn|63
|
|t:|1626832669
|switch|p2a: Ferrothorn|Ferrothorn, F|84/100
|switch|p1a: Melmetal|Melmetal|50/100
|-damage|p1a: Melmetal|44/100|[from] Stealth Rock
|
|-heal|p1a: Melmetal|50/100|[from] item: Leftovers
|upkeep
|turn|64
|inactive|not mb has 30 seconds left.
|
|t:|1626832689
|switch|p1a: Garchomp|Garchomp, F|25/100
|-damage|p1a: Garchomp|19/100|[from] Stealth Rock
|switch|p2a: Pelipper|Pelipper, M|46/100 tox
|-weather|RainDance|[from] ability: Drizzle|[of] p2a: Pelipper
|
|-weather|RainDance|[upkeep]
|-damage|p2a: Pelipper|40/100 tox|[from] psn
|upkeep
|turn|65
|
|t:|1626832698
|move|p1a: Garchomp|Rest|p1a: Garchomp
|-status|p1a: Garchomp|slp|[from] move: Rest
|-heal|p1a: Garchomp|100/100 slp|[silent]
|move|p2a: Pelipper|Weather Ball|p1a: Garchomp
|-damage|p1a: Garchomp|39/100 slp
|
|-weather|RainDance|[upkeep]
|-damage|p2a: Pelipper|28/100 tox|[from] psn
|-fieldend|move: Psychic Terrain
|upkeep
|turn|66
|
|t:|1626832702
|switch|p1a: Chansey|Chansey, F|88/100
|-damage|p1a: Chansey|76/100|[from] Stealth Rock
|move|p2a: Pelipper|U-turn|p1a: Chansey
|-damage|p1a: Chansey|70/100
|
|t:|1626832708
|switch|p2a: Ferrothorn|Ferrothorn, F|84/100|[from]move: U-turn
|
|-weather|RainDance|[upkeep]
|upkeep
|turn|67
|
|t:|1626832714
|switch|p1a: Clefable|Clefable, M|69/100
|-damage|p1a: Clefable|57/100|[from] Stealth Rock
|move|p2a: Ferrothorn|Iron Head|p1a: Clefable
|-supereffective|p1a: Clefable
|-damage|p1a: Clefable|18/100
|
|-weather|RainDance|[upkeep]
|upkeep
|turn|68
|
|t:|1626832719
|switch|p2a: Tapu Lele|Tapu Lele|59/100
|-fieldstart|move: Psychic Terrain|[from] ability: Psychic Surge|[of] p2a: Tapu Lele
|move|p1a: Clefable|Soft-Boiled|p1a: Clefable
|-heal|p1a: Clefable|68/100
|
|-weather|none
|upkeep
|turn|69
|j| Dolmun
|
|t:|1626832728
|switch|p1a: Melmetal|Melmetal|50/100
|-damage|p1a: Melmetal|44/100|[from] Stealth Rock
|move|p2a: Tapu Lele|Psychic|p1a: Melmetal
|-resisted|p1a: Melmetal
|-damage|p1a: Melmetal|16/100
|-unboost|p1a: Melmetal|spd|1
|
|-heal|p1a: Melmetal|22/100|[from] item: Leftovers
|upkeep
|turn|70
|
|t:|1626832732
|move|p1a: Melmetal|Protect|p1a: Melmetal
|-singleturn|p1a: Melmetal|Protect
|move|p2a: Tapu Lele|Psychic|p1a: Melmetal
|-activate|p1a: Melmetal|move: Protect
|
|-heal|p1a: Melmetal|28/100|[from] item: Leftovers
|upkeep
|turn|71
|inactive|not mb has 90 seconds left.
|
|t:|1626832738
|switch|p2a: Ferrothorn|Ferrothorn, F|84/100
|switch|p1a: Chansey|Chansey, F|70/100
|-damage|p1a: Chansey|58/100|[from] Stealth Rock
|
|upkeep
|turn|72
|l| usernammmeee
|
|t:|1626832747
|move|p1a: Chansey|Soft-Boiled|p1a: Chansey
|-heal|p1a: Chansey|100/100
|move|p2a: Ferrothorn|Knock Off|p1a: Chansey
|-damage|p1a: Chansey|87/100
|-enditem|p1a: Chansey|Eviolite|[from] move: Knock Off|[of] p2a: Ferrothorn
|
|-fieldend|move: Psychic Terrain
|upkeep
|turn|73
|
|t:|1626832751
|move|p1a: Chansey|Thunder Wave|p2a: Ferrothorn
|-status|p2a: Ferrothorn|par
|move|p2a: Ferrothorn|Iron Head|p1a: Chansey
|-damage|p1a: Chansey|60/100
|
|upkeep
|turn|74
|
|t:|1626832758
|move|p1a: Chansey|Soft-Boiled|p1a: Chansey
|-heal|p1a: Chansey|100/100
|cant|p2a: Ferrothorn|par
|
|upkeep
|turn|75
|l| Dolmun
|
|t:|1626832777
|switch|p1a: Clefable|Clefable, M|68/100
|-damage|p1a: Clefable|56/100|[from] Stealth Rock
|move|p2a: Ferrothorn|Leech Seed|p1a: Clefable
|-start|p1a: Clefable|move: Leech Seed
|
|-damage|p1a: Clefable|44/100|[from] Leech Seed|[of] p2a: Ferrothorn
|-heal|p2a: Ferrothorn|98/100 par|[silent]
|upkeep
|turn|76
|
|t:|1626832789
|switch|p1a: Tornadus|Tornadus-Therian, M|39/100
|-damage|p1a: Tornadus|14/100|[from] Stealth Rock
|switch|p2a: Tapu Lele|Tapu Lele|59/100
|-fieldstart|move: Psychic Terrain|[from] ability: Psychic Surge|[of] p2a: Tapu Lele
|
|upkeep
|turn|77
|
|t:|1626832794
|switch|p1a: Chansey|Chansey, F|100/100
|-damage|p1a: Chansey|88/100|[from] Stealth Rock
|move|p2a: Tapu Lele|Psyshock|p1a: Chansey
|-damage|p1a: Chansey|30/100
|
|upkeep
|turn|78
|l| Limited_Toolkit
|j| BabyPigsAreLaughin
|-message|LT83AQ fardin forfeited.
|
|win|not mb
|raw|LT83AQ fardin's rating: 1953 &rarr; <strong>1934</strong><br />(-19 for losing)
|raw|not mb's rating: 1963 &rarr; <strong>1982</strong><br />(+19 for winning)
|l|☆LT83AQ fardin
|l| Shakurr
|l| FinalGetzu
|l| yovan33321 ¯\_(ツ)
|l| aaaaaayyy
|l| Heatranlava
|l| VABGCD
|l| lt83aquaze
