|j|☆maxinyuuu
|j|☆mosty_kant
|t:|1664597197
|gametype|singles
|player|p1|maxinyuuu|lusamine-nihilego|
|player|p2|mosty_kant|policeman-gen4|
|teamsize|p1|6
|teamsize|p2|6
|gen|8
|tier|[Gen 8] OU
|rule|Sleep Clause Mod: Limit one foe put to sleep
|rule|Species Clause: Limit one of each Pokémon
|rule|OHKO Clause: OHKO moves are banned
|rule|Evasion Items Clause: Evasion items are banned
|rule|Evasion Moves Clause: Evasion moves are banned
|rule|Endless Battle Clause: Forcing endless battles is banned
|rule|HP Percentage Mod: HP is shown in percentages
|rule|Dynamax Clause: You cannot dynamax
|clearpoke
|poke|p1|Melmetal|
|poke|p1|Porygon2|
|poke|p1|Cresselia, F|
|poke|p1|Marowak-Alola, F|
|poke|p1|Hatterene, F|
|poke|p1|Crawdaunt, M|
|poke|p2|Landorus-Therian, M|
|poke|p2|Slowbro, F|
|poke|p2|Melmetal|
|poke|p2|Clefable, F|
|poke|p2|Tyranitar, F|
|poke|p2|Excadrill, M|
|teampreview
|
|t:|1664597206
|start
|switch|p1a: Marowak|Marowak-Alola, F|100/100
|switch|p2a: Landorus|Landorus-Therian, M|100/100
|-ability|p2a: Landorus|Intimidate|boost
|-unboost|p1a: Marowak|atk|1
|turn|1
|
|t:|1664597216
|switch|p1a: Hatterene|Hatterene, F|100/100
|move|p2a: Landorus|Knock Off|p1a: Hatterene
|-damage|p1a: Hatterene|39/100
|-enditem|p1a: Hatterene|Focus Sash|[from] move: Knock Off|[of] p2a: Landorus
|
|upkeep
|turn|2
|
|t:|1664597231
|switch|p1a: Crawdaunt|Crawdaunt, M|100/100
|move|p2a: Landorus|Knock Off|p1a: Crawdaunt
|-resisted|p1a: Crawdaunt
|-damage|p1a: Crawdaunt|65/100
|-enditem|p1a: Crawdaunt|Life Orb|[from] move: Knock Off|[of] p2a: Landorus
|
|upkeep
|turn|3
|
|t:|1664597240
|switch|p2a: Clefable|Clefable, F|100/100
|move|p1a: Crawdaunt|Knock Off|p2a: Clefable
|-resisted|p2a: Clefable
|-damage|p2a: Clefable|70/100
|-enditem|p2a: Clefable|Heavy-Duty Boots|[from] move: Knock Off|[of] p1a: Crawdaunt
|
|upkeep
|turn|4
|
|t:|1664597251
|switch|p1a: Porygon2|Porygon2|100/100
|-ability|p1a: Porygon2|Unaware|[from] ability: Trace|[of] p2a: Clefable
|move|p2a: Clefable|Moonblast|p1a: Porygon2
|-damage|p1a: Porygon2|85/100
|
|upkeep
|turn|5
|
|t:|1664597266
|move|p2a: Clefable|Wish|p2a: Clefable
|move|p1a: Porygon2|Trick Room|p1a: Porygon2
|-fieldstart|move: Trick Room|[of] p1a: Porygon2
|
|upkeep
|turn|6
|l|☆mosty_kant
|player|p2|
|j|☆mosty_kant
|player|p2|mosty_kant|policeman-gen4
|
|t:|1664597292
|move|p2a: Clefable|Thunder Wave|p1a: Porygon2|[miss]
|-miss|p2a: Clefable|p1a: Porygon2
|move|p1a: Porygon2|Teleport|p1a: Porygon2
|
|t:|1664597297
|switch|p1a: Melmetal|Melmetal|100/100|[from]move: Teleport
|
|-heal|p2a: Clefable|100/100|[from] move: Wish|[wisher] Clefable
|upkeep
|turn|7
|
|t:|1664597305
|switch|p1a: Marowak|Marowak-Alola, F|100/100
|switch|p2a: Slowbro|Slowbro, F|100/100
|
|upkeep
|turn|8
|
|t:|1664597312
|switch|p2a: Clefable|Clefable, F|100/100
|move|p1a: Marowak|Poltergeist||[still]
|-fail|p1a: Marowak
|
|upkeep
|turn|9
|
|t:|1664597323
|move|p1a: Marowak|Flare Blitz|p2a: Clefable
|-damage|p2a: Clefable|18/100
|-damage|p1a: Marowak|67/100|[from] Recoil
|move|p2a: Clefable|Teleport|p2a: Clefable
|
|t:|1664597330
|switch|p2a: Landorus|Landorus-Therian, M|100/100|[from]move: Teleport
|-ability|p2a: Landorus|Intimidate|boost
|-unboost|p1a: Marowak|atk|1
|
|-fieldend|move: Trick Room
|upkeep
|turn|10
|
|t:|1664597338
|switch|p1a: Cresselia|Cresselia, F|100/100
|move|p2a: Landorus|U-turn|p1a: Cresselia
|-supereffective|p1a: Cresselia
|-damage|p1a: Cresselia|61/100
|-damage|p2a: Landorus|84/100|[from] item: Rocky Helmet|[of] p1a: Cresselia
|
|t:|1664597349
|switch|p2a: Clefable|Clefable, F|18/100|[from]move: U-turn
|
|upkeep
|turn|11
|
|t:|1664597356
|move|p1a: Cresselia|Moonblast|p2a: Clefable
|-damage|p2a: Clefable|3/100
|move|p2a: Clefable|Wish|p2a: Clefable
|
|upkeep
|turn|12
|
|t:|1664597364
|switch|p2a: Landorus|Landorus-Therian, M|84/100
|-ability|p2a: Landorus|Intimidate|boost
|-unboost|p1a: Cresselia|atk|1
|move|p1a: Cresselia|Moonblast|p2a: Landorus
|-damage|p2a: Landorus|61/100
|
|-heal|p2a: Landorus|100/100|[from] move: Wish|[wisher] Clefable
|upkeep
|turn|13
|
|t:|1664597374
|move|p2a: Landorus|Knock Off|p1a: Cresselia
|-supereffective|p1a: Cresselia
|-damage|p1a: Cresselia|7/100
|-damage|p2a: Landorus|84/100|[from] item: Rocky Helmet|[of] p1a: Cresselia
|-enditem|p1a: Cresselia|Rocky Helmet|[from] move: Knock Off|[of] p2a: Landorus
|move|p1a: Cresselia|Trick Room|p1a: Cresselia
|-fieldstart|move: Trick Room|[of] p1a: Cresselia
|
|upkeep
|turn|14
|
|t:|1664597386
|switch|p1a: Crawdaunt|Crawdaunt, M|65/100
|move|p2a: Landorus|Knock Off|p1a: Crawdaunt
|-resisted|p1a: Crawdaunt
|-damage|p1a: Crawdaunt|43/100
|
|upkeep
|turn|15
|
|t:|1664597395
|switch|p2a: Clefable|Clefable, F|3/100
|move|p1a: Crawdaunt|Crabhammer|p2a: Clefable
|-crit|p2a: Clefable
|-damage|p2a: Clefable|0 fnt
|faint|p2a: Clefable
|
|upkeep
|
|t:|1664597404
|switch|p2a: Slowbro|Slowbro, F|100/100
|turn|16
|
|t:|1664597413
|switch|p2a: Tyranitar|Tyranitar, F|100/100
|-weather|Sandstorm|[from] ability: Sand Stream|[of] p2a: Tyranitar
|switch|p1a: Marowak|Marowak-Alola, F|67/100
|
|-weather|Sandstorm|[upkeep]
|-damage|p1a: Marowak|61/100|[from] Sandstorm
|upkeep
|turn|17
|
|t:|1664597427
|switch|p1a: Melmetal|Melmetal|100/100
|move|p2a: Tyranitar|Dark Pulse|p1a: Melmetal
|-damage|p1a: Melmetal|60/100
|
|-weather|Sandstorm|[upkeep]
|-fieldend|move: Trick Room
|upkeep
|turn|18
|
|t:|1664597435
|move|p2a: Tyranitar|Fire Blast|p1a: Melmetal|[miss]
|-miss|p2a: Tyranitar|p1a: Melmetal
|move|p1a: Melmetal|Earthquake|p2a: Tyranitar
|-supereffective|p2a: Tyranitar
|-damage|p2a: Tyranitar|0 fnt
|faint|p2a: Tyranitar
|
|-weather|Sandstorm|[upkeep]
|upkeep
|c|☆maxinyuuu|sry
|
|t:|1664597451
|switch|p2a: Excadrill|Excadrill, M|100/100
|turn|19
|
|t:|1664597458
|switch|p1a: Cresselia|Cresselia, F|7/100
|move|p2a: Excadrill|Swords Dance|p2a: Excadrill
|-boost|p2a: Excadrill|atk|2
|
|-weather|Sandstorm|[upkeep]
|-damage|p1a: Cresselia|1/100|[from] Sandstorm
|upkeep
|turn|20
|
|t:|1664597470
|move|p2a: Excadrill|Iron Head|p1a: Cresselia
|-damage|p1a: Cresselia|0 fnt
|faint|p1a: Cresselia
|
|-weather|Sandstorm|[upkeep]
|upkeep
|
|t:|1664597474
|switch|p1a: Crawdaunt|Crawdaunt, M|43/100
|turn|21
|
|t:|1664597479
|move|p1a: Crawdaunt|Aqua Jet|p2a: Excadrill
|-supereffective|p2a: Excadrill
|-damage|p2a: Excadrill|27/100
|move|p2a: Excadrill|Earthquake|p1a: Crawdaunt
|-damage|p1a: Crawdaunt|0 fnt
|faint|p1a: Crawdaunt
|
|-weather|Sandstorm|[upkeep]
|-heal|p2a: Excadrill|33/100|[from] item: Leftovers
|upkeep
|j| bis lemon
|
|t:|1664597484
|switch|p1a: Porygon2|Porygon2|85/100
|-ability|p1a: Porygon2|Sand Rush|[from] ability: Trace|[of] p2a: Excadrill
|turn|22
|
|t:|1664597494
|move|p2a: Excadrill|Iron Head|p1a: Porygon2
|-damage|p1a: Porygon2|25/100
|cant|p1a: Porygon2|flinch
|
|-weather|Sandstorm|[upkeep]
|-heal|p2a: Excadrill|39/100|[from] item: Leftovers
|upkeep
|turn|23
|
|t:|1664597506
|move|p2a: Excadrill|Iron Head|p1a: Porygon2
|-damage|p1a: Porygon2|0 fnt
|faint|p1a: Porygon2
|
|-weather|none
|-heal|p2a: Excadrill|45/100|[from] item: Leftovers
|upkeep
|
|t:|1664597511
|switch|p1a: Melmetal|Melmetal|60/100
|turn|24
|
|t:|1664597515
|move|p2a: Excadrill|Earthquake|p1a: Melmetal
|-supereffective|p1a: Melmetal
|-damage|p1a: Melmetal|0 fnt
|faint|p1a: Melmetal
|
|-heal|p2a: Excadrill|51/100|[from] item: Leftovers
|upkeep
|-message|maxinyuuu forfeited.
|
|win|mosty_kant
|l|☆maxinyuuu
|l|☆mosty_kant
