|html|<div class="broadcast-blue"><strong>[Gen 8] OU is currently suspecting Urshifu-S! For information on how to participate check out the <a href="https://www.smogon.com/forums/threads/np-ss-ou-suspect-process-round-8-aint-no-rest-for-the-wicked.3675310/">suspect thread</a>.</strong></div>
|j|☆Mickey m
|j|☆Cubielubie
|t:|1609836446
|player|p1|Mickey m|hilbert-dueldisk|1579
|player|p2|Cubielubie|lucas|1615
|teamsize|p1|6
|teamsize|p2|6
|gametype|singles
|gen|8
|tier|[Gen 8] OU
|rated|
|clearpoke
|poke|p1|Kartana|
|poke|p1|Zapdos|
|poke|p1|Dragonite, M|
|poke|p1|Cinderace, M|
|poke|p1|Garchomp, M|
|poke|p1|Tapu Koko|
|poke|p2|Klefki, M|
|poke|p2|Zoroark, M|
|poke|p2|Regieleki|
|poke|p2|Tapu Koko|
|poke|p2|Melmetal|
|poke|p2|Urshifu-*, M|
|rule|Sleep Clause Mod: Limit one foe put to sleep
|rule|Species Clause: Limit one of each Pokémon
|rule|OHKO Clause: OHKO moves are banned
|rule|Evasion Moves Clause: Evasion moves are banned
|rule|Endless Battle Clause: Forcing endless battles is banned
|rule|HP Percentage Mod: HP is shown in percentages
|rule|Dynamax Clause: You cannot dynamax
|teampreview
|inactive|Battle timer is ON: inactive players will automatically lose when time's up. (requested by Mickey m)
|inactive|Mickey m has 120 seconds left.
|
|t:|1609836504
|start
|switch|p1a: Cinderace|Cinderace, M|100/100
|switch|p2a: Melmetal|Melmetal|100/100
|turn|1
|
|t:|1609836531
|switch|p2a: Urshifu|Urshifu-Rapid-Strike, M|100/100
|move|p1a: Cinderace|Pyro Ball|p2a: Urshifu
|-resisted|p2a: Urshifu
|-damage|p2a: Urshifu|64/100
|-damage|p1a: Cinderace|91/100|[from] item: Life Orb
|
|upkeep
|turn|2
|
|t:|1609836539
|switch|p1a: Garchomp|Garchomp, M|100/100
|move|p2a: Urshifu|Close Combat|p1a: Garchomp
|-damage|p1a: Garchomp|10/100
|-unboost|p2a: Urshifu|def|1
|-unboost|p2a: Urshifu|spd|1
|-damage|p2a: Urshifu|52/100|[from] ability: Rough Skin|[of] p1a: Garchomp
|-damage|p2a: Urshifu|35/100|[from] item: Rocky Helmet|[of] p1a: Garchomp
|
|upkeep
|turn|3
|
|t:|1609836555
|switch|p2a: Melmetal|Melmetal|100/100
|move|p1a: Garchomp|Earthquake|p2a: Melmetal
|-damage|p2a: Melmetal|6/100
|replace|p2a: Zoroark|Zoroark, M
|-end|p2a: Zoroark|Illusion
|
|upkeep
|turn|4
|
|t:|1609836564
|move|p2a: Zoroark|Dark Pulse|p1a: Garchomp
|-damage|p1a: Garchomp|0 fnt
|faint|p1a: Garchomp
|
|upkeep
|
|t:|1609836571
|switch|p1a: Dragonite|Dragonite, M|100/100
|turn|5
|
|t:|1609836590
|move|p2a: Zoroark|Trick|p1a: Dragonite
|-activate|p2a: Zoroark|move: Trick|[of] p1a: Dragonite
|-item|p1a: Dragonite|Ring Target|[from] move: Trick
|-item|p2a: Zoroark|Weakness Policy|[from] move: Trick
|move|p1a: Dragonite|Dragon Dance|p1a: Dragonite
|-boost|p1a: Dragonite|atk|1
|-boost|p1a: Dragonite|spe|1
|
|upkeep
|turn|6
|
|t:|1609836597
|move|p1a: Dragonite|Earthquake|p2a: Zoroark
|-damage|p2a: Zoroark|0 fnt
|faint|p2a: Zoroark
|
|upkeep
|
|t:|1609836600
|switch|p2a: Melmetal|Melmetal|100/100
|turn|7
|
|t:|1609836603
|move|p1a: Dragonite|Earthquake|p2a: Melmetal
|-supereffective|p2a: Melmetal
|-damage|p2a: Melmetal|23/100
|move|p2a: Melmetal|Double Iron Bash|p1a: Dragonite
|-damage|p1a: Dragonite|75/100
|-damage|p1a: Dragonite|26/100
|-hitcount|p1a: Dragonite|2
|
|upkeep
|turn|8
|
|t:|1609836611
|move|p1a: Dragonite|Earthquake|p2a: Melmetal
|-supereffective|p2a: Melmetal
|-damage|p2a: Melmetal|0 fnt
|faint|p2a: Melmetal
|
|upkeep
|
|t:|1609836616
|switch|p2a: Klefki|Klefki, M|100/100
|turn|9
|
|t:|1609836618
|move|p2a: Klefki|Thunder Wave|p1a: Dragonite
|-status|p1a: Dragonite|par
|move|p1a: Dragonite|Earthquake|p2a: Klefki
|-supereffective|p2a: Klefki
|-damage|p2a: Klefki|6/100
|
|upkeep
|turn|10
|
|t:|1609836638
|move|p1a: Dragonite|Extreme Speed|p2a: Klefki
|-resisted|p2a: Klefki
|-damage|p2a: Klefki|0 fnt
|faint|p2a: Klefki
|
|upkeep
|
|t:|1609836647
|switch|p2a: Tapu Koko|Tapu Koko|100/100
|-fieldstart|move: Electric Terrain|[from] ability: Electric Surge|[of] p2a: Tapu Koko
|turn|11
|
|t:|1609836651
|move|p1a: Dragonite|Extreme Speed|p2a: Tapu Koko
|-damage|p2a: Tapu Koko|44/100
|move|p2a: Tapu Koko|Volt Switch|p1a: Dragonite
|-damage|p1a: Dragonite|0 fnt
|faint|p1a: Dragonite
|
|t:|1609836669
|switch|p2a: Regieleki|Regieleki|100/100|[from]move: Volt Switch
|
|upkeep
|
|t:|1609836673
|switch|p1a: Kartana|Kartana|100/100
|turn|12
|inactive|Cubielubie has 120 seconds left.
|
|t:|1609836710
|move|p2a: Regieleki|Volt Switch|p1a: Kartana
|-resisted|p1a: Kartana
|-enditem|p1a: Kartana|Focus Sash
|-damage|p1a: Kartana|1/100
|
|t:|1609836718
|switch|p2a: Urshifu|Urshifu-Rapid-Strike, M|35/100|[from]move: Volt Switch
|move|p1a: Kartana|Leaf Blade|p2a: Urshifu
|-supereffective|p2a: Urshifu
|-damage|p2a: Urshifu|0 fnt
|faint|p2a: Urshifu
|-ability|p1a: Kartana|Beast Boost|boost
|-boost|p1a: Kartana|atk|1
|
|upkeep
|
|t:|1609836724
|switch|p2a: Regieleki|Regieleki|100/100
|turn|13
|
|t:|1609836730
|move|p2a: Regieleki|Thunderbolt|p1a: Kartana
|-resisted|p1a: Kartana
|-damage|p1a: Kartana|0 fnt
|faint|p1a: Kartana
|
|upkeep
|
|t:|1609836738
|switch|p1a: Tapu Koko|Tapu Koko|100/100
|turn|14
|
|t:|1609836745
|move|p2a: Regieleki|Thunderbolt|p1a: Tapu Koko
|-resisted|p1a: Tapu Koko
|-damage|p1a: Tapu Koko|7/100
|move|p1a: Tapu Koko|Dazzling Gleam|p2a: Regieleki
|-damage|p2a: Regieleki|36/100
|
|-heal|p1a: Tapu Koko|13/100|[from] item: Leftovers
|upkeep
|turn|15
|
|t:|1609836753
|move|p2a: Regieleki|Thunderbolt|p1a: Tapu Koko
|-resisted|p1a: Tapu Koko
|-damage|p1a: Tapu Koko|0 fnt
|faint|p1a: Tapu Koko
|
|upkeep
|
|t:|1609836759
|switch|p1a: Cinderace|Cinderace, M|91/100
|turn|16
|
|t:|1609836769
|switch|p2a: Tapu Koko|Tapu Koko|44/100
|move|p1a: Cinderace|Sucker Punch||[still]
|-fail|p1a: Cinderace
|
|upkeep
|turn|17
|
|t:|1609836774
|move|p2a: Tapu Koko|Roost|p2a: Tapu Koko
|-heal|p2a: Tapu Koko|94/100
|-singleturn|p2a: Tapu Koko|move: Roost
|move|p1a: Cinderace|Pyro Ball|p2a: Tapu Koko
|-damage|p2a: Tapu Koko|1/100
|-status|p2a: Tapu Koko|brn
|-damage|p1a: Cinderace|81/100|[from] item: Life Orb
|
|-damage|p2a: Tapu Koko|0 fnt|[from] brn
|faint|p2a: Tapu Koko
|upkeep
|
|t:|1609836777
|switch|p2a: Regieleki|Regieleki|36/100
|turn|18
|
|t:|1609836786
|move|p1a: Cinderace|Sucker Punch|p2a: Regieleki
|-start|p1a: Cinderace|typechange|Dark|[from] ability: Libero
|-damage|p2a: Regieleki|0 fnt
|-damage|p1a: Cinderace|71/100|[from] item: Life Orb
|faint|p2a: Regieleki
|
|win|Mickey m
|c|☆Mickey m|gg
|raw|Mickey m's rating: 1562 &rarr; <strong>1584</strong><br />(+22 for winning)
|raw|Cubielubie's rating: 1593 &rarr; <strong>1571</strong><br />(-22 for losing)
|l|☆Mickey m
