|html|<div class="broadcast-blue"><strong>[Gen 8] OU is currently suspecting Melmetal! For information on how to participate check out the <a href="https://www.smogon.com/forums/threads/np-ss-ou-suspect-process-round-12-monster-mash.3709234/">suspect thread</a>.</strong></div>
|j|☆Steez Ibanez
|j|☆Huskothy
|t:|1666112409
|gametype|singles
|player|p1|Steez Ibanez|acetrainer-gen7|1779
|player|p2|Huskothy|lucas|1747
|teamsize|p1|6
|teamsize|p2|6
|gen|8
|tier|[Gen 8] OU
|rated|
|rule|Sleep Clause Mod: Limit one foe put to sleep
|rule|Species Clause: Limit one of each Pokémon
|rule|OHKO Clause: OHKO moves are banned
|rule|Evasion Items Clause: Evasion items are banned
|rule|Evasion Moves Clause: Evasion moves are banned
|rule|Endless Battle Clause: Forcing endless battles is banned
|rule|HP Percentage Mod: HP is shown in percentages
|rule|Dynamax Clause: You cannot dynamax
|clearpoke
|poke|p1|Heatran, M|
|poke|p1|Dragapult, M|
|poke|p1|Clefable, M|
|poke|p1|Garchomp, M|
|poke|p1|Zapdos|
|poke|p1|Ferrothorn, M|
|poke|p2|Sudowoodo, F|
|poke|p2|Rillaboom, F|
|poke|p2|Mandibuzz, F|
|poke|p2|Tapu Fini|
|poke|p2|Garchomp, M|
|poke|p2|Victini|
|teampreview
|
|t:|1666112414
|start
|switch|p1a: Toothless|Dragapult, M|100/100
|switch|p2a: Sudowoodo|Sudowoodo, F|100/100
|turn|1
|
|t:|1666112417
|move|p2a: Sudowoodo|Sucker Punch|p1a: Toothless
|-supereffective|p1a: Toothless
|-damage|p1a: Toothless|15/100
|move|p1a: Toothless|U-turn|p2a: Sudowoodo
|-damage|p2a: Sudowoodo|80/100
|
|t:|1666112420
|switch|p1a: Samehada|Garchomp, M|100/100|[from]move: U-turn
|
|upkeep
|turn|2
|
|t:|1666112423
|switch|p2a: Rillaboom|Rillaboom, F|100/100
|-fieldstart|move: Grassy Terrain|[from] ability: Grassy Surge|[of] p2a: Rillaboom
|move|p1a: Samehada|Earthquake|p2a: Rillaboom
|-resisted|p2a: Rillaboom
|-damage|p2a: Rillaboom|87/100
|
|-heal|p2a: Rillaboom|93/100|[from] Grassy Terrain
|upkeep
|turn|3
|
|t:|1666112427
|move|p1a: Samehada|Fire Fang|p2a: Rillaboom
|-supereffective|p2a: Rillaboom
|-damage|p2a: Rillaboom|43/100
|move|p2a: Rillaboom|U-turn|p1a: Samehada
|-damage|p1a: Samehada|61/100
|-damage|p2a: Rillaboom|30/100|[from] ability: Rough Skin|[of] p1a: Samehada
|
|t:|1666112435
|switch|p2a: Victini|Victini|100/100|[from]move: U-turn
|
|-heal|p1a: Samehada|67/100|[from] Grassy Terrain
|-heal|p1a: Samehada|73/100|[from] item: Leftovers
|upkeep
|turn|4
|
|t:|1666112442
|switch|p1a: Abomination|Ferrothorn, M|100/100
|move|p2a: Victini|Glaciate|p1a: Abomination
|-damage|p1a: Abomination|88/100
|-unboost|p1a: Abomination|spe|1
|
|-heal|p1a: Abomination|94/100|[from] Grassy Terrain
|upkeep
|turn|5
|
|t:|1666112444
|switch|p1a: Hephaestus|Heatran, M|100/100
|-item|p1a: Hephaestus|Air Balloon
|move|p2a: Victini|Glaciate|p1a: Hephaestus
|-resisted|p1a: Hephaestus
|-crit|p1a: Hephaestus
|-damage|p1a: Hephaestus|96/100
|-unboost|p1a: Hephaestus|spe|1
|-enditem|p1a: Hephaestus|Air Balloon
|
|-heal|p1a: Hephaestus|100/100|[from] Grassy Terrain
|upkeep
|turn|6
|
|t:|1666112447
|move|p2a: Victini|U-turn|p1a: Hephaestus
|-resisted|p1a: Hephaestus
|-damage|p1a: Hephaestus|96/100
|
|t:|1666112451
|switch|p2a: Garchomp|Garchomp, M|100/100|[from]move: U-turn
|move|p1a: Hephaestus|Stealth Rock|p2a: Garchomp
|-sidestart|p2: Huskothy|move: Stealth Rock
|
|-heal|p1a: Hephaestus|100/100|[from] Grassy Terrain
|-fieldend|move: Grassy Terrain
|upkeep
|turn|7
|
|t:|1666112454
|switch|p1a: Toothless|Dragapult, M|15/100
|move|p2a: Garchomp|Swords Dance|p2a: Garchomp
|-boost|p2a: Garchomp|atk|2
|
|upkeep
|turn|8
|
|t:|1666112456
|switch|p2a: Mandibuzz|Mandibuzz, F|100/100
|move|p1a: Toothless|Dragon Darts|p2a: Mandibuzz
|-damage|p2a: Mandibuzz|87/100
|-anim|p1a: Toothless|Dragon Darts|p2a: Mandibuzz
|-damage|p2a: Mandibuzz|73/100
|
|upkeep
|turn|9
|
|t:|1666112460
|move|p1a: Toothless|U-turn|p2a: Mandibuzz
|-damage|p2a: Mandibuzz|60/100
|
|t:|1666112462
|switch|p1a: Majinn|Clefable, M|100/100|[from]move: U-turn
|move|p2a: Mandibuzz|Roost|p2a: Mandibuzz
|-heal|p2a: Mandibuzz|100/100
|-singleturn|p2a: Mandibuzz|move: Roost
|
|upkeep
|turn|10
|
|t:|1666112465
|move|p2a: Mandibuzz|Defog|p1a: Majinn
|-unboost|p1a: Majinn|evasion|1
|-sideend|p2: Huskothy|Stealth Rock|[from] move: Defog|[of] p2a: Mandibuzz
|move|p1a: Majinn|Thunder Wave|p2a: Mandibuzz
|-status|p2a: Mandibuzz|par
|
|upkeep
|turn|11
|
|t:|1666112469
|switch|p2a: Victini|Victini|100/100
|move|p1a: Majinn|Moonblast|p2a: Victini
|-resisted|p2a: Victini
|-damage|p2a: Victini|85/100
|-unboost|p2a: Victini|spa|1
|
|upkeep
|turn|12
|
|t:|1666112472
|move|p2a: Victini|U-turn|p1a: Majinn
|-resisted|p1a: Majinn
|-damage|p1a: Majinn|91/100
|
|t:|1666112475
|switch|p2a: Sudowoodo|Sudowoodo, F|80/100|[from]move: U-turn
|move|p1a: Majinn|Soft-Boiled|p1a: Majinn
|-heal|p1a: Majinn|100/100
|
|upkeep
|turn|13
|
|t:|1666112485
|move|p2a: Sudowoodo|Head Smash|p1a: Majinn
|-damage|p1a: Majinn|0 fnt
|faint|p1a: Majinn
|
|upkeep
|
|t:|1666112489
|switch|p1a: Samehada|Garchomp, M|73/100
|turn|14
|
|t:|1666112495
|switch|p2a: Mandibuzz|Mandibuzz, F|100/100 par
|move|p1a: Samehada|Earthquake|p2a: Mandibuzz
|-immune|p2a: Mandibuzz
|
|-heal|p1a: Samehada|79/100|[from] item: Leftovers
|upkeep
|turn|15
|
|t:|1666112497
|switch|p1a: Abomination|Ferrothorn, M|94/100
|cant|p2a: Mandibuzz|par
|
|upkeep
|turn|16
|
|t:|1666112500
|switch|p2a: Victini|Victini|85/100
|move|p1a: Abomination|Spikes|p2a: Victini
|-sidestart|p2: Huskothy|Spikes
|
|upkeep
|turn|17
|
|t:|1666112503
|switch|p1a: Hephaestus|Heatran, M|100/100
|move|p2a: Victini|U-turn|p1a: Hephaestus
|-resisted|p1a: Hephaestus
|-damage|p1a: Hephaestus|96/100
|
|t:|1666112505
|switch|p2a: Garchomp|Garchomp, M|100/100|[from]move: U-turn
|-damage|p2a: Garchomp|88/100|[from] Spikes
|
|upkeep
|turn|18
|
|t:|1666112518
|switch|p1a: Bolt|Zapdos|100/100
|move|p2a: Garchomp|Stealth Rock|p1a: Bolt
|-sidestart|p1: Steez Ibanez|move: Stealth Rock
|
|upkeep
|turn|19
|
|t:|1666112521
|move|p2a: Garchomp|Swords Dance|p2a: Garchomp
|-boost|p2a: Garchomp|atk|2
|move|p1a: Bolt|Toxic|p2a: Garchomp
|-status|p2a: Garchomp|tox
|
|-damage|p2a: Garchomp|82/100 tox|[from] psn
|upkeep
|turn|20
|
|t:|1666112538
|move|p2a: Garchomp|Stone Edge|p1a: Bolt
|-supereffective|p1a: Bolt
|-crit|p1a: Bolt
|-damage|p1a: Bolt|0 fnt
|faint|p1a: Bolt
|
|-damage|p2a: Garchomp|70/100 tox|[from] psn
|upkeep
|
|t:|1666112541
|switch|p1a: Toothless|Dragapult, M|15/100
|turn|21
|
|t:|1666112544
|switch|p2a: Mandibuzz|Mandibuzz, F|100/100 par
|move|p1a: Toothless|Dragon Darts|p2a: Mandibuzz
|-damage|p2a: Mandibuzz|86/100 par
|-anim|p1a: Toothless|Dragon Darts|p2a: Mandibuzz
|-damage|p2a: Mandibuzz|71/100 par
|
|upkeep
|turn|22
|
|t:|1666112546
|move|p1a: Toothless|Dragon Darts|p2a: Mandibuzz
|-damage|p2a: Mandibuzz|58/100 par
|-anim|p1a: Toothless|Dragon Darts|p2a: Mandibuzz
|-damage|p2a: Mandibuzz|44/100 par
|move|p2a: Mandibuzz|Foul Play|p1a: Toothless
|-supereffective|p1a: Toothless
|-damage|p1a: Toothless|0 fnt
|faint|p1a: Toothless
|
|upkeep
|
|t:|1666112549
|switch|p1a: Hephaestus|Heatran, M|96/100
|-damage|p1a: Hephaestus|83/100|[from] Stealth Rock
|turn|23
|
|t:|1666112553
|move|p1a: Hephaestus|Eruption|p2a: Mandibuzz
|-damage|p2a: Mandibuzz|0 fnt
|faint|p2a: Mandibuzz
|
|upkeep
|j| lags
|
|t:|1666112555
|switch|p2a: Garchomp|Garchomp, M|70/100 tox
|-damage|p2a: Garchomp|57/100 tox|[from] Spikes
|turn|24
|l| lags
|
|t:|1666112557
|switch|p1a: Abomination|Ferrothorn, M|94/100
|-damage|p1a: Abomination|88/100|[from] Stealth Rock
|move|p2a: Garchomp|Earthquake|p1a: Abomination
|-damage|p1a: Abomination|59/100
|
|-damage|p2a: Garchomp|51/100 tox|[from] psn
|upkeep
|turn|25
|
|t:|1666112565
|move|p2a: Garchomp|Earthquake|p1a: Abomination
|-damage|p1a: Abomination|30/100
|move|p1a: Abomination|Gyro Ball|p2a: Garchomp
|-damage|p2a: Garchomp|5/100 tox
|-damage|p1a: Abomination|18/100|[from] ability: Rough Skin|[of] p2a: Garchomp
|
|-damage|p2a: Garchomp|0 fnt|[from] psn
|faint|p2a: Garchomp
|upkeep
|
|t:|1666112585
|switch|p2a: Sudowoodo|Sudowoodo, F|80/100
|-damage|p2a: Sudowoodo|67/100|[from] Spikes
|turn|26
|
|t:|1666112591
|switch|p1a: Samehada|Garchomp, M|79/100
|-damage|p1a: Samehada|73/100|[from] Stealth Rock
|move|p2a: Sudowoodo|Head Smash|p1a: Samehada
|-resisted|p1a: Samehada
|-damage|p1a: Samehada|20/100
|-damage|p2a: Sudowoodo|55/100|[from] ability: Rough Skin|[of] p1a: Samehada
|
|-heal|p1a: Samehada|27/100|[from] item: Leftovers
|upkeep
|turn|27
|
|t:|1666112607
|switch|p2a: Tapu Fini|Tapu Fini|100/100
|-damage|p2a: Tapu Fini|88/100|[from] Spikes
|-fieldstart|move: Misty Terrain|[from] ability: Misty Surge|[of] p2a: Tapu Fini
|move|p1a: Samehada|Earthquake|p2a: Tapu Fini
|-damage|p2a: Tapu Fini|49/100
|
|-heal|p1a: Samehada|33/100|[from] item: Leftovers
|upkeep
|turn|28
|
|t:|1666112617
|switch|p1a: Hephaestus|Heatran, M|83/100
|-damage|p1a: Hephaestus|71/100|[from] Stealth Rock
|switch|p2a: Rillaboom|Rillaboom, F|30/100
|-damage|p2a: Rillaboom|18/100|[from] Spikes
|-fieldstart|move: Grassy Terrain|[from] ability: Grassy Surge|[of] p2a: Rillaboom
|
|-heal|p2a: Rillaboom|24/100|[from] Grassy Terrain
|-heal|p1a: Hephaestus|77/100|[from] Grassy Terrain
|upkeep
|turn|29
|
|t:|1666112621
|switch|p2a: Victini|Victini|85/100
|switch|p1a: Abomination|Ferrothorn, M|18/100
|-damage|p1a: Abomination|12/100|[from] Stealth Rock
|
|-heal|p2a: Victini|91/100|[from] Grassy Terrain
|-heal|p1a: Abomination|18/100|[from] Grassy Terrain
|upkeep
|turn|30
|
|t:|1666112625
|switch|p1a: Hephaestus|Heatran, M|77/100
|-damage|p1a: Hephaestus|65/100|[from] Stealth Rock
|move|p2a: Victini|V-create|p1a: Hephaestus
|-start|p1a: Hephaestus|ability: Flash Fire
|
|-heal|p2a: Victini|97/100|[from] Grassy Terrain
|-heal|p1a: Hephaestus|71/100|[from] Grassy Terrain
|upkeep
|turn|31
|j| Hiker Holber
|l| Hiker Holber
|
|t:|1666112629
|move|p2a: Victini|Bolt Strike|p1a: Hephaestus
|-damage|p1a: Hephaestus|34/100
|move|p1a: Hephaestus|Stealth Rock|p2a: Victini
|-sidestart|p2: Huskothy|move: Stealth Rock
|
|-heal|p2a: Victini|100/100|[from] Grassy Terrain
|-heal|p1a: Hephaestus|40/100|[from] Grassy Terrain
|upkeep
|turn|32
|
|t:|1666112633
|move|p2a: Victini|Bolt Strike|p1a: Hephaestus|[miss]
|-miss|p2a: Victini|p1a: Hephaestus
|move|p1a: Hephaestus|Earth Power|p2a: Victini
|-supereffective|p2a: Victini
|-damage|p2a: Victini|30/100
|
|-heal|p2a: Victini|36/100|[from] Grassy Terrain
|-heal|p1a: Hephaestus|46/100|[from] Grassy Terrain
|-fieldend|move: Grassy Terrain
|upkeep
|turn|33
|
|t:|1666112636
|move|p2a: Victini|Glaciate|p1a: Hephaestus
|-resisted|p1a: Hephaestus
|-damage|p1a: Hephaestus|43/100
|-unboost|p1a: Hephaestus|spe|1
|move|p1a: Hephaestus|Earth Power|p2a: Victini
|-supereffective|p2a: Victini
|-damage|p2a: Victini|0 fnt
|faint|p2a: Victini
|
|upkeep
|
|t:|1666112642
|switch|p2a: Tapu Fini|Tapu Fini|49/100
|-damage|p2a: Tapu Fini|36/100|[from] Spikes
|-damage|p2a: Tapu Fini|24/100|[from] Stealth Rock
|-fieldstart|move: Misty Terrain|[from] ability: Misty Surge|[of] p2a: Tapu Fini
|turn|34
|
|t:|1666112647
|move|p2a: Tapu Fini|Scald|p1a: Hephaestus
|-supereffective|p1a: Hephaestus
|-crit|p1a: Hephaestus
|-damage|p1a: Hephaestus|0 fnt
|faint|p1a: Hephaestus
|
|upkeep
|
|t:|1666112649
|switch|p1a: Abomination|Ferrothorn, M|18/100
|-damage|p1a: Abomination|12/100|[from] Stealth Rock
|turn|35
|
|t:|1666112651
|move|p2a: Tapu Fini|Scald|p1a: Abomination
|-resisted|p1a: Abomination
|-damage|p1a: Abomination|0 fnt
|faint|p1a: Abomination
|
|upkeep
|
|t:|1666112654
|switch|p1a: Samehada|Garchomp, M|33/100
|-damage|p1a: Samehada|27/100|[from] Stealth Rock
|turn|36
|
|t:|1666112656
|move|p1a: Samehada|Earthquake|p2a: Tapu Fini
|-damage|p2a: Tapu Fini|0 fnt
|faint|p2a: Tapu Fini
|
|-heal|p1a: Samehada|33/100|[from] item: Leftovers
|upkeep
|
|t:|1666112657
|switch|p2a: Rillaboom|Rillaboom, F|24/100
|-damage|p2a: Rillaboom|12/100|[from] Spikes
|-damage|p2a: Rillaboom|0 fnt|[from] Stealth Rock
|faint|p2a: Rillaboom
|
|t:|1666112659
|switch|p2a: Sudowoodo|Sudowoodo, F|55/100
|-damage|p2a: Sudowoodo|42/100|[from] Spikes
|-damage|p2a: Sudowoodo|30/100|[from] Stealth Rock
|turn|37
|
|t:|1666112663
|move|p1a: Samehada|Swords Dance|p1a: Samehada
|-boost|p1a: Samehada|atk|2
|move|p2a: Sudowoodo|Wood Hammer|p1a: Samehada
|-damage|p1a: Samehada|0 fnt
|-damage|p2a: Sudowoodo|18/100|[from] ability: Rough Skin|[of] p1a: Samehada
|faint|p1a: Samehada
|
|win|Huskothy
|raw|Steez Ibanez's rating: 1779 &rarr; <strong>1757</strong><br />(-22 for losing)
|raw|Huskothy's rating: 1747 &rarr; <strong>1769</strong><br />(+22 for winning)
|c|☆Huskothy|gg
|c|☆Steez Ibanez|gg
|l|☆Steez Ibanez
||Ladder isn't responding, score probably updated but might not have (Request timeout).
