|j|☆Draco09876
|j|☆cten
|t:|1603129319
|player|p1|Draco09876|2|1222
|player|p2|cten|swimmer-gen4dp|1294
|teamsize|p1|6
|teamsize|p2|6
|gametype|singles
|gen|8
|tier|[Gen 8] OU
|rated|
|clearpoke
|poke|p1|Scizor, M|
|poke|p1|Tyranitar, F|
|poke|p1|Dragapult, M|
|poke|p1|Clefable, F|
|poke|p1|Primarina, M|
|poke|p1|Zeraora|
|poke|p2|Torkoal, F|
|poke|p2|Ninetales, M|
|poke|p2|Charizard, F|
|poke|p2|Leafeon, M|
|poke|p2|Shiftry, M|
|poke|p2|Venusaur, M|
|rule|Sleep Clause Mod: Limit one foe put to sleep
|rule|Species Clause: Limit one of each Pokémon
|rule|OHKO Clause: OHKO moves are banned
|rule|Evasion Moves Clause: Evasion moves are banned
|rule|Endless Battle Clause: Forcing endless battles is banned
|rule|HP Percentage Mod: HP is shown in percentages
|rule|Dynamax Clause: You cannot dynamax
|teampreview
|
|t:|1603129333
|start
|switch|p1a: Dragapult|Dragapult, M, shiny|100/100
|switch|p2a: Torkoal|Torkoal, F|100/100
|-weather|SunnyDay|[from] ability: Drought|[of] p2a: Torkoal
|turn|1
|
|t:|1603129341
|move|p1a: Dragapult|Draco Meteor|p2a: Torkoal
|-damage|p2a: Torkoal|0 fnt
|-unboost|p1a: Dragapult|spa|2
|faint|p2a: Torkoal
|
|-weather|SunnyDay|[upkeep]
|upkeep
|
|t:|1603129347
|switch|p2a: Shiftry|Shiftry, M|100/100
|turn|2
|
|t:|1603129353
|switch|p1a: Tyranitar|Tyranitar, F|100/100
|-weather|Sandstorm|[from] ability: Sand Stream|[of] p1a: Tyranitar
|move|p2a: Shiftry|Brick Break|p1a: Tyranitar
|-supereffective|p1a: Tyranitar
|-damage|p1a: Tyranitar|0 fnt
|-damage|p2a: Shiftry|91/100|[from] item: Life Orb
|faint|p1a: Tyranitar
|
|-weather|Sandstorm|[upkeep]
|-damage|p2a: Shiftry|84/100|[from] Sandstorm
|upkeep
|
|t:|1603129376
|switch|p1a: Bullethead|Scizor, M, shiny|100/100
|turn|3
|
|t:|1603129386
|switch|p2a: Ninetales|Ninetales, M|100/100
|-weather|SunnyDay|[from] ability: Drought|[of] p2a: Ninetales
|switch|p1a: Mugiwara|Zeraora|100/100
|
|-weather|SunnyDay|[upkeep]
|upkeep
|turn|4
|
|t:|1603129397
|switch|p2a: Leafeon|Leafeon, M|100/100
|move|p1a: Mugiwara|Knock Off|p2a: Leafeon
|-damage|p2a: Leafeon|59/100
|-enditem|p2a: Leafeon|Choice Band|[from] move: Knock Off|[of] p1a: Mugiwara
|-damage|p1a: Mugiwara|91/100|[from] item: Life Orb
|
|-weather|SunnyDay|[upkeep]
|upkeep
|turn|5
|
|t:|1603129413
|move|p2a: Leafeon|Knock Off|p1a: Mugiwara
|-damage|p1a: Mugiwara|45/100
|-enditem|p1a: Mugiwara|Life Orb|[from] move: Knock Off|[of] p2a: Leafeon
|move|p1a: Mugiwara|Plasma Fists|p2a: Leafeon
|-resisted|p2a: Leafeon
|-damage|p2a: Leafeon|37/100
|-fieldactivate|move: Ion Deluge
|
|-weather|SunnyDay|[upkeep]
|upkeep
|turn|6
|
|t:|1603129438
|switch|p1a: Bullethead|Scizor, M, shiny|100/100
|move|p2a: Leafeon|Solar Blade||[still]
|-prepare|p2a: Leafeon|Solar Blade
|-anim|p2a: Leafeon|Solar Blade|p1a: Bullethead
|-resisted|p1a: Bullethead
|-damage|p1a: Bullethead|86/100
|
|-weather|SunnyDay|[upkeep]
|upkeep
|turn|7
|
|t:|1603129449
|switch|p2a: Venusaur|Venusaur, M|100/100
|move|p1a: Bullethead|Bullet Punch|p2a: Venusaur
|-damage|p2a: Venusaur|38/100
|-damage|p1a: Bullethead|76/100|[from] item: Life Orb
|
|-weather|SunnyDay|[upkeep]
|upkeep
|turn|8
|
|t:|1603129462
|switch|p2a: Ninetales|Ninetales, M|100/100
|move|p1a: Bullethead|Bug Bite|p2a: Ninetales
|-resisted|p2a: Ninetales
|-damage|p2a: Ninetales|48/100
|-damage|p1a: Bullethead|66/100|[from] item: Life Orb
|
|-weather|SunnyDay|[upkeep]
|upkeep
|turn|9
|
|t:|1603129476
|switch|p2a: Venusaur|Venusaur, M|38/100
|switch|p1a: Clefy|Clefable, F, shiny|100/100
|
|-weather|SunnyDay|[upkeep]
|upkeep
|turn|10
|
|t:|1603129485
|move|p2a: Venusaur|Weather Ball|p1a: Clefy
|-damage|p1a: Clefy|69/100
|move|p1a: Clefy|Thunder Wave|p2a: Venusaur
|-status|p2a: Venusaur|par
|
|-weather|none
|-heal|p1a: Clefy|75/100|[from] item: Leftovers
|upkeep
|turn|11
|
|t:|1603129496
|switch|p1a: Bullethead|Scizor, M, shiny|66/100
|switch|p2a: Ninetales|Ninetales, M|48/100
|-weather|SunnyDay|[from] ability: Drought|[of] p2a: Ninetales
|
|-weather|SunnyDay|[upkeep]
|upkeep
|turn|12
|
|t:|1603129504
|switch|p2a: Venusaur|Venusaur, M|38/100 par
|move|p1a: Bullethead|Bullet Punch|p2a: Venusaur
|-damage|p2a: Venusaur|0 fnt
|-damage|p1a: Bullethead|56/100|[from] item: Life Orb
|faint|p2a: Venusaur
|
|-weather|SunnyDay|[upkeep]
|upkeep
|
|t:|1603129510
|switch|p2a: Charizard|Charizard, F|100/100
|turn|13
|
|t:|1603129525
|switch|p1a: Clefy|Clefable, F, shiny|75/100
|move|p2a: Charizard|Weather Ball|p1a: Clefy
|-damage|p1a: Clefy|0 fnt
|faint|p1a: Clefy
|
|-weather|SunnyDay|[upkeep]
|-damage|p2a: Charizard|88/100|[from] ability: Solar Power|[of] p2a: Charizard
|upkeep
|
|t:|1603129533
|switch|p1a: Mugiwara|Zeraora|45/100
|turn|14
|
|t:|1603129537
|switch|p2a: Leafeon|Leafeon, M|37/100
|move|p1a: Mugiwara|Plasma Fists|p2a: Leafeon
|-resisted|p2a: Leafeon
|-damage|p2a: Leafeon|12/100
|-fieldactivate|move: Ion Deluge
|
|-weather|SunnyDay|[upkeep]
|upkeep
|turn|15
|
|t:|1603129545
|switch|p1a: Bullethead|Scizor, M, shiny|56/100
|move|p2a: Leafeon|Copycat|p2a: Leafeon
|move|p2a: Leafeon|Plasma Fists|p1a: Bullethead|[from]Copycat
|-damage|p1a: Bullethead|19/100
|-fieldactivate|move: Ion Deluge
|
|-weather|SunnyDay|[upkeep]
|upkeep
|turn|16
|
|t:|1603129562
|move|p1a: Bullethead|Bullet Punch|p2a: Leafeon
|-damage|p2a: Leafeon|0 fnt
|-damage|p1a: Bullethead|10/100|[from] item: Life Orb
|faint|p2a: Leafeon
|
|-weather|SunnyDay|[upkeep]
|upkeep
|
|t:|1603129568
|switch|p2a: Charizard|Charizard, F|88/100
|turn|17
|
|t:|1603129572
|move|p1a: Bullethead|Bullet Punch|p2a: Charizard
|-resisted|p2a: Charizard
|-crit|p2a: Charizard
|-damage|p2a: Charizard|44/100
|-damage|p1a: Bullethead|0 fnt|[from] item: Life Orb
|faint|p1a: Bullethead
|move|p2a: Charizard|Weather Ball|p1: Bullethead|[notarget]
|-fail|p2a: Charizard
|
|-weather|SunnyDay|[upkeep]
|-damage|p2a: Charizard|31/100|[from] ability: Solar Power|[of] p2a: Charizard
|upkeep
|
|t:|1603129584
|switch|p1a: Mugiwara|Zeraora|45/100
|turn|18
|
|t:|1603129590
|move|p1a: Mugiwara|Knock Off|p2a: Charizard
|-damage|p2a: Charizard|0 fnt
|-enditem|p2a: Charizard|Choice Specs|[from] move: Knock Off|[of] p1a: Mugiwara
|faint|p2a: Charizard
|
|-weather|none
|upkeep
|
|t:|1603129594
|switch|p2a: Ninetales|Ninetales, M|48/100
|-weather|SunnyDay|[from] ability: Drought|[of] p2a: Ninetales
|turn|19
|
|t:|1603129600
|move|p1a: Mugiwara|Knock Off|p2a: Ninetales
|-damage|p2a: Ninetales|2/100
|-enditem|p2a: Ninetales|Heat Rock|[from] move: Knock Off|[of] p1a: Mugiwara
|move|p2a: Ninetales|Memento|p1a: Mugiwara
|-unboost|p1a: Mugiwara|atk|2
|-unboost|p1a: Mugiwara|spa|2
|faint|p2a: Ninetales
|
|-weather|SunnyDay|[upkeep]
|upkeep
|
|t:|1603129603
|switch|p2a: Shiftry|Shiftry, M|84/100
|turn|20
|
|t:|1603129618
|move|p2a: Shiftry|Solar Blade||[still]
|-prepare|p2a: Shiftry|Solar Blade
|-anim|p2a: Shiftry|Solar Blade|p1a: Mugiwara
|-damage|p1a: Mugiwara|0 fnt
|-damage|p2a: Shiftry|74/100|[from] item: Life Orb
|faint|p1a: Mugiwara
|
|-weather|SunnyDay|[upkeep]
|upkeep
|
|t:|1603129649
|switch|p1a: Primarina|Primarina, M|100/100
|turn|21
|
|t:|1603129657
|move|p2a: Shiftry|Solar Blade||[still]
|-prepare|p2a: Shiftry|Solar Blade
|-anim|p2a: Shiftry|Solar Blade|p1a: Primarina
|-supereffective|p1a: Primarina
|-damage|p1a: Primarina|0 fnt
|-damage|p2a: Shiftry|64/100|[from] item: Life Orb
|faint|p1a: Primarina
|
|-weather|SunnyDay|[upkeep]
|upkeep
|
|t:|1603129664
|switch|p1a: Dragapult|Dragapult, M, shiny|100/100
|turn|22
|
|t:|1603129671
|move|p2a: Shiftry|Knock Off|p1a: Dragapult
|-supereffective|p1a: Dragapult
|-crit|p1a: Dragapult
|-damage|p1a: Dragapult|0 fnt
|-enditem|p1a: Dragapult|Choice Specs|[from] move: Knock Off|[of] p2a: Shiftry
|-damage|p2a: Shiftry|54/100|[from] item: Life Orb
|faint|p1a: Dragapult
|
|win|cten
