|j|☆IMSOMALD
|j|☆ryumi
|t:|1635599401
|gametype|singles
|player|p1|IMSOMALD|n|1459
|player|p2|ryumi|palmer|1497
|teamsize|p1|6
|teamsize|p2|6
|gen|8
|tier|[Gen 8] OU
|rated|
|rule|Sleep Clause Mod: Limit one foe put to sleep
|rule|Species Clause: Limit one of each Pokémon
|rule|OHKO Clause: OHKO moves are banned
|rule|Evasion Moves Clause: Evasion moves are banned
|rule|Endless Battle Clause: Forcing endless battles is banned
|rule|HP Percentage Mod: HP is shown in percentages
|rule|Dynamax Clause: You cannot dynamax
|clearpoke
|poke|p1|Zapdos-Galar|
|poke|p1|Dragapult, M|
|poke|p1|Volcarona, M|
|poke|p1|Garchomp, M|
|poke|p1|Ferrothorn, F|
|poke|p1|Tapu Fini|
|poke|p2|Kartana|
|poke|p2|Mew|
|poke|p2|Rillaboom, F|
|poke|p2|Landorus-Therian, M|
|poke|p2|Corviknight, F|
|poke|p2|Clefable, F|
|teampreview
|inactive|Battle timer is ON: inactive players will automatically lose when time's up. (requested by IMSOMALD)
|
|t:|1635599419
|start
|switch|p1a: Zapdos|Zapdos-Galar|100/100
|switch|p2a: Landorus|Landorus-Therian, M|100/100
|-ability|p2a: Landorus|Intimidate|boost
|-unboost|p1a: Zapdos|atk|1
|-ability|p1a: Zapdos|Defiant
|-boost|p1a: Zapdos|atk|2
|turn|1
|
|t:|1635599430
|switch|p2a: Corviknight|Corviknight, F|100/100
|-ability|p2a: Corviknight|Pressure
|move|p1a: Zapdos|Brave Bird|p2a: Corviknight
|-resisted|p2a: Corviknight
|-damage|p2a: Corviknight|56/100
|-damage|p1a: Zapdos|84/100|[from] item: Rocky Helmet|[of] p2a: Corviknight
|-damage|p1a: Zapdos|66/100|[from] Recoil
|
|upkeep
|turn|2
|
|t:|1635599446
|switch|p1a: Dragapult|Dragapult, M|100/100
|move|p2a: Corviknight|Roost|p2a: Corviknight
|-heal|p2a: Corviknight|100/100
|-singleturn|p2a: Corviknight|move: Roost
|
|upkeep
|turn|3
|
|t:|1635599451
|switch|p2a: Clefable|Clefable, F|100/100
|move|p1a: Dragapult|Shadow Ball|p2a: Clefable
|-damage|p2a: Clefable|65/100
|
|-heal|p2a: Clefable|71/100|[from] item: Leftovers
|upkeep
|turn|4
|
|t:|1635599471
|switch|p1a: Ferrothorn|Ferrothorn, F|100/100
|move|p2a: Clefable|Thunder Wave|p1a: Ferrothorn
|-status|p1a: Ferrothorn|par
|
|-heal|p2a: Clefable|77/100|[from] item: Leftovers
|upkeep
|turn|5
|
|t:|1635599478
|switch|p2a: Mew|Mew|100/100
|move|p1a: Ferrothorn|Knock Off|p2a: Mew
|-supereffective|p2a: Mew
|-damage|p2a: Mew|61/100
|-enditem|p2a: Mew|Expert Belt|[from] move: Knock Off|[of] p1a: Ferrothorn
|
|upkeep
|turn|6
|
|t:|1635599484
|switch|p1a: Tapu Fini|Tapu Fini|100/100
|-fieldstart|move: Misty Terrain|[from] ability: Misty Surge|[of] p1a: Tapu Fini
|move|p2a: Mew|Nasty Plot|p2a: Mew
|-boost|p2a: Mew|spa|2
|
|upkeep
|turn|7
|
|t:|1635599489
|move|p2a: Mew|Psychic|p1a: Tapu Fini
|-damage|p1a: Tapu Fini|52/100
|move|p1a: Tapu Fini|Moonblast|p2a: Mew
|-damage|p2a: Mew|27/100
|
|-heal|p1a: Tapu Fini|59/100|[from] item: Leftovers
|upkeep
|turn|8
|
|t:|1635599495
|move|p2a: Mew|Psychic|p1a: Tapu Fini
|-damage|p1a: Tapu Fini|9/100
|move|p1a: Tapu Fini|Moonblast|p2a: Mew
|-damage|p2a: Mew|0 fnt
|faint|p2a: Mew
|
|-heal|p1a: Tapu Fini|15/100|[from] item: Leftovers
|upkeep
|
|t:|1635599500
|switch|p2a: Kartana|Kartana|100/100
|turn|9
|
|t:|1635599508
|switch|p1a: Garchomp|Garchomp, M|100/100
|move|p2a: Kartana|Sacred Sword|p1a: Garchomp
|-damage|p1a: Garchomp|75/100
|-damage|p2a: Kartana|88/100|[from] ability: Rough Skin|[of] p1a: Garchomp
|-damage|p2a: Kartana|72/100|[from] item: Rocky Helmet|[of] p1a: Garchomp
|
|upkeep
|turn|10
|
|t:|1635599515
|switch|p2a: Landorus|Landorus-Therian, M|100/100
|-ability|p2a: Landorus|Intimidate|boost
|-unboost|p1a: Garchomp|atk|1
|move|p1a: Garchomp|Stealth Rock|p2a: Landorus
|-sidestart|p2: ryumi|move: Stealth Rock
|
|-fieldend|Misty Terrain
|upkeep
|turn|11
|
|t:|1635599526
|switch|p1a: Zapdos|Zapdos-Galar|66/100
|move|p2a: Landorus|Stealth Rock|p1a: Zapdos
|-sidestart|p1: IMSOMALD|move: Stealth Rock
|
|upkeep
|turn|12
|
|t:|1635599537
|move|p1a: Zapdos|Brave Bird|p2a: Landorus
|-damage|p2a: Landorus|32/100
|-damage|p1a: Zapdos|39/100|[from] Recoil
|move|p2a: Landorus|Toxic|p1a: Zapdos|[miss]
|-miss|p2a: Landorus|p1a: Zapdos
|
|-heal|p2a: Landorus|38/100|[from] item: Leftovers
|upkeep
|turn|13
|
|t:|1635599543
|switch|p2a: Corviknight|Corviknight, F|100/100
|-damage|p2a: Corviknight|88/100|[from] Stealth Rock
|-ability|p2a: Corviknight|Pressure
|move|p1a: Zapdos|Brave Bird|p2a: Corviknight
|-resisted|p2a: Corviknight
|-damage|p2a: Corviknight|63/100
|-damage|p1a: Zapdos|23/100|[from] item: Rocky Helmet|[of] p2a: Corviknight
|-damage|p1a: Zapdos|12/100|[from] Recoil
|
|upkeep
|turn|14
|
|t:|1635599555
|switch|p1a: Dragapult|Dragapult, M|100/100
|-damage|p1a: Dragapult|88/100|[from] Stealth Rock
|move|p2a: Corviknight|Defog|p1a: Dragapult
|-unboost|p1a: Dragapult|evasion|1
|-sideend|p1: IMSOMALD|Stealth Rock|[from] move: Defog|[of] p2a: Corviknight
|-sideend|p2: ryumi|Stealth Rock|[from] move: Defog|[of] p2a: Corviknight
|
|upkeep
|turn|15
|
|t:|1635599563
|switch|p2a: Clefable|Clefable, F|77/100
|move|p1a: Dragapult|Shadow Ball|p2a: Clefable
|-damage|p2a: Clefable|45/100
|
|-heal|p2a: Clefable|51/100|[from] item: Leftovers
|upkeep
|turn|16
|
|t:|1635599575
|move|p1a: Dragapult|Shadow Ball|p2a: Clefable
|-damage|p2a: Clefable|16/100
|move|p2a: Clefable|Soft-Boiled|p2a: Clefable
|-heal|p2a: Clefable|66/100
|
|-heal|p2a: Clefable|73/100|[from] item: Leftovers
|upkeep
|turn|17
|
|t:|1635599581
|switch|p1a: Ferrothorn|Ferrothorn, F|100/100 par
|move|p2a: Clefable|Soft-Boiled|p2a: Clefable
|-heal|p2a: Clefable|100/100
|
|upkeep
|turn|18
|
|t:|1635599591
|switch|p2a: Corviknight|Corviknight, F|63/100
|-ability|p2a: Corviknight|Pressure
|move|p1a: Ferrothorn|Knock Off|p2a: Corviknight
|-damage|p2a: Corviknight|50/100
|-damage|p1a: Ferrothorn|84/100 par|[from] item: Rocky Helmet|[of] p2a: Corviknight
|-enditem|p2a: Corviknight|Rocky Helmet|[from] move: Knock Off|[of] p1a: Ferrothorn
|
|-heal|p1a: Ferrothorn|90/100 par|[from] item: Leftovers
|upkeep
|turn|19
|
|t:|1635599603
|move|p2a: Corviknight|U-turn|p1a: Ferrothorn
|-crit|p1a: Ferrothorn
|-damage|p1a: Ferrothorn|74/100 par
|-damage|p2a: Corviknight|38/100|[from] ability: Iron Barbs|[of] p1a: Ferrothorn
|
|t:|1635599611
|switch|p2a: Landorus|Landorus-Therian, M|38/100|[from]move: U-turn
|-ability|p2a: Landorus|Intimidate|boost
|-unboost|p1a: Ferrothorn|atk|1
|move|p1a: Ferrothorn|Leech Seed|p2a: Landorus
|-start|p2a: Landorus|move: Leech Seed
|
|-heal|p2a: Landorus|44/100|[from] item: Leftovers
|-heal|p1a: Ferrothorn|80/100 par|[from] item: Leftovers
|-damage|p2a: Landorus|32/100|[from] Leech Seed|[of] p1a: Ferrothorn
|-heal|p1a: Ferrothorn|93/100 par|[silent]
|upkeep
|turn|20
|inactive|IMSOMALD has 120 seconds left.
|
|t:|1635599661
|switch|p1a: Zapdos|Zapdos-Galar|12/100
|move|p2a: Landorus|Stealth Rock|p1a: Zapdos
|-sidestart|p1: IMSOMALD|move: Stealth Rock
|
|-heal|p2a: Landorus|38/100|[from] item: Leftovers
|-damage|p2a: Landorus|26/100|[from] Leech Seed|[of] p1a: Zapdos
|-heal|p1a: Zapdos|27/100|[silent]
|upkeep
|turn|21
|
|t:|1635599672
|switch|p2a: Corviknight|Corviknight, F|38/100
|-ability|p2a: Corviknight|Pressure
|move|p1a: Zapdos|Brave Bird|p2a: Corviknight
|-resisted|p2a: Corviknight
|-damage|p2a: Corviknight|11/100
|-damage|p1a: Zapdos|16/100|[from] Recoil
|
|upkeep
|turn|22
|
|t:|1635599682
|move|p1a: Zapdos|Brave Bird|p2a: Corviknight
|-resisted|p2a: Corviknight
|-damage|p2a: Corviknight|0 fnt
|faint|p2a: Corviknight
|-damage|p1a: Zapdos|11/100|[from] Recoil
|
|upkeep
|
|t:|1635599689
|switch|p2a: Kartana|Kartana|72/100
|turn|23
|
|t:|1635599697
|switch|p1a: Garchomp|Garchomp, M|75/100
|-damage|p1a: Garchomp|68/100|[from] Stealth Rock
|move|p2a: Kartana|Knock Off|p1a: Garchomp
|-damage|p1a: Garchomp|40/100
|-damage|p2a: Kartana|59/100|[from] ability: Rough Skin|[of] p1a: Garchomp
|-damage|p2a: Kartana|43/100|[from] item: Rocky Helmet|[of] p1a: Garchomp
|-enditem|p1a: Garchomp|Rocky Helmet|[from] move: Knock Off|[of] p2a: Kartana
|
|upkeep
|turn|24
|
|t:|1635599716
|switch|p2a: Rillaboom|Rillaboom, F|100/100
|-fieldstart|move: Grassy Terrain|[from] ability: Grassy Surge|[of] p2a: Rillaboom
|move|p1a: Garchomp|Stealth Rock|p2a: Rillaboom
|-sidestart|p2: ryumi|move: Stealth Rock
|
|-heal|p1a: Garchomp|46/100|[from] Grassy Terrain
|upkeep
|turn|25
|
|t:|1635599729
|move|p2a: Rillaboom|U-turn|p1a: Garchomp
|-damage|p1a: Garchomp|20/100
|-damage|p2a: Rillaboom|88/100|[from] ability: Rough Skin|[of] p1a: Garchomp
|
|t:|1635599735
|switch|p2a: Landorus|Landorus-Therian, M|26/100|[from]move: U-turn
|-damage|p2a: Landorus|13/100|[from] Stealth Rock
|-ability|p2a: Landorus|Intimidate|boost
|-unboost|p1a: Garchomp|atk|1
|move|p1a: Garchomp|Toxic|p2a: Landorus|[miss]
|-miss|p1a: Garchomp|p2a: Landorus
|
|-heal|p1a: Garchomp|26/100|[from] Grassy Terrain
|-heal|p2a: Landorus|19/100|[from] item: Leftovers
|upkeep
|turn|26
|inactive|IMSOMALD has 120 seconds left.
|
|t:|1635599770
|move|p1a: Garchomp|Toxic|p2a: Landorus
|-status|p2a: Landorus|tox
|move|p2a: Landorus|Toxic|p1a: Garchomp
|-status|p1a: Garchomp|tox
|
|-heal|p1a: Garchomp|32/100 tox|[from] Grassy Terrain
|-heal|p2a: Landorus|25/100 tox|[from] item: Leftovers
|-damage|p1a: Garchomp|26/100 tox|[from] psn
|-damage|p2a: Landorus|19/100 tox|[from] psn
|upkeep
|turn|27
|
|t:|1635599774
|move|p1a: Garchomp|Flamethrower|p2a: Landorus
|-damage|p2a: Landorus|4/100 tox
|move|p2a: Landorus|U-turn|p1a: Garchomp
|-damage|p1a: Garchomp|12/100 tox
|-damage|p2a: Landorus|0 fnt|[from] ability: Rough Skin|[of] p1a: Garchomp
|faint|p2a: Landorus
|
|-heal|p1a: Garchomp|18/100 tox|[from] Grassy Terrain
|-damage|p1a: Garchomp|6/100 tox|[from] psn
|upkeep
|
|t:|1635599781
|switch|p2a: Kartana|Kartana|43/100
|-damage|p2a: Kartana|36/100|[from] Stealth Rock
|turn|28
|inactive|IMSOMALD has 120 seconds left.
|
|t:|1635599793
|switch|p1a: Zapdos|Zapdos-Galar|11/100
|-damage|p1a: Zapdos|0 fnt|[from] Stealth Rock
|faint|p1a: Zapdos
|move|p2a: Kartana|Knock Off|p1: Zapdos|[notarget]
|-fail|p2a: Kartana
|
|-heal|p2a: Kartana|43/100|[from] Grassy Terrain
|-fieldend|move: Grassy Terrain
|upkeep
|inactive|IMSOMALD has 120 seconds left.
|
|t:|1635599821
|switch|p1a: Volcarona|Volcarona, M|100/100
|turn|29
|
|t:|1635599825
|move|p2a: Kartana|Knock Off|p1a: Volcarona
|-damage|p1a: Volcarona|57/100
|-enditem|p1a: Volcarona|Heavy-Duty Boots|[from] move: Knock Off|[of] p2a: Kartana
|move|p1a: Volcarona|Fiery Dance|p2a: Kartana
|-supereffective|p2a: Kartana
|-damage|p2a: Kartana|0 fnt
|faint|p2a: Kartana
|
|upkeep
|
|t:|1635599831
|switch|p2a: Clefable|Clefable, F|100/100
|turn|30
|inactive|IMSOMALD has 120 seconds left.
|
|t:|1635599836
|move|p1a: Volcarona|Roost|p1a: Volcarona
|-heal|p1a: Volcarona|100/100
|-singleturn|p1a: Volcarona|move: Roost
|move|p2a: Clefable|Thunder Wave|p1a: Volcarona
|-status|p1a: Volcarona|par
|
|upkeep
|turn|31
|
|t:|1635599841
|move|p2a: Clefable|Moonblast|p1a: Volcarona
|-resisted|p1a: Volcarona
|-damage|p1a: Volcarona|87/100 par
|-unboost|p1a: Volcarona|spa|1
|cant|p1a: Volcarona|par
|
|upkeep
|turn|32
|
|t:|1635599846
|move|p2a: Clefable|Moonblast|p1a: Volcarona
|-resisted|p1a: Volcarona
|-damage|p1a: Volcarona|74/100 par
|cant|p1a: Volcarona|par
|
|upkeep
|turn|33
|
|t:|1635599850
|move|p2a: Clefable|Moonblast|p1a: Volcarona
|-resisted|p1a: Volcarona
|-damage|p1a: Volcarona|60/100 par
|move|p1a: Volcarona|Roost|p1a: Volcarona
|-heal|p1a: Volcarona|100/100 par
|-singleturn|p1a: Volcarona|move: Roost
|
|upkeep
|turn|34
|
|t:|1635599858
|move|p2a: Clefable|Thunder Wave|p1a: Volcarona|[miss]
|-miss|p2a: Clefable|p1a: Volcarona
|move|p1a: Volcarona|Quiver Dance|p1a: Volcarona
|-boost|p1a: Volcarona|spa|1
|-boost|p1a: Volcarona|spd|1
|-boost|p1a: Volcarona|spe|1
|
|upkeep
|turn|35
|
|t:|1635599862
|cant|p1a: Volcarona|par
|move|p2a: Clefable|Moonblast|p1a: Volcarona
|-resisted|p1a: Volcarona
|-damage|p1a: Volcarona|92/100 par
|
|upkeep
|turn|36
|
|t:|1635599867
|cant|p1a: Volcarona|par
|move|p2a: Clefable|Moonblast|p1a: Volcarona
|-resisted|p1a: Volcarona
|-damage|p1a: Volcarona|83/100 par
|-unboost|p1a: Volcarona|spa|1
|
|upkeep
|turn|37
|
|t:|1635599872
|move|p1a: Volcarona|Quiver Dance|p1a: Volcarona
|-boost|p1a: Volcarona|spa|1
|-boost|p1a: Volcarona|spd|1
|-boost|p1a: Volcarona|spe|1
|move|p2a: Clefable|Moonblast|p1a: Volcarona
|-resisted|p1a: Volcarona
|-damage|p1a: Volcarona|76/100 par
|
|upkeep
|turn|38
|
|t:|1635599874
|move|p1a: Volcarona|Quiver Dance|p1a: Volcarona
|-boost|p1a: Volcarona|spa|1
|-boost|p1a: Volcarona|spd|1
|-boost|p1a: Volcarona|spe|1
|move|p2a: Clefable|Moonblast|p1a: Volcarona
|-resisted|p1a: Volcarona
|-damage|p1a: Volcarona|70/100 par
|-unboost|p1a: Volcarona|spa|1
|
|upkeep
|turn|39
|
|t:|1635599877
|cant|p1a: Volcarona|par
|move|p2a: Clefable|Moonblast|p1a: Volcarona
|-resisted|p1a: Volcarona
|-damage|p1a: Volcarona|64/100 par
|
|upkeep
|turn|40
|
|t:|1635599881
|move|p1a: Volcarona|Quiver Dance|p1a: Volcarona
|-boost|p1a: Volcarona|spa|1
|-boost|p1a: Volcarona|spd|1
|-boost|p1a: Volcarona|spe|1
|move|p2a: Clefable|Moonblast|p1a: Volcarona
|-resisted|p1a: Volcarona
|-damage|p1a: Volcarona|59/100 par
|-unboost|p1a: Volcarona|spa|1
|
|upkeep
|turn|41
|
|t:|1635599884
|move|p1a: Volcarona|Roost|p1a: Volcarona
|-heal|p1a: Volcarona|100/100 par
|-singleturn|p1a: Volcarona|move: Roost
|move|p2a: Clefable|Moonblast|p1a: Volcarona
|-resisted|p1a: Volcarona
|-damage|p1a: Volcarona|96/100 par
|
|upkeep
|turn|42
|
|t:|1635599888
|move|p1a: Volcarona|Quiver Dance|p1a: Volcarona
|-boost|p1a: Volcarona|spa|1
|-boost|p1a: Volcarona|spd|1
|-boost|p1a: Volcarona|spe|1
|move|p2a: Clefable|Moonblast|p1a: Volcarona
|-resisted|p1a: Volcarona
|-damage|p1a: Volcarona|92/100 par
|-unboost|p1a: Volcarona|spa|1
|
|upkeep
|turn|43
|
|t:|1635599890
|move|p1a: Volcarona|Quiver Dance|p1a: Volcarona
|-boost|p1a: Volcarona|spa|1
|-boost|p1a: Volcarona|spd|1
|-boost|p1a: Volcarona|spe|1
|move|p2a: Clefable|Moonblast|p1a: Volcarona
|-resisted|p1a: Volcarona
|-damage|p1a: Volcarona|89/100 par
|
|upkeep
|turn|44
|
|t:|1635599896
|cant|p1a: Volcarona|par
|move|p2a: Clefable|Moonblast|p1a: Volcarona
|-resisted|p1a: Volcarona
|-damage|p1a: Volcarona|85/100 par
|
|upkeep
|turn|45
|
|t:|1635599900
|move|p1a: Volcarona|Fiery Dance|p2a: Clefable
|-damage|p2a: Clefable|63/100
|-boost|p1a: Volcarona|spa|1
|move|p2a: Clefable|Moonblast|p1a: Volcarona
|-resisted|p1a: Volcarona
|-damage|p1a: Volcarona|82/100 par
|
|-heal|p2a: Clefable|69/100|[from] item: Leftovers
|upkeep
|turn|46
|
|t:|1635599907
|move|p1a: Volcarona|Fiery Dance|p2a: Clefable
|-damage|p2a: Clefable|23/100
|-boost|p1a: Volcarona|spa|1
|move|p2a: Clefable|Moonblast|p1a: Volcarona
|-resisted|p1a: Volcarona
|-damage|p1a: Volcarona|79/100 par
|-unboost|p1a: Volcarona|spa|1
|
|-heal|p2a: Clefable|29/100|[from] item: Leftovers
|upkeep
|turn|47
|
|t:|1635599912
|move|p1a: Volcarona|Fiery Dance|p2a: Clefable
|-crit|p2a: Clefable
|-damage|p2a: Clefable|0 fnt
|faint|p2a: Clefable
|
|upkeep
|
|t:|1635599914
|switch|p2a: Rillaboom|Rillaboom, F|88/100
|-damage|p2a: Rillaboom|76/100|[from] Stealth Rock
|-fieldstart|move: Grassy Terrain|[from] ability: Grassy Surge|[of] p2a: Rillaboom
|turn|48
|
|t:|1635599917
|cant|p1a: Volcarona|par
|move|p2a: Rillaboom|Wood Hammer|p1a: Volcarona
|-resisted|p1a: Volcarona
|-damage|p1a: Volcarona|47/100 par
|-damage|p2a: Rillaboom|64/100|[from] Recoil
|
|-heal|p1a: Volcarona|53/100 par|[from] Grassy Terrain
|-heal|p2a: Rillaboom|71/100|[from] Grassy Terrain
|upkeep
|turn|49
|
|t:|1635599922
|move|p1a: Volcarona|Fiery Dance|p2a: Rillaboom
|-supereffective|p2a: Rillaboom
|-damage|p2a: Rillaboom|0 fnt
|faint|p2a: Rillaboom
|
|win|IMSOMALD
|raw|IMSOMALD's rating: 1459 &rarr; <strong>1481</strong><br />(+22 for winning)
|raw|ryumi's rating: 1497 &rarr; <strong>1475</strong><br />(-22 for losing)
|l|☆ryumi
