|raw|<div class="broadcast-blue"><strong>This battle is required to be public due to a player having a name starting with 'lt94je'.</div>
|j|☆LT94JE Lore
|j|☆ripreckful
|t:|1661446574
|gametype|singles
|player|p1|LT94JE Lore|boarder-gen2|1652
|player|p2|ripreckful|hilbert|1701
|teamsize|p1|6
|teamsize|p2|6
|gen|8
|tier|[Gen 8] OU
|rated|
|rule|Sleep Clause Mod: Limit one foe put to sleep
|rule|Species Clause: Limit one of each Pokémon
|rule|OHKO Clause: OHKO moves are banned
|rule|Evasion Items Clause: Evasion items are banned
|rule|Evasion Moves Clause: Evasion moves are banned
|rule|Endless Battle Clause: Forcing endless battles is banned
|rule|HP Percentage Mod: HP is shown in percentages
|rule|Dynamax Clause: You cannot dynamax
|clearpoke
|poke|p1|Chansey, F|
|poke|p1|Corviknight, F|
|poke|p1|Hippowdon, M|
|poke|p1|Toxapex, F|
|poke|p1|Clefable, M|
|poke|p1|Tornadus-Therian, M|
|poke|p2|Tapu Lele|
|poke|p2|Magnezone|
|poke|p2|Landorus-Therian, M|
|poke|p2|Volcanion|
|poke|p2|Weavile, M|
|poke|p2|Dragonite, M|
|teampreview
|inactive|Battle timer is ON: inactive players will automatically lose when time's up. (requested by LT94JE Lore)
|inactive|ripreckful also wants the timer to be on.
|
|t:|1661446602
|start
|switch|p1a: Tornadus|Tornadus-Therian, M, shiny|100/100
|switch|p2a: SoSoonAs i Decided|Weavile, M|100/100
|-ability|p2a: SoSoonAs i Decided|Pressure
|turn|1
|
|t:|1661446606
|switch|p1a: Toxapex|Toxapex, F|100/100
|move|p2a: SoSoonAs i Decided|Beat Up|p1a: Toxapex
|-damage|p1a: Toxapex|92/100
|-damage|p1a: Toxapex|86/100
|-damage|p1a: Toxapex|77/100
|-damage|p1a: Toxapex|69/100
|-damage|p1a: Toxapex|63/100
|-damage|p1a: Toxapex|54/100
|-hitcount|p1a: Toxapex|6
|
|upkeep
|turn|2
|
|t:|1661446610
|switch|p2a: and u less of a|Landorus-Therian, M|100/100
|-ability|p2a: and u less of a|Intimidate|boost
|-unboost|p1a: Toxapex|atk|1
|switch|p1a: Clefable|Clefable, M|100/100
|
|upkeep
|turn|3
|
|t:|1661446613
|switch|p1a: Corviknight|Corviknight, F|100/100
|-ability|p1a: Corviknight|Pressure
|move|p2a: and u less of a|Stealth Rock|p1a: Corviknight
|-sidestart|p1: LT94JE Lore|move: Stealth Rock
|
|upkeep
|turn|4
|
|t:|1661446616
|move|p2a: and u less of a|U-turn|p1a: Corviknight
|-resisted|p1a: Corviknight
|-damage|p1a: Corviknight|97/100
|
|t:|1661446618
|switch|p2a: IaintEvaGonBeShit|Magnezone|100/100|[from]move: U-turn
|move|p1a: Corviknight|Defog|p2a: IaintEvaGonBeShit
|-unboost|p2a: IaintEvaGonBeShit|evasion|1
|-sideend|p1: LT94JE Lore|Stealth Rock|[from] move: Defog|[of] p1a: Corviknight
|
|upkeep
|turn|5
|
|t:|1661446626
|switch|p1a: Hippowdon|Hippowdon, M|100/100
|-weather|Sandstorm|[from] ability: Sand Stream|[of] p1a: Hippowdon
|move|p2a: IaintEvaGonBeShit|Thunderbolt|p1a: Hippowdon
|-immune|p1a: Hippowdon
|
|-weather|Sandstorm|[upkeep]
|upkeep
|turn|6
|
|t:|1661446631
|switch|p2a: and u less of a|Landorus-Therian, M|100/100
|-ability|p2a: and u less of a|Intimidate|boost
|-unboost|p1a: Hippowdon|atk|1
|move|p1a: Hippowdon|Stealth Rock|p2a: and u less of a
|-sidestart|p2: ripreckful|move: Stealth Rock
|
|-weather|Sandstorm|[upkeep]
|upkeep
|turn|7
|
|t:|1661446636
|move|p2a: and u less of a|Stealth Rock|p1a: Hippowdon
|-sidestart|p1: LT94JE Lore|move: Stealth Rock
|move|p1a: Hippowdon|Toxic|p2a: and u less of a
|-status|p2a: and u less of a|tox
|
|-weather|Sandstorm|[upkeep]
|-damage|p2a: and u less of a|94/100 tox|[from] psn
|upkeep
|turn|8
|
|t:|1661446639
|switch|p1a: Corviknight|Corviknight, F|97/100
|-damage|p1a: Corviknight|85/100|[from] Stealth Rock
|-ability|p1a: Corviknight|Pressure
|move|p2a: and u less of a|U-turn|p1a: Corviknight
|-resisted|p1a: Corviknight
|-damage|p1a: Corviknight|81/100
|
|t:|1661446644
|switch|p2a: IaintEvaGonBeShit|Magnezone|100/100|[from]move: U-turn
|-damage|p2a: IaintEvaGonBeShit|94/100|[from] Stealth Rock
|
|-weather|Sandstorm|[upkeep]
|upkeep
|turn|9
|
|t:|1661446651
|move|p2a: IaintEvaGonBeShit|Thunderbolt|p1a: Corviknight
|-supereffective|p1a: Corviknight
|-damage|p1a: Corviknight|9/100
|-status|p1a: Corviknight|par
|move|p1a: Corviknight|Body Press|p2a: IaintEvaGonBeShit
|-supereffective|p2a: IaintEvaGonBeShit
|-damage|p2a: IaintEvaGonBeShit|58/100
|-damage|p1a: Corviknight|0 fnt|[from] item: Rocky Helmet|[of] p2a: IaintEvaGonBeShit
|faint|p1a: Corviknight
|
|-weather|none
|upkeep
|
|t:|1661446657
|switch|p1a: Hippowdon|Hippowdon, M|100/100
|-damage|p1a: Hippowdon|94/100|[from] Stealth Rock
|-weather|Sandstorm|[from] ability: Sand Stream|[of] p1a: Hippowdon
|turn|10
|
|t:|1661446663
|move|p2a: IaintEvaGonBeShit|Magnet Rise|p2a: IaintEvaGonBeShit
|-start|p2a: IaintEvaGonBeShit|Magnet Rise
|move|p1a: Hippowdon|Earthquake|p2a: IaintEvaGonBeShit
|-immune|p2a: IaintEvaGonBeShit
|
|-weather|Sandstorm|[upkeep]
|-heal|p1a: Hippowdon|100/100|[from] item: Leftovers
|upkeep
|turn|11
|
|t:|1661446667
|switch|p1a: Tornadus|Tornadus-Therian, M, shiny|100/100
|move|p2a: IaintEvaGonBeShit|Iron Defense|p2a: IaintEvaGonBeShit
|-boost|p2a: IaintEvaGonBeShit|def|2
|
|-weather|Sandstorm|[upkeep]
|-damage|p1a: Tornadus|94/100|[from] Sandstorm
|upkeep
|turn|12
|
|t:|1661446669
|move|p1a: Tornadus|Focus Blast|p2a: IaintEvaGonBeShit
|-supereffective|p2a: IaintEvaGonBeShit
|-damage|p2a: IaintEvaGonBeShit|0 fnt
|faint|p2a: IaintEvaGonBeShit
|
|-weather|Sandstorm|[upkeep]
|-damage|p1a: Tornadus|88/100|[from] Sandstorm
|upkeep
|
|t:|1661446677
|switch|p2a: and u less of a|Landorus-Therian, M|94/100 tox
|-damage|p2a: and u less of a|82/100 tox|[from] Stealth Rock
|-ability|p2a: and u less of a|Intimidate|boost
|-unboost|p1a: Tornadus|atk|1
|turn|13
|
|t:|1661446680
|move|p1a: Tornadus|Nasty Plot|p1a: Tornadus
|-boost|p1a: Tornadus|spa|2
|move|p2a: and u less of a|Explosion|p1a: Tornadus
|-enditem|p2a: and u less of a|Normal Gem|[from] gem
|-damage|p1a: Tornadus|0 fnt
|faint|p2a: and u less of a
|faint|p1a: Tornadus
|
|-weather|Sandstorm|[upkeep]
|upkeep
|
|t:|1661446690
|switch|p1a: Chansey|Chansey, F|100/100
|switch|p2a: Look i aint shit|Tapu Lele|100/100
|-damage|p2a: Look i aint shit|88/100|[from] Stealth Rock
|-fieldstart|move: Psychic Terrain|[from] ability: Psychic Surge|[of] p2a: Look i aint shit
|-damage|p1a: Chansey|88/100|[from] Stealth Rock
|turn|14
|
|t:|1661446694
|move|p2a: Look i aint shit|Psyshock|p1a: Chansey
|-damage|p1a: Chansey|49/100
|move|p1a: Chansey|Thunder Wave|p2a: Look i aint shit
|-status|p2a: Look i aint shit|par
|
|-weather|none
|upkeep
|turn|15
|
|t:|1661446698
|switch|p2a: SoSoonAs i Decided|Weavile, M|100/100
|-damage|p2a: SoSoonAs i Decided|76/100|[from] Stealth Rock
|-ability|p2a: SoSoonAs i Decided|Pressure
|move|p1a: Chansey|Soft-Boiled|p1a: Chansey
|-heal|p1a: Chansey|99/100
|
|upkeep
|turn|16
|
|t:|1661446702
|switch|p1a: Toxapex|Toxapex, F|87/100
|-damage|p1a: Toxapex|75/100|[from] Stealth Rock
|move|p2a: SoSoonAs i Decided|Knock Off|p1a: Toxapex
|-damage|p1a: Toxapex|30/100
|-enditem|p1a: Toxapex|Shed Shell|[from] move: Knock Off|[of] p2a: SoSoonAs i Decided
|
|upkeep
|turn|17
|
|t:|1661446709
|switch|p1a: Clefable|Clefable, M|100/100
|move|p2a: SoSoonAs i Decided|Knock Off|p1a: Clefable
|-resisted|p1a: Clefable
|-damage|p1a: Clefable|68/100
|-enditem|p1a: Clefable|Heavy-Duty Boots|[from] move: Knock Off|[of] p2a: SoSoonAs i Decided
|
|upkeep
|turn|18
|
|t:|1661446713
|switch|p2a: man than me|Volcanion|100/100
|-damage|p2a: man than me|76/100|[from] Stealth Rock
|move|p1a: Clefable|Soft-Boiled|p1a: Clefable
|-heal|p1a: Clefable|100/100
|
|-fieldend|move: Psychic Terrain
|upkeep
|turn|19
|
|t:|1661446716
|switch|p2a: SoSoonAs i Decided|Weavile, M|76/100
|-damage|p2a: SoSoonAs i Decided|51/100|[from] Stealth Rock
|-ability|p2a: SoSoonAs i Decided|Pressure
|switch|p1a: Chansey|Chansey, F|99/100
|-damage|p1a: Chansey|86/100|[from] Stealth Rock
|
|upkeep
|turn|20
|
|t:|1661446720
|move|p2a: SoSoonAs i Decided|Triple Axel|p1a: Chansey
|-crit|p1a: Chansey
|-damage|p1a: Chansey|71/100
|-damage|p1a: Chansey|51/100
|-damage|p1a: Chansey|19/100
|-hitcount|p1a: Chansey|3
|move|p1a: Chansey|Soft-Boiled|p1a: Chansey
|-heal|p1a: Chansey|69/100
|
|upkeep
|turn|21
|
|t:|1661446723
|switch|p1a: Toxapex|Toxapex, F|64/100
|-damage|p1a: Toxapex|51/100|[from] Stealth Rock
|move|p2a: SoSoonAs i Decided|Triple Axel|p1a: Toxapex
|-resisted|p1a: Toxapex
|-damage|p1a: Toxapex|46/100
|-resisted|p1a: Toxapex
|-damage|p1a: Toxapex|35/100
|-resisted|p1a: Toxapex
|-damage|p1a: Toxapex|22/100
|-hitcount|p1a: Toxapex|3
|
|upkeep
|turn|22
|
|t:|1661446729
|move|p2a: SoSoonAs i Decided|Triple Axel|p1a: Toxapex
|-resisted|p1a: Toxapex
|-damage|p1a: Toxapex|17/100
|-resisted|p1a: Toxapex
|-damage|p1a: Toxapex|6/100
|-resisted|p1a: Toxapex
|-damage|p1a: Toxapex|0 fnt
|faint|p1a: Toxapex
|-hitcount|p1: Toxapex|3
|
|upkeep
|
|t:|1661446730
|switch|p1a: Clefable|Clefable, M|100/100
|-damage|p1a: Clefable|88/100|[from] Stealth Rock
|turn|23
|
|t:|1661446737
|switch|p2a: Look i aint shit|Tapu Lele|88/100 par
|-damage|p2a: Look i aint shit|76/100 par|[from] Stealth Rock
|-fieldstart|move: Psychic Terrain|[from] ability: Psychic Surge|[of] p2a: Look i aint shit
|move|p1a: Clefable|Moonblast|p2a: Look i aint shit
|-damage|p2a: Look i aint shit|44/100 par
|
|upkeep
|turn|24
|
|t:|1661446740
|move|p2a: Look i aint shit|Psyshock|p1a: Clefable
|-damage|p1a: Clefable|37/100
|move|p1a: Clefable|Calm Mind|p1a: Clefable
|-boost|p1a: Clefable|spa|1
|-boost|p1a: Clefable|spd|1
|
|upkeep
|turn|25
|
|t:|1661446744
|move|p2a: Look i aint shit|Psyshock|p1a: Clefable
|-damage|p1a: Clefable|0 fnt
|faint|p1a: Clefable
|
|upkeep
|
|t:|1661446747
|switch|p1a: Chansey|Chansey, F|69/100
|-damage|p1a: Chansey|57/100|[from] Stealth Rock
|turn|26
|
|t:|1661446750
|move|p2a: Look i aint shit|Psyshock|p1a: Chansey
|-damage|p1a: Chansey|20/100
|move|p1a: Chansey|Soft-Boiled|p1a: Chansey
|-heal|p1a: Chansey|70/100
|
|upkeep
|turn|27
|
|t:|1661446753
|move|p2a: Look i aint shit|Psyshock|p1a: Chansey
|-damage|p1a: Chansey|33/100
|move|p1a: Chansey|Soft-Boiled|p1a: Chansey
|-heal|p1a: Chansey|83/100
|
|-fieldend|move: Psychic Terrain
|upkeep
|turn|28
|
|t:|1661446756
|move|p2a: Look i aint shit|Psyshock|p1a: Chansey
|-damage|p1a: Chansey|54/100
|move|p1a: Chansey|Soft-Boiled|p1a: Chansey
|-heal|p1a: Chansey|100/100
|
|upkeep
|turn|29
|
|t:|1661446759
|cant|p2a: Look i aint shit|par
|move|p1a: Chansey|Seismic Toss|p2a: Look i aint shit
|-damage|p2a: Look i aint shit|8/100 par
|
|upkeep
|turn|30
|
|t:|1661446761
|move|p2a: Look i aint shit|Psyshock|p1a: Chansey
|-damage|p1a: Chansey|70/100
|move|p1a: Chansey|Seismic Toss|p2a: Look i aint shit
|-damage|p2a: Look i aint shit|0 fnt
|faint|p2a: Look i aint shit
|
|upkeep
|
|t:|1661446764
|switch|p2a: SoSoonAs i Decided|Weavile, M|51/100
|-damage|p2a: SoSoonAs i Decided|26/100|[from] Stealth Rock
|-ability|p2a: SoSoonAs i Decided|Pressure
|turn|31
|
|t:|1661446769
|move|p2a: SoSoonAs i Decided|Triple Axel|p1a: Chansey
|-damage|p1a: Chansey|59/100
|-damage|p1a: Chansey|37/100
|-damage|p1a: Chansey|4/100
|-hitcount|p1a: Chansey|3
|move|p1a: Chansey|Soft-Boiled|p1a: Chansey
|-heal|p1a: Chansey|54/100
|
|upkeep
|turn|32
|
|t:|1661446772
|move|p2a: SoSoonAs i Decided|Triple Axel|p1a: Chansey
|-damage|p1a: Chansey|42/100
|-damage|p1a: Chansey|21/100
|-damage|p1a: Chansey|0 fnt
|faint|p1a: Chansey
|-hitcount|p1: Chansey|3
|
|upkeep
|
|t:|1661446773
|switch|p1a: Hippowdon|Hippowdon, M|100/100
|-damage|p1a: Hippowdon|94/100|[from] Stealth Rock
|-weather|Sandstorm|[from] ability: Sand Stream|[of] p1a: Hippowdon
|turn|33
|
|t:|1661446775
|move|p2a: SoSoonAs i Decided|Triple Axel|p1a: Hippowdon
|-supereffective|p1a: Hippowdon
|-crit|p1a: Hippowdon
|-damage|p1a: Hippowdon|57/100
|-supereffective|p1a: Hippowdon
|-damage|p1a: Hippowdon|9/100
|-supereffective|p1a: Hippowdon
|-damage|p1a: Hippowdon|0 fnt
|faint|p1a: Hippowdon
|-hitcount|p1: Hippowdon|3
|
|win|ripreckful
|raw|LT94JE Lore's rating: 1652 &rarr; <strong>1635</strong><br />(-17 for losing)
|raw|ripreckful's rating: 1701 &rarr; <strong>1718</strong><br />(+17 for winning)
|l|☆LT94JE Lore
|c|☆ripreckful|GG
|l|☆ripreckful
||Ladder isn't responding, score probably updated but might not have (Request timeout).
