|j|☆Down$hift
|j|☆minimax_ai
|t:|1661646183
|gametype|singles
|player|p1|Down$hift|teamrocket|1577
|player|p2|minimax_ai|lusamine-nihilego|1624
|teamsize|p1|6
|teamsize|p2|6
|gen|8
|tier|[Gen 8] OU
|rated|
|rule|Sleep Clause Mod: Limit one foe put to sleep
|rule|Species Clause: Limit one of each Pokémon
|rule|OHKO Clause: OHKO moves are banned
|rule|Evasion Items Clause: Evasion items are banned
|rule|Evasion Moves Clause: Evasion moves are banned
|rule|Endless Battle Clause: Forcing endless battles is banned
|rule|HP Percentage Mod: HP is shown in percentages
|rule|Dynamax Clause: You cannot dynamax
|clearpoke
|poke|p1|Aegislash, M|
|poke|p1|Zeraora|
|poke|p1|Tapu Fini|
|poke|p1|Corviknight, F|
|poke|p1|Blissey, F|
|poke|p1|Kartana|
|poke|p2|Rotom-Wash|
|poke|p2|Weavile, F|
|poke|p2|Landorus-Therian, M|
|poke|p2|Heatran, M|
|poke|p2|Tangrowth, F|
|poke|p2|Melmetal|
|teampreview
|c|☆minimax_ai|hf
|inactive|Battle timer is ON: inactive players will automatically lose when time's up. (requested by minimax_ai)
|c|☆Down$hift|Hf
|
|t:|1661646202
|start
|switch|p1a: Papercut|Kartana|100/100
|switch|p2a: Melmetal|Melmetal|100/100
|turn|1
|
|t:|1661646208
|move|p1a: Papercut|Knock Off|p2a: Melmetal
|-damage|p2a: Melmetal|66/100
|-enditem|p2a: Melmetal|Assault Vest|[from] move: Knock Off|[of] p1a: Papercut
|move|p2a: Melmetal|Double Iron Bash|p1a: Papercut
|-resisted|p1a: Papercut
|-damage|p1a: Papercut|79/100
|-resisted|p1a: Papercut
|-damage|p1a: Papercut|56/100
|-hitcount|p1a: Papercut|2
|
|upkeep
|turn|2
|
|t:|1661646211
|switch|p1a: Status Crow|Corviknight, F|100/100
|-ability|p1a: Status Crow|Pressure
|move|p2a: Melmetal|Ice Punch|p1a: Status Crow
|-damage|p1a: Status Crow|79/100
|-damage|p2a: Melmetal|50/100|[from] item: Rocky Helmet|[of] p1a: Status Crow
|
|upkeep
|turn|3
|
|t:|1661646215
|switch|p2a: rotomwash|Rotom-Wash|100/100
|move|p1a: Status Crow|U-turn|p2a: rotomwash
|-damage|p2a: rotomwash|86/100
|
|t:|1661646220
|switch|p1a: Papercut|Kartana|56/100|[from]move: U-turn
|
|-heal|p2a: rotomwash|93/100|[from] item: Leftovers
|upkeep
|turn|4
|
|t:|1661646222
|switch|p2a: Tangrowth|Tangrowth, F|100/100
|move|p1a: Papercut|Knock Off|p2a: Tangrowth
|-damage|p2a: Tangrowth|66/100
|-damage|p1a: Papercut|40/100|[from] item: Rocky Helmet|[of] p2a: Tangrowth
|-enditem|p2a: Tangrowth|Rocky Helmet|[from] move: Knock Off|[of] p1a: Papercut
|
|upkeep
|turn|5
|
|t:|1661646225
|switch|p1a: Nurse Depression|Blissey, F|100/100
|move|p2a: Tangrowth|Focus Blast|p1a: Nurse Depression
|-supereffective|p1a: Nurse Depression
|-damage|p1a: Nurse Depression|77/100
|
|upkeep
|turn|6
|
|t:|1661646226
|move|p1a: Nurse Depression|Stealth Rock|p2a: Tangrowth
|-sidestart|p2: minimax_ai|move: Stealth Rock
|move|p2a: Tangrowth|Giga Drain|p1a: Nurse Depression
|-damage|p1a: Nurse Depression|67/100
|-heal|p2a: Tangrowth|75/100|[from] drain|[of] p1a: Nurse Depression
|
|upkeep
|turn|7
|
|t:|1661646229
|move|p2a: Tangrowth|Giga Drain|p1a: Nurse Depression
|-damage|p1a: Nurse Depression|56/100
|-heal|p2a: Tangrowth|85/100|[from] drain|[of] p1a: Nurse Depression
|move|p1a: Nurse Depression|Teleport|p1a: Nurse Depression
|
|t:|1661646234
|switch|p1a: Hexcalibur|Aegislash, M|100/100|[from]move: Teleport
|
|upkeep
|turn|8
|
|t:|1661646236
|switch|p2a: landorustherian|Landorus-Therian, M|100/100
|-damage|p2a: landorustherian|88/100|[from] Stealth Rock
|-ability|p2a: landorustherian|Intimidate|boost
|-unboost|p1a: Hexcalibur|atk|1
|move|p1a: Hexcalibur|Substitute|p1a: Hexcalibur
|-start|p1a: Hexcalibur|Substitute
|-damage|p1a: Hexcalibur|75/100
|
|-heal|p2a: landorustherian|94/100|[from] item: Leftovers
|-heal|p1a: Hexcalibur|82/100|[from] item: Leftovers
|upkeep
|turn|9
|
|t:|1661646237
|move|p2a: landorustherian|Defog|p1a: Hexcalibur
|-sideend|p2: minimax_ai|Stealth Rock|[from] move: Defog|[of] p2a: landorustherian
|move|p1a: Hexcalibur|Toxic|p2a: landorustherian
|-status|p2a: landorustherian|tox
|
|-heal|p2a: landorustherian|99/100 tox|[from] item: Leftovers
|-heal|p1a: Hexcalibur|88/100|[from] item: Leftovers
|-damage|p2a: landorustherian|94/100 tox|[from] psn
|upkeep
|turn|10
|
|t:|1661646240
|move|p1a: Hexcalibur|King's Shield|p1a: Hexcalibur
|-singleturn|p1a: Hexcalibur|Protect
|move|p2a: landorustherian|U-turn|p1a: Hexcalibur
|-activate|p1a: Hexcalibur|move: Protect
|-unboost|p2a: landorustherian|atk|1
|
|-heal|p2a: landorustherian|99/100 tox|[from] item: Leftovers
|-heal|p1a: Hexcalibur|94/100|[from] item: Leftovers
|-damage|p2a: landorustherian|88/100 tox|[from] psn
|upkeep
|turn|11
|
|t:|1661646245
|move|p2a: landorustherian|U-turn|p1a: Hexcalibur
|-resisted|p1a: Hexcalibur
|-activate|p1a: Hexcalibur|move: Substitute|[damage]
|
|t:|1661646246
|switch|p2a: Weavile|Weavile, F|100/100|[from]move: U-turn
|-ability|p2a: Weavile|Pressure
|-formechange|p1a: Hexcalibur|Aegislash-Blade||[from] ability: Stance Change
|move|p1a: Hexcalibur|Shadow Ball|p2a: Weavile
|-resisted|p2a: Weavile
|-damage|p2a: Weavile|65/100
|
|-heal|p1a: Hexcalibur|100/100|[from] item: Leftovers
|upkeep
|turn|12
|
|t:|1661646248
|-formechange|p1a: Hexcalibur|Aegislash||[from] ability: Stance Change
|move|p1a: Hexcalibur|King's Shield|p1a: Hexcalibur
|-singleturn|p1a: Hexcalibur|Protect
|move|p2a: Weavile|Knock Off|p1a: Hexcalibur
|-activate|p1a: Hexcalibur|move: Protect
|-unboost|p2a: Weavile|atk|1
|
|upkeep
|turn|13
|
|t:|1661646253
|switch|p2a: Heatran|Heatran, M|100/100
|-item|p2a: Heatran|Air Balloon
|move|p1a: Hexcalibur|Toxic|p2a: Heatran
|-immune|p2a: Heatran
|
|upkeep
|turn|14
|
|t:|1661646256
|move|p2a: Heatran|Stealth Rock|p1a: Hexcalibur
|-sidestart|p1: Down$hift|move: Stealth Rock
|-formechange|p1a: Hexcalibur|Aegislash-Blade||[from] ability: Stance Change
|move|p1a: Hexcalibur|Shadow Ball|p2a: Heatran
|-damage|p2a: Heatran|53/100
|-enditem|p2a: Heatran|Air Balloon
|
|upkeep
|turn|15
|
|t:|1661646259
|move|p2a: Heatran|Magma Storm|p1a: Hexcalibur
|-supereffective|p1a: Hexcalibur
|-end|p1a: Hexcalibur|Substitute
|move|p1a: Hexcalibur|Shadow Ball|p2a: Heatran
|-damage|p2a: Heatran|5/100
|
|upkeep
|turn|16
|
|t:|1661646267
|switch|p1a: Nurse Depression|Blissey, F|56/100
|move|p2a: Heatran|Magma Storm|p1a: Nurse Depression
|-damage|p1a: Nurse Depression|36/100
|-activate|p1a: Nurse Depression|move: Magma Storm|[of] p2a: Heatran
|
|-damage|p1a: Nurse Depression|24/100|[from] move: Magma Storm|[partiallytrapped]
|upkeep
|turn|17
|
|t:|1661646268
|switch|p2a: Weavile|Weavile, F|65/100
|-ability|p2a: Weavile|Pressure
|move|p1a: Nurse Depression|Seismic Toss|p2a: Weavile
|-damage|p2a: Weavile|29/100
|
|-end|p1a: Nurse Depression|Magma Storm|[partiallytrapped]|[silent]
|upkeep
|turn|18
|
|t:|1661646275
|switch|p1a: Status Crow|Corviknight, F|79/100
|-damage|p1a: Status Crow|67/100|[from] Stealth Rock
|-ability|p1a: Status Crow|Pressure
|move|p2a: Weavile|Triple Axel|p1a: Status Crow
|-damage|p1a: Status Crow|58/100
|-damage|p2a: Weavile|13/100|[from] item: Rocky Helmet|[of] p1a: Status Crow
|-damage|p1a: Status Crow|40/100
|-damage|p2a: Weavile|0 fnt|[from] item: Rocky Helmet|[of] p1a: Status Crow
|faint|p2a: Weavile
|-hitcount|p1a: Status Crow|2
|
|upkeep
|
|t:|1661646275
|switch|p2a: Heatran|Heatran, M|5/100
|turn|19
|
|t:|1661646280
|switch|p1a: Social Cloyster|Tapu Fini|100/100
|-damage|p1a: Social Cloyster|88/100|[from] Stealth Rock
|-fieldstart|move: Misty Terrain|[from] ability: Misty Surge|[of] p1a: Social Cloyster
|move|p2a: Heatran|Magma Storm|p1a: Social Cloyster|[miss]
|-miss|p2a: Heatran|p1a: Social Cloyster
|
|-heal|p1a: Social Cloyster|94/100|[from] item: Leftovers
|upkeep
|turn|20
|
|t:|1661646286
|move|p2a: Heatran|Magma Storm|p1a: Social Cloyster|[miss]
|-miss|p2a: Heatran|p1a: Social Cloyster
|move|p1a: Social Cloyster|Scald|p2a: Heatran
|-supereffective|p2a: Heatran
|-damage|p2a: Heatran|0 fnt
|faint|p2a: Heatran
|
|-heal|p1a: Social Cloyster|100/100|[from] item: Leftovers
|upkeep
|
|t:|1661646286
|switch|p2a: Melmetal|Melmetal|50/100
|turn|21
|
|t:|1661646298
|switch|p1a: Nurse Depression|Blissey, F|24/100
|move|p2a: Melmetal|Earthquake|p1a: Nurse Depression
|-damage|p1a: Nurse Depression|0 fnt
|faint|p1a: Nurse Depression
|
|upkeep
|
|t:|1661646301
|switch|p1a: Status Crow|Corviknight, F|40/100
|-damage|p1a: Status Crow|28/100|[from] Stealth Rock
|-ability|p1a: Status Crow|Pressure
|turn|22
|
|t:|1661646302
|move|p1a: Status Crow|Roost|p1a: Status Crow
|-heal|p1a: Status Crow|78/100
|-singleturn|p1a: Status Crow|move: Roost
|move|p2a: Melmetal|Double Iron Bash|p1a: Status Crow
|-resisted|p1a: Status Crow
|-damage|p1a: Status Crow|65/100
|-damage|p2a: Melmetal|33/100|[from] item: Rocky Helmet|[of] p1a: Status Crow
|-resisted|p1a: Status Crow
|-damage|p1a: Status Crow|54/100
|-damage|p2a: Melmetal|17/100|[from] item: Rocky Helmet|[of] p1a: Status Crow
|-hitcount|p1a: Status Crow|2
|
|upkeep
|turn|23
|
|t:|1661646306
|move|p1a: Status Crow|Defog|p2a: Melmetal
|-unboost|p2a: Melmetal|evasion|1
|-sideend|p1: Down$hift|Stealth Rock|[from] move: Defog|[of] p1a: Status Crow
|-fieldend|Misty Terrain
|move|p2a: Melmetal|Double Iron Bash|p1a: Status Crow
|-resisted|p1a: Status Crow
|-damage|p1a: Status Crow|42/100
|-damage|p2a: Melmetal|0 fnt|[from] item: Rocky Helmet|[of] p1a: Status Crow
|faint|p2a: Melmetal
|-hitcount|p1a: Status Crow|1
|
|upkeep
|
|t:|1661646306
|switch|p2a: rotomwash|Rotom-Wash|93/100
|turn|24
|inactive|Down$hift has 120 seconds left.
|
|t:|1661646341
|switch|p1a: Furry Bait|Zeraora|100/100
|move|p2a: rotomwash|Hydro Pump|p1a: Furry Bait
|-damage|p1a: Furry Bait|41/100
|
|-heal|p2a: rotomwash|99/100|[from] item: Leftovers
|upkeep
|turn|25
|
|t:|1661646343
|move|p1a: Furry Bait|Knock Off|p2a: rotomwash
|-damage|p2a: rotomwash|67/100
|-enditem|p2a: rotomwash|Leftovers|[from] move: Knock Off|[of] p1a: Furry Bait
|move|p2a: rotomwash|Hydro Pump|p1a: Furry Bait
|-damage|p1a: Furry Bait|0 fnt
|faint|p1a: Furry Bait
|
|upkeep
|
|t:|1661646348
|switch|p1a: Papercut|Kartana|40/100
|turn|26
|
|t:|1661646356
|move|p1a: Papercut|Sacred Sword|p2a: rotomwash
|-damage|p2a: rotomwash|7/100
|move|p2a: rotomwash|Hydro Pump|p1a: Papercut
|-resisted|p1a: Papercut
|-damage|p1a: Papercut|0 fnt
|faint|p1a: Papercut
|
|upkeep
|
|t:|1661646364
|switch|p1a: Hexcalibur|Aegislash, M|100/100
|turn|27
|
|t:|1661646366
|move|p2a: rotomwash|Pain Split|p1a: Hexcalibur
|-sethp|p1a: Hexcalibur|54/100|[from] move: Pain Split|[silent]
|-sethp|p2a: rotomwash|54/100|[from] move: Pain Split
|-formechange|p1a: Hexcalibur|Aegislash-Blade||[from] ability: Stance Change
|move|p1a: Hexcalibur|Shadow Ball|p2a: rotomwash
|-damage|p2a: rotomwash|0 fnt
|faint|p2a: rotomwash
|
|-heal|p1a: Hexcalibur|60/100|[from] item: Leftovers
|upkeep
|
|t:|1661646366
|switch|p2a: Tangrowth|Tangrowth, F|100/100
|turn|28
|
|t:|1661646371
|-formechange|p1a: Hexcalibur|Aegislash||[from] ability: Stance Change
|move|p1a: Hexcalibur|King's Shield|p1a: Hexcalibur
|-singleturn|p1a: Hexcalibur|Protect
|move|p2a: Tangrowth|Knock Off|p1a: Hexcalibur
|-activate|p1a: Hexcalibur|move: Protect
|-unboost|p2a: Tangrowth|atk|1
|
|-heal|p1a: Hexcalibur|66/100|[from] item: Leftovers
|upkeep
|turn|29
|
|t:|1661646373
|switch|p2a: landorustherian|Landorus-Therian, M|88/100 tox
|-ability|p2a: landorustherian|Intimidate|boost
|-unboost|p1a: Hexcalibur|atk|1
|move|p1a: Hexcalibur|Substitute|p1a: Hexcalibur
|-start|p1a: Hexcalibur|Substitute
|-damage|p1a: Hexcalibur|41/100
|
|-heal|p2a: landorustherian|94/100 tox|[from] item: Leftovers
|-heal|p1a: Hexcalibur|48/100|[from] item: Leftovers
|-damage|p2a: landorustherian|88/100 tox|[from] psn
|upkeep
|turn|30
|
|t:|1661646375
|move|p1a: Hexcalibur|King's Shield|p1a: Hexcalibur
|-singleturn|p1a: Hexcalibur|Protect
|move|p2a: landorustherian|Earthquake|p1a: Hexcalibur
|-activate|p1a: Hexcalibur|move: Protect
|
|-heal|p2a: landorustherian|94/100 tox|[from] item: Leftovers
|-heal|p1a: Hexcalibur|54/100|[from] item: Leftovers
|-damage|p2a: landorustherian|82/100 tox|[from] psn
|upkeep
|turn|31
|
|t:|1661646377
|move|p2a: landorustherian|Earthquake|p1a: Hexcalibur
|-supereffective|p1a: Hexcalibur
|-end|p1a: Hexcalibur|Substitute
|-formechange|p1a: Hexcalibur|Aegislash-Blade||[from] ability: Stance Change
|move|p1a: Hexcalibur|Shadow Ball|p2a: landorustherian
|-damage|p2a: landorustherian|47/100 tox
|
|-heal|p2a: landorustherian|54/100 tox|[from] item: Leftovers
|-heal|p1a: Hexcalibur|60/100|[from] item: Leftovers
|-damage|p2a: landorustherian|35/100 tox|[from] psn
|upkeep
|turn|32
|
|t:|1661646381
|switch|p2a: Tangrowth|Tangrowth, F|100/100
|-formechange|p1a: Hexcalibur|Aegislash||[from] ability: Stance Change
|move|p1a: Hexcalibur|King's Shield||[still]
|-fail|p1a: Hexcalibur
|
|-heal|p1a: Hexcalibur|66/100|[from] item: Leftovers
|upkeep
|turn|33
|
|t:|1661646384
|move|p1a: Hexcalibur|King's Shield|p1a: Hexcalibur
|-singleturn|p1a: Hexcalibur|Protect
|move|p2a: Tangrowth|Knock Off|p1a: Hexcalibur
|-activate|p1a: Hexcalibur|move: Protect
|-unboost|p2a: Tangrowth|atk|1
|
|-heal|p1a: Hexcalibur|73/100|[from] item: Leftovers
|upkeep
|turn|34
|
|t:|1661646385
|switch|p2a: landorustherian|Landorus-Therian, M|35/100 tox
|-ability|p2a: landorustherian|Intimidate|boost
|-unboost|p1a: Hexcalibur|atk|1
|move|p1a: Hexcalibur|Substitute|p1a: Hexcalibur
|-start|p1a: Hexcalibur|Substitute
|-damage|p1a: Hexcalibur|48/100
|
|-heal|p2a: landorustherian|41/100 tox|[from] item: Leftovers
|-heal|p1a: Hexcalibur|54/100|[from] item: Leftovers
|-damage|p2a: landorustherian|35/100 tox|[from] psn
|upkeep
|turn|35
|
|t:|1661646387
|move|p1a: Hexcalibur|King's Shield|p1a: Hexcalibur
|-singleturn|p1a: Hexcalibur|Protect
|move|p2a: landorustherian|Earthquake|p1a: Hexcalibur
|-activate|p1a: Hexcalibur|move: Protect
|
|-heal|p2a: landorustherian|41/100 tox|[from] item: Leftovers
|-heal|p1a: Hexcalibur|60/100|[from] item: Leftovers
|-damage|p2a: landorustherian|29/100 tox|[from] psn
|upkeep
|turn|36
|
|t:|1661646389
|move|p2a: landorustherian|Earthquake|p1a: Hexcalibur
|-supereffective|p1a: Hexcalibur
|-end|p1a: Hexcalibur|Substitute
|-formechange|p1a: Hexcalibur|Aegislash-Blade||[from] ability: Stance Change
|move|p1a: Hexcalibur|Shadow Ball|p2a: landorustherian
|-damage|p2a: landorustherian|0 fnt
|faint|p2a: landorustherian
|
|-heal|p1a: Hexcalibur|66/100|[from] item: Leftovers
|upkeep
|
|t:|1661646389
|switch|p2a: Tangrowth|Tangrowth, F|100/100
|turn|37
|
|t:|1661646391
|-formechange|p1a: Hexcalibur|Aegislash||[from] ability: Stance Change
|move|p1a: Hexcalibur|King's Shield|p1a: Hexcalibur
|-singleturn|p1a: Hexcalibur|Protect
|move|p2a: Tangrowth|Sleep Powder|p1a: Hexcalibur
|-status|p1a: Hexcalibur|slp|[from] move: Sleep Powder
|
|-heal|p1a: Hexcalibur|73/100 slp|[from] item: Leftovers
|upkeep
|turn|38
|
|t:|1661646396
|switch|p1a: Status Crow|Corviknight, F|42/100
|-ability|p1a: Status Crow|Pressure
|move|p2a: Tangrowth|Sleep Powder|p1a: Status Crow|[miss]
|-miss|p2a: Tangrowth|p1a: Status Crow
|
|upkeep
|turn|39
|
|t:|1661646398
|move|p1a: Status Crow|Roost|p1a: Status Crow
|-heal|p1a: Status Crow|92/100
|-singleturn|p1a: Status Crow|move: Roost
|move|p2a: Tangrowth|Focus Blast|p1a: Status Crow
|-supereffective|p1a: Status Crow
|-damage|p1a: Status Crow|32/100
|
|upkeep
|turn|40
|
|t:|1661646402
|move|p1a: Status Crow|Roost|p1a: Status Crow
|-heal|p1a: Status Crow|82/100
|-singleturn|p1a: Status Crow|move: Roost
|move|p2a: Tangrowth|Sleep Powder|p1a: Status Crow
|-message|Sleep Clause Mod activated.
|
|upkeep
|turn|41
|
|t:|1661646406
|move|p1a: Status Crow|Body Press|p2a: Tangrowth
|-damage|p2a: Tangrowth|86/100
|move|p2a: Tangrowth|Focus Blast|p1a: Status Crow|[miss]
|-miss|p2a: Tangrowth|p1a: Status Crow
|
|upkeep
|turn|42
|
|t:|1661646411
|move|p1a: Status Crow|Body Press|p2a: Tangrowth
|-damage|p2a: Tangrowth|73/100
|move|p2a: Tangrowth|Focus Blast|p1a: Status Crow|[miss]
|-miss|p2a: Tangrowth|p1a: Status Crow
|
|upkeep
|turn|43
|
|t:|1661646417
|move|p1a: Status Crow|Body Press|p2a: Tangrowth
|-damage|p2a: Tangrowth|60/100
|move|p2a: Tangrowth|Focus Blast|p1a: Status Crow|[miss]
|-miss|p2a: Tangrowth|p1a: Status Crow
|
|upkeep
|turn|44
|
|t:|1661646418
|move|p1a: Status Crow|Body Press|p2a: Tangrowth
|-damage|p2a: Tangrowth|47/100
|move|p2a: Tangrowth|Giga Drain|p1a: Status Crow
|-resisted|p1a: Status Crow
|-damage|p1a: Status Crow|75/100
|-heal|p2a: Tangrowth|51/100|[from] drain|[of] p1a: Status Crow
|
|upkeep
|turn|45
|
|t:|1661646420
|move|p1a: Status Crow|Body Press|p2a: Tangrowth
|-damage|p2a: Tangrowth|36/100
|move|p2a: Tangrowth|Giga Drain|p1a: Status Crow
|-resisted|p1a: Status Crow
|-damage|p1a: Status Crow|68/100
|-heal|p2a: Tangrowth|39/100|[from] drain|[of] p1a: Status Crow
|
|upkeep
|turn|46
|
|t:|1661646421
|move|p1a: Status Crow|Body Press|p2a: Tangrowth
|-damage|p2a: Tangrowth|25/100
|move|p2a: Tangrowth|Sleep Powder|p1a: Status Crow
|-message|Sleep Clause Mod activated.
|
|upkeep
|turn|47
|
|t:|1661646424
|move|p1a: Status Crow|Body Press|p2a: Tangrowth
|-damage|p2a: Tangrowth|12/100
|move|p2a: Tangrowth|Sleep Powder|p1a: Status Crow
|-message|Sleep Clause Mod activated.
|
|upkeep
|turn|48
|
|t:|1661646441
|move|p1a: Status Crow|U-turn|p2a: Tangrowth
|-supereffective|p2a: Tangrowth
|-damage|p2a: Tangrowth|0 fnt
|faint|p2a: Tangrowth
|
|win|Down$hift
|raw|Down$hift's rating: 1577 &rarr; <strong>1600</strong><br />(+23 for winning)
|raw|minimax_ai's rating: 1624 &rarr; <strong>1601</strong><br />(-23 for losing)
|c|☆minimax_ai|gg
