|j|☆Avar 21212
|j|☆Colonel Rivai
|t:|1650926433
|gametype|singles
|player|p1|Avar 21212|backpacker|1569
|player|p2|Colonel Rivai|101|1657
|teamsize|p1|6
|teamsize|p2|6
|gen|8
|tier|[Gen 8] OU
|rated|
|rule|Sleep Clause Mod: Limit one foe put to sleep
|rule|Species Clause: Limit one of each Pokémon
|rule|OHKO Clause: OHKO moves are banned
|rule|Evasion Moves Clause: Evasion moves are banned
|rule|Endless Battle Clause: Forcing endless battles is banned
|rule|HP Percentage Mod: HP is shown in percentages
|rule|Dynamax Clause: You cannot dynamax
|clearpoke
|poke|p1|Volcarona, F|
|poke|p1|Tapu Fini|
|poke|p1|Moltres-Galar|
|poke|p1|Hippowdon, M|
|poke|p1|Rillaboom, M|
|poke|p1|Scizor, M|
|poke|p2|Glastrier|
|poke|p2|Tapu Fini|
|poke|p2|Ferrothorn, M|
|poke|p2|Krookodile, F|
|poke|p2|Zapdos|
|poke|p2|Victini|
|teampreview
|
|t:|1650926443
|start
|switch|p1a: Hippowdon|Hippowdon, M|100/100
|switch|p2a: Panamera|Glastrier|100/100
|-weather|Sandstorm|[from] ability: Sand Stream|[of] p1a: Hippowdon
|turn|1
|
|t:|1650926453
|switch|p1a: Tapu Fini|Tapu Fini|100/100
|-fieldstart|move: Misty Terrain|[from] ability: Misty Surge|[of] p1a: Tapu Fini
|move|p2a: Panamera|Icicle Crash|p1a: Tapu Fini
|-resisted|p1a: Tapu Fini
|-damage|p1a: Tapu Fini|75/100
|
|-weather|Sandstorm|[upkeep]
|-damage|p1a: Tapu Fini|69/100|[from] Sandstorm
|-damage|p2a: Panamera|94/100|[from] Sandstorm
|-heal|p1a: Tapu Fini|75/100|[from] item: Leftovers
|upkeep
|turn|2
|
|t:|1650926461
|switch|p2a: F-150|Ferrothorn, M|100/100
|move|p1a: Tapu Fini|Nature's Madness|p2a: F-150|[miss]
|-miss|p1a: Tapu Fini|p2a: F-150
|
|-weather|Sandstorm|[upkeep]
|-damage|p1a: Tapu Fini|69/100|[from] Sandstorm
|-heal|p1a: Tapu Fini|75/100|[from] item: Leftovers
|upkeep
|turn|3
|j| paflechien93
|
|t:|1650926473
|move|p1a: Tapu Fini|Taunt|p2a: F-150
|-start|p2a: F-150|move: Taunt
|move|p2a: F-150|Knock Off|p1a: Tapu Fini
|-resisted|p1a: Tapu Fini
|-crit|p1a: Tapu Fini
|-damage|p1a: Tapu Fini|63/100
|-enditem|p1a: Tapu Fini|Leftovers|[from] move: Knock Off|[of] p2a: F-150
|
|-weather|Sandstorm|[upkeep]
|-damage|p1a: Tapu Fini|57/100|[from] Sandstorm
|upkeep
|turn|4
|
|t:|1650926482
|switch|p1a: Volcarona|Volcarona, F|100/100
|switch|p2a: Tesla|Zapdos|100/100
|
|-weather|Sandstorm|[upkeep]
|-damage|p1a: Volcarona|94/100|[from] Sandstorm
|-damage|p2a: Tesla|94/100|[from] Sandstorm
|upkeep
|turn|5
|
|t:|1650926492
|switch|p1a: Hippowdon|Hippowdon, M|100/100
|move|p2a: Tesla|Volt Switch|p1a: Hippowdon
|-immune|p1a: Hippowdon
|
|-weather|none
|-fieldend|Misty Terrain
|upkeep
|turn|6
|
|t:|1650926500
|switch|p2a: Panamera|Glastrier|94/100
|move|p1a: Hippowdon|Stealth Rock|p2a: Panamera
|-sidestart|p2: Colonel Rivai|move: Stealth Rock
|
|upkeep
|turn|7
|
|t:|1650926519
|switch|p1a: Volcarona|Volcarona, F|94/100
|move|p2a: Panamera|High Horsepower|p1a: Volcarona
|-crit|p1a: Volcarona
|-damage|p1a: Volcarona|5/100
|
|upkeep
|turn|8
|
|t:|1650926524
|switch|p2a: Hellcat|Victini|100/100
|move|p1a: Volcarona|Roost|p1a: Volcarona
|-heal|p1a: Volcarona|55/100
|-singleturn|p1a: Volcarona|move: Roost
|
|upkeep
|turn|9
|
|t:|1650926534
|switch|p1a: Tapu Fini|Tapu Fini|57/100
|-fieldstart|move: Misty Terrain|[from] ability: Misty Surge|[of] p1a: Tapu Fini
|move|p2a: Hellcat|U-turn|p1a: Tapu Fini
|-resisted|p1a: Tapu Fini
|-damage|p1a: Tapu Fini|50/100
|
|t:|1650926539
|switch|p2a: Tesla|Zapdos|94/100|[from]move: U-turn
|
|upkeep
|turn|10
|
|t:|1650926555
|switch|p1a: Hippowdon|Hippowdon, M|100/100
|-weather|Sandstorm|[from] ability: Sand Stream|[of] p1a: Hippowdon
|move|p2a: Tesla|Defog|p1a: Hippowdon
|-unboost|p1a: Hippowdon|evasion|1
|-sideend|p2: Colonel Rivai|Stealth Rock|[from] move: Defog|[of] p2a: Tesla
|-fieldend|Misty Terrain
|
|-weather|Sandstorm|[upkeep]
|-damage|p2a: Tesla|88/100|[from] Sandstorm
|upkeep
|turn|11
|
|t:|1650926568
|switch|p2a: Panamera|Glastrier|94/100
|move|p1a: Hippowdon|Stealth Rock|p2a: Panamera
|-sidestart|p2: Colonel Rivai|move: Stealth Rock
|
|-weather|Sandstorm|[upkeep]
|-damage|p2a: Panamera|88/100|[from] Sandstorm
|upkeep
|turn|12
|
|t:|1650926574
|move|p2a: Panamera|Icicle Crash|p1a: Hippowdon
|-supereffective|p1a: Hippowdon
|-crit|p1a: Hippowdon
|-damage|p1a: Hippowdon|0 fnt
|faint|p1a: Hippowdon
|-ability|p2a: Panamera|Chilling Neigh|boost
|-boost|p2a: Panamera|atk|1
|
|-weather|Sandstorm|[upkeep]
|-damage|p2a: Panamera|82/100|[from] Sandstorm
|upkeep
|
|t:|1650926581
|switch|p1a: Volcarona|Volcarona, F|55/100
|turn|13
|
|t:|1650926589
|switch|p2a: Hellcat|Victini|100/100
|move|p1a: Volcarona|Quiver Dance|p1a: Volcarona
|-boost|p1a: Volcarona|spa|1
|-boost|p1a: Volcarona|spd|1
|-boost|p1a: Volcarona|spe|1
|
|-weather|Sandstorm|[upkeep]
|-damage|p1a: Volcarona|49/100|[from] Sandstorm
|-damage|p2a: Hellcat|94/100|[from] Sandstorm
|upkeep
|turn|14
|
|t:|1650926593
|move|p1a: Volcarona|Roost|p1a: Volcarona
|-heal|p1a: Volcarona|99/100
|-singleturn|p1a: Volcarona|move: Roost
|move|p2a: Hellcat|Encore|p1a: Volcarona
|-start|p1a: Volcarona|Encore
|
|-weather|none
|upkeep
|turn|15
|
|t:|1650926611
|move|p1a: Volcarona|Roost|p1a: Volcarona
|-heal|p1a: Volcarona|100/100
|-singleturn|p1a: Volcarona|move: Roost
|move|p2a: Hellcat|V-create|p1a: Volcarona
|-damage|p1a: Volcarona|18/100
|-unboost|p2a: Hellcat|spe|1
|-unboost|p2a: Hellcat|def|1
|-unboost|p2a: Hellcat|spd|1
|
|upkeep
|turn|16
|
|t:|1650926614
|move|p1a: Volcarona|Roost|p1a: Volcarona
|-heal|p1a: Volcarona|69/100
|-singleturn|p1a: Volcarona|move: Roost
|move|p2a: Hellcat|V-create|p1a: Volcarona
|-damage|p1a: Volcarona|0 fnt
|-unboost|p2a: Hellcat|spe|1
|-unboost|p2a: Hellcat|def|1
|-unboost|p2a: Hellcat|spd|1
|faint|p1a: Volcarona
|
|upkeep
|
|t:|1650926623
|switch|p1a: Moltres|Moltres-Galar|100/100
|turn|17
|l| paflechien93
|
|t:|1650926628
|move|p1a: Moltres|Nasty Plot|p1a: Moltres
|-boost|p1a: Moltres|spa|2
|move|p2a: Hellcat|Encore|p1a: Moltres
|-start|p1a: Moltres|Encore
|
|upkeep
|turn|18
|
|t:|1650926637
|move|p1a: Moltres|Nasty Plot|p1a: Moltres
|-boost|p1a: Moltres|spa|2
|move|p2a: Hellcat|V-create|p1a: Moltres
|-crit|p1a: Moltres
|-damage|p1a: Moltres|0 fnt
|-unboost|p2a: Hellcat|spe|1
|-unboost|p2a: Hellcat|def|1
|-unboost|p2a: Hellcat|spd|1
|faint|p1a: Moltres
|
|upkeep
|-message|Avar 21212 forfeited.
|
|win|Colonel Rivai
|raw|Avar 21212's rating: 1569 &rarr; <strong>1554</strong><br />(-15 for losing)
|raw|Colonel Rivai's rating: 1657 &rarr; <strong>1672</strong><br />(+15 for winning)
|l|☆Avar 21212
