|j|☆LECH24
|j|☆beginer ou nerd
|t:|1649819021
|gametype|singles
|player|p1|LECH24|265|1668
|player|p2|beginer ou nerd|265|1675
|teamsize|p1|6
|teamsize|p2|6
|gen|8
|tier|[Gen 8] OU
|rated|
|rule|Sleep Clause Mod: Limit one foe put to sleep
|rule|Species Clause: Limit one of each Pokémon
|rule|OHKO Clause: OHKO moves are banned
|rule|Evasion Moves Clause: Evasion moves are banned
|rule|Endless Battle Clause: Forcing endless battles is banned
|rule|HP Percentage Mod: HP is shown in percentages
|rule|Dynamax Clause: You cannot dynamax
|clearpoke
|poke|p1|Terrakion|
|poke|p1|Zapdos-Galar|
|poke|p1|Slowking-Galar, M|
|poke|p1|Hydreigon, M|
|poke|p1|Corviknight, M|
|poke|p1|Tapu Lele|
|poke|p2|Pelipper, F|
|poke|p2|Barraskewda, F|
|poke|p2|Moltres-Galar|
|poke|p2|Ferrothorn, F|
|poke|p2|Crawdaunt, M|
|poke|p2|Seismitoad, M|
|teampreview
|
|t:|1649819045
|start
|switch|p1a: Terrakion|Terrakion|100/100
|switch|p2a: Pelipper|Pelipper, F|100/100
|-weather|RainDance|[from] ability: Drizzle|[of] p2a: Pelipper
|turn|1
|
|t:|1649819050
|switch|p2a: Seismitoad|Seismitoad, M|100/100
|move|p1a: Terrakion|Close Combat|p2a: Seismitoad
|-damage|p2a: Seismitoad|0 fnt
|-unboost|p1a: Terrakion|def|1
|-unboost|p1a: Terrakion|spd|1
|faint|p2a: Seismitoad
|-damage|p1a: Terrakion|91/100|[from] item: Life Orb
|
|-weather|RainDance|[upkeep]
|upkeep
|
|t:|1649819053
|switch|p2a: Barraskewda|Barraskewda, F|100/100
|turn|2
|
|t:|1649819058
|switch|p1a: Slowking|Slowking-Galar, M|100/100
|move|p2a: Barraskewda|Liquidation|p1a: Slowking
|-damage|p1a: Slowking|0 fnt
|faint|p1a: Slowking
|
|-weather|RainDance|[upkeep]
|upkeep
|
|t:|1649819061
|switch|p1a: Hydreigon|Hydreigon, M|100/100
|turn|3
|
|t:|1649819067
|switch|p1a: Terrakion|Terrakion|91/100
|move|p2a: Barraskewda|Liquidation|p1a: Terrakion
|-supereffective|p1a: Terrakion
|-damage|p1a: Terrakion|0 fnt
|faint|p1a: Terrakion
|
|-weather|RainDance|[upkeep]
|upkeep
|
|t:|1649819072
|switch|p1a: Hydreigon|Hydreigon, M|100/100
|turn|4
|
|t:|1649819075
|switch|p2a: Ferrothorn|Ferrothorn, F|100/100
|move|p1a: Hydreigon|Nasty Plot|p1a: Hydreigon
|-boost|p1a: Hydreigon|spa|2
|
|-weather|RainDance|[upkeep]
|upkeep
|turn|5
|
|t:|1649819079
|move|p1a: Hydreigon|Dark Pulse|p2a: Ferrothorn
|-damage|p2a: Ferrothorn|26/100
|-damage|p1a: Hydreigon|91/100|[from] item: Life Orb
|move|p2a: Ferrothorn|Stealth Rock|p1a: Hydreigon
|-sidestart|p1: LECH24|move: Stealth Rock
|
|-weather|RainDance|[upkeep]
|-heal|p2a: Ferrothorn|32/100|[from] item: Leftovers
|upkeep
|turn|6
|
|t:|1649819084
|move|p1a: Hydreigon|Dark Pulse|p2a: Ferrothorn
|-damage|p2a: Ferrothorn|0 fnt
|faint|p2a: Ferrothorn
|-damage|p1a: Hydreigon|81/100|[from] item: Life Orb
|
|-weather|RainDance|[upkeep]
|upkeep
|
|t:|1649819086
|switch|p2a: Barraskewda|Barraskewda, F|100/100
|turn|7
|
|t:|1649819096
|move|p2a: Barraskewda|Close Combat|p1a: Hydreigon
|-supereffective|p1a: Hydreigon
|-damage|p1a: Hydreigon|0 fnt
|-unboost|p2a: Barraskewda|def|1
|-unboost|p2a: Barraskewda|spd|1
|faint|p1a: Hydreigon
|
|-weather|RainDance|[upkeep]
|upkeep
|-message|LECH24 forfeited.
|
|win|beginer ou nerd
|raw|LECH24's rating: 1668 &rarr; <strong>1648</strong><br />(-20 for losing)
|raw|beginer ou nerd's rating: 1675 &rarr; <strong>1695</strong><br />(+20 for winning)
|l|☆LECH24
