|html|<div class="broadcast-blue"><strong>[Gen 8] OU is currently suspecting Melmetal! For information on how to participate check out the <a href="https://www.smogon.com/forums/threads/np-ss-ou-suspect-process-round-12-monster-mash.3709234/">suspect thread</a>.</strong></div>
|j|☆stimo96
|j|☆minimax_ai
|t:|1665999334
|gametype|singles
|player|p1|stimo96|alder|1666
|player|p2|minimax_ai|lusamine-nihilego|1640
|teamsize|p1|6
|teamsize|p2|6
|gen|8
|tier|[Gen 8] OU
|rated|
|rule|Sleep Clause Mod: Limit one foe put to sleep
|rule|Species Clause: Limit one of each Pokémon
|rule|OHKO Clause: OHKO moves are banned
|rule|Evasion Items Clause: Evasion items are banned
|rule|Evasion Moves Clause: Evasion moves are banned
|rule|Endless Battle Clause: Forcing endless battles is banned
|rule|HP Percentage Mod: HP is shown in percentages
|rule|Dynamax Clause: You cannot dynamax
|clearpoke
|poke|p1|Pelipper, F|
|poke|p1|Ferrothorn, M|
|poke|p1|Zapdos|
|poke|p1|Volcanion|
|poke|p1|Seismitoad, F|
|poke|p1|Barraskewda, F|
|poke|p2|Rotom-Wash|
|poke|p2|Weavile, M|
|poke|p2|Landorus-Therian, M|
|poke|p2|Heatran, M|
|poke|p2|Tangrowth, F|
|poke|p2|Melmetal|
|teampreview
|c|☆minimax_ai|hf
|j| Jongruenwald
|inactive|Battle timer is ON: inactive players will automatically lose when time's up. (requested by minimax_ai)
|c|☆stimo96|hf
|
|t:|1665999343
|start
|switch|p1a: Pelipper|Pelipper, F|100/100
|switch|p2a: landorustherian|Landorus-Therian, M|100/100
|-ability|p2a: landorustherian|Intimidate|boost
|-unboost|p1a: Pelipper|atk|1
|-weather|RainDance|[from] ability: Drizzle|[of] p1a: Pelipper
|turn|1
|
|t:|1665999352
|switch|p2a: rotomwash|Rotom-Wash|100/100
|move|p1a: Pelipper|U-turn|p2a: rotomwash
|-damage|p2a: rotomwash|94/100
|
|t:|1665999363
|switch|p1a: Zapdos|Zapdos|100/100|[from]move: U-turn
|
|-weather|RainDance|[upkeep]
|-heal|p2a: rotomwash|99/100|[from] item: Leftovers
|upkeep
|turn|2
|
|t:|1665999368
|switch|p2a: Melmetal|Melmetal|100/100
|move|p1a: Zapdos|Thunder|p2a: Melmetal
|-damage|p2a: Melmetal|69/100
|
|-weather|RainDance|[upkeep]
|upkeep
|turn|3
|
|t:|1665999381
|switch|p1a: Volcanion|Volcanion|100/100
|move|p2a: Melmetal|Thunder Punch|p1a: Volcanion
|-supereffective|p1a: Volcanion
|-damage|p1a: Volcanion|37/100
|
|-weather|RainDance|[upkeep]
|upkeep
|turn|4
|
|t:|1665999387
|switch|p2a: rotomwash|Rotom-Wash|99/100
|move|p1a: Volcanion|Steam Eruption|p2a: rotomwash
|-resisted|p2a: rotomwash
|-damage|p2a: rotomwash|26/100
|
|-weather|RainDance|[upkeep]
|-heal|p2a: rotomwash|32/100|[from] item: Leftovers
|upkeep
|turn|5
|
|t:|1665999396
|move|p2a: rotomwash|Thunderbolt|p1a: Volcanion
|-supereffective|p1a: Volcanion
|-damage|p1a: Volcanion|0 fnt
|faint|p1a: Volcanion
|
|-weather|RainDance|[upkeep]
|-heal|p2a: rotomwash|38/100|[from] item: Leftovers
|upkeep
|
|t:|1665999404
|switch|p1a: Zapdos|Zapdos|100/100
|turn|6
|
|t:|1665999407
|switch|p2a: Melmetal|Melmetal|69/100
|move|p1a: Zapdos|Thunder|p2a: Melmetal
|-damage|p2a: Melmetal|38/100
|-status|p2a: Melmetal|par
|
|-weather|RainDance|[upkeep]
|upkeep
|turn|7
|
|t:|1665999416
|move|p1a: Zapdos|Weather Ball|p2a: Melmetal
|-damage|p2a: Melmetal|6/100 par
|cant|p2a: Melmetal|par
|
|-weather|RainDance|[upkeep]
|upkeep
|turn|8
|
|t:|1665999424
|move|p1a: Zapdos|Hurricane|p2a: Melmetal
|-resisted|p2a: Melmetal
|-damage|p2a: Melmetal|0 fnt
|faint|p2a: Melmetal
|
|-weather|none
|upkeep
|
|t:|1665999424
|switch|p2a: Heatran|Heatran, M|100/100
|-item|p2a: Heatran|Air Balloon
|turn|9
|
|t:|1665999432
|switch|p1a: Pelipper|Pelipper, F|100/100
|-weather|RainDance|[from] ability: Drizzle|[of] p1a: Pelipper
|move|p2a: Heatran|Magma Storm|p1a: Pelipper|[miss]
|-miss|p2a: Heatran|p1a: Pelipper
|
|-weather|RainDance|[upkeep]
|upkeep
|turn|10
|
|t:|1665999440
|switch|p2a: Tangrowth|Tangrowth, F|100/100
|move|p1a: Pelipper|U-turn|p2a: Tangrowth
|-supereffective|p2a: Tangrowth
|-damage|p2a: Tangrowth|91/100
|-damage|p1a: Pelipper|84/100|[from] item: Rocky Helmet|[of] p2a: Tangrowth
|
|t:|1665999446
|switch|p1a: Zapdos|Zapdos|100/100|[from]move: U-turn
|
|-weather|RainDance|[upkeep]
|upkeep
|turn|11
|
|t:|1665999451
|switch|p2a: Weavile|Weavile, M|100/100
|-ability|p2a: Weavile|Pressure
|move|p1a: Zapdos|Hurricane|p2a: Weavile
|-damage|p2a: Weavile|15/100
|-start|p2a: Weavile|confusion
|
|-weather|RainDance|[upkeep]
|upkeep
|turn|12
|
|t:|1665999462
|switch|p1a: Ferrothorn|Ferrothorn, M|100/100
|-activate|p2a: Weavile|confusion
|move|p2a: Weavile|Ice Shard|p1a: Ferrothorn
|-damage|p1a: Ferrothorn|80/100
|-enditem|p1a: Ferrothorn|Eject Button
|
|t:|1665999475
|switch|p1a: Barraskewda|Barraskewda, F, shiny|100/100
|
|-weather|RainDance|[upkeep]
|upkeep
|turn|13
|
|t:|1665999479
|switch|p2a: Tangrowth|Tangrowth, F|100/100
|move|p1a: Barraskewda|Flip Turn|p2a: Tangrowth
|-resisted|p2a: Tangrowth
|-damage|p2a: Tangrowth|82/100
|-damage|p1a: Barraskewda|84/100|[from] item: Rocky Helmet|[of] p2a: Tangrowth
|
|t:|1665999486
|switch|p1a: Zapdos|Zapdos|100/100|[from]move: Flip Turn
|
|-weather|RainDance|[upkeep]
|upkeep
|turn|14
|
|t:|1665999490
|switch|p2a: Weavile|Weavile, M|15/100
|-ability|p2a: Weavile|Pressure
|move|p1a: Zapdos|Hurricane|p2a: Weavile
|-damage|p2a: Weavile|0 fnt
|faint|p2a: Weavile
|
|-weather|RainDance|[upkeep]
|upkeep
|
|t:|1665999491
|switch|p2a: landorustherian|Landorus-Therian, M|100/100
|-ability|p2a: landorustherian|Intimidate|boost
|-unboost|p1a: Zapdos|atk|1
|turn|15
|
|t:|1665999503
|switch|p2a: rotomwash|Rotom-Wash|38/100
|move|p1a: Zapdos|Weather Ball|p2a: rotomwash
|-resisted|p2a: rotomwash
|-damage|p2a: rotomwash|10/100
|
|-weather|RainDance|[upkeep]
|-heal|p2a: rotomwash|16/100|[from] item: Leftovers
|upkeep
|turn|16
|
|t:|1665999513
|move|p1a: Zapdos|Weather Ball|p2a: rotomwash
|-resisted|p2a: rotomwash
|-damage|p2a: rotomwash|0 fnt
|faint|p2a: rotomwash
|
|-weather|none
|upkeep
|
|t:|1665999513
|switch|p2a: Heatran|Heatran, M|100/100
|-item|p2a: Heatran|Air Balloon
|turn|17
|
|t:|1665999522
|switch|p1a: Pelipper|Pelipper, F|84/100
|-weather|RainDance|[from] ability: Drizzle|[of] p1a: Pelipper
|move|p2a: Heatran|Stealth Rock|p1a: Pelipper
|-sidestart|p1: stimo96|move: Stealth Rock
|
|-weather|RainDance|[upkeep]
|upkeep
|turn|18
|
|t:|1665999529
|switch|p2a: Tangrowth|Tangrowth, F|100/100
|move|p1a: Pelipper|U-turn|p2a: Tangrowth
|-supereffective|p2a: Tangrowth
|-damage|p2a: Tangrowth|91/100
|-damage|p1a: Pelipper|68/100|[from] item: Rocky Helmet|[of] p2a: Tangrowth
|
|t:|1665999535
|switch|p1a: Zapdos|Zapdos|100/100|[from]move: U-turn
|
|-weather|RainDance|[upkeep]
|upkeep
|turn|19
|
|t:|1665999540
|move|p1a: Zapdos|Hurricane|p2a: Tangrowth
|-supereffective|p2a: Tangrowth
|-damage|p2a: Tangrowth|0 fnt
|faint|p2a: Tangrowth
|
|-weather|RainDance|[upkeep]
|upkeep
|
|t:|1665999540
|switch|p2a: landorustherian|Landorus-Therian, M|100/100
|-ability|p2a: landorustherian|Intimidate|boost
|-unboost|p1a: Zapdos|atk|1
|turn|20
|
|t:|1665999548
|move|p1a: Zapdos|Weather Ball|p2a: landorustherian
|-supereffective|p2a: landorustherian
|-damage|p2a: landorustherian|21/100
|move|p2a: landorustherian|Toxic|p1a: Zapdos
|-status|p1a: Zapdos|tox
|
|-weather|RainDance|[upkeep]
|-heal|p2a: landorustherian|27/100|[from] item: Leftovers
|-damage|p1a: Zapdos|94/100 tox|[from] psn
|upkeep
|turn|21
|
|t:|1665999557
|move|p1a: Zapdos|Weather Ball|p2a: landorustherian
|-supereffective|p2a: landorustherian
|-crit|p2a: landorustherian
|-damage|p2a: landorustherian|0 fnt
|faint|p2a: landorustherian
|
|-weather|RainDance|[upkeep]
|-damage|p1a: Zapdos|82/100 tox|[from] psn
|upkeep
|
|t:|1665999557
|switch|p2a: Heatran|Heatran, M|100/100
|-item|p2a: Heatran|Air Balloon
|turn|22
|
|t:|1665999567
|move|p1a: Zapdos|Weather Ball|p2a: Heatran
|-supereffective|p2a: Heatran
|-damage|p2a: Heatran|0 fnt
|-enditem|p2a: Heatran|Air Balloon
|faint|p2a: Heatran
|
|win|stimo96
|raw|stimo96's rating: 1666 &rarr; <strong>1685</strong><br />(+19 for winning)
|raw|minimax_ai's rating: 1640 &rarr; <strong>1621</strong><br />(-19 for losing)
|c|☆minimax_ai|gg
