|j|☆wuilan jie
|j|☆wyralith
|t:|1663207744
|gametype|singles
|player|p1|wuilan jie|102|1376
|player|p2|wyralith|mars|1360
|teamsize|p1|6
|teamsize|p2|6
|gen|8
|tier|[Gen 8] OU
|rated|
|rule|Sleep Clause Mod: Limit one foe put to sleep
|rule|Species Clause: Limit one of each Pokémon
|rule|OHKO Clause: OHKO moves are banned
|rule|Evasion Items Clause: Evasion items are banned
|rule|Evasion Moves Clause: Evasion moves are banned
|rule|Endless Battle Clause: Forcing endless battles is banned
|rule|HP Percentage Mod: HP is shown in percentages
|rule|Dynamax Clause: You cannot dynamax
|clearpoke
|poke|p1|Barraskewda, F|
|poke|p1|Pelipper, F|
|poke|p1|Zapdos|
|poke|p1|Ferrothorn, M|
|poke|p1|Tornadus-Therian, M|
|poke|p1|Seismitoad, M|
|poke|p2|Urshifu-*, F|
|poke|p2|Slowbro, F|
|poke|p2|Blissey, F|
|poke|p2|Corviknight, F|
|poke|p2|Dragapult, F|
|poke|p2|Garchomp, M|
|teampreview
|inactive|Battle timer is ON: inactive players will automatically lose when time's up. (requested by wyralith)
|
|t:|1663207785
|start
|switch|p1a: Pelipper|Pelipper, F|100/100
|switch|p2a: Slowbro|Slowbro, F|100/100
|-weather|RainDance|[from] ability: Drizzle|[of] p1a: Pelipper
|turn|1
|
|t:|1663207796
|move|p1a: Pelipper|U-turn|p2a: Slowbro
|-supereffective|p2a: Slowbro
|-damage|p2a: Slowbro|90/100
|-damage|p1a: Pelipper|84/100|[from] item: Rocky Helmet|[of] p2a: Slowbro
|
|t:|1663207803
|switch|p1a: Tornadus|Tornadus-Therian, M|100/100|[from]move: U-turn
|move|p2a: Slowbro|Future Sight|p1a: Tornadus
|-start|p2a: Slowbro|move: Future Sight
|
|-weather|RainDance|[upkeep]
|upkeep
|turn|2
|
|t:|1663207806
|switch|p2a: Blissey|Blissey, F|100/100
|move|p1a: Tornadus|Knock Off|p2a: Blissey
|-crit|p2a: Blissey
|-damage|p2a: Blissey|76/100
|-enditem|p2a: Blissey|Heavy-Duty Boots|[from] move: Knock Off|[of] p1a: Tornadus
|
|-weather|RainDance|[upkeep]
|upkeep
|turn|3
|
|t:|1663207822
|move|p1a: Tornadus|U-turn|p2a: Blissey
|-damage|p2a: Blissey|63/100
|
|t:|1663207824
|switch|p1a: Ferrothorn|Ferrothorn, M|100/100|[from]move: U-turn
|move|p2a: Blissey|Stealth Rock|p1a: Ferrothorn
|-sidestart|p1: wuilan jie|move: Stealth Rock
|
|-weather|RainDance|[upkeep]
|-end|p1a: Ferrothorn|move: Future Sight
|-resisted|p1a: Ferrothorn
|-damage|p1a: Ferrothorn|82/100
|-heal|p1a: Ferrothorn|89/100|[from] item: Leftovers
|upkeep
|turn|4
|
|t:|1663207844
|switch|p2a: Slowbro|Slowbro, F|100/100
|move|p1a: Ferrothorn|Spikes|p2a: Slowbro
|-sidestart|p2: wyralith|Spikes
|
|-weather|RainDance|[upkeep]
|-heal|p1a: Ferrothorn|95/100|[from] item: Leftovers
|upkeep
|turn|5
|
|t:|1663207850
|move|p2a: Slowbro|Scald|p1a: Ferrothorn
|-resisted|p1a: Ferrothorn
|-damage|p1a: Ferrothorn|76/100
|move|p1a: Ferrothorn|Knock Off|p2a: Slowbro
|-supereffective|p2a: Slowbro
|-damage|p2a: Slowbro|75/100
|-damage|p1a: Ferrothorn|60/100|[from] item: Rocky Helmet|[of] p2a: Slowbro
|-enditem|p2a: Slowbro|Rocky Helmet|[from] move: Knock Off|[of] p1a: Ferrothorn
|
|-weather|none
|-heal|p1a: Ferrothorn|66/100|[from] item: Leftovers
|upkeep
|turn|6
|
|t:|1663207853
|move|p2a: Slowbro|Future Sight|p1a: Ferrothorn
|-start|p2a: Slowbro|move: Future Sight
|move|p1a: Ferrothorn|Leech Seed|p2a: Slowbro
|-start|p2a: Slowbro|move: Leech Seed
|
|-heal|p1a: Ferrothorn|72/100|[from] item: Leftovers
|-damage|p2a: Slowbro|63/100|[from] Leech Seed|[of] p1a: Ferrothorn
|-heal|p1a: Ferrothorn|86/100|[silent]
|upkeep
|turn|7
|
|t:|1663207866
|move|p1a: Ferrothorn|Spikes|p2a: Slowbro
|-sidestart|p2: wyralith|Spikes
|move|p2a: Slowbro|Teleport|p2a: Slowbro
|
|t:|1663207872
|switch|p2a: Urshifu|Urshifu-Rapid-Strike, F|100/100|[from]move: Teleport
|-damage|p2a: Urshifu|84/100|[from] Spikes
|
|-heal|p1a: Ferrothorn|93/100|[from] item: Leftovers
|upkeep
|turn|8
|
|t:|1663207897
|switch|p1a: Pelipper|Pelipper, F|84/100
|-damage|p1a: Pelipper|59/100|[from] Stealth Rock
|-weather|RainDance|[from] ability: Drizzle|[of] p1a: Pelipper
|move|p2a: Urshifu|Close Combat|p1a: Pelipper
|-resisted|p1a: Pelipper
|-crit|p1a: Pelipper
|-damage|p1a: Pelipper|0 fnt
|-unboost|p2a: Urshifu|def|1
|-unboost|p2a: Urshifu|spd|1
|faint|p1a: Pelipper
|
|-weather|RainDance|[upkeep]
|-hint|Future Sight did not hit because the target is fainted.
|upkeep
|
|t:|1663207907
|switch|p1a: Barraskewda|Barraskewda, F|100/100
|-damage|p1a: Barraskewda|88/100|[from] Stealth Rock
|turn|9
|
|t:|1663207917
|switch|p2a: Slowbro|Slowbro, F|96/100
|-damage|p2a: Slowbro|79/100|[from] Spikes
|move|p1a: Barraskewda|Liquidation|p2a: Slowbro
|-resisted|p2a: Slowbro
|-crit|p2a: Slowbro
|-damage|p2a: Slowbro|37/100
|-unboost|p2a: Slowbro|def|1
|
|-weather|RainDance|[upkeep]
|upkeep
|turn|10
|
|t:|1663207925
|switch|p2a: Corviknight|Corviknight, F|100/100
|-ability|p2a: Corviknight|Pressure
|move|p1a: Barraskewda|Liquidation|p2a: Corviknight
|-damage|p2a: Corviknight|36/100
|
|-weather|RainDance|[upkeep]
|-heal|p2a: Corviknight|42/100|[from] item: Leftovers
|upkeep
|turn|11
|
|t:|1663207930
|move|p1a: Barraskewda|Liquidation|p2a: Corviknight
|-damage|p2a: Corviknight|0 fnt
|faint|p2a: Corviknight
|
|-weather|RainDance|[upkeep]
|upkeep
|
|t:|1663207932
|switch|p2a: Slowbro|Slowbro, F|70/100
|-damage|p2a: Slowbro|54/100|[from] Spikes
|turn|12
|
|t:|1663207935
|move|p1a: Barraskewda|Liquidation|p2a: Slowbro
|-resisted|p2a: Slowbro
|-damage|p2a: Slowbro|23/100
|-unboost|p2a: Slowbro|def|1
|move|p2a: Slowbro|Slack Off|p2a: Slowbro
|-heal|p2a: Slowbro|73/100
|
|-weather|none
|upkeep
|turn|13
|
|t:|1663207944
|switch|p1a: Ferrothorn|Ferrothorn, M|93/100
|-damage|p1a: Ferrothorn|86/100|[from] Stealth Rock
|move|p2a: Slowbro|Slack Off|p2a: Slowbro
|-heal|p2a: Slowbro|100/100
|
|-heal|p1a: Ferrothorn|93/100|[from] item: Leftovers
|upkeep
|turn|14
|
|t:|1663207953
|move|p2a: Slowbro|Scald|p1a: Ferrothorn
|-resisted|p1a: Ferrothorn
|-damage|p1a: Ferrothorn|82/100
|move|p1a: Ferrothorn|Spikes|p2a: Slowbro
|-sidestart|p2: wyralith|Spikes
|
|-heal|p1a: Ferrothorn|88/100|[from] item: Leftovers
|upkeep
|turn|15
|
|t:|1663207963
|move|p1a: Ferrothorn|Leech Seed|p2a: Slowbro
|-start|p2a: Slowbro|move: Leech Seed
|move|p2a: Slowbro|Teleport|p2a: Slowbro
|
|t:|1663207969
|switch|p2a: Urshifu|Urshifu-Rapid-Strike, F|84/100|[from]move: Teleport
|-damage|p2a: Urshifu|59/100|[from] Spikes
|
|-heal|p1a: Ferrothorn|94/100|[from] item: Leftovers
|upkeep
|turn|16
|
|t:|1663207976
|switch|p1a: Tornadus|Tornadus-Therian, M|100/100
|move|p2a: Urshifu|U-turn|p1a: Tornadus
|-resisted|p1a: Tornadus
|-damage|p1a: Tornadus|79/100
|
|t:|1663207985
|switch|p2a: Dragapult|Dragapult, F|100/100|[from]move: U-turn
|-damage|p2a: Dragapult|76/100|[from] Spikes
|
|upkeep
|turn|17
|
|t:|1663207992
|move|p2a: Dragapult|Thunder|p1a: Tornadus
|-supereffective|p1a: Tornadus
|-damage|p1a: Tornadus|16/100
|move|p1a: Tornadus|Knock Off|p2a: Dragapult
|-supereffective|p2a: Dragapult
|-damage|p2a: Dragapult|9/100
|-enditem|p2a: Dragapult|Choice Scarf|[from] move: Knock Off|[of] p1a: Tornadus
|
|upkeep
|turn|18
|
|t:|1663208017
|switch|p1a: Seismitoad|Seismitoad, M|100/100
|-damage|p1a: Seismitoad|95/100|[from] Stealth Rock
|move|p2a: Dragapult|Shadow Ball|p1a: Seismitoad
|-damage|p1a: Seismitoad|54/100
|
|upkeep
|turn|19
|
|t:|1663208023
|move|p2a: Dragapult|Draco Meteor|p1a: Seismitoad
|-damage|p1a: Seismitoad|0 fnt
|-unboost|p2a: Dragapult|spa|2
|faint|p1a: Seismitoad
|
|upkeep
|
|t:|1663208030
|switch|p1a: Tornadus|Tornadus-Therian, M|49/100
|turn|20
|
|t:|1663208035
|switch|p1a: Ferrothorn|Ferrothorn, M|94/100
|-damage|p1a: Ferrothorn|88/100|[from] Stealth Rock
|move|p2a: Dragapult|Thunder|p1a: Ferrothorn
|-resisted|p1a: Ferrothorn
|-damage|p1a: Ferrothorn|81/100
|
|-heal|p1a: Ferrothorn|87/100|[from] item: Leftovers
|upkeep
|turn|21
|
|t:|1663208049
|move|p2a: Dragapult|Shadow Ball|p1a: Ferrothorn
|-damage|p1a: Ferrothorn|71/100
|move|p1a: Ferrothorn|Leech Seed|p2a: Dragapult|[miss]
|-miss|p1a: Ferrothorn|p2a: Dragapult
|
|-heal|p1a: Ferrothorn|77/100|[from] item: Leftovers
|upkeep
|turn|22
|
|t:|1663208055
|move|p2a: Dragapult|Shadow Ball|p1a: Ferrothorn
|-damage|p1a: Ferrothorn|62/100
|move|p1a: Ferrothorn|Leech Seed|p2a: Dragapult
|-start|p2a: Dragapult|move: Leech Seed
|
|-heal|p1a: Ferrothorn|68/100|[from] item: Leftovers
|-damage|p2a: Dragapult|0 fnt|[from] Leech Seed|[of] p1a: Ferrothorn
|-heal|p1a: Ferrothorn|76/100|[silent]
|faint|p2a: Dragapult
|upkeep
|
|t:|1663208063
|switch|p2a: Garchomp|Garchomp, M|100/100
|-damage|p2a: Garchomp|76/100|[from] Spikes
|turn|23
|
|t:|1663208069
|move|p2a: Garchomp|Swords Dance|p2a: Garchomp
|-boost|p2a: Garchomp|atk|2
|move|p1a: Ferrothorn|Leech Seed|p2a: Garchomp
|-start|p2a: Garchomp|move: Leech Seed
|
|-heal|p2a: Garchomp|82/100|[from] item: Leftovers
|-heal|p1a: Ferrothorn|82/100|[from] item: Leftovers
|-damage|p2a: Garchomp|69/100|[from] Leech Seed|[of] p1a: Ferrothorn
|-heal|p1a: Ferrothorn|95/100|[silent]
|upkeep
|turn|24
|
|t:|1663208076
|move|p2a: Garchomp|Scale Shot|p1a: Ferrothorn
|-resisted|p1a: Ferrothorn
|-damage|p1a: Ferrothorn|88/100
|-resisted|p1a: Ferrothorn
|-damage|p1a: Ferrothorn|80/100
|-resisted|p1a: Ferrothorn
|-damage|p1a: Ferrothorn|73/100
|-hitcount|p1a: Ferrothorn|3
|-unboost|p2a: Garchomp|def|1
|-boost|p2a: Garchomp|spe|1
|move|p1a: Ferrothorn|Knock Off|p2a: Garchomp
|-damage|p2a: Garchomp|38/100
|-damage|p1a: Ferrothorn|60/100|[from] ability: Rough Skin|[of] p2a: Garchomp
|-enditem|p2a: Garchomp|Leftovers|[from] move: Knock Off|[of] p1a: Ferrothorn
|
|-heal|p1a: Ferrothorn|66/100|[from] item: Leftovers
|-damage|p2a: Garchomp|25/100|[from] Leech Seed|[of] p1a: Ferrothorn
|-heal|p1a: Ferrothorn|79/100|[silent]
|upkeep
|turn|25
|
|t:|1663208083
|move|p2a: Garchomp|Fire Fang|p1a: Ferrothorn
|-supereffective|p1a: Ferrothorn
|-damage|p1a: Ferrothorn|0 fnt
|-damage|p2a: Garchomp|13/100|[from] ability: Iron Barbs|[of] p1a: Ferrothorn
|faint|p1a: Ferrothorn
|
|upkeep
|inactive|wuilan jie has 120 seconds left.
|
|t:|1663208121
|switch|p1a: Zapdos|Zapdos|100/100
|turn|26
|inactive|wuilan jie has 120 seconds left.
|
|t:|1663208131
|move|p2a: Garchomp|Scale Shot|p1a: Zapdos|[miss]
|-miss|p2a: Garchomp|p1a: Zapdos
|move|p1a: Zapdos|Roost||[still]
|-fail|p1a: Zapdos|heal
|
|-damage|p2a: Garchomp|1/100|[from] Leech Seed|[of] p1a: Zapdos
|upkeep
|turn|27
|
|t:|1663208134
|move|p2a: Garchomp|Scale Shot|p1a: Zapdos
|-damage|p1a: Zapdos|79/100
|-damage|p1a: Zapdos|57/100
|-hitcount|p1a: Zapdos|2
|-unboost|p2a: Garchomp|def|1
|-boost|p2a: Garchomp|spe|1
|move|p1a: Zapdos|Roost|p1a: Zapdos
|-heal|p1a: Zapdos|100/100
|-singleturn|p1a: Zapdos|move: Roost
|
|-damage|p2a: Garchomp|0 fnt|[from] Leech Seed|[of] p1a: Zapdos
|faint|p2a: Garchomp
|upkeep
|
|t:|1663208142
|switch|p2a: Slowbro|Slowbro, F|100/100
|-damage|p2a: Slowbro|76/100|[from] Spikes
|turn|28
|
|t:|1663208160
|move|p1a: Zapdos|Hurricane|p2a: Slowbro
|-damage|p2a: Slowbro|30/100
|-start|p2a: Slowbro|confusion
|-activate|p2a: Slowbro|confusion
|move|p2a: Slowbro|Future Sight|p1a: Zapdos
|-start|p2a: Slowbro|move: Future Sight
|
|upkeep
|turn|29
|
|t:|1663208167
|switch|p2a: Blissey|Blissey, F|63/100
|-damage|p2a: Blissey|38/100|[from] Spikes
|move|p1a: Zapdos|Hurricane|p2a: Blissey
|-damage|p2a: Blissey|22/100
|
|upkeep
|turn|30
|
|t:|1663208173
|switch|p1a: Barraskewda|Barraskewda, F|88/100
|-damage|p1a: Barraskewda|76/100|[from] Stealth Rock
|move|p2a: Blissey|Soft-Boiled|p2a: Blissey
|-heal|p2a: Blissey|72/100
|
|-end|p1a: Barraskewda|move: Future Sight
|-damage|p1a: Barraskewda|0 fnt
|faint|p1a: Barraskewda
|upkeep
|
|t:|1663208183
|switch|p1a: Zapdos|Zapdos|100/100
|turn|31
|
|t:|1663208189
|move|p1a: Zapdos|Heat Wave|p2a: Blissey
|-damage|p2a: Blissey|62/100
|move|p2a: Blissey|Soft-Boiled|p2a: Blissey
|-heal|p2a: Blissey|100/100
|
|upkeep
|turn|32
|
|t:|1663208192
|move|p1a: Zapdos|Heat Wave|p2a: Blissey
|-damage|p2a: Blissey|92/100
|move|p2a: Blissey|Seismic Toss|p1a: Zapdos
|-damage|p1a: Zapdos|74/100
|
|upkeep
|turn|33
|
|t:|1663208195
|move|p1a: Zapdos|Heat Wave|p2a: Blissey
|-damage|p2a: Blissey|82/100
|move|p2a: Blissey|Seismic Toss|p1a: Zapdos
|-damage|p1a: Zapdos|48/100
|
|upkeep
|turn|34
|
|t:|1663208198
|move|p1a: Zapdos|Roost|p1a: Zapdos
|-heal|p1a: Zapdos|98/100
|-singleturn|p1a: Zapdos|move: Roost
|move|p2a: Blissey|Seismic Toss|p1a: Zapdos
|-damage|p1a: Zapdos|72/100
|
|upkeep
|turn|35
|
|t:|1663208201
|move|p1a: Zapdos|Heat Wave|p2a: Blissey
|-damage|p2a: Blissey|73/100
|move|p2a: Blissey|Seismic Toss|p1a: Zapdos
|-damage|p1a: Zapdos|46/100
|-status|p2a: Blissey|par|[from] ability: Static|[of] p1a: Zapdos
|
|upkeep
|turn|36
|
|t:|1663208206
|move|p1a: Zapdos|Roost|p1a: Zapdos
|-heal|p1a: Zapdos|96/100
|-singleturn|p1a: Zapdos|move: Roost
|move|p2a: Blissey|Soft-Boiled|p2a: Blissey
|-heal|p2a: Blissey|100/100 par
|
|upkeep
|turn|37
|
|t:|1663208214
|switch|p1a: Tornadus|Tornadus-Therian, M|82/100
|move|p2a: Blissey|Teleport|p2a: Blissey
|
|t:|1663208217
|-curestatus|p2a: Blissey|par|[from] ability: Natural Cure
|switch|p2a: Slowbro|Slowbro, F|63/100|[from]move: Teleport
|-damage|p2a: Slowbro|38/100|[from] Spikes
|
|upkeep
|turn|38
|
|t:|1663208224
|move|p1a: Tornadus|Hurricane|p2a: Slowbro|[miss]
|-miss|p1a: Tornadus|p2a: Slowbro
|move|p2a: Slowbro|Slack Off|p2a: Slowbro
|-heal|p2a: Slowbro|88/100
|
|upkeep
|turn|39
|
|t:|1663208228
|move|p1a: Tornadus|Knock Off|p2a: Slowbro
|-supereffective|p2a: Slowbro
|-damage|p2a: Slowbro|71/100
|move|p2a: Slowbro|Future Sight|p1a: Tornadus
|-start|p2a: Slowbro|move: Future Sight
|
|upkeep
|turn|40
|
|t:|1663208232
|move|p1a: Tornadus|Knock Off|p2a: Slowbro
|-supereffective|p2a: Slowbro
|-damage|p2a: Slowbro|56/100
|move|p2a: Slowbro|Teleport|p2a: Slowbro
|
|t:|1663208238
|switch|p2a: Blissey|Blissey, F|100/100|[from]move: Teleport
|-damage|p2a: Blissey|76/100|[from] Spikes
|
|upkeep
|turn|41
|
|t:|1663208247
|move|p1a: Tornadus|Hurricane|p2a: Blissey|[miss]
|-miss|p1a: Tornadus|p2a: Blissey
|move|p2a: Blissey|Seismic Toss|p1a: Tornadus
|-damage|p1a: Tornadus|54/100
|
|-end|p1a: Tornadus|move: Future Sight
|-damage|p1a: Tornadus|13/100
|upkeep
|turn|42
|
|t:|1663208253
|move|p1a: Tornadus|U-turn|p2a: Blissey
|-damage|p2a: Blissey|64/100
|
|t:|1663208256
|switch|p1a: Zapdos|Zapdos|96/100|[from]move: U-turn
|move|p2a: Blissey|Seismic Toss|p1a: Zapdos
|-damage|p1a: Zapdos|70/100
|
|upkeep
|turn|43
|
|t:|1663208263
|move|p1a: Zapdos|Heat Wave|p2a: Blissey
|-damage|p2a: Blissey|55/100
|move|p2a: Blissey|Soft-Boiled|p2a: Blissey
|-heal|p2a: Blissey|100/100
|
|upkeep
|turn|44
|
|t:|1663208267
|move|p1a: Zapdos|Hurricane|p2a: Blissey
|-damage|p2a: Blissey|83/100
|-start|p2a: Blissey|confusion
|-activate|p2a: Blissey|confusion
|move|p2a: Blissey|Seismic Toss|p1a: Zapdos
|-damage|p1a: Zapdos|44/100
|-status|p2a: Blissey|par|[from] ability: Static|[of] p1a: Zapdos
|
|upkeep
|turn|45
|
|t:|1663208275
|move|p1a: Zapdos|Hurricane|p2a: Blissey
|-damage|p2a: Blissey|66/100 par
|-activate|p2a: Blissey|confusion
|cant|p2a: Blissey|par
|
|upkeep
|turn|46
|
|t:|1663208279
|move|p1a: Zapdos|Roost|p1a: Zapdos
|-heal|p1a: Zapdos|94/100
|-singleturn|p1a: Zapdos|move: Roost
|-activate|p2a: Blissey|confusion
|cant|p2a: Blissey|par
|
|upkeep
|turn|47
|
|t:|1663208283
|move|p1a: Zapdos|Hurricane|p2a: Blissey|[miss]
|-miss|p1a: Zapdos|p2a: Blissey
|-activate|p2a: Blissey|confusion
|-damage|p2a: Blissey|66/100 par|[from] confusion
|
|upkeep
|turn|48
|
|t:|1663208286
|move|p1a: Zapdos|Hurricane|p2a: Blissey|[miss]
|-miss|p1a: Zapdos|p2a: Blissey
|-end|p2a: Blissey|confusion
|move|p2a: Blissey|Soft-Boiled|p2a: Blissey
|-heal|p2a: Blissey|100/100 par
|
|upkeep
|turn|49
|
|t:|1663208287
|move|p1a: Zapdos|Hurricane|p2a: Blissey
|-damage|p2a: Blissey|82/100 par
|move|p2a: Blissey|Teleport|p2a: Blissey
|
|t:|1663208291
|-curestatus|p2a: Blissey|par|[from] ability: Natural Cure
|switch|p2a: Slowbro|Slowbro, F|89/100|[from]move: Teleport
|-damage|p2a: Slowbro|64/100|[from] Spikes
|
|upkeep
|turn|50
|
|t:|1663208294
|move|p1a: Zapdos|Hurricane|p2a: Slowbro
|-damage|p2a: Slowbro|13/100
|move|p2a: Slowbro|Future Sight|p1a: Zapdos
|-start|p2a: Slowbro|move: Future Sight
|
|upkeep
|turn|51
|
|t:|1663208304
|switch|p2a: Blissey|Blissey, F|82/100
|-damage|p2a: Blissey|57/100|[from] Spikes
|move|p1a: Zapdos|Hurricane|p2a: Blissey
|-damage|p2a: Blissey|41/100
|-start|p2a: Blissey|confusion
|
|upkeep
|turn|52
|
|t:|1663208314
|move|p1a: Zapdos|Heat Wave|p2a: Blissey
|-damage|p2a: Blissey|30/100
|-activate|p2a: Blissey|confusion
|move|p2a: Blissey|Soft-Boiled|p2a: Blissey
|-heal|p2a: Blissey|80/100
|
|-end|p1a: Zapdos|move: Future Sight
|-damage|p1a: Zapdos|57/100
|upkeep
|turn|53
|
|t:|1663208321
|move|p1a: Zapdos|Roost|p1a: Zapdos
|-heal|p1a: Zapdos|100/100
|-singleturn|p1a: Zapdos|move: Roost
|-activate|p2a: Blissey|confusion
|move|p2a: Blissey|Seismic Toss|p1a: Zapdos
|-damage|p1a: Zapdos|74/100
|-status|p2a: Blissey|par|[from] ability: Static|[of] p1a: Zapdos
|
|upkeep
|turn|54
|
|t:|1663208327
|move|p1a: Zapdos|Heat Wave|p2a: Blissey
|-damage|p2a: Blissey|70/100 par
|-activate|p2a: Blissey|confusion
|move|p2a: Blissey|Seismic Toss|p1a: Zapdos
|-damage|p1a: Zapdos|48/100
|
|upkeep
|turn|55
|
|t:|1663208333
|move|p1a: Zapdos|Roost|p1a: Zapdos
|-heal|p1a: Zapdos|98/100
|-singleturn|p1a: Zapdos|move: Roost
|-activate|p2a: Blissey|confusion
|move|p2a: Blissey|Seismic Toss|p1a: Zapdos
|-damage|p1a: Zapdos|72/100
|
|upkeep
|turn|56
|
|t:|1663208348
|switch|p1a: Tornadus|Tornadus-Therian, M|46/100
|-end|p2a: Blissey|confusion
|move|p2a: Blissey|Soft-Boiled|p2a: Blissey
|-heal|p2a: Blissey|100/100 par
|
|upkeep
|turn|57
|
|t:|1663208356
|move|p1a: Tornadus|Knock Off|p2a: Blissey
|-damage|p2a: Blissey|88/100 par
|move|p2a: Blissey|Seismic Toss|p1a: Tornadus
|-damage|p1a: Tornadus|18/100
|
|upkeep
|turn|58
|
|t:|1663208359
|move|p1a: Tornadus|U-turn|p2a: Blissey
|-damage|p2a: Blissey|76/100 par
|
|t:|1663208361
|switch|p1a: Zapdos|Zapdos|72/100|[from]move: U-turn
|move|p2a: Blissey|Seismic Toss|p1a: Zapdos
|-damage|p1a: Zapdos|46/100
|
|upkeep
|turn|59
|
|t:|1663208366
|move|p1a: Zapdos|Roost|p1a: Zapdos
|-heal|p1a: Zapdos|96/100
|-singleturn|p1a: Zapdos|move: Roost
|move|p2a: Blissey|Seismic Toss|p1a: Zapdos
|-damage|p1a: Zapdos|70/100
|
|upkeep
|turn|60
|
|t:|1663208373
|move|p1a: Zapdos|Hurricane|p2a: Blissey|[miss]
|-miss|p1a: Zapdos|p2a: Blissey
|move|p2a: Blissey|Seismic Toss|p1a: Zapdos
|-damage|p1a: Zapdos|44/100
|
|upkeep
|turn|61
|
|t:|1663208378
|move|p1a: Zapdos|Roost|p1a: Zapdos
|-heal|p1a: Zapdos|94/100
|-singleturn|p1a: Zapdos|move: Roost
|move|p2a: Blissey|Seismic Toss|p1a: Zapdos
|-damage|p1a: Zapdos|68/100
|
|upkeep
|turn|62
|
|t:|1663208384
|move|p1a: Zapdos|Heat Wave|p2a: Blissey
|-damage|p2a: Blissey|67/100 par
|cant|p2a: Blissey|par
|
|upkeep
|turn|63
|
|t:|1663208391
|move|p1a: Zapdos|Hurricane|p2a: Blissey
|-damage|p2a: Blissey|50/100 par
|move|p2a: Blissey|Seismic Toss|p1a: Zapdos
|-damage|p1a: Zapdos|42/100
|
|upkeep
|turn|64
|
|t:|1663208396
|move|p1a: Zapdos|Roost|p1a: Zapdos
|-heal|p1a: Zapdos|92/100
|-singleturn|p1a: Zapdos|move: Roost
|cant|p2a: Blissey|par
|
|upkeep
|turn|65
|
|t:|1663208399
|move|p1a: Zapdos|Hurricane|p2a: Blissey
|-damage|p2a: Blissey|31/100 par
|-start|p2a: Blissey|confusion
|-activate|p2a: Blissey|confusion
|move|p2a: Blissey|Soft-Boiled|p2a: Blissey
|-heal|p2a: Blissey|81/100 par
|
|upkeep
|turn|66
|
|t:|1663208405
|move|p1a: Zapdos|Hurricane|p2a: Blissey
|-damage|p2a: Blissey|65/100 par
|-activate|p2a: Blissey|confusion
|move|p2a: Blissey|Teleport|p2a: Blissey
|
|t:|1663208410
|-curestatus|p2a: Blissey|par|[from] ability: Natural Cure
|switch|p2a: Slowbro|Slowbro, F|46/100|[from]move: Teleport
|-damage|p2a: Slowbro|21/100|[from] Spikes
|
|upkeep
|turn|67
|
|t:|1663208416
|switch|p2a: Blissey|Blissey, F|65/100
|-damage|p2a: Blissey|40/100|[from] Spikes
|move|p1a: Zapdos|Hurricane|p2a: Blissey
|-damage|p2a: Blissey|22/100
|-start|p2a: Blissey|confusion
|
|upkeep
|turn|68
|
|t:|1663208424
|move|p1a: Zapdos|Hurricane|p2a: Blissey
|-damage|p2a: Blissey|5/100
|-activate|p2a: Blissey|confusion
|move|p2a: Blissey|Soft-Boiled|p2a: Blissey
|-heal|p2a: Blissey|55/100
|
|upkeep
|turn|69
|
|t:|1663208429
|move|p1a: Zapdos|Hurricane|p2a: Blissey
|-damage|p2a: Blissey|37/100
|-activate|p2a: Blissey|confusion
|move|p2a: Blissey|Soft-Boiled|p2a: Blissey
|-heal|p2a: Blissey|87/100
|
|upkeep
|turn|70
|
|t:|1663208436
|switch|p1a: Tornadus|Tornadus-Therian, M|52/100
|-activate|p2a: Blissey|confusion
|-damage|p2a: Blissey|86/100|[from] confusion
|
|upkeep
|turn|71
|
|t:|1663208443
|move|p1a: Tornadus|U-turn|p2a: Blissey
|-damage|p2a: Blissey|75/100
|
|t:|1663208445
|switch|p1a: Zapdos|Zapdos|92/100|[from]move: U-turn
|-activate|p2a: Blissey|confusion
|-damage|p2a: Blissey|74/100|[from] confusion
|
|upkeep
|turn|72
|
|t:|1663208450
|switch|p1a: Tornadus|Tornadus-Therian, M|85/100
|-end|p2a: Blissey|confusion
|move|p2a: Blissey|Seismic Toss|p1a: Tornadus
|-damage|p1a: Tornadus|57/100
|
|upkeep
|turn|73
|
|t:|1663208453
|move|p1a: Tornadus|U-turn|p2a: Blissey
|-damage|p2a: Blissey|62/100
|
|t:|1663208456
|switch|p1a: Zapdos|Zapdos|92/100|[from]move: U-turn
|move|p2a: Blissey|Seismic Toss|p1a: Zapdos
|-damage|p1a: Zapdos|66/100
|
|upkeep
|turn|74
|
|t:|1663208459
|switch|p1a: Tornadus|Tornadus-Therian, M|90/100
|move|p2a: Blissey|Seismic Toss|p1a: Tornadus
|-damage|p1a: Tornadus|63/100
|
|upkeep
|turn|75
|
|t:|1663208464
|move|p1a: Tornadus|U-turn|p2a: Blissey
|-damage|p2a: Blissey|50/100
|
|t:|1663208466
|switch|p1a: Zapdos|Zapdos|66/100|[from]move: U-turn
|move|p2a: Blissey|Seismic Toss|p1a: Zapdos
|-damage|p1a: Zapdos|40/100
|-status|p2a: Blissey|par|[from] ability: Static|[of] p1a: Zapdos
|
|upkeep
|turn|76
|
|t:|1663208473
|-curestatus|p2a: Blissey|par|[from] ability: Natural Cure
|switch|p2a: Slowbro|Slowbro, F|55/100
|-damage|p2a: Slowbro|30/100|[from] Spikes
|move|p1a: Zapdos|Roost|p1a: Zapdos
|-heal|p1a: Zapdos|90/100
|-singleturn|p1a: Zapdos|move: Roost
|
|upkeep
|turn|77
|
|t:|1663208482
|switch|p1a: Tornadus|Tornadus-Therian, M|96/100
|switch|p2a: Blissey|Blissey, F|50/100
|-damage|p2a: Blissey|25/100|[from] Spikes
|
|upkeep
|turn|78
|
|t:|1663208486
|move|p1a: Tornadus|Hurricane|p2a: Blissey
|-damage|p2a: Blissey|11/100
|-start|p2a: Blissey|confusion
|-activate|p2a: Blissey|confusion
|-damage|p2a: Blissey|10/100|[from] confusion
|
|upkeep
|turn|79
|
|t:|1663208494
|move|p1a: Tornadus|Knock Off|p2a: Blissey
|-damage|p2a: Blissey|0 fnt
|faint|p2a: Blissey
|
|upkeep
|
|t:|1663208496
|switch|p2a: Slowbro|Slowbro, F|63/100
|-damage|p2a: Slowbro|38/100|[from] Spikes
|turn|80
|
|t:|1663208501
|move|p1a: Tornadus|Hurricane|p2a: Slowbro
|-damage|p2a: Slowbro|0 fnt
|faint|p2a: Slowbro
|
|upkeep
|
|t:|1663208504
|switch|p2a: Urshifu|Urshifu-Rapid-Strike, F|59/100
|-damage|p2a: Urshifu|34/100|[from] Spikes
|turn|81
|
|t:|1663208509
|move|p2a: Urshifu|Aqua Jet|p1a: Tornadus
|-damage|p1a: Tornadus|59/100
|move|p1a: Tornadus|Hurricane|p2a: Urshifu
|-supereffective|p2a: Urshifu
|-damage|p2a: Urshifu|0 fnt
|faint|p2a: Urshifu
|
|win|wuilan jie
|raw|wuilan jie's rating: 1376 &rarr; <strong>1395</strong><br />(+19 for winning)
|raw|wyralith's rating: 1360 &rarr; <strong>1341</strong><br />(-19 for losing)
|l|☆wyralith
|c|☆wuilan jie|gg
||Ladder isn't responding, score probably updated but might not have (Request timeout).
