|j|☆numberoneswiftie
|j|☆bizarman
|t:|1665425474
|gametype|singles
|player|p1|numberoneswiftie|swimmerf-gen4|1688
|player|p2|bizarman|scientist-gen4|1828
|teamsize|p1|6
|teamsize|p2|6
|gen|8
|tier|[Gen 8] OU
|rated|
|rule|Sleep Clause Mod: Limit one foe put to sleep
|rule|Species Clause: Limit one of each Pokémon
|rule|OHKO Clause: OHKO moves are banned
|rule|Evasion Items Clause: Evasion items are banned
|rule|Evasion Moves Clause: Evasion moves are banned
|rule|Endless Battle Clause: Forcing endless battles is banned
|rule|HP Percentage Mod: HP is shown in percentages
|rule|Dynamax Clause: You cannot dynamax
|clearpoke
|poke|p1|Skarmory, F|
|poke|p1|Ditto|
|poke|p1|Toxapex, F|
|poke|p1|Blissey, F|
|poke|p1|Shedinja|
|poke|p1|Quagsire, M|
|poke|p2|Tapu Koko|
|poke|p2|Ferrothorn, F|
|poke|p2|Zapdos-Galar|
|poke|p2|Slowbro, M|
|poke|p2|Landorus-Therian, M|
|poke|p2|Heatran, M|
|teampreview
|j| Ashfak
|inactive|Battle timer is ON: inactive players will automatically lose when time's up. (requested by bizarman)
|
|t:|1665425512
|start
|switch|p1a: Ditto|Ditto|100/100
|switch|p2a: Heatran|Heatran, M|100/100
|-item|p2a: Heatran|Air Balloon
|-transform|p1a: Ditto|p2a: Heatran|[from] ability: Imposter
|-item|p1a: Ditto|Air Balloon
|turn|1
|
|t:|1665425525
|switch|p1a: Blissey|Blissey, F|100/100
|switch|p2a: Slowbro|Slowbro, M|100/100
|
|upkeep
|turn|2
|
|t:|1665425531
|move|p1a: Blissey|Toxic|p2a: Slowbro
|-status|p2a: Slowbro|tox
|move|p2a: Slowbro|Teleport|p2a: Slowbro
|
|t:|1665425534
|switch|p2a: Ferrothorn|Ferrothorn, F|100/100|[from]move: Teleport
|
|upkeep
|turn|3
|
|t:|1665425539
|move|p1a: Blissey|Stealth Rock|p2a: Ferrothorn
|-sidestart|p2: bizarman|move: Stealth Rock
|move|p2a: Ferrothorn|Spikes|p1a: Blissey
|-sidestart|p1: numberoneswiftie|Spikes
|
|upkeep
|turn|4
|j| Ran Kob
|
|t:|1665425543
|switch|p1a: Skarmory|Skarmory, F|100/100
|move|p2a: Ferrothorn|Knock Off|p1a: Skarmory
|-damage|p1a: Skarmory|86/100
|-enditem|p1a: Skarmory|Leftovers|[from] move: Knock Off|[of] p2a: Ferrothorn
|
|upkeep
|turn|5
|
|t:|1665425553
|switch|p2a: Heatran|Heatran, M|100/100
|-damage|p2a: Heatran|88/100|[from] Stealth Rock
|-item|p2a: Heatran|Air Balloon
|move|p1a: Skarmory|Spikes|p2a: Heatran
|-sidestart|p2: bizarman|Spikes
|
|upkeep
|turn|6
|
|t:|1665425568
|switch|p1a: Blissey|Blissey, F|100/100
|move|p2a: Heatran|Magma Storm|p1a: Blissey
|-damage|p1a: Blissey|81/100
|-activate|p1a: Blissey|move: Magma Storm|[of] p2a: Heatran
|
|-damage|p1a: Blissey|69/100|[from] move: Magma Storm|[partiallytrapped]
|upkeep
|turn|7
|
|t:|1665425575
|move|p2a: Heatran|Eruption|p1a: Blissey
|-damage|p1a: Blissey|43/100
|move|p1a: Blissey|Soft-Boiled|p1a: Blissey
|-heal|p1a: Blissey|93/100
|
|-damage|p1a: Blissey|81/100|[from] move: Magma Storm|[partiallytrapped]
|upkeep
|turn|8
|
|t:|1665425583
|switch|p2a: Ferrothorn|Ferrothorn, F|100/100
|-damage|p2a: Ferrothorn|94/100|[from] Stealth Rock
|-damage|p2a: Ferrothorn|82/100|[from] Spikes
|move|p1a: Blissey|Seismic Toss|p2a: Ferrothorn
|-damage|p2a: Ferrothorn|53/100
|-damage|p1a: Blissey|69/100|[from] ability: Iron Barbs|[of] p2a: Ferrothorn
|
|-heal|p2a: Ferrothorn|60/100|[from] item: Leftovers
|-end|p1a: Blissey|Magma Storm|[partiallytrapped]|[silent]
|upkeep
|turn|9
|l| Ran Kob
|l| Ashfak
|
|t:|1665425593
|move|p1a: Blissey|Soft-Boiled|p1a: Blissey
|-heal|p1a: Blissey|100/100
|move|p2a: Ferrothorn|Spikes|p1a: Blissey
|-sidestart|p1: numberoneswiftie|Spikes
|
|-heal|p2a: Ferrothorn|66/100|[from] item: Leftovers
|upkeep
|turn|10
|
|t:|1665425600
|switch|p1a: Skarmory|Skarmory, F|86/100
|move|p2a: Ferrothorn|Leech Seed|p1a: Skarmory
|-start|p1a: Skarmory|move: Leech Seed
|
|-heal|p2a: Ferrothorn|72/100|[from] item: Leftovers
|-damage|p1a: Skarmory|74/100|[from] Leech Seed|[of] p2a: Ferrothorn
|-heal|p2a: Ferrothorn|82/100|[silent]
|upkeep
|turn|11
|
|t:|1665425611
|switch|p2a: Heatran|Heatran, M|88/100
|-damage|p2a: Heatran|76/100|[from] Stealth Rock
|-item|p2a: Heatran|Air Balloon
|move|p1a: Skarmory|Spikes|p2a: Heatran
|-sidestart|p2: bizarman|Spikes
|
|-damage|p1a: Skarmory|61/100|[from] Leech Seed|[of] p2a: Heatran
|-heal|p2a: Heatran|87/100|[silent]
|upkeep
|turn|12
|
|t:|1665425622
|switch|p1a: Blissey|Blissey, F|100/100
|move|p2a: Heatran|Magma Storm|p1a: Blissey
|-damage|p1a: Blissey|81/100
|-activate|p1a: Blissey|move: Magma Storm|[of] p2a: Heatran
|
|-damage|p1a: Blissey|69/100|[from] move: Magma Storm|[partiallytrapped]
|upkeep
|turn|13
|
|t:|1665425642
|switch|p2a: Landorus|Landorus-Therian, M|100/100
|-damage|p2a: Landorus|88/100|[from] Stealth Rock
|-ability|p2a: Landorus|Intimidate|boost
|-unboost|p1a: Blissey|atk|1
|move|p1a: Blissey|Soft-Boiled|p1a: Blissey
|-heal|p1a: Blissey|100/100
|
|-heal|p2a: Landorus|94/100|[from] item: Leftovers
|-end|p1a: Blissey|Magma Storm|[partiallytrapped]|[silent]
|upkeep
|turn|14
|
|t:|1665425652
|move|p2a: Landorus|Stealth Rock|p1a: Blissey
|-sidestart|p1: numberoneswiftie|move: Stealth Rock
|move|p1a: Blissey|Toxic|p2a: Landorus
|-status|p2a: Landorus|tox
|
|-heal|p2a: Landorus|99/100 tox|[from] item: Leftovers
|-damage|p2a: Landorus|94/100 tox|[from] psn
|upkeep
|turn|15
|
|t:|1665425661
|switch|p1a: Skarmory|Skarmory, F|61/100
|-damage|p1a: Skarmory|49/100|[from] Stealth Rock
|move|p2a: Landorus|U-turn|p1a: Skarmory
|-resisted|p1a: Skarmory
|-damage|p1a: Skarmory|44/100
|
|t:|1665425671
|switch|p2a: Heatran|Heatran, M|87/100|[from]move: U-turn
|-damage|p2a: Heatran|74/100|[from] Stealth Rock
|-item|p2a: Heatran|Air Balloon
|
|upkeep
|turn|16
|
|t:|1665425681
|switch|p1a: Blissey|Blissey, F|100/100
|move|p2a: Heatran|Eruption|p1a: Blissey
|-damage|p1a: Blissey|78/100
|
|upkeep
|turn|17
|
|t:|1665425693
|switch|p2a: Slowbro|Slowbro, M|100/100 tox
|-damage|p2a: Slowbro|88/100 tox|[from] Stealth Rock
|-damage|p2a: Slowbro|72/100 tox|[from] Spikes
|move|p1a: Blissey|Seismic Toss|p2a: Slowbro
|-damage|p2a: Slowbro|46/100 tox
|-damage|p1a: Blissey|61/100|[from] item: Rocky Helmet|[of] p2a: Slowbro
|
|-damage|p2a: Slowbro|40/100 tox|[from] psn
|upkeep
|turn|18
|
|t:|1665425708
|move|p1a: Blissey|Soft-Boiled|p1a: Blissey
|-heal|p1a: Blissey|100/100
|move|p2a: Slowbro|Future Sight|p1a: Blissey
|-start|p2a: Slowbro|move: Future Sight
|
|-damage|p2a: Slowbro|28/100 tox|[from] psn
|upkeep
|turn|19
|
|t:|1665425718
|switch|p1a: Shedinja|Shedinja|100/100
|move|p2a: Slowbro|Teleport|p2a: Slowbro
|
|t:|1665425721
|switch|p2a: Zapdos|Zapdos-Galar|100/100|[from]move: Teleport
|-damage|p2a: Zapdos|88/100|[from] Stealth Rock
|
|upkeep
|turn|20
|
|t:|1665425726
|move|p1a: Shedinja|Protect|p1a: Shedinja
|-singleturn|p1a: Shedinja|Protect
|move|p2a: Zapdos|Brave Bird|p1a: Shedinja
|-activate|p1a: Shedinja|move: Protect
|
|-end|p1a: Shedinja|move: Future Sight
|-immune|p1a: Shedinja|[from] ability: Wonder Guard
|upkeep
|turn|21
|
|t:|1665425733
|switch|p1a: Toxapex|Toxapex, F|100/100
|move|p2a: Zapdos|Brave Bird|p1a: Toxapex
|-damage|p1a: Toxapex|63/100
|-damage|p2a: Zapdos|76/100|[from] Recoil
|
|upkeep
|turn|22
|
|t:|1665425740
|switch|p2a: Ferrothorn|Ferrothorn, F|82/100
|-damage|p2a: Ferrothorn|76/100|[from] Stealth Rock
|-damage|p2a: Ferrothorn|60/100|[from] Spikes
|move|p1a: Toxapex|Recover|p1a: Toxapex
|-heal|p1a: Toxapex|100/100
|
|-heal|p2a: Ferrothorn|66/100|[from] item: Leftovers
|upkeep
|turn|23
|c|☆bizarman|evil
|c|☆bizarman|boots pex
|
|t:|1665425754
|switch|p1a: Skarmory|Skarmory, F|44/100
|-damage|p1a: Skarmory|32/100|[from] Stealth Rock
|move|p2a: Ferrothorn|Knock Off|p1a: Skarmory
|-crit|p1a: Skarmory
|-damage|p1a: Skarmory|16/100
|
|-heal|p2a: Ferrothorn|72/100|[from] item: Leftovers
|upkeep
|turn|24
|
|t:|1665425764
|move|p1a: Skarmory|Roost|p1a: Skarmory
|-heal|p1a: Skarmory|66/100
|-singleturn|p1a: Skarmory|move: Roost
|move|p2a: Ferrothorn|Spikes|p1a: Skarmory
|-sidestart|p1: numberoneswiftie|Spikes
|
|-heal|p2a: Ferrothorn|78/100|[from] item: Leftovers
|upkeep
|turn|25
|
|t:|1665425772
|move|p1a: Skarmory|Spikes|p2a: Ferrothorn
|-sidestart|p2: bizarman|Spikes
|move|p2a: Ferrothorn|Leech Seed|p1a: Skarmory
|-start|p1a: Skarmory|move: Leech Seed
|
|-heal|p2a: Ferrothorn|85/100|[from] item: Leftovers
|-damage|p1a: Skarmory|54/100|[from] Leech Seed|[of] p2a: Ferrothorn
|-heal|p2a: Ferrothorn|95/100|[silent]
|upkeep
|turn|26
|
|t:|1665425785
|switch|p2a: Slowbro|Slowbro, M|61/100 tox
|-damage|p2a: Slowbro|49/100 tox|[from] Stealth Rock
|-damage|p2a: Slowbro|24/100 tox|[from] Spikes
|move|p1a: Skarmory|Roost|p1a: Skarmory
|-heal|p1a: Skarmory|100/100
|-singleturn|p1a: Skarmory|move: Roost
|
|-damage|p1a: Skarmory|88/100|[from] Leech Seed|[of] p2a: Slowbro
|-heal|p2a: Slowbro|33/100 tox|[silent]
|-damage|p2a: Slowbro|27/100 tox|[from] psn
|upkeep
|turn|27
|
|t:|1665425797
|switch|p1a: Toxapex|Toxapex, F|100/100
|move|p2a: Slowbro|Teleport|p2a: Slowbro
|
|t:|1665425806
|switch|p2a: Ferrothorn|Ferrothorn, F|95/100|[from]move: Teleport
|-damage|p2a: Ferrothorn|89/100|[from] Stealth Rock
|-damage|p2a: Ferrothorn|64/100|[from] Spikes
|
|-heal|p2a: Ferrothorn|70/100|[from] item: Leftovers
|upkeep
|turn|28
|
|t:|1665425813
|switch|p1a: Skarmory|Skarmory, F|88/100
|-damage|p1a: Skarmory|76/100|[from] Stealth Rock
|move|p2a: Ferrothorn|Knock Off|p1a: Skarmory
|-damage|p1a: Skarmory|64/100
|
|-heal|p2a: Ferrothorn|76/100|[from] item: Leftovers
|upkeep
|turn|29
|
|t:|1665425821
|move|p1a: Skarmory|Roost|p1a: Skarmory
|-heal|p1a: Skarmory|100/100
|-singleturn|p1a: Skarmory|move: Roost
|move|p2a: Ferrothorn|Leech Seed|p1a: Skarmory
|-start|p1a: Skarmory|move: Leech Seed
|
|-heal|p2a: Ferrothorn|82/100|[from] item: Leftovers
|-damage|p1a: Skarmory|88/100|[from] Leech Seed|[of] p2a: Ferrothorn
|-heal|p2a: Ferrothorn|93/100|[silent]
|upkeep
|turn|30
|
|t:|1665425833
|switch|p2a: Heatran|Heatran, M|74/100
|-damage|p2a: Heatran|62/100|[from] Stealth Rock
|-item|p2a: Heatran|Air Balloon
|move|p1a: Skarmory|Whirlwind|p2a: Heatran
|drag|p2a: Ferrothorn|Ferrothorn, F|93/100
|-damage|p2a: Ferrothorn|86/100|[from] Stealth Rock
|-damage|p2a: Ferrothorn|61/100|[from] Spikes
|
|-heal|p2a: Ferrothorn|68/100|[from] item: Leftovers
|-damage|p1a: Skarmory|76/100|[from] Leech Seed|[of] p2a: Ferrothorn
|-heal|p2a: Ferrothorn|78/100|[silent]
|upkeep
|turn|31
|
|t:|1665425845
|move|p1a: Skarmory|Body Press|p2a: Ferrothorn
|-supereffective|p2a: Ferrothorn
|-damage|p2a: Ferrothorn|43/100
|-damage|p1a: Skarmory|63/100|[from] ability: Iron Barbs|[of] p2a: Ferrothorn
|move|p2a: Ferrothorn|Knock Off|p1a: Skarmory
|-damage|p1a: Skarmory|52/100
|
|-heal|p2a: Ferrothorn|49/100|[from] item: Leftovers
|-damage|p1a: Skarmory|40/100|[from] Leech Seed|[of] p2a: Ferrothorn
|-heal|p2a: Ferrothorn|59/100|[silent]
|upkeep
|turn|32
|
|t:|1665425855
|switch|p2a: Tapu Koko|Tapu Koko|100/100
|-fieldstart|move: Electric Terrain|[from] ability: Electric Surge|[of] p2a: Tapu Koko
|move|p1a: Skarmory|Roost|p1a: Skarmory
|-heal|p1a: Skarmory|90/100
|-singleturn|p1a: Skarmory|move: Roost
|
|-damage|p1a: Skarmory|77/100|[from] Leech Seed|[of] p2a: Tapu Koko
|upkeep
|turn|33
|
|t:|1665425868
|switch|p2a: Zapdos|Zapdos-Galar|76/100
|-damage|p2a: Zapdos|64/100|[from] Stealth Rock
|switch|p1a: Quagsire|Quagsire, M|100/100
|
|upkeep
|turn|34
|
|t:|1665425874
|switch|p1a: Toxapex|Toxapex, F|100/100
|move|p2a: Zapdos|U-turn|p1a: Toxapex
|-resisted|p1a: Toxapex
|-damage|p1a: Toxapex|94/100
|c|☆bizarman|boots everything
|c|☆bizarman|hell
|j| ThisIsntHilarious
|-message|bizarman forfeited.
|
|win|numberoneswiftie
|raw|numberoneswiftie's rating: 1688 &rarr; <strong>1716</strong><br />(+28 for winning)
|raw|bizarman's rating: 1828 &rarr; <strong>1800</strong><br />(-28 for losing)
|l|☆bizarman
|c|☆numberoneswiftie|i have 0 defog
|l| ThisIsntHilarious
