|j|☆berunkasuteru ☭
|j|☆ferromolybdenum
|player|p1|berunkasuteru ☭|lorelei-gen1rb|1498
|player|p2|ferromolybdenum|lucas|1558
|teamsize|p1|6
|teamsize|p2|6
|gametype|singles
|gen|8
|tier|[Gen 8] OU
|rated|
|clearpoke
|poke|p1|Mew|
|poke|p1|Grimmsnarl, M|
|poke|p1|Cloyster, F|
|poke|p1|Obstagoon, F|
|poke|p1|Cinderace, M|
|poke|p1|Hydreigon, M|
|poke|p2|Hatterene, F|
|poke|p2|Seismitoad, F|
|poke|p2|Corviknight, F|
|poke|p2|Dragapult, F|
|poke|p2|Aegislash, M|
|poke|p2|Clefable, F|
|rule|Sleep Clause Mod: Limit one foe put to sleep
|rule|Species Clause: Limit one of each Pokémon
|rule|OHKO Clause: OHKO moves are banned
|rule|Evasion Moves Clause: Evasion moves are banned
|rule|Endless Battle Clause: Forcing endless battles is banned
|rule|HP Percentage Mod: HP is shown in percentages
|rule|Dynamax Clause: You cannot dynamax
|teampreview
|
|start
|switch|p1a: Cinderace|Cinderace, M|100/100
|switch|p2a: Aegislash|Aegislash, M|100/100
|turn|1
|
|switch|p2a: Seismitoad|Seismitoad, F|100/100
|move|p1a: Cinderace|U-turn|p2a: Seismitoad
|-crit|p2a: Seismitoad
|-damage|p2a: Seismitoad|62/100
|
|switch|p1a: Grimmsnarl|Grimmsnarl, M|100/100|[from]move: U-turn
|
|-heal|p2a: Seismitoad|68/100|[from] item: Leftovers
|upkeep
|turn|2
|
|switch|p2a: Corviknight|Corviknight, F|100/100
|-ability|p2a: Corviknight|Pressure
|move|p1a: Grimmsnarl|Taunt|p2a: Corviknight
|-start|p2a: Corviknight|move: Taunt
|
|upkeep
|turn|3
|
|move|p1a: Grimmsnarl|Reflect|p1a: Grimmsnarl
|-sidestart|p1: berunkasuteru ☭|Reflect
|move|p2a: Corviknight|Brave Bird|p1a: Grimmsnarl
|-damage|p1a: Grimmsnarl|77/100
|-damage|p2a: Corviknight|93/100|[from] Recoil
|
|-heal|p2a: Corviknight|99/100|[from] item: Leftovers
|upkeep
|turn|4
|
|switch|p1a: Cinderace|Cinderace, M|100/100
|move|p2a: Corviknight|Brave Bird|p1a: Cinderace
|-damage|p1a: Cinderace|75/100
|-damage|p2a: Corviknight|93/100|[from] Recoil
|
|-heal|p2a: Corviknight|99/100|[from] item: Leftovers
|-end|p2a: Corviknight|move: Taunt
|upkeep
|turn|5
|
|switch|p2a: Seismitoad|Seismitoad, F|68/100
|move|p1a: Cinderace|Pyro Ball|p2a: Seismitoad
|-resisted|p2a: Seismitoad
|-damage|p2a: Seismitoad|36/100
|
|-heal|p2a: Seismitoad|42/100|[from] item: Leftovers
|upkeep
|turn|6
|
|switch|p1a: Grimmsnarl|Grimmsnarl, M|77/100
|move|p2a: Seismitoad|Stealth Rock|p1a: Grimmsnarl
|-sidestart|p1: berunkasuteru ☭|move: Stealth Rock
|
|-heal|p2a: Seismitoad|48/100|[from] item: Leftovers
|upkeep
|turn|7
|
|move|p1a: Grimmsnarl|Taunt|p2a: Seismitoad
|-start|p2a: Seismitoad|move: Taunt
|cant|p2a: Seismitoad|move: Taunt|Toxic
|
|-heal|p2a: Seismitoad|54/100|[from] item: Leftovers
|upkeep
|turn|8
|
|move|p1a: Grimmsnarl|Light Screen|p1a: Grimmsnarl
|-sidestart|p1: berunkasuteru ☭|move: Light Screen
|move|p2a: Seismitoad|Scald|p1a: Grimmsnarl
|-damage|p1a: Grimmsnarl|70/100
|
|-heal|p2a: Seismitoad|60/100|[from] item: Leftovers
|upkeep
|turn|9
|
|move|p2a: Seismitoad|Scald|p1a: Grimmsnarl
|-damage|p1a: Grimmsnarl|62/100
|move|p1a: Grimmsnarl|Spirit Break|p2a: Seismitoad
|-damage|p2a: Seismitoad|36/100
|-unboost|p2a: Seismitoad|spa|1
|
|-heal|p2a: Seismitoad|42/100|[from] item: Leftovers
|-end|p2a: Seismitoad|move: Taunt
|upkeep
|turn|10
|
|switch|p2a: Corviknight|Corviknight, F|99/100
|-ability|p2a: Corviknight|Pressure
|move|p1a: Grimmsnarl|Spirit Break|p2a: Corviknight
|-resisted|p2a: Corviknight
|-damage|p2a: Corviknight|90/100
|-unboost|p2a: Corviknight|spa|1
|
|-heal|p2a: Corviknight|96/100|[from] item: Leftovers
|-sideend|p1: berunkasuteru ☭|Reflect
|upkeep
|turn|11
|
|move|p1a: Grimmsnarl|Reflect|p1a: Grimmsnarl
|-sidestart|p1: berunkasuteru ☭|Reflect
|move|p2a: Corviknight|Brave Bird|p1a: Grimmsnarl
|-damage|p1a: Grimmsnarl|38/100
|-damage|p2a: Corviknight|89/100|[from] Recoil
|
|-heal|p2a: Corviknight|95/100|[from] item: Leftovers
|upkeep
|turn|12
|
|switch|p1a: Obstagoon|Obstagoon, F|100/100
|-damage|p1a: Obstagoon|88/100|[from] Stealth Rock
|move|p2a: Corviknight|Brave Bird|p1a: Obstagoon
|-damage|p1a: Obstagoon|71/100
|-damage|p2a: Corviknight|90/100|[from] Recoil
|
|-heal|p2a: Corviknight|97/100|[from] item: Leftovers
|-status|p1a: Obstagoon|brn|[from] item: Flame Orb
|upkeep
|turn|13
|
|move|p1a: Obstagoon|Knock Off|p2a: Corviknight
|-damage|p2a: Corviknight|59/100
|-enditem|p2a: Corviknight|Leftovers|[from] move: Knock Off|[of] p1a: Obstagoon
|move|p2a: Corviknight|Body Press|p1a: Obstagoon
|-supereffective|p1a: Obstagoon
|-damage|p1a: Obstagoon|12/100 brn
|
|-damage|p1a: Obstagoon|6/100 brn|[from] brn
|upkeep
|turn|14
|
|move|p1a: Obstagoon|Obstruct|p1a: Obstagoon
|-singleturn|p1a: Obstagoon|Protect
|move|p2a: Corviknight|Roost|p2a: Corviknight
|-heal|p2a: Corviknight|100/100
|-singleturn|p2a: Corviknight|move: Roost
|
|-damage|p1a: Obstagoon|0 fnt|[from] brn
|faint|p1a: Obstagoon
|upkeep
|
|switch|p1a: Hydreigon|Hydreigon, M|100/100
|-damage|p1a: Hydreigon|88/100|[from] Stealth Rock
|turn|15
|
|switch|p2a: Clefable|Clefable, F|100/100
|move|p1a: Hydreigon|Nasty Plot|p1a: Hydreigon
|-boost|p1a: Hydreigon|spa|2
|
|-sideend|p1: berunkasuteru ☭|move: Light Screen
|upkeep
|turn|16
|
|move|p1a: Hydreigon|Flash Cannon|p2a: Clefable
|-supereffective|p2a: Clefable
|-damage|p2a: Clefable|0 fnt
|-damage|p1a: Hydreigon|78/100|[from] item: Life Orb
|faint|p2a: Clefable
|
|upkeep
|
|switch|p2a: Dragapult|Dragapult, F|100/100
|turn|17
|
|switch|p1a: Grimmsnarl|Grimmsnarl, M|38/100
|-damage|p1a: Grimmsnarl|26/100|[from] Stealth Rock
|move|p2a: Dragapult|Draco Meteor|p1a: Grimmsnarl
|-immune|p1a: Grimmsnarl
|
|upkeep
|turn|18
|
|switch|p2a: Corviknight|Corviknight, F|100/100
|-ability|p2a: Corviknight|Pressure
|move|p1a: Grimmsnarl|Light Screen|p1a: Grimmsnarl
|-sidestart|p1: berunkasuteru ☭|move: Light Screen
|
|-sideend|p1: berunkasuteru ☭|Reflect
|upkeep
|turn|19
|
|move|p1a: Grimmsnarl|Reflect|p1a: Grimmsnarl
|-sidestart|p1: berunkasuteru ☭|Reflect
|move|p2a: Corviknight|Brave Bird|p1a: Grimmsnarl
|-damage|p1a: Grimmsnarl|4/100
|-damage|p2a: Corviknight|93/100|[from] Recoil
|
|upkeep
|turn|20
|
|move|p1a: Grimmsnarl|Taunt|p2a: Corviknight
|-start|p2a: Corviknight|move: Taunt
|move|p2a: Corviknight|Body Press|p1a: Grimmsnarl
|-damage|p1a: Grimmsnarl|0 fnt
|faint|p1a: Grimmsnarl
|
|upkeep
|
|switch|p1a: Cinderace|Cinderace, M|75/100
|-damage|p1a: Cinderace|50/100|[from] Stealth Rock
|turn|21
|
|switch|p2a: Seismitoad|Seismitoad, F|42/100
|move|p1a: Cinderace|Pyro Ball|p2a: Seismitoad
|-resisted|p2a: Seismitoad
|-damage|p2a: Seismitoad|11/100
|
|-heal|p2a: Seismitoad|17/100|[from] item: Leftovers
|upkeep
|turn|22
|
|move|p1a: Cinderace|Pyro Ball|p2a: Seismitoad
|-resisted|p2a: Seismitoad
|-damage|p2a: Seismitoad|0 fnt
|faint|p2a: Seismitoad
|
|upkeep
|
|switch|p2a: Dragapult|Dragapult, F|100/100
|turn|23
|
|move|p2a: Dragapult|Draco Meteor|p1a: Cinderace
|-damage|p1a: Cinderace|0 fnt
|-unboost|p2a: Dragapult|spa|2
|faint|p1a: Cinderace
|
|upkeep
|
|switch|p1a: Cloyster|Cloyster, F|100/100
|-damage|p1a: Cloyster|76/100|[from] Stealth Rock
|turn|24
|
|switch|p2a: Corviknight|Corviknight, F|93/100
|-ability|p2a: Corviknight|Pressure
|move|p1a: Cloyster|Icicle Spear|p2a: Corviknight
|-damage|p2a: Corviknight|87/100
|-damage|p2a: Corviknight|80/100
|-damage|p2a: Corviknight|73/100
|-damage|p2a: Corviknight|67/100
|-damage|p2a: Corviknight|60/100
|-hitcount|p2a: Corviknight|5
|
|upkeep
|turn|25
|
|move|p1a: Cloyster|Shell Smash|p1a: Cloyster
|-unboost|p1a: Cloyster|def|1
|-unboost|p1a: Cloyster|spd|1
|-boost|p1a: Cloyster|atk|2
|-boost|p1a: Cloyster|spa|2
|-boost|p1a: Cloyster|spe|2
|move|p2a: Corviknight|Body Press|p1a: Cloyster
|-supereffective|p1a: Cloyster
|-damage|p1a: Cloyster|40/100
|
|-sideend|p1: berunkasuteru ☭|move: Light Screen
|upkeep
|turn|26
|
|switch|p2a: Aegislash|Aegislash, M|100/100
|move|p1a: Cloyster|Icicle Spear|p2a: Aegislash
|-resisted|p2a: Aegislash
|-damage|p2a: Aegislash|92/100
|-resisted|p2a: Aegislash
|-damage|p2a: Aegislash|82/100
|-resisted|p2a: Aegislash
|-damage|p2a: Aegislash|72/100
|-resisted|p2a: Aegislash
|-damage|p2a: Aegislash|62/100
|-resisted|p2a: Aegislash
|-damage|p2a: Aegislash|54/100
|-hitcount|p2a: Aegislash|5
|
|-heal|p2a: Aegislash|60/100|[from] item: Leftovers
|-sideend|p1: berunkasuteru ☭|Reflect
|upkeep
|turn|27
|
|-formechange|p2a: Aegislash|Aegislash-Blade||[from] ability: Stance Change
|move|p2a: Aegislash|Shadow Sneak|p1a: Cloyster
|-damage|p1a: Cloyster|15/100
|move|p1a: Cloyster|Icicle Spear|p2a: Aegislash
|-resisted|p2a: Aegislash
|-damage|p2a: Aegislash|38/100
|-resisted|p2a: Aegislash
|-damage|p2a: Aegislash|18/100
|-resisted|p2a: Aegislash
|-damage|p2a: Aegislash|0 fnt
|-hitcount|p2a: Aegislash|3
|faint|p2a: Aegislash
|
|upkeep
|
|switch|p2a: Hatterene|Hatterene, F|100/100
|turn|28
|
|move|p1a: Cloyster|Icicle Spear|p2a: Hatterene
|-damage|p2a: Hatterene|81/100
|-damage|p2a: Hatterene|62/100
|-damage|p2a: Hatterene|41/100
|-crit|p2a: Hatterene
|-damage|p2a: Hatterene|10/100
|-damage|p2a: Hatterene|0 fnt
|-hitcount|p2a: Hatterene|5
|faint|p2a: Hatterene
|
|upkeep
|
|switch|p2a: Corviknight|Corviknight, F|60/100
|-ability|p2a: Corviknight|Pressure
|turn|29
|
|move|p1a: Cloyster|Icicle Spear|p2a: Corviknight
|-damage|p2a: Corviknight|47/100
|-damage|p2a: Corviknight|34/100
|-damage|p2a: Corviknight|20/100
|-damage|p2a: Corviknight|8/100
|-damage|p2a: Corviknight|0 fnt
|-hitcount|p2a: Corviknight|5
|faint|p2a: Corviknight
|
|upkeep
|
|switch|p2a: Dragapult|Dragapult, F|100/100
|turn|30
|
|move|p1a: Cloyster|Icicle Spear|p2a: Dragapult
|-supereffective|p2a: Dragapult
|-damage|p2a: Dragapult|40/100
|-supereffective|p2a: Dragapult
|-damage|p2a: Dragapult|0 fnt
|-hitcount|p2a: Dragapult|2
|faint|p2a: Dragapult
|
|win|berunkasuteru ☭
|l|☆ferromolybdenum
|raw|berunkasuteru ☭'s rating: 1520 &rarr; <strong>1543</strong><br />(+23 for winning)
|raw|ferromolybdenum's rating: 1578 &rarr; <strong>1554</strong><br />(-24 for losing)
