|j|☆Kuroneko Smith
|j|☆zKally
|t:|1600672763
|player|p1|Kuroneko Smith|furisodegirl-black|1270
|player|p2|zKally|290|1196
|teamsize|p1|6
|teamsize|p2|6
|gametype|singles
|gen|8
|tier|[Gen 8] OU
|rated|
|html|<div class="broadcast-blue"><strong>OU is currently suspecting Cinderace! For information on how to participate check out the <a href="https://www.smogon.com/forums/threads/3670532/">suspect thread</a>.</strong></div>
|clearpoke
|poke|p1|Exploud, M|
|poke|p1|Zarude|
|poke|p1|Togekiss, M|
|poke|p1|Dragapult, M|
|poke|p1|Clefable, F|
|poke|p1|Rhyperior, F|
|poke|p2|Torkoal, F|
|poke|p2|Charizard, F|
|poke|p2|Venusaur, M|
|poke|p2|Blissey, F|
|poke|p2|Mandibuzz, F|
|poke|p2|Cinderace, M|
|rule|Sleep Clause Mod: Limit one foe put to sleep
|rule|Species Clause: Limit one of each Pokémon
|rule|OHKO Clause: OHKO moves are banned
|rule|Evasion Moves Clause: Evasion moves are banned
|rule|Endless Battle Clause: Forcing endless battles is banned
|rule|HP Percentage Mod: HP is shown in percentages
|rule|Dynamax Clause: You cannot dynamax
|teampreview
|inactive|Battle timer is ON: inactive players will automatically lose when time's up. (requested by zKally)
|
|t:|1600672774
|start
|switch|p1a: Dragapult|Dragapult, M|100/100
|switch|p2a: Torkoal|Torkoal, F|100/100
|-weather|SunnyDay|[from] ability: Drought|[of] p2a: Torkoal
|turn|1
|
|t:|1600672785
|move|p1a: Dragapult|Draco Meteor|p2a: Torkoal
|-damage|p2a: Torkoal|0 fnt
|-unboost|p1a: Dragapult|spa|2
|faint|p2a: Torkoal
|
|-weather|SunnyDay|[upkeep]
|upkeep
|
|t:|1600672792
|switch|p2a: Venusaur|Venusaur, M|100/100
|turn|2
|
|t:|1600672804
|switch|p1a: Exploud|Exploud, M|100/100
|move|p2a: Venusaur|Growth|p2a: Venusaur
|-boost|p2a: Venusaur|atk|2
|-boost|p2a: Venusaur|spa|2
|
|-weather|SunnyDay|[upkeep]
|upkeep
|turn|3
|
|t:|1600672810
|move|p2a: Venusaur|Giga Drain|p1a: Exploud
|-damage|p1a: Exploud|33/100
|-damage|p2a: Venusaur|91/100|[from] item: Life Orb
|move|p1a: Exploud|Fire Blast|p2a: Venusaur
|-supereffective|p2a: Venusaur
|-damage|p2a: Venusaur|0 fnt
|faint|p2a: Venusaur
|
|-weather|SunnyDay|[upkeep]
|upkeep
|
|t:|1600672819
|switch|p2a: Charizard|Charizard, F|100/100
|turn|4
|
|t:|1600672829
|move|p2a: Charizard|Weather Ball|p1a: Exploud
|-damage|p1a: Exploud|0 fnt
|faint|p1a: Exploud
|
|-weather|SunnyDay|[upkeep]
|-damage|p2a: Charizard|88/100|[from] ability: Solar Power|[of] p2a: Charizard
|upkeep
|
|t:|1600672837
|switch|p1a: Rhyperior|Rhyperior, F|100/100
|turn|5
|
|t:|1600672844
|switch|p2a: Blissey|Blissey, F|100/100
|move|p1a: Rhyperior|Smack Down|p2a: Blissey
|-damage|p2a: Blissey|56/100
|
|-weather|SunnyDay|[upkeep]
|upkeep
|turn|6
|
|t:|1600672850
|move|p2a: Blissey|Toxic|p1a: Rhyperior
|-status|p1a: Rhyperior|tox
|move|p1a: Rhyperior|Stealth Rock|p2a: Blissey
|-sidestart|p2: zKally|move: Stealth Rock
|
|-weather|SunnyDay|[upkeep]
|-damage|p1a: Rhyperior|94/100 tox|[from] psn
|upkeep
|turn|7
|
|t:|1600672855
|move|p2a: Blissey|Soft-Boiled|p2a: Blissey
|-heal|p2a: Blissey|100/100
|move|p1a: Rhyperior|Earthquake|p2a: Blissey
|-damage|p2a: Blissey|8/100
|
|-weather|SunnyDay|[upkeep]
|-heal|p1a: Rhyperior|100/100 tox|[from] item: Leftovers
|-damage|p1a: Rhyperior|88/100 tox|[from] psn
|upkeep
|turn|8
|
|t:|1600672871
|move|p2a: Blissey|Seismic Toss|p1a: Rhyperior
|-damage|p1a: Rhyperior|65/100 tox
|move|p1a: Rhyperior|Smack Down|p2a: Blissey
|-damage|p2a: Blissey|0 fnt
|faint|p2a: Blissey
|
|-weather|none
|-heal|p1a: Rhyperior|71/100 tox|[from] item: Leftovers
|-damage|p1a: Rhyperior|52/100 tox|[from] psn
|upkeep
|
|t:|1600672886
|switch|p2a: Mandibuzz|Mandibuzz, F|100/100
|turn|9
|
|t:|1600672892
|switch|p1a: Clefable|Clefable, F|100/100
|move|p2a: Mandibuzz|Defog|p1a: Clefable
|-unboost|p1a: Clefable|evasion|1
|-sideend|p2: zKally|Stealth Rock|[from] move: Defog|[of] p2a: Mandibuzz
|
|upkeep
|turn|10
|
|t:|1600672899
|switch|p2a: Cinderace|Cinderace, M|100/100
|move|p1a: Clefable|Trick|p2a: Cinderace
|-activate|p1a: Clefable|move: Trick|[of] p2a: Cinderace
|-item|p2a: Cinderace|Choice Scarf|[from] move: Trick
|-item|p1a: Clefable|Heavy-Duty Boots|[from] move: Trick
|
|upkeep
|turn|11
|
|t:|1600672907
|move|p2a: Cinderace|Gunk Shot|p1a: Clefable
|-start|p2a: Cinderace|typechange|Poison|[from] ability: Libero
|-supereffective|p1a: Clefable
|-damage|p1a: Clefable|18/100
|move|p1a: Clefable|Thunder Wave|p2a: Cinderace
|-status|p2a: Cinderace|par
|
|upkeep
|turn|12
|
|t:|1600672921
|cant|p2a: Cinderace|par
|move|p1a: Clefable|Soft-Boiled|p1a: Clefable
|-heal|p1a: Clefable|68/100
|
|upkeep
|turn|13
|
|t:|1600672930
|switch|p1a: Rhyperior|Rhyperior, F|52/100 tox
|move|p2a: Cinderace|Gunk Shot|p1a: Rhyperior|[miss]
|-miss|p2a: Cinderace|p1a: Rhyperior
|
|-heal|p1a: Rhyperior|59/100 tox|[from] item: Leftovers
|-damage|p1a: Rhyperior|52/100 tox|[from] psn
|upkeep
|turn|14
|
|t:|1600672940
|switch|p2a: Mandibuzz|Mandibuzz, F|100/100
|move|p1a: Rhyperior|Earthquake|p2a: Mandibuzz
|-immune|p2a: Mandibuzz
|
|-heal|p1a: Rhyperior|59/100 tox|[from] item: Leftovers
|-damage|p1a: Rhyperior|46/100 tox|[from] psn
|upkeep
|turn|15
|
|t:|1600672947
|switch|p1a: Togekiss|Togekiss, M, shiny|100/100
|move|p2a: Mandibuzz|Roost||[still]
|-fail|p2a: Mandibuzz|heal
|
|upkeep
|turn|16
|
|t:|1600672953
|switch|p2a: Cinderace|Cinderace, M|100/100 par
|move|p1a: Togekiss|Thunder Wave|p2a: Cinderace
|-fail|p2a: Cinderace|par
|
|upkeep
|turn|17
|
|t:|1600672974
|cant|p2a: Cinderace|par
|move|p1a: Togekiss|Air Slash|p2a: Cinderace
|-damage|p2a: Cinderace|59/100 par
|
|upkeep
|turn|18
|
|t:|1600672979
|switch|p1a: Rhyperior|Rhyperior, F|46/100 tox
|move|p2a: Cinderace|U-turn|p1a: Rhyperior
|-start|p2a: Cinderace|typechange|Bug|[from] ability: Libero
|-damage|p1a: Rhyperior|26/100 tox
|
|t:|1600672986
|switch|p2a: Mandibuzz|Mandibuzz, F|100/100|[from]move: U-turn
|
|-heal|p1a: Rhyperior|32/100 tox|[from] item: Leftovers
|-damage|p1a: Rhyperior|26/100 tox|[from] psn
|upkeep
|turn|19
|
|t:|1600672993
|move|p2a: Mandibuzz|Foul Play|p1a: Rhyperior
|-damage|p1a: Rhyperior|0 fnt
|faint|p1a: Rhyperior
|
|upkeep
|
|t:|1600673002
|switch|p1a: Zarude|Zarude|100/100
|turn|20
|
|t:|1600673007
|move|p1a: Zarude|Bulk Up|p1a: Zarude
|-boost|p1a: Zarude|atk|1
|-boost|p1a: Zarude|def|1
|move|p2a: Mandibuzz|U-turn|p1a: Zarude
|-supereffective|p1a: Zarude
|-damage|p1a: Zarude|71/100
|
|t:|1600673015
|switch|p2a: Charizard|Charizard, F|88/100|[from]move: U-turn
|
|-heal|p1a: Zarude|77/100|[from] item: Leftovers
|upkeep
|turn|21
|
|t:|1600673026
|move|p1a: Zarude|Darkest Lariat|p2a: Charizard
|-crit|p2a: Charizard
|-damage|p2a: Charizard|0 fnt
|faint|p2a: Charizard
|
|-heal|p1a: Zarude|84/100|[from] item: Leftovers
|upkeep
|
|t:|1600673033
|switch|p2a: Cinderace|Cinderace, M|59/100 par
|turn|22
|
|t:|1600673042
|move|p1a: Zarude|Darkest Lariat|p2a: Cinderace
|-damage|p2a: Cinderace|0 fnt
|faint|p2a: Cinderace
|
|-heal|p1a: Zarude|90/100|[from] item: Leftovers
|upkeep
|-message|zKally forfeited.
|
|win|Kuroneko Smith
|l|☆zKally
|raw|Kuroneko Smith's rating: 1271 &rarr; <strong>1291</strong><br />(+20 for winning)
|raw|zKally's rating: 1197 &rarr; <strong>1177</strong><br />(-20 for losing)
