|j|☆4funaccount
|j|☆La Pampara
|player|p1|4funaccount|hilda-dueldisk|1816
|player|p2|La Pampara|ltsurge-gen1|1803
|teamsize|p1|6
|teamsize|p2|6
|gametype|singles
|gen|8
|tier|[Gen 8] OU
|rated|
|clearpoke
|poke|p1|Centiskorch, M|
|poke|p1|Rotom-Wash|
|poke|p1|Dragapult, F|
|poke|p1|Ferrothorn, M|
|poke|p1|Excadrill, M|
|poke|p1|Hydreigon, F|
|poke|p2|Conkeldurr, M|
|poke|p2|Sylveon, F|
|poke|p2|Ferrothorn, F|
|poke|p2|Corviknight, F|
|poke|p2|Chandelure, M|
|poke|p2|Dragapult, M|
|rule|Sleep Clause Mod: Limit one foe put to sleep
|rule|Species Clause: Limit one of each Pokémon
|rule|OHKO Clause: OHKO moves are banned
|rule|Evasion Moves Clause: Evasion moves are banned
|rule|Endless Battle Clause: Forcing endless battles is banned
|rule|HP Percentage Mod: HP is shown in percentages
|rule|Dynamax Clause: You cannot dynamax
|teampreview
|c|☆La Pampara|hf
|
|start
|switch|p1a: Gen 8 heatran|Centiskorch, M|100/100
|switch|p2a: Dragapult|Dragapult, M|100/100
|turn|1
|
|switch|p1a: gen 8 ferrothorn|Ferrothorn, M|100/100
|move|p2a: Dragapult|U-turn|p1a: gen 8 ferrothorn
|-damage|p1a: gen 8 ferrothorn|90/100
|-damage|p2a: Dragapult|88/100|[from] ability: Iron Barbs|[of] p1a: gen 8 ferrothorn
|
|switch|p2a: Conkeldurr|Conkeldurr, M|100/100|[from]move: U-turn
|
|-heal|p1a: gen 8 ferrothorn|96/100|[from] item: Leftovers
|-status|p2a: Conkeldurr|brn|[from] item: Flame Orb
|upkeep
|turn|2
|
|move|p1a: gen 8 ferrothorn|Protect|p1a: gen 8 ferrothorn
|-singleturn|p1a: gen 8 ferrothorn|Protect
|move|p2a: Conkeldurr|Drain Punch|p1a: gen 8 ferrothorn
|-activate|p1a: gen 8 ferrothorn|move: Protect
|
|-heal|p1a: gen 8 ferrothorn|100/100|[from] item: Leftovers
|-damage|p2a: Conkeldurr|94/100 brn|[from] brn
|upkeep
|turn|3
|j| 999Elo4Ever
|
|switch|p1a: gen 8 rotom|Rotom-Wash|100/100
|move|p2a: Conkeldurr|Drain Punch|p1a: gen 8 rotom
|-damage|p1a: gen 8 rotom|42/100
|-heal|p2a: Conkeldurr|100/100 brn|[from] drain|[of] p1a: gen 8 rotom
|
|-damage|p2a: Conkeldurr|94/100 brn|[from] brn
|upkeep
|turn|4
|j| damianspain
|
|move|p1a: gen 8 rotom|Hydro Pump|p2a: Conkeldurr
|-damage|p2a: Conkeldurr|45/100 brn
|move|p2a: Conkeldurr|Drain Punch|p1a: gen 8 rotom
|-damage|p1a: gen 8 rotom|0 fnt
|-heal|p2a: Conkeldurr|62/100 brn|[from] drain|[of] p1a: gen 8 rotom
|faint|p1a: gen 8 rotom
|
|-damage|p2a: Conkeldurr|56/100 brn|[from] brn
|upkeep
|l| 999Elo4Ever
|
|switch|p1a: gen 8 marshadow|Dragapult, F|100/100
|turn|5
|
|switch|p1a: gen 8 excadrill|Excadrill, M|100/100
|-ability|p1a: gen 8 excadrill|Mold Breaker
|switch|p2a: Sylveon|Sylveon, F|100/100
|
|upkeep
|turn|6
|
|switch|p1a: Gen 8 heatran|Centiskorch, M|100/100
|switch|p2a: Corviknight|Corviknight, F|100/100
|
|upkeep
|turn|7
|
|move|p1a: Gen 8 heatran|Knock Off|p2a: Corviknight
|-damage|p2a: Corviknight|73/100
|-enditem|p2a: Corviknight|Leftovers|[from] move: Knock Off|[of] p1a: Gen 8 heatran
|move|p2a: Corviknight|U-turn|p1a: Gen 8 heatran
|-resisted|p1a: Gen 8 heatran
|-crit|p1a: Gen 8 heatran
|-damage|p1a: Gen 8 heatran|85/100
|
|switch|p2a: Conkeldurr|Conkeldurr, M|56/100 brn|[from]move: U-turn
|
|-damage|p2a: Conkeldurr|50/100 brn|[from] brn
|upkeep
|turn|8
|
|move|p1a: Gen 8 heatran|Fire Lash|p2a: Conkeldurr
|-crit|p2a: Conkeldurr
|-damage|p2a: Conkeldurr|0 fnt
|faint|p2a: Conkeldurr
|
|upkeep
|
|switch|p2a: Chandelure|Chandelure, M|100/100
|turn|9
|
|switch|p1a: Hydreigon|Hydreigon, F|100/100
|move|p2a: Chandelure|Psychic|p1a: Hydreigon
|-immune|p1a: Hydreigon
|
|upkeep
|turn|10
|
|switch|p1a: Gen 8 heatran|Centiskorch, M|85/100
|switch|p2a: Sylveon|Sylveon, F|100/100
|
|upkeep
|turn|11
|inactive|Battle timer is ON: inactive players will automatically lose when time's up. (requested by 4funaccount)
|
|move|p1a: Gen 8 heatran|Knock Off|p2a: Sylveon
|-resisted|p2a: Sylveon
|-damage|p2a: Sylveon|84/100
|-enditem|p2a: Sylveon|Leftovers|[from] move: Knock Off|[of] p1a: Gen 8 heatran
|move|p2a: Sylveon|Hyper Voice|p1a: Gen 8 heatran
|-resisted|p1a: Gen 8 heatran
|-damage|p1a: Gen 8 heatran|62/100
|
|upkeep
|turn|12
|
|switch|p2a: Chandelure|Chandelure, M|100/100
|move|p1a: Gen 8 heatran|Fire Lash|p2a: Chandelure
|-start|p2a: Chandelure|ability: Flash Fire
|
|upkeep
|turn|13
|c|☆La Pampara|heatran was better
|
|switch|p1a: Hydreigon|Hydreigon, F|100/100
|move|p2a: Chandelure|Psychic|p1a: Hydreigon
|-immune|p1a: Hydreigon
|
|upkeep
|turn|14
|
|-end|p2a: Chandelure|ability: Flash Fire|[silent]
|switch|p2a: Sylveon|Sylveon, F|84/100
|move|p1a: Hydreigon|Draco Meteor|p2a: Sylveon
|-immune|p2a: Sylveon
|
|upkeep
|turn|15
|
|switch|p1a: gen 8 excadrill|Excadrill, M|100/100
|-ability|p1a: gen 8 excadrill|Mold Breaker
|switch|p2a: Chandelure|Chandelure, M|100/100
|
|upkeep
|turn|16
|
|switch|p2a: Corviknight|Corviknight, F|73/100
|switch|p1a: Hydreigon|Hydreigon, F|100/100
|
|upkeep
|turn|17
|
|move|p1a: Hydreigon|Fire Blast|p2a: Corviknight|[miss]
|-miss|p1a: Hydreigon|p2a: Corviknight
|move|p2a: Corviknight|U-turn|p1a: Hydreigon
|-supereffective|p1a: Hydreigon
|-damage|p1a: Hydreigon|68/100
|
|switch|p2a: Chandelure|Chandelure, M|100/100|[from]move: U-turn
|
|-heal|p1a: Hydreigon|74/100|[from] item: Leftovers
|upkeep
|turn|18
|
|switch|p2a: Sylveon|Sylveon, F|84/100
|move|p1a: Hydreigon|Draco Meteor|p2a: Sylveon
|-immune|p2a: Sylveon
|
|-heal|p1a: Hydreigon|80/100|[from] item: Leftovers
|upkeep
|turn|19
|
|switch|p1a: gen 8 excadrill|Excadrill, M|100/100
|-ability|p1a: gen 8 excadrill|Mold Breaker
|move|p2a: Sylveon|Hyper Voice|p1a: gen 8 excadrill
|-resisted|p1a: gen 8 excadrill
|-damage|p1a: gen 8 excadrill|82/100
|
|-heal|p1a: gen 8 excadrill|88/100|[from] item: Leftovers
|upkeep
|turn|20
|
|switch|p1a: Hydreigon|Hydreigon, F|80/100
|move|p2a: Sylveon|Mystical Fire|p1a: Hydreigon
|-resisted|p1a: Hydreigon
|-damage|p1a: Hydreigon|69/100
|-unboost|p1a: Hydreigon|spa|1
|
|-heal|p1a: Hydreigon|75/100|[from] item: Leftovers
|upkeep
|turn|21
|
|switch|p1a: gen 8 excadrill|Excadrill, M|88/100
|-ability|p1a: gen 8 excadrill|Mold Breaker
|move|p2a: Sylveon|Mystical Fire|p1a: gen 8 excadrill
|-supereffective|p1a: gen 8 excadrill
|-damage|p1a: gen 8 excadrill|54/100
|-unboost|p1a: gen 8 excadrill|spa|1
|
|-heal|p1a: gen 8 excadrill|60/100|[from] item: Leftovers
|upkeep
|turn|22
|
|switch|p2a: Ferrothorn|Ferrothorn, F|100/100
|move|p1a: gen 8 excadrill|Iron Head|p2a: Ferrothorn
|-resisted|p2a: Ferrothorn
|-crit|p2a: Ferrothorn
|-damage|p2a: Ferrothorn|84/100
|-damage|p1a: gen 8 excadrill|47/100|[from] ability: Iron Barbs|[of] p2a: Ferrothorn
|
|-heal|p1a: gen 8 excadrill|54/100|[from] item: Leftovers
|-heal|p2a: Ferrothorn|91/100|[from] item: Leftovers
|upkeep
|turn|23
|
|switch|p1a: gen 8 ferrothorn|Ferrothorn, M|100/100
|move|p2a: Ferrothorn|Body Press|p1a: gen 8 ferrothorn
|-supereffective|p1a: gen 8 ferrothorn
|-damage|p1a: gen 8 ferrothorn|61/100
|-damage|p2a: Ferrothorn|78/100|[from] ability: Iron Barbs|[of] p1a: gen 8 ferrothorn
|
|-heal|p1a: gen 8 ferrothorn|68/100|[from] item: Leftovers
|-heal|p2a: Ferrothorn|84/100|[from] item: Leftovers
|upkeep
|turn|24
|
|move|p1a: gen 8 ferrothorn|Spikes|p2a: Ferrothorn
|-sidestart|p2: La Pampara|Spikes
|move|p2a: Ferrothorn|Stealth Rock|p1a: gen 8 ferrothorn
|-sidestart|p1: 4funaccount|move: Stealth Rock
|
|-heal|p1a: gen 8 ferrothorn|74/100|[from] item: Leftovers
|-heal|p2a: Ferrothorn|91/100|[from] item: Leftovers
|upkeep
|turn|25
|
|switch|p2a: Chandelure|Chandelure, M|100/100
|-damage|p2a: Chandelure|88/100|[from] Spikes
|move|p1a: gen 8 ferrothorn|Protect||[still]
|-fail|p1a: gen 8 ferrothorn
|
|-heal|p1a: gen 8 ferrothorn|80/100|[from] item: Leftovers
|upkeep
|turn|26
|
|move|p1a: gen 8 ferrothorn|Protect|p1a: gen 8 ferrothorn
|-singleturn|p1a: gen 8 ferrothorn|Protect
|move|p2a: Chandelure|Shadow Ball|p1a: gen 8 ferrothorn
|-activate|p1a: gen 8 ferrothorn|move: Protect
|
|-heal|p1a: gen 8 ferrothorn|86/100|[from] item: Leftovers
|upkeep
|turn|27
|
|switch|p2a: Corviknight|Corviknight, F|73/100
|move|p1a: gen 8 ferrothorn|Leech Seed|p2a: Corviknight
|-start|p2a: Corviknight|move: Leech Seed
|
|-heal|p1a: gen 8 ferrothorn|93/100|[from] item: Leftovers
|-damage|p2a: Corviknight|60/100|[from] Leech Seed|[of] p1a: gen 8 ferrothorn
|-heal|p1a: gen 8 ferrothorn|100/100|[silent]
|upkeep
|turn|28
|j| abraz.bashar
|
|switch|p2a: Chandelure|Chandelure, M|88/100
|-damage|p2a: Chandelure|76/100|[from] Spikes
|move|p1a: gen 8 ferrothorn|Spikes|p2a: Chandelure
|-sidestart|p2: La Pampara|Spikes
|
|upkeep
|turn|29
|
|move|p1a: gen 8 ferrothorn|Protect|p1a: gen 8 ferrothorn
|-singleturn|p1a: gen 8 ferrothorn|Protect
|move|p2a: Chandelure|Shadow Ball|p1a: gen 8 ferrothorn
|-activate|p1a: gen 8 ferrothorn|move: Protect
|
|upkeep
|turn|30
|
|move|p2a: Chandelure|Shadow Ball|p1a: gen 8 ferrothorn
|-damage|p1a: gen 8 ferrothorn|43/100
|move|p1a: gen 8 ferrothorn|Knock Off|p2a: Chandelure
|-supereffective|p2a: Chandelure
|-damage|p2a: Chandelure|12/100
|-enditem|p2a: Chandelure|Choice Specs|[from] move: Knock Off|[of] p1a: gen 8 ferrothorn
|
|-heal|p1a: gen 8 ferrothorn|50/100|[from] item: Leftovers
|upkeep
|turn|31
|
|move|p1a: gen 8 ferrothorn|Protect|p1a: gen 8 ferrothorn
|-singleturn|p1a: gen 8 ferrothorn|Protect
|move|p2a: Chandelure|Shadow Ball|p1a: gen 8 ferrothorn
|-activate|p1a: gen 8 ferrothorn|move: Protect
|
|-heal|p1a: gen 8 ferrothorn|56/100|[from] item: Leftovers
|upkeep
|turn|32
|
|switch|p1a: Hydreigon|Hydreigon, F|75/100
|-damage|p1a: Hydreigon|63/100|[from] Stealth Rock
|move|p2a: Chandelure|Fire Blast|p1a: Hydreigon
|-resisted|p1a: Hydreigon
|-damage|p1a: Hydreigon|26/100
|
|-heal|p1a: Hydreigon|32/100|[from] item: Leftovers
|upkeep
|turn|33
|j| B4bylon H4s F4lliN
|
|switch|p2a: Sylveon|Sylveon, F|84/100
|-damage|p2a: Sylveon|67/100|[from] Spikes
|move|p1a: Hydreigon|Flash Cannon|p2a: Sylveon
|-supereffective|p2a: Sylveon
|-damage|p2a: Sylveon|35/100
|
|-heal|p1a: Hydreigon|38/100|[from] item: Leftovers
|upkeep
|turn|34
|
|switch|p1a: gen 8 excadrill|Excadrill, M|54/100
|-damage|p1a: gen 8 excadrill|50/100|[from] Stealth Rock
|-ability|p1a: gen 8 excadrill|Mold Breaker
|move|p2a: Sylveon|Protect||[still]
|-fail|p2a: Sylveon
|
|-heal|p1a: gen 8 excadrill|57/100|[from] item: Leftovers
|upkeep
|turn|35
|
|move|p1a: gen 8 excadrill|Rapid Spin|p2a: Sylveon
|-damage|p2a: Sylveon|21/100
|-sideend|p1: 4funaccount|Stealth Rock|[from] move: Rapid Spin|[of] p1a: gen 8 excadrill
|-boost|p1a: gen 8 excadrill|spe|1
|move|p2a: Sylveon|Hyper Voice|p1a: gen 8 excadrill
|-resisted|p1a: gen 8 excadrill
|-damage|p1a: gen 8 excadrill|38/100
|
|-heal|p1a: gen 8 excadrill|44/100|[from] item: Leftovers
|upkeep
|turn|36
|
|switch|p2a: Corviknight|Corviknight, F|60/100
|move|p1a: gen 8 excadrill|Iron Head|p2a: Corviknight
|-resisted|p2a: Corviknight
|-damage|p2a: Corviknight|46/100
|
|-heal|p1a: gen 8 excadrill|50/100|[from] item: Leftovers
|upkeep
|turn|37
|
|switch|p1a: Hydreigon|Hydreigon, F|38/100
|move|p2a: Corviknight|Defog|p1a: Hydreigon
|-unboost|p1a: Hydreigon|evasion|1
|-sideend|p2: La Pampara|Spikes|[from] move: Defog|[of] p2a: Corviknight
|
|-heal|p1a: Hydreigon|44/100|[from] item: Leftovers
|upkeep
|turn|38
|
|switch|p2a: Dragapult|Dragapult, M|88/100
|move|p1a: Hydreigon|Fire Blast|p2a: Dragapult
|-resisted|p2a: Dragapult
|-damage|p2a: Dragapult|64/100
|
|-heal|p1a: Hydreigon|51/100|[from] item: Leftovers
|upkeep
|turn|39
|
|switch|p1a: gen 8 ferrothorn|Ferrothorn, M|56/100
|move|p2a: Dragapult|Shadow Ball|p1a: gen 8 ferrothorn
|-damage|p1a: gen 8 ferrothorn|25/100
|
|-heal|p1a: gen 8 ferrothorn|31/100|[from] item: Leftovers
|upkeep
|turn|40
|
|switch|p2a: Chandelure|Chandelure, M|12/100
|move|p1a: gen 8 ferrothorn|Protect||[still]
|-fail|p1a: gen 8 ferrothorn
|
|-heal|p1a: gen 8 ferrothorn|37/100|[from] item: Leftovers
|upkeep
|turn|41
|
|move|p1a: gen 8 ferrothorn|Protect|p1a: gen 8 ferrothorn
|-singleturn|p1a: gen 8 ferrothorn|Protect
|move|p2a: Chandelure|Shadow Ball|p1a: gen 8 ferrothorn
|-activate|p1a: gen 8 ferrothorn|move: Protect
|
|-heal|p1a: gen 8 ferrothorn|44/100|[from] item: Leftovers
|upkeep
|turn|42
|
|switch|p1a: Hydreigon|Hydreigon, F|51/100
|move|p2a: Chandelure|Shadow Ball|p1a: Hydreigon
|-resisted|p1a: Hydreigon
|-damage|p1a: Hydreigon|24/100
|
|-heal|p1a: Hydreigon|30/100|[from] item: Leftovers
|upkeep
|turn|43
|
|switch|p2a: Corviknight|Corviknight, F|46/100
|move|p1a: Hydreigon|Flash Cannon|p2a: Corviknight
|-resisted|p2a: Corviknight
|-damage|p2a: Corviknight|36/100
|
|-heal|p1a: Hydreigon|36/100|[from] item: Leftovers
|upkeep
|turn|44
|
|move|p1a: Hydreigon|Fire Blast|p2a: Corviknight
|-supereffective|p2a: Corviknight
|-damage|p2a: Corviknight|0 fnt
|faint|p2a: Corviknight
|
|-heal|p1a: Hydreigon|42/100|[from] item: Leftovers
|upkeep
|-message|La Pampara forfeited.
|
|win|4funaccount
|l|☆La Pampara
|raw|4funaccount's rating: 1829 &rarr; <strong>1848</strong><br />(+19 for winning)
|raw|La Pampara's rating: 1804 &rarr; <strong>1785</strong><br />(-19 for losing)
|l| damianspain
|l|☆4funaccount
