|j|☆jawabarat
|j|☆SMxVale
|t:|1664823916
|gametype|singles
|player|p1|jawabarat|artist-gen4|1697
|player|p2|SMxVale|102|1834
|teamsize|p1|6
|teamsize|p2|6
|gen|8
|tier|[Gen 8] OU
|rated|
|rule|Sleep Clause Mod: Limit one foe put to sleep
|rule|Species Clause: Limit one of each Pokémon
|rule|OHKO Clause: OHKO moves are banned
|rule|Evasion Items Clause: Evasion items are banned
|rule|Evasion Moves Clause: Evasion moves are banned
|rule|Endless Battle Clause: Forcing endless battles is banned
|rule|HP Percentage Mod: HP is shown in percentages
|rule|Dynamax Clause: You cannot dynamax
|clearpoke
|poke|p1|Ferrothorn, F|
|poke|p1|Rotom-Wash|
|poke|p1|Tyranitar, F|
|poke|p1|Excadrill, M|
|poke|p1|Clefable, F|
|poke|p1|Dragapult, F|
|poke|p2|Weavile, M|
|poke|p2|Dragapult, M|
|poke|p2|Seismitoad, F|
|poke|p2|Magnezone|
|poke|p2|Clefable, F|
|poke|p2|Buzzwole|
|teampreview
|c|☆jawabarat|hf
|c|☆SMxVale|hf
|
|t:|1664823951
|start
|switch|p1a: Rotom|Rotom-Wash|100/100
|switch|p2a: Dragapult|Dragapult, M|100/100
|turn|1
|
|t:|1664823972
|move|p2a: Dragapult|U-turn|p1a: Rotom
|-damage|p1a: Rotom|62/100
|
|t:|1664823977
|switch|p2a: Seismitoad|Seismitoad, F|100/100|[from]move: U-turn
|move|p1a: Rotom|Volt Switch|p2a: Seismitoad
|-immune|p2a: Seismitoad
|
|-heal|p1a: Rotom|68/100|[from] item: Leftovers
|upkeep
|turn|2
|
|t:|1664823991
|switch|p1a: Ferrothorn|Ferrothorn, F|100/100
|switch|p2a: Clefable|Clefable, F|100/100
|
|upkeep
|turn|3
|
|t:|1664823995
|switch|p2a: Magnezone|Magnezone|100/100
|move|p1a: Ferrothorn|Spikes|p2a: Magnezone
|-sidestart|p2: SMxVale|Spikes
|
|upkeep
|turn|4
|
|t:|1664824009
|move|p2a: Magnezone|Substitute|p2a: Magnezone
|-start|p2a: Magnezone|Substitute
|-damage|p2a: Magnezone|76/100
|move|p1a: Ferrothorn|Iron Defense|p1a: Ferrothorn
|-boost|p1a: Ferrothorn|def|2
|
|-heal|p2a: Magnezone|82/100|[from] item: Leftovers
|upkeep
|turn|5
|
|t:|1664824014
|move|p2a: Magnezone|Iron Defense|p2a: Magnezone
|-boost|p2a: Magnezone|def|2
|move|p1a: Ferrothorn|Iron Defense|p1a: Ferrothorn
|-boost|p1a: Ferrothorn|def|2
|
|-heal|p2a: Magnezone|88/100|[from] item: Leftovers
|upkeep
|turn|6
|
|t:|1664824017
|move|p2a: Magnezone|Iron Defense|p2a: Magnezone
|-boost|p2a: Magnezone|def|2
|move|p1a: Ferrothorn|Iron Defense|p1a: Ferrothorn
|-boost|p1a: Ferrothorn|def|2
|
|-heal|p2a: Magnezone|94/100|[from] item: Leftovers
|upkeep
|turn|7
|
|t:|1664824021
|move|p2a: Magnezone|Iron Defense|p2a: Magnezone
|-boost|p2a: Magnezone|def|2
|move|p1a: Ferrothorn|Body Press|p2a: Magnezone
|-supereffective|p2a: Magnezone
|-end|p2a: Magnezone|Substitute
|
|-heal|p2a: Magnezone|99/100|[from] item: Leftovers
|upkeep
|turn|8
|
|t:|1664824035
|move|p2a: Magnezone|Body Press|p1a: Ferrothorn
|-supereffective|p1a: Ferrothorn
|-damage|p1a: Ferrothorn|68/100
|-damage|p2a: Magnezone|87/100|[from] ability: Iron Barbs|[of] p1a: Ferrothorn
|move|p1a: Ferrothorn|Body Press|p2a: Magnezone
|-supereffective|p2a: Magnezone
|-damage|p2a: Magnezone|39/100
|
|-heal|p2a: Magnezone|45/100|[from] item: Leftovers
|-heal|p1a: Ferrothorn|74/100|[from] item: Leftovers
|upkeep
|turn|9
|
|t:|1664824061
|move|p2a: Magnezone|Body Press|p1a: Ferrothorn
|-supereffective|p1a: Ferrothorn
|-damage|p1a: Ferrothorn|43/100
|-damage|p2a: Magnezone|33/100|[from] ability: Iron Barbs|[of] p1a: Ferrothorn
|move|p1a: Ferrothorn|Leech Seed|p2a: Magnezone|[miss]
|-miss|p1a: Ferrothorn|p2a: Magnezone
|
|-heal|p2a: Magnezone|39/100|[from] item: Leftovers
|-heal|p1a: Ferrothorn|49/100|[from] item: Leftovers
|upkeep
|turn|10
|
|t:|1664824068
|move|p2a: Magnezone|Body Press|p1a: Ferrothorn
|-supereffective|p1a: Ferrothorn
|-damage|p1a: Ferrothorn|15/100
|-damage|p2a: Magnezone|26/100|[from] ability: Iron Barbs|[of] p1a: Ferrothorn
|move|p1a: Ferrothorn|Body Press|p2a: Magnezone
|-supereffective|p2a: Magnezone
|-damage|p2a: Magnezone|0 fnt
|faint|p2a: Magnezone
|
|-heal|p1a: Ferrothorn|21/100|[from] item: Leftovers
|upkeep
|
|t:|1664824126
|switch|p2a: Clefable|Clefable, F|100/100
|turn|11
|c|☆SMxVale|demon set
|j| pelotonian
|
|t:|1664824141
|switch|p1a: Excadrill|Excadrill, M|100/100
|move|p2a: Clefable|Moonblast|p1a: Excadrill
|-resisted|p1a: Excadrill
|-damage|p1a: Excadrill|79/100
|-unboost|p1a: Excadrill|spa|1
|
|-heal|p1a: Excadrill|85/100|[from] item: Leftovers
|upkeep
|turn|12
|
|t:|1664824155
|switch|p2a: Buzzwole|Buzzwole|100/100
|move|p1a: Excadrill|Iron Head|p2a: Buzzwole
|-damage|p2a: Buzzwole|80/100
|
|-heal|p1a: Excadrill|91/100|[from] item: Leftovers
|upkeep
|turn|13
|
|t:|1664824171
|switch|p1a: Clefable|Clefable, F|100/100
|move|p2a: Buzzwole|Drain Punch|p1a: Clefable
|-resisted|p1a: Clefable
|-damage|p1a: Clefable|87/100
|-heal|p2a: Buzzwole|86/100|[from] drain|[of] p1a: Clefable
|-damage|p2a: Buzzwole|69/100|[from] item: Rocky Helmet|[of] p1a: Clefable
|
|upkeep
|turn|14
|
|t:|1664824177
|switch|p2a: Clefable|Clefable, F|100/100
|move|p1a: Clefable|Stealth Rock|p2a: Clefable
|-sidestart|p2: SMxVale|move: Stealth Rock
|
|upkeep
|turn|15
|
|t:|1664824180
|move|p2a: Clefable|Thunder Wave|p1a: Clefable
|-status|p1a: Clefable|par
|move|p1a: Clefable|Knock Off|p2a: Clefable
|-resisted|p2a: Clefable
|-damage|p2a: Clefable|92/100
|-enditem|p2a: Clefable|Heavy-Duty Boots|[from] move: Knock Off|[of] p1a: Clefable
|
|upkeep
|turn|16
|c|☆jawabarat|he got them fake magic guards
|
|t:|1664824191
|switch|p1a: Ferrothorn|Ferrothorn, F|21/100
|move|p2a: Clefable|Moonblast|p1a: Ferrothorn
|-resisted|p1a: Ferrothorn
|-damage|p1a: Ferrothorn|8/100
|
|-heal|p1a: Ferrothorn|14/100|[from] item: Leftovers
|upkeep
|turn|17
|c|☆SMxVale|yes sir
|c|☆SMxVale|u wouldve destroyed me
|
|t:|1664824210
|move|p2a: Clefable|Moonblast|p1a: Ferrothorn
|-resisted|p1a: Ferrothorn
|-damage|p1a: Ferrothorn|2/100
|move|p1a: Ferrothorn|Leech Seed|p2a: Clefable
|-start|p2a: Clefable|move: Leech Seed
|
|-heal|p1a: Ferrothorn|8/100|[from] item: Leftovers
|-damage|p2a: Clefable|80/100|[from] Leech Seed|[of] p1a: Ferrothorn
|-heal|p1a: Ferrothorn|22/100|[silent]
|upkeep
|turn|18
|
|t:|1664824224
|switch|p2a: Dragapult|Dragapult, M|100/100
|-damage|p2a: Dragapult|88/100|[from] Spikes
|-damage|p2a: Dragapult|76/100|[from] Stealth Rock
|move|p1a: Ferrothorn|Spikes|p2a: Dragapult
|-sidestart|p2: SMxVale|Spikes
|
|-heal|p1a: Ferrothorn|28/100|[from] item: Leftovers
|upkeep
|turn|19
|
|t:|1664824251
|switch|p1a: Tyranitar|Tyranitar, F|100/100
|-weather|Sandstorm|[from] ability: Sand Stream|[of] p1a: Tyranitar
|move|p2a: Dragapult|Phantom Force||[still]
|-prepare|p2a: Dragapult|Phantom Force
|
|-weather|Sandstorm|[upkeep]
|-damage|p2a: Dragapult|70/100|[from] Sandstorm
|upkeep
|turn|20
|c|☆SMxVale|gg
|
|t:|1664824256
|move|p2a: Dragapult|Phantom Force|p1a: Tyranitar|[from]lockedmove
|-resisted|p1a: Tyranitar
|-damage|p1a: Tyranitar|67/100
|move|p1a: Tyranitar|Crunch|p2a: Dragapult
|-supereffective|p2a: Dragapult
|-damage|p2a: Dragapult|0 fnt
|faint|p2a: Dragapult
|
|-weather|Sandstorm|[upkeep]
|upkeep
|c|☆jawabarat|gg
|
|t:|1664824264
|switch|p2a: Weavile|Weavile, M|100/100
|-ability|p2a: Weavile|Pressure
|turn|21
|
|t:|1664824276
|switch|p1a: Ferrothorn|Ferrothorn, F|28/100
|move|p2a: Weavile|Knock Off|p1a: Ferrothorn
|-damage|p1a: Ferrothorn|0 fnt
|-damage|p2a: Weavile|88/100|[from] ability: Iron Barbs|[of] p1a: Ferrothorn
|-enditem|p1a: Ferrothorn|Leftovers|[from] move: Knock Off|[of] p2a: Weavile
|faint|p1a: Ferrothorn
|
|-weather|Sandstorm|[upkeep]
|-damage|p2a: Weavile|82/100|[from] Sandstorm
|upkeep
|c|☆SMxVale|nah jk
|
|t:|1664824283
|switch|p1a: Excadrill|Excadrill, M|91/100
|turn|22
|
|t:|1664824287
|switch|p2a: Buzzwole|Buzzwole|69/100
|move|p1a: Excadrill|Iron Head|p2a: Buzzwole
|-damage|p2a: Buzzwole|48/100
|
|-weather|Sandstorm|[upkeep]
|-damage|p2a: Buzzwole|42/100|[from] Sandstorm
|-heal|p1a: Excadrill|97/100|[from] item: Leftovers
|upkeep
|turn|23
|
|t:|1664824293
|move|p1a: Excadrill|Iron Head|p2a: Buzzwole
|-damage|p2a: Buzzwole|20/100
|move|p2a: Buzzwole|Roost|p2a: Buzzwole
|-heal|p2a: Buzzwole|70/100
|-singleturn|p2a: Buzzwole|move: Roost
|
|-weather|none
|-heal|p1a: Excadrill|100/100|[from] item: Leftovers
|upkeep
|turn|24
|inactive|Battle timer is ON: inactive players will automatically lose when time's up. (requested by SMxVale)
|j| Lapalissyar
|
|t:|1664824309
|switch|p1a: Dragapult|Dragapult, F|100/100
|switch|p2a: Clefable|Clefable, F|80/100
|-damage|p2a: Clefable|63/100|[from] Spikes
|-damage|p2a: Clefable|51/100|[from] Stealth Rock
|
|upkeep
|turn|25
|j| Zemmour & Rick
|j| Chose Truc
|inactive|jawabarat has 120 seconds left.
|
|t:|1664824341
|move|p1a: Dragapult|U-turn|p2a: Clefable
|-resisted|p2a: Clefable
|-damage|p2a: Clefable|41/100
|j| meemoomeemoo
|
|t:|1664824344
|switch|p1a: Excadrill|Excadrill, M|100/100|[from]move: U-turn
|move|p2a: Clefable|Soft-Boiled|p2a: Clefable
|-heal|p2a: Clefable|91/100
|
|upkeep
|turn|26
|
|t:|1664824348
|switch|p2a: Buzzwole|Buzzwole|70/100
|move|p1a: Excadrill|Iron Head|p2a: Buzzwole
|-damage|p2a: Buzzwole|48/100
|
|upkeep
|turn|27
|c| Lapalissyar|what a weird coincidence! He doesn't find another cheap strats on the other half and all of a suddens wins easily
|c| Lapalissyar|I wonder why!
|c|☆jawabarat|touch grass
|
|t:|1664824361
|switch|p1a: Clefable|Clefable, F|87/100 par
|move|p2a: Buzzwole|Roost|p2a: Buzzwole
|-heal|p2a: Buzzwole|98/100
|-singleturn|p2a: Buzzwole|move: Roost
|
|upkeep
|turn|28
|c| meemoomeemoo|butthurt lol
|c|☆SMxVale|what
|
|t:|1664824373
|switch|p2a: Clefable|Clefable, F|91/100
|-damage|p2a: Clefable|75/100|[from] Spikes
|-damage|p2a: Clefable|62/100|[from] Stealth Rock
|move|p1a: Clefable|Moonblast|p2a: Clefable
|-damage|p2a: Clefable|40/100
|
|upkeep
|turn|29
|j| Moraband
|c|☆jawabarat|go on lapal, why dont you explain to vale
|c| meemoomeemoo|lapalissyar is a certified goofball
|
|t:|1664824396
|switch|p1a: Excadrill|Excadrill, M|100/100
|move|p2a: Clefable|Soft-Boiled|p2a: Clefable
|-heal|p2a: Clefable|90/100
|
|upkeep
|turn|30
|c|☆SMxVale|lol
|c| Lapalissyar|SMxVale it's very simple
|c|☆jawabarat|he does like to engage in a smidgen of tomfoolery its true
|
|t:|1664824410
|switch|p2a: Buzzwole|Buzzwole|98/100
|move|p1a: Excadrill|Iron Head|p2a: Buzzwole
|-damage|p2a: Buzzwole|78/100
|
|upkeep
|turn|31
|
|t:|1664824418
|switch|p1a: Dragapult|Dragapult, F|100/100
|move|p2a: Buzzwole|Earthquake|p1a: Dragapult
|-damage|p1a: Dragapult|57/100
|
|upkeep
|turn|32
|c| Lapalissyar|you have kinda of a legit team, tho it looks like semi-stall
|c| Lapalissyar|your opponent has weather
|c| pelotonian|an absolute tomfooler
|c| Lapalissyar|let's see who wins
|c|☆jawabarat|famous stall mons weavile and dragapult
|inactive|SMxVale has 120 seconds left.
|
|t:|1664824450
|switch|p2a: Clefable|Clefable, F|90/100
|-damage|p2a: Clefable|74/100|[from] Spikes
|-damage|p2a: Clefable|61/100|[from] Stealth Rock
|move|p1a: Dragapult|Shadow Ball|p2a: Clefable
|-damage|p2a: Clefable|25/100
|
|upkeep
|turn|33
|c| Lapalissyar|I said semi-stall, but sure
|inactive|SMxVale has 120 seconds left.
|c| pelotonian|sand is barely even weather
|c|☆SMxVale|haha
|c|☆jawabarat|this is so very clearly balance what are you on
|
|t:|1664824473
|move|p1a: Dragapult|Shadow Ball|p2a: Clefable
|-damage|p2a: Clefable|0 fnt
|faint|p2a: Clefable
|
|upkeep
|c| Lapalissyar|two offensive mons and 4 walls doesn't seem balanced to me, but 2/e
|
|t:|1664824485
|switch|p2a: Seismitoad|Seismitoad, F|100/100
|-damage|p2a: Seismitoad|84/100|[from] Spikes
|-damage|p2a: Seismitoad|78/100|[from] Stealth Rock
|turn|34
|c| Lapalissyar|pelotonian, sand rush is weather, period
|
|t:|1664824493
|switch|p1a: Rotom|Rotom-Wash|68/100
|move|p2a: Seismitoad|Stealth Rock|p1a: Rotom
|-sidestart|p1: jawabarat|move: Stealth Rock
|
|-heal|p1a: Rotom|74/100|[from] item: Leftovers
|-heal|p2a: Seismitoad|84/100|[from] item: Leftovers
|upkeep
|turn|35
|inactive|SMxVale has 120 seconds left.
|c|☆jawabarat|why dont you sand rush to do something about your lack of bitches
|c| pelotonian|i know, thats why i said BARELY
|c|☆SMxVale|zone = wall? seis = wall?
|c| Lapalissyar|happily engaged, dude
|
|t:|1664824521
|move|p1a: Rotom|Toxic|p2a: Seismitoad
|-status|p2a: Seismitoad|tox
|move|p2a: Seismitoad|Toxic|p1a: Rotom
|-status|p1a: Rotom|tox
|
|-heal|p1a: Rotom|80/100 tox|[from] item: Leftovers
|-heal|p2a: Seismitoad|90/100 tox|[from] item: Leftovers
|-damage|p1a: Rotom|74/100 tox|[from] psn
|-damage|p2a: Seismitoad|84/100 tox|[from] psn
|upkeep
|turn|36
|c|☆jawabarat|engage in some critical thought then
|c|☆jawabarat|mans has a fiancee and is arguing about pokemon
|c| Lapalissyar|SMxVale zone can be a tank, same for toad
|c| Lapalissyar|jawabarat is it that hard for you to do both?
|inactive|jawabarat has 120 seconds left.
|
|t:|1664824546
|switch|p1a: Clefable|Clefable, F|87/100 par
|move|p2a: Seismitoad|Earthquake|p1a: Clefable
|-damage|p1a: Clefable|61/100 par
|
|-heal|p2a: Seismitoad|90/100 tox|[from] item: Leftovers
|-damage|p2a: Seismitoad|78/100 tox|[from] psn
|upkeep
|turn|37
|c| Lapalissyar|I'm able to, so yeah, I'm arguing about mon
|inactive|jawabarat has 120 seconds left.
|c|☆jawabarat|well considering im 15 itd be quite hard for me to marry
|inactive|SMxVale has 90 seconds left.
|c| pelotonian|zone has over 100 defense, clearly a wall
|c|☆jawabarat|but you're the one arguing w a 15yo online
|c|☆jawabarat|so whos the real loser here
|c| Lapalissyar|engaged =/= married, lol
|
|t:|1664824570
|move|p2a: Seismitoad|Earthquake|p1a: Clefable
|-crit|p1a: Clefable
|-damage|p1a: Clefable|26/100 par
|move|p1a: Clefable|Soft-Boiled|p1a: Clefable
|-heal|p1a: Clefable|76/100 par
|
|-heal|p2a: Seismitoad|84/100 tox|[from] item: Leftovers
|-damage|p2a: Seismitoad|66/100 tox|[from] psn
|upkeep
|turn|38
|c|☆jawabarat|yeah correct the 15yo
|c|☆jawabarat|beat the 15yo in an argument
|c|☆jawabarat|jesus christ
|
|t:|1664824587
|move|p2a: Seismitoad|Earthquake|p1a: Clefable
|-crit|p1a: Clefable
|-damage|p1a: Clefable|37/100 par
|move|p1a: Clefable|Soft-Boiled|p1a: Clefable
|-heal|p1a: Clefable|87/100 par
|
|-heal|p2a: Seismitoad|72/100 tox|[from] item: Leftovers
|-damage|p2a: Seismitoad|48/100 tox|[from] psn
|upkeep
|turn|39
|c| Lapalissyar|so you're sayng 15yo aren't worth a discussion
|c| Lapalissyar|I wonder who's the loser
|c| Lapalissyar|lol
|c|☆jawabarat|im saying an engaged ass man should have better things to do than argue w a 15yo online
|c| meemoomeemoo|this is so cringe
|
|t:|1664824602
|move|p2a: Seismitoad|Earthquake|p1a: Clefable
|-damage|p1a: Clefable|60/100 par
|move|p1a: Clefable|Moonblast|p2a: Seismitoad
|-damage|p2a: Seismitoad|25/100 tox
|
|-heal|p2a: Seismitoad|31/100 tox|[from] item: Leftovers
|-damage|p2a: Seismitoad|1/100 tox|[from] psn
|upkeep
|turn|40
|
|t:|1664824607
|switch|p1a: Rotom|Rotom-Wash|74/100 tox
|-damage|p1a: Rotom|62/100 tox|[from] Stealth Rock
|move|p2a: Seismitoad|Earthquake|p1a: Rotom
|-immune|p1a: Rotom|[from] ability: Levitate
|
|-heal|p1a: Rotom|68/100 tox|[from] item: Leftovers
|-heal|p2a: Seismitoad|7/100 tox|[from] item: Leftovers
|-damage|p1a: Rotom|62/100 tox|[from] psn
|-damage|p2a: Seismitoad|0 fnt|[from] psn
|faint|p2a: Seismitoad
|upkeep
|
|t:|1664824612
|switch|p2a: Weavile|Weavile, M|82/100
|-ability|p2a: Weavile|Pressure
|turn|41
|c| Lapalissyar|jawabarat I've worked all day and now I'm having some fun, or at least trying to
|
|t:|1664824617
|move|p2a: Weavile|Knock Off|p1a: Rotom
|-damage|p1a: Rotom|10/100 tox
|-enditem|p1a: Rotom|Leftovers|[from] move: Knock Off|[of] p2a: Weavile
|move|p1a: Rotom|Volt Switch|p2a: Weavile
|-damage|p2a: Weavile|47/100
|c| Lapalissyar|that's all
|inactive|jawabarat has 120 seconds left.
|c|☆jawabarat|work on your critical thinking
|
|t:|1664824636
|switch|p1a: Tyranitar|Tyranitar, F|67/100|[from]move: Volt Switch
|-damage|p1a: Tyranitar|55/100|[from] Stealth Rock
|-weather|Sandstorm|[from] ability: Sand Stream|[of] p1a: Tyranitar
|
|-weather|Sandstorm|[upkeep]
|-damage|p2a: Weavile|41/100|[from] Sandstorm
|upkeep
|turn|42
|inactive|jawabarat has 120 seconds left.
|c| Lapalissyar|pretty ridicolous to say that, considering I've a degree in Literature which is all about critical thinking
|
|t:|1664824644
|switch|p1a: Clefable|Clefable, F|60/100 par
|move|p2a: Weavile|Low Kick|p1a: Clefable
|-resisted|p1a: Clefable
|-damage|p1a: Clefable|51/100 par
|-damage|p2a: Weavile|24/100|[from] item: Rocky Helmet|[of] p1a: Clefable
|
|-weather|Sandstorm|[upkeep]
|-damage|p2a: Weavile|18/100|[from] Sandstorm
|upkeep
|turn|43
|c| meemoomeemoo|update: sad cringe
|
|t:|1664824652
|switch|p2a: Buzzwole|Buzzwole|78/100
|move|p1a: Clefable|Soft-Boiled|p1a: Clefable
|-heal|p1a: Clefable|100/100 par
|
|-weather|Sandstorm|[upkeep]
|-damage|p2a: Buzzwole|72/100|[from] Sandstorm
|upkeep
|turn|44
|c| pelotonian|engaged is when you live with someone cause its cheaper to split rent. married is when you love them :)
|c|☆jawabarat|keep flexing on the 15yo itll reflect very well on you
|c| Lapalissyar|meemoomeemoo update: your username is way more cringe
|
|t:|1664824663
|move|p2a: Buzzwole|Earthquake|p1a: Clefable
|-damage|p1a: Clefable|76/100 par
|move|p1a: Clefable|Moonblast|p2a: Buzzwole
|-supereffective|p2a: Buzzwole
|-damage|p2a: Buzzwole|0 fnt
|faint|p2a: Buzzwole
|
|-weather|Sandstorm|[upkeep]
|upkeep
|
|t:|1664824666
|switch|p2a: Weavile|Weavile, M|18/100
|-ability|p2a: Weavile|Pressure
|turn|45
|c| Lapalissyar|pelotonian I don't live with her, lol
|c|☆SMxVale|gg
|c| meemoomeemoo|good one man
|c| pelotonian|oh yikes
|c| Lapalissyar|I'm not "engaged" like "I'll marry her tomorrow"
|c| pelotonian|LMAO
|c| meemoomeemoo|im gonna bone your fiancee
|c| Lapalissyar|We're just a couple
|inactive|jawabarat has 120 seconds left.
|c| Zemmour & Rick|don't forget to register this battle lmao
|c|☆jawabarat|bet your fiancee is like hey honey hows your day been and you're like "great, I totally owned this 15yo online"
|
|t:|1664824697
|move|p2a: Weavile|Triple Axel|p1a: Clefable
|-damage|p1a: Clefable|68/100 par
|-damage|p2a: Weavile|2/100|[from] item: Rocky Helmet|[of] p1a: Clefable
|-damage|p1a: Clefable|52/100 par
|-damage|p2a: Weavile|0 fnt|[from] item: Rocky Helmet|[of] p1a: Clefable
|faint|p2a: Weavile
|
|win|jawabarat
|-hitcount|p1a: Clefable|2
|raw|jawabarat's rating: 1697 &rarr; <strong>1725</strong><br />(+28 for winning)
|raw|SMxVale's rating: 1834 &rarr; <strong>1806</strong><br />(-28 for losing)
|c|☆jawabarat|ggs
|l| Moraband
|c| Lapalissyar|jawabarat it's evening
|l|☆SMxVale
|c| Lapalissyar|I'm italian
|c| pelotonian|explains so much
|l| Chose Truc
|c| Lapalissyar|lol
|c| meemoomeemoo|update: sad italian cringe
|c|☆jawabarat|least confrontational italian
|c| Lapalissyar|your name is the ambulance sound
|c| Lapalissyar|lol
||Ladder isn't responding, score probably updated but might not have (Request timeout).
