|j|☆galarian dragapult
|j|☆the_snoopzer
|t:|1635190654
|gametype|singles
|player|p1|galarian dragapult|1|1733
|player|p2|the_snoopzer|169|1645
|teamsize|p1|6
|teamsize|p2|6
|gen|8
|tier|[Gen 8] OU
|rated|
|rule|Sleep Clause Mod: Limit one foe put to sleep
|rule|Species Clause: Limit one of each Pokémon
|rule|OHKO Clause: OHKO moves are banned
|rule|Evasion Moves Clause: Evasion moves are banned
|rule|Endless Battle Clause: Forcing endless battles is banned
|rule|HP Percentage Mod: HP is shown in percentages
|rule|Dynamax Clause: You cannot dynamax
|clearpoke
|poke|p1|Dragapult, M|
|poke|p1|Heatran, M|
|poke|p1|Magnezone|
|poke|p1|Landorus-Therian, M|
|poke|p1|Tapu Fini|
|poke|p1|Melmetal|
|poke|p2|Hatterene, F|
|poke|p2|Porygon2|
|poke|p2|Marowak-Alola, M|
|poke|p2|Melmetal|
|poke|p2|Rillaboom, M|
|poke|p2|Malamar, F|
|teampreview
|inactive|Battle timer is ON: inactive players will automatically lose when time's up. (requested by the_snoopzer)
|inactive|galarian dragapult has 120 seconds left.
|
|t:|1635190707
|start
|switch|p1a: Melmetal|Melmetal|100/100
|switch|p2a: Hatterene|Hatterene, F|100/100
|turn|1
|
|t:|1635190719
|switch|p2a: Rillaboom|Rillaboom, M, shiny|100/100
|-fieldstart|move: Grassy Terrain|[from] ability: Grassy Surge|[of] p2a: Rillaboom
|-enditem|p2a: Rillaboom|Grassy Seed
|-boost|p2a: Rillaboom|def|1|[from] item: Grassy Seed
|move|p1a: Melmetal|Double Iron Bash|p2a: Rillaboom
|-damage|p2a: Rillaboom|71/100
|-damage|p2a: Rillaboom|46/100
|-hitcount|p2a: Rillaboom|2
|
|-heal|p2a: Rillaboom|52/100|[from] Grassy Terrain
|upkeep
|turn|2
|
|t:|1635190727
|move|p2a: Rillaboom|Knock Off|p1a: Melmetal
|-damage|p1a: Melmetal|80/100
|-enditem|p1a: Melmetal|Leftovers|[from] move: Knock Off|[of] p2a: Rillaboom
|move|p1a: Melmetal|Double Iron Bash|p2a: Rillaboom
|-damage|p2a: Rillaboom|26/100
|-damage|p2a: Rillaboom|0 fnt
|faint|p2a: Rillaboom
|-hitcount|p2: Rillaboom|2
|
|-heal|p1a: Melmetal|86/100|[from] Grassy Terrain
|upkeep
|
|t:|1635190741
|switch|p2a: Calamari|Malamar, F|100/100
|turn|3
|
|t:|1635190744
|move|p2a: Calamari|Superpower|p1a: Melmetal
|-supereffective|p1a: Melmetal
|-damage|p1a: Melmetal|53/100
|-boost|p2a: Calamari|atk|1
|-boost|p2a: Calamari|def|1
|move|p1a: Melmetal|Double Iron Bash|p2a: Calamari
|-damage|p2a: Calamari|80/100
|-damage|p2a: Calamari|57/100
|-hitcount|p2a: Calamari|2
|
|-heal|p2a: Calamari|63/100|[from] Grassy Terrain
|-heal|p2a: Calamari|69/100|[from] item: Leftovers
|-heal|p1a: Melmetal|59/100|[from] Grassy Terrain
|upkeep
|turn|4
|
|t:|1635190750
|move|p1a: Melmetal|Protect|p1a: Melmetal
|-singleturn|p1a: Melmetal|Protect
|move|p2a: Calamari|Trick Room|p2a: Calamari
|-fieldstart|move: Trick Room|[of] p2a: Calamari
|
|-heal|p1a: Melmetal|65/100|[from] Grassy Terrain
|-heal|p2a: Calamari|75/100|[from] Grassy Terrain
|-heal|p2a: Calamari|82/100|[from] item: Leftovers
|upkeep
|turn|5
|
|t:|1635190757
|move|p1a: Melmetal|Toxic|p2a: Calamari
|-status|p2a: Calamari|tox
|move|p2a: Calamari|Superpower|p1a: Melmetal
|-supereffective|p1a: Melmetal
|-damage|p1a: Melmetal|16/100
|-boost|p2a: Calamari|atk|1
|-boost|p2a: Calamari|def|1
|
|-heal|p1a: Melmetal|22/100|[from] Grassy Terrain
|-heal|p2a: Calamari|88/100 tox|[from] Grassy Terrain
|-heal|p2a: Calamari|94/100 tox|[from] item: Leftovers
|-damage|p2a: Calamari|88/100 tox|[from] psn
|-fieldend|move: Grassy Terrain
|upkeep
|turn|6
|
|t:|1635190761
|move|p1a: Melmetal|Double Iron Bash|p2a: Calamari
|-damage|p2a: Calamari|72/100 tox
|-damage|p2a: Calamari|56/100 tox
|-hitcount|p2a: Calamari|2
|move|p2a: Calamari|Knock Off|p1a: Melmetal
|-damage|p1a: Melmetal|0 fnt
|faint|p1a: Melmetal
|
|-heal|p2a: Calamari|62/100 tox|[from] item: Leftovers
|-damage|p2a: Calamari|50/100 tox|[from] psn
|upkeep
|
|t:|1635190777
|switch|p1a: Magnezone|Magnezone|100/100
|turn|7
|
|t:|1635190788
|move|p2a: Calamari|Superpower|p1a: Magnezone
|-supereffective|p1a: Magnezone
|-enditem|p1a: Magnezone|Chople Berry|[eat]
|-enditem|p1a: Magnezone|Chople Berry|[weaken]
|-damage|p1a: Magnezone|64/100
|-boost|p2a: Calamari|atk|1
|-boost|p2a: Calamari|def|1
|move|p1a: Magnezone|Thunderbolt|p2a: Calamari
|-damage|p2a: Calamari|5/100 tox
|
|-heal|p2a: Calamari|11/100 tox|[from] item: Leftovers
|-damage|p2a: Calamari|0 fnt|[from] psn
|faint|p2a: Calamari
|upkeep
|
|t:|1635190798
|switch|p2a: Marowak|Marowak-Alola, M, shiny|100/100
|turn|8
|
|t:|1635190800
|move|p2a: Marowak|Poltergeist||[still]
|-fail|p2a: Marowak
|move|p1a: Magnezone|Toxic|p2a: Marowak
|-status|p2a: Marowak|tox
|
|-damage|p2a: Marowak|94/100 tox|[from] psn
|-fieldend|move: Trick Room
|upkeep
|turn|9
|
|t:|1635190812
|switch|p2a: Porygon2|Porygon2|100/100
|-ability|p2a: Porygon2|Magnet Pull|[from] ability: Trace|[of] p1a: Magnezone
|move|p1a: Magnezone|Thunderbolt|p2a: Porygon2
|-damage|p2a: Porygon2|84/100
|
|upkeep
|turn|10
|
|t:|1635190825
|move|p1a: Magnezone|Toxic|p2a: Porygon2
|-status|p2a: Porygon2|tox
|move|p2a: Porygon2|Trick Room|p2a: Porygon2
|-fieldstart|move: Trick Room|[of] p2a: Porygon2
|
|-damage|p2a: Porygon2|78/100 tox|[from] psn
|upkeep
|turn|11
|inactive|galarian dragapult has 120 seconds left.
|
|t:|1635190857
|move|p1a: Magnezone|Iron Defense|p1a: Magnezone
|-boost|p1a: Magnezone|def|2
|move|p2a: Porygon2|Teleport|p2a: Porygon2
|
|t:|1635190861
|switch|p2a: Marowak|Marowak-Alola, M, shiny|94/100 tox|[from]move: Teleport
|
|-damage|p2a: Marowak|88/100 tox|[from] psn
|upkeep
|turn|12
|
|t:|1635190867
|move|p2a: Marowak|Earthquake|p1a: Magnezone
|-supereffective|p1a: Magnezone
|-damage|p1a: Magnezone|0 fnt
|faint|p1a: Magnezone
|
|-damage|p2a: Marowak|76/100 tox|[from] psn
|upkeep
|
|t:|1635190870
|switch|p1a: Landorus|Landorus-Therian, M|100/100
|-ability|p1a: Landorus|Intimidate|boost
|-unboost|p2a: Marowak|atk|1
|turn|13
|
|t:|1635190877
|switch|p2a: Hatterene|Hatterene, F|100/100
|move|p1a: Landorus|Knock Off|p2a: Hatterene
|-damage|p2a: Hatterene|63/100
|-enditem|p2a: Hatterene|Focus Sash|[from] move: Knock Off|[of] p1a: Landorus
|
|upkeep
|turn|14
|
|t:|1635190886
|move|p2a: Hatterene|Psychic|p1a: Landorus
|-damage|p1a: Landorus|57/100
|move|p1a: Landorus|Earthquake|p2a: Hatterene
|-damage|p2a: Hatterene|12/100
|
|-heal|p1a: Landorus|63/100|[from] item: Leftovers
|-fieldend|move: Trick Room
|upkeep
|turn|15
|
|t:|1635190893
|move|p1a: Landorus|Earthquake|p2a: Hatterene
|-damage|p2a: Hatterene|0 fnt
|faint|p2a: Hatterene
|
|-heal|p1a: Landorus|69/100|[from] item: Leftovers
|upkeep
|
|t:|1635190895
|switch|p2a: Porygon2|Porygon2|78/100 tox
|-ability|p2a: Porygon2|Intimidate|[from] ability: Trace|[of] p1a: Landorus
|-ability|p2a: Porygon2|Intimidate|boost
|-unboost|p1a: Landorus|atk|1
|turn|16
|inactive|galarian dragapult has 120 seconds left.
|
|t:|1635190941
|move|p1a: Landorus|Knock Off|p2a: Porygon2
|-damage|p2a: Porygon2|64/100 tox
|-enditem|p2a: Porygon2|Eviolite|[from] move: Knock Off|[of] p1a: Landorus
|move|p2a: Porygon2|Trick Room|p2a: Porygon2
|-fieldstart|move: Trick Room|[of] p2a: Porygon2
|
|-heal|p1a: Landorus|75/100|[from] item: Leftovers
|-damage|p2a: Porygon2|58/100 tox|[from] psn
|upkeep
|turn|17
|
|t:|1635190955
|switch|p1a: Dragapult|Dragapult, M|100/100
|move|p2a: Porygon2|Teleport|p2a: Porygon2
|
|t:|1635190962
|switch|p2a: Marowak|Marowak-Alola, M, shiny|76/100 tox|[from]move: Teleport
|
|-damage|p2a: Marowak|70/100 tox|[from] psn
|upkeep
|turn|18
|inactive|galarian dragapult has 120 seconds left.
|
|t:|1635190976
|move|p2a: Marowak|Poltergeist|p1a: Dragapult|[miss]
|-miss|p2a: Marowak|p1a: Dragapult
|move|p1a: Dragapult|Shadow Ball|p2a: Marowak
|-supereffective|p2a: Marowak
|-damage|p2a: Marowak|0 fnt
|faint|p2a: Marowak
|
|upkeep
|-message|the_snoopzer forfeited.
|
|win|galarian dragapult
|raw|galarian dragapult's rating: 1733 &rarr; <strong>1748</strong><br />(+15 for winning)
|raw|the_snoopzer's rating: 1645 &rarr; <strong>1630</strong><br />(-15 for losing)
|l|☆the_snoopzer
|l|☆galarian dragapult
