|j|☆jajajj
|j|☆Ferrothornail草钢甲
|t:|1662646230
|gametype|singles
|player|p1|jajajj|265|1714
|player|p2|Ferrothornail草钢甲|lillie|1680
|teamsize|p1|6
|teamsize|p2|6
|gen|8
|tier|[Gen 8] OU
|rated|
|rule|Sleep Clause Mod: Limit one foe put to sleep
|rule|Species Clause: Limit one of each Pokémon
|rule|OHKO Clause: OHKO moves are banned
|rule|Evasion Items Clause: Evasion items are banned
|rule|Evasion Moves Clause: Evasion moves are banned
|rule|Endless Battle Clause: Forcing endless battles is banned
|rule|HP Percentage Mod: HP is shown in percentages
|rule|Dynamax Clause: You cannot dynamax
|clearpoke
|poke|p1|Nihilego|
|poke|p1|Zapdos-Galar|
|poke|p1|Kartana|
|poke|p1|Celesteela|
|poke|p1|Garchomp, M|
|poke|p1|Tapu Fini|
|poke|p2|Hatterene, F|
|poke|p2|Porygon2|
|poke|p2|Cresselia, F|
|poke|p2|Marowak-Alola, F|
|poke|p2|Crawdaunt, F|
|poke|p2|Melmetal|
|teampreview
|c|☆jajajj|好
|c|☆Ferrothornail草钢甲|好
|
|t:|1662646262
|start
|switch|p1a: Nihilego|Nihilego|100/100
|switch|p2a: Hatterene|Hatterene, F|100/100
|turn|1
|
|t:|1662646264
|move|p1a: Nihilego|Sludge Wave|p2a: Hatterene
|-supereffective|p2a: Hatterene
|-damage|p2a: Hatterene|6/100
|move|p2a: Hatterene|Trick Room|p2a: Hatterene
|-fieldstart|move: Trick Room|[of] p2a: Hatterene
|
|upkeep
|turn|2
|j| baimaogui
|
|t:|1662646269
|switch|p1a: Garchomp|Garchomp, M|100/100
|move|p2a: Hatterene|Healing Wish|p2a: Hatterene
|faint|p2a: Hatterene
|
|upkeep
|
|t:|1662646273
|switch|p2a: Melmetal|Melmetal|100/100
|turn|3
|
|t:|1662646279
|switch|p1a: Celesteela|Celesteela|100/100
|move|p2a: Melmetal|Double Iron Bash|p1a: Celesteela
|-resisted|p1a: Celesteela
|-damage|p1a: Celesteela|70/100
|-resisted|p1a: Celesteela
|-damage|p1a: Celesteela|35/100
|-hitcount|p1a: Celesteela|2
|
|upkeep
|turn|4
|
|t:|1662646286
|move|p2a: Melmetal|Double Iron Bash|p1a: Celesteela
|-resisted|p1a: Celesteela
|-damage|p1a: Celesteela|4/100
|-resisted|p1a: Celesteela
|-damage|p1a: Celesteela|0 fnt
|faint|p1a: Celesteela
|-hitcount|p1: Celesteela|2
|
|upkeep
|c|☆Ferrothornail草钢甲|辉夜真是辣鸡
|j| xing-ggggg
|
|t:|1662646289
|switch|p1a: Kartana|Kartana|100/100
|turn|5
|
|t:|1662646294
|move|p2a: Melmetal|Double Iron Bash|p1a: Kartana
|-resisted|p1a: Kartana
|-damage|p1a: Kartana|68/100
|-resisted|p1a: Kartana
|-damage|p1a: Kartana|31/100
|-hitcount|p1a: Kartana|2
|move|p1a: Kartana|Knock Off|p2a: Melmetal
|-damage|p2a: Melmetal|76/100
|-enditem|p2a: Melmetal|Choice Band|[from] move: Knock Off|[of] p1a: Kartana
|
|-fieldend|move: Trick Room
|upkeep
|turn|6
|
|t:|1662646299
|switch|p1a: Garchomp|Garchomp, M|100/100
|move|p2a: Melmetal|Double Iron Bash|p1a: Garchomp
|-damage|p1a: Garchomp|61/100
|-damage|p2a: Melmetal|64/100|[from] ability: Rough Skin|[of] p1a: Garchomp
|-damage|p2a: Melmetal|47/100|[from] item: Rocky Helmet|[of] p1a: Garchomp
|-damage|p1a: Garchomp|21/100
|-damage|p2a: Melmetal|35/100|[from] ability: Rough Skin|[of] p1a: Garchomp
|-damage|p2a: Melmetal|18/100|[from] item: Rocky Helmet|[of] p1a: Garchomp
|-hitcount|p1a: Garchomp|2
|
|upkeep
|turn|7
|
|t:|1662646304
|switch|p2a: Cresselia|Cresselia, F|100/100
|move|p1a: Garchomp|Stealth Rock|p2a: Cresselia
|-sidestart|p2: Ferrothornail草钢甲|move: Stealth Rock
|
|upkeep
|turn|8
|
|t:|1662646307
|move|p1a: Garchomp|Toxic|p2a: Cresselia
|-status|p2a: Cresselia|tox
|move|p2a: Cresselia|Trick Room|p2a: Cresselia
|-fieldstart|move: Trick Room|[of] p2a: Cresselia
|
|-damage|p2a: Cresselia|94/100 tox|[from] psn
|upkeep
|turn|9
|
|t:|1662646310
|switch|p2a: Melmetal|Melmetal|18/100
|-heal|p2a: Melmetal|100/100|[from] move: Healing Wish
|-damage|p2a: Melmetal|94/100|[from] Stealth Rock
|switch|p1a: Tapu Fini|Tapu Fini|100/100
|-fieldstart|move: Misty Terrain|[from] ability: Misty Surge|[of] p1a: Tapu Fini
|
|upkeep
|turn|10
|
|t:|1662646317
|move|p2a: Melmetal|Double Iron Bash|p1a: Tapu Fini
|-damage|p1a: Tapu Fini|70/100
|-damage|p1a: Tapu Fini|37/100
|-hitcount|p1a: Tapu Fini|2
|move|p1a: Tapu Fini|Surf|p2a: Melmetal
|-damage|p2a: Melmetal|61/100
|
|-heal|p1a: Tapu Fini|43/100|[from] item: Leftovers
|upkeep
|turn|11
|
|t:|1662646321
|move|p2a: Melmetal|Double Iron Bash|p1a: Tapu Fini
|-damage|p1a: Tapu Fini|7/100
|-damage|p1a: Tapu Fini|0 fnt
|faint|p1a: Tapu Fini
|-hitcount|p1: Tapu Fini|2
|
|upkeep
|
|t:|1662646328
|switch|p1a: Garchomp|Garchomp, M|21/100
|turn|12
|
|t:|1662646330
|move|p2a: Melmetal|Double Iron Bash|p1a: Garchomp
|-damage|p1a: Garchomp|0 fnt
|-damage|p2a: Melmetal|49/100|[from] ability: Rough Skin|[of] p1a: Garchomp
|-damage|p2a: Melmetal|32/100|[from] item: Rocky Helmet|[of] p1a: Garchomp
|faint|p1a: Garchomp
|-hitcount|p1: Garchomp|1
|
|-fieldend|move: Trick Room
|upkeep
|
|t:|1662646341
|switch|p1a: Zapdos|Zapdos-Galar|100/100
|turn|13
|
|t:|1662646348
|switch|p2a: Marowak|Marowak-Alola, F|100/100
|-damage|p2a: Marowak|76/100|[from] Stealth Rock
|move|p1a: Zapdos|Brave Bird|p2a: Marowak
|-damage|p2a: Marowak|0 fnt
|faint|p2a: Marowak
|-damage|p1a: Zapdos|76/100|[from] Recoil
|
|-fieldend|Misty Terrain
|upkeep
|
|t:|1662646353
|switch|p2a: Cresselia|Cresselia, F|94/100 tox
|-damage|p2a: Cresselia|82/100 tox|[from] Stealth Rock
|turn|14
|
|t:|1662646356
|move|p1a: Zapdos|Brave Bird|p2a: Cresselia
|-damage|p2a: Cresselia|37/100 tox
|-damage|p1a: Zapdos|55/100|[from] Recoil
|move|p2a: Cresselia|Trick Room|p2a: Cresselia
|-fieldstart|move: Trick Room|[of] p2a: Cresselia
|
|-damage|p2a: Cresselia|30/100 tox|[from] psn
|upkeep
|turn|15
|
|t:|1662646359
|move|p2a: Cresselia|Lunar Dance|p2a: Cresselia
|faint|p2a: Cresselia
|move|p1a: Zapdos|Brave Bird|p2: Cresselia|[notarget]
|-fail|p1a: Zapdos
|
|upkeep
|
|t:|1662646361
|switch|p2a: Melmetal|Melmetal|32/100
|-heal|p2a: Melmetal|100/100|[from] move: Lunar Dance
|-damage|p2a: Melmetal|94/100|[from] Stealth Rock
|turn|16
|j| sleepdrawirnig
|
|t:|1662646370
|move|p2a: Melmetal|Double Iron Bash|p1a: Zapdos
|-damage|p1a: Zapdos|0 fnt
|faint|p1a: Zapdos
|-hitcount|p1: Zapdos|1
|
|upkeep
|
|t:|1662646372
|switch|p1a: Nihilego|Nihilego|100/100
|turn|17
|
|t:|1662646375
|move|p2a: Melmetal|Double Iron Bash|p1a: Nihilego
|-supereffective|p1a: Nihilego
|-damage|p1a: Nihilego|0 fnt
|faint|p1a: Nihilego
|-hitcount|p1: Nihilego|1
|
|upkeep
|
|t:|1662646378
|switch|p1a: Kartana|Kartana|31/100
|turn|18
|
|t:|1662646380
|move|p2a: Melmetal|Double Iron Bash|p1a: Kartana
|-resisted|p1a: Kartana
|-damage|p1a: Kartana|8/100
|-resisted|p1a: Kartana
|-damage|p1a: Kartana|0 fnt
|faint|p1a: Kartana
|-hitcount|p1: Kartana|2
|
|win|Ferrothornail草钢甲
|raw|jajajj's rating: 1714 &rarr; <strong>1692</strong><br />(-22 for losing)
|raw|Ferrothornail草钢甲's rating: 1680 &rarr; <strong>1702</strong><br />(+22 for winning)
|l| sleepdrawirnig
||Ladder isn't responding, score probably updated but might not have (Request timeout).
