|j|☆erhaerhaer
|j|☆putisorz
|t:|1667283183
|gametype|singles
|player|p1|erhaerhaer|lucas|
|player|p2|putisorz|102|
|teamsize|p1|6
|teamsize|p2|6
|gen|8
|tier|[Gen 8] OU
|rule|Sleep Clause Mod: Limit one foe put to sleep
|rule|Species Clause: Limit one of each Pokémon
|rule|OHKO Clause: OHKO moves are banned
|rule|Evasion Items Clause: Evasion items are banned
|rule|Evasion Moves Clause: Evasion moves are banned
|rule|Endless Battle Clause: Forcing endless battles is banned
|rule|HP Percentage Mod: HP is shown in percentages
|rule|Dynamax Clause: You cannot dynamax
|clearpoke
|poke|p1|Tyranitar, F|
|poke|p1|Excadrill, M|
|poke|p1|Dragapult, M|
|poke|p1|Corviknight, F|
|poke|p1|Zapdos|
|poke|p1|Kartana|
|poke|p2|Ferrothorn, F|
|poke|p2|Swampert, M|
|poke|p2|Slowbro, M|
|poke|p2|Landorus-Therian, M|
|poke|p2|Zapdos|
|poke|p2|Weavile, F|
|teampreview
|inactive|Battle timer is ON: inactive players will automatically lose when time's up. (requested by putisorz)
|
|t:|1667283200
|start
|switch|p1a: Tyranitar|Tyranitar, F, shiny|100/100
|switch|p2a: Swampert|Swampert, M|100/100
|-weather|Sandstorm|[from] ability: Sand Stream|[of] p1a: Tyranitar
|turn|1
|
|t:|1667283216
|switch|p1a: Dragapult|Dragapult, M|100/100
|move|p2a: Swampert|Stealth Rock|p1a: Dragapult
|-sidestart|p1: erhaerhaer|move: Stealth Rock
|
|-weather|Sandstorm|[upkeep]
|-damage|p1a: Dragapult|95/100|[from] Sandstorm
|upkeep
|turn|2
|
|t:|1667283224
|move|p1a: Dragapult|Draco Meteor|p2a: Swampert
|-damage|p2a: Swampert|42/100
|-unboost|p1a: Dragapult|spa|2
|move|p2a: Swampert|Yawn|p1a: Dragapult
|-start|p1a: Dragapult|move: Yawn|[of] p2a: Swampert
|
|-weather|Sandstorm|[upkeep]
|-damage|p1a: Dragapult|89/100|[from] Sandstorm
|-heal|p2a: Swampert|48/100|[from] item: Leftovers
|upkeep
|turn|3
|
|t:|1667283239
|switch|p1a: Tyranitar|Tyranitar, F, shiny|100/100
|-damage|p1a: Tyranitar|88/100|[from] Stealth Rock
|move|p2a: Swampert|Flip Turn|p1a: Tyranitar
|-supereffective|p1a: Tyranitar
|-damage|p1a: Tyranitar|48/100
|
|t:|1667283254
|switch|p2a: Landorus|Landorus-Therian, M|100/100|[from]move: Flip Turn
|-ability|p2a: Landorus|Intimidate|boost
|-unboost|p1a: Tyranitar|atk|1
|
|-weather|Sandstorm|[upkeep]
|upkeep
|turn|4
|
|t:|1667283272
|switch|p1a: Corviknight|Corviknight, F|100/100
|-damage|p1a: Corviknight|88/100|[from] Stealth Rock
|move|p2a: Landorus|Smack Down|p1a: Corviknight
|-damage|p1a: Corviknight|78/100
|-start|p1a: Corviknight|Smack Down
|
|-weather|Sandstorm|[upkeep]
|-heal|p1a: Corviknight|84/100|[from] item: Leftovers
|upkeep
|turn|5
|
|t:|1667283288
|move|p2a: Landorus|Toxic|p1a: Corviknight
|-immune|p1a: Corviknight
|move|p1a: Corviknight|Taunt|p2a: Landorus
|-start|p2a: Landorus|move: Taunt
|
|-weather|none
|-heal|p1a: Corviknight|90/100|[from] item: Leftovers
|upkeep
|turn|6
|
|t:|1667283297
|move|p2a: Landorus|Earthquake|p1a: Corviknight
|-supereffective|p1a: Corviknight
|-damage|p1a: Corviknight|20/100
|move|p1a: Corviknight|U-turn|p2a: Landorus
|-resisted|p2a: Landorus
|-damage|p2a: Landorus|94/100
|
|t:|1667283305
|switch|p1a: Tyranitar|Tyranitar, F, shiny|48/100|[from]move: U-turn
|-damage|p1a: Tyranitar|35/100|[from] Stealth Rock
|-weather|Sandstorm|[from] ability: Sand Stream|[of] p1a: Tyranitar
|
|-weather|Sandstorm|[upkeep]
|-heal|p2a: Landorus|99/100|[from] item: Leftovers
|upkeep
|turn|7
|
|t:|1667283318
|move|p2a: Landorus|U-turn|p1a: Tyranitar
|-supereffective|p1a: Tyranitar
|-crit|p1a: Tyranitar
|-damage|p1a: Tyranitar|0 fnt
|faint|p1a: Tyranitar
|
|t:|1667283335
|switch|p2a: Zapdos|Zapdos|100/100|[from]move: U-turn
|
|-weather|Sandstorm|[upkeep]
|-damage|p2a: Zapdos|94/100|[from] Sandstorm
|upkeep
|
|t:|1667283347
|switch|p1a: Excadrill|Excadrill, M|100/100
|-damage|p1a: Excadrill|97/100|[from] Stealth Rock
|turn|8
|
|t:|1667283353
|move|p1a: Excadrill|Swords Dance|p1a: Excadrill
|-boost|p1a: Excadrill|atk|2
|move|p2a: Zapdos|Heat Wave|p1a: Excadrill
|-supereffective|p1a: Excadrill
|-damage|p1a: Excadrill|12/100
|-status|p1a: Excadrill|brn
|
|-weather|Sandstorm|[upkeep]
|-damage|p2a: Zapdos|88/100|[from] Sandstorm
|-damage|p1a: Excadrill|6/100 brn|[from] brn
|upkeep
|turn|9
|
|t:|1667283367
|move|p1a: Excadrill|Iron Head|p2a: Zapdos
|-resisted|p2a: Zapdos
|-damage|p2a: Zapdos|61/100
|-damage|p1a: Excadrill|0 fnt|[from] item: Life Orb
|faint|p1a: Excadrill
|move|p2a: Zapdos|Roost|p2a: Zapdos
|-heal|p2a: Zapdos|100/100
|-singleturn|p2a: Zapdos|move: Roost
|
|-weather|Sandstorm|[upkeep]
|-damage|p2a: Zapdos|94/100|[from] Sandstorm
|upkeep
|
|t:|1667283382
|switch|p1a: Dragapult|Dragapult, M|89/100
|-damage|p1a: Dragapult|76/100|[from] Stealth Rock
|turn|10
|
|t:|1667283389
|switch|p2a: Ferrothorn|Ferrothorn, F|100/100
|move|p1a: Dragapult|Draco Meteor|p2a: Ferrothorn
|-resisted|p2a: Ferrothorn
|-crit|p2a: Ferrothorn
|-damage|p2a: Ferrothorn|56/100
|-unboost|p1a: Dragapult|spa|2
|
|-weather|none
|-heal|p2a: Ferrothorn|62/100|[from] item: Leftovers
|upkeep
|turn|11
|
|t:|1667283403
|switch|p1a: Corviknight|Corviknight, F|20/100
|-damage|p1a: Corviknight|7/100|[from] Stealth Rock
|move|p2a: Ferrothorn|Knock Off|p1a: Corviknight
|-damage|p1a: Corviknight|0 fnt
|-enditem|p1a: Corviknight|Leftovers|[from] move: Knock Off|[of] p2a: Ferrothorn
|faint|p1a: Corviknight
|
|-heal|p2a: Ferrothorn|69/100|[from] item: Leftovers
|upkeep
|
|t:|1667283417
|switch|p1a: Zapdos|Zapdos|100/100
|-damage|p1a: Zapdos|75/100|[from] Stealth Rock
|turn|12
|
|t:|1667283427
|switch|p2a: Swampert|Swampert, M|48/100
|move|p1a: Zapdos|Heat Wave|p2a: Swampert
|-resisted|p2a: Swampert
|-damage|p2a: Swampert|39/100
|
|-heal|p2a: Swampert|45/100|[from] item: Leftovers
|upkeep
|turn|13
|
|t:|1667283444
|switch|p1a: Dragapult|Dragapult, M|76/100
|-damage|p1a: Dragapult|64/100|[from] Stealth Rock
|move|p2a: Swampert|Yawn|p1a: Dragapult
|-start|p1a: Dragapult|move: Yawn|[of] p2a: Swampert
|
|-heal|p2a: Swampert|51/100|[from] item: Leftovers
|upkeep
|turn|14
|
|t:|1667283454
|move|p1a: Dragapult|Draco Meteor|p2a: Swampert
|-damage|p2a: Swampert|0 fnt
|-unboost|p1a: Dragapult|spa|2
|faint|p2a: Swampert
|
|-end|p1a: Dragapult|move: Yawn|[silent]
|-status|p1a: Dragapult|slp
|upkeep
|
|t:|1667283463
|switch|p2a: Weavile|Weavile, F|100/100
|-ability|p2a: Weavile|Pressure
|turn|15
|
|t:|1667283471
|cant|p1a: Dragapult|slp
|move|p2a: Weavile|Knock Off|p1a: Dragapult
|-supereffective|p1a: Dragapult
|-damage|p1a: Dragapult|0 fnt
|-enditem|p1a: Dragapult|Choice Specs|[from] move: Knock Off|[of] p2a: Weavile
|faint|p1a: Dragapult
|
|upkeep
|
|t:|1667283479
|switch|p1a: Kartana|Kartana|100/100
|-damage|p1a: Kartana|94/100|[from] Stealth Rock
|turn|16
|
|t:|1667283491
|switch|p2a: Landorus|Landorus-Therian, M|99/100
|-ability|p2a: Landorus|Intimidate|boost
|-unboost|p1a: Kartana|atk|1
|move|p1a: Kartana|Knock Off|p2a: Landorus
|-damage|p2a: Landorus|76/100
|-enditem|p2a: Landorus|Leftovers|[from] move: Knock Off|[of] p1a: Kartana
|
|upkeep
|turn|17
|
|t:|1667283501
|switch|p1a: Zapdos|Zapdos|75/100
|-damage|p1a: Zapdos|50/100|[from] Stealth Rock
|move|p2a: Landorus|Smack Down|p1a: Zapdos
|-supereffective|p1a: Zapdos
|-damage|p1a: Zapdos|26/100
|-start|p1a: Zapdos|Smack Down
|
|upkeep
|turn|18
|-message|erhaerhaer forfeited.
|
|win|putisorz
|l|☆erhaerhaer
