|raw|<div class="broadcast-blue"><strong>This battle is required to be public due to a player having a name starting with 'lt94je'.</div>
|j|☆lt94je nick
|j|☆wish kisser
|t:|1661565843
|gametype|singles
|player|p1|lt94je nick|nate|1764
|player|p2|wish kisser|ethan|1838
|teamsize|p1|6
|teamsize|p2|6
|gen|8
|tier|[Gen 8] OU
|rated|
|rule|Sleep Clause Mod: Limit one foe put to sleep
|rule|Species Clause: Limit one of each Pokémon
|rule|OHKO Clause: OHKO moves are banned
|rule|Evasion Items Clause: Evasion items are banned
|rule|Evasion Moves Clause: Evasion moves are banned
|rule|Endless Battle Clause: Forcing endless battles is banned
|rule|HP Percentage Mod: HP is shown in percentages
|rule|Dynamax Clause: You cannot dynamax
|clearpoke
|poke|p1|Dragapult, F|
|poke|p1|Urshifu-*, F|
|poke|p1|Tapu Lele|
|poke|p1|Landorus-Therian, M|
|poke|p1|Zapdos|
|poke|p1|Melmetal|
|poke|p2|Volcarona, M|
|poke|p2|Heatran, M|
|poke|p2|Kartana|
|poke|p2|Rillaboom, M|
|poke|p2|Zapdos|
|poke|p2|Zeraora|
|teampreview
|inactive|Battle timer is ON: inactive players will automatically lose when time's up. (requested by lt94je nick)
|j| 3d
|
|t:|1661565856
|start
|switch|p1a: Zapdos|Zapdos|100/100
|switch|p2a: Kong|Rillaboom, M, shiny|100/100
|-fieldstart|move: Grassy Terrain|[from] ability: Grassy Surge|[of] p2a: Kong
|turn|1
|j| paradise cove
|
|t:|1661565862
|switch|p2a: Chaos|Heatran, M, shiny|100/100
|move|p1a: Zapdos|Volt Switch|p2a: Chaos
|-damage|p2a: Chaos|68/100
|j| LT94JE Tace
|
|t:|1661565870
|switch|p1a: Urshifu|Urshifu-Rapid-Strike, F|100/100|[from]move: Volt Switch
|
|-heal|p2a: Chaos|75/100|[from] Grassy Terrain
|-heal|p2a: Chaos|81/100|[from] item: Leftovers
|upkeep
|turn|2
|
|t:|1661565876
|switch|p2a: Byakko|Zapdos, shiny|100/100
|move|p1a: Urshifu|Surging Strikes|p2a: Byakko
|-crit|p2a: Byakko
|-damage|p2a: Byakko|63/100
|-crit|p2a: Byakko
|-damage|p2a: Byakko|27/100
|-crit|p2a: Byakko
|-damage|p2a: Byakko|0 fnt
|-status|p1a: Urshifu|par|[from] ability: Static|[of] p2a: Byakko
|faint|p2a: Byakko
|-hitcount|p2: Byakko|3
|
|upkeep
|j| SCALD
|
|t:|1661565879
|switch|p2a: Deathstroke|Kartana, shiny|100/100
|turn|3
|j| 10 Misery nights
|
|t:|1661565886
|switch|p2a: Chaos|Heatran, M, shiny|81/100
|switch|p1a: Zapdos|Zapdos|100/100
|
|-heal|p2a: Chaos|87/100|[from] Grassy Terrain
|-heal|p2a: Chaos|93/100|[from] item: Leftovers
|upkeep
|turn|4
|j| gewwge
|
|t:|1661565890
|move|p1a: Zapdos|Volt Switch|p2a: Chaos
|-damage|p2a: Chaos|63/100
|
|t:|1661565894
|switch|p1a: Urshifu|Urshifu-Rapid-Strike, F|100/100 par|[from]move: Volt Switch
|move|p2a: Chaos|Stealth Rock|p1a: Urshifu
|-sidestart|p1: lt94je nick|move: Stealth Rock
|
|-heal|p2a: Chaos|70/100|[from] Grassy Terrain
|-heal|p2a: Chaos|76/100|[from] item: Leftovers
|upkeep
|turn|5
|
|t:|1661565897
|switch|p2a: Amaterasu|Volcarona, M, shiny|100/100
|move|p1a: Urshifu|Close Combat|p2a: Amaterasu
|-resisted|p2a: Amaterasu
|-damage|p2a: Amaterasu|26/100
|-unboost|p1a: Urshifu|def|1
|-unboost|p1a: Urshifu|spd|1
|
|-heal|p2a: Amaterasu|32/100|[from] Grassy Terrain
|-fieldend|move: Grassy Terrain
|upkeep
|turn|6
|
|t:|1661565903
|switch|p1a: Dragapult|Dragapult, F|100/100
|-damage|p1a: Dragapult|88/100|[from] Stealth Rock
|move|p2a: Amaterasu|Bug Buzz|p1a: Dragapult
|-resisted|p1a: Dragapult
|-damage|p1a: Dragapult|32/100
|
|upkeep
|turn|7
|
|t:|1661565909
|switch|p2a: Zephyr|Zeraora, shiny|100/100
|move|p1a: Dragapult|Shadow Ball|p2a: Zephyr
|-damage|p2a: Zephyr|24/100
|
|upkeep
|turn|8
|j| LT94JE LOOR
|
|t:|1661565916
|switch|p1a: Landorus|Landorus-Therian, M|100/100
|-damage|p1a: Landorus|88/100|[from] Stealth Rock
|-ability|p1a: Landorus|Intimidate|boost
|-unboost|p2a: Zephyr|atk|1
|move|p2a: Zephyr|Knock Off|p1a: Landorus
|-damage|p1a: Landorus|69/100
|-enditem|p1a: Landorus|Leftovers|[from] move: Knock Off|[of] p2a: Zephyr
|
|upkeep
|turn|9
|
|t:|1661565925
|move|p2a: Zephyr|Toxic|p1a: Landorus
|-status|p1a: Landorus|tox
|move|p1a: Landorus|Stealth Rock|p2a: Zephyr
|-sidestart|p2: wish kisser|move: Stealth Rock
|
|-damage|p1a: Landorus|63/100 tox|[from] psn
|upkeep
|turn|10
|
|t:|1661565928
|switch|p2a: Chaos|Heatran, M, shiny|76/100
|-damage|p2a: Chaos|63/100|[from] Stealth Rock
|move|p1a: Landorus|U-turn|p2a: Chaos
|-resisted|p2a: Chaos
|-damage|p2a: Chaos|60/100
|
|t:|1661565934
|switch|p1a: Urshifu|Urshifu-Rapid-Strike, F|100/100 par|[from]move: U-turn
|-damage|p1a: Urshifu|94/100 par|[from] Stealth Rock
|
|-heal|p2a: Chaos|66/100|[from] item: Leftovers
|upkeep
|turn|11
|
|t:|1661565936
|move|p2a: Chaos|Lava Plume|p1a: Urshifu
|-resisted|p1a: Urshifu
|-damage|p1a: Urshifu|70/100 par
|move|p1a: Urshifu|Close Combat|p2a: Chaos
|-supereffective|p2a: Chaos
|-damage|p2a: Chaos|0 fnt
|-unboost|p1a: Urshifu|def|1
|-unboost|p1a: Urshifu|spd|1
|faint|p2a: Chaos
|
|upkeep
|
|t:|1661565942
|switch|p2a: Amaterasu|Volcarona, M, shiny|32/100
|turn|12
|
|t:|1661565950
|move|p2a: Amaterasu|Bug Buzz|p1a: Urshifu
|-resisted|p1a: Urshifu
|-damage|p1a: Urshifu|0 fnt
|faint|p1a: Urshifu
|
|upkeep
|
|t:|1661565952
|switch|p1a: Dragapult|Dragapult, F|32/100
|-damage|p1a: Dragapult|19/100|[from] Stealth Rock
|turn|13
|
|t:|1661565958
|move|p1a: Dragapult|Flamethrower|p2a: Amaterasu
|-damage|p2a: Amaterasu|0 fnt
|faint|p2a: Amaterasu
|
|upkeep
|
|t:|1661565960
|switch|p2a: Kong|Rillaboom, M, shiny|100/100
|-damage|p2a: Kong|88/100|[from] Stealth Rock
|-fieldstart|move: Grassy Terrain|[from] ability: Grassy Surge|[of] p2a: Kong
|turn|14
|
|t:|1661565964
|move|p2a: Kong|Grassy Glide|p1a: Dragapult
|-resisted|p1a: Dragapult
|-damage|p1a: Dragapult|0 fnt
|faint|p1a: Dragapult
|
|-heal|p2a: Kong|94/100|[from] Grassy Terrain
|-heal|p2a: Kong|100/100|[from] item: Leftovers
|upkeep
|
|t:|1661565968
|switch|p1a: Zapdos|Zapdos|100/100
|turn|15
|
|t:|1661565970
|move|p1a: Zapdos|Heat Wave|p2a: Kong
|-supereffective|p2a: Kong
|-damage|p2a: Kong|31/100
|move|p2a: Kong|Knock Off|p1a: Zapdos
|-damage|p1a: Zapdos|55/100
|-enditem|p1a: Zapdos|Heavy-Duty Boots|[from] move: Knock Off|[of] p2a: Kong
|
|-heal|p2a: Kong|37/100|[from] Grassy Terrain
|-heal|p2a: Kong|43/100|[from] item: Leftovers
|upkeep
|turn|16
|
|t:|1661565973
|move|p1a: Zapdos|Heat Wave|p2a: Kong
|-supereffective|p2a: Kong
|-damage|p2a: Kong|0 fnt
|faint|p2a: Kong
|
|upkeep
|
|t:|1661565975
|switch|p2a: Zephyr|Zeraora, shiny|24/100
|turn|17
|
|t:|1661565981
|switch|p2a: Deathstroke|Kartana, shiny|100/100
|-damage|p2a: Deathstroke|94/100|[from] Stealth Rock
|switch|p1a: Landorus|Landorus-Therian, M|63/100 tox
|-damage|p1a: Landorus|51/100 tox|[from] Stealth Rock
|-ability|p1a: Landorus|Intimidate|boost
|-unboost|p2a: Deathstroke|atk|1
|
|-heal|p2a: Deathstroke|100/100|[from] Grassy Terrain
|-damage|p1a: Landorus|45/100 tox|[from] psn
|upkeep
|turn|18
|
|t:|1661565984
|move|p2a: Deathstroke|Leaf Blade|p1a: Landorus
|-damage|p1a: Landorus|0 fnt
|faint|p1a: Landorus
|-ability|p2a: Deathstroke|Beast Boost|boost
|-boost|p2a: Deathstroke|atk|1
|
|-fieldend|move: Grassy Terrain
|upkeep
|
|t:|1661565990
|switch|p1a: Melmetal|Melmetal|100/100
|-damage|p1a: Melmetal|94/100|[from] Stealth Rock
|turn|19
|
|t:|1661565996
|move|p2a: Deathstroke|Leaf Blade|p1a: Melmetal
|-resisted|p1a: Melmetal
|-damage|p1a: Melmetal|75/100
|move|p1a: Melmetal|Earthquake|p2a: Deathstroke
|-damage|p2a: Deathstroke|58/100
|
|-heal|p1a: Melmetal|82/100|[from] item: Leftovers
|upkeep
|turn|20
|
|t:|1661566002
|switch|p2a: Zephyr|Zeraora, shiny|24/100
|move|p1a: Melmetal|Earthquake|p2a: Zephyr
|-supereffective|p2a: Zephyr
|-damage|p2a: Zephyr|0 fnt
|faint|p2a: Zephyr
|
|-heal|p1a: Melmetal|88/100|[from] item: Leftovers
|upkeep
|
|t:|1661566004
|switch|p2a: Deathstroke|Kartana, shiny|58/100
|-damage|p2a: Deathstroke|51/100|[from] Stealth Rock
|turn|21
|
|t:|1661566007
|move|p2a: Deathstroke|Knock Off|p1a: Melmetal
|-crit|p1a: Melmetal
|-damage|p1a: Melmetal|48/100
|-enditem|p1a: Melmetal|Leftovers|[from] move: Knock Off|[of] p2a: Deathstroke
|move|p1a: Melmetal|Earthquake|p2a: Deathstroke
|-damage|p2a: Deathstroke|9/100
|
|upkeep
|turn|22
|
|t:|1661566010
|move|p2a: Deathstroke|Knock Off|p1a: Melmetal
|-damage|p1a: Melmetal|31/100
|move|p1a: Melmetal|Double Iron Bash|p2a: Deathstroke
|-resisted|p2a: Deathstroke
|-damage|p2a: Deathstroke|0 fnt
|faint|p2a: Deathstroke
|-hitcount|p2: Deathstroke|1
|
|win|lt94je nick
|raw|lt94je nick's rating: 1764 &rarr; <strong>1788</strong><br />(+24 for winning)
|raw|wish kisser's rating: 1838 &rarr; <strong>1814</strong><br />(-24 for losing)
|l|☆lt94je nick
|l|☆wish kisser
|l| 3d
|l| paradise cove
|l| 10 Misery nights
|l| SCALD
||Ladder isn't responding, score probably updated but might not have (Request timeout).
