|j|☆Shootingwolf
|j|☆y0
|t:|1604635538
|player|p1|Shootingwolf|erika|1635
|player|p2|y0|unknown|1627
|teamsize|p1|6
|teamsize|p2|6
|gametype|singles
|gen|8
|tier|[Gen 8] OU
|rated|
|clearpoke
|poke|p1|Mandibuzz, F|
|poke|p1|Pheromosa|
|poke|p1|Tapu Fini|
|poke|p1|Kyurem-Black|
|poke|p1|Landorus-Therian, M|
|poke|p1|Magearna|
|poke|p2|Zapdos-Galar|
|poke|p2|Blaziken, M|
|poke|p2|Spectrier|
|poke|p2|Pheromosa|
|poke|p2|Kyurem-Black|
|poke|p2|Zygarde|
|rule|Sleep Clause Mod: Limit one foe put to sleep
|rule|Species Clause: Limit one of each Pokémon
|rule|OHKO Clause: OHKO moves are banned
|rule|Evasion Moves Clause: Evasion moves are banned
|rule|Endless Battle Clause: Forcing endless battles is banned
|rule|HP Percentage Mod: HP is shown in percentages
|rule|Dynamax Clause: You cannot dynamax
|teampreview
|
|t:|1604635563
|start
|switch|p1a: Pheromosa|Pheromosa|100/100
|switch|p2a: Kyurem|Kyurem-Black, shiny|100/100
|-ability|p2a: Kyurem|Teravolt
|turn|1
|
|t:|1604635573
|switch|p2a: Spectrier|Spectrier|100/100
|move|p1a: Pheromosa|U-turn|p2a: Spectrier
|-resisted|p2a: Spectrier
|-damage|p2a: Spectrier|71/100
|inactive|Battle timer is ON: inactive players will automatically lose when time's up. (requested by y0)
|
|t:|1604635588
|switch|p1a: Mandibuzz|Mandibuzz, F|100/100|[from]move: U-turn
|
|upkeep
|turn|2
|
|t:|1604635596
|move|p2a: Spectrier|Will-O-Wisp|p1a: Mandibuzz
|-status|p1a: Mandibuzz|brn
|move|p1a: Mandibuzz|Toxic|p2a: Spectrier
|-status|p2a: Spectrier|tox
|
|-damage|p2a: Spectrier|65/100 tox|[from] psn
|-damage|p1a: Mandibuzz|94/100 brn|[from] brn
|upkeep
|turn|3
|
|t:|1604635612
|switch|p2a: Pheromosa|Pheromosa, shiny|100/100
|switch|p1a: Tapu Fini|Tapu Fini|100/100
|-fieldstart|move: Misty Terrain|[from] ability: Misty Surge|[of] p1a: Tapu Fini
|
|upkeep
|turn|4
|
|t:|1604635618
|move|p2a: Pheromosa|U-turn|p1a: Tapu Fini
|-resisted|p1a: Tapu Fini
|-damage|p1a: Tapu Fini|87/100
|
|t:|1604635621
|switch|p2a: Spectrier|Spectrier|65/100 tox|[from]move: U-turn
|move|p1a: Tapu Fini|Moonblast|p2a: Spectrier
|-damage|p2a: Spectrier|27/100 tox
|
|-heal|p1a: Tapu Fini|93/100|[from] item: Leftovers
|-damage|p2a: Spectrier|21/100 tox|[from] psn
|upkeep
|turn|5
|
|t:|1604635642
|move|p2a: Spectrier|Shadow Ball|p1a: Tapu Fini
|-damage|p1a: Tapu Fini|34/100
|-unboost|p1a: Tapu Fini|spd|1
|move|p1a: Tapu Fini|Moonblast|p2a: Spectrier
|-damage|p2a: Spectrier|0 fnt
|faint|p2a: Spectrier
|
|-heal|p1a: Tapu Fini|40/100|[from] item: Leftovers
|upkeep
|
|t:|1604635661
|switch|p2a: Zapdos|Zapdos-Galar|100/100
|turn|6
|j| bigtimecuck
|
|t:|1604635672
|move|p2a: Zapdos|Brave Bird|p1a: Tapu Fini
|-damage|p1a: Tapu Fini|0 fnt
|-damage|p2a: Zapdos|86/100|[from] Recoil
|faint|p1a: Tapu Fini
|
|upkeep
|
|t:|1604635678
|switch|p1a: Magearna|Magearna|100/100
|turn|7
|
|t:|1604635684
|switch|p2a: Zygarde|Zygarde|100/100
|-ability|p2a: Zygarde|Aura Break
|move|p1a: Magearna|Fleur Cannon|p2a: Zygarde
|-supereffective|p2a: Zygarde
|-damage|p2a: Zygarde|0 fnt
|-unboost|p1a: Magearna|spa|2
|faint|p2a: Zygarde
|-ability|p1a: Magearna|Soul-Heart|boost
|-boost|p1a: Magearna|spa|1
|
|-fieldend|Misty Terrain
|upkeep
|
|t:|1604635695
|switch|p2a: Blaziken|Blaziken, M|100/100
|turn|8
|j| Miesmiel
|
|t:|1604635704
|switch|p1a: Landorus|Landorus-Therian, M|100/100
|-ability|p1a: Landorus|Intimidate|boost
|-unboost|p2a: Blaziken|atk|1
|move|p2a: Blaziken|Flare Blitz|p1a: Landorus
|-damage|p1a: Landorus|56/100
|-damage|p2a: Blaziken|84/100|[from] item: Rocky Helmet|[of] p1a: Landorus
|-damage|p2a: Blaziken|68/100|[from] Recoil
|-damage|p2a: Blaziken|58/100|[from] item: Life Orb
|
|-ability|p2a: Blaziken|Speed Boost|boost
|-boost|p2a: Blaziken|spe|1
|upkeep
|turn|9
|j| steven 2222
|
|t:|1604635712
|switch|p2a: Kyurem|Kyurem-Black, shiny|100/100
|-ability|p2a: Kyurem|Teravolt
|move|p1a: Landorus|Toxic|p2a: Kyurem
|-status|p2a: Kyurem|tox
|
|-damage|p2a: Kyurem|94/100 tox|[from] psn
|upkeep
|turn|10
|
|t:|1604635722
|switch|p1a: Mandibuzz|Mandibuzz, F|94/100 brn
|move|p2a: Kyurem|Icicle Spear|p1a: Mandibuzz
|-supereffective|p1a: Mandibuzz
|-damage|p1a: Mandibuzz|61/100 brn
|-supereffective|p1a: Mandibuzz
|-damage|p1a: Mandibuzz|22/100 brn
|-supereffective|p1a: Mandibuzz
|-damage|p1a: Mandibuzz|0 fnt
|-hitcount|p1a: Mandibuzz|3
|-damage|p2a: Kyurem|84/100 tox|[from] item: Life Orb
|faint|p1a: Mandibuzz
|
|-damage|p2a: Kyurem|72/100 tox|[from] psn
|upkeep
|
|t:|1604635729
|switch|p1a: Pheromosa|Pheromosa|100/100
|turn|11
|
|t:|1604635733
|move|p1a: Pheromosa|Close Combat|p2a: Kyurem
|-supereffective|p2a: Kyurem
|-damage|p2a: Kyurem|0 fnt
|-unboost|p1a: Pheromosa|def|1
|-unboost|p1a: Pheromosa|spd|1
|faint|p2a: Kyurem
|-ability|p1a: Pheromosa|Beast Boost|boost
|-boost|p1a: Pheromosa|atk|1
|
|upkeep
|
|t:|1604635736
|switch|p2a: Zapdos|Zapdos-Galar|86/100
|turn|12
|
|t:|1604635743
|switch|p1a: Landorus|Landorus-Therian, M|56/100
|-ability|p1a: Landorus|Intimidate|boost
|-unboost|p2a: Zapdos|atk|1
|-ability|p2a: Zapdos|Defiant
|-boost|p2a: Zapdos|atk|2
|move|p2a: Zapdos|Close Combat|p1a: Landorus
|-resisted|p1a: Landorus
|-damage|p1a: Landorus|19/100
|-unboost|p2a: Zapdos|def|1
|-unboost|p2a: Zapdos|spd|1
|-damage|p2a: Zapdos|70/100|[from] item: Rocky Helmet|[of] p1a: Landorus
|
|upkeep
|turn|13
|
|t:|1604635751
|move|p2a: Zapdos|Close Combat|p1a: Landorus
|-resisted|p1a: Landorus
|-damage|p1a: Landorus|0 fnt
|-unboost|p2a: Zapdos|def|1
|-unboost|p2a: Zapdos|spd|1
|-damage|p2a: Zapdos|53/100|[from] item: Rocky Helmet|[of] p1a: Landorus
|faint|p1a: Landorus
|
|upkeep
|
|t:|1604635758
|switch|p1a: Pheromosa|Pheromosa|100/100
|turn|14
|
|t:|1604635764
|move|p1a: Pheromosa|Close Combat|p2a: Zapdos
|-resisted|p2a: Zapdos
|-damage|p2a: Zapdos|0 fnt
|-unboost|p1a: Pheromosa|def|1
|-unboost|p1a: Pheromosa|spd|1
|faint|p2a: Zapdos
|-ability|p1a: Pheromosa|Beast Boost|boost
|-boost|p1a: Pheromosa|atk|1
|
|upkeep
|
|t:|1604635769
|switch|p2a: Blaziken|Blaziken, M|58/100
|turn|15
|
|t:|1604635772
|move|p2a: Blaziken|Protect|p2a: Blaziken
|-singleturn|p2a: Blaziken|Protect
|move|p1a: Pheromosa|Close Combat|p2a: Blaziken
|-activate|p2a: Blaziken|move: Protect
|
|-ability|p2a: Blaziken|Speed Boost|boost
|-boost|p2a: Blaziken|spe|1
|upkeep
|turn|16
|
|t:|1604635775
|move|p2a: Blaziken|Protect||[still]
|-fail|p2a: Blaziken
|move|p1a: Pheromosa|Close Combat|p2a: Blaziken
|-damage|p2a: Blaziken|0 fnt
|-unboost|p1a: Pheromosa|def|1
|-unboost|p1a: Pheromosa|spd|1
|faint|p2a: Blaziken
|-ability|p1a: Pheromosa|Beast Boost|boost
|-boost|p1a: Pheromosa|atk|1
|
|upkeep
|-message|y0 forfeited.
|
|win|Shootingwolf
|l|☆y0
|raw|Shootingwolf's rating: 1635 &rarr; <strong>1655</strong><br />(+20 for winning)
|raw|y0's rating: 1642 &rarr; <strong>1622</strong><br />(-20 for losing)
