|raw|<div class="broadcast-blue"><strong>This battle is required to be public due to a player having a name starting with 'lt91bb'.</div>
|j|☆Juyen RPPLF
|j|☆lt91bb bj
|t:|1659352257
|gametype|singles
|player|p1|Juyen RPPLF|hilbert|1892
|player|p2|lt91bb bj|colress|1967
|teamsize|p1|6
|teamsize|p2|6
|gen|8
|tier|[Gen 8] OU
|rated|
|rule|Sleep Clause Mod: Limit one foe put to sleep
|rule|Species Clause: Limit one of each Pokémon
|rule|OHKO Clause: OHKO moves are banned
|rule|Evasion Moves Clause: Evasion moves are banned
|rule|Endless Battle Clause: Forcing endless battles is banned
|rule|HP Percentage Mod: HP is shown in percentages
|rule|Dynamax Clause: You cannot dynamax
|clearpoke
|poke|p1|Rillaboom, M|
|poke|p1|Tapu Lele|
|poke|p1|Magnezone|
|poke|p1|Clefable, M|
|poke|p1|Landorus-Therian, M|
|poke|p1|Araquanid, F|
|poke|p2|Rillaboom, F|
|poke|p2|Tornadus-Therian, M|
|poke|p2|Blaziken, M|
|poke|p2|Melmetal|
|poke|p2|Garchomp, F|
|poke|p2|Slowbro, M|
|teampreview
|
|t:|1659352288
|start
|switch|p1a: Landorus|Landorus-Therian, M|100/100
|switch|p2a: Slowbro|Slowbro, M|100/100
|-ability|p1a: Landorus|Intimidate|boost
|-unboost|p2a: Slowbro|atk|1
|turn|1
|
|t:|1659352292
|move|p1a: Landorus|U-turn|p2a: Slowbro
|-supereffective|p2a: Slowbro
|-crit|p2a: Slowbro
|-damage|p2a: Slowbro|63/100
|-damage|p1a: Landorus|84/100|[from] item: Rocky Helmet|[of] p2a: Slowbro
|
|t:|1659352294
|switch|p1a: Araquanid|Araquanid, F|100/100|[from]move: U-turn
|move|p2a: Slowbro|Scald|p1a: Araquanid
|-resisted|p1a: Araquanid
|-damage|p1a: Araquanid|88/100
|
|upkeep
|turn|2
|
|t:|1659352297
|move|p1a: Araquanid|Sticky Web|p2a: Slowbro
|-sidestart|p2: lt91bb bj|move: Sticky Web
|move|p2a: Slowbro|Toxic|p1a: Araquanid
|-status|p1a: Araquanid|tox
|
|-damage|p1a: Araquanid|82/100 tox|[from] psn
|upkeep
|turn|3
|
|t:|1659352301
|move|p1a: Araquanid|Toxic|p2a: Slowbro
|-status|p2a: Slowbro|tox
|move|p2a: Slowbro|Future Sight|p1a: Araquanid
|-start|p2a: Slowbro|move: Future Sight
|
|-damage|p1a: Araquanid|70/100 tox|[from] psn
|-damage|p2a: Slowbro|57/100 tox|[from] psn
|upkeep
|turn|4
|
|t:|1659352306
|switch|p1a: Magnezone|Magnezone|100/100
|move|p2a: Slowbro|Teleport|p2a: Slowbro
|j| ripreckful
|j| Gastrodon fanclub
|
|t:|1659352337
|switch|p2a: Garchomp|Garchomp, F|100/100|[from]move: Teleport
|-activate|p2a: Garchomp|move: Sticky Web
|-unboost|p2a: Garchomp|spe|1
|
|upkeep
|turn|5
|
|t:|1659352340
|switch|p1a: Landorus|Landorus-Therian, M|84/100
|-ability|p1a: Landorus|Intimidate|boost
|-unboost|p2a: Garchomp|atk|1
|move|p2a: Garchomp|Stealth Rock|p1a: Landorus
|-sidestart|p1: Juyen RPPLF|move: Stealth Rock
|
|-end|p1a: Landorus|move: Future Sight
|-damage|p1a: Landorus|53/100
|-heal|p1a: Landorus|59/100|[from] item: Leftovers
|upkeep
|turn|6
|
|t:|1659352345
|move|p1a: Landorus|Stealth Rock|p2a: Garchomp
|-sidestart|p2: lt91bb bj|move: Stealth Rock
|move|p2a: Garchomp|Toxic|p1a: Landorus
|-status|p1a: Landorus|tox
|
|-heal|p1a: Landorus|65/100 tox|[from] item: Leftovers
|-damage|p1a: Landorus|59/100 tox|[from] psn
|upkeep
|turn|7
|
|t:|1659352349
|move|p2a: Garchomp|Protect|p2a: Garchomp
|-singleturn|p2a: Garchomp|Protect
|move|p1a: Landorus|U-turn|p2a: Garchomp
|-activate|p2a: Garchomp|move: Protect
|
|-heal|p1a: Landorus|65/100 tox|[from] item: Leftovers
|-damage|p1a: Landorus|53/100 tox|[from] psn
|upkeep
|turn|8
|j| Drunkensailer
|
|t:|1659352356
|switch|p1a: Clefable|Clefable, M|100/100
|switch|p2a: Tornadus|Tornadus-Therian, M|100/100
|
|upkeep
|turn|9
|
|t:|1659352365
|move|p2a: Tornadus|Knock Off|p1a: Clefable
|-resisted|p1a: Clefable
|-damage|p1a: Clefable|92/100
|-enditem|p1a: Clefable|Leftovers|[from] move: Knock Off|[of] p2a: Tornadus
|move|p1a: Clefable|Moonblast|p2a: Tornadus
|-damage|p2a: Tornadus|68/100
|-unboost|p2a: Tornadus|spa|1
|
|upkeep
|turn|10
|
|t:|1659352370
|move|p2a: Tornadus|Defog|p1a: Clefable
|-unboost|p1a: Clefable|evasion|1
|-sideend|p1: Juyen RPPLF|Stealth Rock|[from] move: Defog|[of] p2a: Tornadus
|-sideend|p2: lt91bb bj|Stealth Rock|[from] move: Defog|[of] p2a: Tornadus
|-sideend|p2: lt91bb bj|Sticky Web|[from] move: Defog|[of] p2a: Tornadus
|move|p1a: Clefable|Teleport|p1a: Clefable
|
|t:|1659352376
|switch|p1a: Tapu Lele|Tapu Lele|100/100|[from]move: Teleport
|-fieldstart|move: Psychic Terrain|[from] ability: Psychic Surge|[of] p1a: Tapu Lele
|
|upkeep
|turn|11
|
|t:|1659352392
|move|p2a: Tornadus|Knock Off|p1a: Tapu Lele
|-damage|p1a: Tapu Lele|70/100
|-enditem|p1a: Tapu Lele|Choice Specs|[from] move: Knock Off|[of] p2a: Tornadus
|move|p1a: Tapu Lele|Moonblast|p2a: Tornadus
|-damage|p2a: Tornadus|23/100
|
|upkeep
|turn|12
|
|t:|1659352399
|move|p2a: Tornadus|U-turn|p1a: Tapu Lele
|-damage|p1a: Tapu Lele|46/100
|
|t:|1659352403
|switch|p2a: Slowbro|Slowbro, M|91/100 tox|[from]move: U-turn
|move|p1a: Tapu Lele|Future Sight|p2a: Slowbro
|-start|p1a: Tapu Lele|move: Future Sight
|
|-damage|p2a: Slowbro|85/100 tox|[from] psn
|upkeep
|turn|13
|
|t:|1659352411
|switch|p2a: Melmetal|Melmetal|100/100
|move|p1a: Tapu Lele|Moonblast|p2a: Melmetal
|-resisted|p2a: Melmetal
|-damage|p2a: Melmetal|77/100
|
|-heal|p2a: Melmetal|84/100|[from] item: Leftovers
|upkeep
|turn|14
|
|t:|1659352423
|switch|p1a: Landorus|Landorus-Therian, M|53/100 tox
|-ability|p1a: Landorus|Intimidate|boost
|-unboost|p2a: Melmetal|atk|1
|switch|p2a: Garchomp|Garchomp, F|100/100
|
|-end|p2a: Garchomp|move: Future Sight
|-damage|p2a: Garchomp|49/100
|-heal|p2a: Garchomp|55/100|[from] item: Leftovers
|-heal|p1a: Landorus|59/100 tox|[from] item: Leftovers
|-damage|p1a: Landorus|53/100 tox|[from] psn
|-fieldend|move: Psychic Terrain
|upkeep
|turn|15
|j| guho
|
|t:|1659352438
|move|p2a: Garchomp|Stealth Rock|p1a: Landorus
|-sidestart|p1: Juyen RPPLF|move: Stealth Rock
|move|p1a: Landorus|Stealth Rock|p2a: Garchomp
|-sidestart|p2: lt91bb bj|move: Stealth Rock
|
|-heal|p2a: Garchomp|62/100|[from] item: Leftovers
|-heal|p1a: Landorus|59/100 tox|[from] item: Leftovers
|-damage|p1a: Landorus|47/100 tox|[from] psn
|upkeep
|turn|16
|inactive|Battle timer is ON: inactive players will automatically lose when time's up. (requested by lt91bb bj)
|
|t:|1659352447
|switch|p1a: Clefable|Clefable, M|92/100
|move|p2a: Garchomp|Protect||[still]
|-fail|p2a: Garchomp
|
|-heal|p2a: Garchomp|68/100|[from] item: Leftovers
|upkeep
|turn|17
|
|t:|1659352451
|move|p2a: Garchomp|Protect|p2a: Garchomp
|-singleturn|p2a: Garchomp|Protect
|move|p1a: Clefable|Moonblast|p2a: Garchomp
|-activate|p2a: Garchomp|move: Protect
|
|-heal|p2a: Garchomp|74/100|[from] item: Leftovers
|upkeep
|turn|18
|
|t:|1659352456
|switch|p2a: Tornadus|Tornadus-Therian, M|56/100
|move|p1a: Clefable|Moonblast|p2a: Tornadus
|-damage|p2a: Tornadus|24/100
|
|upkeep
|turn|19
|
|t:|1659352460
|move|p2a: Tornadus|U-turn|p1a: Clefable
|-resisted|p1a: Clefable
|-damage|p1a: Clefable|87/100
|
|t:|1659352467
|switch|p2a: Rillaboom|Rillaboom, F|100/100|[from]move: U-turn
|-damage|p2a: Rillaboom|88/100|[from] Stealth Rock
|-fieldstart|move: Grassy Terrain|[from] ability: Grassy Surge|[of] p2a: Rillaboom
|move|p1a: Clefable|Teleport|p1a: Clefable
|l| Gastrodon fanclub
|
|t:|1659352479
|switch|p1a: Tapu Lele|Tapu Lele|46/100|[from]move: Teleport
|-damage|p1a: Tapu Lele|34/100|[from] Stealth Rock
|-fieldstart|move: Psychic Terrain|[from] ability: Psychic Surge|[of] p1a: Tapu Lele
|
|-heal|p2a: Rillaboom|94/100|[from] item: Leftovers
|upkeep
|turn|20
|
|t:|1659352489
|switch|p2a: Slowbro|Slowbro, M|100/100 tox
|-damage|p2a: Slowbro|88/100 tox|[from] Stealth Rock
|move|p1a: Tapu Lele|Psyshock|p2a: Slowbro
|-resisted|p2a: Slowbro
|-damage|p2a: Slowbro|72/100 tox
|
|-damage|p2a: Slowbro|66/100 tox|[from] psn
|upkeep
|turn|21
|
|t:|1659352495
|move|p1a: Tapu Lele|Moonblast|p2a: Slowbro
|-damage|p2a: Slowbro|17/100 tox
|move|p2a: Slowbro|Teleport|p2a: Slowbro
|
|t:|1659352512
|switch|p2a: Rillaboom|Rillaboom, F|94/100|[from]move: Teleport
|-damage|p2a: Rillaboom|82/100|[from] Stealth Rock
|-fieldstart|move: Grassy Terrain|[from] ability: Grassy Surge|[of] p2a: Rillaboom
|
|-heal|p1a: Tapu Lele|40/100|[from] Grassy Terrain
|-heal|p2a: Rillaboom|88/100|[from] Grassy Terrain
|-heal|p2a: Rillaboom|94/100|[from] item: Leftovers
|upkeep
|turn|22
|
|t:|1659352521
|move|p2a: Rillaboom|Grassy Glide|p1a: Tapu Lele
|-damage|p1a: Tapu Lele|0 fnt
|faint|p1a: Tapu Lele
|
|-heal|p2a: Rillaboom|100/100|[from] Grassy Terrain
|upkeep
|
|t:|1659352524
|switch|p1a: Landorus|Landorus-Therian, M|47/100 tox
|-damage|p1a: Landorus|35/100 tox|[from] Stealth Rock
|-ability|p1a: Landorus|Intimidate|boost
|-unboost|p2a: Rillaboom|atk|1
|turn|23
|
|t:|1659352549
|switch|p2a: Garchomp|Garchomp, F|74/100
|-damage|p2a: Garchomp|68/100|[from] Stealth Rock
|move|p1a: Landorus|U-turn|p2a: Garchomp
|-damage|p2a: Garchomp|50/100
|-damage|p1a: Landorus|22/100 tox|[from] ability: Rough Skin|[of] p2a: Garchomp
|
|t:|1659352552
|switch|p1a: Clefable|Clefable, M|87/100|[from]move: U-turn
|
|-heal|p2a: Garchomp|56/100|[from] Grassy Terrain
|-heal|p2a: Garchomp|62/100|[from] item: Leftovers
|-heal|p1a: Clefable|93/100|[from] Grassy Terrain
|upkeep
|turn|24
|
|t:|1659352559
|switch|p2a: Melmetal|Melmetal|84/100
|-damage|p2a: Melmetal|77/100|[from] Stealth Rock
|move|p1a: Clefable|Moonblast|p2a: Melmetal
|-resisted|p2a: Melmetal
|-damage|p2a: Melmetal|63/100
|
|-heal|p1a: Clefable|99/100|[from] Grassy Terrain
|-heal|p2a: Melmetal|70/100|[from] Grassy Terrain
|-heal|p2a: Melmetal|76/100|[from] item: Leftovers
|upkeep
|turn|25
|
|t:|1659352569
|switch|p1a: Magnezone|Magnezone|100/100
|-damage|p1a: Magnezone|95/100|[from] Stealth Rock
|switch|p2a: Garchomp|Garchomp, F|62/100
|-damage|p2a: Garchomp|56/100|[from] Stealth Rock
|
|-heal|p2a: Garchomp|62/100|[from] Grassy Terrain
|-heal|p2a: Garchomp|69/100|[from] item: Leftovers
|-heal|p1a: Magnezone|100/100|[from] Grassy Terrain
|-fieldend|move: Grassy Terrain
|upkeep
|turn|26
|
|t:|1659352573
|switch|p1a: Rillaboom|Rillaboom, M|100/100
|-damage|p1a: Rillaboom|88/100|[from] Stealth Rock
|-fieldstart|move: Grassy Terrain|[from] ability: Grassy Surge|[of] p1a: Rillaboom
|move|p2a: Garchomp|Earthquake|p1a: Rillaboom
|-resisted|p1a: Rillaboom
|-damage|p1a: Rillaboom|76/100
|
|-heal|p1a: Rillaboom|83/100|[from] Grassy Terrain
|-heal|p2a: Garchomp|75/100|[from] Grassy Terrain
|-heal|p2a: Garchomp|81/100|[from] item: Leftovers
|upkeep
|turn|27
|
|t:|1659352578
|switch|p1a: Clefable|Clefable, M|99/100
|move|p2a: Garchomp|Toxic|p1a: Clefable
|-status|p1a: Clefable|tox
|
|-heal|p2a: Garchomp|87/100|[from] Grassy Terrain
|-heal|p2a: Garchomp|94/100|[from] item: Leftovers
|-heal|p1a: Clefable|100/100 tox|[from] Grassy Terrain
|upkeep
|turn|28
|
|t:|1659352585
|move|p2a: Garchomp|Protect|p2a: Garchomp
|-singleturn|p2a: Garchomp|Protect
|move|p1a: Clefable|Moonblast|p2a: Garchomp
|-activate|p2a: Garchomp|move: Protect
|
|-heal|p2a: Garchomp|99/100|[from] Grassy Terrain
|-heal|p2a: Garchomp|100/100|[from] item: Leftovers
|upkeep
|turn|29
|
|t:|1659352596
|move|p2a: Garchomp|Earthquake|p1a: Clefable
|-damage|p1a: Clefable|83/100 tox
|move|p1a: Clefable|Moonblast|p2a: Garchomp
|-supereffective|p2a: Garchomp
|-damage|p2a: Garchomp|57/100
|
|-heal|p2a: Garchomp|63/100|[from] Grassy Terrain
|-heal|p2a: Garchomp|69/100|[from] item: Leftovers
|-heal|p1a: Clefable|90/100 tox|[from] Grassy Terrain
|upkeep
|turn|30
|
|t:|1659352600
|move|p2a: Garchomp|Protect|p2a: Garchomp
|-singleturn|p2a: Garchomp|Protect
|move|p1a: Clefable|Moonblast|p2a: Garchomp
|-activate|p2a: Garchomp|move: Protect
|
|-heal|p2a: Garchomp|76/100|[from] Grassy Terrain
|-heal|p2a: Garchomp|82/100|[from] item: Leftovers
|-heal|p1a: Clefable|96/100 tox|[from] Grassy Terrain
|-fieldend|move: Grassy Terrain
|upkeep
|turn|31
|
|t:|1659352601
|move|p2a: Garchomp|Earthquake|p1a: Clefable
|-damage|p1a: Clefable|63/100 tox
|move|p1a: Clefable|Moonblast|p2a: Garchomp
|-supereffective|p2a: Garchomp
|-damage|p2a: Garchomp|42/100
|
|-heal|p2a: Garchomp|48/100|[from] item: Leftovers
|upkeep
|turn|32
|j| xray
|
|t:|1659352609
|switch|p2a: Blaziken|Blaziken, M|100/100
|-damage|p2a: Blaziken|88/100|[from] Stealth Rock
|move|p1a: Clefable|Teleport|p1a: Clefable
|j| Kol_45
|
|t:|1659352612
|switch|p1a: Araquanid|Araquanid, F|70/100 tox|[from]move: Teleport
|
|-heal|p2a: Blaziken|94/100|[from] item: Leftovers
|-damage|p1a: Araquanid|64/100 tox|[from] psn
|upkeep
|turn|33
|
|t:|1659352622
|switch|p2a: Slowbro|Slowbro, M|50/100 tox
|-damage|p2a: Slowbro|38/100 tox|[from] Stealth Rock
|move|p1a: Araquanid|Sticky Web|p2a: Slowbro
|-sidestart|p2: lt91bb bj|move: Sticky Web
|
|-damage|p1a: Araquanid|52/100 tox|[from] psn
|-damage|p2a: Slowbro|31/100 tox|[from] psn
|upkeep
|turn|34
|
|t:|1659352624
|move|p1a: Araquanid|Leech Life|p2a: Slowbro
|-supereffective|p2a: Slowbro
|-damage|p2a: Slowbro|0 fnt
|-heal|p1a: Araquanid|72/100 tox|[from] drain|[of] p2a: Slowbro
|-damage|p1a: Araquanid|56/100 tox|[from] item: Rocky Helmet|[of] p2a: Slowbro
|faint|p2a: Slowbro
|
|-damage|p1a: Araquanid|38/100 tox|[from] psn
|upkeep
|
|t:|1659352627
|switch|p2a: Tornadus|Tornadus-Therian, M|57/100
|turn|35
|
|t:|1659352635
|move|p2a: Tornadus|Defog|p1a: Araquanid
|-unboost|p1a: Araquanid|evasion|1
|-sideend|p1: Juyen RPPLF|Stealth Rock|[from] move: Defog|[of] p2a: Tornadus
|-sideend|p2: lt91bb bj|Stealth Rock|[from] move: Defog|[of] p2a: Tornadus
|-sideend|p2: lt91bb bj|Sticky Web|[from] move: Defog|[of] p2a: Tornadus
|move|p1a: Araquanid|Liquidation|p2a: Tornadus
|-damage|p2a: Tornadus|0 fnt
|faint|p2a: Tornadus
|
|-damage|p1a: Araquanid|14/100 tox|[from] psn
|upkeep
|
|t:|1659352646
|switch|p2a: Blaziken|Blaziken, M|94/100
|turn|36
|
|t:|1659352654
|move|p2a: Blaziken|Flare Blitz|p1a: Araquanid
|-damage|p1a: Araquanid|0 fnt
|faint|p1a: Araquanid
|-damage|p2a: Blaziken|90/100|[from] Recoil
|
|-heal|p2a: Blaziken|96/100|[from] item: Leftovers
|-ability|p2a: Blaziken|Speed Boost|boost
|-boost|p2a: Blaziken|spe|1
|upkeep
|l| Drunkensailer
|
|t:|1659352660
|switch|p1a: Landorus|Landorus-Therian, M|22/100 tox
|-ability|p1a: Landorus|Intimidate|boost
|-unboost|p2a: Blaziken|atk|1
|turn|37
|
|t:|1659352663
|switch|p1a: Clefable|Clefable, M|63/100 tox
|move|p2a: Blaziken|Flare Blitz|p1a: Clefable
|-damage|p1a: Clefable|30/100 tox
|-damage|p2a: Blaziken|83/100|[from] Recoil
|
|-heal|p2a: Blaziken|90/100|[from] item: Leftovers
|-ability|p2a: Blaziken|Speed Boost|boost
|-boost|p2a: Blaziken|spe|1
|upkeep
|turn|38
|
|t:|1659352676
|switch|p1a: Magnezone|Magnezone|100/100
|move|p2a: Blaziken|Flare Blitz|p1a: Magnezone
|-supereffective|p1a: Magnezone
|-damage|p1a: Magnezone|38/100
|-damage|p2a: Blaziken|70/100|[from] Recoil
|
|-heal|p2a: Blaziken|76/100|[from] item: Leftovers
|-heal|p1a: Magnezone|44/100|[from] item: Leftovers
|-ability|p2a: Blaziken|Speed Boost|boost
|-boost|p2a: Blaziken|spe|1
|upkeep
|turn|39
|
|t:|1659352690
|move|p2a: Blaziken|Flare Blitz|p1a: Magnezone
|-supereffective|p1a: Magnezone
|-damage|p1a: Magnezone|0 fnt
|faint|p1a: Magnezone
|-damage|p2a: Blaziken|63/100|[from] Recoil
|
|-heal|p2a: Blaziken|69/100|[from] item: Leftovers
|-ability|p2a: Blaziken|Speed Boost|boost
|-boost|p2a: Blaziken|spe|1
|upkeep
|
|t:|1659352699
|switch|p1a: Rillaboom|Rillaboom, M|83/100
|-fieldstart|move: Grassy Terrain|[from] ability: Grassy Surge|[of] p1a: Rillaboom
|turn|40
|
|t:|1659352705
|move|p1a: Rillaboom|Grassy Glide|p2a: Blaziken
|-resisted|p2a: Blaziken
|-damage|p2a: Blaziken|14/100
|move|p2a: Blaziken|Flare Blitz|p1a: Rillaboom
|-supereffective|p1a: Rillaboom
|-damage|p1a: Rillaboom|0 fnt
|faint|p1a: Rillaboom
|-damage|p2a: Blaziken|0 fnt|[from] Recoil
|faint|p2a: Blaziken
|
|upkeep
|
|t:|1659352713
|switch|p1a: Clefable|Clefable, M|30/100 tox
|switch|p2a: Melmetal|Melmetal|76/100
|turn|41
|
|t:|1659352716
|move|p1a: Clefable|Healing Wish|p1a: Clefable
|faint|p1a: Clefable
|move|p2a: Melmetal|Double Iron Bash|p1: Clefable|[notarget]
|-fail|p2a: Melmetal
|
|-heal|p2a: Melmetal|82/100|[from] Grassy Terrain
|-heal|p2a: Melmetal|88/100|[from] item: Leftovers
|upkeep
|
|t:|1659352718
|switch|p1a: Landorus|Landorus-Therian, M|22/100 tox
|-heal|p1a: Landorus|100/100|[from] move: Healing Wish
|-ability|p1a: Landorus|Intimidate|boost
|-unboost|p2a: Melmetal|atk|1
|turn|42
|j| tsnsj
|
|t:|1659352722
|move|p1a: Landorus|Earthquake|p2a: Melmetal
|-supereffective|p2a: Melmetal
|-damage|p2a: Melmetal|60/100
|move|p2a: Melmetal|Double Iron Bash|p1a: Landorus
|-damage|p1a: Landorus|74/100
|-damage|p1a: Landorus|48/100
|-hitcount|p1a: Landorus|2
|
|-heal|p1a: Landorus|54/100|[from] item: Leftovers
|-heal|p2a: Melmetal|66/100|[from] Grassy Terrain
|-heal|p2a: Melmetal|72/100|[from] item: Leftovers
|upkeep
|turn|43
|
|t:|1659352728
|move|p1a: Landorus|Earthquake|p2a: Melmetal
|-supereffective|p2a: Melmetal
|-damage|p2a: Melmetal|43/100
|move|p2a: Melmetal|Double Iron Bash|p1a: Landorus
|-damage|p1a: Landorus|29/100
|-damage|p1a: Landorus|5/100
|-hitcount|p1a: Landorus|2
|
|-heal|p1a: Landorus|11/100|[from] item: Leftovers
|-heal|p2a: Melmetal|49/100|[from] Grassy Terrain
|-heal|p2a: Melmetal|55/100|[from] item: Leftovers
|upkeep
|turn|44
|
|t:|1659352731
|move|p1a: Landorus|Earthquake|p2a: Melmetal
|-supereffective|p2a: Melmetal
|-damage|p2a: Melmetal|28/100
|move|p2a: Melmetal|Double Iron Bash|p1a: Landorus
|-damage|p1a: Landorus|0 fnt
|faint|p1a: Landorus
|-hitcount|p1: Landorus|1
|
|win|lt91bb bj
|raw|Juyen RPPLF's rating: 1892 &rarr; <strong>1876</strong><br />(-16 for losing)
|raw|lt91bb bj's rating: 1967 &rarr; <strong>1983</strong><br />(+16 for winning)
|l|☆Juyen RPPLF
