|j|☆Contorted Lies
|j|☆Reverb
|t:|1608501299
|player|p1|Contorted Lies|170|1779
|player|p2|Reverb|#reverbxmas|1759
|teamsize|p1|6
|teamsize|p2|6
|gametype|singles
|gen|8
|tier|[Gen 8] OU
|rated|
|clearpoke
|poke|p1|Nidoking, M|
|poke|p1|Kartana|
|poke|p1|Slowking-Galar, M|
|poke|p1|Landorus-Therian, M|
|poke|p1|Clefable, F|
|poke|p1|Hydreigon, M|
|poke|p2|Clefable, M|
|poke|p2|Suicune|
|poke|p2|Rillaboom, F|
|poke|p2|Tornadus-Therian, M|
|poke|p2|Garchomp, F|
|poke|p2|Heatran, M|
|rule|Sleep Clause Mod: Limit one foe put to sleep
|rule|Species Clause: Limit one of each Pokémon
|rule|OHKO Clause: OHKO moves are banned
|rule|Evasion Moves Clause: Evasion moves are banned
|rule|Endless Battle Clause: Forcing endless battles is banned
|rule|HP Percentage Mod: HP is shown in percentages
|rule|Dynamax Clause: You cannot dynamax
|teampreview
|j| Devon
|
|t:|1608501316
|start
|switch|p1a: Clefable|Clefable, F|100/100
|switch|p2a: Garchomp|Garchomp, F|100/100
|turn|1
|
|t:|1608501322
|move|p2a: Garchomp|Stealth Rock|p1a: Clefable
|-sidestart|p1: Contorted Lies|move: Stealth Rock
|move|p1a: Clefable|Moonblast|p2a: Garchomp
|-supereffective|p2a: Garchomp
|-damage|p2a: Garchomp|43/100
|-unboost|p2a: Garchomp|spa|1
|
|upkeep
|turn|2
|
|t:|1608501327
|switch|p2a: Heatran|Heatran, M|100/100
|move|p1a: Clefable|Stealth Rock|p2a: Heatran
|-sidestart|p2: Reverb|move: Stealth Rock
|
|upkeep
|turn|3
|
|t:|1608501332
|switch|p1a: Hydreigon|Hydreigon, M|100/100
|-damage|p1a: Hydreigon|88/100|[from] Stealth Rock
|move|p2a: Heatran|Magma Storm|p1a: Hydreigon
|-resisted|p1a: Hydreigon
|-damage|p1a: Hydreigon|62/100
|-activate|p1a: Hydreigon|move: Magma Storm|[of] p2a: Heatran
|
|-heal|p1a: Hydreigon|68/100|[from] item: Leftovers
|-damage|p1a: Hydreigon|56/100|[from] move: Magma Storm|[partiallytrapped]
|upkeep
|turn|4
|j| Vessev
|
|t:|1608501340
|move|p1a: Hydreigon|Roost|p1a: Hydreigon
|-heal|p1a: Hydreigon|100/100
|-singleturn|p1a: Hydreigon|move: Roost
|move|p2a: Heatran|Toxic|p1a: Hydreigon
|-status|p1a: Hydreigon|tox
|
|-damage|p1a: Hydreigon|94/100 tox|[from] psn
|-damage|p1a: Hydreigon|82/100 tox|[from] move: Magma Storm|[partiallytrapped]
|upkeep
|turn|5
|j| FinlayC
|
|t:|1608501345
|move|p2a: Heatran|Protect|p2a: Heatran
|-singleturn|p2a: Heatran|Protect
|move|p1a: Hydreigon|Earth Power|p2a: Heatran
|-activate|p2a: Heatran|move: Protect
|
|-heal|p1a: Hydreigon|88/100 tox|[from] item: Leftovers
|-damage|p1a: Hydreigon|76/100 tox|[from] psn
|-damage|p1a: Hydreigon|64/100 tox|[from] move: Magma Storm|[partiallytrapped]
|upkeep
|turn|6
|
|t:|1608501349
|move|p1a: Hydreigon|Roost|p1a: Hydreigon
|-heal|p1a: Hydreigon|100/100 tox
|-singleturn|p1a: Hydreigon|move: Roost
|move|p2a: Heatran|Magma Storm|p1a: Hydreigon
|-resisted|p1a: Hydreigon
|-damage|p1a: Hydreigon|75/100 tox
|
|-heal|p1a: Hydreigon|81/100 tox|[from] item: Leftovers
|-damage|p1a: Hydreigon|63/100 tox|[from] psn
|-damage|p1a: Hydreigon|51/100 tox|[from] move: Magma Storm|[partiallytrapped]
|upkeep
|turn|7
|l| FinlayC
|j| Lando-San
|
|t:|1608501359
|move|p2a: Heatran|Protect|p2a: Heatran
|-singleturn|p2a: Heatran|Protect
|move|p1a: Hydreigon|Roost|p1a: Hydreigon
|-heal|p1a: Hydreigon|100/100 tox
|-singleturn|p1a: Hydreigon|move: Roost
|
|-damage|p1a: Hydreigon|76/100 tox|[from] psn
|-damage|p1a: Hydreigon|64/100 tox|[from] move: Magma Storm|[partiallytrapped]
|upkeep
|turn|8
|
|t:|1608501364
|move|p2a: Heatran|Protect|p2a: Heatran
|-singleturn|p2a: Heatran|Protect
|move|p1a: Hydreigon|Earth Power|p2a: Heatran
|-activate|p2a: Heatran|move: Protect
|
|-heal|p1a: Hydreigon|70/100 tox|[from] item: Leftovers
|-damage|p1a: Hydreigon|39/100 tox|[from] psn
|-end|p1a: Hydreigon|Magma Storm|[partiallytrapped]
|upkeep
|turn|9
|j| sapoidoioi
|
|t:|1608501378
|switch|p2a: Tornadus|Tornadus-Therian, M|100/100
|move|p1a: Hydreigon|Earth Power|p2a: Tornadus
|-immune|p2a: Tornadus
|
|-heal|p1a: Hydreigon|45/100 tox|[from] item: Leftovers
|-damage|p1a: Hydreigon|8/100 tox|[from] psn
|upkeep
|turn|10
|
|t:|1608501386
|move|p2a: Tornadus|Knock Off|p1a: Hydreigon
|-resisted|p1a: Hydreigon
|-damage|p1a: Hydreigon|0 fnt
|-enditem|p1a: Hydreigon|Leftovers|[from] move: Knock Off|[of] p2a: Tornadus
|faint|p1a: Hydreigon
|
|upkeep
|
|t:|1608501389
|switch|p1a: Landorus|Landorus-Therian, M|100/100
|-damage|p1a: Landorus|88/100|[from] Stealth Rock
|-ability|p1a: Landorus|Intimidate|boost
|-unboost|p2a: Tornadus|atk|1
|turn|11
|
|t:|1608501394
|switch|p2a: Clefable|Clefable, M|100/100
|move|p1a: Landorus|Stone Edge|p2a: Clefable
|-damage|p2a: Clefable|71/100
|
|upkeep
|turn|12
|
|t:|1608501397
|switch|p1a: Nidoking|Nidoking, M|100/100
|-damage|p1a: Nidoking|95/100|[from] Stealth Rock
|move|p2a: Clefable|Trick|p1a: Nidoking
|-activate|p2a: Clefable|move: Trick|[of] p1a: Nidoking
|-item|p1a: Nidoking|Sticky Barb|[from] move: Trick
|-item|p2a: Clefable|Life Orb|[from] move: Trick
|
|-damage|p1a: Nidoking|82/100|[from] item: Sticky Barb
|upkeep
|turn|13
|l| sapoidoioi
|
|t:|1608501404
|switch|p2a: Suicune|Suicune|100/100
|-damage|p2a: Suicune|88/100|[from] Stealth Rock
|-ability|p2a: Suicune|Pressure
|move|p1a: Nidoking|Ice Beam|p2a: Suicune
|-resisted|p2a: Suicune
|-damage|p2a: Suicune|75/100
|
|-heal|p2a: Suicune|81/100|[from] item: Leftovers
|-damage|p1a: Nidoking|70/100|[from] item: Sticky Barb
|upkeep
|turn|14
|j| TR Hurricane
|j| sapoidoioi
|
|t:|1608501413
|switch|p1a: Kartana|Kartana|100/100
|-damage|p1a: Kartana|94/100|[from] Stealth Rock
|move|p2a: Suicune|Substitute|p2a: Suicune
|-start|p2a: Suicune|Substitute
|-damage|p2a: Suicune|56/100
|
|-heal|p2a: Suicune|62/100|[from] item: Leftovers
|upkeep
|turn|15
|
|t:|1608501416
|move|p1a: Kartana|Leaf Blade|p2a: Suicune
|-supereffective|p2a: Suicune
|-crit|p2a: Suicune
|-end|p2a: Suicune|Substitute
|move|p2a: Suicune|Scald|p1a: Kartana
|-resisted|p1a: Kartana
|-damage|p1a: Kartana|57/100
|-status|p1a: Kartana|brn
|
|-heal|p2a: Suicune|68/100|[from] item: Leftovers
|-damage|p1a: Kartana|51/100 brn|[from] brn
|upkeep
|turn|16
|-message|Contorted Lies forfeited.
|
|win|Reverb
|l|☆Contorted Lies
|l|☆Reverb
|l| Devon
|l| sapoidoioi
||Ladder (probably) updated, but score could not be retrieved (Request timeout).
