|raw|<div class="broadcast-blue"><strong>This battle is required to be public due to a player having a name starting with 'lt81yl'.</div>
|j|☆LT81YL Trognon
|j|☆Orangesss
|t:|1625411228
|gametype|singles
|player|p1|LT81YL Trognon|lucian|1643
|player|p2|Orangesss|silver|1647
|teamsize|p1|6
|teamsize|p2|6
|gen|8
|tier|[Gen 8] OU
|rated|
|rule|Sleep Clause Mod: Limit one foe put to sleep
|rule|Species Clause: Limit one of each Pokémon
|rule|OHKO Clause: OHKO moves are banned
|rule|Evasion Moves Clause: Evasion moves are banned
|rule|Endless Battle Clause: Forcing endless battles is banned
|rule|HP Percentage Mod: HP is shown in percentages
|rule|Dynamax Clause: You cannot dynamax
|clearpoke
|poke|p1|Nidoking, M|
|poke|p1|Dragapult, F|
|poke|p1|Heatran, M|
|poke|p1|Urshifu-*, M|
|poke|p1|Slowking, M|
|poke|p1|Corviknight, F|
|poke|p2|Pelipper, F|
|poke|p2|Barraskewda, F|
|poke|p2|Ferrothorn, F|
|poke|p2|Seismitoad, F|
|poke|p2|Tapu Koko|
|poke|p2|Tornadus-Therian, M|
|teampreview
|c|☆LT81YL Trognon|hf
|inactive|Battle timer is ON: inactive players will automatically lose when time's up. (requested by Orangesss)
|
|t:|1625411253
|start
|switch|p1a: Slowking|Slowking, M|100/100
|switch|p2a: Big Gulp sponsor|Pelipper, F|100/100
|-weather|RainDance|[from] ability: Drizzle|[of] p2a: Big Gulp sponsor
|turn|1
|c|☆Orangesss|how oly
|c|☆Orangesss|olt?
|c|☆LT81YL Trognon|y
|
|t:|1625411269
|move|p2a: Big Gulp sponsor|U-turn|p1a: Slowking
|-supereffective|p1a: Slowking
|-damage|p1a: Slowking|83/100
|
|t:|1625411272
|switch|p2a: Hates rain|Ferrothorn, F|100/100|[from]move: U-turn
|move|p1a: Slowking|Future Sight|p2a: Hates rain
|-start|p1a: Slowking|move: Future Sight
|
|-weather|RainDance|[upkeep]
|upkeep
|turn|2
|
|t:|1625411277
|switch|p1a: Heatran|Heatran, M|100/100
|move|p2a: Hates rain|Knock Off|p1a: Heatran
|-damage|p1a: Heatran|84/100
|-enditem|p1a: Heatran|Leftovers|[from] move: Knock Off|[of] p2a: Hates rain
|
|-weather|RainDance|[upkeep]
|upkeep
|turn|3
|
|t:|1625411285
|move|p1a: Heatran|Stealth Rock|p2a: Hates rain
|-sidestart|p2: Orangesss|move: Stealth Rock
|move|p2a: Hates rain|Spikes|p1a: Heatran
|-sidestart|p1: LT81YL Trognon|Spikes
|
|-weather|RainDance|[upkeep]
|-end|p2a: Hates rain|move: Future Sight
|-resisted|p2a: Hates rain
|-damage|p2a: Hates rain|82/100
|-heal|p2a: Hates rain|88/100|[from] item: Leftovers
|upkeep
|turn|4
|
|t:|1625411290
|switch|p2a: Agent ¥|Seismitoad, F|100/100
|-damage|p2a: Agent ¥|95/100|[from] Stealth Rock
|move|p1a: Heatran|Magma Storm|p2a: Agent ¥|[miss]
|-miss|p1a: Heatran|p2a: Agent ¥
|
|-weather|RainDance|[upkeep]
|upkeep
|turn|5
|
|t:|1625411296
|switch|p1a: Slowking|Slowking, M|100/100
|move|p2a: Agent ¥|Surf|p1a: Slowking
|-resisted|p1a: Slowking
|-damage|p1a: Slowking|78/100
|-damage|p2a: Agent ¥|85/100|[from] item: Life Orb
|
|-weather|RainDance|[upkeep]
|upkeep
|turn|6
|
|t:|1625411306
|switch|p2a: Tornadus|Tornadus-Therian, M|100/100
|move|p1a: Slowking|Teleport|p1a: Slowking
|
|t:|1625411326
|switch|p1a: Dragapult|Dragapult, F|100/100|[from]move: Teleport
|-damage|p1a: Dragapult|88/100|[from] Spikes
|
|-weather|RainDance|[upkeep]
|upkeep
|turn|7
|
|t:|1625411342
|move|p1a: Dragapult|Shadow Ball|p2a: Tornadus
|-damage|p2a: Tornadus|41/100
|move|p2a: Tornadus|Knock Off|p1a: Dragapult
|-supereffective|p1a: Dragapult
|-damage|p1a: Dragapult|31/100
|-enditem|p1a: Dragapult|Choice Specs|[from] move: Knock Off|[of] p2a: Tornadus
|
|-weather|RainDance|[upkeep]
|upkeep
|turn|8
|
|t:|1625411355
|switch|p2a: Hates rain|Ferrothorn, F|88/100
|-damage|p2a: Hates rain|82/100|[from] Stealth Rock
|move|p1a: Dragapult|Shadow Ball|p2a: Hates rain
|-damage|p2a: Hates rain|52/100
|
|-weather|none
|-heal|p2a: Hates rain|58/100|[from] item: Leftovers
|upkeep
|turn|9
|
|t:|1625411359
|move|p1a: Dragapult|Shadow Ball|p2a: Hates rain
|-damage|p2a: Hates rain|27/100
|move|p2a: Hates rain|Gyro Ball|p1a: Dragapult
|-crit|p1a: Dragapult
|-damage|p1a: Dragapult|0 fnt
|faint|p1a: Dragapult
|
|-heal|p2a: Hates rain|33/100|[from] item: Leftovers
|upkeep
|
|t:|1625411363
|switch|p1a: Urshifu|Urshifu-Rapid-Strike, M|100/100
|-damage|p1a: Urshifu|88/100|[from] Spikes
|turn|10
|
|t:|1625411373
|switch|p2a: Tornadus|Tornadus-Therian, M|74/100
|move|p1a: Urshifu|Close Combat|p2a: Tornadus
|-resisted|p2a: Tornadus
|-damage|p2a: Tornadus|39/100
|-unboost|p1a: Urshifu|def|1
|-unboost|p1a: Urshifu|spd|1
|
|upkeep
|turn|11
|inactive|Orangesss has 120 seconds left.
|
|t:|1625411404
|switch|p1a: Corviknight|Corviknight, F|100/100
|-ability|p1a: Corviknight|Pressure
|move|p2a: Tornadus|U-turn|p1a: Corviknight
|-resisted|p1a: Corviknight
|-damage|p1a: Corviknight|98/100
|inactive|Orangesss has 120 seconds left.
|
|t:|1625411413
|switch|p2a: Big Gulp sponsor|Pelipper, F|100/100|[from]move: U-turn
|-damage|p2a: Big Gulp sponsor|76/100|[from] Stealth Rock
|-weather|RainDance|[from] ability: Drizzle|[of] p2a: Big Gulp sponsor
|
|-weather|RainDance|[upkeep]
|-heal|p1a: Corviknight|100/100|[from] item: Leftovers
|upkeep
|turn|12
|
|t:|1625411420
|move|p1a: Corviknight|U-turn|p2a: Big Gulp sponsor
|-resisted|p2a: Big Gulp sponsor
|-damage|p2a: Big Gulp sponsor|71/100
|
|t:|1625411423
|switch|p1a: Slowking|Slowking, M|100/100|[from]move: U-turn
|move|p2a: Big Gulp sponsor|Defog|p1a: Slowking
|-unboost|p1a: Slowking|evasion|1
|-sideend|p1: LT81YL Trognon|Spikes|[from] move: Defog|[of] p2a: Big Gulp sponsor
|-sideend|p2: Orangesss|Stealth Rock|[from] move: Defog|[of] p2a: Big Gulp sponsor
|
|-weather|RainDance|[upkeep]
|upkeep
|turn|13
|
|t:|1625411436
|move|p2a: Big Gulp sponsor|U-turn|p1a: Slowking
|-supereffective|p1a: Slowking
|-damage|p1a: Slowking|81/100
|
|t:|1625411439
|switch|p2a: Hates rain|Ferrothorn, F|33/100|[from]move: U-turn
|move|p1a: Slowking|Teleport|p1a: Slowking
|
|t:|1625411443
|switch|p1a: Urshifu|Urshifu-Rapid-Strike, M|88/100|[from]move: Teleport
|
|-weather|RainDance|[upkeep]
|-heal|p2a: Hates rain|40/100|[from] item: Leftovers
|upkeep
|turn|14
|inactive|Orangesss has 120 seconds left.
|
|t:|1625411485
|move|p1a: Urshifu|Surging Strikes|p2a: Hates rain
|-resisted|p2a: Hates rain
|-crit|p2a: Hates rain
|-damage|p2a: Hates rain|31/100
|-activate|p2a: Hates rain|ability: Iron Barbs
|-activate|p1a: Urshifu|item: Protective Pads
|-resisted|p2a: Hates rain
|-crit|p2a: Hates rain
|-damage|p2a: Hates rain|23/100
|-activate|p2a: Hates rain|ability: Iron Barbs
|-activate|p1a: Urshifu|item: Protective Pads
|-resisted|p2a: Hates rain
|-crit|p2a: Hates rain
|-damage|p2a: Hates rain|14/100
|-activate|p2a: Hates rain|ability: Iron Barbs
|-activate|p1a: Urshifu|item: Protective Pads
|-hitcount|p2a: Hates rain|3
|move|p2a: Hates rain|Spikes|p1a: Urshifu
|-sidestart|p1: LT81YL Trognon|Spikes
|
|-weather|RainDance|[upkeep]
|-heal|p2a: Hates rain|20/100|[from] item: Leftovers
|upkeep
|turn|15
|
|t:|1625411502
|move|p1a: Urshifu|Surging Strikes|p2a: Hates rain
|-resisted|p2a: Hates rain
|-crit|p2a: Hates rain
|-damage|p2a: Hates rain|12/100
|-activate|p2a: Hates rain|ability: Iron Barbs
|-activate|p1a: Urshifu|item: Protective Pads
|-resisted|p2a: Hates rain
|-crit|p2a: Hates rain
|-damage|p2a: Hates rain|2/100
|-activate|p2a: Hates rain|ability: Iron Barbs
|-activate|p1a: Urshifu|item: Protective Pads
|-resisted|p2a: Hates rain
|-crit|p2a: Hates rain
|-damage|p2a: Hates rain|0 fnt
|-activate|p2a: Hates rain|ability: Iron Barbs
|-activate|p1a: Urshifu|item: Protective Pads
|faint|p2a: Hates rain
|-hitcount|p2: Hates rain|3
|
|-weather|RainDance|[upkeep]
|upkeep
|
|t:|1625411511
|switch|p2a: Tornadus|Tornadus-Therian, M|73/100
|turn|16
|
|t:|1625411514
|move|p2a: Tornadus|U-turn|p1a: Urshifu
|-resisted|p1a: Urshifu
|-damage|p1a: Urshifu|81/100
|
|t:|1625411522
|switch|p2a: Agent ¥|Seismitoad, F|85/100|[from]move: U-turn
|move|p1a: Urshifu|Surging Strikes|p2a: Agent ¥
|-crit|p2a: Agent ¥
|-damage|p2a: Agent ¥|46/100
|-crit|p2a: Agent ¥
|-damage|p2a: Agent ¥|9/100
|-crit|p2a: Agent ¥
|-damage|p2a: Agent ¥|0 fnt
|faint|p2a: Agent ¥
|-hitcount|p2: Agent ¥|3
|
|-weather|RainDance|[upkeep]
|upkeep
|
|t:|1625411526
|switch|p2a: Tornadus|Tornadus-Therian, M|100/100
|turn|17
|
|t:|1625411529
|switch|p1a: Slowking|Slowking, M|100/100
|move|p2a: Tornadus|U-turn|p1a: Slowking
|-supereffective|p1a: Slowking
|-damage|p1a: Slowking|68/100
|
|t:|1625411533
|switch|p2a: One fish two fish|Barraskewda, F|100/100|[from]move: U-turn
|
|-weather|RainDance|[upkeep]
|upkeep
|turn|18
|
|t:|1625411545
|switch|p1a: Heatran|Heatran, M|84/100
|-damage|p1a: Heatran|71/100|[from] Spikes
|move|p2a: One fish two fish|Crunch|p1a: Heatran
|-damage|p1a: Heatran|31/100
|
|-weather|none
|upkeep
|turn|19
|
|t:|1625411549
|move|p2a: One fish two fish|Crunch|p1a: Heatran
|-damage|p1a: Heatran|0 fnt
|faint|p1a: Heatran
|
|upkeep
|
|t:|1625411552
|switch|p1a: Urshifu|Urshifu-Rapid-Strike, M|81/100
|-damage|p1a: Urshifu|69/100|[from] Spikes
|turn|20
|
|t:|1625411559
|switch|p2a: Tornadus|Tornadus-Therian, M|100/100
|move|p1a: Urshifu|Surging Strikes|p2a: Tornadus
|-crit|p2a: Tornadus
|-damage|p2a: Tornadus|79/100
|-crit|p2a: Tornadus
|-damage|p2a: Tornadus|59/100
|-crit|p2a: Tornadus
|-damage|p2a: Tornadus|39/100
|-hitcount|p2a: Tornadus|3
|
|upkeep
|turn|21
|
|t:|1625411567
|switch|p1a: Slowking|Slowking, M|100/100
|move|p2a: Tornadus|Hurricane|p1a: Slowking
|-damage|p1a: Slowking|78/100
|
|upkeep
|turn|22
|
|t:|1625411576
|move|p2a: Tornadus|Knock Off|p1a: Slowking
|-supereffective|p1a: Slowking
|-damage|p1a: Slowking|34/100
|-enditem|p1a: Slowking|Heavy-Duty Boots|[from] move: Knock Off|[of] p2a: Tornadus
|move|p1a: Slowking|Future Sight|p2a: Tornadus
|-start|p1a: Slowking|move: Future Sight
|
|upkeep
|turn|23
|
|t:|1625411584
|move|p2a: Tornadus|Knock Off|p1a: Slowking
|-supereffective|p1a: Slowking
|-damage|p1a: Slowking|7/100
|move|p1a: Slowking|Teleport|p1a: Slowking
|
|t:|1625411591
|switch|p1a: Corviknight|Corviknight, F|100/100|[from]move: Teleport
|-ability|p1a: Corviknight|Pressure
|
|upkeep
|turn|24
|
|t:|1625411609
|move|p2a: Tornadus|Knock Off|p1a: Corviknight
|-damage|p1a: Corviknight|87/100
|-enditem|p1a: Corviknight|Leftovers|[from] move: Knock Off|[of] p2a: Tornadus
|move|p1a: Corviknight|U-turn|p2a: Tornadus
|-resisted|p2a: Tornadus
|-damage|p2a: Tornadus|32/100
|
|t:|1625411614
|switch|p1a: Slowking|Slowking, M|40/100|[from]move: U-turn
|-damage|p1a: Slowking|28/100|[from] Spikes
|
|-end|p2a: Tornadus|move: Future Sight
|-damage|p2a: Tornadus|0 fnt
|faint|p2a: Tornadus
|upkeep
|l|☆Orangesss
|inactive|Orangesss disconnected and has a minute to reconnect!
|player|p2|
|j|☆Orangesss
|inactive|Orangesss reconnected and has 120 seconds left.
|player|p2|Orangesss|silver
|
|t:|1625411653
|switch|p2a: One fish two fish|Barraskewda, F|100/100
|turn|25
|
|t:|1625411665
|switch|p1a: Urshifu|Urshifu-Rapid-Strike, M|69/100
|-damage|p1a: Urshifu|57/100|[from] Spikes
|move|p2a: One fish two fish|Flip Turn|p1a: Urshifu
|-resisted|p1a: Urshifu
|-damage|p1a: Urshifu|31/100
|inactive|Orangesss has 120 seconds left.
|
|t:|1625411670
|switch|p2a: Speed Overdose|Tapu Koko|100/100|[from]move: Flip Turn
|-fieldstart|move: Electric Terrain|[from] ability: Electric Surge|[of] p2a: Speed Overdose
|
|upkeep
|turn|26
|
|t:|1625411673
|move|p2a: Speed Overdose|Dazzling Gleam|p1a: Urshifu
|-supereffective|p1a: Urshifu
|-damage|p1a: Urshifu|0 fnt
|faint|p1a: Urshifu
|
|upkeep
|
|t:|1625411675
|switch|p1a: Nidoking|Nidoking, M|100/100
|-damage|p1a: Nidoking|88/100|[from] Spikes
|turn|27
|
|t:|1625411680
|switch|p2a: Big Gulp sponsor|Pelipper, F|71/100
|-weather|RainDance|[from] ability: Drizzle|[of] p2a: Big Gulp sponsor
|move|p1a: Nidoking|Sludge Wave|p2a: Big Gulp sponsor
|-damage|p2a: Big Gulp sponsor|0 fnt
|faint|p2a: Big Gulp sponsor
|
|-weather|RainDance|[upkeep]
|upkeep
|
|t:|1625411683
|switch|p2a: One fish two fish|Barraskewda, F|100/100
|turn|28
|
|t:|1625411690
|switch|p1a: Corviknight|Corviknight, F|87/100
|-ability|p1a: Corviknight|Pressure
|move|p2a: One fish two fish|Liquidation|p1a: Corviknight
|-damage|p1a: Corviknight|19/100
|
|-weather|RainDance|[upkeep]
|upkeep
|turn|29
|
|t:|1625411695
|move|p2a: One fish two fish|Liquidation|p1a: Corviknight
|-damage|p1a: Corviknight|0 fnt
|faint|p1a: Corviknight
|
|-weather|RainDance|[upkeep]
|-fieldend|move: Electric Terrain
|upkeep
|
|t:|1625411702
|switch|p1a: Slowking|Slowking, M|61/100
|-damage|p1a: Slowking|48/100|[from] Spikes
|turn|30
|
|t:|1625411705
|move|p2a: One fish two fish|Liquidation|p1a: Slowking
|-resisted|p1a: Slowking
|-damage|p1a: Slowking|0 fnt
|faint|p1a: Slowking
|
|-weather|RainDance|[upkeep]
|upkeep
|c|☆LT81YL Trognon|gg
|-message|LT81YL Trognon forfeited.
|
|win|Orangesss
|raw|LT81YL Trognon's rating: 1643 &rarr; <strong>1623</strong><br />(-20 for losing)
|raw|Orangesss's rating: 1647 &rarr; <strong>1667</strong><br />(+20 for winning)
|l|☆LT81YL Trognon
|c|☆Orangesss|gg
||Ladder isn't responding, score probably updated but might not have (Request timeout).
