|j|☆dmt dreams
|j|☆sufys12
|inactive|Battle timer is ON: inactive players will automatically lose when time's up.
|t:|1662366517
|gametype|singles
|player|p1|dmt dreams|gambler-gen1|
|player|p2|sufys12|265|
|teamsize|p1|6
|teamsize|p2|6
|gen|8
|tier|[Gen 8] OU
|rated|Tournament battle
|rule|Sleep Clause Mod: Limit one foe put to sleep
|rule|Species Clause: Limit one of each Pokémon
|rule|OHKO Clause: OHKO moves are banned
|rule|Evasion Items Clause: Evasion items are banned
|rule|Evasion Moves Clause: Evasion moves are banned
|rule|Endless Battle Clause: Forcing endless battles is banned
|rule|HP Percentage Mod: HP is shown in percentages
|rule|Dynamax Clause: You cannot dynamax
|clearpoke
|poke|p1|Rillaboom, M|
|poke|p1|Tornadus-Therian, M|
|poke|p1|Slowking-Galar, M|
|poke|p1|Melmetal|
|poke|p1|Garchomp, F|
|poke|p1|Toxapex, M|
|poke|p2|Toxapex, F|
|poke|p2|Gastrodon, F|
|poke|p2|Corviknight, F|
|poke|p2|Dragapult, M|
|poke|p2|Clefable, M|
|poke|p2|Urshifu-*, M|
|teampreview
|c|☆sufys12|hf
|j| zReptar
|c|☆dmt dreams|u2
|
|t:|1662366539
|start
|switch|p1a: Slowking|Slowking-Galar, M|100/100
|switch|p2a: Dragapult|Dragapult, M|100/100
|turn|1
|
|t:|1662366545
|move|p2a: Dragapult|Shadow Ball|p1a: Slowking
|-supereffective|p1a: Slowking
|-damage|p1a: Slowking|47/100
|move|p1a: Slowking|Sludge Bomb|p2a: Dragapult
|-resisted|p2a: Dragapult
|-damage|p2a: Dragapult|70/100
|-status|p2a: Dragapult|psn
|
|-damage|p2a: Dragapult|58/100 psn|[from] psn
|upkeep
|turn|2
|
|t:|1662366552
|switch|p1a: Toxapex|Toxapex, M|100/100
|move|p2a: Dragapult|Shadow Ball|p1a: Toxapex
|-damage|p1a: Toxapex|57/100
|-unboost|p1a: Toxapex|spd|1
|
|-heal|p1a: Toxapex|63/100|[from] item: Black Sludge
|-damage|p2a: Dragapult|45/100 psn|[from] psn
|upkeep
|turn|3
|
|t:|1662366557
|switch|p2a: Clefable|Clefable, M|100/100
|move|p1a: Toxapex|Baneful Bunker||[still]
|-fail|p1a: Toxapex
|
|-heal|p1a: Toxapex|70/100|[from] item: Black Sludge
|upkeep
|turn|4
|
|t:|1662366562
|switch|p1a: Slowking|Slowking-Galar, M|80/100
|move|p2a: Clefable|Stealth Rock|p1a: Slowking
|-sidestart|p1: dmt dreams|move: Stealth Rock
|
|upkeep
|turn|5
|
|t:|1662366566
|move|p2a: Clefable|Thunder Wave|p1a: Slowking
|-status|p1a: Slowking|par
|move|p1a: Slowking|Sludge Bomb|p2a: Clefable
|-supereffective|p2a: Clefable
|-damage|p2a: Clefable|38/100
|
|-heal|p2a: Clefable|44/100|[from] item: Leftovers
|upkeep
|turn|6
|
|t:|1662366570
|move|p2a: Clefable|Soft-Boiled|p2a: Clefable
|-heal|p2a: Clefable|94/100
|move|p1a: Slowking|Sludge Bomb|p2a: Clefable
|-supereffective|p2a: Clefable
|-damage|p2a: Clefable|28/100
|
|-heal|p2a: Clefable|34/100|[from] item: Leftovers
|upkeep
|turn|7
|
|t:|1662366573
|move|p2a: Clefable|Soft-Boiled|p2a: Clefable
|-heal|p2a: Clefable|84/100
|move|p1a: Slowking|Sludge Bomb|p2a: Clefable
|-supereffective|p2a: Clefable
|-damage|p2a: Clefable|21/100
|
|-heal|p2a: Clefable|27/100|[from] item: Leftovers
|upkeep
|turn|8
|
|t:|1662366575
|move|p2a: Clefable|Soft-Boiled|p2a: Clefable
|-heal|p2a: Clefable|77/100
|cant|p1a: Slowking|par
|
|-heal|p2a: Clefable|83/100|[from] item: Leftovers
|upkeep
|turn|9
|
|t:|1662366579
|switch|p2a: Toxapex|Toxapex, F|100/100
|move|p1a: Slowking|Future Sight|p2a: Toxapex
|-start|p1a: Slowking|move: Future Sight
|
|upkeep
|turn|10
|
|t:|1662366586
|switch|p1a: Toxapex|Toxapex, M|100/100
|-damage|p1a: Toxapex|88/100|[from] Stealth Rock
|move|p2a: Toxapex|Knock Off|p1a: Toxapex
|-damage|p1a: Toxapex|78/100
|-enditem|p1a: Toxapex|Black Sludge|[from] move: Knock Off|[of] p2a: Toxapex
|
|upkeep
|turn|11
|
|t:|1662366593
|switch|p2a: Corviknight|Corviknight, F|100/100
|-ability|p2a: Corviknight|Pressure
|move|p1a: Toxapex|Knock Off|p2a: Corviknight
|-damage|p2a: Corviknight|90/100
|-enditem|p2a: Corviknight|Leftovers|[from] move: Knock Off|[of] p1a: Toxapex
|
|-end|p2a: Corviknight|move: Future Sight
|-resisted|p2a: Corviknight
|-damage|p2a: Corviknight|66/100
|upkeep
|turn|12
|
|t:|1662366600
|switch|p2a: Toxapex|Toxapex, F|100/100
|switch|p1a: Garchomp|Garchomp, F|100/100
|-damage|p1a: Garchomp|94/100|[from] Stealth Rock
|
|-heal|p1a: Garchomp|100/100|[from] item: Leftovers
|upkeep
|turn|13
|
|t:|1662366612
|switch|p1a: Toxapex|Toxapex, M|100/100
|-damage|p1a: Toxapex|88/100|[from] Stealth Rock
|switch|p2a: Corviknight|Corviknight, F|66/100
|-ability|p2a: Corviknight|Pressure
|
|upkeep
|turn|14
|
|t:|1662366617
|switch|p2a: Toxapex|Toxapex, F|100/100
|switch|p1a: Garchomp|Garchomp, F|100/100
|-damage|p1a: Garchomp|94/100|[from] Stealth Rock
|
|-heal|p1a: Garchomp|100/100|[from] item: Leftovers
|upkeep
|turn|15
|
|t:|1662366623
|switch|p1a: Toxapex|Toxapex, M|100/100
|-damage|p1a: Toxapex|88/100|[from] Stealth Rock
|switch|p2a: Dragapult|Dragapult, M|45/100 psn
|
|-damage|p2a: Dragapult|33/100 psn|[from] psn
|upkeep
|turn|16
|
|t:|1662366631
|switch|p2a: Clefable|Clefable, M|83/100
|move|p1a: Toxapex|Baneful Bunker||[still]
|-fail|p1a: Toxapex
|
|-heal|p2a: Clefable|90/100|[from] item: Leftovers
|upkeep
|turn|17
|
|t:|1662366634
|move|p2a: Clefable|Thunder Wave|p1a: Toxapex|[miss]
|-miss|p2a: Clefable|p1a: Toxapex
|move|p1a: Toxapex|Knock Off|p2a: Clefable
|-resisted|p2a: Clefable
|-crit|p2a: Clefable
|-damage|p2a: Clefable|79/100
|-enditem|p2a: Clefable|Leftovers|[from] move: Knock Off|[of] p1a: Toxapex
|
|upkeep
|turn|18
|l| zReptar
|
|t:|1662366638
|switch|p1a: Slowking|Slowking-Galar, M|100/100 par
|-damage|p1a: Slowking|88/100 par|[from] Stealth Rock
|move|p2a: Clefable|Thunder Wave|p1a: Slowking|[miss]
|-miss|p2a: Clefable|p1a: Slowking
|
|upkeep
|turn|19
|
|t:|1662366642
|switch|p2a: Gastrodon|Gastrodon, F|100/100
|cant|p1a: Slowking|par
|
|upkeep
|turn|20
|
|t:|1662366647
|switch|p1a: Tornadus|Tornadus-Therian, M|100/100
|move|p2a: Gastrodon|Earthquake|p1a: Tornadus
|-immune|p1a: Tornadus
|
|upkeep
|turn|21
|
|t:|1662366651
|switch|p2a: Toxapex|Toxapex, F|100/100
|move|p1a: Tornadus|U-turn|p2a: Toxapex
|-resisted|p2a: Toxapex
|-damage|p2a: Toxapex|96/100
|-damage|p1a: Tornadus|84/100|[from] item: Rocky Helmet|[of] p2a: Toxapex
|
|t:|1662366655
|switch|p1a: Toxapex|Toxapex, M|100/100|[from]move: U-turn
|-damage|p1a: Toxapex|88/100|[from] Stealth Rock
|
|upkeep
|turn|22
|
|t:|1662366660
|move|p2a: Toxapex|Knock Off|p1a: Toxapex
|-damage|p1a: Toxapex|82/100
|move|p1a: Toxapex|Knock Off|p2a: Toxapex
|-damage|p2a: Toxapex|87/100
|-damage|p1a: Toxapex|65/100|[from] item: Rocky Helmet|[of] p2a: Toxapex
|-enditem|p2a: Toxapex|Rocky Helmet|[from] move: Knock Off|[of] p1a: Toxapex
|
|upkeep
|turn|23
|
|t:|1662366666
|move|p2a: Toxapex|Toxic Spikes|p1a: Toxapex
|-sidestart|p1: dmt dreams|move: Toxic Spikes
|move|p1a: Toxapex|Knock Off|p2a: Toxapex
|-damage|p2a: Toxapex|81/100
|
|upkeep
|turn|24
|
|t:|1662366672
|move|p1a: Toxapex|Knock Off|p2a: Toxapex
|-damage|p2a: Toxapex|74/100
|move|p2a: Toxapex|Toxic Spikes|p1a: Toxapex
|-sidestart|p1: dmt dreams|move: Toxic Spikes
|
|upkeep
|turn|25
|
|t:|1662366678
|move|p2a: Toxapex|Knock Off|p1a: Toxapex
|-damage|p1a: Toxapex|59/100
|move|p1a: Toxapex|Toxic|p2a: Toxapex
|-immune|p2a: Toxapex
|
|upkeep
|turn|26
|
|t:|1662366682
|move|p1a: Toxapex|Knock Off|p2a: Toxapex
|-crit|p2a: Toxapex
|-damage|p2a: Toxapex|66/100
|move|p2a: Toxapex|Knock Off|p1a: Toxapex
|-damage|p1a: Toxapex|53/100
|
|upkeep
|turn|27
|
|t:|1662366686
|switch|p2a: Clefable|Clefable, M|79/100
|move|p1a: Toxapex|Recover|p1a: Toxapex
|-heal|p1a: Toxapex|100/100
|
|upkeep
|turn|28
|
|t:|1662366691
|switch|p2a: Gastrodon|Gastrodon, F|100/100
|switch|p1a: Slowking|Slowking-Galar, M|100/100 par
|-damage|p1a: Slowking|88/100 par|[from] Stealth Rock
|-sideend|p1: dmt dreams|move: Toxic Spikes|[of] p1a: Slowking
|
|upkeep
|turn|29
|
|t:|1662366695
|move|p2a: Gastrodon|Earthquake|p1a: Slowking
|-supereffective|p1a: Slowking
|-damage|p1a: Slowking|27/100 par
|cant|p1a: Slowking|par
|
|upkeep
|turn|30
|
|t:|1662366699
|switch|p1a: Tornadus|Tornadus-Therian, M|100/100
|move|p2a: Gastrodon|Scald|p1a: Tornadus
|-crit|p1a: Tornadus
|-damage|p1a: Tornadus|67/100
|
|upkeep
|turn|31
|
|t:|1662366703
|move|p1a: Tornadus|Knock Off|p2a: Gastrodon
|-damage|p2a: Gastrodon|79/100
|-enditem|p2a: Gastrodon|Leftovers|[from] move: Knock Off|[of] p1a: Tornadus
|move|p2a: Gastrodon|Scald|p1a: Tornadus
|-damage|p1a: Tornadus|41/100
|
|upkeep
|turn|32
|
|t:|1662366711
|move|p1a: Tornadus|Defog|p2a: Gastrodon
|-unboost|p2a: Gastrodon|evasion|1
|-sideend|p1: dmt dreams|Stealth Rock|[from] move: Defog|[of] p1a: Tornadus
|move|p2a: Gastrodon|Recover|p2a: Gastrodon
|-heal|p2a: Gastrodon|100/100
|
|upkeep
|turn|33
|
|t:|1662366714
|move|p1a: Tornadus|U-turn|p2a: Gastrodon
|-damage|p2a: Gastrodon|85/100
|
|t:|1662366716
|switch|p1a: Toxapex|Toxapex, M|100/100|[from]move: U-turn
|move|p2a: Gastrodon|Earthquake|p1a: Toxapex
|-supereffective|p1a: Toxapex
|-damage|p1a: Toxapex|65/100
|
|upkeep
|turn|34
|
|t:|1662366721
|switch|p1a: Garchomp|Garchomp, F|100/100
|switch|p2a: Clefable|Clefable, M|79/100
|
|upkeep
|turn|35
|
|t:|1662366724
|move|p1a: Garchomp|Stealth Rock|p2a: Clefable
|-sidestart|p2: sufys12|move: Stealth Rock
|move|p2a: Clefable|Moonblast|p1a: Garchomp
|-supereffective|p1a: Garchomp
|-damage|p1a: Garchomp|53/100
|-unboost|p1a: Garchomp|spa|1
|
|-heal|p1a: Garchomp|59/100|[from] item: Leftovers
|upkeep
|turn|36
|
|t:|1662366729
|switch|p1a: Melmetal|Melmetal|100/100
|move|p2a: Clefable|Stealth Rock|p1a: Melmetal
|-sidestart|p1: dmt dreams|move: Stealth Rock
|
|upkeep
|turn|37
|
|t:|1662366735
|switch|p2a: Toxapex|Toxapex, F|99/100
|-damage|p2a: Toxapex|86/100|[from] Stealth Rock
|move|p1a: Melmetal|Thunder Punch|p2a: Toxapex
|-supereffective|p2a: Toxapex
|-damage|p2a: Toxapex|44/100
|
|upkeep
|turn|38
|
|t:|1662366741
|switch|p2a: Gastrodon|Gastrodon, F|85/100
|-damage|p2a: Gastrodon|78/100|[from] Stealth Rock
|move|p1a: Melmetal|Double Iron Bash|p2a: Gastrodon
|-resisted|p2a: Gastrodon
|-crit|p2a: Gastrodon
|-damage|p2a: Gastrodon|45/100
|-resisted|p2a: Gastrodon
|-damage|p2a: Gastrodon|19/100
|-hitcount|p2a: Gastrodon|2
|
|upkeep
|turn|39
|
|t:|1662366750
|switch|p2a: Corviknight|Corviknight, F|66/100
|-damage|p2a: Corviknight|53/100|[from] Stealth Rock
|-ability|p2a: Corviknight|Pressure
|move|p1a: Melmetal|Superpower|p2a: Corviknight
|-damage|p2a: Corviknight|22/100
|-unboost|p1a: Melmetal|atk|1
|-unboost|p1a: Melmetal|def|1
|
|upkeep
|turn|40
|
|t:|1662366757
|switch|p1a: Tornadus|Tornadus-Therian, M|74/100
|move|p2a: Corviknight|Roost|p2a: Corviknight
|-heal|p2a: Corviknight|72/100
|-singleturn|p2a: Corviknight|move: Roost
|
|upkeep
|turn|41
|
|t:|1662366761
|move|p1a: Tornadus|Heat Wave|p2a: Corviknight
|-supereffective|p2a: Corviknight
|-damage|p2a: Corviknight|29/100
|move|p2a: Corviknight|U-turn|p1a: Tornadus
|-resisted|p1a: Tornadus
|-damage|p1a: Tornadus|66/100
|
|t:|1662366767
|switch|p2a: Urshifu|Urshifu-Rapid-Strike, M|100/100|[from]move: U-turn
|-damage|p2a: Urshifu|94/100|[from] Stealth Rock
|
|upkeep
|turn|42
|
|t:|1662366776
|switch|p1a: Toxapex|Toxapex, M|98/100
|-damage|p1a: Toxapex|86/100|[from] Stealth Rock
|switch|p2a: Clefable|Clefable, M|79/100
|
|upkeep
|turn|43
|
|t:|1662366781
|switch|p1a: Garchomp|Garchomp, F|59/100
|-damage|p1a: Garchomp|53/100|[from] Stealth Rock
|move|p2a: Clefable|Thunder Wave|p1a: Garchomp
|-immune|p1a: Garchomp
|
|-heal|p1a: Garchomp|59/100|[from] item: Leftovers
|upkeep
|turn|44
|
|t:|1662366784
|move|p1a: Garchomp|Protect|p1a: Garchomp
|-singleturn|p1a: Garchomp|Protect
|move|p2a: Clefable|Moonblast|p1a: Garchomp
|-activate|p1a: Garchomp|move: Protect
|
|-heal|p1a: Garchomp|65/100|[from] item: Leftovers
|upkeep
|turn|45
|
|t:|1662366788
|switch|p1a: Slowking|Slowking-Galar, M|60/100 par
|-damage|p1a: Slowking|47/100 par|[from] Stealth Rock
|move|p2a: Clefable|Moonblast|p1a: Slowking
|-resisted|p1a: Slowking
|-damage|p1a: Slowking|39/100 par
|
|upkeep
|turn|46
|
|t:|1662366795
|switch|p2a: Corviknight|Corviknight, F|29/100
|-damage|p2a: Corviknight|16/100|[from] Stealth Rock
|-ability|p2a: Corviknight|Pressure
|switch|p1a: Melmetal|Melmetal|100/100
|-damage|p1a: Melmetal|94/100|[from] Stealth Rock
|
|-heal|p1a: Melmetal|100/100|[from] item: Leftovers
|upkeep
|turn|47
|
|t:|1662366802
|move|p2a: Corviknight|Roost|p2a: Corviknight
|-heal|p2a: Corviknight|66/100
|-singleturn|p2a: Corviknight|move: Roost
|move|p1a: Melmetal|Superpower|p2a: Corviknight
|-supereffective|p2a: Corviknight
|-damage|p2a: Corviknight|0 fnt
|-unboost|p1a: Melmetal|atk|1
|-unboost|p1a: Melmetal|def|1
|faint|p2a: Corviknight
|
|upkeep
|
|t:|1662366805
|switch|p2a: Urshifu|Urshifu-Rapid-Strike, M|94/100
|-damage|p2a: Urshifu|88/100|[from] Stealth Rock
|turn|48
|
|t:|1662366810
|switch|p1a: Toxapex|Toxapex, M|100/100
|-damage|p1a: Toxapex|88/100|[from] Stealth Rock
|move|p2a: Urshifu|U-turn|p1a: Toxapex
|-resisted|p1a: Toxapex
|-damage|p1a: Toxapex|76/100
|c|☆sufys12|gg
|c|☆dmt dreams|gg
|-message|sufys12 forfeited.
|
|win|dmt dreams
|n|☆dmt dreams|dmtdreams
|n|☆sufys12|sufys12
