|j|☆Volcanionisgood
|j|☆i'm back from mars
|inactive|Battle timer is ON: inactive players will automatically lose when time's up.
|t:|1596575567
|player|p1|Volcanionisgood|burglar-gen1|
|player|p2|i'm back from mars|skierf|
|teamsize|p1|6
|teamsize|p2|6
|gametype|singles
|gen|8
|tier|[Gen 8] OU
|rated|Tournament battle
|html|<div class="broadcast-blue"><strong>OU is currently suspecting Magearna! For information on how to participate check out the <a href="https://www.smogon.com/forums/threads/3667669/">suspect thread</a>.</strong></div>
|clearpoke
|poke|p1|Cinderace, M|
|poke|p1|Zeraora|
|poke|p1|Clefable, M|
|poke|p1|Toxapex, F|
|poke|p1|Blissey, F|
|poke|p1|Scizor, M|
|poke|p2|Mew|
|poke|p2|Kyurem|
|poke|p2|Mandibuzz, F|
|poke|p2|Toxapex, M|
|poke|p2|Chansey, F|
|poke|p2|Quagsire, M|
|rule|Sleep Clause Mod: Limit one foe put to sleep
|rule|Species Clause: Limit one of each Pokémon
|rule|OHKO Clause: OHKO moves are banned
|rule|Evasion Moves Clause: Evasion moves are banned
|rule|Endless Battle Clause: Forcing endless battles is banned
|rule|HP Percentage Mod: HP is shown in percentages
|rule|Dynamax Clause: You cannot dynamax
|teampreview
|j| hbklj
|j| Cookieco
|j| World Killer
|j| nofakethekairi78
|j| LadderSoTall
|j| Kamilsen
|j| OUTU Hide And Seek
|j| bro im
|j| danieII
|c| hbklj|wow
|j| ezws
|j| IMBACKFROMPLUTO
|c| hbklj|a stall team
|c| danieII|ROFL
|c| IMBACKFROMPLUTO|lets gets it mars
|j| edentity
|c| danieII|stall v semi stall
|j| ant4456
|j| Storm Zone
|j| TheNewBrends11@!
|j| AdmiralQQ
|c| nofakethekairi78|regular scizor pog
|inactive|Volcanionisgood has 120 seconds left.
|l| Storm Zone
|j| Clawed Winter
|c|☆Volcanionisgood|who brings this tryhardery to roomtours
|j| Ivvidp12
|c| LadderSoTall|Volcanionisgood you dont have the wallbreakers :C
|c| Kamilsen|volcanion please win
|
|t:|1596575609
|start
|switch|p1a: Cinderace|Cinderace, M|100/100
|switch|p2a: Toxapex|Toxapex, M, shiny|100/100
|turn|1
|j| ForrestAlola
|j| Perry the Pickle
|
|t:|1596575617
|switch|p1a: Toxapex|Toxapex, F|100/100
|move|p2a: Toxapex|Toxic|p1a: Toxapex
|-immune|p1a: Toxapex
|
|upkeep
|turn|2
|
|t:|1596575622
|move|p2a: Toxapex|Knock Off|p1a: Toxapex
|-damage|p1a: Toxapex|91/100
|-enditem|p1a: Toxapex|Black Sludge|[from] move: Knock Off|[of] p2a: Toxapex
|move|p1a: Toxapex|Knock Off|p2a: Toxapex
|-damage|p2a: Toxapex|92/100
|-damage|p1a: Toxapex|74/100|[from] item: Rocky Helmet|[of] p2a: Toxapex
|-enditem|p2a: Toxapex|Rocky Helmet|[from] move: Knock Off|[of] p1a: Toxapex
|
|upkeep
|turn|3
|c| AdmiralQQ|reads
|l| Perry the Pickle
|
|t:|1596575628
|switch|p2a: Mew|Mew|100/100
|move|p1a: Toxapex|Scald|p2a: Mew
|-damage|p2a: Mew|87/100
|
|upkeep
|turn|4
|
|t:|1596575633
|move|p2a: Mew|Will-O-Wisp|p1a: Toxapex|[miss]
|-miss|p2a: Mew|p1a: Toxapex
|move|p1a: Toxapex|Knock Off|p2a: Mew
|-supereffective|p2a: Mew
|-enditem|p2a: Mew|Colbur Berry|[eat]
|-enditem|p2a: Mew|Colbur Berry|[weaken]
|-damage|p2a: Mew|78/100
|
|upkeep
|turn|5
|
|t:|1596575638
|switch|p1a: Cinderace|Cinderace, M|100/100
|move|p2a: Mew|Psychic|p1a: Cinderace
|-damage|p1a: Cinderace|54/100
|
|upkeep
|turn|6
|c| ForrestAlola|Never before have I see two bland teams in the finals
|c| ezws|stall vs voltturn omg im hyped 😍😍😍
|c| ForrestAlola|At least to this extent
|
|t:|1596575652
|switch|p2a: Toxapex|Toxapex, M, shiny|100/100
|move|p1a: Cinderace|U-turn|p2a: Toxapex
|-start|p1a: Cinderace|typechange|Bug|[from] ability: Libero
|-resisted|p2a: Toxapex
|-damage|p2a: Toxapex|89/100
|c| AdmiralQQ|right?
|c| LadderSoTall|lol
|
|t:|1596575658
|switch|p1a: Clefable|Clefable, M|100/100|[from]move: U-turn
|
|upkeep
|turn|7
|j| NameNotFoundError
|c| ForrestAlola|seen*
|j| Nouni99
|c| AdmiralQQ|stall is so lame haha lemme switch out for 60 turns
|l| Nouni99
|c| ForrestAlola|wdym bro
|c| ForrestAlola|Stall is so cool
|c| NameNotFoundError|mars u got this
|c| ForrestAlola|And hype
|j| OuNuzlocke
|inactive|i'm back from mars has 120 seconds left.
|c| IMBACKFROMPLUTO|only big brains use stall
|j| TubaToot
|c| IMBACKFROMPLUTO|you guys arent big brain enough'
|c| ForrestAlola|I used stall for a bit in Gen 7
|c| AdmiralQQ|dam, exposed me
|c| ForrestAlola|It was boring
|c| LadderSoTall|we are all brainlets :C
|
|t:|1596575716
|switch|p2a: Chansey|Chansey, F|100/100
|move|p1a: Clefable|Stealth Rock|p2a: Chansey
|-sidestart|p2: i'm back from mars|move: Stealth Rock
|
|upkeep
|turn|8
|c| ForrestAlola|Like I did decently
|c| NameNotFoundError|I use HO in gen 7
|
|t:|1596575721
|switch|p1a: Scizor|Scizor, M|100/100
|move|p2a: Chansey|Thunder Wave|p1a: Scizor
|-status|p1a: Scizor|par
|
|upkeep
|turn|9
|c| ForrestAlola|HO is the most fun playstyle
|
|t:|1596575726
|switch|p2a: Mandibuzz|Mandibuzz, F, shiny|100/100
|move|p1a: Scizor|Knock Off|p2a: Mandibuzz
|-resisted|p2a: Mandibuzz
|-damage|p2a: Mandibuzz|84/100
|-enditem|p2a: Mandibuzz|Heavy-Duty Boots|[from] move: Knock Off|[of] p1a: Scizor
|
|upkeep
|turn|10
|l| ant4456
|inactive|i'm back from mars has 120 seconds left.
|c| ForrestAlola|I wish it was better rn
|c| TheNewBrends11|i hate stall, because the longer you stall for, the more exposed you are to hax
|
|t:|1596575736
|switch|p1a: Toxapex|Toxapex, F|100/100
|move|p2a: Mandibuzz|Defog|p1a: Toxapex
|-unboost|p1a: Toxapex|evasion|1
|-sideend|p2: i'm back from mars|Stealth Rock|[from] move: Defog|[of] p2a: Mandibuzz
|
|upkeep
|turn|11
|
|t:|1596575742
|switch|p2a: Mew|Mew|78/100
|move|p1a: Toxapex|Scald|p2a: Mew
|-damage|p2a: Mew|63/100
|
|upkeep
|turn|12
|j| Perry the Pickle
|
|t:|1596575746
|switch|p1a: Cinderace|Cinderace, M|54/100
|move|p2a: Mew|Will-O-Wisp|p1a: Cinderace|[miss]
|-miss|p2a: Mew|p1a: Cinderace
|
|upkeep
|turn|13
|c| ForrestAlola|Mega Sableye stall
|c| ForrestAlola|Was something else
|c| NameNotFoundError|garde ho is goat dont @ me
|
|t:|1596575751
|switch|p2a: Toxapex|Toxapex, M, shiny|100/100
|move|p1a: Cinderace|U-turn|p2a: Toxapex
|-start|p1a: Cinderace|typechange|Bug|[from] ability: Libero
|-resisted|p2a: Toxapex
|-damage|p2a: Toxapex|90/100
|j| Zaettsu
|c| IMBACKFROMPLUTO|ive always naturally gravitated to bulky teams
|
|t:|1596575753
|switch|p1a: Clefable|Clefable, M|100/100|[from]move: U-turn
|
|upkeep
|turn|14
|c| TheNewBrends11|OOF
|c| TheNewBrends11|giant miss
|c| IMBACKFROMPLUTO|even as a noob
|c| Perry the Pickle|how's mars???
|
|t:|1596575761
|switch|p2a: Mew|Mew|63/100
|move|p1a: Clefable|Stealth Rock|p2a: Mew
|-sidestart|p2: i'm back from mars|move: Stealth Rock
|
|upkeep
|turn|15
|
|t:|1596575764
|switch|p1a: Cinderace|Cinderace, M|54/100
|move|p2a: Mew|Defog|p1a: Cinderace
|-unboost|p1a: Cinderace|evasion|1
|-sideend|p2: i'm back from mars|Stealth Rock|[from] move: Defog|[of] p2a: Mew
|
|upkeep
|turn|16
|
|t:|1596575769
|move|p1a: Cinderace|U-turn|p2a: Mew
|-start|p1a: Cinderace|typechange|Bug|[from] ability: Libero
|-supereffective|p2a: Mew
|-damage|p2a: Mew|13/100
|c| IMBACKFROMPLUTO|pretty hot
|c| LadderSoTall|it colonized now
|c| IMBACKFROMPLUTO|pluto is a lot cooler
|j| Mayor SATiRe
|
|t:|1596575779
|switch|p1a: Blissey|Blissey, F|100/100|[from]move: U-turn
|move|p2a: Mew|Soft-Boiled|p2a: Mew
|-heal|p2a: Mew|63/100
|
|upkeep
|turn|17
|c| Perry the Pickle|u're so cool
|
|t:|1596575791
|switch|p2a: Toxapex|Toxapex, M, shiny|100/100
|move|p1a: Blissey|Teleport|p1a: Blissey
|c| IMBACKFROMPLUTO|ty ty
|
|t:|1596575794
|switch|p1a: Clefable|Clefable, M|100/100|[from]move: Teleport
|
|upkeep
|turn|18
|c| IMBACKFROMPLUTO|i try my hardest everyday
|
|t:|1596575797
|move|p1a: Clefable|Stealth Rock|p2a: Toxapex
|-sidestart|p2: i'm back from mars|move: Stealth Rock
|move|p2a: Toxapex|Knock Off|p1a: Clefable
|-resisted|p1a: Clefable
|-damage|p1a: Clefable|95/100
|
|-damage|p2a: Toxapex|88/100|[from] item: Sticky Barb
|upkeep
|turn|19
|c| IMBACKFROMPLUTO|to be cool
|c| ForrestAlola|you lost it
|c| ForrestAlola|you had it
|c| hbklj|try harder
|c| Perry the Pickle|I want to be like u
|c| ForrestAlola|and then you lost it
|
|t:|1596575816
|move|p1a: Clefable|Moonblast|p2a: Toxapex
|-resisted|p2a: Toxapex
|-damage|p2a: Toxapex|76/100
|move|p2a: Toxapex|Knock Off|p1a: Clefable
|-resisted|p1a: Clefable
|-damage|p1a: Clefable|91/100
|
|-damage|p2a: Toxapex|64/100|[from] item: Sticky Barb
|upkeep
|turn|20
|c| Perry the Pickle|but I'm just a pickle
|c| IMBACKFROMPLUTO|i will, hbklj, thanks for the encouragement
|
|t:|1596575823
|switch|p1a: Toxapex|Toxapex, F|100/100
|move|p2a: Toxapex|Recover|p2a: Toxapex
|-heal|p2a: Toxapex|100/100
|
|-damage|p2a: Toxapex|88/100|[from] item: Sticky Barb
|upkeep
|turn|21
|j| swadly122
|
|t:|1596575827
|move|p2a: Toxapex|Knock Off|p1a: Toxapex
|-damage|p1a: Toxapex|94/100
|move|p1a: Toxapex|Scald|p2a: Toxapex
|-resisted|p2a: Toxapex
|-damage|p2a: Toxapex|81/100
|-status|p2a: Toxapex|brn
|
|-damage|p2a: Toxapex|75/100 brn|[from] brn
|-damage|p2a: Toxapex|63/100 brn|[from] item: Sticky Barb
|upkeep
|turn|22
|
|t:|1596575831
|move|p2a: Toxapex|Knock Off|p1a: Toxapex
|-damage|p1a: Toxapex|91/100
|move|p1a: Toxapex|Scald|p2a: Toxapex
|-resisted|p2a: Toxapex
|-damage|p2a: Toxapex|56/100 brn
|
|-damage|p2a: Toxapex|50/100 brn|[from] brn
|-damage|p2a: Toxapex|37/100 brn|[from] item: Sticky Barb
|upkeep
|turn|23
|c| IMBACKFROMPLUTO|Perry the Pickle, you can be like it
|c| IMBACKFROMPLUTO|like me*
|
|t:|1596575838
|move|p2a: Toxapex|Toxic|p1a: Toxapex
|-immune|p1a: Toxapex
|move|p1a: Toxapex|Scald|p2a: Toxapex
|-resisted|p2a: Toxapex
|-damage|p2a: Toxapex|29/100 brn
|
|-damage|p2a: Toxapex|23/100 brn|[from] brn
|-damage|p2a: Toxapex|11/100 brn|[from] item: Sticky Barb
|upkeep
|turn|24
|c| nofakethekairi78|epic content
|c| IMBACKFROMPLUTO|everyday, I tell myself, "i am cool"
|
|t:|1596575849
|move|p2a: Toxapex|Recover|p2a: Toxapex
|-heal|p2a: Toxapex|61/100 brn
|move|p1a: Toxapex|Scald|p2a: Toxapex
|-resisted|p2a: Toxapex
|-damage|p2a: Toxapex|54/100 brn
|
|-damage|p2a: Toxapex|48/100 brn|[from] brn
|-damage|p2a: Toxapex|35/100 brn|[from] item: Sticky Barb
|upkeep
|turn|25
|j| Heatah Knights
|c| Perry the Pickle|no I could never dream of it
|
|t:|1596575855
|switch|p2a: Mew|Mew|63/100
|-damage|p2a: Mew|51/100|[from] Stealth Rock
|move|p1a: Toxapex|Scald|p2a: Mew
|-damage|p2a: Mew|37/100
|
|upkeep
|turn|26
|c| Kamilsen|ban regenarator
|c| Perry the Pickle|u're so much cooler than I am
|
|t:|1596575862
|switch|p1a: Cinderace|Cinderace, M|54/100
|move|p2a: Mew|Psychic|p1a: Cinderace
|-damage|p1a: Cinderace|6/100
|-unboost|p1a: Cinderace|spd|1
|
|upkeep
|turn|27
|c| IMBACKFROMPLUTO|ty Perry the Pickle
|
|t:|1596575867
|switch|p2a: Quagsire|Quagsire, M|100/100
|-damage|p2a: Quagsire|94/100|[from] Stealth Rock
|move|p1a: Cinderace|U-turn|p2a: Quagsire
|-start|p1a: Cinderace|typechange|Bug|[from] ability: Libero
|-damage|p2a: Quagsire|70/100
|c| Perry the Pickle|or will ever be
|c| IMBACKFROMPLUTO|it takes time to be as cool as me
|c| bro im|love that sticky barb strat
|
|t:|1596575884
|switch|p1a: Scizor|Scizor, M|100/100 par|[from]move: U-turn
|
|-heal|p2a: Quagsire|76/100|[from] item: Leftovers
|upkeep
|turn|28
|
|t:|1596575889
|move|p2a: Quagsire|Earthquake|p1a: Scizor
|-damage|p1a: Scizor|69/100 par
|move|p1a: Scizor|U-turn|p2a: Quagsire
|-damage|p2a: Quagsire|37/100
|j| egalvanc
|c| ezws|what playstyle is the most braindead stall or voltturn 🤔🤔🤷‍♂️
|c| Perry the Pickle|I know it takes time
|c| IMBACKFROMPLUTO|voltturn
|l| egalvanc
|
|t:|1596575902
|switch|p1a: Zeraora|Zeraora|100/100|[from]move: U-turn
|
|-heal|p2a: Quagsire|43/100|[from] item: Leftovers
|upkeep
|turn|29
|c| nofakethekairi78|doesnt matter if its braindead, it just works
|c| Perry the Pickle|volt turn because Pluto said so
|c| IMBACKFROMPLUTO|u just click u turn/volt turn
|c| IMBACKFROMPLUTO|hurr durr
|l| Kamilsen
|
|t:|1596575923
|switch|p2a: Chansey|Chansey, F|100/100
|-damage|p2a: Chansey|88/100|[from] Stealth Rock
|move|p1a: Zeraora|Grass Knot|p2a: Chansey
|-damage|p2a: Chansey|84/100
|
|upkeep
|turn|30
|c| ForrestAlola|Whats that one berry
|c| ForrestAlola|that boosts speed
|c| ezws|fair imbackfrompluto volcanionisgood will hold this L
|c| IMBACKFROMPLUTO|your mom ForrestAlola
|l| Ivvidp12
|c| World Killer|Salac
|c| Mayor SATiRe|sala
|c| Mayor SATiRe|c
|c| Perry the Pickle|haha
|inactive|i'm back from mars has 120 seconds left.
|c| Perry the Pickle|so funny
|c| ForrestAlola|Im gonna use Salac Heracross
|
|t:|1596575950
|move|p1a: Zeraora|Volt Switch|p2a: Chansey
|-damage|p2a: Chansey|75/100
|c| Perry the Pickle|god u're so cool
|
|t:|1596575952
|switch|p1a: Scizor|Scizor, M|69/100 par|[from]move: Volt Switch
|move|p2a: Chansey|Seismic Toss|p1a: Scizor
|-damage|p1a: Scizor|39/100 par
|
|upkeep
|turn|31
|c| ForrestAlola|Watch me whip
|c| IMBACKFROMPLUTO|and watch me nana
|inactive|i'm back from mars has 120 seconds left.
|
|t:|1596575964
|move|p2a: Chansey|Seismic Toss|p1a: Scizor
|-damage|p1a: Scizor|8/100 par
|move|p1a: Scizor|U-turn|p2a: Chansey
|-damage|p2a: Chansey|34/100
|j| TachFenix
|
|t:|1596575969
|switch|p1a: Cinderace|Cinderace, M|6/100|[from]move: U-turn
|
|upkeep
|turn|32
|c| Perry the Pickle|omg Pluto just did the nana
|c| ezws|im actually the coolest kid in my school believe it or not
|c| IMBACKFROMPLUTO|you like Perry the Pickle
|c| Perry the Pickle|someone clipped that
|inactive|i'm back from mars has 120 seconds left.
|c| IMBACKFROMPLUTO|you may be the coolest in your school ezws, but not the coolest in the planet
|
|t:|1596575996
|switch|p2a: Quagsire|Quagsire, M|43/100
|-damage|p2a: Quagsire|37/100|[from] Stealth Rock
|move|p1a: Cinderace|Pyro Ball|p2a: Quagsire
|-resisted|p2a: Quagsire
|-damage|p2a: Quagsire|13/100
|
|-heal|p2a: Quagsire|19/100|[from] item: Leftovers
|upkeep
|turn|33
|c| Perry the Pickle|well that's because Pluto is not in ur school ezws
|
|t:|1596576002
|switch|p2a: Toxapex|Toxapex, M, shiny|68/100 brn
|-damage|p2a: Toxapex|56/100 brn|[from] Stealth Rock
|move|p1a: Cinderace|Pyro Ball|p2a: Toxapex
|-resisted|p2a: Toxapex
|-damage|p2a: Toxapex|35/100 brn
|
|-damage|p2a: Toxapex|29/100 brn|[from] brn
|-damage|p2a: Toxapex|16/100 brn|[from] item: Sticky Barb
|upkeep
|turn|34
|j| r/chonkers
|c| IMBACKFROMPLUTO|im the coolest in the planet
|j| Punset
|
|t:|1596576010
|move|p1a: Cinderace|Pyro Ball|p2a: Toxapex
|-resisted|p2a: Toxapex
|-damage|p2a: Toxapex|0 fnt
|faint|p2a: Toxapex
|
|upkeep
|c| IMBACKFROMPLUTO|exactly Perry the Pickle
|
|t:|1596576012
|switch|p2a: Mandibuzz|Mandibuzz, F, shiny|84/100
|-damage|p2a: Mandibuzz|59/100|[from] Stealth Rock
|turn|35
|
|t:|1596576029
|move|p1a: Cinderace|U-turn|p2a: Mandibuzz
|-start|p1a: Cinderace|typechange|Bug|[from] ability: Libero
|-damage|p2a: Mandibuzz|37/100
|c| nofakethekairi78|regular scizor wow
|c| IMBACKFROMPLUTO|it takes a lot of hard work to be as cool as me
|c| ezws|i'd just scrap him in the playground then i'd be the coolest again
|c| Perry the Pickle|omg pluto noticed me he's so cool
|
|t:|1596576039
|switch|p1a: Clefable|Clefable, M|91/100|[from]move: U-turn
|move|p2a: Mandibuzz|Roost|p2a: Mandibuzz
|-heal|p2a: Mandibuzz|87/100
|-singleturn|p2a: Mandibuzz|move: Roost
|
|upkeep
|turn|36
|
|t:|1596576042
|move|p2a: Mandibuzz|Defog|p1a: Clefable
|-unboost|p1a: Clefable|evasion|1
|-sideend|p2: i'm back from mars|Stealth Rock|[from] move: Defog|[of] p2a: Mandibuzz
|move|p1a: Clefable|Moonblast|p2a: Mandibuzz
|-supereffective|p2a: Mandibuzz
|-damage|p2a: Mandibuzz|33/100
|
|upkeep
|turn|37
|
|t:|1596576047
|move|p2a: Mandibuzz|Roost|p2a: Mandibuzz
|-heal|p2a: Mandibuzz|83/100
|-singleturn|p2a: Mandibuzz|move: Roost
|move|p1a: Clefable|Stealth Rock|p2a: Mandibuzz
|-sidestart|p2: i'm back from mars|move: Stealth Rock
|
|upkeep
|turn|38
|c| IMBACKFROMPLUTO|unfair ezws
|c| Perry the Pickle|u could never beat pluto
|c| IMBACKFROMPLUTO|exactly
|
|t:|1596576061
|switch|p2a: Mew|Mew|37/100
|-damage|p2a: Mew|25/100|[from] Stealth Rock
|move|p1a: Clefable|Moonblast|p2a: Mew
|-damage|p2a: Mew|0 fnt
|faint|p2a: Mew
|
|upkeep
|
|t:|1596576063
|switch|p2a: Kyurem|Kyurem|100/100
|-damage|p2a: Kyurem|76/100|[from] Stealth Rock
|-ability|p2a: Kyurem|Pressure
|turn|39
|c| IMBACKFROMPLUTO|Perry the Pickle knows the deal
|
|t:|1596576068
|move|p2a: Kyurem|Substitute|p2a: Kyurem
|-start|p2a: Kyurem|Substitute
|-damage|p2a: Kyurem|51/100
|move|p1a: Clefable|Moonblast|p2a: Kyurem
|-supereffective|p2a: Kyurem
|-end|p2a: Kyurem|Substitute
|
|upkeep
|turn|40
|
|t:|1596576071
|move|p2a: Kyurem|Roost|p2a: Kyurem
|-heal|p2a: Kyurem|100/100
|-singleturn|p2a: Kyurem|move: Roost
|move|p1a: Clefable|Moonblast|p2a: Kyurem
|-supereffective|p2a: Kyurem
|-damage|p2a: Kyurem|47/100
|
|upkeep
|turn|41
|
|t:|1596576074
|move|p2a: Kyurem|Roost|p2a: Kyurem
|-heal|p2a: Kyurem|97/100
|-singleturn|p2a: Kyurem|move: Roost
|move|p1a: Clefable|Moonblast|p2a: Kyurem
|-supereffective|p2a: Kyurem
|-damage|p2a: Kyurem|39/100
|
|upkeep
|turn|42
|
|t:|1596576087
|move|p2a: Kyurem|Roost|p2a: Kyurem
|-heal|p2a: Kyurem|89/100
|-singleturn|p2a: Kyurem|move: Roost
|move|p1a: Clefable|Moonblast|p2a: Kyurem
|-supereffective|p2a: Kyurem
|-damage|p2a: Kyurem|29/100
|
|upkeep
|turn|43
|
|t:|1596576092
|move|p2a: Kyurem|Roost|p2a: Kyurem
|-heal|p2a: Kyurem|80/100
|-singleturn|p2a: Kyurem|move: Roost
|move|p1a: Clefable|Moonblast|p2a: Kyurem
|-supereffective|p2a: Kyurem
|-damage|p2a: Kyurem|26/100
|
|upkeep
|turn|44
|c| nofakethekairi78|pee pee stall Pog
|c| ForrestAlola|Volcanionisgood you broke the stall
|c| ForrestAlola|genuinely impressed
|j| Treyvion
|
|t:|1596576115
|switch|p1a: Scizor|Scizor, M|8/100 par
|move|p2a: Kyurem|Icicle Spear|p1a: Scizor
|-resisted|p1a: Scizor
|-damage|p1a: Scizor|0 fnt
|-hitcount|p1a: Scizor|1
|faint|p1a: Scizor
|
|upkeep
|c| NameNotFoundError|thats cause they played it bad lmao
|
|t:|1596576119
|switch|p1a: Cinderace|Cinderace, M|6/100
|turn|45
|c| IMBACKFROMPLUTO|dont disrespect mars
|c| Perry the Pickle|yeah
|c| IMBACKFROMPLUTO|hes better than everyone in here
|c| Perry the Pickle|don't disrespect mars
|
|t:|1596576141
|switch|p2a: Quagsire|Quagsire, M|19/100
|-damage|p2a: Quagsire|13/100|[from] Stealth Rock
|move|p1a: Cinderace|Pyro Ball|p2a: Quagsire
|-resisted|p2a: Quagsire
|-damage|p2a: Quagsire|0 fnt
|faint|p2a: Quagsire
|
|upkeep
|c| IMBACKFROMPLUTO|im the second best
|c| Perry the Pickle|even u pluto?
|c| Perry the Pickle|nooo
|
|t:|1596576148
|switch|p2a: Mandibuzz|Mandibuzz, F, shiny|83/100
|-damage|p2a: Mandibuzz|58/100|[from] Stealth Rock
|turn|46
|
|t:|1596576150
|move|p1a: Cinderace|U-turn|p2a: Mandibuzz
|-start|p1a: Cinderace|typechange|Bug|[from] ability: Libero
|-damage|p2a: Mandibuzz|38/100
|
|t:|1596576152
|switch|p1a: Zeraora|Zeraora|100/100|[from]move: U-turn
|move|p2a: Mandibuzz|Roost|p2a: Mandibuzz
|-heal|p2a: Mandibuzz|88/100
|-singleturn|p2a: Mandibuzz|move: Roost
|
|upkeep
|turn|47
|c| IMBACKFROMPLUTO|yea, sadly
|c| Perry the Pickle|u're the best in my heart
|c| IMBACKFROMPLUTO|mars is stronger than me
|
|t:|1596576161
|move|p1a: Zeraora|Plasma Fists|p2a: Mandibuzz
|-supereffective|p2a: Mandibuzz
|-damage|p2a: Mandibuzz|37/100
|-fieldactivate|move: Ion Deluge
|move|p2a: Mandibuzz|Defog|p1a: Zeraora
|-unboost|p1a: Zeraora|evasion|1
|-sideend|p2: i'm back from mars|Stealth Rock|[from] move: Defog|[of] p2a: Mandibuzz
|
|upkeep
|turn|48
|c| IMBACKFROMPLUTO|ty Perry the Pickle
|c| Perry the Pickle|no
|
|t:|1596576169
|move|p1a: Zeraora|Plasma Fists|p2a: Mandibuzz
|-supereffective|p2a: Mandibuzz
|-damage|p2a: Mandibuzz|0 fnt
|-fieldactivate|move: Ion Deluge
|faint|p2a: Mandibuzz
|
|upkeep
|
|t:|1596576171
|switch|p2a: Chansey|Chansey, F|34/100
|turn|49
|
|t:|1596576173
|move|p1a: Zeraora|Plasma Fists|p2a: Chansey
|-damage|p2a: Chansey|2/100
|-fieldactivate|move: Ion Deluge
|move|p2a: Chansey|Soft-Boiled|p2a: Chansey
|-heal|p2a: Chansey|52/100
|
|upkeep
|turn|50
|
|t:|1596576179
|move|p1a: Zeraora|Knock Off|p2a: Chansey
|-damage|p2a: Chansey|33/100
|-enditem|p2a: Chansey|Eviolite|[from] move: Knock Off|[of] p1a: Zeraora
|move|p2a: Chansey|Soft-Boiled|p2a: Chansey
|-heal|p2a: Chansey|83/100
|
|upkeep
|turn|51
|
|t:|1596576184
|move|p1a: Zeraora|Plasma Fists|p2a: Chansey
|-damage|p2a: Chansey|35/100
|-fieldactivate|move: Ion Deluge
|move|p2a: Chansey|Soft-Boiled|p2a: Chansey
|-heal|p2a: Chansey|85/100
|
|upkeep
|turn|52
|
|t:|1596576189
|move|p1a: Zeraora|Plasma Fists|p2a: Chansey
|-damage|p2a: Chansey|37/100
|-fieldactivate|move: Ion Deluge
|move|p2a: Chansey|Soft-Boiled|p2a: Chansey
|-heal|p2a: Chansey|87/100
|
|upkeep
|turn|53
|
|t:|1596576194
|move|p1a: Zeraora|Plasma Fists|p2a: Chansey
|-damage|p2a: Chansey|39/100
|-fieldactivate|move: Ion Deluge
|move|p2a: Chansey|Seismic Toss|p1a: Zeraora
|-damage|p1a: Zeraora|69/100
|
|upkeep
|turn|54
|
|t:|1596576199
|move|p1a: Zeraora|Plasma Fists|p2a: Chansey
|-damage|p2a: Chansey|0 fnt
|-fieldactivate|move: Ion Deluge
|faint|p2a: Chansey
|
|upkeep
|c|☆i'm back from mars|gg
|
|t:|1596576202
|switch|p2a: Kyurem|Kyurem|26/100
|-ability|p2a: Kyurem|Pressure
|turn|55
|c|☆Volcanionisgood|gg
|c| IMBACKFROMPLUTO|chansey takes that pretty well without eviolite
|c| hbklj|gg
|
|t:|1596576206
|move|p1a: Zeraora|Knock Off|p2a: Kyurem
|-damage|p2a: Kyurem|0 fnt
|-enditem|p2a: Kyurem|Never-Melt Ice|[from] move: Knock Off|[of] p1a: Zeraora
|faint|p2a: Kyurem
|
|win|Volcanionisgood
|l| LadderSoTall
|l|☆i'm back from mars
|l| nofakethekairi78
|l| OUTU Hide And Seek
|c| Perry the Pickle|gg
|c| bro im|wp my guy
|l| Treyvion
|l| ezws
|l| hbklj
|l|☆Volcanionisgood
|l| NameNotFoundError
|l| IMBACKFROMPLUTO
|l| swadly122
|j| IMBACKFROMPLUTO
|l| bro im
|l| Punset
|l| r/chonkers
|l| TubaToot
|l| World Killer
|l| Perry the Pickle
|l| Heatah Knights
|l| OuNuzlocke
|j| Heatah Knights
|l| Heatah Knights
|j|☆Volcanionisgood
|player|p1|Volcanionisgood|burglar-gen1
|l| Cookieco
|l|☆Volcanionisgood
|player|p1|
|l| edentity
|j| fuck casuals
|l| IMBACKFROMPLUTO
|l| Mayor SATiRe
|l| fuck casuals
|l| AdmiralQQ
|l| danieII
