|j|☆damorush
|j|☆ramixi0596
|t:|1659102977
|gametype|singles
|player|p1|damorush|265|1654
|player|p2|ramixi0596|candice|1598
|teamsize|p1|6
|teamsize|p2|6
|gen|8
|tier|[Gen 8] OU
|rated|
|rule|Sleep Clause Mod: Limit one foe put to sleep
|rule|Species Clause: Limit one of each Pokémon
|rule|OHKO Clause: OHKO moves are banned
|rule|Evasion Moves Clause: Evasion moves are banned
|rule|Endless Battle Clause: Forcing endless battles is banned
|rule|HP Percentage Mod: HP is shown in percentages
|rule|Dynamax Clause: You cannot dynamax
|clearpoke
|poke|p1|Nidoking, M|
|poke|p1|Hydreigon, M|
|poke|p1|Melmetal|
|poke|p1|Volcarona, F|
|poke|p1|Urshifu-*, M|
|poke|p1|Dragapult, M|
|poke|p2|Weavile, F|
|poke|p2|Urshifu-*, M|
|poke|p2|Slowking-Galar, F|
|poke|p2|Corviknight, F|
|poke|p2|Gastrodon, F|
|poke|p2|Clefable, M|
|teampreview
|inactive|Battle timer is ON: inactive players will automatically lose when time's up. (requested by ramixi0596)
|
|t:|1659102986
|start
|switch|p1a: Nidoking|Nidoking, M|100/100
|switch|p2a: Clefable|Clefable, M|100/100
|turn|1
|
|t:|1659102995
|switch|p2a: Gastrodon|Gastrodon, F|100/100
|move|p1a: Nidoking|Stealth Rock|p2a: Gastrodon
|-sidestart|p2: ramixi0596|move: Stealth Rock
|
|upkeep
|turn|2
|inactive|ramixi0596 has 120 seconds left.
|
|t:|1659103033
|switch|p1a: Urshifu|Urshifu-Rapid-Strike, M|100/100
|move|p2a: Gastrodon|Toxic|p1a: Urshifu
|-status|p1a: Urshifu|tox
|
|-damage|p1a: Urshifu|94/100 tox|[from] psn
|upkeep
|turn|3
|inactive|ramixi0596 has 120 seconds left.
|
|t:|1659103043
|switch|p2a: Clefable|Clefable, M|100/100
|move|p1a: Urshifu|U-turn|p2a: Clefable
|-resisted|p2a: Clefable
|-damage|p2a: Clefable|87/100
|
|t:|1659103049
|switch|p1a: Nidoking|Nidoking, M|100/100|[from]move: U-turn
|
|upkeep
|turn|4
|
|t:|1659103055
|switch|p2a: Gastrodon|Gastrodon, F|100/100
|-damage|p2a: Gastrodon|94/100|[from] Stealth Rock
|move|p1a: Nidoking|Earth Power|p2a: Gastrodon
|-damage|p2a: Gastrodon|56/100
|
|-heal|p2a: Gastrodon|62/100|[from] item: Leftovers
|upkeep
|turn|5
|
|t:|1659103068
|switch|p1a: Urshifu|Urshifu-Rapid-Strike, M|94/100 tox
|move|p2a: Gastrodon|Recover|p2a: Gastrodon
|-heal|p2a: Gastrodon|100/100
|
|-damage|p1a: Urshifu|88/100 tox|[from] psn
|upkeep
|turn|6
|
|t:|1659103075
|move|p1a: Urshifu|U-turn|p2a: Gastrodon
|-damage|p2a: Gastrodon|64/100
|
|t:|1659103079
|switch|p1a: Melmetal|Melmetal|100/100|[from]move: U-turn
|move|p2a: Gastrodon|Recover|p2a: Gastrodon
|-heal|p2a: Gastrodon|100/100
|
|upkeep
|turn|7
|
|t:|1659103086
|move|p1a: Melmetal|Double Iron Bash|p2a: Gastrodon
|-resisted|p2a: Gastrodon
|-damage|p2a: Gastrodon|75/100
|-resisted|p2a: Gastrodon
|-damage|p2a: Gastrodon|52/100
|-hitcount|p2a: Gastrodon|2
|cant|p2a: Gastrodon|flinch
|
|-heal|p2a: Gastrodon|58/100|[from] item: Leftovers
|upkeep
|turn|8
|
|t:|1659103096
|move|p1a: Melmetal|Thunder Wave|p2a: Gastrodon
|-immune|p2a: Gastrodon
|move|p2a: Gastrodon|Recover|p2a: Gastrodon
|-heal|p2a: Gastrodon|100/100
|
|upkeep
|turn|9
|
|t:|1659103102
|move|p1a: Melmetal|Double Iron Bash|p2a: Gastrodon
|-resisted|p2a: Gastrodon
|-damage|p2a: Gastrodon|77/100
|-resisted|p2a: Gastrodon
|-damage|p2a: Gastrodon|53/100
|-hitcount|p2a: Gastrodon|2
|move|p2a: Gastrodon|Scald|p1a: Melmetal
|-damage|p1a: Melmetal|71/100
|
|-heal|p2a: Gastrodon|60/100|[from] item: Leftovers
|upkeep
|turn|10
|
|t:|1659103111
|move|p1a: Melmetal|Double Iron Bash|p2a: Gastrodon
|-resisted|p2a: Gastrodon
|-damage|p2a: Gastrodon|34/100
|-resisted|p2a: Gastrodon
|-damage|p2a: Gastrodon|9/100
|-hitcount|p2a: Gastrodon|2
|cant|p2a: Gastrodon|flinch
|
|-heal|p2a: Gastrodon|16/100|[from] item: Leftovers
|upkeep
|turn|11
|
|t:|1659103124
|move|p1a: Melmetal|Double Iron Bash|p2a: Gastrodon
|-resisted|p2a: Gastrodon
|-damage|p2a: Gastrodon|0 fnt
|faint|p2a: Gastrodon
|-hitcount|p2: Gastrodon|1
|
|upkeep
|
|t:|1659103136
|switch|p2a: Urshifu|Urshifu-Rapid-Strike, M|100/100
|-damage|p2a: Urshifu|94/100|[from] Stealth Rock
|turn|12
|
|t:|1659103141
|move|p2a: Urshifu|U-turn|p1a: Melmetal
|-resisted|p1a: Melmetal
|-damage|p1a: Melmetal|60/100
|
|t:|1659103143
|switch|p2a: Corviknight|Corviknight, F|100/100|[from]move: U-turn
|-damage|p2a: Corviknight|88/100|[from] Stealth Rock
|-ability|p2a: Corviknight|Pressure
|move|p1a: Melmetal|Thunder Punch|p2a: Corviknight
|-supereffective|p2a: Corviknight
|-damage|p2a: Corviknight|43/100
|
|-heal|p2a: Corviknight|49/100|[from] item: Leftovers
|upkeep
|turn|13
|
|t:|1659103153
|move|p2a: Corviknight|Roost|p2a: Corviknight
|-heal|p2a: Corviknight|99/100
|-singleturn|p2a: Corviknight|move: Roost
|move|p1a: Melmetal|Thunder Wave|p2a: Corviknight
|-status|p2a: Corviknight|par
|
|-heal|p2a: Corviknight|100/100 par|[from] item: Leftovers
|upkeep
|turn|14
|
|t:|1659103162
|move|p1a: Melmetal|Thunder Punch|p2a: Corviknight
|-supereffective|p2a: Corviknight
|-damage|p2a: Corviknight|53/100 par
|cant|p2a: Corviknight|par
|
|-heal|p2a: Corviknight|59/100 par|[from] item: Leftovers
|upkeep
|turn|15
|
|t:|1659103171
|move|p1a: Melmetal|Earthquake|p2a: Corviknight
|-immune|p2a: Corviknight
|move|p2a: Corviknight|U-turn|p1a: Melmetal
|-resisted|p1a: Melmetal
|-damage|p1a: Melmetal|56/100
|
|t:|1659103175
|switch|p2a: Urshifu|Urshifu-Rapid-Strike, M|94/100|[from]move: U-turn
|-damage|p2a: Urshifu|88/100|[from] Stealth Rock
|
|upkeep
|turn|16
|
|t:|1659103181
|switch|p1a: Dragapult|Dragapult, M|100/100
|move|p2a: Urshifu|Surging Strikes|p1a: Dragapult
|-resisted|p1a: Dragapult
|-crit|p1a: Dragapult
|-damage|p1a: Dragapult|79/100
|-resisted|p1a: Dragapult
|-crit|p1a: Dragapult
|-damage|p1a: Dragapult|59/100
|-resisted|p1a: Dragapult
|-crit|p1a: Dragapult
|-damage|p1a: Dragapult|37/100
|-hitcount|p1a: Dragapult|3
|
|upkeep
|turn|17
|
|t:|1659103198
|switch|p2a: Clefable|Clefable, M|87/100
|move|p1a: Dragapult|Shadow Ball|p2a: Clefable
|-damage|p2a: Clefable|33/100
|
|upkeep
|turn|18
|
|t:|1659103204
|switch|p2a: Weavile|Weavile, F|100/100
|-ability|p2a: Weavile|Pressure
|move|p1a: Dragapult|Shadow Ball|p2a: Weavile
|-resisted|p2a: Weavile
|-damage|p2a: Weavile|57/100
|-unboost|p2a: Weavile|spd|1
|
|upkeep
|turn|19
|
|t:|1659103219
|switch|p1a: Melmetal|Melmetal|56/100
|move|p2a: Weavile|Knock Off|p1a: Melmetal
|-damage|p1a: Melmetal|27/100
|-enditem|p1a: Melmetal|Protective Pads|[from] move: Knock Off|[of] p2a: Weavile
|
|upkeep
|turn|20
|
|t:|1659103227
|switch|p2a: Corviknight|Corviknight, F|59/100 par
|-damage|p2a: Corviknight|47/100 par|[from] Stealth Rock
|-ability|p2a: Corviknight|Pressure
|move|p1a: Melmetal|Double Iron Bash|p2a: Corviknight
|-resisted|p2a: Corviknight
|-damage|p2a: Corviknight|33/100 par
|-resisted|p2a: Corviknight
|-damage|p2a: Corviknight|19/100 par
|-hitcount|p2a: Corviknight|2
|
|-heal|p2a: Corviknight|25/100 par|[from] item: Leftovers
|upkeep
|turn|21
|
|t:|1659103238
|move|p1a: Melmetal|Thunder Punch|p2a: Corviknight
|-supereffective|p2a: Corviknight
|-damage|p2a: Corviknight|0 fnt
|faint|p2a: Corviknight
|
|upkeep
|
|t:|1659103251
|switch|p2a: Urshifu|Urshifu-Rapid-Strike, M|88/100
|-damage|p2a: Urshifu|82/100|[from] Stealth Rock
|turn|22
|
|t:|1659103254
|move|p2a: Urshifu|Surging Strikes|p1a: Melmetal
|-crit|p1a: Melmetal
|-damage|p1a: Melmetal|9/100
|-crit|p1a: Melmetal
|-damage|p1a: Melmetal|0 fnt
|faint|p1a: Melmetal
|-hitcount|p1: Melmetal|2
|
|upkeep
|
|t:|1659103264
|switch|p1a: Dragapult|Dragapult, M|37/100
|turn|23
|
|t:|1659103276
|move|p1a: Dragapult|U-turn|p2a: Urshifu
|-resisted|p2a: Urshifu
|-damage|p2a: Urshifu|73/100
|
|t:|1659103279
|switch|p1a: Hydreigon|Hydreigon, M|100/100|[from]move: U-turn
|move|p2a: Urshifu|Surging Strikes|p1a: Hydreigon
|-resisted|p1a: Hydreigon
|-crit|p1a: Hydreigon
|-damage|p1a: Hydreigon|82/100
|-resisted|p1a: Hydreigon
|-crit|p1a: Hydreigon
|-damage|p1a: Hydreigon|66/100
|-resisted|p1a: Hydreigon
|-crit|p1a: Hydreigon
|-damage|p1a: Hydreigon|51/100
|-hitcount|p1a: Hydreigon|3
|
|upkeep
|turn|24
|
|t:|1659103290
|move|p1a: Hydreigon|U-turn|p2a: Urshifu
|-resisted|p2a: Urshifu
|-damage|p2a: Urshifu|66/100
|
|t:|1659103295
|switch|p1a: Urshifu|Urshifu-Rapid-Strike, M|88/100 tox|[from]move: U-turn
|move|p2a: Urshifu|Surging Strikes|p1a: Urshifu
|-resisted|p1a: Urshifu
|-crit|p1a: Urshifu
|-damage|p1a: Urshifu|73/100 tox
|-resisted|p1a: Urshifu
|-crit|p1a: Urshifu
|-damage|p1a: Urshifu|59/100 tox
|-resisted|p1a: Urshifu
|-crit|p1a: Urshifu
|-damage|p1a: Urshifu|44/100 tox
|-hitcount|p1a: Urshifu|3
|
|-damage|p1a: Urshifu|38/100 tox|[from] psn
|upkeep
|turn|25
|
|t:|1659103319
|switch|p2a: Slowking|Slowking-Galar, F|100/100
|-damage|p2a: Slowking|88/100|[from] Stealth Rock
|move|p1a: Urshifu|Close Combat|p2a: Slowking
|-resisted|p2a: Slowking
|-damage|p2a: Slowking|66/100
|-unboost|p1a: Urshifu|def|1
|-unboost|p1a: Urshifu|spd|1
|
|-damage|p1a: Urshifu|26/100 tox|[from] psn
|upkeep
|turn|26
|
|t:|1659103332
|switch|p1a: Nidoking|Nidoking, M|100/100
|move|p2a: Slowking|Future Sight|p1a: Nidoking
|-start|p2a: Slowking|move: Future Sight
|
|upkeep
|turn|27
|
|t:|1659103339
|move|p1a: Nidoking|Earth Power|p2a: Slowking
|-supereffective|p2a: Slowking
|-damage|p2a: Slowking|0 fnt
|faint|p2a: Slowking
|
|upkeep
|
|t:|1659103353
|switch|p2a: Urshifu|Urshifu-Rapid-Strike, M|66/100
|-damage|p2a: Urshifu|59/100|[from] Stealth Rock
|turn|28
|
|t:|1659103358
|move|p2a: Urshifu|Surging Strikes|p1a: Nidoking
|-supereffective|p1a: Nidoking
|-crit|p1a: Nidoking
|-damage|p1a: Nidoking|11/100
|-supereffective|p1a: Nidoking
|-crit|p1a: Nidoking
|-damage|p1a: Nidoking|0 fnt
|faint|p1a: Nidoking
|-hitcount|p1: Nidoking|2
|
|-hint|Future Sight did not hit because the target is fainted.
|upkeep
|
|t:|1659103367
|switch|p1a: Dragapult|Dragapult, M|37/100
|turn|29
|
|t:|1659103372
|switch|p2a: Clefable|Clefable, M|33/100
|move|p1a: Dragapult|Shadow Ball|p2a: Clefable
|-damage|p2a: Clefable|0 fnt
|faint|p2a: Clefable
|
|upkeep
|
|t:|1659103374
|switch|p2a: Weavile|Weavile, F|57/100
|-ability|p2a: Weavile|Pressure
|turn|30
|
|t:|1659103383
|move|p1a: Dragapult|Shadow Ball|p2a: Weavile
|-resisted|p2a: Weavile
|-damage|p2a: Weavile|15/100
|move|p2a: Weavile|Swords Dance|p2a: Weavile
|-boost|p2a: Weavile|atk|2
|
|upkeep
|turn|31
|
|t:|1659103391
|move|p2a: Weavile|Ice Shard|p1a: Dragapult
|-supereffective|p1a: Dragapult
|-damage|p1a: Dragapult|0 fnt
|faint|p1a: Dragapult
|
|upkeep
|
|t:|1659103396
|switch|p1a: Urshifu|Urshifu-Rapid-Strike, M|26/100 tox
|turn|32
|
|t:|1659103405
|switch|p2a: Urshifu|Urshifu-Rapid-Strike, M|59/100
|-damage|p2a: Urshifu|53/100|[from] Stealth Rock
|move|p1a: Urshifu|Aqua Jet|p2a: Urshifu
|-resisted|p2a: Urshifu
|-damage|p2a: Urshifu|38/100
|
|-damage|p1a: Urshifu|20/100 tox|[from] psn
|upkeep
|turn|33
|
|t:|1659103416
|switch|p1a: Hydreigon|Hydreigon, M|51/100
|move|p2a: Urshifu|Close Combat|p1a: Hydreigon
|-supereffective|p1a: Hydreigon
|-damage|p1a: Hydreigon|0 fnt
|-unboost|p2a: Urshifu|def|1
|-unboost|p2a: Urshifu|spd|1
|faint|p1a: Hydreigon
|
|upkeep
|
|t:|1659103425
|switch|p1a: Volcarona|Volcarona, F|100/100
|turn|34
|
|t:|1659103434
|move|p2a: Urshifu|Close Combat|p1a: Volcarona
|-resisted|p1a: Volcarona
|-damage|p1a: Volcarona|27/100
|-unboost|p2a: Urshifu|def|1
|-unboost|p2a: Urshifu|spd|1
|move|p1a: Volcarona|Bug Buzz|p2a: Urshifu
|-resisted|p2a: Urshifu
|-damage|p2a: Urshifu|0 fnt
|faint|p2a: Urshifu
|
|upkeep
|
|t:|1659103438
|switch|p2a: Weavile|Weavile, F|15/100
|-ability|p2a: Weavile|Pressure
|turn|35
|
|t:|1659103447
|move|p2a: Weavile|Knock Off|p1a: Volcarona
|-damage|p1a: Volcarona|0 fnt
|-enditem|p1a: Volcarona|Heavy-Duty Boots|[from] move: Knock Off|[of] p2a: Weavile
|faint|p1a: Volcarona
|
|upkeep
|
|t:|1659103452
|switch|p1a: Urshifu|Urshifu-Rapid-Strike, M|20/100 tox
|turn|36
|
|t:|1659103457
|move|p2a: Weavile|Ice Shard|p1a: Urshifu
|-resisted|p1a: Urshifu
|-damage|p1a: Urshifu|10/100 tox
|move|p1a: Urshifu|Aqua Jet|p2a: Weavile
|-damage|p2a: Weavile|0 fnt
|faint|p2a: Weavile
|
|win|damorush
|raw|damorush's rating: 1654 &rarr; <strong>1671</strong><br />(+17 for winning)
|raw|ramixi0596's rating: 1598 &rarr; <strong>1581</strong><br />(-17 for losing)
