|html|<div class="broadcast-blue"><strong>[Gen 8] OU is currently suspecting Melmetal! For information on how to participate check out the <a href="https://www.smogon.com/forums/threads/np-ss-ou-suspect-process-round-12-monster-mash.3709234/">suspect thread</a>.</strong></div>
|j|☆minimax_ai
|j|☆Stads
|t:|1666197458
|gametype|singles
|player|p1|minimax_ai|lusamine-nihilego|1625
|player|p2|Stads|102|1639
|teamsize|p1|6
|teamsize|p2|6
|gen|8
|tier|[Gen 8] OU
|rated|
|rule|Sleep Clause Mod: Limit one foe put to sleep
|rule|Species Clause: Limit one of each Pokémon
|rule|OHKO Clause: OHKO moves are banned
|rule|Evasion Items Clause: Evasion items are banned
|rule|Evasion Moves Clause: Evasion moves are banned
|rule|Endless Battle Clause: Forcing endless battles is banned
|rule|HP Percentage Mod: HP is shown in percentages
|rule|Dynamax Clause: You cannot dynamax
|clearpoke
|poke|p1|Rotom-Wash|
|poke|p1|Weavile, F|
|poke|p1|Landorus-Therian, M|
|poke|p1|Heatran, M|
|poke|p1|Tangrowth, F|
|poke|p1|Melmetal|
|poke|p2|Pelipper, F|
|poke|p2|Barraskewda, M|
|poke|p2|Regieleki|
|poke|p2|Tapu Lele|
|poke|p2|Landorus-Therian, M|
|poke|p2|Ferrothorn, M|
|teampreview
|c|☆minimax_ai|hf
|inactive|Battle timer is ON: inactive players will automatically lose when time's up. (requested by minimax_ai)
|
|t:|1666197467
|start
|switch|p1a: landorustherian|Landorus-Therian, M|100/100
|switch|p2a: Ferrothorn|Ferrothorn, M|100/100
|-ability|p1a: landorustherian|Intimidate|boost
|-unboost|p2a: Ferrothorn|atk|1
|turn|1
|
|t:|1666197469
|move|p1a: landorustherian|U-turn|p2a: Ferrothorn
|-damage|p2a: Ferrothorn|85/100
|-damage|p1a: landorustherian|88/100|[from] ability: Iron Barbs|[of] p2a: Ferrothorn
|
|t:|1666197469
|switch|p1a: Heatran|Heatran, M|100/100|[from]move: U-turn
|-item|p1a: Heatran|Air Balloon
|move|p2a: Ferrothorn|Knock Off|p1a: Heatran
|-damage|p1a: Heatran|87/100
|-enditem|p1a: Heatran|Air Balloon
|
|-heal|p2a: Ferrothorn|91/100|[from] item: Leftovers
|upkeep
|turn|2
|
|t:|1666197475
|switch|p2a: Pelipper|Pelipper, F|100/100
|-weather|RainDance|[from] ability: Drizzle|[of] p2a: Pelipper
|move|p1a: Heatran|Stealth Rock|p2a: Pelipper
|-sidestart|p2: Stads|move: Stealth Rock
|
|-weather|RainDance|[upkeep]
|upkeep
|turn|3
|
|t:|1666197477
|switch|p1a: rotomwash|Rotom-Wash|100/100
|move|p2a: Pelipper|Weather Ball|p1a: rotomwash
|-resisted|p1a: rotomwash
|-damage|p1a: rotomwash|45/100
|
|-weather|RainDance|[upkeep]
|-heal|p1a: rotomwash|51/100|[from] item: Leftovers
|upkeep
|turn|4
|
|t:|1666197482
|move|p1a: rotomwash|Pain Split|p2a: Pelipper
|-sethp|p2a: Pelipper|80/100|[from] move: Pain Split|[silent]
|-sethp|p1a: rotomwash|69/100|[from] move: Pain Split
|move|p2a: Pelipper|Weather Ball|p1a: rotomwash
|-resisted|p1a: rotomwash
|-damage|p1a: rotomwash|17/100
|
|-weather|RainDance|[upkeep]
|-heal|p1a: rotomwash|23/100|[from] item: Leftovers
|upkeep
|turn|5
|
|t:|1666197486
|switch|p2a: Landorus|Landorus-Therian, M|100/100
|-damage|p2a: Landorus|88/100|[from] Stealth Rock
|-ability|p2a: Landorus|Intimidate|boost
|-unboost|p1a: rotomwash|atk|1
|move|p1a: rotomwash|Thunderbolt|p2a: Landorus
|-immune|p2a: Landorus
|
|-weather|RainDance|[upkeep]
|-heal|p1a: rotomwash|29/100|[from] item: Leftovers
|-heal|p2a: Landorus|94/100|[from] item: Leftovers
|upkeep
|turn|6
|
|t:|1666197504
|switch|p2a: Ferrothorn|Ferrothorn, M|91/100
|-damage|p2a: Ferrothorn|85/100|[from] Stealth Rock
|move|p1a: rotomwash|Pain Split|p2a: Ferrothorn
|-sethp|p2a: Ferrothorn|55/100|[from] move: Pain Split|[silent]
|-sethp|p1a: rotomwash|64/100|[from] move: Pain Split
|
|-weather|none
|-heal|p1a: rotomwash|70/100|[from] item: Leftovers
|-heal|p2a: Ferrothorn|61/100|[from] item: Leftovers
|upkeep
|turn|7
|
|t:|1666197506
|switch|p1a: Heatran|Heatran, M|87/100
|move|p2a: Ferrothorn|Leech Seed|p1a: Heatran
|-start|p1a: Heatran|move: Leech Seed
|
|-heal|p2a: Ferrothorn|67/100|[from] item: Leftovers
|-damage|p1a: Heatran|75/100|[from] Leech Seed|[of] p2a: Ferrothorn
|-heal|p2a: Ferrothorn|79/100|[silent]
|upkeep
|turn|8
|
|t:|1666197509
|switch|p2a: Landorus|Landorus-Therian, M|94/100
|-damage|p2a: Landorus|82/100|[from] Stealth Rock
|-ability|p2a: Landorus|Intimidate|boost
|-unboost|p1a: Heatran|atk|1
|move|p1a: Heatran|Magma Storm|p2a: Landorus|[miss]
|-miss|p1a: Heatran|p2a: Landorus
|
|-heal|p2a: Landorus|88/100|[from] item: Leftovers
|-damage|p1a: Heatran|62/100|[from] Leech Seed|[of] p2a: Landorus
|-heal|p2a: Landorus|98/100|[silent]
|upkeep
|turn|9
|
|t:|1666197512
|switch|p1a: rotomwash|Rotom-Wash|70/100
|move|p2a: Landorus|Stealth Rock|p1a: rotomwash
|-sidestart|p1: minimax_ai|move: Stealth Rock
|
|-heal|p1a: rotomwash|76/100|[from] item: Leftovers
|-heal|p2a: Landorus|100/100|[from] item: Leftovers
|upkeep
|turn|10
|
|t:|1666197518
|move|p1a: rotomwash|Hydro Pump|p2a: Landorus
|-supereffective|p2a: Landorus
|-damage|p2a: Landorus|26/100
|move|p2a: Landorus|Toxic|p1a: rotomwash
|-status|p1a: rotomwash|tox
|
|-heal|p1a: rotomwash|82/100 tox|[from] item: Leftovers
|-heal|p2a: Landorus|33/100|[from] item: Leftovers
|-damage|p1a: rotomwash|76/100 tox|[from] psn
|upkeep
|turn|11
|
|t:|1666197521
|switch|p1a: landorustherian|Landorus-Therian, M|88/100
|-damage|p1a: landorustherian|76/100|[from] Stealth Rock
|-ability|p1a: landorustherian|Intimidate|boost
|-unboost|p2a: Landorus|atk|1
|switch|p2a: Ferrothorn|Ferrothorn, M|79/100
|-damage|p2a: Ferrothorn|73/100|[from] Stealth Rock
|
|-heal|p1a: landorustherian|82/100|[from] item: Leftovers
|-heal|p2a: Ferrothorn|79/100|[from] item: Leftovers
|upkeep
|turn|12
|
|t:|1666197523
|move|p1a: landorustherian|Earthquake|p2a: Ferrothorn
|-damage|p2a: Ferrothorn|44/100
|move|p2a: Ferrothorn|Leech Seed|p1a: landorustherian
|-start|p1a: landorustherian|move: Leech Seed
|
|-heal|p1a: landorustherian|88/100|[from] item: Leftovers
|-heal|p2a: Ferrothorn|50/100|[from] item: Leftovers
|-damage|p1a: landorustherian|76/100|[from] Leech Seed|[of] p2a: Ferrothorn
|-heal|p2a: Ferrothorn|64/100|[silent]
|upkeep
|turn|13
|
|t:|1666197527
|move|p1a: landorustherian|U-turn|p2a: Ferrothorn
|-damage|p2a: Ferrothorn|49/100
|-damage|p1a: landorustherian|63/100|[from] ability: Iron Barbs|[of] p2a: Ferrothorn
|
|t:|1666197527
|switch|p1a: Heatran|Heatran, M|62/100|[from]move: U-turn
|-damage|p1a: Heatran|50/100|[from] Stealth Rock
|move|p2a: Ferrothorn|Knock Off|p1a: Heatran
|-damage|p1a: Heatran|35/100
|
|-heal|p2a: Ferrothorn|55/100|[from] item: Leftovers
|upkeep
|turn|14
|
|t:|1666197534
|switch|p2a: Barraskewda|Barraskewda, M|100/100
|-damage|p2a: Barraskewda|88/100|[from] Stealth Rock
|move|p1a: Heatran|Magma Storm|p2a: Barraskewda
|-resisted|p2a: Barraskewda
|-damage|p2a: Barraskewda|32/100
|-activate|p2a: Barraskewda|move: Magma Storm|[of] p1a: Heatran
|
|-damage|p2a: Barraskewda|20/100|[from] move: Magma Storm|[partiallytrapped]
|upkeep
|turn|15
|
|t:|1666197537
|switch|p1a: Tangrowth|Tangrowth, F|100/100
|-damage|p1a: Tangrowth|88/100|[from] Stealth Rock
|move|p2a: Barraskewda|Flip Turn|p1a: Tangrowth
|-resisted|p1a: Tangrowth
|-damage|p1a: Tangrowth|75/100
|-damage|p2a: Barraskewda|3/100|[from] item: Rocky Helmet|[of] p1a: Tangrowth
|
|t:|1666197542
|switch|p2a: Pelipper|Pelipper, F|80/100|[from]move: Flip Turn
|-damage|p2a: Pelipper|55/100|[from] Stealth Rock
|-weather|RainDance|[from] ability: Drizzle|[of] p2a: Pelipper
|
|-weather|RainDance|[upkeep]
|upkeep
|turn|16
|
|t:|1666197543
|switch|p1a: rotomwash|Rotom-Wash|76/100 tox
|-damage|p1a: rotomwash|64/100 tox|[from] Stealth Rock
|move|p2a: Pelipper|Hurricane|p1a: rotomwash
|-resisted|p1a: rotomwash
|-damage|p1a: rotomwash|27/100 tox
|
|-weather|RainDance|[upkeep]
|-heal|p1a: rotomwash|33/100 tox|[from] item: Leftovers
|-damage|p1a: rotomwash|27/100 tox|[from] psn
|upkeep
|turn|17
|
|t:|1666197547
|switch|p2a: Barraskewda|Barraskewda, M|3/100
|-damage|p2a: Barraskewda|0 fnt|[from] Stealth Rock
|faint|p2a: Barraskewda
|move|p1a: rotomwash|Hydro Pump|p2: Barraskewda|[notarget]
|-fail|p1a: rotomwash
|
|-weather|RainDance|[upkeep]
|-heal|p1a: rotomwash|33/100 tox|[from] item: Leftovers
|-damage|p1a: rotomwash|21/100 tox|[from] psn
|upkeep
|
|t:|1666197550
|switch|p2a: Tapu Lele|Tapu Lele|100/100
|-damage|p2a: Tapu Lele|88/100|[from] Stealth Rock
|-fieldstart|move: Psychic Terrain|[from] ability: Psychic Surge|[of] p2a: Tapu Lele
|turn|18
|
|t:|1666197552
|switch|p1a: Melmetal|Melmetal|100/100
|-damage|p1a: Melmetal|94/100|[from] Stealth Rock
|move|p2a: Tapu Lele|Psyshock|p1a: Melmetal
|-resisted|p1a: Melmetal
|-damage|p1a: Melmetal|79/100
|
|-weather|RainDance|[upkeep]
|upkeep
|turn|19
|
|t:|1666197554
|switch|p2a: Ferrothorn|Ferrothorn, M|55/100
|-damage|p2a: Ferrothorn|49/100|[from] Stealth Rock
|move|p1a: Melmetal|Double Iron Bash|p2a: Ferrothorn
|-resisted|p2a: Ferrothorn
|-damage|p2a: Ferrothorn|35/100
|-damage|p1a: Melmetal|66/100|[from] ability: Iron Barbs|[of] p2a: Ferrothorn
|-resisted|p2a: Ferrothorn
|-damage|p2a: Ferrothorn|21/100
|-damage|p1a: Melmetal|54/100|[from] ability: Iron Barbs|[of] p2a: Ferrothorn
|-hitcount|p2a: Ferrothorn|2
|
|-weather|none
|-heal|p2a: Ferrothorn|27/100|[from] item: Leftovers
|upkeep
|turn|20
|
|t:|1666197557
|move|p1a: Melmetal|Double Iron Bash|p2a: Ferrothorn
|-resisted|p2a: Ferrothorn
|-damage|p2a: Ferrothorn|13/100
|-damage|p1a: Melmetal|41/100|[from] ability: Iron Barbs|[of] p2a: Ferrothorn
|-resisted|p2a: Ferrothorn
|-damage|p2a: Ferrothorn|0 fnt
|-damage|p1a: Melmetal|29/100|[from] ability: Iron Barbs|[of] p2a: Ferrothorn
|faint|p2a: Ferrothorn
|-hitcount|p2: Ferrothorn|2
|
|upkeep
|
|t:|1666197566
|switch|p2a: Pelipper|Pelipper, F|55/100
|-damage|p2a: Pelipper|30/100|[from] Stealth Rock
|-weather|RainDance|[from] ability: Drizzle|[of] p2a: Pelipper
|turn|21
|
|t:|1666197570
|switch|p1a: rotomwash|Rotom-Wash|21/100 tox
|-damage|p1a: rotomwash|8/100 tox|[from] Stealth Rock
|move|p2a: Pelipper|Surf|p1a: rotomwash
|-resisted|p1a: rotomwash
|-crit|p1a: rotomwash
|-damage|p1a: rotomwash|0 fnt
|faint|p1a: rotomwash
|
|-weather|RainDance|[upkeep]
|upkeep
|
|t:|1666197570
|switch|p1a: Weavile|Weavile, F|100/100
|-damage|p1a: Weavile|76/100|[from] Stealth Rock
|-ability|p1a: Weavile|Pressure
|turn|22
|
|t:|1666197574
|move|p1a: Weavile|Triple Axel|p2a: Pelipper
|-damage|p2a: Pelipper|11/100
|-damage|p2a: Pelipper|0 fnt
|faint|p2a: Pelipper
|-hitcount|p2: Pelipper|2
|
|-weather|RainDance|[upkeep]
|-fieldend|move: Psychic Terrain
|upkeep
|
|t:|1666197575
|switch|p2a: Regieleki|Regieleki|100/100
|turn|23
|
|t:|1666197576
|move|p2a: Regieleki|Rapid Spin|p1a: Weavile
|-damage|p1a: Weavile|56/100
|-boost|p2a: Regieleki|spe|1
|-sideend|p2: Stads|Stealth Rock|[from] move: Rapid Spin|[of] p2a: Regieleki
|move|p1a: Weavile|Triple Axel|p2a: Regieleki|[miss]
|-miss|p1a: Weavile|p2a: Regieleki
|
|-weather|RainDance|[upkeep]
|upkeep
|turn|24
|
|t:|1666197581
|switch|p1a: landorustherian|Landorus-Therian, M|63/100
|-damage|p1a: landorustherian|51/100|[from] Stealth Rock
|-ability|p1a: landorustherian|Intimidate|boost
|-unboost|p2a: Regieleki|atk|1
|move|p2a: Regieleki|Ancient Power|p1a: landorustherian
|-damage|p1a: landorustherian|39/100
|
|-weather|RainDance|[upkeep]
|-heal|p1a: landorustherian|45/100|[from] item: Leftovers
|upkeep
|turn|25
|
|t:|1666197584
|switch|p2a: Landorus|Landorus-Therian, M|33/100
|-ability|p2a: Landorus|Intimidate|boost
|-unboost|p1a: landorustherian|atk|1
|move|p1a: landorustherian|Defog|p2a: Landorus
|-unboost|p2a: Landorus|evasion|1
|-sideend|p1: minimax_ai|Stealth Rock|[from] move: Defog|[of] p1a: landorustherian
|
|-weather|none
|-heal|p1a: landorustherian|51/100|[from] item: Leftovers
|-heal|p2a: Landorus|39/100|[from] item: Leftovers
|upkeep
|turn|26
|
|t:|1666197587
|move|p1a: landorustherian|U-turn|p2a: Landorus
|-resisted|p2a: Landorus
|-damage|p2a: Landorus|32/100
|
|t:|1666197587
|switch|p1a: Tangrowth|Tangrowth, F|100/100|[from]move: U-turn
|move|p2a: Landorus|Stealth Rock|p1a: Tangrowth
|-sidestart|p1: minimax_ai|move: Stealth Rock
|
|-heal|p2a: Landorus|38/100|[from] item: Leftovers
|upkeep
|turn|27
|
|t:|1666197591
|move|p2a: Landorus|Toxic|p1a: Tangrowth
|-status|p1a: Tangrowth|tox
|move|p1a: Tangrowth|Sleep Powder|p2a: Landorus
|-status|p2a: Landorus|slp|[from] move: Sleep Powder
|
|-heal|p2a: Landorus|44/100 slp|[from] item: Leftovers
|-damage|p1a: Tangrowth|94/100 tox|[from] psn
|upkeep
|turn|28
|
|t:|1666197594
|cant|p2a: Landorus|slp
|move|p1a: Tangrowth|Knock Off|p2a: Landorus
|-damage|p2a: Landorus|23/100 slp
|-enditem|p2a: Landorus|Leftovers|[from] move: Knock Off|[of] p1a: Tangrowth
|
|-damage|p1a: Tangrowth|82/100 tox|[from] psn
|upkeep
|turn|29
|
|t:|1666197596
|-curestatus|p2a: Landorus|slp|[msg]
|move|p2a: Landorus|U-turn|p1a: Tangrowth
|-supereffective|p1a: Tangrowth
|-crit|p1a: Tangrowth
|-damage|p1a: Tangrowth|44/100 tox
|-damage|p2a: Landorus|6/100|[from] item: Rocky Helmet|[of] p1a: Tangrowth
|
|t:|1666197598
|switch|p2a: Regieleki|Regieleki|100/100|[from]move: U-turn
|move|p1a: Tangrowth|Giga Drain|p2a: Regieleki
|-damage|p2a: Regieleki|49/100
|-heal|p1a: Tangrowth|64/100 tox|[from] drain|[of] p2a: Regieleki
|
|-damage|p1a: Tangrowth|46/100 tox|[from] psn
|upkeep
|turn|30
|
|t:|1666197601
|switch|p2a: Tapu Lele|Tapu Lele|88/100
|-fieldstart|move: Psychic Terrain|[from] ability: Psychic Surge|[of] p2a: Tapu Lele
|switch|p1a: landorustherian|Landorus-Therian, M|51/100
|-damage|p1a: landorustherian|38/100|[from] Stealth Rock
|-ability|p1a: landorustherian|Intimidate|boost
|-unboost|p2a: Tapu Lele|atk|1
|
|-heal|p1a: landorustherian|44/100|[from] item: Leftovers
|upkeep
|turn|31
|
|t:|1666197602
|switch|p1a: Melmetal|Melmetal|29/100
|-damage|p1a: Melmetal|23/100|[from] Stealth Rock
|move|p2a: Tapu Lele|Psyshock|p1a: Melmetal
|-resisted|p1a: Melmetal
|-damage|p1a: Melmetal|7/100
|
|upkeep
|turn|32
|
|t:|1666197604
|switch|p1a: Weavile|Weavile, F|56/100
|-damage|p1a: Weavile|31/100|[from] Stealth Rock
|-ability|p1a: Weavile|Pressure
|move|p2a: Tapu Lele|Psyshock|p1a: Weavile
|-immune|p1a: Weavile
|
|upkeep
|turn|33
|
|t:|1666197607
|switch|p2a: Landorus|Landorus-Therian, M|6/100
|-ability|p2a: Landorus|Intimidate|boost
|-unboost|p1a: Weavile|atk|1
|move|p1a: Weavile|Triple Axel|p2a: Landorus
|-supereffective|p2a: Landorus
|-damage|p2a: Landorus|0 fnt
|faint|p2a: Landorus
|-hitcount|p2: Landorus|1
|
|upkeep
|
|t:|1666197609
|switch|p2a: Tapu Lele|Tapu Lele|88/100
|turn|34
|
|t:|1666197613
|switch|p1a: Melmetal|Melmetal|7/100
|-damage|p1a: Melmetal|1/100|[from] Stealth Rock
|move|p2a: Tapu Lele|Moonblast|p1a: Melmetal
|-resisted|p1a: Melmetal
|-damage|p1a: Melmetal|0 fnt
|faint|p1a: Melmetal
|
|-fieldend|move: Psychic Terrain
|upkeep
|
|t:|1666197613
|switch|p1a: Heatran|Heatran, M|35/100
|-damage|p1a: Heatran|22/100|[from] Stealth Rock
|turn|35
|
|t:|1666197616
|switch|p2a: Regieleki|Regieleki|49/100
|move|p1a: Heatran|Magma Storm|p2a: Regieleki
|-damage|p2a: Regieleki|0 fnt
|faint|p2a: Regieleki
|
|upkeep
|
|t:|1666197618
|switch|p2a: Tapu Lele|Tapu Lele|88/100
|-fieldstart|move: Psychic Terrain|[from] ability: Psychic Surge|[of] p2a: Tapu Lele
|turn|36
|
|t:|1666197622
|move|p2a: Tapu Lele|Moonblast|p1a: Heatran
|-resisted|p1a: Heatran
|-damage|p1a: Heatran|8/100
|move|p1a: Heatran|Magma Storm|p2a: Tapu Lele
|-crit|p2a: Tapu Lele
|-damage|p2a: Tapu Lele|3/100
|-activate|p2a: Tapu Lele|move: Magma Storm|[of] p1a: Heatran
|
|-damage|p2a: Tapu Lele|0 fnt|[from] move: Magma Storm|[partiallytrapped]
|faint|p2a: Tapu Lele
|
|win|minimax_ai
|upkeep
|raw|minimax_ai's rating: 1625 &rarr; <strong>1646</strong><br />(+21 for winning)
|raw|Stads's rating: 1639 &rarr; <strong>1618</strong><br />(-21 for losing)
|c|☆minimax_ai|gg
