|j|☆ScarL100
|j|☆LizzyPark
|t:|1632090576
|gametype|singles
|player|p1|ScarL100|lance|1558
|player|p2|LizzyPark|doctor|1672
|teamsize|p1|6
|teamsize|p2|6
|gen|8
|tier|[Gen 8] OU
|rated|
|rule|Sleep Clause Mod: Limit one foe put to sleep
|rule|Species Clause: Limit one of each Pokémon
|rule|OHKO Clause: OHKO moves are banned
|rule|Evasion Moves Clause: Evasion moves are banned
|rule|Endless Battle Clause: Forcing endless battles is banned
|rule|HP Percentage Mod: HP is shown in percentages
|rule|Dynamax Clause: You cannot dynamax
|clearpoke
|poke|p1|Zapdos|
|poke|p1|Mew|
|poke|p1|Heatran, M|
|poke|p1|Rillaboom, F|
|poke|p1|Toxapex, M|
|poke|p1|Zeraora|
|poke|p2|Frosmoth, M|
|poke|p2|Pelipper, M|
|poke|p2|Barraskewda, M|
|poke|p2|Blissey, F|
|poke|p2|Toxapex, F|
|poke|p2|Thundurus-Therian, M|
|teampreview
|inactive|Battle timer is ON: inactive players will automatically lose when time's up. (requested by LizzyPark)
|inactive|ScarL100 also wants the timer to be on.
|
|t:|1632090587
|start
|switch|p1a: Zapdos|Zapdos|100/100
|switch|p2a: Pelipper|Pelipper, M|100/100
|-weather|RainDance|[from] ability: Drizzle|[of] p2a: Pelipper
|turn|1
|
|t:|1632090590
|switch|p2a: Blissey|Blissey, F|100/100
|move|p1a: Zapdos|Hurricane|p2a: Blissey
|-damage|p2a: Blissey|71/100
|-start|p2a: Blissey|confusion
|
|-weather|RainDance|[upkeep]
|upkeep
|turn|2
|
|t:|1632090602
|switch|p1a: Zeraora|Zeraora|100/100
|switch|p2a: Thundurus|Thundurus-Therian, M|100/100
|
|-weather|RainDance|[upkeep]
|upkeep
|turn|3
|
|t:|1632090610
|move|p1a: Zeraora|Knock Off|p2a: Thundurus
|-damage|p2a: Thundurus|53/100
|-enditem|p2a: Thundurus|Choice Specs|[from] move: Knock Off|[of] p1a: Zeraora
|move|p2a: Thundurus|Weather Ball|p1a: Zeraora
|-damage|p1a: Zeraora|28/100
|
|-weather|RainDance|[upkeep]
|upkeep
|turn|4
|
|t:|1632090620
|switch|p1a: Mew|Mew|100/100
|move|p2a: Thundurus|Volt Switch|p1a: Mew
|-damage|p1a: Mew|69/100
|
|t:|1632090623
|switch|p2a: Barraskewda|Barraskewda, M|100/100|[from]move: Volt Switch
|
|-weather|RainDance|[upkeep]
|-heal|p1a: Mew|75/100|[from] item: Leftovers
|upkeep
|turn|5
|
|t:|1632090636
|move|p2a: Barraskewda|Liquidation|p1a: Mew
|-damage|p1a: Mew|2/100
|-unboost|p1a: Mew|def|1
|move|p1a: Mew|Soft-Boiled|p1a: Mew
|-heal|p1a: Mew|52/100
|
|-weather|RainDance|[upkeep]
|-heal|p1a: Mew|59/100|[from] item: Leftovers
|upkeep
|turn|6
|
|t:|1632090641
|switch|p1a: Rillaboom|Rillaboom, F|100/100
|-fieldstart|move: Grassy Terrain|[from] ability: Grassy Surge|[of] p1a: Rillaboom
|move|p2a: Barraskewda|Liquidation|p1a: Rillaboom
|-resisted|p1a: Rillaboom
|-damage|p1a: Rillaboom|44/100
|-unboost|p1a: Rillaboom|def|1
|
|-weather|RainDance|[upkeep]
|-heal|p1a: Rillaboom|50/100|[from] Grassy Terrain
|upkeep
|turn|7
|
|t:|1632090650
|switch|p2a: Toxapex|Toxapex, F|100/100
|move|p1a: Rillaboom|Grassy Glide|p2a: Toxapex
|-damage|p2a: Toxapex|53/100
|-damage|p1a: Rillaboom|33/100|[from] item: Rocky Helmet|[of] p2a: Toxapex
|
|-weather|RainDance|[upkeep]
|-heal|p1a: Rillaboom|40/100|[from] Grassy Terrain
|-heal|p2a: Toxapex|59/100|[from] Grassy Terrain
|upkeep
|turn|8
|
|t:|1632090663
|switch|p1a: Zapdos|Zapdos|100/100
|move|p2a: Toxapex|Knock Off|p1a: Zapdos
|-damage|p1a: Zapdos|85/100
|-enditem|p1a: Zapdos|Choice Specs|[from] move: Knock Off|[of] p2a: Toxapex
|
|-weather|none
|-heal|p2a: Toxapex|66/100|[from] Grassy Terrain
|upkeep
|turn|9
|
|t:|1632090668
|switch|p2a: Blissey|Blissey, F|71/100
|move|p1a: Zapdos|Hurricane|p2a: Blissey
|-damage|p2a: Blissey|51/100
|
|-heal|p2a: Blissey|57/100|[from] Grassy Terrain
|upkeep
|turn|10
|
|t:|1632090675
|switch|p1a: Heatran|Heatran, M|100/100
|move|p2a: Blissey|Soft-Boiled|p2a: Blissey
|-heal|p2a: Blissey|100/100
|
|-fieldend|move: Grassy Terrain
|upkeep
|turn|11
|
|t:|1632090679
|move|p1a: Heatran|Stealth Rock|p2a: Blissey
|-sidestart|p2: LizzyPark|move: Stealth Rock
|move|p2a: Blissey|Teleport|p2a: Blissey
|
|t:|1632090681
|switch|p2a: Pelipper|Pelipper, M|100/100|[from]move: Teleport
|-damage|p2a: Pelipper|76/100|[from] Stealth Rock
|-weather|RainDance|[from] ability: Drizzle|[of] p2a: Pelipper
|
|-weather|RainDance|[upkeep]
|upkeep
|turn|12
|
|t:|1632090685
|move|p1a: Heatran|Taunt|p2a: Pelipper
|-start|p2a: Pelipper|move: Taunt
|cant|p2a: Pelipper|move: Taunt|Defog
|
|-weather|RainDance|[upkeep]
|upkeep
|turn|13
|
|t:|1632090695
|switch|p1a: Zapdos|Zapdos|85/100
|move|p2a: Pelipper|Scald|p1a: Zapdos
|-damage|p1a: Zapdos|37/100
|
|-weather|RainDance|[upkeep]
|upkeep
|turn|14
|
|t:|1632090701
|switch|p2a: Blissey|Blissey, F|100/100
|move|p1a: Zapdos|Hurricane|p2a: Blissey
|-damage|p2a: Blissey|79/100
|
|-weather|RainDance|[upkeep]
|upkeep
|turn|15
|
|t:|1632090708
|move|p1a: Zapdos|Volt Switch|p2a: Blissey
|-damage|p2a: Blissey|66/100
|
|t:|1632090715
|switch|p1a: Rillaboom|Rillaboom, F|40/100|[from]move: Volt Switch
|-fieldstart|move: Grassy Terrain|[from] ability: Grassy Surge|[of] p1a: Rillaboom
|move|p2a: Blissey|Teleport|p2a: Blissey
|
|t:|1632090719
|switch|p2a: Toxapex|Toxapex, F|99/100|[from]move: Teleport
|-damage|p2a: Toxapex|86/100|[from] Stealth Rock
|
|-weather|RainDance|[upkeep]
|-heal|p1a: Rillaboom|46/100|[from] Grassy Terrain
|-heal|p2a: Toxapex|93/100|[from] Grassy Terrain
|upkeep
|turn|16
|
|t:|1632090747
|switch|p1a: Heatran|Heatran, M|100/100
|move|p2a: Toxapex|Knock Off|p1a: Heatran
|-damage|p1a: Heatran|89/100
|-enditem|p1a: Heatran|Leftovers|[from] move: Knock Off|[of] p2a: Toxapex
|
|-weather|RainDance|[upkeep]
|-heal|p1a: Heatran|95/100|[from] Grassy Terrain
|-heal|p2a: Toxapex|99/100|[from] Grassy Terrain
|upkeep
|turn|17
|
|t:|1632090757
|move|p1a: Heatran|Magma Storm|p2a: Toxapex
|-resisted|p2a: Toxapex
|-damage|p2a: Toxapex|90/100
|-activate|p2a: Toxapex|move: Magma Storm|[of] p1a: Heatran
|move|p2a: Toxapex|Scald|p1a: Heatran
|-supereffective|p1a: Heatran
|-damage|p1a: Heatran|62/100
|
|-weather|RainDance|[upkeep]
|-heal|p1a: Heatran|68/100|[from] Grassy Terrain
|-heal|p2a: Toxapex|96/100|[from] Grassy Terrain
|-damage|p2a: Toxapex|84/100|[from] move: Magma Storm|[partiallytrapped]
|upkeep
|turn|18
|
|t:|1632090766
|move|p1a: Heatran|Earth Power|p2a: Toxapex
|-supereffective|p2a: Toxapex
|-damage|p2a: Toxapex|39/100
|move|p2a: Toxapex|Scald|p1a: Heatran
|-supereffective|p1a: Heatran
|-damage|p1a: Heatran|34/100
|
|-weather|none
|-heal|p1a: Heatran|40/100|[from] Grassy Terrain
|-heal|p2a: Toxapex|45/100|[from] Grassy Terrain
|-damage|p2a: Toxapex|33/100|[from] move: Magma Storm|[partiallytrapped]
|upkeep
|turn|19
|
|t:|1632090779
|move|p1a: Heatran|Earth Power|p2a: Toxapex
|-supereffective|p2a: Toxapex
|-damage|p2a: Toxapex|0 fnt
|faint|p2a: Toxapex
|
|-heal|p1a: Heatran|46/100|[from] Grassy Terrain
|-fieldend|move: Grassy Terrain
|upkeep
|
|t:|1632090782
|switch|p2a: Barraskewda|Barraskewda, M|100/100
|-damage|p2a: Barraskewda|88/100|[from] Stealth Rock
|turn|20
|
|t:|1632090785
|switch|p1a: Toxapex|Toxapex, M|100/100
|move|p2a: Barraskewda|Flip Turn|p1a: Toxapex
|-resisted|p1a: Toxapex
|-damage|p1a: Toxapex|87/100
|-damage|p2a: Barraskewda|72/100|[from] item: Rocky Helmet|[of] p1a: Toxapex
|
|t:|1632090788
|switch|p2a: Pelipper|Pelipper, M|76/100|[from]move: Flip Turn
|-damage|p2a: Pelipper|51/100|[from] Stealth Rock
|-weather|RainDance|[from] ability: Drizzle|[of] p2a: Pelipper
|
|-weather|RainDance|[upkeep]
|upkeep
|turn|21
|
|t:|1632090794
|switch|p1a: Zeraora|Zeraora|28/100
|move|p2a: Pelipper|Defog|p1a: Zeraora
|-unboost|p1a: Zeraora|evasion|1
|-sideend|p2: LizzyPark|Stealth Rock|[from] move: Defog|[of] p2a: Pelipper
|
|-weather|RainDance|[upkeep]
|upkeep
|turn|22
|
|t:|1632090801
|switch|p2a: Thundurus|Thundurus-Therian, M|53/100
|move|p1a: Zeraora|Knock Off|p2a: Thundurus
|-damage|p2a: Thundurus|21/100
|
|-weather|RainDance|[upkeep]
|upkeep
|turn|23
|
|t:|1632090814
|switch|p2a: Blissey|Blissey, F|66/100
|move|p1a: Zeraora|Knock Off|p2a: Blissey
|-crit|p2a: Blissey
|-damage|p2a: Blissey|28/100
|-enditem|p2a: Blissey|Heavy-Duty Boots|[from] move: Knock Off|[of] p1a: Zeraora
|
|-weather|RainDance|[upkeep]
|upkeep
|turn|24
|
|t:|1632090828
|move|p1a: Zeraora|Close Combat|p2a: Blissey
|-supereffective|p2a: Blissey
|-damage|p2a: Blissey|0 fnt
|-unboost|p1a: Zeraora|def|1
|-unboost|p1a: Zeraora|spd|1
|faint|p2a: Blissey
|
|-weather|RainDance|[upkeep]
|upkeep
|
|t:|1632090830
|switch|p2a: Barraskewda|Barraskewda, M|72/100
|turn|25
|
|t:|1632090855
|switch|p1a: Heatran|Heatran, M|46/100
|move|p2a: Barraskewda|Flip Turn|p1a: Heatran
|-supereffective|p1a: Heatran
|-damage|p1a: Heatran|0 fnt
|faint|p1a: Heatran
|
|t:|1632090860
|switch|p2a: Frosmoth|Frosmoth, M|100/100|[from]move: Flip Turn
|
|-weather|RainDance|[upkeep]
|upkeep
|
|t:|1632090872
|switch|p1a: Zapdos|Zapdos|37/100
|turn|26
|
|t:|1632090883
|move|p1a: Zapdos|Hurricane|p2a: Frosmoth
|-supereffective|p2a: Frosmoth
|-damage|p2a: Frosmoth|20/100
|move|p2a: Frosmoth|Quiver Dance|p2a: Frosmoth
|-boost|p2a: Frosmoth|spa|1
|-boost|p2a: Frosmoth|spd|1
|-boost|p2a: Frosmoth|spe|1
|
|-weather|RainDance|[upkeep]
|upkeep
|turn|27
|
|t:|1632090907
|move|p2a: Frosmoth|Ice Beam|p1a: Zapdos
|-supereffective|p1a: Zapdos
|-damage|p1a: Zapdos|0 fnt
|faint|p1a: Zapdos
|
|-weather|none
|upkeep
|
|t:|1632090909
|switch|p1a: Rillaboom|Rillaboom, F|46/100
|-fieldstart|move: Grassy Terrain|[from] ability: Grassy Surge|[of] p1a: Rillaboom
|turn|28
|
|t:|1632090913
|move|p1a: Rillaboom|Grassy Glide|p2a: Frosmoth
|-resisted|p2a: Frosmoth
|-damage|p2a: Frosmoth|0 fnt
|faint|p2a: Frosmoth
|
|-heal|p1a: Rillaboom|52/100|[from] Grassy Terrain
|upkeep
|
|t:|1632090920
|switch|p2a: Pelipper|Pelipper, M|51/100
|-weather|RainDance|[from] ability: Drizzle|[of] p2a: Pelipper
|turn|29
|c|☆LizzyPark|gg
|c|☆LizzyPark|u won when u trapped pex
|c|☆ScarL100|gg
|
|t:|1632090940
|move|p1a: Rillaboom|Grassy Glide|p2a: Pelipper
|-damage|p2a: Pelipper|0 fnt
|faint|p2a: Pelipper
|
|-weather|RainDance|[upkeep]
|-heal|p1a: Rillaboom|58/100|[from] Grassy Terrain
|upkeep
|
|t:|1632090943
|switch|p2a: Barraskewda|Barraskewda, M|72/100
|turn|30
|
|t:|1632090946
|move|p2a: Barraskewda|Aqua Jet|p1a: Rillaboom
|-resisted|p1a: Rillaboom
|-damage|p1a: Rillaboom|31/100
|move|p1a: Rillaboom|Grassy Glide|p2a: Barraskewda
|-supereffective|p2a: Barraskewda
|-damage|p2a: Barraskewda|0 fnt
|faint|p2a: Barraskewda
|
|-weather|RainDance|[upkeep]
|-heal|p1a: Rillaboom|37/100|[from] Grassy Terrain
|upkeep
|
|t:|1632090948
|switch|p2a: Thundurus|Thundurus-Therian, M|21/100
|turn|31
|
|t:|1632090950
|move|p1a: Rillaboom|Grassy Glide|p2a: Thundurus
|-resisted|p2a: Thundurus
|-damage|p2a: Thundurus|0 fnt
|faint|p2a: Thundurus
|
|win|ScarL100
|raw|ScarL100's rating: 1558 &rarr; <strong>1584</strong><br />(+26 for winning)
|raw|LizzyPark's rating: 1672 &rarr; <strong>1646</strong><br />(-26 for losing)
|l|☆LizzyPark
||Ladder isn't responding, score probably updated but might not have (Request timeout).
