|raw|<div class="broadcast-blue"><strong>This battle is required to be public due to a player having a name starting with 'btlt200'.</div>
|j|☆OUTD AgPult
|j|☆BTLT200$ Qrts
|t:|1667927517
|gametype|singles
|player|p1|OUTD AgPult|169|1571
|player|p2|BTLT200$ Qrts|#wcop2022france|1518
|teamsize|p1|6
|teamsize|p2|6
|gen|8
|tier|[Gen 8] OU
|rated|
|rule|Sleep Clause Mod: Limit one foe put to sleep
|rule|Species Clause: Limit one of each Pokémon
|rule|OHKO Clause: OHKO moves are banned
|rule|Evasion Items Clause: Evasion items are banned
|rule|Evasion Moves Clause: Evasion moves are banned
|rule|Endless Battle Clause: Forcing endless battles is banned
|rule|HP Percentage Mod: HP is shown in percentages
|rule|Dynamax Clause: You cannot dynamax
|clearpoke
|poke|p1|Tapu Lele|
|poke|p1|Garchomp, M|
|poke|p1|Dragapult, F|
|poke|p1|Ninetales-Alola, F|
|poke|p1|Heatran, F|
|poke|p1|Moltres-Galar|
|poke|p2|Tapu Koko|
|poke|p2|Heatran, F|
|poke|p2|Gastrodon-East, F|
|poke|p2|Clefable, M|
|poke|p2|Skarmory, M|
|poke|p2|Zapdos|
|teampreview
|j| BTLT200 A
|inactive|Battle timer is ON: inactive players will automatically lose when time's up. (requested by BTLT200$ Qrts)
|
|t:|1667927571
|start
|switch|p1a: Heatran|Heatran, F|100/100
|switch|p2a: Clefable|Clefable, M|100/100
|-item|p1a: Heatran|Air Balloon
|turn|1
|
|t:|1667927578
|move|p1a: Heatran|Magma Storm|p2a: Clefable
|-damage|p2a: Clefable|55/100
|-activate|p2a: Clefable|move: Magma Storm|[of] p1a: Heatran
|move|p2a: Clefable|Stealth Rock|p1a: Heatran
|-sidestart|p1: OUTD AgPult|move: Stealth Rock
|
|upkeep
|turn|2
|
|t:|1667927584
|move|p1a: Heatran|Taunt|p2a: Clefable
|-start|p2a: Clefable|move: Taunt
|cant|p2a: Clefable|move: Taunt|Soft-Boiled
|
|upkeep
|turn|3
|
|t:|1667927590
|move|p1a: Heatran|Earth Power|p2a: Clefable
|-damage|p2a: Clefable|30/100
|move|p2a: Clefable|Knock Off|p1a: Heatran
|-damage|p1a: Heatran|85/100
|-status|p2a: Clefable|brn|[from] ability: Flame Body|[of] p1a: Heatran
|-enditem|p1a: Heatran|Air Balloon
|
|upkeep
|turn|4
|
|t:|1667927598
|move|p1a: Heatran|Stealth Rock|p2a: Clefable
|-sidestart|p2: BTLT200$ Qrts|move: Stealth Rock
|move|p2a: Clefable|Moonblast|p1a: Heatran
|-resisted|p1a: Heatran
|-damage|p1a: Heatran|78/100
|
|-end|p2a: Clefable|move: Taunt
|upkeep
|turn|5
|
|t:|1667927605
|move|p1a: Heatran|Taunt|p2a: Clefable
|-start|p2a: Clefable|move: Taunt
|move|p2a: Clefable|Moonblast|p1a: Heatran
|-resisted|p1a: Heatran
|-damage|p1a: Heatran|70/100
|
|upkeep
|turn|6
|
|t:|1667927612
|move|p1a: Heatran|Earth Power|p2a: Clefable
|-damage|p2a: Clefable|2/100 brn
|move|p2a: Clefable|Moonblast|p1a: Heatran
|-resisted|p1a: Heatran
|-damage|p1a: Heatran|61/100
|
|-end|p2a: Clefable|Magma Storm|[partiallytrapped]
|upkeep
|turn|7
|
|t:|1667927620
|switch|p2a: Gastrodon|Gastrodon-East, F|100/100
|move|p1a: Heatran|Earth Power|p2a: Gastrodon
|-damage|p2a: Gastrodon|80/100
|
|upkeep
|turn|8
|
|t:|1667927629
|switch|p1a: Ninetales|Ninetales-Alola, F|100/100
|-damage|p1a: Ninetales|76/100|[from] Stealth Rock
|-weather|Hail|[from] ability: Snow Warning|[of] p1a: Ninetales
|move|p2a: Gastrodon|Earthquake|p1a: Ninetales
|-damage|p1a: Ninetales|41/100
|
|-weather|Hail|[upkeep]
|-damage|p2a: Gastrodon|74/100|[from] Hail
|upkeep
|turn|9
|
|t:|1667927638
|switch|p2a: Tapu Koko|Tapu Koko|100/100
|-fieldstart|move: Electric Terrain|[from] ability: Electric Surge|[of] p2a: Tapu Koko
|move|p1a: Ninetales|Aurora Veil|p1a: Ninetales
|-sidestart|p1: OUTD AgPult|move: Aurora Veil
|
|-weather|Hail|[upkeep]
|-damage|p2a: Tapu Koko|94/100|[from] Hail
|upkeep
|turn|10
|
|t:|1667927651
|switch|p1a: Heatran|Heatran, F|61/100
|-damage|p1a: Heatran|49/100|[from] Stealth Rock
|move|p2a: Tapu Koko|Thunderbolt|p1a: Heatran
|-damage|p1a: Heatran|25/100
|-status|p1a: Heatran|par
|
|-weather|Hail|[upkeep]
|-damage|p2a: Tapu Koko|88/100|[from] Hail
|-damage|p1a: Heatran|19/100 par|[from] Hail
|upkeep
|turn|11
|
|t:|1667927661
|move|p2a: Tapu Koko|Thunderbolt|p1a: Heatran
|-damage|p1a: Heatran|0 fnt
|faint|p1a: Heatran
|
|-weather|Hail|[upkeep]
|-damage|p2a: Tapu Koko|82/100|[from] Hail
|upkeep
|
|t:|1667927672
|switch|p1a: Garchomp|Garchomp, M|100/100
|-damage|p1a: Garchomp|94/100|[from] Stealth Rock
|turn|12
|
|t:|1667927678
|switch|p2a: Skarmory|Skarmory, M|100/100
|-damage|p2a: Skarmory|88/100|[from] Stealth Rock
|move|p1a: Garchomp|Swords Dance|p1a: Garchomp
|-boost|p1a: Garchomp|atk|2
|
|-weather|none
|upkeep
|turn|13
|
|t:|1667927686
|move|p1a: Garchomp|Aqua Tail|p2a: Skarmory
|-damage|p2a: Skarmory|52/100
|-damage|p1a: Garchomp|78/100|[from] item: Rocky Helmet|[of] p2a: Skarmory
|move|p2a: Skarmory|Toxic|p1a: Garchomp
|-status|p1a: Garchomp|tox
|
|-damage|p1a: Garchomp|72/100 tox|[from] psn
|-fieldend|move: Electric Terrain
|upkeep
|turn|14
|
|t:|1667927695
|switch|p1a: Tapu Lele|Tapu Lele|100/100
|-damage|p1a: Tapu Lele|88/100|[from] Stealth Rock
|-fieldstart|move: Psychic Terrain|[from] ability: Psychic Surge|[of] p1a: Tapu Lele
|move|p2a: Skarmory|Roost|p2a: Skarmory
|-heal|p2a: Skarmory|100/100
|-singleturn|p2a: Skarmory|move: Roost
|
|upkeep
|turn|15
|
|t:|1667927704
|switch|p2a: Heatran|Heatran, F|100/100
|-damage|p2a: Heatran|88/100|[from] Stealth Rock
|move|p1a: Tapu Lele|Thunderbolt|p2a: Heatran
|-damage|p2a: Heatran|65/100
|-status|p2a: Heatran|par
|
|-heal|p2a: Heatran|71/100 par|[from] item: Leftovers
|upkeep
|turn|16
|
|t:|1667927713
|switch|p1a: Garchomp|Garchomp, M|72/100 tox
|-damage|p1a: Garchomp|65/100 tox|[from] Stealth Rock
|cant|p2a: Heatran|par
|
|-heal|p2a: Heatran|78/100 par|[from] item: Leftovers
|-damage|p1a: Garchomp|59/100 tox|[from] psn
|-sideend|p1: OUTD AgPult|move: Aurora Veil
|upkeep
|turn|17
|
|t:|1667927724
|switch|p1a: Tapu Lele|Tapu Lele|88/100
|-damage|p1a: Tapu Lele|76/100|[from] Stealth Rock
|switch|p2a: Skarmory|Skarmory, M|100/100
|-damage|p2a: Skarmory|88/100|[from] Stealth Rock
|
|upkeep
|turn|18
|
|t:|1667927733
|switch|p2a: Clefable|Clefable, M|2/100 brn
|move|p1a: Tapu Lele|Thunderbolt|p2a: Clefable
|-crit|p2a: Clefable
|-damage|p2a: Clefable|0 fnt
|faint|p2a: Clefable
|
|-fieldend|move: Psychic Terrain
|upkeep
|
|t:|1667927743
|switch|p2a: Gastrodon|Gastrodon-East, F|74/100
|turn|19
|
|t:|1667927747
|switch|p1a: Garchomp|Garchomp, M|59/100 tox
|-damage|p1a: Garchomp|53/100 tox|[from] Stealth Rock
|move|p2a: Gastrodon|Scald|p1a: Garchomp
|-damage|p1a: Garchomp|26/100 tox
|
|-damage|p1a: Garchomp|20/100 tox|[from] psn
|upkeep
|turn|20
|
|t:|1667927756
|move|p1a: Garchomp|Aqua Tail|p2a: Gastrodon
|-ability|p2a: Gastrodon|Storm Drain|boost
|-boost|p2a: Gastrodon|spa|1
|move|p2a: Gastrodon|Recover|p2a: Gastrodon
|-heal|p2a: Gastrodon|100/100
|
|-damage|p1a: Garchomp|8/100 tox|[from] psn
|upkeep
|turn|21
|
|t:|1667927764
|move|p2a: Gastrodon|Protect|p2a: Gastrodon
|-singleturn|p2a: Gastrodon|Protect
|move|p1a: Garchomp|Earthquake|p2a: Gastrodon
|-activate|p2a: Gastrodon|move: Protect
|
|-damage|p1a: Garchomp|0 fnt|[from] psn
|faint|p1a: Garchomp
|upkeep
|
|t:|1667927770
|switch|p1a: Tapu Lele|Tapu Lele|76/100
|-damage|p1a: Tapu Lele|63/100|[from] Stealth Rock
|-fieldstart|move: Psychic Terrain|[from] ability: Psychic Surge|[of] p1a: Tapu Lele
|turn|22
|
|t:|1667927777
|move|p1a: Tapu Lele|Calm Mind|p1a: Tapu Lele
|-boost|p1a: Tapu Lele|spa|1
|-boost|p1a: Tapu Lele|spd|1
|move|p2a: Gastrodon|Scald|p1a: Tapu Lele
|-damage|p1a: Tapu Lele|35/100
|
|upkeep
|turn|23
|
|t:|1667927784
|move|p1a: Tapu Lele|Psyshock|p2a: Gastrodon
|-damage|p2a: Gastrodon|0 fnt
|faint|p2a: Gastrodon
|
|upkeep
|
|t:|1667927790
|switch|p2a: Heatran|Heatran, F|78/100 par
|-damage|p2a: Heatran|65/100 par|[from] Stealth Rock
|turn|24
|
|t:|1667927794
|move|p1a: Tapu Lele|Psyshock|p2a: Heatran
|-resisted|p2a: Heatran
|-damage|p2a: Heatran|18/100 par
|move|p2a: Heatran|Heavy Slam|p1a: Tapu Lele
|-supereffective|p1a: Tapu Lele
|-damage|p1a: Tapu Lele|0 fnt
|faint|p1a: Tapu Lele
|
|-heal|p2a: Heatran|24/100 par|[from] item: Leftovers
|upkeep
|
|t:|1667927802
|switch|p1a: Dragapult|Dragapult, F|100/100
|-damage|p1a: Dragapult|88/100|[from] Stealth Rock
|turn|25
|
|t:|1667927805
|move|p1a: Dragapult|Dragon Dance|p1a: Dragapult
|-boost|p1a: Dragapult|atk|1
|-boost|p1a: Dragapult|spe|1
|cant|p2a: Heatran|par
|
|-heal|p2a: Heatran|30/100 par|[from] item: Leftovers
|upkeep
|turn|26
|
|t:|1667927812
|move|p1a: Dragapult|Dragon Darts|p2a: Heatran
|-resisted|p2a: Heatran
|-damage|p2a: Heatran|8/100 par
|-anim|p1a: Dragapult|Dragon Darts|p2a: Heatran
|-resisted|p2a: Heatran
|-damage|p2a: Heatran|0 fnt
|faint|p2a: Heatran
|-damage|p1a: Dragapult|78/100|[from] item: Life Orb
|
|-fieldend|move: Psychic Terrain
|upkeep
|
|t:|1667927816
|switch|p2a: Skarmory|Skarmory, M|88/100
|-damage|p2a: Skarmory|76/100|[from] Stealth Rock
|turn|27
|
|t:|1667927823
|move|p1a: Dragapult|Flamethrower|p2a: Skarmory
|-supereffective|p2a: Skarmory
|-damage|p2a: Skarmory|0 fnt
|faint|p2a: Skarmory
|-damage|p1a: Dragapult|69/100|[from] item: Life Orb
|
|upkeep
|
|t:|1667927827
|switch|p2a: Tapu Koko|Tapu Koko|82/100
|-fieldstart|move: Electric Terrain|[from] ability: Electric Surge|[of] p2a: Tapu Koko
|turn|28
|
|t:|1667927831
|switch|p2a: Zapdos|Zapdos|100/100
|-ability|p2a: Zapdos|Pressure
|move|p1a: Dragapult|Phantom Force||[still]
|-prepare|p1a: Dragapult|Phantom Force
|
|upkeep
|turn|29
|
|t:|1667927837
|move|p1a: Dragapult|Phantom Force|p2a: Zapdos|[from]lockedmove
|-damage|p2a: Zapdos|0 fnt
|faint|p2a: Zapdos
|-damage|p1a: Dragapult|59/100|[from] item: Life Orb
|
|upkeep
|
|t:|1667927840
|switch|p2a: Tapu Koko|Tapu Koko|82/100
|turn|30
|
|t:|1667927844
|move|p1a: Dragapult|Phantom Force||[still]
|-prepare|p1a: Dragapult|Phantom Force
|move|p2a: Tapu Koko|Roost|p2a: Tapu Koko
|-heal|p2a: Tapu Koko|100/100
|-singleturn|p2a: Tapu Koko|move: Roost
|
|upkeep
|turn|31
|
|t:|1667927848
|move|p1a: Dragapult|Phantom Force|p2a: Tapu Koko|[from]lockedmove
|-damage|p2a: Tapu Koko|0 fnt
|faint|p2a: Tapu Koko
|-damage|p1a: Dragapult|49/100|[from] item: Life Orb
|
|win|OUTD AgPult
|raw|OUTD AgPult's rating: 1571 &rarr; <strong>1588</strong><br />(+17 for winning)
|raw|BTLT200$ Qrts's rating: 1518 &rarr; <strong>1501</strong><br />(-17 for losing)
|l|☆BTLT200$ Qrts
||Ladder isn't responding, score probably updated but might not have (Request timeout).
