|j|☆M4RKUTIO
|j|☆I'M AT MY LIMIT
|t:|1620362270
|gametype|singles
|player|p1|M4RKUTIO|cynthia|1508
|player|p2|I'M AT MY LIMIT|rosa|1524
|teamsize|p1|6
|teamsize|p2|6
|gen|8
|tier|[Gen 8] OU
|rated|
|clearpoke
|poke|p1|Garchomp, F|
|poke|p1|Tangrowth, F|
|poke|p1|Tapu Lele|
|poke|p1|Heatran, M|
|poke|p1|Urshifu-*, M|
|poke|p1|Corviknight, M|
|poke|p2|Corviknight, M|
|poke|p2|Slowbro, M|
|poke|p2|Garchomp, F|
|poke|p2|Volcarona, M|
|poke|p2|Audino, M|
|poke|p2|Melmetal|
|rule|Sleep Clause Mod: Limit one foe put to sleep
|rule|Species Clause: Limit one of each Pokémon
|rule|OHKO Clause: OHKO moves are banned
|rule|Evasion Moves Clause: Evasion moves are banned
|rule|Endless Battle Clause: Forcing endless battles is banned
|rule|HP Percentage Mod: HP is shown in percentages
|rule|Dynamax Clause: You cannot dynamax
|teampreview
|inactive|Battle timer is ON: inactive players will automatically lose when time's up. (requested by I'M AT MY LIMIT)
|inactive|I'M AT MY LIMIT has 120 seconds left.
|
|t:|1620362304
|start
|switch|p1a: Tangrowth|Tangrowth, F|100/100
|switch|p2a: BlissClefPex 🌠|Audino, M|100/100
|turn|1
|inactive|I'M AT MY LIMIT has 120 seconds left.
|c|☆I'M AT MY LIMIT|Star take this game
|
|t:|1620362358
|move|p2a: BlissClefPex 🌠|Knock Off|p1a: Tangrowth
|-damage|p1a: Tangrowth|93/100
|-damage|p2a: BlissClefPex 🌠|84/100|[from] item: Rocky Helmet|[of] p1a: Tangrowth
|-enditem|p1a: Tangrowth|Rocky Helmet|[from] move: Knock Off|[of] p2a: BlissClefPex 🌠
|move|p1a: Tangrowth|Knock Off|p2a: BlissClefPex 🌠
|-damage|p2a: BlissClefPex 🌠|61/100
|-enditem|p2a: BlissClefPex 🌠|Leftovers|[from] move: Knock Off|[of] p1a: Tangrowth
|
|upkeep
|turn|2
|
|t:|1620362372
|switch|p2a: Slowbruh 🏃|Slowbro, M|100/100
|move|p1a: Tangrowth|Focus Blast|p2a: Slowbruh 🏃
|-resisted|p2a: Slowbruh 🏃
|-damage|p2a: Slowbruh 🏃|85/100
|
|upkeep
|turn|3
|
|t:|1620362380
|move|p1a: Tangrowth|Knock Off|p2a: Slowbruh 🏃
|-supereffective|p2a: Slowbruh 🏃
|-damage|p2a: Slowbruh 🏃|60/100
|-enditem|p2a: Slowbruh 🏃|Heavy-Duty Boots|[from] move: Knock Off|[of] p1a: Tangrowth
|move|p2a: Slowbruh 🏃|Future Sight|p1a: Tangrowth
|-start|p2a: Slowbruh 🏃|move: Future Sight
|
|upkeep
|turn|4
|
|t:|1620362382
|switch|p2a: Land shark 🌊☀|Garchomp, F|100/100
|move|p1a: Tangrowth|Giga Drain|p2a: Land shark 🌊☀
|-damage|p2a: Land shark 🌊☀|81/100
|-heal|p1a: Tangrowth|100/100|[from] drain|[of] p2a: Land shark 🌊☀
|
|-heal|p2a: Land shark 🌊☀|87/100|[from] item: Leftovers
|upkeep
|turn|5
|
|t:|1620362385
|switch|p1a: Corviknight|Corviknight, M|100/100
|-ability|p1a: Corviknight|Pressure
|move|p2a: Land shark 🌊☀|Dragon Tail|p1a: Corviknight
|-resisted|p1a: Corviknight
|-damage|p1a: Corviknight|89/100
|drag|p1a: Garchomp|Garchomp, F|100/100
|
|-end|p1a: Garchomp|move: Future Sight
|-damage|p1a: Garchomp|55/100
|-heal|p2a: Land shark 🌊☀|93/100|[from] item: Leftovers
|upkeep
|turn|6
|
|t:|1620362389
|move|p1a: Garchomp|Scale Shot|p2a: Land shark 🌊☀
|-supereffective|p2a: Land shark 🌊☀
|-damage|p2a: Land shark 🌊☀|65/100
|-supereffective|p2a: Land shark 🌊☀
|-damage|p2a: Land shark 🌊☀|38/100
|-supereffective|p2a: Land shark 🌊☀
|-damage|p2a: Land shark 🌊☀|11/100
|-supereffective|p2a: Land shark 🌊☀
|-damage|p2a: Land shark 🌊☀|0 fnt
|-hitcount|p2a: Land shark 🌊☀|4
|faint|p2a: Land shark 🌊☀
|-unboost|p1a: Garchomp|def|1
|-boost|p1a: Garchomp|spe|1
|-damage|p1a: Garchomp|45/100|[from] item: Life Orb
|
|upkeep
|inactive|I'M AT MY LIMIT has 120 seconds left.
|
|t:|1620362414
|switch|p2a: Slowbruh 🏃|Slowbro, M|93/100
|turn|7
|
|t:|1620362418
|switch|p1a: Urshifu|Urshifu-Rapid-Strike, M|100/100
|move|p2a: Slowbruh 🏃|Scald|p1a: Urshifu
|-resisted|p1a: Urshifu
|-damage|p1a: Urshifu|78/100
|
|upkeep
|turn|8
|
|t:|1620362420
|move|p1a: Urshifu|U-turn|p2a: Slowbruh 🏃
|-supereffective|p2a: Slowbruh 🏃
|-damage|p2a: Slowbruh 🏃|47/100
|
|t:|1620362429
|switch|p1a: Tapu Lele|Tapu Lele|100/100|[from]move: U-turn
|-fieldstart|move: Psychic Terrain|[from] ability: Psychic Surge|[of] p1a: Tapu Lele
|move|p2a: Slowbruh 🏃|Scald|p1a: Tapu Lele
|-damage|p1a: Tapu Lele|71/100
|-status|p1a: Tapu Lele|brn
|
|-damage|p1a: Tapu Lele|65/100 brn|[from] brn
|upkeep
|turn|9
|
|t:|1620362434
|switch|p2a: IRON GIANT 🔧|Melmetal|100/100
|move|p1a: Tapu Lele|Moonblast|p2a: IRON GIANT 🔧
|-resisted|p2a: IRON GIANT 🔧
|-damage|p2a: IRON GIANT 🔧|81/100
|
|-damage|p1a: Tapu Lele|59/100 brn|[from] brn
|upkeep
|turn|10
|
|t:|1620362438
|switch|p1a: Corviknight|Corviknight, M|89/100
|-ability|p1a: Corviknight|Pressure
|move|p2a: IRON GIANT 🔧|Earthquake|p1a: Corviknight
|-immune|p1a: Corviknight
|
|-heal|p1a: Corviknight|95/100|[from] item: Leftovers
|upkeep
|turn|11
|
|t:|1620362442
|switch|p2a: Slowbruh 🏃|Slowbro, M|80/100
|move|p1a: Corviknight|U-turn|p2a: Slowbruh 🏃
|-supereffective|p2a: Slowbruh 🏃
|-damage|p2a: Slowbruh 🏃|63/100
|
|t:|1620362450
|switch|p1a: Tangrowth|Tangrowth, F|100/100|[from]move: U-turn
|
|upkeep
|turn|12
|
|t:|1620362455
|switch|p2a: BlissClefPex 🌠|Audino, M|94/100
|move|p1a: Tangrowth|Sleep Powder|p2a: BlissClefPex 🌠|[miss]
|-miss|p1a: Tangrowth|p2a: BlissClefPex 🌠
|
|-fieldend|move: Psychic Terrain
|upkeep
|turn|13
|j| Tapu fever
|
|t:|1620362464
|switch|p2a: Amazon prime|Corviknight, M, shiny|100/100
|-ability|p2a: Amazon prime|Pressure
|move|p1a: Tangrowth|Knock Off|p2a: Amazon prime
|-damage|p2a: Amazon prime|86/100
|-enditem|p2a: Amazon prime|Shed Shell|[from] move: Knock Off|[of] p1a: Tangrowth
|
|upkeep
|turn|14
|
|t:|1620362471
|move|p2a: Amazon prime|Iron Defense|p2a: Amazon prime
|-boost|p2a: Amazon prime|def|2
|move|p1a: Tangrowth|Sleep Powder|p2a: Amazon prime
|-status|p2a: Amazon prime|slp|[from] move: Sleep Powder
|
|upkeep
|turn|15
|
|t:|1620362476
|switch|p2a: BlissClefPex 🌠|Audino, M|100/100
|switch|p1a: Heatran|Heatran, M|100/100
|
|upkeep
|turn|16
|
|t:|1620362487
|move|p1a: Heatran|Stealth Rock|p2a: BlissClefPex 🌠
|-sidestart|p2: I'M AT MY LIMIT|move: Stealth Rock
|move|p2a: BlissClefPex 🌠|Knock Off|p1a: Heatran
|-damage|p1a: Heatran|89/100
|-enditem|p1a: Heatran|Leftovers|[from] move: Knock Off|[of] p2a: BlissClefPex 🌠
|
|upkeep
|turn|17
|
|t:|1620362494
|move|p1a: Heatran|Magma Storm|p2a: BlissClefPex 🌠
|-crit|p2a: BlissClefPex 🌠
|-damage|p2a: BlissClefPex 🌠|55/100
|-activate|p2a: BlissClefPex 🌠|move: Magma Storm|[of] p1a: Heatran
|move|p2a: BlissClefPex 🌠|Wish|p2a: BlissClefPex 🌠
|
|-damage|p2a: BlissClefPex 🌠|42/100|[from] move: Magma Storm|[partiallytrapped]
|upkeep
|turn|18
|
|t:|1620362497
|move|p2a: BlissClefPex 🌠|Protect|p2a: BlissClefPex 🌠
|-singleturn|p2a: BlissClefPex 🌠|Protect
|move|p1a: Heatran|Toxic|p2a: BlissClefPex 🌠
|-activate|p2a: BlissClefPex 🌠|move: Protect
|
|-heal|p2a: BlissClefPex 🌠|92/100|[from] move: Wish|[wisher] BlissClefPex 🌠
|-damage|p2a: BlissClefPex 🌠|80/100|[from] move: Magma Storm|[partiallytrapped]
|upkeep
|turn|19
|
|t:|1620362500
|move|p2a: BlissClefPex 🌠|Protect||[still]
|-fail|p2a: BlissClefPex 🌠
|move|p1a: Heatran|Toxic|p2a: BlissClefPex 🌠
|-status|p2a: BlissClefPex 🌠|tox
|
|-damage|p2a: BlissClefPex 🌠|74/100 tox|[from] psn
|-damage|p2a: BlissClefPex 🌠|61/100 tox|[from] move: Magma Storm|[partiallytrapped]
|upkeep
|turn|20
|
|t:|1620362516
|move|p1a: Heatran|Earth Power|p2a: BlissClefPex 🌠
|-damage|p2a: BlissClefPex 🌠|45/100 tox
|move|p2a: BlissClefPex 🌠|Wish|p2a: BlissClefPex 🌠
|
|-damage|p2a: BlissClefPex 🌠|33/100 tox|[from] psn
|-damage|p2a: BlissClefPex 🌠|21/100 tox|[from] move: Magma Storm|[partiallytrapped]
|upkeep
|turn|21
|
|t:|1620362525
|move|p2a: BlissClefPex 🌠|Protect|p2a: BlissClefPex 🌠
|-singleturn|p2a: BlissClefPex 🌠|Protect
|move|p1a: Heatran|Magma Storm|p2a: BlissClefPex 🌠
|-activate|p2a: BlissClefPex 🌠|move: Protect
|
|-heal|p2a: BlissClefPex 🌠|71/100 tox|[from] move: Wish|[wisher] BlissClefPex 🌠
|-damage|p2a: BlissClefPex 🌠|52/100 tox|[from] psn
|-end|p2a: BlissClefPex 🌠|Magma Storm|[partiallytrapped]
|upkeep
|turn|22
|
|t:|1620362530
|switch|p2a: Slowbruh 🏃|Slowbro, M|96/100
|-damage|p2a: Slowbruh 🏃|84/100|[from] Stealth Rock
|move|p1a: Heatran|Magma Storm|p2a: Slowbruh 🏃|[miss]
|-miss|p1a: Heatran|p2a: Slowbruh 🏃
|
|upkeep
|turn|23
|
|t:|1620362537
|switch|p1a: Corviknight|Corviknight, M|95/100
|-ability|p1a: Corviknight|Pressure
|move|p2a: Slowbruh 🏃|Scald|p1a: Corviknight
|-damage|p1a: Corviknight|75/100
|
|-heal|p1a: Corviknight|81/100|[from] item: Leftovers
|upkeep
|turn|24
|
|t:|1620362544
|move|p1a: Corviknight|U-turn|p2a: Slowbruh 🏃
|-supereffective|p2a: Slowbruh 🏃
|-damage|p2a: Slowbruh 🏃|68/100
|
|t:|1620362548
|switch|p1a: Garchomp|Garchomp, F|45/100|[from]move: U-turn
|move|p2a: Slowbruh 🏃|Teleport|p2a: Slowbruh 🏃
|
|t:|1620362557
|switch|p2a: BlissClefPex 🌠|Audino, M|86/100 tox|[from]move: Teleport
|-damage|p2a: BlissClefPex 🌠|73/100 tox|[from] Stealth Rock
|
|-damage|p2a: BlissClefPex 🌠|67/100 tox|[from] psn
|upkeep
|turn|25
|
|t:|1620362560
|switch|p2a: Slowbruh 🏃|Slowbro, M|100/100
|-damage|p2a: Slowbruh 🏃|88/100|[from] Stealth Rock
|move|p1a: Garchomp|Earthquake|p2a: Slowbruh 🏃
|-damage|p2a: Slowbruh 🏃|50/100
|-damage|p1a: Garchomp|35/100|[from] item: Life Orb
|
|upkeep
|turn|26
|
|t:|1620362568
|move|p1a: Garchomp|Earthquake|p2a: Slowbruh 🏃
|-damage|p2a: Slowbruh 🏃|8/100
|-damage|p1a: Garchomp|25/100|[from] item: Life Orb
|move|p2a: Slowbruh 🏃|Scald|p1a: Garchomp
|-damage|p1a: Garchomp|0 fnt
|faint|p1a: Garchomp
|
|upkeep
|
|t:|1620362575
|switch|p1a: Urshifu|Urshifu-Rapid-Strike, M|78/100
|turn|27
|c|☆I'M AT MY LIMIT|We might need to make slowbro max def
|c|☆I'M AT MY LIMIT|bro
|c|☆I'M AT MY LIMIT|if we lose this
|c|☆I'M AT MY LIMIT|its actually just because i
|c|☆I'M AT MY LIMIT|wait waht
|c|☆I'M AT MY LIMIT|is the bro
|inactive|I'M AT MY LIMIT has 120 seconds left.
|c|☆I'M AT MY LIMIT|Like
|c|☆I'M AT MY LIMIT|Fuck
|c|☆I'M AT MY LIMIT|naw that should be good
|c|☆I'M AT MY LIMIT|Um
|c|☆I'M AT MY LIMIT|Yeah ok
|c|☆I'M AT MY LIMIT|if we lose its because i sacked chomp thinking he knew better
|c|☆I'M AT MY LIMIT|that was just bad on my end
|
|t:|1620362634
|switch|p2a: Amazon prime|Corviknight, M, shiny|86/100 slp
|-damage|p2a: Amazon prime|74/100 slp|[from] Stealth Rock
|-ability|p2a: Amazon prime|Pressure
|move|p1a: Urshifu|Close Combat|p2a: Amazon prime
|-damage|p2a: Amazon prime|15/100 slp
|-unboost|p1a: Urshifu|def|1
|-unboost|p1a: Urshifu|spd|1
|
|upkeep
|turn|28
|c|☆I'M AT MY LIMIT|Fair
|
|t:|1620362643
|switch|p2a: KYUREJ 🤙|Volcarona, M, shiny|100/100
|move|p1a: Urshifu|Close Combat|p2a: KYUREJ 🤙
|-resisted|p2a: KYUREJ 🤙
|-damage|p2a: KYUREJ 🤙|56/100
|-unboost|p1a: Urshifu|def|1
|-unboost|p1a: Urshifu|spd|1
|
|upkeep
|turn|29
|
|t:|1620362649
|switch|p1a: Heatran|Heatran, M|89/100
|move|p2a: KYUREJ 🤙|Roost|p2a: KYUREJ 🤙
|-heal|p2a: KYUREJ 🤙|100/100
|-singleturn|p2a: KYUREJ 🤙|move: Roost
|
|upkeep
|turn|30
|
|t:|1620362655
|switch|p2a: Amazon prime|Corviknight, M, shiny|15/100 slp
|-damage|p2a: Amazon prime|2/100 slp|[from] Stealth Rock
|-ability|p2a: Amazon prime|Pressure
|move|p1a: Heatran|Magma Storm|p2a: Amazon prime
|-supereffective|p2a: Amazon prime
|-damage|p2a: Amazon prime|0 fnt
|faint|p2a: Amazon prime
|
|upkeep
|
|t:|1620362657
|switch|p2a: Slowbruh 🏃|Slowbro, M|41/100
|-damage|p2a: Slowbruh 🏃|28/100|[from] Stealth Rock
|turn|31
|c|☆I'M AT MY LIMIT|Atleast your not losing to bullshit like i did 😒
|
|t:|1620362664
|switch|p2a: BlissClefPex 🌠|Audino, M|99/100 tox
|-damage|p2a: BlissClefPex 🌠|88/100 tox|[from] Stealth Rock
|move|p1a: Heatran|Toxic|p2a: BlissClefPex 🌠
|-fail|p2a: BlissClefPex 🌠|tox
|
|-damage|p2a: BlissClefPex 🌠|82/100 tox|[from] psn
|upkeep
|turn|32
|
|t:|1620362670
|switch|p1a: Corviknight|Corviknight, M|81/100
|-ability|p1a: Corviknight|Pressure
|move|p2a: BlissClefPex 🌠|Heal Bell|p2a: BlissClefPex 🌠
|-activate|p2a: BlissClefPex 🌠|move: Heal Bell
|-curestatus|p2a: BlissClefPex 🌠|tox|[msg]
|
|-heal|p1a: Corviknight|87/100|[from] item: Leftovers
|upkeep
|turn|33
|
|t:|1620362681
|move|p1a: Corviknight|U-turn|p2a: BlissClefPex 🌠
|-damage|p2a: BlissClefPex 🌠|67/100
|
|t:|1620362683
|switch|p1a: Tapu Lele|Tapu Lele|59/100 brn|[from]move: U-turn
|-fieldstart|move: Psychic Terrain|[from] ability: Psychic Surge|[of] p1a: Tapu Lele
|move|p2a: BlissClefPex 🌠|Knock Off|p1a: Tapu Lele
|-damage|p1a: Tapu Lele|37/100 brn
|-enditem|p1a: Tapu Lele|Choice Scarf|[from] move: Knock Off|[of] p2a: BlissClefPex 🌠
|
|-damage|p1a: Tapu Lele|31/100 brn|[from] brn
|upkeep
|turn|34
|
|t:|1620362689
|move|p2a: BlissClefPex 🌠|Protect|p2a: BlissClefPex 🌠
|-singleturn|p2a: BlissClefPex 🌠|Protect
|move|p1a: Tapu Lele|Focus Blast|p2a: BlissClefPex 🌠
|-activate|p2a: BlissClefPex 🌠|move: Protect
|
|-damage|p1a: Tapu Lele|25/100 brn|[from] brn
|upkeep
|turn|35
|
|t:|1620362702
|switch|p1a: Urshifu|Urshifu-Rapid-Strike, M|78/100
|switch|p2a: IRON GIANT 🔧|Melmetal|81/100
|-damage|p2a: IRON GIANT 🔧|75/100|[from] Stealth Rock
|
|upkeep
|turn|36
|
|t:|1620362711
|switch|p2a: KYUREJ 🤙|Volcarona, M, shiny|100/100
|move|p1a: Urshifu|Close Combat|p2a: KYUREJ 🤙
|-resisted|p2a: KYUREJ 🤙
|-damage|p2a: KYUREJ 🤙|60/100
|-unboost|p1a: Urshifu|def|1
|-unboost|p1a: Urshifu|spd|1
|
|upkeep
|turn|37
|
|t:|1620362716
|switch|p1a: Heatran|Heatran, M|89/100
|move|p2a: KYUREJ 🤙|Roost|p2a: KYUREJ 🤙
|-heal|p2a: KYUREJ 🤙|100/100
|-singleturn|p2a: KYUREJ 🤙|move: Roost
|
|-fieldend|move: Psychic Terrain
|upkeep
|turn|38
|
|t:|1620362721
|switch|p2a: Slowbruh 🏃|Slowbro, M|62/100
|-damage|p2a: Slowbruh 🏃|49/100|[from] Stealth Rock
|switch|p1a: Urshifu|Urshifu-Rapid-Strike, M|78/100
|
|upkeep
|turn|39
|
|t:|1620362727
|switch|p2a: KYUREJ 🤙|Volcarona, M, shiny|100/100
|move|p1a: Urshifu|U-turn|p2a: KYUREJ 🤙
|-resisted|p2a: KYUREJ 🤙
|-damage|p2a: KYUREJ 🤙|83/100
|
|t:|1620362734
|switch|p1a: Heatran|Heatran, M|89/100|[from]move: U-turn
|
|upkeep
|turn|40
|
|t:|1620362738
|switch|p2a: Slowbruh 🏃|Slowbro, M|82/100
|-damage|p2a: Slowbruh 🏃|70/100|[from] Stealth Rock
|move|p1a: Heatran|Toxic|p2a: Slowbruh 🏃
|-status|p2a: Slowbruh 🏃|tox
|
|-damage|p2a: Slowbruh 🏃|64/100 tox|[from] psn
|upkeep
|turn|41
|
|t:|1620362743
|move|p1a: Heatran|Magma Storm|p2a: Slowbruh 🏃
|-resisted|p2a: Slowbruh 🏃
|-damage|p2a: Slowbruh 🏃|43/100 tox
|-activate|p2a: Slowbruh 🏃|move: Magma Storm|[of] p1a: Heatran
|move|p2a: Slowbruh 🏃|Teleport|p2a: Slowbruh 🏃
|
|t:|1620362748
|switch|p2a: BlissClefPex 🌠|Audino, M|99/100|[from]move: Teleport
|-damage|p2a: BlissClefPex 🌠|88/100|[from] Stealth Rock
|
|upkeep
|turn|42
|
|t:|1620362754
|switch|p1a: Tangrowth|Tangrowth, F|100/100
|move|p2a: BlissClefPex 🌠|Protect||[still]
|-fail|p2a: BlissClefPex 🌠
|
|upkeep
|turn|43
|
|t:|1620362762
|move|p2a: BlissClefPex 🌠|Heal Bell|p2a: BlissClefPex 🌠
|-activate|p2a: BlissClefPex 🌠|move: Heal Bell
|-curestatus|p2: Slowbruh 🏃|tox|[msg]
|move|p1a: Tangrowth|Sleep Powder|p2a: BlissClefPex 🌠
|-status|p2a: BlissClefPex 🌠|slp|[from] move: Sleep Powder
|
|upkeep
|turn|44
|
|t:|1620362771
|cant|p2a: BlissClefPex 🌠|slp
|move|p1a: Tangrowth|Focus Blast|p2a: BlissClefPex 🌠|[miss]
|-miss|p1a: Tangrowth|p2a: BlissClefPex 🌠
|
|upkeep
|turn|45
|
|t:|1620362774
|switch|p1a: Urshifu|Urshifu-Rapid-Strike, M|78/100
|cant|p2a: BlissClefPex 🌠|slp
|
|upkeep
|turn|46
|
|t:|1620362780
|switch|p2a: Slowbruh 🏃|Slowbro, M|76/100
|-damage|p2a: Slowbruh 🏃|63/100|[from] Stealth Rock
|move|p1a: Urshifu|Surging Strikes|p2a: Slowbruh 🏃
|-resisted|p2a: Slowbruh 🏃
|-crit|p2a: Slowbruh 🏃
|-damage|p2a: Slowbruh 🏃|55/100
|-resisted|p2a: Slowbruh 🏃
|-crit|p2a: Slowbruh 🏃
|-damage|p2a: Slowbruh 🏃|46/100
|-resisted|p2a: Slowbruh 🏃
|-crit|p2a: Slowbruh 🏃
|-damage|p2a: Slowbruh 🏃|38/100
|-hitcount|p2a: Slowbruh 🏃|3
|
|upkeep
|turn|47
|
|t:|1620362791
|switch|p1a: Corviknight|Corviknight, M|87/100
|-ability|p1a: Corviknight|Pressure
|move|p2a: Slowbruh 🏃|Slack Off|p2a: Slowbruh 🏃
|-heal|p2a: Slowbruh 🏃|88/100
|
|-heal|p1a: Corviknight|94/100|[from] item: Leftovers
|upkeep
|turn|48
|c|☆I'M AT MY LIMIT|that and because
|c|☆I'M AT MY LIMIT|we didn't burn that shifu
|c|☆I'M AT MY LIMIT|lmao
|inactive|I'M AT MY LIMIT has 120 seconds left.
|
|t:|1620362825
|move|p1a: Corviknight|U-turn|p2a: Slowbruh 🏃
|-supereffective|p2a: Slowbruh 🏃
|-damage|p2a: Slowbruh 🏃|72/100
|
|t:|1620362831
|switch|p1a: Tapu Lele|Tapu Lele|25/100 brn|[from]move: U-turn
|-fieldstart|move: Psychic Terrain|[from] ability: Psychic Surge|[of] p1a: Tapu Lele
|move|p2a: Slowbruh 🏃|Scald|p1a: Tapu Lele
|-damage|p1a: Tapu Lele|0 fnt
|faint|p1a: Tapu Lele
|
|upkeep
|
|t:|1620362834
|switch|p1a: Tangrowth|Tangrowth, F|100/100
|turn|49
|j| Marce95
|
|t:|1620362840
|move|p1a: Tangrowth|Knock Off|p2a: Slowbruh 🏃
|-supereffective|p2a: Slowbruh 🏃
|-damage|p2a: Slowbruh 🏃|55/100
|move|p2a: Slowbruh 🏃|Future Sight|p1a: Tangrowth
|-start|p2a: Slowbruh 🏃|move: Future Sight
|
|upkeep
|turn|50
|
|t:|1620362853
|switch|p2a: BlissClefPex 🌠|Audino, M|100/100 slp
|-damage|p2a: BlissClefPex 🌠|88/100 slp|[from] Stealth Rock
|move|p1a: Tangrowth|Giga Drain|p2a: BlissClefPex 🌠
|-damage|p2a: BlissClefPex 🌠|68/100 slp
|
|upkeep
|turn|51
|c|☆I'M AT MY LIMIT|Solution just burn the urshifu
|c|☆I'M AT MY LIMIT|Im joking
|
|t:|1620362879
|cant|p2a: BlissClefPex 🌠|slp
|move|p1a: Tangrowth|Focus Blast|p2a: BlissClefPex 🌠
|-supereffective|p2a: BlissClefPex 🌠
|-damage|p2a: BlissClefPex 🌠|31/100 slp
|
|-end|p1a: Tangrowth|move: Future Sight
|-damage|p1a: Tangrowth|18/100
|upkeep
|turn|52
|c|☆I'M AT MY LIMIT|lol
|c|☆I'M AT MY LIMIT|oh
|c|☆I'M AT MY LIMIT|Yo wtf
|c|☆I'M AT MY LIMIT|i thought he was gonna die
|c|☆I'M AT MY LIMIT|He toom that lim
|inactive|M4RKUTIO has 120 seconds left.
|
|t:|1620362897
|switch|p2a: IRON GIANT 🔧|Melmetal|75/100
|-damage|p2a: IRON GIANT 🔧|69/100|[from] Stealth Rock
|switch|p1a: Corviknight|Corviknight, M|94/100
|-ability|p1a: Corviknight|Pressure
|
|-heal|p1a: Corviknight|99/100|[from] item: Leftovers
|-fieldend|move: Psychic Terrain
|upkeep
|turn|53
|c|☆I'M AT MY LIMIT|*like a champ
|c|☆I'M AT MY LIMIT|Goddamnn
|c| Marce95|wtf with that damage
|c|☆I'M AT MY LIMIT|if we had rocks
|inactive|I'M AT MY LIMIT has 120 seconds left.
|c|☆I'M AT MY LIMIT|i would be good too
|c|☆I'M AT MY LIMIT|so really
|c|☆I'M AT MY LIMIT|chomp sack
|c|☆I'M AT MY LIMIT|was huge
|
|t:|1620362938
|switch|p2a: Slowbruh 🏃|Slowbro, M|88/100
|-damage|p2a: Slowbruh 🏃|75/100|[from] Stealth Rock
|move|p1a: Corviknight|U-turn|p2a: Slowbruh 🏃
|-supereffective|p2a: Slowbruh 🏃
|-damage|p2a: Slowbruh 🏃|59/100
|
|t:|1620362944
|switch|p1a: Tangrowth|Tangrowth, F|51/100|[from]move: U-turn
|
|upkeep
|turn|54
|
|t:|1620362945
|switch|p2a: BlissClefPex 🌠|Audino, M|65/100 slp
|-damage|p2a: BlissClefPex 🌠|52/100 slp|[from] Stealth Rock
|move|p1a: Tangrowth|Giga Drain|p2a: BlissClefPex 🌠
|-damage|p2a: BlissClefPex 🌠|33/100 slp
|-heal|p1a: Tangrowth|61/100|[from] drain|[of] p2a: BlissClefPex 🌠
|
|upkeep
|turn|55
|
|t:|1620362954
|switch|p2a: Slowbruh 🏃|Slowbro, M|92/100
|-damage|p2a: Slowbruh 🏃|79/100|[from] Stealth Rock
|move|p1a: Tangrowth|Focus Blast|p2a: Slowbruh 🏃
|-resisted|p2a: Slowbruh 🏃
|-damage|p2a: Slowbruh 🏃|63/100
|
|upkeep
|turn|56
|
|t:|1620362965
|move|p1a: Tangrowth|Focus Blast|p2a: Slowbruh 🏃
|-resisted|p2a: Slowbruh 🏃
|-damage|p2a: Slowbruh 🏃|48/100
|-unboost|p2a: Slowbruh 🏃|spd|1
|move|p2a: Slowbruh 🏃|Teleport|p2a: Slowbruh 🏃
|
|t:|1620362968
|switch|p2a: BlissClefPex 🌠|Audino, M|66/100 slp|[from]move: Teleport
|-damage|p2a: BlissClefPex 🌠|54/100 slp|[from] Stealth Rock
|
|upkeep
|turn|57
|
|t:|1620362970
|-curestatus|p2a: BlissClefPex 🌠|slp|[msg]
|move|p2a: BlissClefPex 🌠|Wish|p2a: BlissClefPex 🌠
|move|p1a: Tangrowth|Focus Blast|p2a: BlissClefPex 🌠
|-supereffective|p2a: BlissClefPex 🌠
|-damage|p2a: BlissClefPex 🌠|14/100
|
|upkeep
|turn|58
|
|t:|1620362976
|move|p2a: BlissClefPex 🌠|Protect|p2a: BlissClefPex 🌠
|-singleturn|p2a: BlissClefPex 🌠|Protect
|move|p1a: Tangrowth|Giga Drain|p2a: BlissClefPex 🌠
|-activate|p2a: BlissClefPex 🌠|move: Protect
|
|-heal|p2a: BlissClefPex 🌠|64/100|[from] move: Wish|[wisher] BlissClefPex 🌠
|upkeep
|turn|59
|
|t:|1620362980
|move|p2a: BlissClefPex 🌠|Wish|p2a: BlissClefPex 🌠
|move|p1a: Tangrowth|Sleep Powder|p2a: BlissClefPex 🌠|[miss]
|-miss|p1a: Tangrowth|p2a: BlissClefPex 🌠
|
|upkeep
|turn|60
|
|t:|1620362986
|switch|p2a: IRON GIANT 🔧|Melmetal|69/100
|-damage|p2a: IRON GIANT 🔧|62/100|[from] Stealth Rock
|switch|p1a: Corviknight|Corviknight, M|99/100
|-ability|p1a: Corviknight|Pressure
|
|-heal|p2a: IRON GIANT 🔧|100/100|[from] move: Wish|[wisher] BlissClefPex 🌠
|-heal|p1a: Corviknight|100/100|[from] item: Leftovers
|upkeep
|turn|61
|
|t:|1620362993
|move|p1a: Corviknight|U-turn|p2a: IRON GIANT 🔧
|-resisted|p2a: IRON GIANT 🔧
|-damage|p2a: IRON GIANT 🔧|97/100
|
|t:|1620362998
|switch|p1a: Tangrowth|Tangrowth, F|94/100|[from]move: U-turn
|move|p2a: IRON GIANT 🔧|Double Iron Bash|p1a: Tangrowth
|-damage|p1a: Tangrowth|73/100
|-damage|p1a: Tangrowth|49/100
|-hitcount|p1a: Tangrowth|2
|
|upkeep
|turn|62
|
|t:|1620363008
|move|p1a: Tangrowth|Sleep Powder|p2a: IRON GIANT 🔧
|-status|p2a: IRON GIANT 🔧|slp|[from] move: Sleep Powder
|cant|p2a: IRON GIANT 🔧|slp
|
|upkeep
|turn|63
|c|☆I'M AT MY LIMIT|I forgor why we had slowbro
|
|t:|1620363013
|switch|p2a: BlissClefPex 🌠|Audino, M|97/100
|-damage|p2a: BlissClefPex 🌠|84/100|[from] Stealth Rock
|move|p1a: Tangrowth|Focus Blast|p2a: BlissClefPex 🌠
|-supereffective|p2a: BlissClefPex 🌠
|-damage|p2a: BlissClefPex 🌠|47/100
|-unboost|p2a: BlissClefPex 🌠|spd|1
|
|upkeep
|turn|64
|c|☆I'M AT MY LIMIT|*forgot
|c|☆I'M AT MY LIMIT|its good for disruption
|
|t:|1620363025
|switch|p2a: KYUREJ 🤙|Volcarona, M, shiny|83/100
|switch|p1a: Heatran|Heatran, M|89/100
|
|upkeep
|turn|65
|
|t:|1620363032
|switch|p2a: Slowbruh 🏃|Slowbro, M|82/100
|-damage|p2a: Slowbruh 🏃|69/100|[from] Stealth Rock
|move|p1a: Heatran|Earth Power|p2a: Slowbruh 🏃
|-damage|p2a: Slowbruh 🏃|42/100
|
|upkeep
|turn|66
|c|☆I'M AT MY LIMIT|Oh fair
|
|t:|1620363043
|move|p1a: Heatran|Toxic|p2a: Slowbruh 🏃
|-status|p2a: Slowbruh 🏃|tox
|move|p2a: Slowbruh 🏃|Slack Off|p2a: Slowbruh 🏃
|-heal|p2a: Slowbruh 🏃|92/100 tox
|
|-damage|p2a: Slowbruh 🏃|86/100 tox|[from] psn
|upkeep
|turn|67
|
|t:|1620363061
|switch|p1a: Tangrowth|Tangrowth, F|82/100
|move|p2a: Slowbruh 🏃|Teleport|p2a: Slowbruh 🏃
|
|t:|1620363064
|switch|p2a: BlissClefPex 🌠|Audino, M|80/100|[from]move: Teleport
|-damage|p2a: BlissClefPex 🌠|68/100|[from] Stealth Rock
|
|upkeep
|turn|68
|
|t:|1620363076
|move|p2a: BlissClefPex 🌠|Wish|p2a: BlissClefPex 🌠
|move|p1a: Tangrowth|Giga Drain|p2a: BlissClefPex 🌠
|-damage|p2a: BlissClefPex 🌠|50/100
|-heal|p1a: Tangrowth|91/100|[from] drain|[of] p2a: BlissClefPex 🌠
|
|upkeep
|turn|69
|
|t:|1620363086
|switch|p1a: Urshifu|Urshifu-Rapid-Strike, M|78/100
|move|p2a: BlissClefPex 🌠|Knock Off|p1a: Urshifu
|-resisted|p1a: Urshifu
|-damage|p1a: Urshifu|71/100
|-enditem|p1a: Urshifu|Choice Band|[from] move: Knock Off|[of] p2a: BlissClefPex 🌠
|
|-heal|p2a: BlissClefPex 🌠|100/100|[from] move: Wish|[wisher] BlissClefPex 🌠
|upkeep
|turn|70
|c|☆I'M AT MY LIMIT|well
|
|t:|1620363111
|switch|p1a: Heatran|Heatran, M|89/100
|switch|p2a: Slowbruh 🏃|Slowbro, M|100/100 tox
|-damage|p2a: Slowbruh 🏃|88/100 tox|[from] Stealth Rock
|
|-damage|p2a: Slowbruh 🏃|82/100 tox|[from] psn
|upkeep
|turn|71
|
|t:|1620363120
|move|p1a: Heatran|Earth Power|p2a: Slowbruh 🏃
|-damage|p2a: Slowbruh 🏃|55/100 tox
|move|p2a: Slowbruh 🏃|Scald|p1a: Heatran
|-supereffective|p1a: Heatran
|-damage|p1a: Heatran|48/100
|
|-damage|p2a: Slowbruh 🏃|43/100 tox|[from] psn
|upkeep
|turn|72
|c|☆I'M AT MY LIMIT|that's big boy damage
|
|t:|1620363139
|switch|p1a: Urshifu|Urshifu-Rapid-Strike, M|71/100
|switch|p2a: BlissClefPex 🌠|Audino, M|100/100
|-damage|p2a: BlissClefPex 🌠|88/100|[from] Stealth Rock
|
|upkeep
|turn|73
|inactive|I'M AT MY LIMIT has 120 seconds left.
|c|☆I'M AT MY LIMIT|wish i had just went for the burn now
|
|t:|1620363185
|switch|p2a: Slowbruh 🏃|Slowbro, M|76/100 tox
|-damage|p2a: Slowbruh 🏃|63/100 tox|[from] Stealth Rock
|move|p1a: Urshifu|Close Combat|p2a: Slowbruh 🏃
|-resisted|p2a: Slowbruh 🏃
|-damage|p2a: Slowbruh 🏃|46/100 tox
|-unboost|p1a: Urshifu|def|1
|-unboost|p1a: Urshifu|spd|1
|
|-damage|p2a: Slowbruh 🏃|40/100 tox|[from] psn
|upkeep
|turn|74
|
|t:|1620363198
|switch|p2a: KYUREJ 🤙|Volcarona, M, shiny|83/100
|move|p1a: Urshifu|Surging Strikes|p2a: KYUREJ 🤙
|-supereffective|p2a: KYUREJ 🤙
|-crit|p2a: KYUREJ 🤙
|-damage|p2a: KYUREJ 🤙|47/100
|-supereffective|p2a: KYUREJ 🤙
|-crit|p2a: KYUREJ 🤙
|-damage|p2a: KYUREJ 🤙|10/100
|-supereffective|p2a: KYUREJ 🤙
|-crit|p2a: KYUREJ 🤙
|-damage|p2a: KYUREJ 🤙|0 fnt
|-status|p1a: Urshifu|brn|[from] ability: Flame Body|[of] p2a: KYUREJ 🤙
|-hitcount|p2a: KYUREJ 🤙|3
|faint|p2a: KYUREJ 🤙
|
|-damage|p1a: Urshifu|65/100 brn|[from] brn
|upkeep
|l| Tapu fever
|c|☆I'M AT MY LIMIT|well played
|inactive|I'M AT MY LIMIT has 90 seconds left.
|c|☆I'M AT MY LIMIT|i mean we had to go for it
|c| Marce95|super F
|
|t:|1620363218
|switch|p2a: BlissClefPex 🌠|Audino, M|100/100
|-damage|p2a: BlissClefPex 🌠|88/100|[from] Stealth Rock
|turn|75
|
|t:|1620363238
|move|p1a: Urshifu|Surging Strikes|p2a: BlissClefPex 🌠
|-crit|p2a: BlissClefPex 🌠
|-damage|p2a: BlissClefPex 🌠|79/100
|-crit|p2a: BlissClefPex 🌠
|-damage|p2a: BlissClefPex 🌠|70/100
|-crit|p2a: BlissClefPex 🌠
|-damage|p2a: BlissClefPex 🌠|60/100
|-hitcount|p2a: BlissClefPex 🌠|3
|move|p2a: BlissClefPex 🌠|Heal Bell|p2a: BlissClefPex 🌠
|-activate|p2a: BlissClefPex 🌠|move: Heal Bell
|-curestatus|p2: Slowbruh 🏃|tox|[msg]
|-curestatus|p2: IRON GIANT 🔧|slp|[msg]
|
|-damage|p1a: Urshifu|59/100 brn|[from] brn
|upkeep
|turn|76
|
|t:|1620363243
|switch|p2a: Slowbruh 🏃|Slowbro, M|73/100
|-damage|p2a: Slowbruh 🏃|61/100|[from] Stealth Rock
|move|p1a: Urshifu|Close Combat|p2a: Slowbruh 🏃
|-resisted|p2a: Slowbruh 🏃
|-damage|p2a: Slowbruh 🏃|51/100
|-unboost|p1a: Urshifu|def|1
|-unboost|p1a: Urshifu|spd|1
|
|-damage|p1a: Urshifu|53/100 brn|[from] brn
|upkeep
|turn|77
|c|☆I'M AT MY LIMIT|Well you got the burn
|
|t:|1620363246
|switch|p2a: BlissClefPex 🌠|Audino, M|93/100
|-damage|p2a: BlissClefPex 🌠|81/100|[from] Stealth Rock
|move|p1a: Urshifu|U-turn|p2a: BlissClefPex 🌠
|-damage|p2a: BlissClefPex 🌠|70/100
|
|t:|1620363250
|switch|p1a: Tangrowth|Tangrowth, F|100/100|[from]move: U-turn
|
|upkeep
|turn|78
|
|t:|1620363253
|switch|p2a: IRON GIANT 🔧|Melmetal|97/100
|-damage|p2a: IRON GIANT 🔧|90/100|[from] Stealth Rock
|move|p1a: Tangrowth|Sleep Powder|p2a: IRON GIANT 🔧|[miss]
|-miss|p1a: Tangrowth|p2a: IRON GIANT 🔧
|
|upkeep
|turn|79
|c|☆I'M AT MY LIMIT|At the cost of the wincon but burn
|l| Marce95
|c|☆I'M AT MY LIMIT|i mean
|c|☆I'M AT MY LIMIT|idk
|inactive|I'M AT MY LIMIT has 120 seconds left.
|
|t:|1620363278
|move|p1a: Tangrowth|Knock Off|p2a: IRON GIANT 🔧
|-damage|p2a: IRON GIANT 🔧|78/100
|-enditem|p2a: IRON GIANT 🔧|Assault Vest|[from] move: Knock Off|[of] p1a: Tangrowth
|move|p2a: IRON GIANT 🔧|Double Iron Bash|p1a: Tangrowth
|-damage|p1a: Tangrowth|76/100
|-damage|p1a: Tangrowth|52/100
|-hitcount|p1a: Tangrowth|2
|
|upkeep
|turn|80
|
|t:|1620363293
|move|p1a: Tangrowth|Giga Drain|p2a: IRON GIANT 🔧
|-resisted|p2a: IRON GIANT 🔧
|-damage|p2a: IRON GIANT 🔧|65/100
|-heal|p1a: Tangrowth|59/100|[from] drain|[of] p2a: IRON GIANT 🔧
|move|p2a: IRON GIANT 🔧|Thunder Punch|p1a: Tangrowth
|-resisted|p1a: Tangrowth
|-damage|p1a: Tangrowth|50/100
|
|upkeep
|turn|81
|
|t:|1620363303
|move|p1a: Tangrowth|Sleep Powder|p2a: IRON GIANT 🔧
|-status|p2a: IRON GIANT 🔧|slp|[from] move: Sleep Powder
|cant|p2a: IRON GIANT 🔧|slp
|
|upkeep
|turn|82
|
|t:|1620363310
|switch|p1a: Urshifu|Urshifu-Rapid-Strike, M|53/100 brn
|switch|p2a: BlissClefPex 🌠|Audino, M|100/100
|-damage|p2a: BlissClefPex 🌠|88/100|[from] Stealth Rock
|
|-damage|p1a: Urshifu|47/100 brn|[from] brn
|upkeep
|turn|83
|
|t:|1620363313
|switch|p2a: Slowbruh 🏃|Slowbro, M|84/100
|-damage|p2a: Slowbruh 🏃|72/100|[from] Stealth Rock
|move|p1a: Urshifu|Close Combat|p2a: Slowbruh 🏃
|-resisted|p2a: Slowbruh 🏃
|-damage|p2a: Slowbruh 🏃|62/100
|-unboost|p1a: Urshifu|def|1
|-unboost|p1a: Urshifu|spd|1
|
|-damage|p1a: Urshifu|40/100 brn|[from] brn
|upkeep
|turn|84
|
|t:|1620363317
|move|p1a: Urshifu|U-turn|p2a: Slowbruh 🏃
|-supereffective|p2a: Slowbruh 🏃
|-crit|p2a: Slowbruh 🏃
|-damage|p2a: Slowbruh 🏃|38/100
|
|t:|1620363323
|switch|p1a: Tangrowth|Tangrowth, F|83/100|[from]move: U-turn
|move|p2a: Slowbruh 🏃|Future Sight|p1a: Tangrowth
|-start|p2a: Slowbruh 🏃|move: Future Sight
|
|upkeep
|turn|85
|j| Marce95
|
|t:|1620363328
|switch|p1a: Urshifu|Urshifu-Rapid-Strike, M|40/100 brn
|switch|p2a: BlissClefPex 🌠|Audino, M|100/100
|-damage|p2a: BlissClefPex 🌠|88/100|[from] Stealth Rock
|
|-damage|p1a: Urshifu|34/100 brn|[from] brn
|upkeep
|turn|86
|
|t:|1620363333
|move|p2a: BlissClefPex 🌠|Protect|p2a: BlissClefPex 🌠
|-singleturn|p2a: BlissClefPex 🌠|Protect
|move|p1a: Urshifu|U-turn|p2a: BlissClefPex 🌠
|-damage|p2a: BlissClefPex 🌠|76/100
|
|t:|1620363343
|switch|p1a: Corviknight|Corviknight, M|100/100|[from]move: U-turn
|-ability|p1a: Corviknight|Pressure
|
|-end|p1a: Corviknight|move: Future Sight
|-resisted|p1a: Corviknight
|-damage|p1a: Corviknight|86/100
|-heal|p1a: Corviknight|92/100|[from] item: Leftovers
|upkeep
|turn|87
|
|t:|1620363348
|switch|p2a: Slowbruh 🏃|Slowbro, M|72/100
|-damage|p2a: Slowbruh 🏃|59/100|[from] Stealth Rock
|move|p1a: Corviknight|Brave Bird|p2a: Slowbruh 🏃
|-crit|p2a: Slowbruh 🏃
|-damage|p2a: Slowbruh 🏃|26/100
|-damage|p1a: Corviknight|82/100|[from] Recoil
|
|-heal|p1a: Corviknight|88/100|[from] item: Leftovers
|upkeep
|turn|88
|
|t:|1620363355
|switch|p2a: BlissClefPex 🌠|Audino, M|100/100
|-damage|p2a: BlissClefPex 🌠|88/100|[from] Stealth Rock
|move|p1a: Corviknight|U-turn|p2a: BlissClefPex 🌠
|-damage|p2a: BlissClefPex 🌠|75/100
|inactive|M4RKUTIO has 120 seconds left.
|
|t:|1620363385
|switch|p1a: Heatran|Heatran, M|48/100|[from]move: U-turn
|
|upkeep
|turn|89
|
|t:|1620363395
|move|p1a: Heatran|Toxic|p2a: BlissClefPex 🌠
|-status|p2a: BlissClefPex 🌠|tox
|move|p2a: BlissClefPex 🌠|Wish|p2a: BlissClefPex 🌠
|
|-damage|p2a: BlissClefPex 🌠|69/100 tox|[from] psn
|upkeep
|turn|90
|
|t:|1620363401
|switch|p1a: Corviknight|Corviknight, M|88/100
|-ability|p1a: Corviknight|Pressure
|move|p2a: BlissClefPex 🌠|Knock Off|p1a: Corviknight
|-damage|p1a: Corviknight|76/100
|-enditem|p1a: Corviknight|Leftovers|[from] move: Knock Off|[of] p2a: BlissClefPex 🌠
|
|-heal|p2a: BlissClefPex 🌠|100/100 tox|[from] move: Wish|[wisher] BlissClefPex 🌠
|-damage|p2a: BlissClefPex 🌠|88/100 tox|[from] psn
|upkeep
|turn|91
|
|t:|1620363420
|switch|p2a: Slowbruh 🏃|Slowbro, M|59/100
|-damage|p2a: Slowbruh 🏃|47/100|[from] Stealth Rock
|move|p1a: Corviknight|Brave Bird|p2a: Slowbruh 🏃
|-damage|p2a: Slowbruh 🏃|24/100
|-damage|p1a: Corviknight|68/100|[from] Recoil
|
|upkeep
|turn|92
|j| Tapu fever
|
|t:|1620363430
|switch|p2a: IRON GIANT 🔧|Melmetal|65/100 slp
|-damage|p2a: IRON GIANT 🔧|58/100 slp|[from] Stealth Rock
|move|p1a: Corviknight|Brave Bird|p2a: IRON GIANT 🔧
|-resisted|p2a: IRON GIANT 🔧
|-damage|p2a: IRON GIANT 🔧|49/100 slp
|-damage|p1a: Corviknight|65/100|[from] Recoil
|
|upkeep
|turn|93
|
|t:|1620363434
|move|p1a: Corviknight|Roost|p1a: Corviknight
|-heal|p1a: Corviknight|100/100
|-singleturn|p1a: Corviknight|move: Roost
|cant|p2a: IRON GIANT 🔧|slp
|
|upkeep
|turn|94
|
|t:|1620363439
|switch|p1a: Tangrowth|Tangrowth, F|100/100
|switch|p2a: Slowbruh 🏃|Slowbro, M|57/100
|-damage|p2a: Slowbruh 🏃|45/100|[from] Stealth Rock
|
|upkeep
|turn|95
|
|t:|1620363443
|switch|p2a: BlissClefPex 🌠|Audino, M|100/100 tox
|-damage|p2a: BlissClefPex 🌠|88/100 tox|[from] Stealth Rock
|move|p1a: Tangrowth|Giga Drain|p2a: BlissClefPex 🌠
|-damage|p2a: BlissClefPex 🌠|70/100 tox
|
|-damage|p2a: BlissClefPex 🌠|64/100 tox|[from] psn
|upkeep
|turn|96
|
|t:|1620363455
|switch|p2a: Slowbruh 🏃|Slowbro, M|78/100
|-damage|p2a: Slowbruh 🏃|65/100|[from] Stealth Rock
|switch|p1a: Corviknight|Corviknight, M|100/100
|-ability|p1a: Corviknight|Pressure
|
|upkeep
|turn|97
|
|t:|1620363464
|move|p1a: Corviknight|Brave Bird|p2a: Slowbruh 🏃
|-damage|p2a: Slowbruh 🏃|44/100
|-damage|p1a: Corviknight|93/100|[from] Recoil
|move|p2a: Slowbruh 🏃|Future Sight|p1a: Corviknight
|-start|p2a: Slowbruh 🏃|move: Future Sight
|
|upkeep
|turn|98
|
|t:|1620363467
|move|p1a: Corviknight|Brave Bird|p2a: Slowbruh 🏃
|-damage|p2a: Slowbruh 🏃|21/100
|-damage|p1a: Corviknight|86/100|[from] Recoil
|move|p2a: Slowbruh 🏃|Slack Off|p2a: Slowbruh 🏃
|-heal|p2a: Slowbruh 🏃|71/100
|
|upkeep
|turn|99
|
|t:|1620363471
|move|p1a: Corviknight|Brave Bird|p2a: Slowbruh 🏃
|-damage|p2a: Slowbruh 🏃|48/100
|-damage|p1a: Corviknight|78/100|[from] Recoil
|move|p2a: Slowbruh 🏃|Scald|p1a: Corviknight
|-damage|p1a: Corviknight|59/100
|-status|p1a: Corviknight|brn
|
|-end|p1a: Corviknight|move: Future Sight
|-resisted|p1a: Corviknight
|-damage|p1a: Corviknight|44/100 brn
|-damage|p1a: Corviknight|37/100 brn|[from] brn
|upkeep
|turn|100
|c|☆I'M AT MY LIMIT|nice
|
|t:|1620363476
|move|p1a: Corviknight|Roost|p1a: Corviknight
|-heal|p1a: Corviknight|87/100 brn
|-singleturn|p1a: Corviknight|move: Roost
|move|p2a: Slowbruh 🏃|Slack Off|p2a: Slowbruh 🏃
|-heal|p2a: Slowbruh 🏃|98/100
|
|-damage|p1a: Corviknight|81/100 brn|[from] brn
|upkeep
|turn|101
|inactive|M4RKUTIO has 120 seconds left.
|
|t:|1620363521
|move|p1a: Corviknight|U-turn|p2a: Slowbruh 🏃
|-supereffective|p2a: Slowbruh 🏃
|-damage|p2a: Slowbruh 🏃|89/100
|
|t:|1620363522
|switch|p1a: Tangrowth|Tangrowth, F|100/100|[from]move: U-turn
|move|p2a: Slowbruh 🏃|Scald|p1a: Tangrowth
|-resisted|p1a: Tangrowth
|-damage|p1a: Tangrowth|80/100
|
|upkeep
|turn|102
|l| Marce95
|
|t:|1620363538
|switch|p1a: Urshifu|Urshifu-Rapid-Strike, M|34/100 brn
|switch|p2a: BlissClefPex 🌠|Audino, M|98/100 tox
|-damage|p2a: BlissClefPex 🌠|85/100 tox|[from] Stealth Rock
|
|-damage|p1a: Urshifu|28/100 brn|[from] brn
|-damage|p2a: BlissClefPex 🌠|79/100 tox|[from] psn
|upkeep
|turn|103
|
|t:|1620363544
|switch|p2a: Slowbruh 🏃|Slowbro, M|100/100
|-damage|p2a: Slowbruh 🏃|88/100|[from] Stealth Rock
|move|p1a: Urshifu|Surging Strikes|p2a: Slowbruh 🏃
|-resisted|p2a: Slowbruh 🏃
|-crit|p2a: Slowbruh 🏃
|-damage|p2a: Slowbruh 🏃|85/100
|-resisted|p2a: Slowbruh 🏃
|-crit|p2a: Slowbruh 🏃
|-damage|p2a: Slowbruh 🏃|83/100
|-resisted|p2a: Slowbruh 🏃
|-crit|p2a: Slowbruh 🏃
|-damage|p2a: Slowbruh 🏃|80/100
|-hitcount|p2a: Slowbruh 🏃|3
|
|-damage|p1a: Urshifu|22/100 brn|[from] brn
|upkeep
|turn|104
|
|t:|1620363548
|move|p1a: Urshifu|U-turn|p2a: Slowbruh 🏃
|-supereffective|p2a: Slowbruh 🏃
|-damage|p2a: Slowbruh 🏃|66/100
|
|t:|1620363552
|switch|p1a: Corviknight|Corviknight, M|81/100 brn|[from]move: U-turn
|-ability|p1a: Corviknight|Pressure
|move|p2a: Slowbruh 🏃|Teleport|p2a: Slowbruh 🏃
|
|t:|1620363555
|switch|p2a: BlissClefPex 🌠|Audino, M|100/100 tox|[from]move: Teleport
|-damage|p2a: BlissClefPex 🌠|88/100 tox|[from] Stealth Rock
|
|-damage|p1a: Corviknight|75/100 brn|[from] brn
|-damage|p2a: BlissClefPex 🌠|82/100 tox|[from] psn
|upkeep
|turn|105
|
|t:|1620363558
|move|p1a: Corviknight|Roost|p1a: Corviknight
|-heal|p1a: Corviknight|100/100 brn
|-singleturn|p1a: Corviknight|move: Roost
|move|p2a: BlissClefPex 🌠|Wish|p2a: BlissClefPex 🌠
|
|-damage|p1a: Corviknight|94/100 brn|[from] brn
|-damage|p2a: BlissClefPex 🌠|70/100 tox|[from] psn
|upkeep
|turn|106
|
|t:|1620363563
|switch|p2a: IRON GIANT 🔧|Melmetal|49/100 slp
|-damage|p2a: IRON GIANT 🔧|42/100 slp|[from] Stealth Rock
|move|p1a: Corviknight|Brave Bird|p2a: IRON GIANT 🔧
|-resisted|p2a: IRON GIANT 🔧
|-damage|p2a: IRON GIANT 🔧|37/100 slp
|-damage|p1a: Corviknight|92/100 brn|[from] Recoil
|
|-heal|p2a: IRON GIANT 🔧|82/100 slp|[from] move: Wish|[wisher] BlissClefPex 🌠
|-damage|p1a: Corviknight|86/100 brn|[from] brn
|upkeep
|turn|107
|
|t:|1620363568
|switch|p2a: Slowbruh 🏃|Slowbro, M|99/100
|-damage|p2a: Slowbruh 🏃|87/100|[from] Stealth Rock
|move|p1a: Corviknight|Roost|p1a: Corviknight
|-heal|p1a: Corviknight|100/100 brn
|-singleturn|p1a: Corviknight|move: Roost
|
|-damage|p1a: Corviknight|94/100 brn|[from] brn
|upkeep
|turn|108
|
|t:|1620363570
|switch|p2a: BlissClefPex 🌠|Audino, M|100/100 tox
|-damage|p2a: BlissClefPex 🌠|88/100 tox|[from] Stealth Rock
|move|p1a: Corviknight|U-turn|p2a: BlissClefPex 🌠
|-damage|p2a: BlissClefPex 🌠|81/100 tox
|j| Marce95
|
|t:|1620363575
|switch|p1a: Heatran|Heatran, M|48/100|[from]move: U-turn
|
|-damage|p2a: BlissClefPex 🌠|75/100 tox|[from] psn
|upkeep
|turn|109
|
|t:|1620363580
|switch|p2a: Slowbruh 🏃|Slowbro, M|100/100
|-damage|p2a: Slowbruh 🏃|88/100|[from] Stealth Rock
|move|p1a: Heatran|Toxic|p2a: Slowbruh 🏃
|-status|p2a: Slowbruh 🏃|tox
|
|-damage|p2a: Slowbruh 🏃|82/100 tox|[from] psn
|upkeep
|turn|110
|
|t:|1620363591
|switch|p1a: Tangrowth|Tangrowth, F|100/100
|move|p2a: Slowbruh 🏃|Scald|p1a: Tangrowth
|-resisted|p1a: Tangrowth
|-damage|p1a: Tangrowth|78/100
|
|-damage|p2a: Slowbruh 🏃|70/100 tox|[from] psn
|upkeep
|turn|111
|
|t:|1620363598
|switch|p1a: Urshifu|Urshifu-Rapid-Strike, M|22/100 brn
|switch|p2a: IRON GIANT 🔧|Melmetal|82/100 slp
|-damage|p2a: IRON GIANT 🔧|76/100 slp|[from] Stealth Rock
|
|-damage|p1a: Urshifu|16/100 brn|[from] brn
|upkeep
|turn|112
|
|t:|1620363604
|switch|p2a: Slowbruh 🏃|Slowbro, M|100/100 tox
|-damage|p2a: Slowbruh 🏃|88/100 tox|[from] Stealth Rock
|move|p1a: Urshifu|U-turn|p2a: Slowbruh 🏃
|-supereffective|p2a: Slowbruh 🏃
|-damage|p2a: Slowbruh 🏃|75/100 tox
|l| Marce95
|
|t:|1620363609
|switch|p1a: Tangrowth|Tangrowth, F|100/100|[from]move: U-turn
|
|-damage|p2a: Slowbruh 🏃|69/100 tox|[from] psn
|upkeep
|turn|113
|
|t:|1620363616
|switch|p2a: BlissClefPex 🌠|Audino, M|100/100 tox
|-damage|p2a: BlissClefPex 🌠|88/100 tox|[from] Stealth Rock
|move|p1a: Tangrowth|Knock Off|p2a: BlissClefPex 🌠
|-damage|p2a: BlissClefPex 🌠|73/100 tox
|
|-damage|p2a: BlissClefPex 🌠|67/100 tox|[from] psn
|upkeep
|turn|114
|
|t:|1620363623
|switch|p2a: Slowbruh 🏃|Slowbro, M|100/100 tox
|-damage|p2a: Slowbruh 🏃|88/100 tox|[from] Stealth Rock
|switch|p1a: Corviknight|Corviknight, M|94/100 brn
|-ability|p1a: Corviknight|Pressure
|
|-damage|p1a: Corviknight|88/100 brn|[from] brn
|-damage|p2a: Slowbruh 🏃|82/100 tox|[from] psn
|upkeep
|turn|115
|
|t:|1620363626
|switch|p2a: BlissClefPex 🌠|Audino, M|99/100 tox
|-damage|p2a: BlissClefPex 🌠|87/100 tox|[from] Stealth Rock
|move|p1a: Corviknight|U-turn|p2a: BlissClefPex 🌠
|-damage|p2a: BlissClefPex 🌠|80/100 tox
|
|t:|1620363632
|switch|p1a: Tangrowth|Tangrowth, F|100/100|[from]move: U-turn
|
|-damage|p2a: BlissClefPex 🌠|74/100 tox|[from] psn
|upkeep
|turn|116
|
|t:|1620363638
|switch|p2a: IRON GIANT 🔧|Melmetal|76/100 slp
|-damage|p2a: IRON GIANT 🔧|70/100 slp|[from] Stealth Rock
|move|p1a: Tangrowth|Focus Blast|p2a: IRON GIANT 🔧
|-supereffective|p2a: IRON GIANT 🔧
|-damage|p2a: IRON GIANT 🔧|10/100 slp
|-unboost|p2a: IRON GIANT 🔧|spd|1
|
|upkeep
|turn|117
|j| Marce95
|
|t:|1620363647
|switch|p2a: BlissClefPex 🌠|Audino, M|100/100 tox
|-damage|p2a: BlissClefPex 🌠|88/100 tox|[from] Stealth Rock
|move|p1a: Tangrowth|Giga Drain|p2a: BlissClefPex 🌠
|-damage|p2a: BlissClefPex 🌠|71/100 tox
|
|-damage|p2a: BlissClefPex 🌠|65/100 tox|[from] psn
|upkeep
|turn|118
|
|t:|1620363660
|switch|p2a: Slowbruh 🏃|Slowbro, M|100/100 tox
|-damage|p2a: Slowbruh 🏃|88/100 tox|[from] Stealth Rock
|switch|p1a: Corviknight|Corviknight, M|88/100 brn
|-ability|p1a: Corviknight|Pressure
|
|-damage|p1a: Corviknight|82/100 brn|[from] brn
|-damage|p2a: Slowbruh 🏃|82/100 tox|[from] psn
|upkeep
|turn|119
|
|t:|1620363674
|switch|p2a: BlissClefPex 🌠|Audino, M|98/100 tox
|-damage|p2a: BlissClefPex 🌠|86/100 tox|[from] Stealth Rock
|move|p1a: Corviknight|U-turn|p2a: BlissClefPex 🌠
|-damage|p2a: BlissClefPex 🌠|79/100 tox
|
|t:|1620363683
|switch|p1a: Heatran|Heatran, M|48/100|[from]move: U-turn
|
|-damage|p2a: BlissClefPex 🌠|73/100 tox|[from] psn
|upkeep
|turn|120
|c|☆I'M AT MY LIMIT|we need to give that sp def?
|l| Tapu fever
|c|☆I'M AT MY LIMIT|Give what
|
|t:|1620363702
|switch|p1a: Corviknight|Corviknight, M|82/100 brn
|-ability|p1a: Corviknight|Pressure
|move|p2a: BlissClefPex 🌠|Heal Bell|p2a: BlissClefPex 🌠
|-activate|p2a: BlissClefPex 🌠|move: Heal Bell
|-curestatus|p2a: BlissClefPex 🌠|tox|[msg]
|-curestatus|p2: IRON GIANT 🔧|slp|[msg]
|-curestatus|p2: Slowbruh 🏃|tox|[msg]
|
|-damage|p1a: Corviknight|75/100 brn|[from] brn
|upkeep
|turn|121
|
|t:|1620363713
|move|p1a: Corviknight|U-turn|p2a: BlissClefPex 🌠
|-damage|p2a: BlissClefPex 🌠|67/100
|
|t:|1620363715
|switch|p1a: Tangrowth|Tangrowth, F|100/100|[from]move: U-turn
|move|p2a: BlissClefPex 🌠|Wish|p2a: BlissClefPex 🌠
|
|upkeep
|turn|122
|j| Tapu fever
|
|t:|1620363727
|move|p2a: BlissClefPex 🌠|Knock Off|p1a: Tangrowth
|-damage|p1a: Tangrowth|95/100
|move|p1a: Tangrowth|Knock Off|p2a: BlissClefPex 🌠
|-damage|p2a: BlissClefPex 🌠|51/100
|
|-heal|p2a: BlissClefPex 🌠|100/100|[from] move: Wish|[wisher] BlissClefPex 🌠
|upkeep
|turn|123
|
|t:|1620363737
|move|p2a: BlissClefPex 🌠|Knock Off|p1a: Tangrowth
|-damage|p1a: Tangrowth|90/100
|move|p1a: Tangrowth|Sleep Powder|p2a: BlissClefPex 🌠
|-status|p2a: BlissClefPex 🌠|slp|[from] move: Sleep Powder
|
|upkeep
|turn|124
|
|t:|1620363745
|switch|p1a: Corviknight|Corviknight, M|75/100 brn
|-ability|p1a: Corviknight|Pressure
|cant|p2a: BlissClefPex 🌠|slp
|
|-damage|p1a: Corviknight|69/100 brn|[from] brn
|upkeep
|turn|125
|
|t:|1620363748
|move|p1a: Corviknight|Brave Bird|p2a: BlissClefPex 🌠
|-damage|p2a: BlissClefPex 🌠|83/100 slp
|-damage|p1a: Corviknight|63/100 brn|[from] Recoil
|-curestatus|p2a: BlissClefPex 🌠|slp|[msg]
|move|p2a: BlissClefPex 🌠|Knock Off|p1a: Corviknight
|-damage|p1a: Corviknight|55/100 brn
|
|-damage|p1a: Corviknight|49/100 brn|[from] brn
|upkeep
|turn|126
|
|t:|1620363751
|move|p1a: Corviknight|Brave Bird|p2a: BlissClefPex 🌠
|-crit|p2a: BlissClefPex 🌠
|-damage|p2a: BlissClefPex 🌠|57/100
|-damage|p1a: Corviknight|40/100 brn|[from] Recoil
|move|p2a: BlissClefPex 🌠|Knock Off|p1a: Corviknight
|-damage|p1a: Corviknight|32/100 brn
|
|-damage|p1a: Corviknight|26/100 brn|[from] brn
|upkeep
|turn|127
|
|t:|1620363754
|switch|p2a: Slowbruh 🏃|Slowbro, M|100/100
|-damage|p2a: Slowbruh 🏃|88/100|[from] Stealth Rock
|move|p1a: Corviknight|Roost|p1a: Corviknight
|-heal|p1a: Corviknight|76/100 brn
|-singleturn|p1a: Corviknight|move: Roost
|
|-damage|p1a: Corviknight|69/100 brn|[from] brn
|upkeep
|turn|128
|
|t:|1620363758
|switch|p2a: BlissClefPex 🌠|Audino, M|90/100
|-damage|p2a: BlissClefPex 🌠|78/100|[from] Stealth Rock
|move|p1a: Corviknight|Roost|p1a: Corviknight
|-heal|p1a: Corviknight|100/100 brn
|-singleturn|p1a: Corviknight|move: Roost
|
|-damage|p1a: Corviknight|94/100 brn|[from] brn
|upkeep
|turn|129
|
|t:|1620363760
|switch|p2a: Slowbruh 🏃|Slowbro, M|100/100
|-damage|p2a: Slowbruh 🏃|88/100|[from] Stealth Rock
|move|p1a: Corviknight|U-turn|p2a: Slowbruh 🏃
|-supereffective|p2a: Slowbruh 🏃
|-damage|p2a: Slowbruh 🏃|80/100
|
|t:|1620363777
|switch|p1a: Tangrowth|Tangrowth, F|100/100|[from]move: U-turn
|
|upkeep
|turn|130
|
|t:|1620363780
|switch|p1a: Heatran|Heatran, M|48/100
|switch|p2a: BlissClefPex 🌠|Audino, M|100/100
|-damage|p2a: BlissClefPex 🌠|88/100|[from] Stealth Rock
|
|upkeep
|turn|131
|
|t:|1620363789
|switch|p2a: Slowbruh 🏃|Slowbro, M|100/100
|-damage|p2a: Slowbruh 🏃|88/100|[from] Stealth Rock
|move|p1a: Heatran|Earth Power|p2a: Slowbruh 🏃
|-damage|p2a: Slowbruh 🏃|63/100
|-unboost|p2a: Slowbruh 🏃|spd|1
|
|upkeep
|turn|132
|
|t:|1620363809
|switch|p1a: Tangrowth|Tangrowth, F|100/100
|move|p2a: Slowbruh 🏃|Teleport|p2a: Slowbruh 🏃
|c|☆I'M AT MY LIMIT|i think magma was the play there idk though
|
|t:|1620363822
|switch|p2a: BlissClefPex 🌠|Audino, M|100/100|[from]move: Teleport
|-damage|p2a: BlissClefPex 🌠|88/100|[from] Stealth Rock
|
|upkeep
|turn|133
|
|t:|1620363829
|move|p2a: BlissClefPex 🌠|Knock Off|p1a: Tangrowth
|-damage|p1a: Tangrowth|95/100
|move|p1a: Tangrowth|Sleep Powder|p2a: BlissClefPex 🌠
|-status|p2a: BlissClefPex 🌠|slp|[from] move: Sleep Powder
|
|upkeep
|turn|134
|
|t:|1620363833
|switch|p1a: Urshifu|Urshifu-Rapid-Strike, M|16/100 brn
|cant|p2a: BlissClefPex 🌠|slp
|
|-damage|p1a: Urshifu|10/100 brn|[from] brn
|upkeep
|turn|135
|
|t:|1620363838
|switch|p2a: Slowbruh 🏃|Slowbro, M|96/100
|-damage|p2a: Slowbruh 🏃|84/100|[from] Stealth Rock
|move|p1a: Urshifu|Surging Strikes|p2a: Slowbruh 🏃
|-resisted|p2a: Slowbruh 🏃
|-crit|p2a: Slowbruh 🏃
|-damage|p2a: Slowbruh 🏃|81/100
|-resisted|p2a: Slowbruh 🏃
|-crit|p2a: Slowbruh 🏃
|-damage|p2a: Slowbruh 🏃|78/100
|-resisted|p2a: Slowbruh 🏃
|-crit|p2a: Slowbruh 🏃
|-damage|p2a: Slowbruh 🏃|76/100
|-hitcount|p2a: Slowbruh 🏃|3
|
|-damage|p1a: Urshifu|3/100 brn|[from] brn
|upkeep
|turn|136
|
|t:|1620363841
|move|p1a: Urshifu|U-turn|p2a: Slowbruh 🏃
|-supereffective|p2a: Slowbruh 🏃
|-damage|p2a: Slowbruh 🏃|61/100
|
|t:|1620363849
|switch|p1a: Tangrowth|Tangrowth, F|100/100|[from]move: U-turn
|move|p2a: Slowbruh 🏃|Teleport|p2a: Slowbruh 🏃
|
|t:|1620363852
|switch|p2a: BlissClefPex 🌠|Audino, M|100/100 slp|[from]move: Teleport
|-damage|p2a: BlissClefPex 🌠|88/100 slp|[from] Stealth Rock
|
|upkeep
|turn|137
|
|t:|1620363857
|cant|p2a: BlissClefPex 🌠|slp
|move|p1a: Tangrowth|Giga Drain|p2a: BlissClefPex 🌠
|-damage|p2a: BlissClefPex 🌠|69/100 slp
|
|upkeep
|turn|138
|
|t:|1620363861
|switch|p1a: Corviknight|Corviknight, M|94/100 brn
|-ability|p1a: Corviknight|Pressure
|cant|p2a: BlissClefPex 🌠|slp
|
|-damage|p1a: Corviknight|88/100 brn|[from] brn
|upkeep
|turn|139
|
|t:|1620363864
|switch|p2a: Slowbruh 🏃|Slowbro, M|94/100
|-damage|p2a: Slowbruh 🏃|82/100|[from] Stealth Rock
|move|p1a: Corviknight|Brave Bird|p2a: Slowbruh 🏃
|-damage|p2a: Slowbruh 🏃|71/100
|-damage|p1a: Corviknight|84/100 brn|[from] Recoil
|
|-damage|p1a: Corviknight|78/100 brn|[from] brn
|upkeep
|turn|140
|
|t:|1620363876
|move|p1a: Corviknight|Brave Bird|p2a: Slowbruh 🏃
|-crit|p2a: Slowbruh 🏃
|-damage|p2a: Slowbruh 🏃|55/100
|-damage|p1a: Corviknight|73/100 brn|[from] Recoil
|move|p2a: Slowbruh 🏃|Teleport|p2a: Slowbruh 🏃
|
|t:|1620363878
|switch|p2a: BlissClefPex 🌠|Audino, M|100/100 slp|[from]move: Teleport
|-damage|p2a: BlissClefPex 🌠|88/100 slp|[from] Stealth Rock
|
|-damage|p1a: Corviknight|66/100 brn|[from] brn
|upkeep
|turn|141
|
|t:|1620363881
|switch|p2a: Slowbruh 🏃|Slowbro, M|88/100
|-damage|p2a: Slowbruh 🏃|75/100|[from] Stealth Rock
|move|p1a: Corviknight|Roost|p1a: Corviknight
|-heal|p1a: Corviknight|100/100 brn
|-singleturn|p1a: Corviknight|move: Roost
|
|-damage|p1a: Corviknight|94/100 brn|[from] brn
|upkeep
|turn|142
|
|t:|1620363887
|move|p1a: Corviknight|U-turn|p2a: Slowbruh 🏃
|-supereffective|p2a: Slowbruh 🏃
|-damage|p2a: Slowbruh 🏃|67/100
|c| Marce95|this is like metapod vs metapod
|
|t:|1620363896
|switch|p1a: Tangrowth|Tangrowth, F|100/100|[from]move: U-turn
|move|p2a: Slowbruh 🏃|Future Sight|p1a: Tangrowth
|-start|p2a: Slowbruh 🏃|move: Future Sight
|
|upkeep
|turn|143
|c|☆I'M AT MY LIMIT|i mean more like
|c|☆I'M AT MY LIMIT|metapod versus a level 100 magikarp
|c|☆I'M AT MY LIMIT|with only splash
|c|☆I'M AT MY LIMIT|eventually we are going to win this i think
|inactive|I'M AT MY LIMIT has 120 seconds left.
|l| Marce95
|
|t:|1620363929
|switch|p1a: Heatran|Heatran, M|48/100
|switch|p2a: BlissClefPex 🌠|Audino, M|100/100 slp
|-damage|p2a: BlissClefPex 🌠|88/100 slp|[from] Stealth Rock
|
|upkeep
|turn|144
|
|t:|1620363935
|switch|p2a: Slowbruh 🏃|Slowbro, M|100/100
|-damage|p2a: Slowbruh 🏃|88/100|[from] Stealth Rock
|move|p1a: Heatran|Earth Power|p2a: Slowbruh 🏃
|-damage|p2a: Slowbruh 🏃|63/100
|
|-end|p1a: Heatran|move: Future Sight
|-resisted|p1a: Heatran
|-damage|p1a: Heatran|34/100
|upkeep
|turn|145
|
|t:|1620363939
|move|p1a: Heatran|Toxic|p2a: Slowbruh 🏃
|-status|p2a: Slowbruh 🏃|tox
|move|p2a: Slowbruh 🏃|Scald|p1a: Heatran
|-supereffective|p1a: Heatran
|-damage|p1a: Heatran|0 fnt
|faint|p1a: Heatran
|
|-damage|p2a: Slowbruh 🏃|57/100 tox|[from] psn
|upkeep
|
|t:|1620363946
|switch|p1a: Tangrowth|Tangrowth, F|100/100
|turn|146
|
|t:|1620363951
|switch|p2a: BlissClefPex 🌠|Audino, M|100/100 slp
|-damage|p2a: BlissClefPex 🌠|88/100 slp|[from] Stealth Rock
|move|p1a: Tangrowth|Giga Drain|p2a: BlissClefPex 🌠
|-damage|p2a: BlissClefPex 🌠|70/100 slp
|
|upkeep
|turn|147
|
|t:|1620363954
|-curestatus|p2a: BlissClefPex 🌠|slp|[msg]
|move|p2a: BlissClefPex 🌠|Heal Bell|p2a: BlissClefPex 🌠
|-activate|p2a: BlissClefPex 🌠|move: Heal Bell
|-curestatus|p2: Slowbruh 🏃|tox|[msg]
|move|p1a: Tangrowth|Giga Drain|p2a: BlissClefPex 🌠
|-damage|p2a: BlissClefPex 🌠|50/100
|
|upkeep
|turn|148
|j| Marce95
|
|t:|1620363962
|move|p2a: BlissClefPex 🌠|Wish|p2a: BlissClefPex 🌠
|move|p1a: Tangrowth|Sleep Powder|p2a: BlissClefPex 🌠
|-status|p2a: BlissClefPex 🌠|slp|[from] move: Sleep Powder
|
|upkeep
|turn|149
|
|t:|1620363967
|cant|p2a: BlissClefPex 🌠|slp
|move|p1a: Tangrowth|Knock Off|p2a: BlissClefPex 🌠
|-damage|p2a: BlissClefPex 🌠|36/100 slp
|
|-heal|p2a: BlissClefPex 🌠|86/100 slp|[from] move: Wish|[wisher] BlissClefPex 🌠
|upkeep
|turn|150
|c|☆I'M AT MY LIMIT|because his sleep is giving us more pp
|
|t:|1620363979
|-curestatus|p2a: BlissClefPex 🌠|slp|[msg]
|move|p2a: BlissClefPex 🌠|Knock Off|p1a: Tangrowth
|-damage|p1a: Tangrowth|96/100
|move|p1a: Tangrowth|Knock Off|p2a: BlissClefPex 🌠
|-damage|p2a: BlissClefPex 🌠|73/100
|
|upkeep
|turn|151
|
|t:|1620363987
|switch|p2a: Slowbruh 🏃|Slowbro, M|90/100
|-damage|p2a: Slowbruh 🏃|78/100|[from] Stealth Rock
|move|p1a: Tangrowth|Knock Off|p2a: Slowbruh 🏃
|-supereffective|p2a: Slowbruh 🏃
|-damage|p2a: Slowbruh 🏃|59/100
|
|upkeep
|turn|152
|
|t:|1620363991
|switch|p2a: BlissClefPex 🌠|Audino, M|100/100
|-damage|p2a: BlissClefPex 🌠|88/100|[from] Stealth Rock
|move|p1a: Tangrowth|Knock Off|p2a: BlissClefPex 🌠
|-damage|p2a: BlissClefPex 🌠|74/100
|
|upkeep
|turn|153
|
|t:|1620363995
|switch|p2a: Slowbruh 🏃|Slowbro, M|92/100
|-damage|p2a: Slowbruh 🏃|80/100|[from] Stealth Rock
|move|p1a: Tangrowth|Knock Off|p2a: Slowbruh 🏃
|-supereffective|p2a: Slowbruh 🏃
|-damage|p2a: Slowbruh 🏃|63/100
|
|upkeep
|turn|154
|
|t:|1620363997
|switch|p2a: BlissClefPex 🌠|Audino, M|100/100
|-damage|p2a: BlissClefPex 🌠|88/100|[from] Stealth Rock
|move|p1a: Tangrowth|Knock Off|p2a: BlissClefPex 🌠
|-damage|p2a: BlissClefPex 🌠|75/100
|
|upkeep
|turn|155
|
|t:|1620364000
|move|p2a: BlissClefPex 🌠|Knock Off|p1a: Tangrowth
|-damage|p1a: Tangrowth|90/100
|move|p1a: Tangrowth|Sleep Powder|p2a: BlissClefPex 🌠
|-status|p2a: BlissClefPex 🌠|slp|[from] move: Sleep Powder
|
|upkeep
|turn|156
|
|t:|1620364003
|cant|p2a: BlissClefPex 🌠|slp
|move|p1a: Tangrowth|Knock Off|p2a: BlissClefPex 🌠
|-damage|p2a: BlissClefPex 🌠|61/100 slp
|
|upkeep
|turn|157
|
|t:|1620364008
|cant|p2a: BlissClefPex 🌠|slp
|move|p1a: Tangrowth|Giga Drain|p2a: BlissClefPex 🌠
|-damage|p2a: BlissClefPex 🌠|41/100 slp
|-heal|p1a: Tangrowth|100/100|[from] drain|[of] p2a: BlissClefPex 🌠
|
|upkeep
|turn|158
|
|t:|1620364011
|-curestatus|p2a: BlissClefPex 🌠|slp|[msg]
|move|p2a: BlissClefPex 🌠|Wish|p2a: BlissClefPex 🌠
|move|p1a: Tangrowth|Knock Off|p2a: BlissClefPex 🌠
|-damage|p2a: BlissClefPex 🌠|27/100
|
|upkeep
|turn|159
|
|t:|1620364017
|move|p2a: BlissClefPex 🌠|Protect|p2a: BlissClefPex 🌠
|-singleturn|p2a: BlissClefPex 🌠|Protect
|move|p1a: Tangrowth|Sleep Powder|p2a: BlissClefPex 🌠
|-activate|p2a: BlissClefPex 🌠|move: Protect
|
|-heal|p2a: BlissClefPex 🌠|77/100|[from] move: Wish|[wisher] BlissClefPex 🌠
|upkeep
|turn|160
|c|☆I'M AT MY LIMIT|lol
|c| Marce95|at least they both don't have heal bell xd
|
|t:|1620364027
|move|p2a: BlissClefPex 🌠|Knock Off|p1a: Tangrowth
|-damage|p1a: Tangrowth|95/100
|move|p1a: Tangrowth|Knock Off|p2a: BlissClefPex 🌠
|-damage|p2a: BlissClefPex 🌠|62/100
|
|upkeep
|turn|161
|
|t:|1620364037
|switch|p2a: Slowbruh 🏃|Slowbro, M|96/100
|-damage|p2a: Slowbruh 🏃|84/100|[from] Stealth Rock
|move|p1a: Tangrowth|Giga Drain|p2a: Slowbruh 🏃
|-supereffective|p2a: Slowbruh 🏃
|-damage|p2a: Slowbruh 🏃|25/100
|-heal|p1a: Tangrowth|100/100|[from] drain|[of] p2a: Slowbruh 🏃
|
|upkeep
|turn|162
|
|t:|1620364046
|switch|p2a: BlissClefPex 🌠|Audino, M|95/100
|-damage|p2a: BlissClefPex 🌠|82/100|[from] Stealth Rock
|move|p1a: Tangrowth|Knock Off|p2a: BlissClefPex 🌠
|-damage|p2a: BlissClefPex 🌠|69/100
|
|upkeep
|turn|163
|
|t:|1620364055
|switch|p2a: IRON GIANT 🔧|Melmetal|10/100
|-damage|p2a: IRON GIANT 🔧|4/100|[from] Stealth Rock
|move|p1a: Tangrowth|Knock Off|p2a: IRON GIANT 🔧
|-damage|p2a: IRON GIANT 🔧|0 fnt
|faint|p2a: IRON GIANT 🔧
|
|upkeep
|
|t:|1620364057
|switch|p2a: Slowbruh 🏃|Slowbro, M|58/100
|-damage|p2a: Slowbruh 🏃|45/100|[from] Stealth Rock
|turn|164
|
|t:|1620364062
|switch|p2a: BlissClefPex 🌠|Audino, M|100/100
|-damage|p2a: BlissClefPex 🌠|88/100|[from] Stealth Rock
|move|p1a: Tangrowth|Giga Drain|p2a: BlissClefPex 🌠
|-crit|p2a: BlissClefPex 🌠
|-damage|p2a: BlissClefPex 🌠|62/100
|
|upkeep
|turn|165
|
|t:|1620364068
|move|p2a: BlissClefPex 🌠|Wish|p2a: BlissClefPex 🌠
|move|p1a: Tangrowth|Knock Off|p2a: BlissClefPex 🌠
|-damage|p2a: BlissClefPex 🌠|49/100
|
|upkeep
|turn|166
|
|t:|1620364074
|switch|p2a: Slowbruh 🏃|Slowbro, M|79/100
|-damage|p2a: Slowbruh 🏃|66/100|[from] Stealth Rock
|move|p1a: Tangrowth|Sleep Powder|p2a: Slowbruh 🏃
|-status|p2a: Slowbruh 🏃|slp|[from] move: Sleep Powder
|
|-heal|p2a: Slowbruh 🏃|100/100 slp|[from] move: Wish|[wisher] BlissClefPex 🌠
|upkeep
|turn|167
|
|t:|1620364077
|switch|p2a: BlissClefPex 🌠|Audino, M|82/100
|-damage|p2a: BlissClefPex 🌠|70/100|[from] Stealth Rock
|move|p1a: Tangrowth|Knock Off|p2a: BlissClefPex 🌠
|-damage|p2a: BlissClefPex 🌠|56/100
|
|upkeep
|turn|168
|
|t:|1620364081
|switch|p2a: Slowbruh 🏃|Slowbro, M|100/100 slp
|-damage|p2a: Slowbruh 🏃|88/100 slp|[from] Stealth Rock
|move|p1a: Tangrowth|Knock Off|p2a: Slowbruh 🏃
|-supereffective|p2a: Slowbruh 🏃
|-damage|p2a: Slowbruh 🏃|70/100 slp
|
|upkeep
|turn|169
|
|t:|1620364084
|switch|p2a: BlissClefPex 🌠|Audino, M|89/100
|-damage|p2a: BlissClefPex 🌠|77/100|[from] Stealth Rock
|move|p1a: Tangrowth|Knock Off|p2a: BlissClefPex 🌠
|-damage|p2a: BlissClefPex 🌠|61/100
|
|upkeep
|turn|170
|
|t:|1620364086
|switch|p2a: Slowbruh 🏃|Slowbro, M|100/100 slp
|-damage|p2a: Slowbruh 🏃|88/100 slp|[from] Stealth Rock
|move|p1a: Tangrowth|Knock Off|p2a: Slowbruh 🏃
|-supereffective|p2a: Slowbruh 🏃
|-damage|p2a: Slowbruh 🏃|69/100 slp
|
|upkeep
|turn|171
|
|t:|1620364089
|switch|p1a: Corviknight|Corviknight, M|94/100 brn
|-ability|p1a: Corviknight|Pressure
|switch|p2a: BlissClefPex 🌠|Audino, M|95/100
|-damage|p2a: BlissClefPex 🌠|82/100|[from] Stealth Rock
|
|-damage|p1a: Corviknight|88/100 brn|[from] brn
|upkeep
|turn|172
|c|☆I'M AT MY LIMIT|yeah i think this is gg
|
|t:|1620364098
|switch|p2a: Slowbruh 🏃|Slowbro, M|100/100 slp
|-damage|p2a: Slowbruh 🏃|88/100 slp|[from] Stealth Rock
|move|p1a: Corviknight|U-turn|p2a: Slowbruh 🏃
|-supereffective|p2a: Slowbruh 🏃
|-damage|p2a: Slowbruh 🏃|79/100 slp
|
|t:|1620364103
|switch|p1a: Urshifu|Urshifu-Rapid-Strike, M|3/100 brn|[from]move: U-turn
|
|-damage|p1a: Urshifu|0 fnt|[from] brn
|faint|p1a: Urshifu
|upkeep
|
|t:|1620364105
|switch|p1a: Tangrowth|Tangrowth, F|100/100
|turn|173
|
|t:|1620364115
|switch|p1a: Corviknight|Corviknight, M|88/100 brn
|-ability|p1a: Corviknight|Pressure
|switch|p2a: BlissClefPex 🌠|Audino, M|100/100
|-damage|p2a: BlissClefPex 🌠|88/100|[from] Stealth Rock
|
|-damage|p1a: Corviknight|82/100 brn|[from] brn
|upkeep
|turn|174
|
|t:|1620364119
|switch|p2a: Slowbruh 🏃|Slowbro, M|100/100 slp
|-damage|p2a: Slowbruh 🏃|88/100 slp|[from] Stealth Rock
|move|p1a: Corviknight|U-turn|p2a: Slowbruh 🏃
|-supereffective|p2a: Slowbruh 🏃
|-damage|p2a: Slowbruh 🏃|80/100 slp
|
|t:|1620364121
|switch|p1a: Tangrowth|Tangrowth, F|100/100|[from]move: U-turn
|
|upkeep
|turn|175
|
|t:|1620364126
|move|p1a: Tangrowth|Giga Drain|p2a: Slowbruh 🏃
|-supereffective|p2a: Slowbruh 🏃
|-damage|p2a: Slowbruh 🏃|18/100 slp
|cant|p2a: Slowbruh 🏃|slp
|
|upkeep
|turn|176
|
|t:|1620364130
|switch|p1a: Corviknight|Corviknight, M|82/100 brn
|-ability|p1a: Corviknight|Pressure
|switch|p2a: BlissClefPex 🌠|Audino, M|100/100
|-damage|p2a: BlissClefPex 🌠|88/100|[from] Stealth Rock
|
|-damage|p1a: Corviknight|75/100 brn|[from] brn
|upkeep
|turn|177
|
|t:|1620364132
|switch|p2a: Slowbruh 🏃|Slowbro, M|52/100 slp
|-damage|p2a: Slowbruh 🏃|39/100 slp|[from] Stealth Rock
|move|p1a: Corviknight|U-turn|p2a: Slowbruh 🏃
|-supereffective|p2a: Slowbruh 🏃
|-damage|p2a: Slowbruh 🏃|31/100 slp
|
|t:|1620364139
|switch|p1a: Tangrowth|Tangrowth, F|100/100|[from]move: U-turn
|
|upkeep
|turn|178
|
|t:|1620364142
|switch|p1a: Corviknight|Corviknight, M|75/100 brn
|-ability|p1a: Corviknight|Pressure
|switch|p2a: BlissClefPex 🌠|Audino, M|100/100
|-damage|p2a: BlissClefPex 🌠|88/100|[from] Stealth Rock
|
|-damage|p1a: Corviknight|69/100 brn|[from] brn
|upkeep
|turn|179
|
|t:|1620364145
|switch|p2a: Slowbruh 🏃|Slowbro, M|64/100 slp
|-damage|p2a: Slowbruh 🏃|52/100 slp|[from] Stealth Rock
|move|p1a: Corviknight|U-turn|p2a: Slowbruh 🏃
|-supereffective|p2a: Slowbruh 🏃
|-damage|p2a: Slowbruh 🏃|44/100 slp
|
|t:|1620364151
|switch|p1a: Tangrowth|Tangrowth, F|100/100|[from]move: U-turn
|
|upkeep
|turn|180
|
|t:|1620364153
|switch|p2a: BlissClefPex 🌠|Audino, M|100/100
|-damage|p2a: BlissClefPex 🌠|88/100|[from] Stealth Rock
|move|p1a: Tangrowth|Knock Off|p2a: BlissClefPex 🌠
|-damage|p2a: BlissClefPex 🌠|75/100
|
|upkeep
|turn|181
|inactive|M4RKUTIO has 120 seconds left.
|
|t:|1620364184
|move|p2a: BlissClefPex 🌠|Wish|p2a: BlissClefPex 🌠
|move|p1a: Tangrowth|Giga Drain|p2a: BlissClefPex 🌠
|-damage|p2a: BlissClefPex 🌠|56/100
|
|upkeep
|turn|182
|c|☆I'M AT MY LIMIT|gg
|-message|M4RKUTIO forfeited.
|
|win|I'M AT MY LIMIT
|raw|M4RKUTIO's rating: 1508 &rarr; <strong>1489</strong><br />(-19 for losing)
|raw|I&apos;M AT MY LIMIT's rating: 1524 &rarr; <strong>1543</strong><br />(+19 for winning)
|l|☆M4RKUTIO
|c|☆I'M AT MY LIMIT|Gah
