|j|☆Laroxyl
|j|☆Tyrtle li
|t:|1667611885
|gametype|singles
|player|p1|Laroxyl|#scl1spartans|1646
|player|p2|Tyrtle li|265|1702
|teamsize|p1|6
|teamsize|p2|6
|gen|8
|tier|[Gen 8] OU
|rated|
|rule|Sleep Clause Mod: Limit one foe put to sleep
|rule|Species Clause: Limit one of each Pokémon
|rule|OHKO Clause: OHKO moves are banned
|rule|Evasion Items Clause: Evasion items are banned
|rule|Evasion Moves Clause: Evasion moves are banned
|rule|Endless Battle Clause: Forcing endless battles is banned
|rule|HP Percentage Mod: HP is shown in percentages
|rule|Dynamax Clause: You cannot dynamax
|clearpoke
|poke|p1|Rillaboom, F|
|poke|p1|Tornadus-Therian, M|
|poke|p1|Blaziken, M|
|poke|p1|Melmetal|
|poke|p1|Garchomp, M|
|poke|p1|Slowbro, M|
|poke|p2|Hippowdon, F|
|poke|p2|Umbreon, F|
|poke|p2|Kartana|
|poke|p2|Tornadus-Therian, M|
|poke|p2|Aegislash, F|
|poke|p2|Slowbro, F|
|teampreview
|c|☆Tyrtle li|hf
|
|t:|1667611931
|start
|switch|p1a: Tornadus|Tornadus-Therian, M|100/100
|switch|p2a: Hippowdon|Hippowdon, F|100/100
|-weather|Sandstorm|[from] ability: Sand Stream|[of] p2a: Hippowdon
|turn|1
|
|t:|1667611951
|move|p1a: Tornadus|U-turn|p2a: Hippowdon
|-damage|p2a: Hippowdon|90/100
|
|t:|1667611958
|switch|p1a: Slowbro|Slowbro, M|100/100|[from]move: U-turn
|move|p2a: Hippowdon|Toxic|p1a: Slowbro
|-status|p1a: Slowbro|tox
|
|-weather|Sandstorm|[upkeep]
|-damage|p1a: Slowbro|94/100 tox|[from] Sandstorm
|-heal|p2a: Hippowdon|96/100|[from] item: Leftovers
|-damage|p1a: Slowbro|88/100 tox|[from] psn
|upkeep
|turn|2
|
|t:|1667611983
|switch|p2a: Aegislash|Aegislash, F|100/100
|move|p1a: Slowbro|Toxic|p2a: Aegislash
|-immune|p2a: Aegislash
|
|-weather|Sandstorm|[upkeep]
|-damage|p1a: Slowbro|82/100 tox|[from] Sandstorm
|-damage|p1a: Slowbro|70/100 tox|[from] psn
|upkeep
|turn|3
|
|t:|1667612004
|switch|p1a: Garchomp|Garchomp, M|100/100
|-formechange|p2a: Aegislash|Aegislash-Blade||[from] ability: Stance Change
|move|p2a: Aegislash|Shadow Ball|p1a: Garchomp
|-crit|p1a: Garchomp
|-damage|p1a: Garchomp|26/100
|
|-weather|Sandstorm|[upkeep]
|-heal|p1a: Garchomp|32/100|[from] item: Leftovers
|upkeep
|turn|4
|
|t:|1667612016
|switch|p2a: Tornadus|Tornadus-Therian, M|100/100
|move|p1a: Garchomp|Stealth Rock|p2a: Tornadus
|-sidestart|p2: Tyrtle li|move: Stealth Rock
|
|-weather|Sandstorm|[upkeep]
|-damage|p2a: Tornadus|94/100|[from] Sandstorm
|-heal|p1a: Garchomp|39/100|[from] item: Leftovers
|upkeep
|turn|5
|
|t:|1667612027
|move|p1a: Garchomp|Protect|p1a: Garchomp
|-singleturn|p1a: Garchomp|Protect
|move|p2a: Tornadus|Defog|p1a: Garchomp
|-activate|p1a: Garchomp|move: Protect
|
|-weather|none
|-heal|p1a: Garchomp|45/100|[from] item: Leftovers
|upkeep
|turn|6
|
|t:|1667612032
|move|p2a: Tornadus|Defog|p1a: Garchomp
|-unboost|p1a: Garchomp|evasion|1
|-sideend|p2: Tyrtle li|Stealth Rock|[from] move: Defog|[of] p2a: Tornadus
|move|p1a: Garchomp|Toxic|p2a: Tornadus
|-status|p2a: Tornadus|tox
|
|-heal|p1a: Garchomp|51/100|[from] item: Leftovers
|-damage|p2a: Tornadus|88/100 tox|[from] psn
|upkeep
|turn|7
|
|t:|1667612037
|move|p1a: Garchomp|Protect|p1a: Garchomp
|-singleturn|p1a: Garchomp|Protect
|move|p2a: Tornadus|Hurricane|p1a: Garchomp
|-activate|p1a: Garchomp|move: Protect
|
|-heal|p1a: Garchomp|57/100|[from] item: Leftovers
|-damage|p2a: Tornadus|76/100 tox|[from] psn
|upkeep
|turn|8
|
|t:|1667612043
|move|p2a: Tornadus|Hurricane|p1a: Garchomp
|-damage|p1a: Garchomp|29/100
|move|p1a: Garchomp|Stealth Rock|p2a: Tornadus
|-sidestart|p2: Tyrtle li|move: Stealth Rock
|
|-heal|p1a: Garchomp|36/100|[from] item: Leftovers
|-damage|p2a: Tornadus|58/100 tox|[from] psn
|upkeep
|turn|9
|
|t:|1667612048
|switch|p2a: Kartana|Kartana|100/100
|-damage|p2a: Kartana|94/100|[from] Stealth Rock
|move|p1a: Garchomp|Protect||[still]
|-fail|p1a: Garchomp
|
|-heal|p1a: Garchomp|42/100|[from] item: Leftovers
|upkeep
|turn|10
|inactive|Battle timer is ON: inactive players will automatically lose when time's up. (requested by Tyrtle li)
|
|t:|1667612058
|move|p1a: Garchomp|Protect|p1a: Garchomp
|-singleturn|p1a: Garchomp|Protect
|move|p2a: Kartana|Knock Off|p1a: Garchomp
|-activate|p1a: Garchomp|move: Protect
|
|-heal|p1a: Garchomp|48/100|[from] item: Leftovers
|upkeep
|turn|11
|
|t:|1667612065
|switch|p1a: Tornadus|Tornadus-Therian, M|100/100
|move|p2a: Kartana|Knock Off|p1a: Tornadus
|-damage|p1a: Tornadus|30/100
|-enditem|p1a: Tornadus|Heavy-Duty Boots|[from] move: Knock Off|[of] p2a: Kartana
|
|upkeep
|turn|12
|j| nimed beatches
|l| nimed beatches
|
|t:|1667612078
|switch|p2a: Hippowdon|Hippowdon, F|96/100
|-damage|p2a: Hippowdon|90/100|[from] Stealth Rock
|-weather|Sandstorm|[from] ability: Sand Stream|[of] p2a: Hippowdon
|move|p1a: Tornadus|Knock Off|p2a: Hippowdon
|-damage|p2a: Hippowdon|77/100
|-enditem|p2a: Hippowdon|Leftovers|[from] move: Knock Off|[of] p1a: Tornadus
|
|-weather|Sandstorm|[upkeep]
|-damage|p1a: Tornadus|23/100|[from] Sandstorm
|upkeep
|turn|13
|
|t:|1667612081
|move|p1a: Tornadus|U-turn|p2a: Hippowdon
|-damage|p2a: Hippowdon|67/100
|
|t:|1667612086
|switch|p1a: Rillaboom|Rillaboom, F|100/100|[from]move: U-turn
|-fieldstart|move: Grassy Terrain|[from] ability: Grassy Surge|[of] p1a: Rillaboom
|move|p2a: Hippowdon|Stealth Rock|p1a: Rillaboom
|-sidestart|p1: Laroxyl|move: Stealth Rock
|
|-weather|Sandstorm|[upkeep]
|-damage|p1a: Rillaboom|94/100|[from] Sandstorm
|-heal|p1a: Rillaboom|100/100|[from] Grassy Terrain
|-heal|p2a: Hippowdon|73/100|[from] Grassy Terrain
|upkeep
|turn|14
|
|t:|1667612107
|switch|p2a: Umbreon|Umbreon, F|100/100
|-damage|p2a: Umbreon|88/100|[from] Stealth Rock
|move|p1a: Rillaboom|Grassy Glide|p2a: Umbreon
|-damage|p2a: Umbreon|59/100
|
|-weather|Sandstorm|[upkeep]
|-damage|p1a: Rillaboom|94/100|[from] Sandstorm
|-damage|p2a: Umbreon|53/100|[from] Sandstorm
|-heal|p1a: Rillaboom|100/100|[from] Grassy Terrain
|-heal|p2a: Umbreon|59/100|[from] Grassy Terrain
|-heal|p2a: Umbreon|65/100|[from] item: Leftovers
|upkeep
|turn|15
|inactive|Tyrtle li has 120 seconds left.
|
|t:|1667612141
|move|p1a: Rillaboom|Swords Dance|p1a: Rillaboom
|-boost|p1a: Rillaboom|atk|2
|move|p2a: Umbreon|Heal Bell|p2a: Umbreon
|-activate|p2a: Umbreon|move: Heal Bell
|-curestatus|p2: Tornadus|tox|[msg]
|
|-weather|Sandstorm|[upkeep]
|-damage|p1a: Rillaboom|94/100|[from] Sandstorm
|-damage|p2a: Umbreon|59/100|[from] Sandstorm
|-heal|p1a: Rillaboom|100/100|[from] Grassy Terrain
|-heal|p2a: Umbreon|65/100|[from] Grassy Terrain
|-heal|p2a: Umbreon|71/100|[from] item: Leftovers
|upkeep
|turn|16
|
|t:|1667612155
|move|p2a: Umbreon|Protect|p2a: Umbreon
|-singleturn|p2a: Umbreon|Protect
|move|p1a: Rillaboom|Drain Punch|p2a: Umbreon
|-activate|p2a: Umbreon|move: Protect
|
|-weather|none
|-heal|p2a: Umbreon|77/100|[from] Grassy Terrain
|-heal|p2a: Umbreon|83/100|[from] item: Leftovers
|upkeep
|turn|17
|inactive|Tyrtle li has 120 seconds left.
|
|t:|1667612175
|move|p1a: Rillaboom|Knock Off|p2a: Umbreon
|-resisted|p2a: Umbreon
|-damage|p2a: Umbreon|61/100
|-enditem|p2a: Umbreon|Leftovers|[from] move: Knock Off|[of] p1a: Rillaboom
|move|p2a: Umbreon|Foul Play|p1a: Rillaboom
|-damage|p1a: Rillaboom|8/100
|
|-heal|p1a: Rillaboom|14/100|[from] Grassy Terrain
|-heal|p1a: Rillaboom|20/100|[from] item: Leftovers
|-heal|p2a: Umbreon|67/100|[from] Grassy Terrain
|-fieldend|move: Grassy Terrain
|upkeep
|turn|18
|inactive|Tyrtle li has 120 seconds left.
|
|t:|1667612203
|switch|p2a: Tornadus|Tornadus-Therian, M|91/100
|move|p1a: Rillaboom|Drain Punch|p2a: Tornadus
|-resisted|p2a: Tornadus
|-damage|p2a: Tornadus|60/100
|-heal|p1a: Rillaboom|35/100|[from] drain|[of] p2a: Tornadus
|
|-heal|p1a: Rillaboom|41/100|[from] item: Leftovers
|upkeep
|turn|19
|inactive|Tyrtle li has 120 seconds left.
|
|t:|1667612210
|switch|p1a: Melmetal|Melmetal|100/100
|-damage|p1a: Melmetal|94/100|[from] Stealth Rock
|move|p2a: Tornadus|Hurricane|p1a: Melmetal
|-resisted|p1a: Melmetal
|-damage|p1a: Melmetal|78/100
|
|-heal|p1a: Melmetal|84/100|[from] item: Leftovers
|upkeep
|turn|20
|
|t:|1667612219
|move|p2a: Tornadus|U-turn|p1a: Melmetal
|-resisted|p1a: Melmetal
|-damage|p1a: Melmetal|79/100
|
|t:|1667612227
|switch|p2a: Slowbro|Slowbro, F|100/100|[from]move: U-turn
|move|p1a: Melmetal|Thunder Punch|p2a: Slowbro
|-supereffective|p2a: Slowbro
|-damage|p2a: Slowbro|47/100
|-status|p2a: Slowbro|par
|
|-heal|p1a: Melmetal|86/100|[from] item: Leftovers
|upkeep
|turn|21
|inactive|Tyrtle li has 120 seconds left.
|inactive|Laroxyl has 120 seconds left.
|
|t:|1667612257
|move|p1a: Melmetal|Double Iron Bash|p2a: Slowbro
|-resisted|p2a: Slowbro
|-damage|p2a: Slowbro|30/100 par
|-resisted|p2a: Slowbro
|-damage|p2a: Slowbro|13/100 par
|-hitcount|p2a: Slowbro|2
|move|p2a: Slowbro|Scald|p1a: Melmetal
|-damage|p1a: Melmetal|63/100
|
|-heal|p1a: Melmetal|69/100|[from] item: Leftovers
|upkeep
|turn|22
|
|t:|1667612268
|switch|p2a: Umbreon|Umbreon, F|67/100
|-damage|p2a: Umbreon|54/100|[from] Stealth Rock
|move|p1a: Melmetal|Double Iron Bash|p2a: Umbreon
|-damage|p2a: Umbreon|27/100
|-damage|p2a: Umbreon|2/100
|-hitcount|p2a: Umbreon|2
|
|-heal|p1a: Melmetal|76/100|[from] item: Leftovers
|upkeep
|turn|23
|
|t:|1667612277
|move|p2a: Umbreon|Wish|p2a: Umbreon
|move|p1a: Melmetal|Double Iron Bash|p2a: Umbreon
|-damage|p2a: Umbreon|0 fnt
|faint|p2a: Umbreon
|-hitcount|p2: Umbreon|1
|
|-heal|p1a: Melmetal|82/100|[from] item: Leftovers
|upkeep
|
|t:|1667612281
|switch|p2a: Hippowdon|Hippowdon, F|73/100
|-damage|p2a: Hippowdon|67/100|[from] Stealth Rock
|-weather|Sandstorm|[from] ability: Sand Stream|[of] p2a: Hippowdon
|turn|24
|inactive|Laroxyl has 120 seconds left.
|
|t:|1667612317
|switch|p1a: Rillaboom|Rillaboom, F|41/100
|-damage|p1a: Rillaboom|29/100|[from] Stealth Rock
|-fieldstart|move: Grassy Terrain|[from] ability: Grassy Surge|[of] p1a: Rillaboom
|move|p2a: Hippowdon|Earthquake|p1a: Rillaboom
|-resisted|p1a: Rillaboom
|-crit|p1a: Rillaboom
|-damage|p1a: Rillaboom|16/100
|
|-weather|Sandstorm|[upkeep]
|-damage|p1a: Rillaboom|10/100|[from] Sandstorm
|-heal|p2a: Hippowdon|100/100|[from] move: Wish|[wisher] Umbreon
|-heal|p1a: Rillaboom|16/100|[from] Grassy Terrain
|-heal|p1a: Rillaboom|22/100|[from] item: Leftovers
|upkeep
|turn|25
|
|t:|1667612325
|switch|p2a: Tornadus|Tornadus-Therian, M|93/100
|move|p1a: Rillaboom|Knock Off|p2a: Tornadus
|-damage|p2a: Tornadus|58/100
|-enditem|p2a: Tornadus|Heavy-Duty Boots|[from] move: Knock Off|[of] p1a: Rillaboom
|
|-weather|Sandstorm|[upkeep]
|-damage|p2a: Tornadus|52/100|[from] Sandstorm
|-damage|p1a: Rillaboom|16/100|[from] Sandstorm
|-heal|p1a: Rillaboom|22/100|[from] Grassy Terrain
|-heal|p1a: Rillaboom|29/100|[from] item: Leftovers
|upkeep
|turn|26
|inactive|Laroxyl has 120 seconds left.
|
|t:|1667612350
|move|p2a: Tornadus|U-turn|p1a: Rillaboom
|-supereffective|p1a: Rillaboom
|-damage|p1a: Rillaboom|3/100
|
|t:|1667612361
|switch|p2a: Kartana|Kartana|94/100|[from]move: U-turn
|-damage|p2a: Kartana|88/100|[from] Stealth Rock
|move|p1a: Rillaboom|Knock Off|p2a: Kartana
|-damage|p2a: Kartana|51/100
|-enditem|p2a: Kartana|Choice Band|[from] move: Knock Off|[of] p1a: Rillaboom
|
|-weather|Sandstorm|[upkeep]
|-damage|p1a: Rillaboom|0 fnt|[from] Sandstorm
|faint|p1a: Rillaboom
|-heal|p2a: Kartana|58/100|[from] Grassy Terrain
|upkeep
|
|t:|1667612375
|switch|p1a: Tornadus|Tornadus-Therian, M|57/100
|-damage|p1a: Tornadus|32/100|[from] Stealth Rock
|turn|27
|
|t:|1667612386
|switch|p2a: Slowbro|Slowbro, F|46/100 par
|move|p1a: Tornadus|Heat Wave|p2a: Slowbro|[miss]
|-miss|p1a: Tornadus|p2a: Slowbro
|
|-weather|Sandstorm|[upkeep]
|-damage|p1a: Tornadus|26/100|[from] Sandstorm
|-damage|p2a: Slowbro|40/100 par|[from] Sandstorm
|-heal|p2a: Slowbro|46/100 par|[from] Grassy Terrain
|upkeep
|turn|28
|
|t:|1667612405
|move|p1a: Tornadus|Defog|p2a: Slowbro
|-unboost|p2a: Slowbro|evasion|1
|-sideend|p2: Tyrtle li|Stealth Rock|[from] move: Defog|[of] p1a: Tornadus
|-sideend|p1: Laroxyl|Stealth Rock|[from] move: Defog|[of] p1a: Tornadus
|-fieldend|move: Grassy Terrain
|move|p2a: Slowbro|Future Sight|p1a: Tornadus
|-start|p2a: Slowbro|move: Future Sight
|
|-weather|none
|upkeep
|turn|29
|
|t:|1667612416
|switch|p1a: Slowbro|Slowbro, M|100/100 tox
|move|p2a: Slowbro|Teleport|p2a: Slowbro
|
|t:|1667612420
|switch|p2a: Aegislash|Aegislash, F|100/100|[from]move: Teleport
|
|-damage|p1a: Slowbro|94/100 tox|[from] psn
|upkeep
|turn|30
|inactive|Laroxyl has 90 seconds left.
|
|t:|1667612464
|switch|p1a: Melmetal|Melmetal|82/100
|-formechange|p2a: Aegislash|Aegislash-Blade||[from] ability: Stance Change
|move|p2a: Aegislash|Shadow Ball|p1a: Melmetal
|-damage|p1a: Melmetal|23/100
|
|-end|p1a: Melmetal|move: Future Sight
|-resisted|p1a: Melmetal
|-damage|p1a: Melmetal|5/100
|-heal|p1a: Melmetal|11/100|[from] item: Leftovers
|upkeep
|turn|31
|
|t:|1667612472
|move|p2a: Aegislash|Shadow Ball|p1a: Melmetal
|-damage|p1a: Melmetal|0 fnt
|faint|p1a: Melmetal
|
|upkeep
|inactive|Laroxyl has 90 seconds left.
|
|t:|1667612484
|switch|p1a: Garchomp|Garchomp, M|48/100
|turn|32
|
|t:|1667612495
|switch|p2a: Kartana|Kartana|58/100
|move|p1a: Garchomp|Stealth Rock|p2a: Kartana
|-sidestart|p2: Tyrtle li|move: Stealth Rock
|
|-heal|p1a: Garchomp|54/100|[from] item: Leftovers
|upkeep
|turn|33
|
|t:|1667612501
|switch|p1a: Tornadus|Tornadus-Therian, M|59/100
|move|p2a: Kartana|Leaf Blade|p1a: Tornadus
|-resisted|p1a: Tornadus
|-damage|p1a: Tornadus|29/100
|
|upkeep
|turn|34
|
|t:|1667612512
|switch|p2a: Tornadus|Tornadus-Therian, M|85/100
|-damage|p2a: Tornadus|60/100|[from] Stealth Rock
|move|p1a: Tornadus|U-turn|p2a: Tornadus
|-resisted|p2a: Tornadus
|-damage|p2a: Tornadus|53/100
|
|t:|1667612521
|switch|p1a: Garchomp|Garchomp, M|54/100|[from]move: U-turn
|
|-heal|p1a: Garchomp|60/100|[from] item: Leftovers
|upkeep
|turn|35
|
|t:|1667612533
|move|p2a: Tornadus|Knock Off|p1a: Garchomp
|-damage|p1a: Garchomp|43/100
|-damage|p2a: Tornadus|40/100|[from] ability: Rough Skin|[of] p1a: Garchomp
|-enditem|p1a: Garchomp|Leftovers|[from] move: Knock Off|[of] p2a: Tornadus
|move|p1a: Garchomp|Toxic|p2a: Tornadus
|-status|p2a: Tornadus|tox
|
|-damage|p2a: Tornadus|34/100 tox|[from] psn
|upkeep
|turn|36
|inactive|Laroxyl has 90 seconds left.
|
|t:|1667612571
|switch|p2a: Kartana|Kartana|58/100
|-damage|p2a: Kartana|51/100|[from] Stealth Rock
|move|p1a: Garchomp|Earthquake|p2a: Kartana
|-damage|p2a: Kartana|5/100
|
|upkeep
|turn|37
|inactive|Laroxyl has 90 seconds left.
|
|t:|1667612579
|switch|p1a: Tornadus|Tornadus-Therian, M|62/100
|move|p2a: Kartana|Smart Strike|p1a: Tornadus
|-damage|p1a: Tornadus|12/100
|
|upkeep
|turn|38
|
|t:|1667612583
|move|p1a: Tornadus|U-turn|p2a: Kartana
|-damage|p2a: Kartana|0 fnt
|faint|p2a: Kartana
|
|t:|1667612589
|switch|p1a: Garchomp|Garchomp, M|43/100|[from]move: U-turn
|
|upkeep
|
|t:|1667612596
|switch|p2a: Slowbro|Slowbro, F|79/100 par
|turn|39
|
|t:|1667612612
|move|p1a: Garchomp|Earthquake|p2a: Slowbro
|-damage|p2a: Slowbro|45/100 par
|cant|p2a: Slowbro|par
|
|upkeep
|turn|40
|
|t:|1667612617
|move|p1a: Garchomp|Earthquake|p2a: Slowbro
|-damage|p2a: Slowbro|11/100 par
|move|p2a: Slowbro|Slack Off|p2a: Slowbro
|-heal|p2a: Slowbro|61/100 par
|
|upkeep
|turn|41
|
|t:|1667612622
|move|p1a: Garchomp|Earthquake|p2a: Slowbro
|-damage|p2a: Slowbro|29/100 par
|move|p2a: Slowbro|Slack Off|p2a: Slowbro
|-heal|p2a: Slowbro|79/100 par
|
|upkeep
|turn|42
|
|t:|1667612628
|move|p1a: Garchomp|Earthquake|p2a: Slowbro
|-damage|p2a: Slowbro|48/100 par
|cant|p2a: Slowbro|par
|
|upkeep
|turn|43
|
|t:|1667612639
|move|p1a: Garchomp|Earthquake|p2a: Slowbro
|-damage|p2a: Slowbro|12/100 par
|move|p2a: Slowbro|Slack Off|p2a: Slowbro
|-heal|p2a: Slowbro|62/100 par
|
|upkeep
|turn|44
|
|t:|1667612649
|switch|p1a: Tornadus|Tornadus-Therian, M|46/100
|move|p2a: Slowbro|Slack Off|p2a: Slowbro
|-heal|p2a: Slowbro|100/100 par
|
|upkeep
|turn|45
|
|t:|1667612652
|move|p1a: Tornadus|Knock Off|p2a: Slowbro
|-supereffective|p2a: Slowbro
|-damage|p2a: Slowbro|67/100 par
|-enditem|p2a: Slowbro|Heavy-Duty Boots|[from] move: Knock Off|[of] p1a: Tornadus
|move|p2a: Slowbro|Future Sight|p1a: Tornadus
|-start|p2a: Slowbro|move: Future Sight
|
|upkeep
|turn|46
|
|t:|1667612657
|move|p1a: Tornadus|U-turn|p2a: Slowbro
|-supereffective|p2a: Slowbro
|-damage|p2a: Slowbro|42/100 par
|
|t:|1667612661
|switch|p1a: Garchomp|Garchomp, M|43/100|[from]move: U-turn
|cant|p2a: Slowbro|par
|
|upkeep
|turn|47
|
|t:|1667612674
|switch|p1a: Slowbro|Slowbro, M|100/100 tox
|cant|p2a: Slowbro|par
|
|-end|p1a: Slowbro|move: Future Sight
|-resisted|p1a: Slowbro
|-damage|p1a: Slowbro|79/100 tox
|-damage|p1a: Slowbro|73/100 tox|[from] psn
|upkeep
|turn|48
|
|t:|1667612679
|move|p1a: Slowbro|Future Sight|p2a: Slowbro
|-start|p1a: Slowbro|move: Future Sight
|move|p2a: Slowbro|Slack Off|p2a: Slowbro
|-heal|p2a: Slowbro|92/100 par
|
|-damage|p1a: Slowbro|61/100 tox|[from] psn
|upkeep
|turn|49
|
|t:|1667612683
|move|p2a: Slowbro|Future Sight|p1a: Slowbro
|-start|p2a: Slowbro|move: Future Sight
|move|p1a: Slowbro|Teleport|p1a: Slowbro
|
|t:|1667612690
|switch|p1a: Tornadus|Tornadus-Therian, M|79/100|[from]move: Teleport
|
|upkeep
|turn|50
|
|t:|1667612695
|move|p1a: Tornadus|Knock Off|p2a: Slowbro
|-supereffective|p2a: Slowbro
|-damage|p2a: Slowbro|71/100 par
|move|p2a: Slowbro|Scald|p1a: Tornadus
|-damage|p1a: Tornadus|49/100
|
|-end|p2a: Slowbro|move: Future Sight
|-resisted|p2a: Slowbro
|-damage|p2a: Slowbro|56/100 par
|upkeep
|turn|51
|
|t:|1667612702
|move|p1a: Tornadus|U-turn|p2a: Slowbro
|-supereffective|p2a: Slowbro
|-damage|p2a: Slowbro|35/100 par
|
|t:|1667612711
|switch|p1a: Slowbro|Slowbro, M|94/100 tox|[from]move: U-turn
|move|p2a: Slowbro|Teleport|p2a: Slowbro
|
|t:|1667612713
|switch|p2a: Aegislash|Aegislash, F|100/100|[from]move: Teleport
|-damage|p2a: Aegislash|94/100|[from] Stealth Rock
|
|-end|p1a: Slowbro|move: Future Sight
|-resisted|p1a: Slowbro
|-damage|p1a: Slowbro|73/100 tox
|-damage|p1a: Slowbro|67/100 tox|[from] psn
|upkeep
|turn|52
|inactive|Laroxyl has 120 seconds left.
|
|t:|1667612744
|-formechange|p2a: Aegislash|Aegislash-Blade||[from] ability: Stance Change
|move|p2a: Aegislash|Shadow Ball|p1a: Slowbro
|-supereffective|p1a: Slowbro
|-damage|p1a: Slowbro|0 fnt
|faint|p1a: Slowbro
|
|upkeep
|
|t:|1667612749
|switch|p1a: Blaziken|Blaziken, M|100/100
|turn|53
|
|t:|1667612753
|switch|p2a: Hippowdon|Hippowdon, F|100/100
|-damage|p2a: Hippowdon|94/100|[from] Stealth Rock
|-weather|Sandstorm|[from] ability: Sand Stream|[of] p2a: Hippowdon
|move|p1a: Blaziken|Flare Blitz|p2a: Hippowdon
|-damage|p2a: Hippowdon|45/100
|-damage|p1a: Blaziken|80/100|[from] Recoil
|
|-weather|Sandstorm|[upkeep]
|-damage|p1a: Blaziken|74/100|[from] Sandstorm
|-heal|p1a: Blaziken|80/100|[from] item: Leftovers
|-ability|p1a: Blaziken|Speed Boost|boost
|-boost|p1a: Blaziken|spe|1
|upkeep
|turn|54
|
|t:|1667612765
|move|p1a: Blaziken|Close Combat|p2a: Hippowdon
|-damage|p2a: Hippowdon|2/100
|-unboost|p1a: Blaziken|def|1
|-unboost|p1a: Blaziken|spd|1
|move|p2a: Hippowdon|Earthquake|p1a: Blaziken
|-supereffective|p1a: Blaziken
|-damage|p1a: Blaziken|0 fnt
|faint|p1a: Blaziken
|
|-weather|Sandstorm|[upkeep]
|upkeep
|j| Ctannn
|
|t:|1667612784
|switch|p1a: Garchomp|Garchomp, M|43/100
|turn|55
|
|t:|1667612787
|move|p1a: Garchomp|Earthquake|p2a: Hippowdon
|-damage|p2a: Hippowdon|0 fnt
|faint|p2a: Hippowdon
|
|-weather|Sandstorm|[upkeep]
|upkeep
|
|t:|1667612796
|switch|p2a: Slowbro|Slowbro, F|68/100 par
|-damage|p2a: Slowbro|55/100 par|[from] Stealth Rock
|turn|56
|
|t:|1667612801
|move|p1a: Garchomp|Earthquake|p2a: Slowbro
|-damage|p2a: Slowbro|23/100 par
|cant|p2a: Slowbro|par
|
|-weather|Sandstorm|[upkeep]
|-damage|p2a: Slowbro|16/100 par|[from] Sandstorm
|upkeep
|turn|57
|
|t:|1667612822
|switch|p1a: Tornadus|Tornadus-Therian, M|82/100
|switch|p2a: Tornadus|Tornadus-Therian, M|67/100 tox
|-damage|p2a: Tornadus|42/100 tox|[from] Stealth Rock
|
|-weather|none
|-damage|p2a: Tornadus|36/100 tox|[from] psn
|upkeep
|turn|58
|
|t:|1667612833
|switch|p2a: Slowbro|Slowbro, F|50/100 par
|-damage|p2a: Slowbro|37/100 par|[from] Stealth Rock
|move|p1a: Tornadus|Heat Wave|p2a: Slowbro
|-resisted|p2a: Slowbro
|-damage|p2a: Slowbro|28/100 par
|
|upkeep
|turn|59
|
|t:|1667612840
|move|p1a: Tornadus|Knock Off|p2a: Slowbro
|-supereffective|p2a: Slowbro
|-damage|p2a: Slowbro|6/100 par
|move|p2a: Slowbro|Slack Off|p2a: Slowbro
|-heal|p2a: Slowbro|56/100 par
|
|upkeep
|turn|60
|
|t:|1667612847
|move|p1a: Tornadus|Knock Off|p2a: Slowbro
|-supereffective|p2a: Slowbro
|-damage|p2a: Slowbro|32/100 par
|cant|p2a: Slowbro|par
|
|upkeep
|turn|61
|
|t:|1667612851
|move|p1a: Tornadus|Knock Off|p2a: Slowbro
|-supereffective|p2a: Slowbro
|-damage|p2a: Slowbro|9/100 par
|move|p2a: Slowbro|Slack Off|p2a: Slowbro
|-heal|p2a: Slowbro|59/100 par
|
|upkeep
|turn|62
|
|t:|1667612856
|move|p1a: Tornadus|Knock Off|p2a: Slowbro
|-supereffective|p2a: Slowbro
|-damage|p2a: Slowbro|38/100 par
|move|p2a: Slowbro|Slack Off|p2a: Slowbro
|-heal|p2a: Slowbro|88/100 par
|
|upkeep
|turn|63
|
|t:|1667612863
|move|p1a: Tornadus|Knock Off|p2a: Slowbro
|-supereffective|p2a: Slowbro
|-damage|p2a: Slowbro|64/100 par
|move|p2a: Slowbro|Future Sight|p1a: Tornadus
|-start|p2a: Slowbro|move: Future Sight
|
|upkeep
|turn|64
|
|t:|1667612867
|move|p1a: Tornadus|Knock Off|p2a: Slowbro
|-supereffective|p2a: Slowbro
|-damage|p2a: Slowbro|42/100 par
|move|p2a: Slowbro|Slack Off|p2a: Slowbro
|-heal|p2a: Slowbro|92/100 par
|
|upkeep
|turn|65
|
|t:|1667612871
|move|p1a: Tornadus|Knock Off|p2a: Slowbro
|-supereffective|p2a: Slowbro
|-damage|p2a: Slowbro|71/100 par
|move|p2a: Slowbro|Scald|p1a: Tornadus
|-damage|p1a: Tornadus|53/100
|-status|p1a: Tornadus|brn
|
|-end|p1a: Tornadus|move: Future Sight
|-damage|p1a: Tornadus|12/100 brn
|-damage|p1a: Tornadus|6/100 brn|[from] brn
|upkeep
|turn|66
|
|t:|1667612880
|move|p1a: Tornadus|U-turn|p2a: Slowbro
|-supereffective|p2a: Slowbro
|-damage|p2a: Slowbro|60/100 par
|
|t:|1667612882
|switch|p1a: Garchomp|Garchomp, M|43/100|[from]move: U-turn
|move|p2a: Slowbro|Scald|p1a: Garchomp
|-damage|p1a: Garchomp|24/100
|
|upkeep
|turn|67
|
|t:|1667612889
|move|p1a: Garchomp|Earthquake|p2a: Slowbro
|-damage|p2a: Slowbro|27/100 par
|move|p2a: Slowbro|Scald|p1a: Garchomp
|-damage|p1a: Garchomp|5/100
|-status|p1a: Garchomp|brn
|
|-damage|p1a: Garchomp|0 fnt|[from] brn
|faint|p1a: Garchomp
|upkeep
|c|☆Tyrtle li|gg
|-message|Laroxyl forfeited.
|
|win|Tyrtle li
|raw|Laroxyl's rating: 1668 &rarr; <strong>1650</strong><br />(-18 for losing)
|raw|Tyrtle li's rating: 1702 &rarr; <strong>1720</strong><br />(+18 for winning)
|l|☆Laroxyl
||Ladder isn't responding, score probably updated but might not have (Request timeout).
