|j|☆Gurtrant
|j|☆deathby1000cuts
|t:|1645663755
|gametype|singles
|player|p1|Gurtrant|veteran|1743
|player|p2|deathby1000cuts|harlequin|1922
|teamsize|p1|6
|teamsize|p2|6
|gen|8
|tier|[Gen 8] OU
|rated|
|rule|Sleep Clause Mod: Limit one foe put to sleep
|rule|Species Clause: Limit one of each Pokémon
|rule|OHKO Clause: OHKO moves are banned
|rule|Evasion Moves Clause: Evasion moves are banned
|rule|Endless Battle Clause: Forcing endless battles is banned
|rule|HP Percentage Mod: HP is shown in percentages
|rule|Dynamax Clause: You cannot dynamax
|clearpoke
|poke|p1|Pelipper, M|
|poke|p1|Heliolisk, F|
|poke|p1|Seismitoad, F|
|poke|p1|Barraskewda, F|
|poke|p1|Ferrothorn, F|
|poke|p1|Zapdos|
|poke|p2|Tyranitar, M|
|poke|p2|Urshifu-*, M|
|poke|p2|Landorus-Therian, M|
|poke|p2|Tapu Lele|
|poke|p2|Corviknight, M|
|poke|p2|Volcanion|
|teampreview
|inactive|Battle timer is ON: inactive players will automatically lose when time's up. (requested by deathby1000cuts)
|inactive|Gurtrant also wants the timer to be on.
|j| lick back
|
|t:|1645663781
|start
|switch|p1a: Pelipper|Pelipper, M|100/100
|switch|p2a: Urshifu|Urshifu-Rapid-Strike, M|100/100
|-weather|RainDance|[from] ability: Drizzle|[of] p1a: Pelipper
|turn|1
|
|t:|1645663795
|switch|p1a: Zapdos|Zapdos|100/100
|move|p2a: Urshifu|Thunder Punch|p1a: Zapdos
|-crit|p1a: Zapdos
|-damage|p1a: Zapdos|55/100
|
|-weather|RainDance|[upkeep]
|upkeep
|turn|2
|
|t:|1645663800
|switch|p2a: Tyranitar|Tyranitar, M|100/100
|-weather|Sandstorm|[from] ability: Sand Stream|[of] p2a: Tyranitar
|move|p1a: Zapdos|Roost|p1a: Zapdos
|-heal|p1a: Zapdos|100/100
|-singleturn|p1a: Zapdos|move: Roost
|
|-weather|Sandstorm|[upkeep]
|-damage|p1a: Zapdos|94/100|[from] Sandstorm
|upkeep
|turn|3
|
|t:|1645663808
|move|p1a: Zapdos|U-turn|p2a: Tyranitar
|-supereffective|p2a: Tyranitar
|-damage|p2a: Tyranitar|76/100
|
|t:|1645663824
|switch|p1a: Ferrothorn|Ferrothorn, F|100/100|[from]move: U-turn
|move|p2a: Tyranitar|Fire Punch|p1a: Ferrothorn
|-supereffective|p1a: Ferrothorn
|-damage|p1a: Ferrothorn|0 fnt
|-damage|p2a: Tyranitar|64/100|[from] ability: Iron Barbs|[of] p1a: Ferrothorn
|faint|p1a: Ferrothorn
|
|-weather|Sandstorm|[upkeep]
|upkeep
|
|t:|1645663830
|switch|p1a: Pelipper|Pelipper, M|100/100
|-weather|RainDance|[from] ability: Drizzle|[of] p1a: Pelipper
|turn|4
|c| lick back|dayummm
|
|t:|1645663836
|switch|p2a: Corviknight|Corviknight, M|100/100
|-ability|p2a: Corviknight|Pressure
|move|p1a: Pelipper|U-turn|p2a: Corviknight
|-resisted|p2a: Corviknight
|-damage|p2a: Corviknight|99/100
|-damage|p1a: Pelipper|84/100|[from] item: Rocky Helmet|[of] p2a: Corviknight
|
|t:|1645663851
|switch|p1a: Heliolisk|Heliolisk, F, shiny|100/100|[from]move: U-turn
|
|-weather|RainDance|[upkeep]
|upkeep
|turn|5
|
|t:|1645663869
|move|p1a: Heliolisk|Surf|p2a: Corviknight
|-damage|p2a: Corviknight|49/100
|-damage|p1a: Heliolisk|91/100|[from] item: Life Orb
|move|p2a: Corviknight|Body Press|p1a: Heliolisk
|-supereffective|p1a: Heliolisk
|-damage|p1a: Heliolisk|0 fnt
|faint|p1a: Heliolisk
|
|-weather|RainDance|[upkeep]
|upkeep
|-message|Gurtrant forfeited.
|
|win|deathby1000cuts
|raw|Gurtrant's rating: 1743 &rarr; <strong>1732</strong><br />(-11 for losing)
|raw|deathby1000cuts's rating: 1922 &rarr; <strong>1933</strong><br />(+11 for winning)
|l|☆Gurtrant
|l| lick back
||Ladder isn't responding, score probably updated but might not have (Request timeout).
