|j|☆LT94 JEEP
|j|☆LT_Alt1
|t:|1661282360
|gametype|singles
|player|p1|LT94 JEEP|swimmer-gen4dp|1660
|player|p2|LT_Alt1|2|1704
|teamsize|p1|6
|teamsize|p2|6
|gen|8
|tier|[Gen 8] OU
|rated|
|rule|Sleep Clause Mod: Limit one foe put to sleep
|rule|Species Clause: Limit one of each Pokémon
|rule|OHKO Clause: OHKO moves are banned
|rule|Evasion Items Clause: Evasion items are banned
|rule|Evasion Moves Clause: Evasion moves are banned
|rule|Endless Battle Clause: Forcing endless battles is banned
|rule|HP Percentage Mod: HP is shown in percentages
|rule|Dynamax Clause: You cannot dynamax
|clearpoke
|poke|p1|Urshifu-*, F|
|poke|p1|Tyranitar, M|
|poke|p1|Excadrill, F|
|poke|p1|Zapdos|
|poke|p1|Ferrothorn, M|
|poke|p1|Tapu Lele|
|poke|p2|Alakazam, M|
|poke|p2|Chansey, F|
|poke|p2|Zapdos|
|poke|p2|Clefable, M|
|poke|p2|Slowbro, M|
|poke|p2|Rhydon, F|
|teampreview
|inactive|Battle timer is ON: inactive players will automatically lose when time's up. (requested by LT94 JEEP)
|inactive|LT_Alt1 has 120 seconds left.
|j| gare23limit
|inactive|LT_Alt1 has 90 seconds left.
|
|t:|1661282535
|start
|switch|p1a: Urshifu|Urshifu-Rapid-Strike, F|100/100
|switch|p2a: Chansey|Chansey, F|100/100
|turn|1
|
|t:|1661282542
|move|p1a: Urshifu|Close Combat|p2a: Chansey
|-supereffective|p2a: Chansey
|-damage|p2a: Chansey|21/100
|-unboost|p1a: Urshifu|def|1
|-unboost|p1a: Urshifu|spd|1
|move|p2a: Chansey|Reflect|p2a: Chansey
|-sidestart|p2: LT_Alt1|Reflect
|
|upkeep
|turn|2
|
|t:|1661282549
|switch|p2a: Slowbro|Slowbro, M|100/100
|move|p1a: Urshifu|Surging Strikes|p2a: Slowbro
|-resisted|p2a: Slowbro
|-crit|p2a: Slowbro
|-damage|p2a: Slowbro|95/100
|-resisted|p2a: Slowbro
|-crit|p2a: Slowbro
|-damage|p2a: Slowbro|89/100
|-resisted|p2a: Slowbro
|-crit|p2a: Slowbro
|-damage|p2a: Slowbro|84/100
|-hitcount|p2a: Slowbro|3
|
|upkeep
|turn|3
|
|t:|1661282558
|move|p1a: Urshifu|Taunt|p2a: Slowbro
|-start|p2a: Slowbro|move: Taunt
|cant|p2a: Slowbro|move: Taunt|Teleport
|
|upkeep
|turn|4
|
|t:|1661282562
|move|p1a: Urshifu|U-turn|p2a: Slowbro
|-supereffective|p2a: Slowbro
|-damage|p2a: Slowbro|68/100
|
|t:|1661282567
|switch|p1a: Ferrothorn|Ferrothorn, M|100/100|[from]move: U-turn
|move|p2a: Slowbro|Future Sight|p1a: Ferrothorn
|-start|p2a: Slowbro|move: Future Sight
|
|upkeep
|turn|5
|
|t:|1661282572
|switch|p2a: Rhydon|Rhydon, F|100/100
|move|p1a: Ferrothorn|Stealth Rock|p2a: Rhydon
|-sidestart|p2: LT_Alt1|move: Stealth Rock
|
|-sideend|p2: LT_Alt1|Reflect
|upkeep
|turn|6
|
|t:|1661282577
|move|p2a: Rhydon|Stealth Rock|p1a: Ferrothorn
|-sidestart|p1: LT94 JEEP|move: Stealth Rock
|move|p1a: Ferrothorn|Knock Off|p2a: Rhydon
|-damage|p2a: Rhydon|90/100
|-enditem|p2a: Rhydon|Eviolite|[from] move: Knock Off|[of] p1a: Ferrothorn
|
|-end|p1a: Ferrothorn|move: Future Sight
|-resisted|p1a: Ferrothorn
|-damage|p1a: Ferrothorn|87/100
|-heal|p1a: Ferrothorn|93/100|[from] item: Leftovers
|upkeep
|turn|7
|
|t:|1661282585
|switch|p1a: Urshifu|Urshifu-Rapid-Strike, F|100/100
|-damage|p1a: Urshifu|94/100|[from] Stealth Rock
|move|p2a: Rhydon|Fire Punch|p1a: Urshifu
|-resisted|p1a: Urshifu
|-damage|p1a: Urshifu|79/100
|
|upkeep
|turn|8
|
|t:|1661282593
|switch|p2a: Slowbro|Slowbro, M|100/100
|-damage|p2a: Slowbro|88/100|[from] Stealth Rock
|move|p1a: Urshifu|Surging Strikes|p2a: Slowbro
|-resisted|p2a: Slowbro
|-crit|p2a: Slowbro
|-damage|p2a: Slowbro|82/100
|-resisted|p2a: Slowbro
|-crit|p2a: Slowbro
|-damage|p2a: Slowbro|76/100
|-resisted|p2a: Slowbro
|-crit|p2a: Slowbro
|-damage|p2a: Slowbro|70/100
|-hitcount|p2a: Slowbro|3
|
|upkeep
|turn|9
|
|t:|1661282603
|move|p1a: Urshifu|U-turn|p2a: Slowbro
|-supereffective|p2a: Slowbro
|-damage|p2a: Slowbro|44/100
|
|t:|1661282605
|switch|p1a: Tyranitar|Tyranitar, M|100/100|[from]move: U-turn
|-damage|p1a: Tyranitar|88/100|[from] Stealth Rock
|-weather|Sandstorm|[from] ability: Sand Stream|[of] p1a: Tyranitar
|move|p2a: Slowbro|Body Press|p1a: Tyranitar
|-supereffective|p1a: Tyranitar
|-damage|p1a: Tyranitar|0 fnt
|faint|p1a: Tyranitar
|
|-weather|Sandstorm|[upkeep]
|-damage|p2a: Slowbro|38/100|[from] Sandstorm
|upkeep
|
|t:|1661282619
|switch|p1a: Zapdos|Zapdos|100/100
|turn|10
|
|t:|1661282622
|switch|p2a: Rhydon|Rhydon, F|90/100
|-damage|p2a: Rhydon|84/100|[from] Stealth Rock
|move|p1a: Zapdos|Hurricane|p2a: Rhydon
|-resisted|p2a: Rhydon
|-damage|p2a: Rhydon|57/100
|
|-weather|Sandstorm|[upkeep]
|-damage|p1a: Zapdos|94/100|[from] Sandstorm
|upkeep
|turn|11
|
|t:|1661282634
|switch|p1a: Urshifu|Urshifu-Rapid-Strike, F|79/100
|-damage|p1a: Urshifu|73/100|[from] Stealth Rock
|move|p2a: Rhydon|Earthquake|p1a: Urshifu
|-damage|p1a: Urshifu|13/100
|
|-weather|Sandstorm|[upkeep]
|-damage|p1a: Urshifu|6/100|[from] Sandstorm
|upkeep
|turn|12
|
|t:|1661282651
|switch|p2a: Zapdos|Zapdos|100/100
|move|p1a: Urshifu|U-turn|p2a: Zapdos
|-resisted|p2a: Zapdos
|-damage|p2a: Zapdos|89/100
|
|t:|1661282660
|switch|p1a: Tapu Lele|Tapu Lele, shiny|100/100|[from]move: U-turn
|-damage|p1a: Tapu Lele|88/100|[from] Stealth Rock
|-fieldstart|move: Psychic Terrain|[from] ability: Psychic Surge|[of] p1a: Tapu Lele
|
|-weather|Sandstorm|[upkeep]
|-damage|p1a: Tapu Lele|82/100|[from] Sandstorm
|-damage|p2a: Zapdos|83/100|[from] Sandstorm
|upkeep
|turn|13
|
|t:|1661282668
|move|p1a: Tapu Lele|Moonblast|p2a: Zapdos
|-damage|p2a: Zapdos|30/100
|move|p2a: Zapdos|Volt Switch|p1a: Tapu Lele
|-damage|p1a: Tapu Lele|51/100
|
|t:|1661282674
|switch|p2a: Alakazam|Alakazam, M|100/100|[from]move: Volt Switch
|
|-weather|none
|upkeep
|turn|14
|
|t:|1661282692
|switch|p1a: Urshifu|Urshifu-Rapid-Strike, F|6/100
|-damage|p1a: Urshifu|0 fnt|[from] Stealth Rock
|faint|p1a: Urshifu
|move|p2a: Alakazam|Shadow Ball|p1: Urshifu|[notarget]
|-fail|p2a: Alakazam
|
|upkeep
|
|t:|1661282695
|switch|p1a: Ferrothorn|Ferrothorn, M|93/100
|-damage|p1a: Ferrothorn|87/100|[from] Stealth Rock
|turn|15
|c|☆LT_Alt1|lead urshifu is positively the dumbest thing I've ever seen
|
|t:|1661282704
|switch|p2a: Chansey|Chansey, F|21/100
|-damage|p2a: Chansey|9/100|[from] Stealth Rock
|move|p1a: Ferrothorn|Knock Off|p2a: Chansey
|-damage|p2a: Chansey|0 fnt
|-enditem|p2a: Chansey|Eviolite|[from] move: Knock Off|[of] p1a: Ferrothorn
|faint|p2a: Chansey
|
|-heal|p1a: Ferrothorn|93/100|[from] item: Leftovers
|upkeep
|
|t:|1661282713
|switch|p2a: Zapdos|Zapdos|30/100
|turn|16
|
|t:|1661282721
|switch|p1a: Zapdos|Zapdos|94/100
|move|p2a: Zapdos|Hurricane|p1a: Zapdos|[miss]
|-miss|p2a: Zapdos|p1a: Zapdos
|
|-fieldend|move: Psychic Terrain
|upkeep
|turn|17
|
|t:|1661282726
|move|p2a: Zapdos|Roost|p2a: Zapdos
|-heal|p2a: Zapdos|80/100
|-singleturn|p2a: Zapdos|move: Roost
|move|p1a: Zapdos|Volt Switch|p2a: Zapdos
|-resisted|p2a: Zapdos
|-damage|p2a: Zapdos|67/100
|j| Coronavirus EUW
|
|t:|1661282748
|switch|p1a: Tapu Lele|Tapu Lele, shiny|51/100|[from]move: Volt Switch
|-damage|p1a: Tapu Lele|39/100|[from] Stealth Rock
|-fieldstart|move: Psychic Terrain|[from] ability: Psychic Surge|[of] p1a: Tapu Lele
|
|upkeep
|turn|18
|
|t:|1661282754
|move|p1a: Tapu Lele|Moonblast|p2a: Zapdos
|-damage|p2a: Zapdos|22/100
|move|p2a: Zapdos|Volt Switch|p1a: Tapu Lele
|-damage|p1a: Tapu Lele|8/100
|
|t:|1661282766
|switch|p2a: Alakazam|Alakazam, M|100/100|[from]move: Volt Switch
|
|upkeep
|turn|19
|
|t:|1661282769
|move|p1a: Tapu Lele|Moonblast|p2a: Alakazam
|-damage|p2a: Alakazam|28/100
|move|p2a: Alakazam|Psychic|p1a: Tapu Lele
|-resisted|p1a: Tapu Lele
|-damage|p1a: Tapu Lele|0 fnt
|faint|p1a: Tapu Lele
|
|upkeep
|
|t:|1661282776
|switch|p1a: Ferrothorn|Ferrothorn, M|93/100
|-damage|p1a: Ferrothorn|87/100|[from] Stealth Rock
|turn|20
|
|t:|1661282781
|switch|p2a: Rhydon|Rhydon, F|57/100
|-damage|p2a: Rhydon|51/100|[from] Stealth Rock
|move|p1a: Ferrothorn|Knock Off|p2a: Rhydon
|-damage|p2a: Rhydon|40/100
|
|-heal|p1a: Ferrothorn|93/100|[from] item: Leftovers
|upkeep
|turn|21
|
|t:|1661282794
|move|p2a: Rhydon|Stone Edge|p1a: Ferrothorn
|-resisted|p1a: Ferrothorn
|-damage|p1a: Ferrothorn|73/100
|move|p1a: Ferrothorn|Body Press|p2a: Rhydon
|-supereffective|p2a: Rhydon
|-damage|p2a: Rhydon|1/100
|
|-heal|p1a: Ferrothorn|79/100|[from] item: Leftovers
|-fieldend|move: Psychic Terrain
|upkeep
|turn|22
|
|t:|1661282804
|switch|p1a: Zapdos|Zapdos|94/100
|move|p2a: Rhydon|Stone Edge|p1a: Zapdos
|-supereffective|p1a: Zapdos
|-damage|p1a: Zapdos|16/100
|
|upkeep
|turn|23
|
|t:|1661282809
|move|p1a: Zapdos|Heat Wave|p2a: Rhydon
|-resisted|p2a: Rhydon
|-damage|p2a: Rhydon|0 fnt
|faint|p2a: Rhydon
|
|upkeep
|
|t:|1661282814
|switch|p2a: Alakazam|Alakazam, M|28/100
|turn|24
|
|t:|1661282818
|move|p2a: Alakazam|Psychic|p1a: Zapdos
|-crit|p1a: Zapdos
|-damage|p1a: Zapdos|0 fnt
|faint|p1a: Zapdos
|
|upkeep
|
|t:|1661282819
|switch|p1a: Ferrothorn|Ferrothorn, M|79/100
|-damage|p1a: Ferrothorn|73/100|[from] Stealth Rock
|turn|25
|
|t:|1661282829
|switch|p2a: Clefable|Clefable, M|100/100
|move|p1a: Ferrothorn|Knock Off|p2a: Clefable
|-resisted|p2a: Clefable
|-damage|p2a: Clefable|91/100
|-enditem|p2a: Clefable|Life Orb|[from] move: Knock Off|[of] p1a: Ferrothorn
|
|-heal|p1a: Ferrothorn|79/100|[from] item: Leftovers
|upkeep
|turn|26
|
|t:|1661282838
|switch|p1a: Excadrill|Excadrill, F|100/100
|-damage|p1a: Excadrill|97/100|[from] Stealth Rock
|move|p2a: Clefable|Moonblast|p1a: Excadrill
|-resisted|p1a: Excadrill
|-damage|p1a: Excadrill|77/100
|
|-heal|p1a: Excadrill|83/100|[from] item: Leftovers
|upkeep
|turn|27
|
|t:|1661282849
|switch|p2a: Alakazam|Alakazam, M|28/100
|move|p1a: Excadrill|Swords Dance|p1a: Excadrill
|-boost|p1a: Excadrill|atk|2
|
|-heal|p1a: Excadrill|89/100|[from] item: Leftovers
|upkeep
|turn|28
|
|t:|1661282856
|move|p2a: Alakazam|Encore|p1a: Excadrill
|-start|p1a: Excadrill|Encore
|move|p1a: Excadrill|Swords Dance|p1a: Excadrill
|-boost|p1a: Excadrill|atk|2
|
|-heal|p1a: Excadrill|96/100|[from] item: Leftovers
|upkeep
|turn|29
|
|t:|1661282865
|switch|p1a: Ferrothorn|Ferrothorn, M|79/100
|-damage|p1a: Ferrothorn|73/100|[from] Stealth Rock
|move|p2a: Alakazam|Shadow Ball|p1a: Ferrothorn
|-damage|p1a: Ferrothorn|49/100
|
|-heal|p1a: Ferrothorn|55/100|[from] item: Leftovers
|upkeep
|turn|30
|
|t:|1661282874
|switch|p2a: Slowbro|Slowbro, M|71/100
|-damage|p2a: Slowbro|59/100|[from] Stealth Rock
|move|p1a: Ferrothorn|Knock Off|p2a: Slowbro
|-supereffective|p2a: Slowbro
|-damage|p2a: Slowbro|34/100
|-damage|p1a: Ferrothorn|38/100|[from] item: Rocky Helmet|[of] p2a: Slowbro
|-enditem|p2a: Slowbro|Rocky Helmet|[from] move: Knock Off|[of] p1a: Ferrothorn
|
|-heal|p1a: Ferrothorn|44/100|[from] item: Leftovers
|upkeep
|turn|31
|
|t:|1661282884
|move|p1a: Ferrothorn|Leech Seed|p2a: Slowbro|[miss]
|-miss|p1a: Ferrothorn|p2a: Slowbro
|move|p2a: Slowbro|Teleport|p2a: Slowbro
|
|t:|1661282887
|switch|p2a: Alakazam|Alakazam, M|28/100|[from]move: Teleport
|
|-heal|p1a: Ferrothorn|50/100|[from] item: Leftovers
|upkeep
|turn|32
|
|t:|1661282909
|switch|p2a: Slowbro|Slowbro, M|67/100
|-damage|p2a: Slowbro|55/100|[from] Stealth Rock
|move|p1a: Ferrothorn|Knock Off|p2a: Slowbro
|-supereffective|p2a: Slowbro
|-crit|p2a: Slowbro
|-damage|p2a: Slowbro|28/100
|
|-heal|p1a: Ferrothorn|56/100|[from] item: Leftovers
|upkeep
|turn|33
|
|t:|1661282917
|move|p1a: Ferrothorn|Leech Seed|p2a: Slowbro
|-start|p2a: Slowbro|move: Leech Seed
|move|p2a: Slowbro|Teleport|p2a: Slowbro
|
|t:|1661282920
|switch|p2a: Alakazam|Alakazam, M|28/100|[from]move: Teleport
|
|-heal|p1a: Ferrothorn|62/100|[from] item: Leftovers
|upkeep
|turn|34
|
|t:|1661282929
|switch|p1a: Excadrill|Excadrill, F|96/100
|-damage|p1a: Excadrill|92/100|[from] Stealth Rock
|move|p2a: Alakazam|Encore||[still]
|-fail|p2a: Alakazam
|
|-heal|p1a: Excadrill|99/100|[from] item: Leftovers
|upkeep
|turn|35
|
|t:|1661282935
|move|p2a: Alakazam|Shadow Ball|p1a: Excadrill
|-damage|p1a: Excadrill|46/100
|move|p1a: Excadrill|Rapid Spin|p2a: Alakazam
|-damage|p2a: Alakazam|0 fnt
|-boost|p1a: Excadrill|spe|1
|-sideend|p1: LT94 JEEP|Stealth Rock|[from] move: Rapid Spin|[of] p1a: Excadrill
|faint|p2a: Alakazam
|
|-heal|p1a: Excadrill|53/100|[from] item: Leftovers
|upkeep
|
|t:|1661282944
|switch|p2a: Slowbro|Slowbro, M|61/100
|-damage|p2a: Slowbro|49/100|[from] Stealth Rock
|turn|36
|
|t:|1661282956
|switch|p1a: Ferrothorn|Ferrothorn, M|62/100
|move|p2a: Slowbro|Body Press|p1a: Ferrothorn
|-supereffective|p1a: Ferrothorn
|-damage|p1a: Ferrothorn|22/100
|-damage|p2a: Slowbro|37/100|[from] ability: Iron Barbs|[of] p1a: Ferrothorn
|
|-heal|p1a: Ferrothorn|28/100|[from] item: Leftovers
|upkeep
|turn|37
|
|t:|1661282965
|switch|p2a: Clefable|Clefable, M|91/100
|move|p1a: Ferrothorn|Leech Seed|p2a: Clefable
|-start|p2a: Clefable|move: Leech Seed
|
|-heal|p1a: Ferrothorn|34/100|[from] item: Leftovers
|upkeep
|turn|38
|
|t:|1661282971
|switch|p2a: Slowbro|Slowbro, M|70/100
|-damage|p2a: Slowbro|57/100|[from] Stealth Rock
|move|p1a: Ferrothorn|Knock Off|p2a: Slowbro
|-supereffective|p2a: Slowbro
|-damage|p2a: Slowbro|40/100
|
|-heal|p1a: Ferrothorn|40/100|[from] item: Leftovers
|upkeep
|turn|39
|
|t:|1661282979
|switch|p2a: Clefable|Clefable, M|91/100
|move|p1a: Ferrothorn|Leech Seed|p2a: Clefable
|-start|p2a: Clefable|move: Leech Seed
|
|-heal|p1a: Ferrothorn|46/100|[from] item: Leftovers
|upkeep
|turn|40
|
|t:|1661282988
|switch|p1a: Excadrill|Excadrill, F|53/100
|move|p2a: Clefable|Moonblast|p1a: Excadrill
|-resisted|p1a: Excadrill
|-damage|p1a: Excadrill|33/100
|-unboost|p1a: Excadrill|spa|1
|
|-heal|p1a: Excadrill|39/100|[from] item: Leftovers
|upkeep
|turn|41
|
|t:|1661283000
|switch|p2a: Zapdos|Zapdos|22/100
|move|p1a: Excadrill|Swords Dance|p1a: Excadrill
|-boost|p1a: Excadrill|atk|2
|
|-heal|p1a: Excadrill|45/100|[from] item: Leftovers
|upkeep
|turn|42
|
|t:|1661283006
|move|p2a: Zapdos|Hurricane|p1a: Excadrill|[miss]
|-miss|p2a: Zapdos|p1a: Excadrill
|move|p1a: Excadrill|Rapid Spin|p2a: Zapdos
|-damage|p2a: Zapdos|0 fnt
|-boost|p1a: Excadrill|spe|1
|faint|p2a: Zapdos
|
|-heal|p1a: Excadrill|51/100|[from] item: Leftovers
|upkeep
|
|t:|1661283015
|switch|p2a: Slowbro|Slowbro, M|73/100
|-damage|p2a: Slowbro|61/100|[from] Stealth Rock
|turn|43
|
|t:|1661283019
|move|p1a: Excadrill|Earthquake|p2a: Slowbro
|-damage|p2a: Slowbro|0 fnt
|faint|p2a: Slowbro
|
|-heal|p1a: Excadrill|57/100|[from] item: Leftovers
|upkeep
|c|☆LT_Alt1|ur a fucking clown
|-message|LT_Alt1 forfeited.
|
|win|LT94 JEEP
|raw|LT94 JEEP's rating: 1660 &rarr; <strong>1683</strong><br />(+23 for winning)
|raw|LT_Alt1's rating: 1704 &rarr; <strong>1681</strong><br />(-23 for losing)
|l|☆LT_Alt1
|c|☆LT94 JEEP|ik
|c|☆LT94 JEEP|ty
||Ladder isn't responding, score probably updated but might not have (Request timeout).
