|j|☆Cra2k
|j|☆Stunfisk2140
|t:|1643179673
|gametype|singles
|player|p1|Cra2k|juan|
|player|p2|Stunfisk2140|170|
|teamsize|p1|6
|teamsize|p2|6
|gen|8
|tier|[Gen 8] OU
|rule|Sleep Clause Mod: Limit one foe put to sleep
|rule|Species Clause: Limit one of each Pokémon
|rule|OHKO Clause: OHKO moves are banned
|rule|Evasion Moves Clause: Evasion moves are banned
|rule|Endless Battle Clause: Forcing endless battles is banned
|rule|HP Percentage Mod: HP is shown in percentages
|rule|Dynamax Clause: You cannot dynamax
|clearpoke
|poke|p1|Rillaboom, F|
|poke|p1|Keldeo-Resolute|
|poke|p1|Landorus-Therian, M|
|poke|p1|Latias, F|
|poke|p1|Zapdos|
|poke|p1|Chansey, F|
|poke|p2|Clawitzer, F|
|poke|p2|Heatran, M|
|poke|p2|Buzzwole|
|poke|p2|Slowking, M|
|poke|p2|Landorus-Therian, M|
|poke|p2|Kartana|
|teampreview
|c|☆Stunfisk2140|glhf
|c|☆Cra2k|glhf
|inactive|Battle timer is ON: inactive players will automatically lose when time's up. (requested by Cra2k)
|
|t:|1643179688
|start
|switch|p1a: Landorus|Landorus-Therian, M|100/100
|switch|p2a: Howitzer Shrimp|Clawitzer, F|100/100
|-ability|p1a: Landorus|Intimidate|boost
|-unboost|p2a: Howitzer Shrimp|atk|1
|turn|1
|
|t:|1643179699
|switch|p1a: Chansey|Chansey, F|100/100
|move|p2a: Howitzer Shrimp|Water Pulse|p1a: Chansey
|-damage|p1a: Chansey|79/100
|-start|p1a: Chansey|confusion
|
|upkeep
|turn|2
|
|t:|1643179708
|switch|p2a: Alpha Phroge|Heatran, M, shiny|100/100
|-activate|p1a: Chansey|confusion
|move|p1a: Chansey|Teleport|p1a: Chansey
|
|t:|1643179711
|switch|p1a: Landorus|Landorus-Therian, M|100/100|[from]move: Teleport
|-ability|p1a: Landorus|Intimidate|boost
|-unboost|p2a: Alpha Phroge|atk|1
|
|upkeep
|turn|3
|
|t:|1643179717
|move|p2a: Alpha Phroge|Stealth Rock|p1a: Landorus
|-sidestart|p1: Cra2k|move: Stealth Rock
|move|p1a: Landorus|Stealth Rock|p2a: Alpha Phroge
|-sidestart|p2: Stunfisk2140|move: Stealth Rock
|
|upkeep
|turn|4
|
|t:|1643179723
|switch|p2a: NachoThighJuice|Buzzwole, shiny|100/100
|-damage|p2a: NachoThighJuice|88/100|[from] Stealth Rock
|move|p1a: Landorus|U-turn|p2a: NachoThighJuice
|-resisted|p2a: NachoThighJuice
|-damage|p2a: NachoThighJuice|81/100
|-damage|p1a: Landorus|84/100|[from] item: Rocky Helmet|[of] p2a: NachoThighJuice
|
|t:|1643179725
|switch|p1a: Zapdos|Zapdos|100/100|[from]move: U-turn
|
|upkeep
|turn|5
|
|t:|1643179734
|switch|p2a: Alpha Phroge|Heatran, M, shiny|100/100
|-damage|p2a: Alpha Phroge|88/100|[from] Stealth Rock
|move|p1a: Zapdos|Discharge|p2a: Alpha Phroge
|-damage|p2a: Alpha Phroge|65/100
|
|-heal|p2a: Alpha Phroge|71/100|[from] item: Leftovers
|upkeep
|turn|6
|
|t:|1643179744
|switch|p1a: Landorus|Landorus-Therian, M|84/100
|-damage|p1a: Landorus|72/100|[from] Stealth Rock
|-ability|p1a: Landorus|Intimidate|boost
|-unboost|p2a: Alpha Phroge|atk|1
|move|p2a: Alpha Phroge|Taunt|p1a: Landorus
|-start|p1a: Landorus|move: Taunt
|
|-heal|p2a: Alpha Phroge|77/100|[from] item: Leftovers
|upkeep
|turn|7
|
|t:|1643179753
|switch|p2a: NachoThighJuice|Buzzwole, shiny|81/100
|-damage|p2a: NachoThighJuice|69/100|[from] Stealth Rock
|move|p1a: Landorus|Earthquake|p2a: NachoThighJuice
|-resisted|p2a: NachoThighJuice
|-damage|p2a: NachoThighJuice|53/100
|
|upkeep
|turn|8
|
|t:|1643179760
|move|p2a: NachoThighJuice|Roost|p2a: NachoThighJuice
|-heal|p2a: NachoThighJuice|100/100
|-singleturn|p2a: NachoThighJuice|move: Roost
|move|p1a: Landorus|U-turn|p2a: NachoThighJuice
|-resisted|p2a: NachoThighJuice
|-damage|p2a: NachoThighJuice|94/100
|-damage|p1a: Landorus|55/100|[from] item: Rocky Helmet|[of] p2a: NachoThighJuice
|
|t:|1643179764
|switch|p1a: Latias|Latias, F|100/100|[from]move: U-turn
|-damage|p1a: Latias|88/100|[from] Stealth Rock
|
|upkeep
|turn|9
|
|t:|1643179771
|switch|p2a: Big Brain Boov|Slowking, M, shiny|100/100
|move|p1a: Latias|Draco Meteor|p2a: Big Brain Boov
|-damage|p2a: Big Brain Boov|51/100
|-unboost|p1a: Latias|spa|2
|
|upkeep
|turn|10
|
|t:|1643179778
|switch|p1a: Chansey|Chansey, F|79/100
|-damage|p1a: Chansey|67/100|[from] Stealth Rock
|move|p2a: Big Brain Boov|Teleport|p2a: Big Brain Boov
|
|t:|1643179782
|switch|p2a: Howitzer Shrimp|Clawitzer, F|100/100|[from]move: Teleport
|-damage|p2a: Howitzer Shrimp|88/100|[from] Stealth Rock
|
|upkeep
|turn|11
|c|☆Cra2k|Suspicious
|
|t:|1643179804
|move|p2a: Howitzer Shrimp|Aura Sphere|p1a: Chansey
|-supereffective|p1a: Chansey
|-damage|p1a: Chansey|24/100
|move|p1a: Chansey|Toxic|p2a: Howitzer Shrimp
|-status|p2a: Howitzer Shrimp|tox
|
|-damage|p2a: Howitzer Shrimp|82/100 tox|[from] psn
|upkeep
|turn|12
|
|t:|1643179813
|switch|p2a: Alpha Phroge|Heatran, M, shiny|77/100
|-damage|p2a: Alpha Phroge|65/100|[from] Stealth Rock
|switch|p1a: Zapdos|Zapdos|100/100
|
|-heal|p2a: Alpha Phroge|71/100|[from] item: Leftovers
|upkeep
|turn|13
|
|t:|1643179821
|switch|p1a: Landorus|Landorus-Therian, M|55/100
|-damage|p1a: Landorus|43/100|[from] Stealth Rock
|-ability|p1a: Landorus|Intimidate|boost
|-unboost|p2a: Alpha Phroge|atk|1
|move|p2a: Alpha Phroge|Magma Storm|p1a: Landorus
|-damage|p1a: Landorus|10/100
|-activate|p1a: Landorus|move: Magma Storm|[of] p2a: Alpha Phroge
|
|-heal|p2a: Alpha Phroge|77/100|[from] item: Leftovers
|-damage|p1a: Landorus|0 fnt|[from] move: Magma Storm|[partiallytrapped]
|faint|p1a: Landorus
|upkeep
|
|t:|1643179826
|switch|p1a: Keldeo|Keldeo-Resolute|100/100
|-damage|p1a: Keldeo|94/100|[from] Stealth Rock
|turn|14
|
|t:|1643179836
|switch|p1a: Rillaboom|Rillaboom, F|100/100
|-damage|p1a: Rillaboom|88/100|[from] Stealth Rock
|-fieldstart|move: Grassy Terrain|[from] ability: Grassy Surge|[of] p1a: Rillaboom
|switch|p2a: Big Brain Boov|Slowking, M, shiny|84/100
|
|-heal|p1a: Rillaboom|94/100|[from] Grassy Terrain
|-heal|p2a: Big Brain Boov|90/100|[from] Grassy Terrain
|upkeep
|turn|15
|
|t:|1643179846
|switch|p2a: NachoThighJuice|Buzzwole, shiny|94/100
|-damage|p2a: NachoThighJuice|82/100|[from] Stealth Rock
|move|p1a: Rillaboom|Knock Off|p2a: NachoThighJuice
|-resisted|p2a: NachoThighJuice
|-damage|p2a: NachoThighJuice|66/100
|-damage|p1a: Rillaboom|78/100|[from] item: Rocky Helmet|[of] p2a: NachoThighJuice
|-enditem|p2a: NachoThighJuice|Rocky Helmet|[from] move: Knock Off|[of] p1a: Rillaboom
|-damage|p1a: Rillaboom|68/100|[from] item: Life Orb
|
|-heal|p1a: Rillaboom|74/100|[from] Grassy Terrain
|-heal|p2a: NachoThighJuice|73/100|[from] Grassy Terrain
|upkeep
|turn|16
|
|t:|1643179860
|switch|p1a: Keldeo|Keldeo-Resolute|94/100
|-damage|p1a: Keldeo|88/100|[from] Stealth Rock
|move|p2a: NachoThighJuice|Ice Punch|p1a: Keldeo
|-resisted|p1a: Keldeo
|-damage|p1a: Keldeo|72/100
|
|-heal|p1a: Keldeo|78/100|[from] Grassy Terrain
|-heal|p2a: NachoThighJuice|79/100|[from] Grassy Terrain
|upkeep
|turn|17
|
|t:|1643179870
|switch|p2a: Big Brain Boov|Slowking, M, shiny|100/100
|move|p1a: Keldeo|Hydro Pump|p2a: Big Brain Boov|[miss]
|-miss|p1a: Keldeo|p2a: Big Brain Boov
|
|-heal|p1a: Keldeo|84/100|[from] Grassy Terrain
|upkeep
|turn|18
|
|t:|1643179878
|switch|p1a: Zapdos|Zapdos|100/100
|move|p2a: Big Brain Boov|Teleport|p2a: Big Brain Boov
|
|t:|1643179882
|switch|p2a: Orlando Bloom|Landorus-Therian, M|100/100|[from]move: Teleport
|-damage|p2a: Orlando Bloom|88/100|[from] Stealth Rock
|-ability|p2a: Orlando Bloom|Intimidate|boost
|-unboost|p1a: Zapdos|atk|1
|
|-heal|p2a: Orlando Bloom|94/100|[from] item: Leftovers
|-fieldend|move: Grassy Terrain
|upkeep
|turn|19
|
|t:|1643179893
|switch|p1a: Latias|Latias, F|88/100
|-damage|p1a: Latias|76/100|[from] Stealth Rock
|move|p2a: Orlando Bloom|Toxic|p1a: Latias
|-status|p1a: Latias|tox
|
|-heal|p2a: Orlando Bloom|99/100|[from] item: Leftovers
|-damage|p1a: Latias|70/100 tox|[from] psn
|upkeep
|turn|20
|
|t:|1643179902
|switch|p2a: Big Brain Boov|Slowking, M, shiny|100/100
|move|p1a: Latias|Agility|p1a: Latias
|-boost|p1a: Latias|spe|2
|
|-damage|p1a: Latias|58/100 tox|[from] psn
|upkeep
|turn|21
|
|t:|1643179919
|move|p1a: Latias|Calm Mind|p1a: Latias
|-boost|p1a: Latias|spa|1
|-boost|p1a: Latias|spd|1
|move|p2a: Big Brain Boov|Teleport|p2a: Big Brain Boov
|
|t:|1643179925
|switch|p2a: Alpha Phroge|Heatran, M, shiny|77/100|[from]move: Teleport
|-damage|p2a: Alpha Phroge|65/100|[from] Stealth Rock
|
|-heal|p2a: Alpha Phroge|71/100|[from] item: Leftovers
|-damage|p1a: Latias|40/100 tox|[from] psn
|upkeep
|turn|22
|
|t:|1643179949
|switch|p1a: Keldeo|Keldeo-Resolute|84/100
|-damage|p1a: Keldeo|78/100|[from] Stealth Rock
|switch|p2a: Big Brain Boov|Slowking, M, shiny|100/100
|
|upkeep
|turn|23
|
|t:|1643179955
|switch|p1a: Chansey|Chansey, F|24/100
|-damage|p1a: Chansey|12/100|[from] Stealth Rock
|move|p2a: Big Brain Boov|Future Sight|p1a: Chansey
|-start|p2a: Big Brain Boov|move: Future Sight
|
|upkeep
|turn|24
|
|t:|1643179960
|move|p1a: Chansey|Soft-Boiled|p1a: Chansey
|-heal|p1a: Chansey|62/100
|move|p2a: Big Brain Boov|Teleport|p2a: Big Brain Boov
|
|t:|1643179964
|switch|p2a: NachoThighJuice|Buzzwole, shiny|79/100|[from]move: Teleport
|-damage|p2a: NachoThighJuice|66/100|[from] Stealth Rock
|
|upkeep
|turn|25
|
|t:|1643179969
|switch|p1a: Zapdos|Zapdos|100/100
|move|p2a: NachoThighJuice|Close Combat|p1a: Zapdos
|-resisted|p1a: Zapdos
|-damage|p1a: Zapdos|74/100
|-unboost|p2a: NachoThighJuice|def|1
|-unboost|p2a: NachoThighJuice|spd|1
|
|-end|p1a: Zapdos|move: Future Sight
|-damage|p1a: Zapdos|33/100
|upkeep
|turn|26
|
|t:|1643179978
|switch|p2a: Orlando Bloom|Landorus-Therian, M|99/100
|-damage|p2a: Orlando Bloom|88/100|[from] Stealth Rock
|-ability|p2a: Orlando Bloom|Intimidate|boost
|-unboost|p1a: Zapdos|atk|1
|move|p1a: Zapdos|Heat Wave|p2a: Orlando Bloom
|-damage|p2a: Orlando Bloom|67/100
|-status|p2a: Orlando Bloom|brn
|
|-heal|p2a: Orlando Bloom|73/100 brn|[from] item: Leftovers
|-damage|p2a: Orlando Bloom|67/100 brn|[from] brn
|upkeep
|turn|27
|
|t:|1643180001
|move|p1a: Zapdos|Roost|p1a: Zapdos
|-heal|p1a: Zapdos|83/100
|-singleturn|p1a: Zapdos|move: Roost
|move|p2a: Orlando Bloom|Toxic|p1a: Zapdos|[miss]
|-miss|p2a: Orlando Bloom|p1a: Zapdos
|
|-heal|p2a: Orlando Bloom|73/100 brn|[from] item: Leftovers
|-damage|p2a: Orlando Bloom|67/100 brn|[from] brn
|upkeep
|turn|28
|
|t:|1643180010
|switch|p1a: Chansey|Chansey, F|62/100
|-damage|p1a: Chansey|49/100|[from] Stealth Rock
|move|p2a: Orlando Bloom|U-turn|p1a: Chansey
|-damage|p1a: Chansey|42/100
|
|t:|1643180016
|switch|p2a: Howitzer Shrimp|Clawitzer, F|82/100 tox|[from]move: U-turn
|-damage|p2a: Howitzer Shrimp|70/100 tox|[from] Stealth Rock
|
|-damage|p2a: Howitzer Shrimp|64/100 tox|[from] psn
|upkeep
|turn|29
|
|t:|1643180022
|switch|p1a: Latias|Latias, F|40/100 tox
|-damage|p1a: Latias|28/100 tox|[from] Stealth Rock
|move|p2a: Howitzer Shrimp|Aura Sphere|p1a: Latias
|-resisted|p1a: Latias
|-damage|p1a: Latias|0 fnt
|faint|p1a: Latias
|
|-damage|p2a: Howitzer Shrimp|52/100 tox|[from] psn
|upkeep
|
|t:|1643180025
|switch|p1a: Rillaboom|Rillaboom, F|74/100
|-damage|p1a: Rillaboom|62/100|[from] Stealth Rock
|-fieldstart|move: Grassy Terrain|[from] ability: Grassy Surge|[of] p1a: Rillaboom
|turn|30
|
|t:|1643180037
|move|p1a: Rillaboom|Swords Dance|p1a: Rillaboom
|-boost|p1a: Rillaboom|atk|2
|move|p2a: Howitzer Shrimp|Aura Sphere|p1a: Rillaboom
|-damage|p1a: Rillaboom|0 fnt
|faint|p1a: Rillaboom
|
|-heal|p2a: Howitzer Shrimp|58/100 tox|[from] Grassy Terrain
|-damage|p2a: Howitzer Shrimp|40/100 tox|[from] psn
|upkeep
|
|t:|1643180043
|switch|p1a: Zapdos|Zapdos|83/100
|turn|31
|
|t:|1643180048
|switch|p2a: Orlando Bloom|Landorus-Therian, M|67/100 brn
|-damage|p2a: Orlando Bloom|55/100 brn|[from] Stealth Rock
|-ability|p2a: Orlando Bloom|Intimidate|boost
|-unboost|p1a: Zapdos|atk|1
|move|p1a: Zapdos|Heat Wave|p2a: Orlando Bloom|[miss]
|-miss|p1a: Zapdos|p2a: Orlando Bloom
|
|-heal|p2a: Orlando Bloom|61/100 brn|[from] item: Leftovers
|-damage|p2a: Orlando Bloom|55/100 brn|[from] brn
|upkeep
|turn|32
|
|t:|1643180059
|move|p1a: Zapdos|Defog|p2a: Orlando Bloom
|-unboost|p2a: Orlando Bloom|evasion|1
|-sideend|p2: Stunfisk2140|Stealth Rock|[from] move: Defog|[of] p1a: Zapdos
|-sideend|p1: Cra2k|Stealth Rock|[from] move: Defog|[of] p1a: Zapdos
|-fieldend|move: Grassy Terrain
|move|p2a: Orlando Bloom|Toxic|p1a: Zapdos
|-status|p1a: Zapdos|tox
|
|-heal|p2a: Orlando Bloom|61/100 brn|[from] item: Leftovers
|-damage|p1a: Zapdos|77/100 tox|[from] psn
|-damage|p2a: Orlando Bloom|55/100 brn|[from] brn
|upkeep
|turn|33
|
|t:|1643180072
|switch|p2a: Alpha Phroge|Heatran, M, shiny|71/100
|move|p1a: Zapdos|Roost|p1a: Zapdos
|-heal|p1a: Zapdos|100/100 tox
|-singleturn|p1a: Zapdos|move: Roost
|
|-heal|p2a: Alpha Phroge|77/100|[from] item: Leftovers
|-damage|p1a: Zapdos|88/100 tox|[from] psn
|upkeep
|turn|34
|
|t:|1643180083
|move|p1a: Zapdos|Discharge|p2a: Alpha Phroge
|-damage|p2a: Alpha Phroge|53/100
|move|p2a: Alpha Phroge|Stealth Rock|p1a: Zapdos
|-sidestart|p1: Cra2k|move: Stealth Rock
|
|-heal|p2a: Alpha Phroge|59/100|[from] item: Leftovers
|-damage|p1a: Zapdos|70/100 tox|[from] psn
|upkeep
|turn|35
|
|t:|1643180105
|move|p1a: Zapdos|Heat Wave|p2a: Alpha Phroge
|-start|p2a: Alpha Phroge|ability: Flash Fire
|move|p2a: Alpha Phroge|Magma Storm|p1a: Zapdos
|-damage|p1a: Zapdos|12/100 tox
|-activate|p1a: Zapdos|move: Magma Storm|[of] p2a: Alpha Phroge
|
|-heal|p2a: Alpha Phroge|66/100|[from] item: Leftovers
|-damage|p1a: Zapdos|0 fnt|[from] psn
|faint|p1a: Zapdos
|upkeep
|c|☆Cra2k|misclick
|c|☆Stunfisk2140|it happens
|c|☆Cra2k|but it would have been gg
|inactive|Cra2k has 270 seconds left.
|c|☆Cra2k|so gg
|c|☆Cra2k|wp
|c|☆Stunfisk2140|gg
|
|t:|1643180128
|switch|p1a: Chansey|Chansey, F|42/100
|-damage|p1a: Chansey|30/100|[from] Stealth Rock
|turn|36
|c|☆Stunfisk2140|u2
|-message|Cra2k forfeited.
|
|win|Stunfisk2140
