|raw|<div class="broadcast-blue"><strong>This battle is required to be public due to a player having a name starting with 'btlt200'.</div>
|j|☆BTLT200$ brrr
|j|☆Saimasseuh v8
|t:|1667998663
|gametype|singles
|player|p1|BTLT200$ brrr|winona|1896
|player|p2|Saimasseuh v8|101|1834
|teamsize|p1|6
|teamsize|p2|6
|gen|8
|tier|[Gen 8] OU
|rated|
|rule|Sleep Clause Mod: Limit one foe put to sleep
|rule|Species Clause: Limit one of each Pokémon
|rule|OHKO Clause: OHKO moves are banned
|rule|Evasion Items Clause: Evasion items are banned
|rule|Evasion Moves Clause: Evasion moves are banned
|rule|Endless Battle Clause: Forcing endless battles is banned
|rule|HP Percentage Mod: HP is shown in percentages
|rule|Dynamax Clause: You cannot dynamax
|clearpoke
|poke|p1|Dragonite, F|
|poke|p1|Urshifu-*, M|
|poke|p1|Tapu Koko|
|poke|p1|Ferrothorn, F|
|poke|p1|Clefable, F|
|poke|p1|Landorus-Therian, M|
|poke|p2|Dragapult, F|
|poke|p2|Ferrothorn, M|
|poke|p2|Heatran, M|
|poke|p2|Nidoking, M|
|poke|p2|Tapu Lele|
|poke|p2|Landorus-Therian, M|
|teampreview
|inactive|Battle timer is ON: inactive players will automatically lose when time's up. (requested by BTLT200$ brrr)
|
|t:|1667998690
|start
|switch|p1a: Urshifu|Urshifu-Rapid-Strike, M|100/100
|switch|p2a: Tapu Lele|Tapu Lele|100/100
|-fieldstart|move: Psychic Terrain|[from] ability: Psychic Surge|[of] p2a: Tapu Lele
|turn|1
|
|t:|1667998705
|switch|p1a: Ferrothorn|Ferrothorn, F|100/100
|move|p2a: Tapu Lele|Psychic|p1a: Ferrothorn
|-resisted|p1a: Ferrothorn
|-damage|p1a: Ferrothorn|59/100
|
|-heal|p1a: Ferrothorn|65/100|[from] item: Leftovers
|upkeep
|turn|2
|
|t:|1667998716
|move|p2a: Tapu Lele|Psychic|p1a: Ferrothorn
|-resisted|p1a: Ferrothorn
|-damage|p1a: Ferrothorn|26/100
|move|p1a: Ferrothorn|Gyro Ball|p2a: Tapu Lele
|-supereffective|p2a: Tapu Lele
|-damage|p2a: Tapu Lele|0 fnt
|faint|p2a: Tapu Lele
|
|-heal|p1a: Ferrothorn|32/100|[from] item: Leftovers
|upkeep
|
|t:|1667998720
|switch|p2a: Heatran|Heatran, M|100/100
|-item|p2a: Heatran|Air Balloon
|turn|3
|
|t:|1667998731
|switch|p1a: Dragonite|Dragonite, F|100/100
|move|p2a: Heatran|Stealth Rock|p1a: Dragonite
|-sidestart|p1: BTLT200$ brrr|move: Stealth Rock
|
|upkeep
|turn|4
|
|t:|1667998738
|move|p1a: Dragonite|Dual Wingbeat|p2a: Heatran
|-resisted|p2a: Heatran
|-damage|p2a: Heatran|93/100
|-enditem|p2a: Heatran|Air Balloon
|-resisted|p2a: Heatran
|-damage|p2a: Heatran|84/100
|-hitcount|p2a: Heatran|2
|move|p2a: Heatran|Toxic|p1a: Dragonite
|-status|p1a: Dragonite|tox
|
|-damage|p1a: Dragonite|94/100 tox|[from] psn
|upkeep
|turn|5
|
|t:|1667998744
|switch|p1a: Urshifu|Urshifu-Rapid-Strike, M|100/100
|-damage|p1a: Urshifu|94/100|[from] Stealth Rock
|switch|p2a: Landorus|Landorus-Therian, M|100/100
|-ability|p2a: Landorus|Intimidate|boost
|-unboost|p1a: Urshifu|atk|1
|
|-fieldend|move: Psychic Terrain
|upkeep
|turn|6
|
|t:|1667998752
|switch|p2a: Ferrothorn|Ferrothorn, M|100/100
|move|p1a: Urshifu|Surging Strikes|p2a: Ferrothorn
|-resisted|p2a: Ferrothorn
|-crit|p2a: Ferrothorn
|-damage|p2a: Ferrothorn|95/100
|-activate|p2a: Ferrothorn|ability: Iron Barbs
|-activate|p1a: Urshifu|item: Protective Pads
|-resisted|p2a: Ferrothorn
|-crit|p2a: Ferrothorn
|-damage|p2a: Ferrothorn|90/100
|-activate|p2a: Ferrothorn|ability: Iron Barbs
|-activate|p1a: Urshifu|item: Protective Pads
|-resisted|p2a: Ferrothorn
|-crit|p2a: Ferrothorn
|-damage|p2a: Ferrothorn|84/100
|-activate|p2a: Ferrothorn|ability: Iron Barbs
|-activate|p1a: Urshifu|item: Protective Pads
|-hitcount|p2a: Ferrothorn|3
|
|-heal|p2a: Ferrothorn|91/100|[from] item: Leftovers
|upkeep
|turn|7
|
|t:|1667998758
|switch|p2a: Dragapult|Dragapult, F|100/100
|move|p1a: Urshifu|U-turn|p2a: Dragapult
|-resisted|p2a: Dragapult
|-damage|p2a: Dragapult|89/100
|
|t:|1667998764
|switch|p1a: Landorus|Landorus-Therian, M|100/100|[from]move: U-turn
|-damage|p1a: Landorus|88/100|[from] Stealth Rock
|-ability|p1a: Landorus|Intimidate|boost
|-fail|p2a: Dragapult|unboost|[from] ability: Clear Body|[of] p2a: Dragapult
|
|-heal|p1a: Landorus|94/100|[from] item: Leftovers
|upkeep
|turn|8
|j| wdz999
|
|t:|1667998770
|switch|p2a: Landorus|Landorus-Therian, M|100/100
|-ability|p2a: Landorus|Intimidate|boost
|-unboost|p1a: Landorus|atk|1
|move|p1a: Landorus|Knock Off|p2a: Landorus
|-damage|p2a: Landorus|85/100
|-damage|p1a: Landorus|78/100|[from] item: Rocky Helmet|[of] p2a: Landorus
|-enditem|p2a: Landorus|Rocky Helmet|[from] move: Knock Off|[of] p1a: Landorus
|
|-heal|p1a: Landorus|84/100|[from] item: Leftovers
|upkeep
|turn|9
|
|t:|1667998784
|move|p2a: Landorus|U-turn|p1a: Landorus
|-resisted|p1a: Landorus
|-damage|p1a: Landorus|73/100
|
|t:|1667998787
|switch|p2a: Ferrothorn|Ferrothorn, M|91/100|[from]move: U-turn
|move|p1a: Landorus|Defog|p2a: Ferrothorn
|-unboost|p2a: Ferrothorn|evasion|1
|-sideend|p1: BTLT200$ brrr|Stealth Rock|[from] move: Defog|[of] p1a: Landorus
|
|-heal|p1a: Landorus|79/100|[from] item: Leftovers
|-heal|p2a: Ferrothorn|97/100|[from] item: Leftovers
|upkeep
|turn|10
|j| Bobify
|
|t:|1667998794
|switch|p1a: Ferrothorn|Ferrothorn, F|32/100
|move|p2a: Ferrothorn|Knock Off|p1a: Ferrothorn
|-damage|p1a: Ferrothorn|19/100
|-damage|p2a: Ferrothorn|84/100|[from] ability: Iron Barbs|[of] p1a: Ferrothorn
|-enditem|p1a: Ferrothorn|Leftovers|[from] move: Knock Off|[of] p2a: Ferrothorn
|
|-heal|p2a: Ferrothorn|91/100|[from] item: Leftovers
|upkeep
|turn|11
|
|t:|1667998801
|move|p2a: Ferrothorn|Spikes|p1a: Ferrothorn
|-sidestart|p1: BTLT200$ brrr|Spikes
|move|p1a: Ferrothorn|Spikes|p2a: Ferrothorn
|-sidestart|p2: Saimasseuh v8|Spikes
|
|-heal|p2a: Ferrothorn|97/100|[from] item: Leftovers
|upkeep
|turn|12
|
|t:|1667998804
|switch|p2a: Heatran|Heatran, M|84/100
|-damage|p2a: Heatran|72/100|[from] Spikes
|move|p1a: Ferrothorn|Spikes|p2a: Heatran
|-sidestart|p2: Saimasseuh v8|Spikes
|
|upkeep
|turn|13
|
|t:|1667998810
|move|p2a: Heatran|Stealth Rock|p1a: Ferrothorn
|-sidestart|p1: BTLT200$ brrr|move: Stealth Rock
|move|p1a: Ferrothorn|Spikes|p2a: Heatran
|-sidestart|p2: Saimasseuh v8|Spikes
|
|upkeep
|turn|14
|
|t:|1667998814
|switch|p1a: Dragonite|Dragonite, F|94/100 tox
|move|p2a: Heatran|Magma Storm|p1a: Dragonite|[miss]
|-miss|p2a: Heatran|p1a: Dragonite
|
|-damage|p1a: Dragonite|88/100 tox|[from] psn
|upkeep
|turn|15
|
|t:|1667998820
|switch|p2a: Landorus|Landorus-Therian, M|85/100
|-ability|p2a: Landorus|Intimidate|boost
|-unboost|p1a: Dragonite|atk|1
|move|p1a: Dragonite|Earthquake|p2a: Landorus
|-immune|p2a: Landorus
|
|-damage|p1a: Dragonite|76/100 tox|[from] psn
|upkeep
|turn|16
|
|t:|1667998826
|switch|p1a: Ferrothorn|Ferrothorn, F|19/100
|-damage|p1a: Ferrothorn|6/100|[from] Spikes
|-damage|p1a: Ferrothorn|0 fnt|[from] Stealth Rock
|faint|p1a: Ferrothorn
|move|p2a: Landorus|U-turn|p1: Ferrothorn|[notarget]
|-fail|p2a: Landorus
|
|upkeep
|
|t:|1667998829
|switch|p1a: Urshifu|Urshifu-Rapid-Strike, M|94/100
|-damage|p1a: Urshifu|82/100|[from] Spikes
|-damage|p1a: Urshifu|76/100|[from] Stealth Rock
|turn|17
|
|t:|1667998843
|switch|p2a: Ferrothorn|Ferrothorn, M|97/100
|-damage|p2a: Ferrothorn|72/100|[from] Spikes
|move|p1a: Urshifu|Surging Strikes|p2a: Ferrothorn
|-resisted|p2a: Ferrothorn
|-crit|p2a: Ferrothorn
|-damage|p2a: Ferrothorn|66/100
|-activate|p2a: Ferrothorn|ability: Iron Barbs
|-activate|p1a: Urshifu|item: Protective Pads
|-resisted|p2a: Ferrothorn
|-crit|p2a: Ferrothorn
|-damage|p2a: Ferrothorn|60/100
|-activate|p2a: Ferrothorn|ability: Iron Barbs
|-activate|p1a: Urshifu|item: Protective Pads
|-resisted|p2a: Ferrothorn
|-crit|p2a: Ferrothorn
|-damage|p2a: Ferrothorn|54/100
|-activate|p2a: Ferrothorn|ability: Iron Barbs
|-activate|p1a: Urshifu|item: Protective Pads
|-hitcount|p2a: Ferrothorn|3
|
|-heal|p2a: Ferrothorn|60/100|[from] item: Leftovers
|upkeep
|turn|18
|
|t:|1667998848
|move|p1a: Urshifu|Close Combat|p2a: Ferrothorn
|-supereffective|p2a: Ferrothorn
|-damage|p2a: Ferrothorn|0 fnt
|-unboost|p1a: Urshifu|def|1
|-unboost|p1a: Urshifu|spd|1
|-activate|p2a: Ferrothorn|ability: Iron Barbs
|-activate|p1a: Urshifu|item: Protective Pads
|faint|p2a: Ferrothorn
|
|upkeep
|
|t:|1667998853
|switch|p2a: Nidoking|Nidoking, M|100/100
|-damage|p2a: Nidoking|76/100|[from] Spikes
|turn|19
|
|t:|1667998859
|move|p2a: Nidoking|Sludge Wave|p1a: Urshifu
|-damage|p1a: Urshifu|0 fnt
|faint|p1a: Urshifu
|
|upkeep
|j| aReptileDysfunctn
|
|t:|1667998878
|switch|p1a: Landorus|Landorus-Therian, M|79/100
|-damage|p1a: Landorus|66/100|[from] Stealth Rock
|-ability|p1a: Landorus|Intimidate|boost
|-unboost|p2a: Nidoking|atk|1
|turn|20
|
|t:|1667998891
|move|p2a: Nidoking|Sludge Wave|p1a: Landorus
|-resisted|p1a: Landorus
|-damage|p1a: Landorus|49/100
|move|p1a: Landorus|U-turn|p2a: Nidoking
|-resisted|p2a: Nidoking
|-damage|p2a: Nidoking|61/100
|
|t:|1667998895
|switch|p1a: Dragonite|Dragonite, F|76/100 tox|[from]move: U-turn
|
|-damage|p1a: Dragonite|70/100 tox|[from] psn
|upkeep
|turn|21
|
|t:|1667998901
|switch|p2a: Landorus|Landorus-Therian, M|85/100
|-ability|p2a: Landorus|Intimidate|boost
|-unboost|p1a: Dragonite|atk|1
|move|p1a: Dragonite|Dual Wingbeat|p2a: Landorus
|-damage|p2a: Landorus|74/100
|-damage|p2a: Landorus|63/100
|-hitcount|p2a: Landorus|2
|
|-damage|p1a: Dragonite|58/100 tox|[from] psn
|upkeep
|turn|22
|
|t:|1667998908
|move|p2a: Landorus|U-turn|p1a: Dragonite
|-resisted|p1a: Dragonite
|-damage|p1a: Dragonite|46/100 tox
|
|t:|1667998910
|switch|p2a: Heatran|Heatran, M|72/100|[from]move: U-turn
|-damage|p2a: Heatran|47/100|[from] Spikes
|move|p1a: Dragonite|Dual Wingbeat|p2a: Heatran
|-resisted|p2a: Heatran
|-damage|p2a: Heatran|41/100
|-resisted|p2a: Heatran
|-damage|p2a: Heatran|35/100
|-hitcount|p2a: Heatran|2
|
|-damage|p1a: Dragonite|28/100 tox|[from] psn
|upkeep
|turn|23
|
|t:|1667998918
|move|p1a: Dragonite|Roost|p1a: Dragonite
|-heal|p1a: Dragonite|78/100 tox
|-singleturn|p1a: Dragonite|move: Roost
|move|p2a: Heatran|Magma Storm|p1a: Dragonite|[miss]
|-miss|p2a: Heatran|p1a: Dragonite
|
|-damage|p1a: Dragonite|54/100 tox|[from] psn
|upkeep
|turn|24
|
|t:|1667998924
|move|p1a: Dragonite|Earthquake|p2a: Heatran
|-supereffective|p2a: Heatran
|-crit|p2a: Heatran
|-damage|p2a: Heatran|0 fnt
|faint|p2a: Heatran
|
|-damage|p1a: Dragonite|24/100 tox|[from] psn
|upkeep
|
|t:|1667998928
|switch|p2a: Nidoking|Nidoking, M|61/100
|-damage|p2a: Nidoking|36/100|[from] Spikes
|turn|25
|
|t:|1667998945
|move|p2a: Nidoking|Sludge Wave|p1a: Dragonite
|-damage|p1a: Dragonite|0 fnt
|faint|p1a: Dragonite
|
|upkeep
|
|t:|1667998960
|switch|p1a: Landorus|Landorus-Therian, M|49/100
|-damage|p1a: Landorus|37/100|[from] Stealth Rock
|-ability|p1a: Landorus|Intimidate|boost
|-unboost|p2a: Nidoking|atk|1
|turn|26
|
|t:|1667998966
|switch|p2a: Landorus|Landorus-Therian, M|63/100
|-ability|p2a: Landorus|Intimidate|boost
|-unboost|p1a: Landorus|atk|1
|move|p1a: Landorus|Knock Off|p2a: Landorus
|-damage|p2a: Landorus|51/100
|
|-heal|p1a: Landorus|43/100|[from] item: Leftovers
|upkeep
|turn|27
|
|t:|1667998980
|switch|p1a: Clefable|Clefable, F|100/100
|move|p2a: Landorus|Toxic|p1a: Clefable
|-status|p1a: Clefable|tox
|
|upkeep
|turn|28
|j| typical_bastard
|inactive|Saimasseuh v8 has 120 seconds left.
|
|t:|1667999018
|move|p2a: Landorus|Earthquake|p1a: Clefable
|-damage|p1a: Clefable|58/100 tox
|move|p1a: Clefable|Stealth Rock|p2a: Landorus
|-sidestart|p2: Saimasseuh v8|move: Stealth Rock
|
|-heal|p1a: Clefable|64/100 tox|[from] item: Leftovers
|upkeep
|turn|29
|
|t:|1667999024
|move|p2a: Landorus|Defog|p1a: Clefable
|-unboost|p1a: Clefable|evasion|1
|-sideend|p1: BTLT200$ brrr|Spikes|[from] move: Defog|[of] p2a: Landorus
|-sideend|p1: BTLT200$ brrr|Stealth Rock|[from] move: Defog|[of] p2a: Landorus
|-sideend|p2: Saimasseuh v8|Spikes|[from] move: Defog|[of] p2a: Landorus
|-sideend|p2: Saimasseuh v8|Stealth Rock|[from] move: Defog|[of] p2a: Landorus
|move|p1a: Clefable|Soft-Boiled|p1a: Clefable
|-heal|p1a: Clefable|100/100 tox
|
|upkeep
|turn|30
|l|☆BTLT200$ brrr
|inactive|BTLT200$ brrr disconnected and has a minute to reconnect!
|player|p1|
|inactive|BTLT200$ brrr has 30 seconds to reconnect!
|j|☆BTLT200$ brrr
|inactive|BTLT200$ brrr reconnected and has 90 seconds left.
|player|p1|BTLT200$ brrr|winona
|
|t:|1667999089
|move|p2a: Landorus|Earthquake|p1a: Clefable
|-damage|p1a: Clefable|61/100 tox
|move|p1a: Clefable|Moonblast|p2a: Landorus
|-damage|p2a: Landorus|18/100
|
|-heal|p1a: Clefable|68/100 tox|[from] item: Leftovers
|upkeep
|turn|31
|inactive|BTLT200$ brrr has 90 seconds left.
|inactive|Saimasseuh v8 has 120 seconds left.
|
|t:|1667999116
|switch|p2a: Nidoking|Nidoking, M|36/100
|move|p1a: Clefable|Soft-Boiled|p1a: Clefable
|-heal|p1a: Clefable|100/100 tox
|
|upkeep
|turn|32
|inactive|BTLT200$ brrr has 90 seconds left.
|j| the art of
|j| badalakazam
|inactive|BTLT200$ brrr has 60 seconds left.
|
|t:|1667999161
|move|p2a: Nidoking|Sludge Wave|p1a: Clefable
|-supereffective|p1a: Clefable
|-damage|p1a: Clefable|21/100 tox
|move|p1a: Clefable|Moonblast|p2a: Nidoking
|-resisted|p2a: Nidoking
|-damage|p2a: Nidoking|13/100
|
|-heal|p1a: Clefable|27/100 tox|[from] item: Leftovers
|upkeep
|turn|33
|
|t:|1667999174
|switch|p1a: Landorus|Landorus-Therian, M|43/100
|-ability|p1a: Landorus|Intimidate|boost
|-unboost|p2a: Nidoking|atk|1
|move|p2a: Nidoking|Sludge Wave|p1a: Landorus
|-resisted|p1a: Landorus
|-damage|p1a: Landorus|24/100
|
|-heal|p1a: Landorus|30/100|[from] item: Leftovers
|upkeep
|turn|34
|
|t:|1667999180
|switch|p2a: Landorus|Landorus-Therian, M|18/100
|-ability|p2a: Landorus|Intimidate|boost
|-unboost|p1a: Landorus|atk|1
|move|p1a: Landorus|U-turn|p2a: Landorus
|-resisted|p2a: Landorus
|-damage|p2a: Landorus|13/100
|
|t:|1667999185
|switch|p1a: Clefable|Clefable, F|27/100 tox|[from]move: U-turn
|
|-heal|p1a: Clefable|33/100 tox|[from] item: Leftovers
|upkeep
|turn|35
|
|t:|1667999190
|switch|p1a: Landorus|Landorus-Therian, M|30/100
|-ability|p1a: Landorus|Intimidate|boost
|-unboost|p2a: Landorus|atk|1
|move|p2a: Landorus|Earthquake|p1a: Landorus
|-immune|p1a: Landorus
|
|-heal|p1a: Landorus|36/100|[from] item: Leftovers
|upkeep
|turn|36
|
|t:|1667999196
|move|p2a: Landorus|Toxic|p1a: Landorus
|-status|p1a: Landorus|tox
|move|p1a: Landorus|U-turn|p2a: Landorus
|-resisted|p2a: Landorus
|-damage|p2a: Landorus|4/100
|
|t:|1667999199
|switch|p1a: Clefable|Clefable, F|33/100 tox|[from]move: U-turn
|
|-heal|p1a: Clefable|40/100 tox|[from] item: Leftovers
|upkeep
|turn|37
|
|t:|1667999203
|move|p2a: Landorus|Earthquake|p1a: Clefable
|-damage|p1a: Clefable|14/100 tox
|move|p1a: Clefable|Soft-Boiled|p1a: Clefable
|-heal|p1a: Clefable|64/100 tox
|
|-heal|p1a: Clefable|70/100 tox|[from] item: Leftovers
|upkeep
|turn|38
|
|t:|1667999210
|move|p2a: Landorus|Earthquake|p1a: Clefable
|-damage|p1a: Clefable|44/100 tox
|move|p1a: Clefable|Soft-Boiled|p1a: Clefable
|-heal|p1a: Clefable|94/100 tox
|
|-heal|p1a: Clefable|99/100 tox|[from] item: Leftovers
|upkeep
|turn|39
|
|t:|1667999215
|move|p2a: Landorus|Earthquake|p1a: Clefable
|-damage|p1a: Clefable|74/100 tox
|move|p1a: Clefable|Soft-Boiled|p1a: Clefable
|-heal|p1a: Clefable|100/100 tox
|
|upkeep
|turn|40
|
|t:|1667999226
|move|p2a: Landorus|Earthquake|p1a: Clefable
|-crit|p1a: Clefable
|-damage|p1a: Clefable|40/100 tox
|move|p1a: Clefable|Stealth Rock|p2a: Landorus
|-sidestart|p2: Saimasseuh v8|move: Stealth Rock
|
|-heal|p1a: Clefable|46/100 tox|[from] item: Leftovers
|upkeep
|turn|41
|
|t:|1667999230
|switch|p2a: Nidoking|Nidoking, M|13/100
|-damage|p2a: Nidoking|7/100|[from] Stealth Rock
|move|p1a: Clefable|Soft-Boiled|p1a: Clefable
|-heal|p1a: Clefable|96/100 tox
|
|-heal|p1a: Clefable|100/100 tox|[from] item: Leftovers
|upkeep
|turn|42
|
|t:|1667999236
|move|p2a: Nidoking|Sludge Wave|p1a: Clefable
|-supereffective|p1a: Clefable
|-damage|p1a: Clefable|26/100 tox
|move|p1a: Clefable|Moonblast|p2a: Nidoking
|-resisted|p2a: Nidoking
|-damage|p2a: Nidoking|0 fnt
|faint|p2a: Nidoking
|
|-heal|p1a: Clefable|32/100 tox|[from] item: Leftovers
|upkeep
|
|t:|1667999243
|switch|p2a: Dragapult|Dragapult, F|89/100
|-damage|p2a: Dragapult|77/100|[from] Stealth Rock
|turn|43
|
|t:|1667999247
|move|p2a: Dragapult|Dragon Dance|p2a: Dragapult
|-boost|p2a: Dragapult|atk|1
|-boost|p2a: Dragapult|spe|1
|move|p1a: Clefable|Soft-Boiled|p1a: Clefable
|-heal|p1a: Clefable|82/100 tox
|
|-heal|p1a: Clefable|88/100 tox|[from] item: Leftovers
|upkeep
|turn|44
|
|t:|1667999259
|move|p2a: Dragapult|Phantom Force||[still]
|-prepare|p2a: Dragapult|Phantom Force
|move|p1a: Clefable|Moonblast|p2a: Dragapult|[miss]
|-miss|p1a: Clefable|p2a: Dragapult
|
|-heal|p1a: Clefable|94/100 tox|[from] item: Leftovers
|upkeep
|turn|45
|
|t:|1667999262
|switch|p1a: Landorus|Landorus-Therian, M|36/100 tox
|-ability|p1a: Landorus|Intimidate|boost
|-fail|p2a: Dragapult|unboost|[from] ability: Clear Body|[of] p2a: Dragapult
|move|p2a: Dragapult|Phantom Force|p1a: Landorus|[from]lockedmove
|-damage|p1a: Landorus|0 fnt
|faint|p1a: Landorus
|-damage|p2a: Dragapult|67/100|[from] item: Life Orb
|
|upkeep
|
|t:|1667999264
|switch|p1a: Clefable|Clefable, F|94/100 tox
|turn|46
|
|t:|1667999267
|move|p2a: Dragapult|Phantom Force||[still]
|-prepare|p2a: Dragapult|Phantom Force
|move|p1a: Clefable|Moonblast|p2a: Dragapult|[miss]
|-miss|p1a: Clefable|p2a: Dragapult
|
|-heal|p1a: Clefable|99/100 tox|[from] item: Leftovers
|upkeep
|turn|47
|
|t:|1667999270
|move|p2a: Dragapult|Phantom Force|p1a: Clefable|[from]lockedmove
|-damage|p1a: Clefable|15/100 tox
|-damage|p2a: Dragapult|57/100|[from] item: Life Orb
|move|p1a: Clefable|Moonblast|p2a: Dragapult
|-supereffective|p2a: Dragapult
|-damage|p2a: Dragapult|0 fnt
|faint|p2a: Dragapult
|
|-heal|p1a: Clefable|21/100 tox|[from] item: Leftovers
|upkeep
|-message|Saimasseuh v8 forfeited.
|
|win|BTLT200$ brrr
|raw|BTLT200$ brrr's rating: 1896 &rarr; <strong>1912</strong><br />(+16 for winning)
|raw|Saimasseuh v8's rating: 1834 &rarr; <strong>1818</strong><br />(-16 for losing)
|l|☆Saimasseuh v8
|l| Bobify
|l|☆BTLT200$ brrr
||Ladder isn't responding, score probably updated but might not have (Request timeout).
