|j|☆Dart0.0
|j|☆Laroxyl
|inactive|Battle timer is ON: inactive players will automatically lose when time's up.
|t:|1667480926
|gametype|singles
|player|p1|Dart0.0|bea|
|player|p2|Laroxyl|#scl1spartans|
|teamsize|p1|6
|teamsize|p2|6
|gen|8
|tier|[Gen 8] OU
|rated|Tournament battle
|rule|Sleep Clause Mod: Limit one foe put to sleep
|rule|Species Clause: Limit one of each Pokémon
|rule|OHKO Clause: OHKO moves are banned
|rule|Evasion Items Clause: Evasion items are banned
|rule|Evasion Moves Clause: Evasion moves are banned
|rule|Endless Battle Clause: Forcing endless battles is banned
|rule|HP Percentage Mod: HP is shown in percentages
|rule|Dynamax Clause: You cannot dynamax
|clearpoke
|poke|p1|Heatran, M|
|poke|p1|Zapdos|
|poke|p1|Garchomp, F|
|poke|p1|Tapu Lele|
|poke|p1|Clefable, M|
|poke|p1|Terrakion|
|poke|p2|Ninetales-Alola, F|
|poke|p2|Heatran, M|
|poke|p2|Dragapult, M|
|poke|p2|Scizor, F|
|poke|p2|Garchomp, F|
|poke|p2|Cloyster, M|
|teampreview
|j| Aftx
|j| De5tr0yr
|
|t:|1667480944
|start
|switch|p1a: Heatran|Heatran, M|100/100
|switch|p2a: Ninetales|Ninetales-Alola, F|100/100
|-weather|Hail|[from] ability: Snow Warning|[of] p2a: Ninetales
|turn|1
|
|t:|1667480958
|move|p2a: Ninetales|Aurora Veil|p2a: Ninetales
|-sidestart|p2: Laroxyl|move: Aurora Veil
|move|p1a: Heatran|Magma Storm|p2a: Ninetales
|-supereffective|p2a: Ninetales
|-damage|p2a: Ninetales|60/100
|-activate|p2a: Ninetales|move: Magma Storm|[of] p1a: Heatran
|
|-weather|Hail|[upkeep]
|-damage|p1a: Heatran|94/100|[from] Hail
|-heal|p1a: Heatran|100/100|[from] item: Leftovers
|-damage|p2a: Ninetales|47/100|[from] move: Magma Storm|[partiallytrapped]
|upkeep
|turn|2
|
|t:|1667480966
|move|p1a: Heatran|Protect|p1a: Heatran
|-singleturn|p1a: Heatran|Protect
|move|p2a: Ninetales|Hypnosis|p1a: Heatran
|-activate|p1a: Heatran|move: Protect
|
|-weather|Hail|[upkeep]
|-damage|p1a: Heatran|94/100|[from] Hail
|-heal|p1a: Heatran|100/100|[from] item: Leftovers
|-damage|p2a: Ninetales|35/100|[from] move: Magma Storm|[partiallytrapped]
|upkeep
|turn|3
|inactive|Dart0.0 has 120 seconds left.
|
|t:|1667480998
|switch|p1a: Zapdos|Zapdos|100/100
|move|p2a: Ninetales|Hypnosis|p1a: Zapdos
|-status|p1a: Zapdos|slp|[from] move: Hypnosis
|
|-weather|Hail|[upkeep]
|-damage|p1a: Zapdos|94/100 slp|[from] Hail
|-end|p2a: Ninetales|Magma Storm|[partiallytrapped]|[silent]
|upkeep
|turn|4
|
|t:|1667481021
|switch|p2a: Dragapult|Dragapult, M|100/100
|switch|p1a: Heatran|Heatran, M|100/100
|
|-weather|Hail|[upkeep]
|-damage|p2a: Dragapult|95/100|[from] Hail
|-damage|p1a: Heatran|94/100|[from] Hail
|-heal|p1a: Heatran|100/100|[from] item: Leftovers
|upkeep
|turn|5
|
|t:|1667481042
|move|p2a: Dragapult|Dragon Dance|p2a: Dragapult
|-boost|p2a: Dragapult|atk|1
|-boost|p2a: Dragapult|spe|1
|move|p1a: Heatran|Magma Storm|p2a: Dragapult
|-resisted|p2a: Dragapult
|-damage|p2a: Dragapult|79/100
|-activate|p2a: Dragapult|move: Magma Storm|[of] p1a: Heatran
|
|-weather|none
|-damage|p2a: Dragapult|67/100|[from] move: Magma Storm|[partiallytrapped]
|upkeep
|turn|6
|inactive|Dart0.0 has 120 seconds left.
|inactive|Laroxyl has 120 seconds left.
|j| giove97
|j| SKIP THE DRIP
|
|t:|1667481080
|switch|p1a: Clefable|Clefable, M|100/100
|move|p2a: Dragapult|Dragon Dance|p2a: Dragapult
|-boost|p2a: Dragapult|atk|1
|-boost|p2a: Dragapult|spe|1
|
|-end|p2a: Dragapult|Magma Storm|[partiallytrapped]|[silent]
|upkeep
|turn|7
|inactive|Dart0.0 has 120 seconds left.
|
|t:|1667481091
|move|p2a: Dragapult|Phantom Force||[still]
|-prepare|p2a: Dragapult|Phantom Force
|move|p1a: Clefable|Moonblast|p2a: Dragapult|[miss]
|-miss|p1a: Clefable|p2a: Dragapult
|
|upkeep
|turn|8
|l| SKIP THE DRIP
|
|t:|1667481103
|move|p2a: Dragapult|Phantom Force|p1a: Clefable|[from]lockedmove
|-damage|p1a: Clefable|65/100
|move|p1a: Clefable|Soft-Boiled|p1a: Clefable
|-heal|p1a: Clefable|100/100
|
|-sideend|p2: Laroxyl|move: Aurora Veil
|upkeep
|turn|9
|
|t:|1667481116
|switch|p2a: Scizor|Scizor, F|100/100
|move|p1a: Clefable|Moonblast|p2a: Scizor
|-resisted|p2a: Scizor
|-damage|p2a: Scizor|78/100
|-unboost|p2a: Scizor|spa|1
|
|-heal|p2a: Scizor|84/100|[from] item: Leftovers
|upkeep
|turn|10
|inactive|Dart0.0 has 120 seconds left.
|
|t:|1667481143
|switch|p1a: Zapdos|Zapdos|94/100 slp
|move|p2a: Scizor|Knock Off|p1a: Zapdos
|-damage|p1a: Zapdos|60/100 slp
|-enditem|p1a: Zapdos|Heavy-Duty Boots|[from] move: Knock Off|[of] p2a: Scizor
|
|-heal|p2a: Scizor|90/100|[from] item: Leftovers
|upkeep
|turn|11
|inactive|Laroxyl has 90 seconds left.
|
|t:|1667481167
|cant|p1a: Zapdos|slp
|move|p2a: Scizor|Swords Dance|p2a: Scizor
|-boost|p2a: Scizor|atk|2
|
|-heal|p2a: Scizor|97/100|[from] item: Leftovers
|upkeep
|turn|12
|
|t:|1667481179
|move|p2a: Scizor|Bullet Punch|p1a: Zapdos
|-resisted|p1a: Zapdos
|-damage|p1a: Zapdos|26/100 slp
|-curestatus|p1a: Zapdos|slp|[msg]
|move|p1a: Zapdos|Heat Wave|p2a: Scizor
|-supereffective|p2a: Scizor
|-damage|p2a: Scizor|0 fnt
|faint|p2a: Scizor
|
|upkeep
|inactive|Laroxyl has 90 seconds left.
|j| HawkOp2099
|
|t:|1667481202
|switch|p2a: Ninetales|Ninetales-Alola, F|35/100
|-weather|Hail|[from] ability: Snow Warning|[of] p2a: Ninetales
|turn|13
|l| HawkOp2099
|
|t:|1667481206
|move|p2a: Ninetales|Freeze-Dry|p1a: Zapdos
|-supereffective|p1a: Zapdos
|-damage|p1a: Zapdos|0 fnt
|faint|p1a: Zapdos
|
|-weather|Hail|[upkeep]
|upkeep
|
|t:|1667481211
|switch|p1a: Tapu Lele|Tapu Lele|100/100
|-fieldstart|move: Psychic Terrain|[from] ability: Psychic Surge|[of] p1a: Tapu Lele
|turn|14
|inactive|Laroxyl has 90 seconds left.
|
|t:|1667481255
|move|p1a: Tapu Lele|Moonblast|p2a: Ninetales
|-damage|p2a: Ninetales|0 fnt
|faint|p2a: Ninetales
|
|-weather|Hail|[upkeep]
|-damage|p1a: Tapu Lele|94/100|[from] Hail
|upkeep
|inactive|Laroxyl has 60 seconds left.
|
|t:|1667481265
|switch|p2a: Heatran|Heatran, M|100/100
|-item|p2a: Heatran|Air Balloon
|turn|15
|inactive|Laroxyl has 60 seconds left.
|
|t:|1667481286
|move|p1a: Tapu Lele|Moonblast|p2a: Heatran
|-resisted|p2a: Heatran
|-damage|p2a: Heatran|88/100
|-enditem|p2a: Heatran|Air Balloon
|move|p2a: Heatran|Magma Storm|p1a: Tapu Lele
|-damage|p1a: Tapu Lele|36/100
|-activate|p1a: Tapu Lele|move: Magma Storm|[of] p2a: Heatran
|
|-weather|Hail|[upkeep]
|-damage|p1a: Tapu Lele|30/100|[from] Hail
|-damage|p2a: Heatran|82/100|[from] Hail
|-damage|p1a: Tapu Lele|18/100|[from] move: Magma Storm|[partiallytrapped]
|upkeep
|turn|16
|j|@moondazing
|inactive|Laroxyl has 60 seconds left.
|
|t:|1667481305
|move|p1a: Tapu Lele|Moonblast|p2a: Heatran
|-resisted|p2a: Heatran
|-damage|p2a: Heatran|69/100
|move|p2a: Heatran|Stealth Rock|p1a: Tapu Lele
|-sidestart|p1: Dart0.0|move: Stealth Rock
|
|-weather|Hail|[upkeep]
|-damage|p1a: Tapu Lele|12/100|[from] Hail
|-damage|p2a: Heatran|63/100|[from] Hail
|-damage|p1a: Tapu Lele|0 fnt|[from] move: Magma Storm|[partiallytrapped]
|faint|p1a: Tapu Lele
|upkeep
|
|t:|1667481318
|switch|p1a: Garchomp|Garchomp, F|100/100
|-damage|p1a: Garchomp|94/100|[from] Stealth Rock
|turn|17
|
|t:|1667481328
|switch|p2a: Dragapult|Dragapult, M|67/100
|move|p1a: Garchomp|Earthquake|p2a: Dragapult
|-crit|p2a: Dragapult
|-damage|p2a: Dragapult|0 fnt
|faint|p2a: Dragapult
|
|-weather|none
|-heal|p1a: Garchomp|100/100|[from] item: Leftovers
|upkeep
|inactive|Laroxyl has 60 seconds left.
|
|t:|1667481344
|switch|p2a: Cloyster|Cloyster, M|100/100
|turn|18
|
|t:|1667481358
|move|p1a: Garchomp|Earthquake|p2a: Cloyster
|-damage|p2a: Cloyster|66/100
|move|p2a: Cloyster|Icicle Spear|p1a: Garchomp
|-supereffective|p1a: Garchomp
|-damage|p1a: Garchomp|60/100
|-supereffective|p1a: Garchomp
|-damage|p1a: Garchomp|21/100
|-supereffective|p1a: Garchomp
|-damage|p1a: Garchomp|0 fnt
|faint|p1a: Garchomp
|-hitcount|p1: Garchomp|3
|
|-fieldend|move: Psychic Terrain
|upkeep
|
|t:|1667481365
|switch|p1a: Clefable|Clefable, M|100/100
|-damage|p1a: Clefable|88/100|[from] Stealth Rock
|turn|19
|
|t:|1667481378
|switch|p2a: Heatran|Heatran, M|63/100
|move|p1a: Clefable|Moonblast|p2a: Heatran
|-resisted|p2a: Heatran
|-damage|p2a: Heatran|55/100
|-unboost|p2a: Heatran|spa|1
|
|-heal|p1a: Clefable|94/100|[from] item: Leftovers
|upkeep
|turn|20
|j| HawkOp2099
|
|t:|1667481394
|switch|p1a: Heatran|Heatran, M|100/100
|-damage|p1a: Heatran|88/100|[from] Stealth Rock
|move|p2a: Heatran|Earth Power|p1a: Heatran
|-supereffective|p1a: Heatran
|-damage|p1a: Heatran|40/100
|-unboost|p1a: Heatran|spd|1
|
|-heal|p1a: Heatran|47/100|[from] item: Leftovers
|upkeep
|turn|21
|l| HawkOp2099
|
|t:|1667481410
|move|p2a: Heatran|Earth Power|p1a: Heatran
|-supereffective|p1a: Heatran
|-damage|p1a: Heatran|0 fnt
|faint|p1a: Heatran
|
|upkeep
|
|t:|1667481412
|switch|p1a: Terrakion|Terrakion|100/100
|-damage|p1a: Terrakion|94/100|[from] Stealth Rock
|turn|22
|l| De5tr0yr
|
|t:|1667481425
|switch|p2a: Cloyster|Cloyster, M|66/100
|move|p1a: Terrakion|Close Combat|p2a: Cloyster
|-supereffective|p2a: Cloyster
|-damage|p2a: Cloyster|0 fnt
|-unboost|p1a: Terrakion|def|1
|-unboost|p1a: Terrakion|spd|1
|faint|p2a: Cloyster
|
|upkeep
|
|t:|1667481435
|switch|p2a: Garchomp|Garchomp, F|100/100
|turn|23
|
|t:|1667481440
|switch|p1a: Clefable|Clefable, M|94/100
|-damage|p1a: Clefable|82/100|[from] Stealth Rock
|move|p2a: Garchomp|Earthquake|p1a: Clefable
|-damage|p1a: Clefable|42/100
|
|-heal|p1a: Clefable|48/100|[from] item: Leftovers
|upkeep
|turn|24
|j| HawkOp2099
|inactive|Dart0.0 has 120 seconds left.
|
|t:|1667481474
|switch|p2a: Heatran|Heatran, M|55/100
|move|p1a: Clefable|Moonblast|p2a: Heatran
|-resisted|p2a: Heatran
|-damage|p2a: Heatran|47/100
|
|-heal|p1a: Clefable|54/100|[from] item: Leftovers
|upkeep
|turn|25
|inactive|Dart0.0 has 120 seconds left.
|inactive|Dart0.0 has 90 seconds left.
|
|t:|1667481521
|move|p2a: Heatran|Magma Storm|p1a: Clefable|[miss]
|-miss|p2a: Heatran|p1a: Clefable
|move|p1a: Clefable|Soft-Boiled|p1a: Clefable
|-heal|p1a: Clefable|100/100
|
|upkeep
|turn|26
|inactive|Dart0.0 has 90 seconds left.
|inactive|Dart0.0 has 60 seconds left.
|
|t:|1667481565
|switch|p1a: Terrakion|Terrakion|94/100
|-damage|p1a: Terrakion|88/100|[from] Stealth Rock
|move|p2a: Heatran|Earth Power|p1a: Terrakion
|-supereffective|p1a: Terrakion
|-damage|p1a: Terrakion|14/100
|
|upkeep
|turn|27
|l| HawkOp2099
|
|t:|1667481576
|switch|p2a: Garchomp|Garchomp, F|100/100
|move|p1a: Terrakion|Close Combat|p2a: Garchomp
|-crit|p2a: Garchomp
|-damage|p2a: Garchomp|0 fnt
|-unboost|p1a: Terrakion|def|1
|-unboost|p1a: Terrakion|spd|1
|-damage|p1a: Terrakion|2/100|[from] ability: Rough Skin|[of] p2a: Garchomp
|faint|p2a: Garchomp
|
|upkeep
|c|☆Dart0.0|gg
|c|☆Laroxyl|Cmon
|inactive|Laroxyl has 60 seconds left.
|c|☆Dart0.0|sorry man
|c|☆Laroxyl|gg
|
|t:|1667481599
|switch|p2a: Heatran|Heatran, M|47/100
|turn|28
|c|☆Dart0.0|also wats your last move?
|inactive|Laroxyl has 60 seconds left.
|
|t:|1667481607
|move|p1a: Terrakion|Close Combat|p2a: Heatran
|-supereffective|p2a: Heatran
|-damage|p2a: Heatran|0 fnt
|-unboost|p1a: Terrakion|def|1
|-unboost|p1a: Terrakion|spd|1
|faint|p2a: Heatran
|
|win|Dart0.0
|n|☆Dart0.0|dart00
|n|☆Laroxyl|laroxyl
|n| Aftx|aftx
|n| giove97|giove97
|n|+moondazing|moondazing
|c|☆Laroxyl|Taunt
|c|☆Laroxyl|that was won
|l|☆Laroxyl
|c|☆Dart0.0|yea
