|raw|<div class="broadcast-blue"><strong>This battle is required to be public due to a player having a name starting with 'lt94je'.</div>
|j|☆Barracades
|j|☆LT94JE PZZ
|t:|1661630558
|gametype|singles
|player|p1|Barracades|bruno-gen2|1806
|player|p2|LT94JE PZZ|169|1779
|teamsize|p1|6
|teamsize|p2|6
|gen|8
|tier|[Gen 8] OU
|rated|
|rule|Sleep Clause Mod: Limit one foe put to sleep
|rule|Species Clause: Limit one of each Pokémon
|rule|OHKO Clause: OHKO moves are banned
|rule|Evasion Items Clause: Evasion items are banned
|rule|Evasion Moves Clause: Evasion moves are banned
|rule|Endless Battle Clause: Forcing endless battles is banned
|rule|HP Percentage Mod: HP is shown in percentages
|rule|Dynamax Clause: You cannot dynamax
|clearpoke
|poke|p1|Tapu Fini|
|poke|p1|Obstagoon, M|
|poke|p1|Melmetal|
|poke|p1|Volcanion|
|poke|p1|Mamoswine, M|
|poke|p1|Buzzwole|
|poke|p2|Tapu Fini|
|poke|p2|Weavile, M|
|poke|p2|Landorus-Therian, M|
|poke|p2|Melmetal|
|poke|p2|Zapdos|
|poke|p2|Buzzwole|
|teampreview
|inactive|Battle timer is ON: inactive players will automatically lose when time's up. (requested by LT94JE PZZ)
|
|t:|1661630573
|start
|switch|p1a: Magatama|Volcanion|100/100
|switch|p2a: Melmetal|Melmetal|100/100
|turn|1
|
|t:|1661630577
|move|p2a: Melmetal|Protect|p2a: Melmetal
|-singleturn|p2a: Melmetal|Protect
|move|p1a: Magatama|Steam Eruption|p2a: Melmetal
|-activate|p2a: Melmetal|move: Protect
|
|upkeep
|turn|2
|
|t:|1661630582
|switch|p2a: Tapu Fini|Tapu Fini|100/100
|-fieldstart|move: Misty Terrain|[from] ability: Misty Surge|[of] p2a: Tapu Fini
|move|p1a: Magatama|Steam Eruption|p2a: Tapu Fini
|-resisted|p2a: Tapu Fini
|-damage|p2a: Tapu Fini|80/100
|
|-heal|p2a: Tapu Fini|86/100|[from] item: Leftovers
|upkeep
|turn|3
|
|t:|1661630593
|switch|p1a: Behemoth|Mamoswine, M, shiny|100/100
|move|p2a: Tapu Fini|Nature's Madness|p1a: Behemoth
|-damage|p1a: Behemoth|51/100
|
|-heal|p2a: Tapu Fini|92/100|[from] item: Leftovers
|upkeep
|turn|4
|j| stunfisk2140
|
|t:|1661630603
|move|p1a: Behemoth|Stealth Rock|p2a: Tapu Fini
|-sidestart|p2: LT94JE PZZ|move: Stealth Rock
|move|p2a: Tapu Fini|Whirlpool|p1a: Behemoth
|-supereffective|p1a: Behemoth
|-damage|p1a: Behemoth|16/100
|-activate|p1a: Behemoth|move: Whirlpool|[of] p2a: Tapu Fini
|
|-heal|p2a: Tapu Fini|98/100|[from] item: Leftovers
|-damage|p1a: Behemoth|3/100|[from] move: Whirlpool|[partiallytrapped]
|upkeep
|turn|5
|
|t:|1661630621
|move|p1a: Behemoth|Stealth Rock||[still]
|-fail|p1a: Behemoth
|move|p2a: Tapu Fini|Moonblast|p1a: Behemoth
|-damage|p1a: Behemoth|0 fnt
|faint|p1a: Behemoth
|
|-heal|p2a: Tapu Fini|100/100|[from] item: Leftovers
|upkeep
|c|☆LT94JE PZZ|o
|
|t:|1661630625
|switch|p1a: Fate|Melmetal, shiny|100/100
|turn|6
|c|☆LT94JE PZZ|thanks
|
|t:|1661630633
|move|p2a: Tapu Fini|Nature's Madness|p1a: Fate
|-damage|p1a: Fate|51/100
|move|p1a: Fate|Double Iron Bash|p2a: Tapu Fini
|-damage|p2a: Tapu Fini|52/100
|-damage|p2a: Tapu Fini|5/100
|-hitcount|p2a: Tapu Fini|2
|
|-heal|p2a: Tapu Fini|12/100|[from] item: Leftovers
|-fieldend|Misty Terrain
|upkeep
|turn|7
|c|☆Barracades|!showset mamoswine
|c| Barracades|/raw <div class="infobox">Behemoth (Mamoswine) (M) @ Choice Band  <br />Ability: Oblivious  <br />Shiny: Yes  <br />EVs: 252 Atk &#x2f; 4 Def &#x2f; 252 Spe  <br />Adamant Nature  <br />- Stealth Rock  <br />- Ice Shard  <br />- Earthquake  <br />- Icicle Crash  <br /><br /></div>
|c|☆Barracades|lol
|c|☆LT94JE PZZ|oh
|c|☆LT94JE PZZ|I thought you were sash endeavor
|c|☆LT94JE PZZ|KEK
|
|t:|1661630649
|move|p2a: Tapu Fini|Nature's Madness|p1a: Fate
|-damage|p1a: Fate|26/100
|move|p1a: Fate|Double Iron Bash|p2a: Tapu Fini
|-damage|p2a: Tapu Fini|0 fnt
|faint|p2a: Tapu Fini
|-hitcount|p2: Tapu Fini|1
|
|upkeep
|
|t:|1661630655
|switch|p2a: Zapdos|Zapdos|100/100
|turn|8
|
|t:|1661630663
|switch|p1a: Missingno|Obstagoon, M, shiny|100/100
|move|p2a: Zapdos|Defog|p1a: Missingno
|-unboost|p1a: Missingno|evasion|1
|-sideend|p2: LT94JE PZZ|Stealth Rock|[from] move: Defog|[of] p2a: Zapdos
|
|-status|p1a: Missingno|brn|[from] item: Flame Orb
|upkeep
|turn|9
|
|t:|1661630665
|move|p2a: Zapdos|Volt Switch|p1a: Missingno
|-damage|p1a: Missingno|52/100 brn
|
|t:|1661630670
|switch|p2a: Landorus|Landorus-Therian, M|100/100|[from]move: Volt Switch
|-ability|p2a: Landorus|Intimidate|boost
|-unboost|p1a: Missingno|atk|1
|move|p1a: Missingno|Facade|p2a: Landorus
|-damage|p2a: Landorus|43/100
|
|-heal|p2a: Landorus|49/100|[from] item: Leftovers
|-damage|p1a: Missingno|46/100 brn|[from] brn
|upkeep
|turn|10
|
|t:|1661630676
|switch|p2a: Melmetal|Melmetal|100/100
|move|p1a: Missingno|Knock Off|p2a: Melmetal
|-damage|p2a: Melmetal|77/100
|-enditem|p2a: Melmetal|Leftovers|[from] move: Knock Off|[of] p1a: Missingno
|
|-damage|p1a: Missingno|40/100 brn|[from] brn
|upkeep
|turn|11
|
|t:|1661630684
|move|p1a: Missingno|Obstruct|p1a: Missingno
|-singleturn|p1a: Missingno|Protect
|move|p2a: Melmetal|Earthquake|p1a: Missingno
|-activate|p1a: Missingno|move: Protect
|
|-damage|p1a: Missingno|34/100 brn|[from] brn
|upkeep
|turn|12
|
|t:|1661630690
|move|p1a: Missingno|Facade|p2a: Melmetal
|-resisted|p2a: Melmetal
|-damage|p2a: Melmetal|61/100
|move|p2a: Melmetal|Earthquake|p1a: Missingno
|-damage|p1a: Missingno|1/100 brn
|
|-damage|p1a: Missingno|0 fnt|[from] brn
|faint|p1a: Missingno
|upkeep
|
|t:|1661630699
|switch|p1a: Magatama|Volcanion|100/100
|turn|13
|
|t:|1661630705
|move|p2a: Melmetal|Protect|p2a: Melmetal
|-singleturn|p2a: Melmetal|Protect
|move|p1a: Magatama|Flamethrower|p2a: Melmetal
|-activate|p2a: Melmetal|move: Protect
|
|upkeep
|turn|14
|
|t:|1661630716
|switch|p2a: Zapdos|Zapdos|100/100
|move|p1a: Magatama|Flamethrower|p2a: Zapdos
|-damage|p2a: Zapdos|49/100
|
|upkeep
|turn|15
|
|t:|1661630720
|move|p1a: Magatama|Flamethrower|p2a: Zapdos
|-damage|p2a: Zapdos|0 fnt
|faint|p2a: Zapdos
|
|upkeep
|
|t:|1661630724
|switch|p2a: Landorus|Landorus-Therian, M|49/100
|-ability|p2a: Landorus|Intimidate|boost
|-unboost|p1a: Magatama|atk|1
|turn|16
|
|t:|1661630730
|switch|p1a: Vilgax|Buzzwole, shiny|100/100
|move|p2a: Landorus|Stealth Rock|p1a: Vilgax
|-sidestart|p1: Barracades|move: Stealth Rock
|
|-heal|p2a: Landorus|55/100|[from] item: Leftovers
|upkeep
|turn|17
|
|t:|1661630734
|switch|p2a: Buzzwole|Buzzwole|100/100
|move|p1a: Vilgax|Close Combat|p2a: Buzzwole
|-resisted|p2a: Buzzwole
|-damage|p2a: Buzzwole|76/100
|-unboost|p1a: Vilgax|def|1
|-unboost|p1a: Vilgax|spd|1
|
|upkeep
|turn|18
|
|t:|1661630741
|switch|p1a: Fate|Melmetal, shiny|26/100
|-damage|p1a: Fate|19/100|[from] Stealth Rock
|move|p2a: Buzzwole|Close Combat|p1a: Fate
|-supereffective|p1a: Fate
|-damage|p1a: Fate|0 fnt
|-unboost|p2a: Buzzwole|def|1
|-unboost|p2a: Buzzwole|spd|1
|faint|p1a: Fate
|-ability|p2a: Buzzwole|Beast Boost|boost
|-boost|p2a: Buzzwole|atk|1
|
|upkeep
|
|t:|1661630743
|switch|p1a: Magatama|Volcanion|100/100
|-damage|p1a: Magatama|76/100|[from] Stealth Rock
|turn|19
|
|t:|1661630756
|switch|p2a: Weavile|Weavile, M|100/100
|-ability|p2a: Weavile|Pressure
|move|p1a: Magatama|Flamethrower|p2a: Weavile
|-supereffective|p2a: Weavile
|-damage|p2a: Weavile|0 fnt
|faint|p2a: Weavile
|
|upkeep
|
|t:|1661630760
|switch|p2a: Landorus|Landorus-Therian, M|55/100
|-ability|p2a: Landorus|Intimidate|boost
|-unboost|p1a: Magatama|atk|1
|turn|20
|
|t:|1661630765
|switch|p1a: Vilgax|Buzzwole, shiny|100/100
|-damage|p1a: Vilgax|88/100|[from] Stealth Rock
|move|p2a: Landorus|Earthquake|p1a: Vilgax
|-resisted|p1a: Vilgax
|-damage|p1a: Vilgax|71/100
|
|-heal|p2a: Landorus|61/100|[from] item: Leftovers
|upkeep
|turn|21
|
|t:|1661630769
|switch|p2a: Buzzwole|Buzzwole|76/100
|move|p1a: Vilgax|Close Combat|p2a: Buzzwole
|-resisted|p2a: Buzzwole
|-damage|p2a: Buzzwole|55/100
|-unboost|p1a: Vilgax|def|1
|-unboost|p1a: Vilgax|spd|1
|
|upkeep
|turn|22
|
|t:|1661630779
|switch|p1a: Raven|Tapu Fini, shiny|100/100
|-damage|p1a: Raven|88/100|[from] Stealth Rock
|-fieldstart|move: Misty Terrain|[from] ability: Misty Surge|[of] p1a: Raven
|move|p2a: Buzzwole|Poison Jab|p1a: Raven
|-supereffective|p1a: Raven
|-damage|p1a: Raven|18/100
|
|-heal|p1a: Raven|24/100|[from] item: Leftovers
|upkeep
|turn|23
|
|t:|1661630783
|move|p1a: Raven|Surf|p2a: Buzzwole
|-damage|p2a: Buzzwole|8/100
|move|p2a: Buzzwole|Poison Jab|p1a: Raven
|-supereffective|p1a: Raven
|-crit|p1a: Raven
|-damage|p1a: Raven|0 fnt
|faint|p1a: Raven
|-ability|p2a: Buzzwole|Beast Boost|boost
|-boost|p2a: Buzzwole|atk|1
|
|upkeep
|
|t:|1661630797
|switch|p1a: Vilgax|Buzzwole, shiny|71/100
|-damage|p1a: Vilgax|59/100|[from] Stealth Rock
|turn|24
|
|t:|1661630811
|move|p1a: Vilgax|Close Combat|p2a: Buzzwole
|-resisted|p2a: Buzzwole
|-damage|p2a: Buzzwole|0 fnt
|-unboost|p1a: Vilgax|def|1
|-unboost|p1a: Vilgax|spd|1
|faint|p2a: Buzzwole
|-ability|p1a: Vilgax|Beast Boost|boost
|-boost|p1a: Vilgax|atk|1
|
|upkeep
|
|t:|1661630813
|switch|p2a: Landorus|Landorus-Therian, M|61/100
|-ability|p2a: Landorus|Intimidate|boost
|-unboost|p1a: Vilgax|atk|1
|turn|25
|inactive|Barracades has 120 seconds left.
|inactive|Barracades has 90 seconds left.
|
|t:|1661630884
|move|p1a: Vilgax|Close Combat|p2a: Landorus
|-resisted|p2a: Landorus
|-damage|p2a: Landorus|27/100
|-unboost|p1a: Vilgax|def|1
|-unboost|p1a: Vilgax|spd|1
|move|p2a: Landorus|Earthquake|p1a: Vilgax
|-resisted|p1a: Vilgax
|-damage|p1a: Vilgax|24/100
|
|-heal|p2a: Landorus|33/100|[from] item: Leftovers
|upkeep
|turn|26
|inactive|Barracades has 90 seconds left.
|-message|LT94JE PZZ forfeited.
|
|win|Barracades
|raw|Barracades's rating: 1806 &rarr; <strong>1824</strong><br />(+18 for winning)
|raw|LT94JE PZZ's rating: 1779 &rarr; <strong>1761</strong><br />(-18 for losing)
|l|☆LT94JE PZZ
