|j|☆cump3
|j|☆Reverb
|t:|1663443880
|gametype|singles
|player|p1|cump3|schoolkid-gen4|1729
|player|p2|Reverb|#reverb|1664
|teamsize|p1|6
|teamsize|p2|6
|gen|8
|tier|[Gen 8] OU
|rated|
|rule|Sleep Clause Mod: Limit one foe put to sleep
|rule|Species Clause: Limit one of each Pokémon
|rule|OHKO Clause: OHKO moves are banned
|rule|Evasion Items Clause: Evasion items are banned
|rule|Evasion Moves Clause: Evasion moves are banned
|rule|Endless Battle Clause: Forcing endless battles is banned
|rule|HP Percentage Mod: HP is shown in percentages
|rule|Dynamax Clause: You cannot dynamax
|clearpoke
|poke|p1|Skarmory, F|
|poke|p1|Tapu Koko|
|poke|p1|Bisharp, M|
|poke|p1|Hawlucha, M|
|poke|p1|Latias, F|
|poke|p1|Jirachi|
|poke|p2|Landorus-Therian, M|
|poke|p2|Ferrothorn, F|
|poke|p2|Urshifu-*, M|
|poke|p2|Tornadus-Therian, M|
|poke|p2|Blacephalon|
|poke|p2|Tapu Lele|
|teampreview
|j| HSGHWTF
|l| HSGHWTF
|
|t:|1663443911
|start
|switch|p1a: Skarmory|Skarmory, F, shiny|100/100
|switch|p2a: Landorus|Landorus-Therian, M|100/100
|-ability|p2a: Landorus|Intimidate|boost
|-unboost|p1a: Skarmory|atk|1
|turn|1
|c|☆cump3|hf
|j| HSGHWTF
|c|☆Reverb|u2
|inactive|Battle timer is ON: inactive players will automatically lose when time's up. (requested by cump3)
|
|t:|1663443955
|move|p1a: Skarmory|Stealth Rock|p2a: Landorus
|-sidestart|p2: Reverb|move: Stealth Rock
|move|p2a: Landorus|U-turn|p1a: Skarmory
|-resisted|p1a: Skarmory
|-damage|p1a: Skarmory|95/100
|
|t:|1663443957
|switch|p2a: Ferrothorn|Ferrothorn, F|100/100|[from]move: U-turn
|-damage|p2a: Ferrothorn|94/100|[from] Stealth Rock
|
|upkeep
|turn|2
|j| 0SiegeWarfare
|
|t:|1663443959
|move|p1a: Skarmory|Spikes|p2a: Ferrothorn
|-sidestart|p2: Reverb|Spikes
|move|p2a: Ferrothorn|Stealth Rock|p1a: Skarmory
|-sidestart|p1: cump3|move: Stealth Rock
|
|upkeep
|turn|3
|
|t:|1663443961
|move|p1a: Skarmory|Spikes|p2a: Ferrothorn
|-sidestart|p2: Reverb|Spikes
|move|p2a: Ferrothorn|Knock Off|p1a: Skarmory
|-damage|p1a: Skarmory|76/100
|-enditem|p1a: Skarmory|Custap Berry|[from] move: Knock Off|[of] p2a: Ferrothorn
|
|upkeep
|turn|4
|
|t:|1663443964
|move|p1a: Skarmory|Spikes|p2a: Ferrothorn
|-sidestart|p2: Reverb|Spikes
|move|p2a: Ferrothorn|Leech Seed|p1a: Skarmory
|-start|p1a: Skarmory|move: Leech Seed
|
|-damage|p1a: Skarmory|64/100|[from] Leech Seed|[of] p2a: Ferrothorn
|-heal|p2a: Ferrothorn|100/100|[silent]
|upkeep
|turn|5
|
|t:|1663443968
|move|p1a: Skarmory|Taunt|p2a: Ferrothorn
|-start|p2a: Ferrothorn|move: Taunt
|move|p2a: Ferrothorn|Knock Off|p1a: Skarmory
|-damage|p1a: Skarmory|51/100
|
|-damage|p1a: Skarmory|39/100|[from] Leech Seed|[of] p2a: Ferrothorn
|upkeep
|turn|6
|
|t:|1663443973
|move|p1a: Skarmory|Brave Bird|p2a: Ferrothorn
|-damage|p2a: Ferrothorn|84/100
|-damage|p1a: Skarmory|27/100|[from] ability: Iron Barbs|[of] p2a: Ferrothorn
|-damage|p1a: Skarmory|10/100|[from] item: Rocky Helmet|[of] p2a: Ferrothorn
|-damage|p1a: Skarmory|3/100|[from] Recoil
|move|p2a: Ferrothorn|Knock Off|p1a: Skarmory
|-damage|p1a: Skarmory|0 fnt
|faint|p1a: Skarmory
|
|upkeep
|
|t:|1663443980
|switch|p1a: Tapu Koko|Tapu Koko, shiny|100/100
|-damage|p1a: Tapu Koko|88/100|[from] Stealth Rock
|-fieldstart|move: Electric Terrain|[from] ability: Electric Surge|[of] p1a: Tapu Koko
|turn|7
|
|t:|1663443985
|switch|p2a: Blacephalon|Blacephalon, shiny|100/100
|-damage|p2a: Blacephalon|76/100|[from] Stealth Rock
|-damage|p2a: Blacephalon|51/100|[from] Spikes
|move|p1a: Tapu Koko|Reflect|p1a: Tapu Koko
|-sidestart|p1: cump3|Reflect
|
|upkeep
|turn|8
|
|t:|1663443987
|move|p2a: Blacephalon|Trick|p1a: Tapu Koko
|-activate|p2a: Blacephalon|move: Trick|[of] p1a: Tapu Koko
|-item|p1a: Tapu Koko|Choice Scarf|[from] move: Trick
|-item|p2a: Blacephalon|Light Clay|[from] move: Trick
|move|p1a: Tapu Koko|Light Screen|p1a: Tapu Koko
|-sidestart|p1: cump3|move: Light Screen
|
|upkeep
|turn|9
|
|t:|1663443997
|switch|p1a: Latias|Latias, F|100/100
|-damage|p1a: Latias|88/100|[from] Stealth Rock
|move|p2a: Blacephalon|Flamethrower|p1a: Latias
|-resisted|p1a: Latias
|-damage|p1a: Latias|79/100
|
|upkeep
|turn|10
|l| HSGHWTF
|
|t:|1663444002
|switch|p2a: Landorus|Landorus-Therian, M|100/100
|-damage|p2a: Landorus|88/100|[from] Stealth Rock
|-ability|p2a: Landorus|Intimidate|boost
|-unboost|p1a: Latias|atk|1
|move|p1a: Latias|Agility|p1a: Latias
|-boost|p1a: Latias|spe|2
|
|-heal|p2a: Landorus|94/100|[from] item: Leftovers
|upkeep
|turn|11
|
|t:|1663444007
|switch|p1a: Hawlucha|Hawlucha, M|100/100
|-damage|p1a: Hawlucha|88/100|[from] Stealth Rock
|-enditem|p1a: Hawlucha|Electric Seed
|-boost|p1a: Hawlucha|def|1|[from] item: Electric Seed
|move|p2a: Landorus|Toxic|p1a: Hawlucha
|-status|p1a: Hawlucha|tox
|
|-heal|p2a: Landorus|99/100|[from] item: Leftovers
|-damage|p1a: Hawlucha|82/100 tox|[from] psn
|-fieldend|move: Electric Terrain
|upkeep
|turn|12
|
|t:|1663444013
|move|p1a: Hawlucha|Swords Dance|p1a: Hawlucha
|-boost|p1a: Hawlucha|atk|2
|move|p2a: Landorus|Defog|p1a: Hawlucha
|-unboost|p1a: Hawlucha|evasion|1
|-sideend|p1: cump3|Reflect
|-sideend|p1: cump3|move: Light Screen
|-sideend|p1: cump3|Stealth Rock|[from] move: Defog|[of] p2a: Landorus
|-sideend|p2: Reverb|Spikes|[from] move: Defog|[of] p2a: Landorus
|-sideend|p2: Reverb|Stealth Rock|[from] move: Defog|[of] p2a: Landorus
|
|-heal|p2a: Landorus|100/100|[from] item: Leftovers
|-damage|p1a: Hawlucha|70/100 tox|[from] psn
|upkeep
|turn|13
|j| HSGHWTF
|
|t:|1663444016
|switch|p2a: Ferrothorn|Ferrothorn, F|84/100
|move|p1a: Hawlucha|Acrobatics|p2a: Ferrothorn
|-damage|p2a: Ferrothorn|23/100
|-damage|p1a: Hawlucha|57/100 tox|[from] ability: Iron Barbs|[of] p2a: Ferrothorn
|-damage|p1a: Hawlucha|41/100 tox|[from] item: Rocky Helmet|[of] p2a: Ferrothorn
|
|-damage|p1a: Hawlucha|23/100 tox|[from] psn
|upkeep
|turn|14
|
|t:|1663444024
|move|p1a: Hawlucha|Close Combat|p2a: Ferrothorn
|-supereffective|p2a: Ferrothorn
|-damage|p2a: Ferrothorn|0 fnt
|-unboost|p1a: Hawlucha|def|1
|-unboost|p1a: Hawlucha|spd|1
|-damage|p1a: Hawlucha|10/100 tox|[from] ability: Iron Barbs|[of] p2a: Ferrothorn
|-damage|p1a: Hawlucha|0 fnt|[from] item: Rocky Helmet|[of] p2a: Ferrothorn
|faint|p2a: Ferrothorn
|faint|p1a: Hawlucha
|
|upkeep
|
|t:|1663444034
|switch|p1a: Bisharp|Bisharp, M|100/100
|switch|p2a: Landorus|Landorus-Therian, M|100/100
|-ability|p2a: Landorus|Intimidate|boost
|-unboost|p1a: Bisharp|atk|1
|-ability|p1a: Bisharp|Defiant
|-boost|p1a: Bisharp|atk|2
|turn|15
|
|t:|1663444038
|move|p1a: Bisharp|Knock Off|p2a: Landorus
|-damage|p2a: Landorus|11/100
|-enditem|p2a: Landorus|Leftovers|[from] move: Knock Off|[of] p1a: Bisharp
|move|p2a: Landorus|Earthquake|p1a: Bisharp
|-supereffective|p1a: Bisharp
|-damage|p1a: Bisharp|0 fnt
|faint|p1a: Bisharp
|
|upkeep
|
|t:|1663444042
|switch|p1a: Tapu Koko|Tapu Koko, shiny|88/100
|-fieldstart|move: Electric Terrain|[from] ability: Electric Surge|[of] p1a: Tapu Koko
|turn|16
|
|t:|1663444050
|move|p1a: Tapu Koko|Reflect|p1a: Tapu Koko
|-sidestart|p1: cump3|Reflect
|move|p2a: Landorus|Earthquake|p1a: Tapu Koko
|-supereffective|p1a: Tapu Koko
|-damage|p1a: Tapu Koko|31/100
|
|upkeep
|turn|17
|
|t:|1663444055
|switch|p1a: Jirachi|Jirachi|100/100
|move|p2a: Landorus|U-turn|p1a: Jirachi
|-damage|p1a: Jirachi|88/100
|
|t:|1663444060
|switch|p2a: Blacephalon|Blacephalon, shiny|51/100|[from]move: U-turn
|
|upkeep
|turn|18
|
|t:|1663444064
|move|p1a: Jirachi|U-turn|p2a: Blacephalon
|-resisted|p2a: Blacephalon
|-damage|p2a: Blacephalon|39/100
|
|t:|1663444065
|switch|p1a: Tapu Koko|Tapu Koko, shiny|31/100|[from]move: U-turn
|move|p2a: Blacephalon|Flamethrower|p1a: Tapu Koko
|-damage|p1a: Tapu Koko|0 fnt
|faint|p1a: Tapu Koko
|-ability|p2a: Blacephalon|Beast Boost|boost
|-boost|p2a: Blacephalon|spa|1
|
|upkeep
|
|t:|1663444067
|switch|p1a: Latias|Latias, F|79/100
|turn|19
|
|t:|1663444071
|move|p2a: Blacephalon|Shadow Ball|p1a: Latias
|-supereffective|p1a: Latias
|-damage|p1a: Latias|0 fnt
|faint|p1a: Latias
|-ability|p2a: Blacephalon|Beast Boost|boost
|-boost|p2a: Blacephalon|spa|1
|
|upkeep
|-message|cump3 forfeited.
|
|win|Reverb
|raw|cump3's rating: 1729 &rarr; <strong>1705</strong><br />(-24 for losing)
|raw|Reverb's rating: 1664 &rarr; <strong>1688</strong><br />(+24 for winning)
|l|☆Reverb
||Ladder isn't responding, score probably updated but might not have (Request timeout).
|l| HSGHWTF
