|html|<div class="broadcast-blue"><strong>[Gen 8] OU is currently suspecting Melmetal! For information on how to participate check out the <a href="https://www.smogon.com/forums/threads/np-ss-ou-suspect-process-round-12-monster-mash.3709234/">suspect thread</a>.</strong></div>
|j|☆someidiot19
|j|☆TheQzertz
|t:|1665667230
|gametype|singles
|player|p1|someidiot19|serena-masters|1627
|player|p2|TheQzertz|265|1621
|teamsize|p1|6
|teamsize|p2|6
|gen|8
|tier|[Gen 8] OU
|rated|
|rule|Sleep Clause Mod: Limit one foe put to sleep
|rule|Species Clause: Limit one of each Pokémon
|rule|OHKO Clause: OHKO moves are banned
|rule|Evasion Items Clause: Evasion items are banned
|rule|Evasion Moves Clause: Evasion moves are banned
|rule|Endless Battle Clause: Forcing endless battles is banned
|rule|HP Percentage Mod: HP is shown in percentages
|rule|Dynamax Clause: You cannot dynamax
|clearpoke
|poke|p1|Melmetal|
|poke|p1|Clefable, M|
|poke|p1|Hippowdon, M|
|poke|p1|Excadrill, F|
|poke|p1|Toxapex, F|
|poke|p1|Hydreigon, M|
|poke|p2|Hippowdon, M|
|poke|p2|Clefable, M|
|poke|p2|Kartana|
|poke|p2|Heatran, M|
|poke|p2|Dragapult, F|
|poke|p2|Weavile, M|
|teampreview
|inactive|Battle timer is ON: inactive players will automatically lose when time's up. (requested by someidiot19)
|j| Jonas N
|inactive|someidiot19 has 120 seconds left.
|inactive|TheQzertz has 120 seconds left.
|c|☆someidiot19|hf
|inactive|TheQzertz has 90 seconds left.
|c|☆TheQzertz|hf
|inactive|TheQzertz has 60 seconds left.
|j| Ran Kob
|
|t:|1665667327
|start
|switch|p1a: Melmetal|Melmetal|100/100
|switch|p2a: Kartana|Kartana|100/100
|turn|1
|
|t:|1665667334
|move|p2a: Kartana|Swords Dance|p2a: Kartana
|-boost|p2a: Kartana|atk|2
|move|p1a: Melmetal|Double Iron Bash|p2a: Kartana
|-resisted|p2a: Kartana
|-damage|p2a: Kartana|79/100
|-resisted|p2a: Kartana
|-damage|p2a: Kartana|56/100
|-hitcount|p2a: Kartana|2
|
|upkeep
|turn|2
|
|t:|1665667340
|switch|p1a: Toxapex|Toxapex, F|100/100
|move|p2a: Kartana|Swords Dance|p2a: Kartana
|-boost|p2a: Kartana|atk|2
|
|upkeep
|turn|3
|
|t:|1665667347
|move|p2a: Kartana|Leaf Blade|p1a: Toxapex
|-damage|p1a: Toxapex|0 fnt
|faint|p1a: Toxapex
|-ability|p2a: Kartana|Beast Boost|boost
|-boost|p2a: Kartana|atk|1
|-damage|p2a: Kartana|46/100|[from] item: Life Orb
|
|upkeep
|
|t:|1665667350
|switch|p1a: Hydreigon|Hydreigon, M|100/100
|turn|4
|
|t:|1665667363
|switch|p2a: Clefable|Clefable, M|100/100
|move|p1a: Hydreigon|Flash Cannon|p2a: Clefable
|-supereffective|p2a: Clefable
|-damage|p2a: Clefable|25/100
|
|-heal|p2a: Clefable|31/100|[from] item: Leftovers
|upkeep
|turn|5
|l| Jonas N
|inactive|TheQzertz has 120 seconds left.
|
|t:|1665667410
|switch|p1a: Hippowdon|Hippowdon, M|100/100
|-weather|Sandstorm|[from] ability: Sand Stream|[of] p1a: Hippowdon
|switch|p2a: Hippowdon|Hippowdon, M|100/100
|
|-weather|Sandstorm|[upkeep]
|upkeep
|turn|6
|
|t:|1665667417
|move|p1a: Hippowdon|Toxic|p2a: Hippowdon
|-status|p2a: Hippowdon|tox
|move|p2a: Hippowdon|Toxic|p1a: Hippowdon|[miss]
|-miss|p2a: Hippowdon|p1a: Hippowdon
|
|-weather|Sandstorm|[upkeep]
|-damage|p2a: Hippowdon|94/100 tox|[from] psn
|upkeep
|turn|7
|
|t:|1665667424
|move|p1a: Hippowdon|Stealth Rock|p2a: Hippowdon
|-sidestart|p2: TheQzertz|move: Stealth Rock
|move|p2a: Hippowdon|Stealth Rock|p1a: Hippowdon
|-sidestart|p1: someidiot19|move: Stealth Rock
|
|-weather|Sandstorm|[upkeep]
|-damage|p2a: Hippowdon|82/100 tox|[from] psn
|upkeep
|turn|8
|c|☆TheQzertz|shit game
|
|t:|1665667430
|switch|p1a: Clefable|Clefable, M|100/100
|move|p2a: Hippowdon|Toxic|p1a: Clefable|[miss]
|-miss|p2a: Hippowdon|p1a: Clefable
|
|-weather|Sandstorm|[upkeep]
|-damage|p2a: Hippowdon|63/100 tox|[from] psn
|upkeep
|turn|9
|
|t:|1665667441
|switch|p2a: Heatran|Heatran, M|100/100
|-damage|p2a: Heatran|88/100|[from] Stealth Rock
|-item|p2a: Heatran|Air Balloon
|move|p1a: Clefable|Wish|p1a: Clefable
|
|-weather|none
|upkeep
|turn|10
|
|t:|1665667450
|switch|p1a: Hydreigon|Hydreigon, M|100/100
|-damage|p1a: Hydreigon|88/100|[from] Stealth Rock
|move|p2a: Heatran|Eruption|p1a: Hydreigon
|-resisted|p1a: Hydreigon
|-damage|p1a: Hydreigon|48/100
|
|-heal|p1a: Hydreigon|100/100|[from] move: Wish|[wisher] Clefable
|upkeep
|turn|11
|
|t:|1665667469
|switch|p2a: Weavile|Weavile, M|100/100
|-ability|p2a: Weavile|Pressure
|move|p1a: Hydreigon|Dark Pulse|p2a: Weavile
|-resisted|p2a: Weavile
|-damage|p2a: Weavile|55/100
|
|upkeep
|turn|12
|
|t:|1665667477
|switch|p1a: Melmetal|Melmetal|100/100
|-damage|p1a: Melmetal|94/100|[from] Stealth Rock
|move|p2a: Weavile|Swords Dance|p2a: Weavile
|-boost|p2a: Weavile|atk|2
|
|upkeep
|turn|13
|
|t:|1665667483
|move|p2a: Weavile|Knock Off|p1a: Melmetal
|-damage|p1a: Melmetal|29/100
|-enditem|p1a: Melmetal|Protective Pads|[from] move: Knock Off|[of] p2a: Weavile
|move|p1a: Melmetal|Double Iron Bash|p2a: Weavile
|-supereffective|p2a: Weavile
|-damage|p2a: Weavile|0 fnt
|faint|p2a: Weavile
|-hitcount|p2: Weavile|1
|
|upkeep
|j| Jonas N
|
|t:|1665667490
|switch|p2a: Kartana|Kartana|46/100
|-damage|p2a: Kartana|40/100|[from] Stealth Rock
|turn|14
|
|t:|1665667496
|switch|p1a: Clefable|Clefable, M|100/100
|move|p2a: Kartana|Sacred Sword|p1a: Clefable
|-resisted|p1a: Clefable
|-damage|p1a: Clefable|78/100
|-damage|p2a: Kartana|30/100|[from] item: Life Orb
|
|-heal|p1a: Clefable|84/100|[from] item: Leftovers
|upkeep
|turn|15
|
|t:|1665667504
|move|p2a: Kartana|Swords Dance|p2a: Kartana
|-boost|p2a: Kartana|atk|2
|move|p1a: Clefable|Wish|p1a: Clefable
|
|-heal|p1a: Clefable|90/100|[from] item: Leftovers
|upkeep
|turn|16
|
|t:|1665667510
|move|p2a: Kartana|Leaf Blade|p1a: Clefable
|-damage|p1a: Clefable|0 fnt
|faint|p1a: Clefable
|-ability|p2a: Kartana|Beast Boost|boost
|-boost|p2a: Kartana|atk|1
|-damage|p2a: Kartana|21/100|[from] item: Life Orb
|
|upkeep
|
|t:|1665667515
|switch|p1a: Hippowdon|Hippowdon, M|100/100
|-damage|p1a: Hippowdon|94/100|[from] Stealth Rock
|-weather|Sandstorm|[from] ability: Sand Stream|[of] p1a: Hippowdon
|turn|17
|
|t:|1665667519
|switch|p1a: Melmetal|Melmetal|29/100
|-damage|p1a: Melmetal|23/100|[from] Stealth Rock
|move|p2a: Kartana|Leaf Blade|p1a: Melmetal
|-resisted|p1a: Melmetal
|-damage|p1a: Melmetal|0 fnt
|faint|p1a: Melmetal
|-ability|p2a: Kartana|Beast Boost|boost
|-boost|p2a: Kartana|atk|1
|-damage|p2a: Kartana|11/100|[from] item: Life Orb
|
|-weather|Sandstorm|[upkeep]
|upkeep
|
|t:|1665667522
|switch|p1a: Excadrill|Excadrill, F|100/100
|-damage|p1a: Excadrill|97/100|[from] Stealth Rock
|turn|18
|
|t:|1665667529
|move|p1a: Excadrill|Earthquake|p2a: Kartana
|-damage|p2a: Kartana|0 fnt
|faint|p2a: Kartana
|
|-weather|Sandstorm|[upkeep]
|-heal|p1a: Excadrill|100/100|[from] item: Leftovers
|upkeep
|
|t:|1665667546
|switch|p2a: Heatran|Heatran, M|88/100
|-damage|p2a: Heatran|76/100|[from] Stealth Rock
|-item|p2a: Heatran|Air Balloon
|turn|19
|inactive|TheQzertz has 120 seconds left.
|
|t:|1665667587
|switch|p1a: Hydreigon|Hydreigon, M|100/100
|-damage|p1a: Hydreigon|88/100|[from] Stealth Rock
|move|p2a: Heatran|Eruption|p1a: Hydreigon
|-resisted|p1a: Hydreigon
|-damage|p1a: Hydreigon|51/100
|
|-weather|Sandstorm|[upkeep]
|-damage|p1a: Hydreigon|45/100|[from] Sandstorm
|upkeep
|turn|20
|
|t:|1665667600
|switch|p2a: Clefable|Clefable, M|31/100
|move|p1a: Hydreigon|Dark Pulse|p2a: Clefable
|-resisted|p2a: Clefable
|-damage|p2a: Clefable|3/100
|
|-weather|Sandstorm|[upkeep]
|-damage|p1a: Hydreigon|39/100|[from] Sandstorm
|-heal|p2a: Clefable|9/100|[from] item: Leftovers
|upkeep
|turn|21
|
|t:|1665667602
|move|p1a: Hydreigon|Dark Pulse|p2a: Clefable
|-resisted|p2a: Clefable
|-damage|p2a: Clefable|0 fnt
|faint|p2a: Clefable
|
|-weather|none
|upkeep
|
|t:|1665667605
|switch|p2a: Dragapult|Dragapult, F|100/100
|-damage|p2a: Dragapult|88/100|[from] Stealth Rock
|turn|22
|inactive|TheQzertz has 120 seconds left.
|
|t:|1665667635
|switch|p1a: Hippowdon|Hippowdon, M|94/100
|-damage|p1a: Hippowdon|88/100|[from] Stealth Rock
|-weather|Sandstorm|[from] ability: Sand Stream|[of] p1a: Hippowdon
|move|p2a: Dragapult|Hydro Pump|p1a: Hippowdon
|-supereffective|p1a: Hippowdon
|-damage|p1a: Hippowdon|23/100
|
|-weather|Sandstorm|[upkeep]
|-damage|p2a: Dragapult|82/100|[from] Sandstorm
|-heal|p1a: Hippowdon|29/100|[from] item: Leftovers
|upkeep
|turn|23
|inactive|TheQzertz has 120 seconds left.
|
|t:|1665667644
|move|p2a: Dragapult|Hydro Pump|p1a: Hippowdon
|-supereffective|p1a: Hippowdon
|-damage|p1a: Hippowdon|0 fnt
|faint|p1a: Hippowdon
|
|-weather|Sandstorm|[upkeep]
|-damage|p2a: Dragapult|76/100|[from] Sandstorm
|upkeep
|
|t:|1665667648
|switch|p1a: Excadrill|Excadrill, F|100/100
|-damage|p1a: Excadrill|97/100|[from] Stealth Rock
|turn|24
|j| njhjj
|l| Ran Kob
|
|t:|1665667666
|move|p1a: Excadrill|Iron Head|p2a: Dragapult
|-damage|p2a: Dragapult|20/100
|move|p2a: Dragapult|Hydro Pump|p1a: Excadrill
|-supereffective|p1a: Excadrill
|-damage|p1a: Excadrill|0 fnt
|faint|p1a: Excadrill
|
|-weather|Sandstorm|[upkeep]
|-damage|p2a: Dragapult|14/100|[from] Sandstorm
|upkeep
|
|t:|1665667669
|switch|p1a: Hydreigon|Hydreigon, M|39/100
|-damage|p1a: Hydreigon|27/100|[from] Stealth Rock
|turn|25
|
|t:|1665667673
|move|p2a: Dragapult|Hydro Pump|p1a: Hydreigon|[miss]
|-miss|p2a: Dragapult|p1a: Hydreigon
|move|p1a: Hydreigon|Dark Pulse|p2a: Dragapult
|-supereffective|p2a: Dragapult
|-damage|p2a: Dragapult|0 fnt
|faint|p2a: Dragapult
|
|-weather|Sandstorm|[upkeep]
|-damage|p1a: Hydreigon|20/100|[from] Sandstorm
|upkeep
|
|t:|1665667677
|switch|p2a: Hippowdon|Hippowdon, M|63/100 tox
|-damage|p2a: Hippowdon|57/100 tox|[from] Stealth Rock
|turn|26
|
|t:|1665667679
|move|p1a: Hydreigon|Dark Pulse|p2a: Hippowdon
|-crit|p2a: Hippowdon
|-damage|p2a: Hippowdon|0 fnt
|faint|p2a: Hippowdon
|
|-weather|none
|upkeep
|
|t:|1665667683
|switch|p2a: Heatran|Heatran, M|76/100
|-damage|p2a: Heatran|63/100|[from] Stealth Rock
|-item|p2a: Heatran|Air Balloon
|turn|27
|
|t:|1665667713
|move|p1a: Hydreigon|Dark Pulse|p2a: Heatran
|-damage|p2a: Heatran|0 fnt
|-enditem|p2a: Heatran|Air Balloon
|faint|p2a: Heatran
|
|win|someidiot19
|raw|someidiot19's rating: 1627 &rarr; <strong>1647</strong><br />(+20 for winning)
|raw|TheQzertz's rating: 1621 &rarr; <strong>1601</strong><br />(-20 for losing)
|c|☆someidiot19|gg
|l|☆someidiot19
