|j|☆Pok et glace
|j|☆Stads
|t:|1661783545
|gametype|singles
|player|p1|Pok et glace|cynthia-masters|1757
|player|p2|Stads|102|1717
|teamsize|p1|6
|teamsize|p2|6
|gen|8
|tier|[Gen 8] OU
|rated|
|rule|Sleep Clause Mod: Limit one foe put to sleep
|rule|Species Clause: Limit one of each Pokémon
|rule|OHKO Clause: OHKO moves are banned
|rule|Evasion Items Clause: Evasion items are banned
|rule|Evasion Moves Clause: Evasion moves are banned
|rule|Endless Battle Clause: Forcing endless battles is banned
|rule|HP Percentage Mod: HP is shown in percentages
|rule|Dynamax Clause: You cannot dynamax
|clearpoke
|poke|p1|Pelipper, F|
|poke|p1|Keldeo-Resolute|
|poke|p1|Ferrothorn, M|
|poke|p1|Landorus-Therian, M|
|poke|p1|Clefable, F|
|poke|p1|Zapdos|
|poke|p2|Tornadus-Therian, M|
|poke|p2|Corviknight, F|
|poke|p2|Kartana|
|poke|p2|Toxapex, F|
|poke|p2|Hippowdon, M|
|poke|p2|Heatran, M|
|teampreview
|
|t:|1661783565
|start
|switch|p1a: Clefable|Clefable, F|100/100
|switch|p2a: Tornadus|Tornadus-Therian, M|100/100
|turn|1
|
|t:|1661783572
|switch|p1a: Zapdos|Zapdos|100/100
|move|p2a: Tornadus|U-turn|p1a: Zapdos
|-resisted|p1a: Zapdos
|-damage|p1a: Zapdos|93/100
|
|t:|1661783578
|switch|p2a: Hippowdon|Hippowdon, M|100/100|[from]move: U-turn
|-weather|Sandstorm|[from] ability: Sand Stream|[of] p2a: Hippowdon
|
|-weather|Sandstorm|[upkeep]
|-damage|p1a: Zapdos|86/100|[from] Sandstorm
|upkeep
|turn|2
|
|t:|1661783582
|move|p1a: Zapdos|Toxic|p2a: Hippowdon
|-status|p2a: Hippowdon|tox
|move|p2a: Hippowdon|Toxic|p1a: Zapdos
|-status|p1a: Zapdos|tox
|
|-weather|Sandstorm|[upkeep]
|-damage|p1a: Zapdos|80/100 tox|[from] Sandstorm
|-damage|p1a: Zapdos|74/100 tox|[from] psn
|-damage|p2a: Hippowdon|94/100 tox|[from] psn
|upkeep
|turn|3
|
|t:|1661783586
|switch|p1a: Landorus|Landorus-Therian, M|100/100
|-ability|p1a: Landorus|Intimidate|boost
|-unboost|p2a: Hippowdon|atk|1
|move|p2a: Hippowdon|Stealth Rock|p1a: Landorus
|-sidestart|p1: Pok et glace|move: Stealth Rock
|
|-weather|Sandstorm|[upkeep]
|-heal|p2a: Hippowdon|100/100 tox|[from] item: Leftovers
|-damage|p2a: Hippowdon|88/100 tox|[from] psn
|upkeep
|turn|4
|
|t:|1661783592
|move|p1a: Landorus|Knock Off|p2a: Hippowdon
|-damage|p2a: Hippowdon|66/100 tox
|-enditem|p2a: Hippowdon|Leftovers|[from] move: Knock Off|[of] p1a: Landorus
|move|p2a: Hippowdon|Toxic|p1a: Landorus
|-status|p1a: Landorus|tox
|
|-weather|Sandstorm|[upkeep]
|-damage|p1a: Landorus|94/100 tox|[from] psn
|-damage|p2a: Hippowdon|47/100 tox|[from] psn
|upkeep
|turn|5
|
|t:|1661783597
|move|p1a: Landorus|Defog|p2a: Hippowdon
|-unboost|p2a: Hippowdon|evasion|1
|-sideend|p1: Pok et glace|Stealth Rock|[from] move: Defog|[of] p1a: Landorus
|move|p2a: Hippowdon|Slack Off|p2a: Hippowdon
|-heal|p2a: Hippowdon|97/100 tox
|
|-weather|none
|-heal|p1a: Landorus|100/100 tox|[from] item: Leftovers
|-damage|p1a: Landorus|88/100 tox|[from] psn
|-damage|p2a: Hippowdon|72/100 tox|[from] psn
|upkeep
|turn|6
|
|t:|1661783601
|switch|p2a: Tornadus|Tornadus-Therian, M|100/100
|move|p1a: Landorus|U-turn|p2a: Tornadus
|-resisted|p2a: Tornadus
|-damage|p2a: Tornadus|86/100
|
|t:|1661783606
|switch|p1a: Zapdos|Zapdos|74/100 tox|[from]move: U-turn
|
|-damage|p1a: Zapdos|68/100 tox|[from] psn
|upkeep
|turn|7
|
|t:|1661783610
|switch|p2a: Heatran|Heatran, M|100/100
|move|p1a: Zapdos|Hurricane|p2a: Heatran
|-resisted|p2a: Heatran
|-damage|p2a: Heatran|87/100
|-start|p2a: Heatran|confusion
|
|-heal|p2a: Heatran|94/100|[from] item: Leftovers
|-damage|p1a: Zapdos|55/100 tox|[from] psn
|upkeep
|turn|8
|j| DidiML
|
|t:|1661783614
|switch|p1a: Pelipper|Pelipper, F|100/100
|-weather|RainDance|[from] ability: Drizzle|[of] p1a: Pelipper
|switch|p2a: Hippowdon|Hippowdon, M|72/100 tox
|-weather|Sandstorm|[from] ability: Sand Stream|[of] p2a: Hippowdon
|
|-weather|Sandstorm|[upkeep]
|-damage|p1a: Pelipper|94/100|[from] Sandstorm
|-damage|p2a: Hippowdon|66/100 tox|[from] psn
|upkeep
|turn|9
|
|t:|1661783623
|switch|p2a: Toxapex|Toxapex, F|100/100
|move|p1a: Pelipper|Scald|p2a: Toxapex
|-resisted|p2a: Toxapex
|-damage|p2a: Toxapex|79/100
|-status|p2a: Toxapex|brn
|
|-weather|Sandstorm|[upkeep]
|-damage|p1a: Pelipper|88/100|[from] Sandstorm
|-damage|p2a: Toxapex|73/100 brn|[from] Sandstorm
|-damage|p2a: Toxapex|66/100 brn|[from] brn
|upkeep
|turn|10
|j| stone zorm
|
|t:|1661783627
|switch|p1a: Clefable|Clefable, F|100/100
|move|p2a: Toxapex|Recover|p2a: Toxapex
|-heal|p2a: Toxapex|100/100 brn
|
|-weather|Sandstorm|[upkeep]
|-damage|p2a: Toxapex|94/100 brn|[from] Sandstorm
|-damage|p2a: Toxapex|88/100 brn|[from] brn
|upkeep
|turn|11
|
|t:|1661783633
|move|p1a: Clefable|Trick|p2a: Toxapex
|-activate|p1a: Clefable|move: Trick|[of] p2a: Toxapex
|-item|p2a: Toxapex|Sticky Barb|[from] move: Trick
|-item|p1a: Clefable|Shed Shell|[from] move: Trick
|move|p2a: Toxapex|Knock Off|p1a: Clefable
|-resisted|p1a: Clefable
|-damage|p1a: Clefable|97/100
|-enditem|p1a: Clefable|Shed Shell|[from] move: Knock Off|[of] p2a: Toxapex
|
|-weather|Sandstorm|[upkeep]
|-damage|p2a: Toxapex|82/100 brn|[from] Sandstorm
|-damage|p2a: Toxapex|75/100 brn|[from] brn
|-damage|p2a: Toxapex|63/100 brn|[from] item: Sticky Barb
|upkeep
|turn|12
|
|t:|1661783639
|switch|p2a: Heatran|Heatran, M|94/100
|move|p1a: Clefable|Stealth Rock|p2a: Heatran
|-sidestart|p2: Stads|move: Stealth Rock
|
|-weather|none
|-heal|p2a: Heatran|99/100|[from] item: Leftovers
|upkeep
|turn|13
|j| oieauhgrfiadbfg
|l| oieauhgrfiadbfg
|
|t:|1661783645
|switch|p1a: Pelipper|Pelipper, F|88/100
|-weather|RainDance|[from] ability: Drizzle|[of] p1a: Pelipper
|move|p2a: Heatran|Magma Storm|p1a: Pelipper
|-resisted|p1a: Pelipper
|-damage|p1a: Pelipper|69/100
|-activate|p1a: Pelipper|move: Magma Storm|[of] p2a: Heatran
|
|-weather|RainDance|[upkeep]
|-heal|p2a: Heatran|100/100|[from] item: Leftovers
|-damage|p1a: Pelipper|56/100|[from] move: Magma Storm|[partiallytrapped]
|upkeep
|turn|14
|
|t:|1661783654
|move|p2a: Heatran|Protect|p2a: Heatran
|-singleturn|p2a: Heatran|Protect
|move|p1a: Pelipper|Scald|p2a: Heatran
|-activate|p2a: Heatran|move: Protect
|
|-weather|RainDance|[upkeep]
|-damage|p1a: Pelipper|44/100|[from] move: Magma Storm|[partiallytrapped]
|upkeep
|turn|15
|
|t:|1661783657
|switch|p2a: Toxapex|Toxapex, F|96/100 brn
|-damage|p2a: Toxapex|84/100 brn|[from] Stealth Rock
|move|p1a: Pelipper|Scald|p2a: Toxapex
|-resisted|p2a: Toxapex
|-damage|p2a: Toxapex|50/100 brn
|
|-weather|RainDance|[upkeep]
|-damage|p2a: Toxapex|44/100 brn|[from] brn
|-end|p1a: Pelipper|Magma Storm|[partiallytrapped]|[silent]
|-damage|p2a: Toxapex|32/100 brn|[from] item: Sticky Barb
|upkeep
|turn|16
|
|t:|1661783664
|switch|p2a: Corviknight|Corviknight, F|100/100
|-damage|p2a: Corviknight|88/100|[from] Stealth Rock
|-ability|p2a: Corviknight|Pressure
|move|p1a: Pelipper|Scald|p2a: Corviknight
|-damage|p2a: Corviknight|8/100
|-status|p2a: Corviknight|brn
|
|-weather|RainDance|[upkeep]
|-heal|p2a: Corviknight|15/100 brn|[from] item: Leftovers
|-damage|p2a: Corviknight|8/100 brn|[from] brn
|upkeep
|turn|17
|
|t:|1661783666
|move|p1a: Pelipper|Scald|p2a: Corviknight
|-damage|p2a: Corviknight|0 fnt
|faint|p2a: Corviknight
|
|-weather|none
|upkeep
|
|t:|1661783669
|switch|p2a: Toxapex|Toxapex, F|65/100 brn
|-damage|p2a: Toxapex|52/100 brn|[from] Stealth Rock
|turn|18
|
|t:|1661783675
|switch|p1a: Clefable|Clefable, F|97/100
|move|p2a: Toxapex|Recover|p2a: Toxapex
|-heal|p2a: Toxapex|100/100 brn
|
|-damage|p2a: Toxapex|94/100 brn|[from] brn
|-damage|p2a: Toxapex|82/100 brn|[from] item: Sticky Barb
|upkeep
|turn|19
|
|t:|1661783680
|switch|p2a: Heatran|Heatran, M|100/100
|-damage|p2a: Heatran|88/100|[from] Stealth Rock
|move|p1a: Clefable|Moonblast|p2a: Heatran
|-resisted|p2a: Heatran
|-damage|p2a: Heatran|83/100
|
|-heal|p2a: Heatran|90/100|[from] item: Leftovers
|upkeep
|turn|20
|
|t:|1661783685
|switch|p1a: Landorus|Landorus-Therian, M|88/100 tox
|-ability|p1a: Landorus|Intimidate|boost
|-unboost|p2a: Heatran|atk|1
|move|p2a: Heatran|Magma Storm|p1a: Landorus|[miss]
|-miss|p2a: Heatran|p1a: Landorus
|
|-heal|p1a: Landorus|94/100 tox|[from] item: Leftovers
|-heal|p2a: Heatran|96/100|[from] item: Leftovers
|-damage|p1a: Landorus|88/100 tox|[from] psn
|upkeep
|turn|21
|
|t:|1661783689
|move|p2a: Heatran|Protect|p2a: Heatran
|-singleturn|p2a: Heatran|Protect
|move|p1a: Landorus|Earthquake|p2a: Heatran
|-activate|p2a: Heatran|move: Protect
|
|-heal|p1a: Landorus|94/100 tox|[from] item: Leftovers
|-heal|p2a: Heatran|100/100|[from] item: Leftovers
|-damage|p1a: Landorus|82/100 tox|[from] psn
|upkeep
|turn|22
|
|t:|1661783692
|move|p1a: Landorus|U-turn|p2a: Heatran
|-resisted|p2a: Heatran
|-damage|p2a: Heatran|96/100
|
|t:|1661783701
|switch|p1a: Keldeo|Keldeo-Resolute|100/100|[from]move: U-turn
|move|p2a: Heatran|Magma Storm|p1a: Keldeo|[miss]
|-miss|p2a: Heatran|p1a: Keldeo
|
|-heal|p2a: Heatran|100/100|[from] item: Leftovers
|upkeep
|turn|23
|
|t:|1661783707
|move|p2a: Heatran|Protect|p2a: Heatran
|-singleturn|p2a: Heatran|Protect
|move|p1a: Keldeo|Scald|p2a: Heatran
|-activate|p2a: Heatran|move: Protect
|
|upkeep
|turn|24
|
|t:|1661783709
|switch|p2a: Toxapex|Toxapex, F|100/100 brn
|-damage|p2a: Toxapex|88/100 brn|[from] Stealth Rock
|move|p1a: Keldeo|Scald|p2a: Toxapex
|-resisted|p2a: Toxapex
|-damage|p2a: Toxapex|71/100 brn
|
|-damage|p2a: Toxapex|65/100 brn|[from] brn
|-damage|p2a: Toxapex|52/100 brn|[from] item: Sticky Barb
|upkeep
|turn|25
|
|t:|1661783713
|move|p1a: Keldeo|Scald|p2a: Toxapex
|-resisted|p2a: Toxapex
|-damage|p2a: Toxapex|35/100 brn
|move|p2a: Toxapex|Recover|p2a: Toxapex
|-heal|p2a: Toxapex|85/100 brn
|
|-damage|p2a: Toxapex|78/100 brn|[from] brn
|-damage|p2a: Toxapex|66/100 brn|[from] item: Sticky Barb
|upkeep
|turn|26
|
|t:|1661783722
|switch|p1a: Ferrothorn|Ferrothorn, M|100/100
|move|p2a: Toxapex|Recover|p2a: Toxapex
|-heal|p2a: Toxapex|100/100 brn
|
|-damage|p2a: Toxapex|94/100 brn|[from] brn
|-damage|p2a: Toxapex|82/100 brn|[from] item: Sticky Barb
|upkeep
|turn|27
|
|t:|1661783728
|switch|p2a: Hippowdon|Hippowdon, M|66/100 tox
|-damage|p2a: Hippowdon|60/100 tox|[from] Stealth Rock
|-weather|Sandstorm|[from] ability: Sand Stream|[of] p2a: Hippowdon
|move|p1a: Ferrothorn|Thunder Wave|p2a: Hippowdon
|-immune|p2a: Hippowdon
|
|-weather|Sandstorm|[upkeep]
|-damage|p2a: Hippowdon|54/100 tox|[from] psn
|upkeep
|turn|28
|
|t:|1661783736
|move|p2a: Hippowdon|Stealth Rock|p1a: Ferrothorn
|-sidestart|p1: Pok et glace|move: Stealth Rock
|move|p1a: Ferrothorn|Leech Seed|p2a: Hippowdon
|-start|p2a: Hippowdon|move: Leech Seed
|
|-weather|Sandstorm|[upkeep]
|-damage|p2a: Hippowdon|41/100 tox|[from] Leech Seed|[of] p1a: Ferrothorn
|-damage|p2a: Hippowdon|29/100 tox|[from] psn
|upkeep
|turn|29
|
|t:|1661783741
|move|p2a: Hippowdon|Slack Off|p2a: Hippowdon
|-heal|p2a: Hippowdon|79/100 tox
|move|p1a: Ferrothorn|Knock Off|p2a: Hippowdon
|-damage|p2a: Hippowdon|70/100 tox
|
|-weather|Sandstorm|[upkeep]
|-damage|p2a: Hippowdon|57/100 tox|[from] Leech Seed|[of] p1a: Ferrothorn
|-damage|p2a: Hippowdon|39/100 tox|[from] psn
|upkeep
|turn|30
|j| XXOO For Ever
|
|t:|1661783745
|switch|p2a: Tornadus|Tornadus-Therian, M|100/100
|-damage|p2a: Tornadus|76/100|[from] Stealth Rock
|move|p1a: Ferrothorn|Leech Seed|p2a: Tornadus
|-start|p2a: Tornadus|move: Leech Seed
|
|-weather|Sandstorm|[upkeep]
|-damage|p2a: Tornadus|70/100|[from] Sandstorm
|-damage|p2a: Tornadus|57/100|[from] Leech Seed|[of] p1a: Ferrothorn
|upkeep
|turn|31
|
|t:|1661783753
|move|p2a: Tornadus|Heat Wave|p1a: Ferrothorn
|-supereffective|p1a: Ferrothorn
|-damage|p1a: Ferrothorn|0 fnt
|faint|p1a: Ferrothorn
|
|-weather|none
|upkeep
|
|t:|1661783757
|switch|p1a: Clefable|Clefable, F|97/100
|turn|32
|
|t:|1661783761
|switch|p2a: Toxapex|Toxapex, F|100/100 brn
|-damage|p2a: Toxapex|88/100 brn|[from] Stealth Rock
|move|p1a: Clefable|Moonblast|p2a: Toxapex
|-resisted|p2a: Toxapex
|-damage|p2a: Toxapex|74/100 brn
|
|-damage|p2a: Toxapex|68/100 brn|[from] brn
|-damage|p2a: Toxapex|55/100 brn|[from] item: Sticky Barb
|upkeep
|turn|33
|
|t:|1661783769
|switch|p1a: Landorus|Landorus-Therian, M|82/100 tox
|-damage|p1a: Landorus|70/100 tox|[from] Stealth Rock
|-ability|p1a: Landorus|Intimidate|boost
|-unboost|p2a: Toxapex|atk|1
|switch|p2a: Heatran|Heatran, M|100/100
|-damage|p2a: Heatran|88/100|[from] Stealth Rock
|
|-heal|p1a: Landorus|76/100 tox|[from] item: Leftovers
|-heal|p2a: Heatran|94/100|[from] item: Leftovers
|-damage|p1a: Landorus|70/100 tox|[from] psn
|upkeep
|turn|34
|
|t:|1661783772
|move|p2a: Heatran|Protect|p2a: Heatran
|-singleturn|p2a: Heatran|Protect
|move|p1a: Landorus|Defog|p2a: Heatran
|-activate|p2a: Heatran|move: Protect
|
|-heal|p1a: Landorus|76/100 tox|[from] item: Leftovers
|-heal|p2a: Heatran|100/100|[from] item: Leftovers
|-damage|p1a: Landorus|64/100 tox|[from] psn
|upkeep
|turn|35
|
|t:|1661783775
|switch|p2a: Tornadus|Tornadus-Therian, M|90/100
|-damage|p2a: Tornadus|66/100|[from] Stealth Rock
|move|p1a: Landorus|Defog|p2a: Tornadus
|-unboost|p2a: Tornadus|evasion|1
|-sideend|p2: Stads|Stealth Rock|[from] move: Defog|[of] p1a: Landorus
|-sideend|p1: Pok et glace|Stealth Rock|[from] move: Defog|[of] p1a: Landorus
|
|-heal|p1a: Landorus|70/100 tox|[from] item: Leftovers
|-damage|p1a: Landorus|52/100 tox|[from] psn
|upkeep
|turn|36
|
|t:|1661783781
|switch|p1a: Zapdos|Zapdos|55/100 tox
|move|p2a: Tornadus|Knock Off|p1a: Zapdos
|-crit|p1a: Zapdos
|-damage|p1a: Zapdos|23/100 tox
|-enditem|p1a: Zapdos|Heavy-Duty Boots|[from] move: Knock Off|[of] p2a: Tornadus
|
|-damage|p1a: Zapdos|17/100 tox|[from] psn
|upkeep
|turn|37
|
|t:|1661783786
|move|p2a: Tornadus|Heat Wave|p1a: Zapdos
|-damage|p1a: Zapdos|0 fnt
|faint|p1a: Zapdos
|
|upkeep
|
|t:|1661783789
|switch|p1a: Keldeo|Keldeo-Resolute|100/100
|turn|38
|c|☆Pok et glace|a para would be nice
|
|t:|1661783796
|move|p1a: Keldeo|Hydro Pump|p2a: Tornadus
|-damage|p2a: Tornadus|15/100
|move|p2a: Tornadus|Hurricane|p1a: Keldeo
|-supereffective|p1a: Keldeo
|-damage|p1a: Keldeo|0 fnt
|faint|p1a: Keldeo
|
|upkeep
|c|☆Pok et glace|a miss would be nice
|
|t:|1661783807
|switch|p1a: Clefable|Clefable, F|97/100
|turn|39
|c|☆Stads|Like the 2 magma misses or something
|
|t:|1661783818
|switch|p2a: Heatran|Heatran, M|100/100
|move|p1a: Clefable|Stealth Rock|p2a: Heatran
|-sidestart|p2: Stads|move: Stealth Rock
|
|upkeep
|turn|40
|c|☆Pok et glace|yup
|c|☆Pok et glace|so much damage on pelipper
|
|t:|1661783834
|move|p2a: Heatran|Magma Storm|p1a: Clefable
|-damage|p1a: Clefable|64/100
|-activate|p1a: Clefable|move: Magma Storm|[of] p2a: Heatran
|move|p1a: Clefable|Trick|p2a: Heatran
|-activate|p1a: Clefable|move: Trick|[of] p2a: Heatran
|-enditem|p2a: Heatran|Leftovers|[silent]|[from] move: Trick
|-item|p1a: Clefable|Leftovers|[from] move: Trick
|
|-heal|p1a: Clefable|71/100|[from] item: Leftovers
|upkeep
|turn|41
|
|t:|1661783840
|move|p2a: Heatran|Taunt|p1a: Clefable
|-start|p1a: Clefable|move: Taunt
|move|p1a: Clefable|Moonblast|p2a: Heatran
|-resisted|p2a: Heatran
|-damage|p2a: Heatran|96/100
|
|-heal|p1a: Clefable|77/100|[from] item: Leftovers
|upkeep
|turn|42
|
|t:|1661783842
|move|p2a: Heatran|Magma Storm|p1a: Clefable
|-damage|p1a: Clefable|45/100
|move|p1a: Clefable|Moonblast|p2a: Heatran
|-resisted|p2a: Heatran
|-damage|p2a: Heatran|91/100
|
|-heal|p1a: Clefable|51/100|[from] item: Leftovers
|upkeep
|turn|43
|
|t:|1661783849
|move|p2a: Heatran|Magma Storm|p1a: Clefable
|-damage|p1a: Clefable|20/100
|move|p1a: Clefable|Moonblast|p2a: Heatran
|-resisted|p2a: Heatran
|-crit|p2a: Heatran
|-damage|p2a: Heatran|84/100
|
|-heal|p1a: Clefable|26/100|[from] item: Leftovers
|-end|p1a: Clefable|move: Taunt
|upkeep
|turn|44
|
|t:|1661783855
|move|p2a: Heatran|Taunt|p1a: Clefable
|-start|p1a: Clefable|move: Taunt
|cant|p1a: Clefable|move: Taunt|Soft-Boiled
|
|-heal|p1a: Clefable|32/100|[from] item: Leftovers
|upkeep
|turn|45
|
|t:|1661783857
|move|p2a: Heatran|Magma Storm|p1a: Clefable|[miss]
|-miss|p2a: Heatran|p1a: Clefable
|move|p1a: Clefable|Moonblast|p2a: Heatran
|-resisted|p2a: Heatran
|-damage|p2a: Heatran|80/100
|
|-heal|p1a: Clefable|38/100|[from] item: Leftovers
|-end|p1a: Clefable|Magma Storm|[partiallytrapped]
|upkeep
|turn|46
|
|t:|1661783862
|move|p2a: Heatran|Magma Storm|p1a: Clefable
|-damage|p1a: Clefable|7/100
|-activate|p1a: Clefable|move: Magma Storm|[of] p2a: Heatran
|move|p1a: Clefable|Moonblast|p2a: Heatran
|-resisted|p2a: Heatran
|-damage|p2a: Heatran|75/100
|
|-heal|p1a: Clefable|13/100|[from] item: Leftovers
|-end|p1a: Clefable|move: Taunt
|upkeep
|turn|47
|
|t:|1661783872
|move|p2a: Heatran|Taunt|p1a: Clefable
|-start|p1a: Clefable|move: Taunt
|cant|p1a: Clefable|move: Taunt|Soft-Boiled
|
|-heal|p1a: Clefable|20/100|[from] item: Leftovers
|upkeep
|turn|48
|
|t:|1661783882
|switch|p2a: Kartana|Kartana|100/100
|-damage|p2a: Kartana|94/100|[from] Stealth Rock
|move|p1a: Clefable|Moonblast|p2a: Kartana
|-resisted|p2a: Kartana
|-crit|p2a: Kartana
|-damage|p2a: Kartana|19/100
|
|-heal|p1a: Clefable|26/100|[from] item: Leftovers
|-end|p1a: Clefable|Magma Storm|[partiallytrapped]|[silent]
|upkeep
|turn|49
|
|t:|1661783887
|move|p2a: Kartana|Smart Strike|p1a: Clefable
|-supereffective|p1a: Clefable
|-damage|p1a: Clefable|0 fnt
|faint|p1a: Clefable
|-ability|p2a: Kartana|Beast Boost|boost
|-boost|p2a: Kartana|atk|1
|
|upkeep
|
|t:|1661783889
|switch|p1a: Pelipper|Pelipper, F|44/100
|-weather|RainDance|[from] ability: Drizzle|[of] p1a: Pelipper
|turn|50
|j| nublet2
|
|t:|1661783896
|switch|p2a: Toxapex|Toxapex, F|88/100 brn
|-damage|p2a: Toxapex|76/100 brn|[from] Stealth Rock
|move|p1a: Pelipper|Scald|p2a: Toxapex
|-resisted|p2a: Toxapex
|-damage|p2a: Toxapex|41/100 brn
|
|-weather|RainDance|[upkeep]
|-damage|p2a: Toxapex|34/100 brn|[from] brn
|-damage|p2a: Toxapex|22/100 brn|[from] item: Sticky Barb
|upkeep
|turn|51
|
|t:|1661783901
|move|p1a: Pelipper|Scald|p2a: Toxapex
|-resisted|p2a: Toxapex
|-damage|p2a: Toxapex|0 fnt
|faint|p2a: Toxapex
|
|-weather|RainDance|[upkeep]
|upkeep
|
|t:|1661783903
|switch|p2a: Kartana|Kartana|19/100
|-damage|p2a: Kartana|12/100|[from] Stealth Rock
|turn|52
|
|t:|1661783906
|switch|p1a: Landorus|Landorus-Therian, M|52/100 tox
|-ability|p1a: Landorus|Intimidate|boost
|-unboost|p2a: Kartana|atk|1
|move|p2a: Kartana|Leaf Blade|p1a: Landorus
|-damage|p1a: Landorus|20/100 tox
|
|-weather|RainDance|[upkeep]
|-heal|p1a: Landorus|26/100 tox|[from] item: Leftovers
|-damage|p1a: Landorus|20/100 tox|[from] psn
|upkeep
|turn|53
|
|t:|1661783908
|move|p2a: Kartana|Leaf Blade|p1a: Landorus
|-damage|p1a: Landorus|0 fnt
|faint|p1a: Landorus
|-ability|p2a: Kartana|Beast Boost|boost
|-boost|p2a: Kartana|atk|1
|
|-weather|RainDance|[upkeep]
|upkeep
|c|☆Pok et glace|doesnt change much anyway
|c|☆Pok et glace|my kartana matchup is just too bad
|-message|Pok et glace forfeited.
|
|win|Stads
|raw|Pok et glace's rating: 1757 &rarr; <strong>1735</strong><br />(-22 for losing)
|raw|Stads's rating: 1717 &rarr; <strong>1739</strong><br />(+22 for winning)
|l|☆Pok et glace
|l| stone zorm
|l| XXOO For Ever
|l|☆Stads
