|html|<div class="broadcast-blue"><strong>[Gen 8] OU is currently suspecting Melmetal! For information on how to participate check out the <a href="https://www.smogon.com/forums/threads/np-ss-ou-suspect-process-round-12-monster-mash.3709234/">suspect thread</a>.</strong></div>
|j|☆Red Rushun
|j|☆minimax_ai
|t:|1666292111
|gametype|singles
|player|p1|Red Rushun|clair|1605
|player|p2|minimax_ai|lusamine-nihilego|1612
|teamsize|p1|6
|teamsize|p2|6
|gen|8
|tier|[Gen 8] OU
|rated|
|rule|Sleep Clause Mod: Limit one foe put to sleep
|rule|Species Clause: Limit one of each Pokémon
|rule|OHKO Clause: OHKO moves are banned
|rule|Evasion Items Clause: Evasion items are banned
|rule|Evasion Moves Clause: Evasion moves are banned
|rule|Endless Battle Clause: Forcing endless battles is banned
|rule|HP Percentage Mod: HP is shown in percentages
|rule|Dynamax Clause: You cannot dynamax
|clearpoke
|poke|p1|Dragapult, F|
|poke|p1|Blastoise, M|
|poke|p1|Tapu Lele|
|poke|p1|Cobalion|
|poke|p1|Grimmsnarl, M|
|poke|p1|Landorus-Therian, M|
|poke|p2|Rotom-Wash|
|poke|p2|Weavile, M|
|poke|p2|Landorus-Therian, M|
|poke|p2|Heatran, M|
|poke|p2|Tangrowth, M|
|poke|p2|Melmetal|
|teampreview
|c|☆minimax_ai|hf
|inactive|Battle timer is ON: inactive players will automatically lose when time's up. (requested by minimax_ai)
|
|t:|1666292128
|start
|switch|p1a: Cobalion|Cobalion, shiny|100/100
|switch|p2a: Melmetal|Melmetal|100/100
|turn|1
|
|t:|1666292135
|move|p1a: Cobalion|Thunder Wave|p2a: Melmetal
|-status|p2a: Melmetal|par
|cant|p2a: Melmetal|par
|
|upkeep
|turn|2
|
|t:|1666292140
|move|p1a: Cobalion|Stealth Rock|p2a: Melmetal
|-sidestart|p2: minimax_ai|move: Stealth Rock
|move|p2a: Melmetal|Earthquake|p1a: Cobalion
|-supereffective|p1a: Cobalion
|-damage|p1a: Cobalion|51/100
|
|upkeep
|turn|3
|
|t:|1666292147
|switch|p1a: Landorus|Landorus-Therian, M, shiny|100/100
|-ability|p1a: Landorus|Intimidate|boost
|-unboost|p2a: Melmetal|atk|1
|cant|p2a: Melmetal|par
|
|upkeep
|turn|4
|
|t:|1666292154
|switch|p2a: Tangrowth|Tangrowth, M|100/100
|-damage|p2a: Tangrowth|88/100|[from] Stealth Rock
|move|p1a: Landorus|Substitute|p1a: Landorus
|-start|p1a: Landorus|Substitute
|-damage|p1a: Landorus|76/100
|
|-heal|p1a: Landorus|82/100|[from] item: Leftovers
|upkeep
|turn|5
|
|t:|1666292171
|move|p1a: Landorus|Swords Dance|p1a: Landorus
|-boost|p1a: Landorus|atk|2
|move|p2a: Tangrowth|Giga Drain|p1a: Landorus
|-end|p1a: Landorus|Substitute
|-heal|p2a: Tangrowth|98/100|[from] drain|[of] p1a: Landorus
|
|-heal|p1a: Landorus|88/100|[from] item: Leftovers
|upkeep
|turn|6
|
|t:|1666292180
|move|p1a: Landorus|Swords Dance|p1a: Landorus
|-boost|p1a: Landorus|atk|2
|move|p2a: Tangrowth|Giga Drain|p1a: Landorus
|-damage|p1a: Landorus|51/100
|-heal|p2a: Tangrowth|100/100|[from] drain|[of] p1a: Landorus
|
|-heal|p1a: Landorus|57/100|[from] item: Leftovers
|upkeep
|turn|7
|
|t:|1666292185
|move|p1a: Landorus|Swords Dance|p1a: Landorus
|-boost|p1a: Landorus|atk|2
|move|p2a: Tangrowth|Giga Drain|p1a: Landorus
|-damage|p1a: Landorus|20/100
|
|-heal|p1a: Landorus|26/100|[from] item: Leftovers
|upkeep
|turn|8
|
|t:|1666292191
|move|p1a: Landorus|Stone Edge|p2a: Tangrowth
|-damage|p2a: Tangrowth|23/100
|move|p2a: Tangrowth|Giga Drain|p1a: Landorus
|-crit|p1a: Landorus
|-damage|p1a: Landorus|0 fnt
|-heal|p2a: Tangrowth|33/100|[from] drain|[of] p1a: Landorus
|faint|p1a: Landorus
|
|upkeep
|
|t:|1666292207
|switch|p1a: Dragapult|Dragapult, F|100/100
|turn|9
|
|t:|1666292225
|switch|p2a: Melmetal|Melmetal|100/100 par
|-damage|p2a: Melmetal|94/100 par|[from] Stealth Rock
|move|p1a: Dragapult|Dragon Dance|p1a: Dragapult
|-boost|p1a: Dragapult|atk|1
|-boost|p1a: Dragapult|spe|1
|
|upkeep
|turn|10
|
|t:|1666292237
|move|p1a: Dragapult|Phantom Force||[still]
|-prepare|p1a: Dragapult|Phantom Force
|cant|p2a: Melmetal|par
|
|upkeep
|turn|11
|
|t:|1666292240
|move|p1a: Dragapult|Phantom Force|p2a: Melmetal|[from]lockedmove
|-damage|p2a: Melmetal|42/100 par
|-damage|p1a: Dragapult|91/100|[from] item: Life Orb
|move|p2a: Melmetal|Double Iron Bash|p1a: Dragapult
|-damage|p1a: Dragapult|39/100
|-damage|p1a: Dragapult|0 fnt
|faint|p1a: Dragapult
|-hitcount|p1: Dragapult|2
|
|upkeep
|
|t:|1666292249
|switch|p1a: Grimmsnarl|Grimmsnarl, M|100/100
|turn|12
|
|t:|1666292254
|move|p1a: Grimmsnarl|Reflect|p1a: Grimmsnarl
|-sidestart|p1: Red Rushun|Reflect
|move|p2a: Melmetal|Earthquake|p1a: Grimmsnarl
|-damage|p1a: Grimmsnarl|76/100
|
|upkeep
|turn|13
|
|t:|1666292259
|switch|p2a: landorustherian|Landorus-Therian, M|100/100
|-damage|p2a: landorustherian|88/100|[from] Stealth Rock
|-ability|p2a: landorustherian|Intimidate|boost
|-unboost|p1a: Grimmsnarl|atk|1
|move|p1a: Grimmsnarl|Light Screen|p1a: Grimmsnarl
|-sidestart|p1: Red Rushun|move: Light Screen
|
|-heal|p2a: landorustherian|94/100|[from] item: Leftovers
|upkeep
|turn|14
|
|t:|1666292262
|move|p2a: landorustherian|Defog|p1a: Grimmsnarl
|-unboost|p1a: Grimmsnarl|evasion|1
|-sideend|p1: Red Rushun|Reflect
|-sideend|p1: Red Rushun|move: Light Screen
|-sideend|p2: minimax_ai|Stealth Rock|[from] move: Defog|[of] p2a: landorustherian
|move|p1a: Grimmsnarl|Spirit Break|p2a: landorustherian
|-damage|p2a: landorustherian|76/100
|-unboost|p2a: landorustherian|spa|1
|
|-heal|p2a: landorustherian|82/100|[from] item: Leftovers
|upkeep
|turn|15
|
|t:|1666292273
|move|p1a: Grimmsnarl|Reflect|p1a: Grimmsnarl
|-sidestart|p1: Red Rushun|Reflect
|move|p2a: landorustherian|Earthquake|p1a: Grimmsnarl
|-damage|p1a: Grimmsnarl|49/100
|
|-heal|p2a: landorustherian|88/100|[from] item: Leftovers
|upkeep
|turn|16
|
|t:|1666292279
|switch|p2a: rotomwash|Rotom-Wash|100/100
|switch|p1a: Cobalion|Cobalion, shiny|51/100
|
|upkeep
|turn|17
|
|t:|1666292282
|move|p1a: Cobalion|Toxic|p2a: rotomwash
|-status|p2a: rotomwash|tox
|move|p2a: rotomwash|Hydro Pump|p1a: Cobalion
|-damage|p1a: Cobalion|0 fnt
|faint|p1a: Cobalion
|
|-damage|p2a: rotomwash|94/100 tox|[from] psn
|upkeep
|
|t:|1666292287
|switch|p1a: Grimmsnarl|Grimmsnarl, M|49/100
|turn|18
|
|t:|1666292290
|move|p1a: Grimmsnarl|Light Screen|p1a: Grimmsnarl
|-sidestart|p1: Red Rushun|move: Light Screen
|move|p2a: rotomwash|Thunderbolt|p1a: Grimmsnarl
|-damage|p1a: Grimmsnarl|37/100
|
|-heal|p2a: rotomwash|100/100 tox|[from] item: Leftovers
|-damage|p2a: rotomwash|88/100 tox|[from] psn
|upkeep
|turn|19
|
|t:|1666292294
|move|p2a: rotomwash|Nasty Plot|p2a: rotomwash
|-boost|p2a: rotomwash|spa|2
|move|p1a: Grimmsnarl|Spirit Break|p2a: rotomwash
|-damage|p2a: rotomwash|53/100 tox
|-unboost|p2a: rotomwash|spa|1
|
|-heal|p2a: rotomwash|60/100 tox|[from] item: Leftovers
|-damage|p2a: rotomwash|41/100 tox|[from] psn
|upkeep
|turn|20
|
|t:|1666292303
|move|p2a: rotomwash|Thunderbolt|p1a: Grimmsnarl
|-damage|p1a: Grimmsnarl|17/100
|move|p1a: Grimmsnarl|Spirit Break|p2a: rotomwash
|-damage|p2a: rotomwash|8/100 tox
|-unboost|p2a: rotomwash|spa|1
|
|-heal|p2a: rotomwash|15/100 tox|[from] item: Leftovers
|-damage|p2a: rotomwash|0 fnt|[from] psn
|faint|p2a: rotomwash
|upkeep
|
|t:|1666292303
|switch|p2a: Melmetal|Melmetal|42/100 par
|turn|21
|
|t:|1666292314
|move|p1a: Grimmsnarl|Spirit Break|p2a: Melmetal
|-resisted|p2a: Melmetal
|-damage|p2a: Melmetal|34/100 par
|-unboost|p2a: Melmetal|spa|1
|cant|p2a: Melmetal|par
|
|upkeep
|turn|22
|
|t:|1666292323
|switch|p2a: landorustherian|Landorus-Therian, M|88/100
|-ability|p2a: landorustherian|Intimidate|boost
|-unboost|p1a: Grimmsnarl|atk|1
|move|p1a: Grimmsnarl|Spirit Break|p2a: landorustherian
|-damage|p2a: landorustherian|70/100
|-unboost|p2a: landorustherian|spa|1
|
|-heal|p2a: landorustherian|76/100|[from] item: Leftovers
|-sideend|p1: Red Rushun|Reflect
|upkeep
|turn|23
|
|t:|1666292326
|move|p1a: Grimmsnarl|Reflect|p1a: Grimmsnarl
|-sidestart|p1: Red Rushun|Reflect
|move|p2a: landorustherian|Earthquake|p1a: Grimmsnarl
|-damage|p1a: Grimmsnarl|0 fnt
|faint|p1a: Grimmsnarl
|
|-heal|p2a: landorustherian|82/100|[from] item: Leftovers
|upkeep
|
|t:|1666292336
|switch|p1a: Blastoise|Blastoise, M, shiny|100/100
|turn|24
|
|t:|1666292338
|move|p1a: Blastoise|Shell Smash|p1a: Blastoise
|-unboost|p1a: Blastoise|def|1
|-unboost|p1a: Blastoise|spd|1
|-boost|p1a: Blastoise|atk|2
|-boost|p1a: Blastoise|spa|2
|-boost|p1a: Blastoise|spe|2
|-enditem|p1a: Blastoise|White Herb
|-clearnegativeboost|p1a: Blastoise|[silent]
|move|p2a: landorustherian|Toxic|p1a: Blastoise
|-status|p1a: Blastoise|tox
|
|-heal|p2a: landorustherian|88/100|[from] item: Leftovers
|-damage|p1a: Blastoise|94/100 tox|[from] psn
|upkeep
|turn|25
|
|t:|1666292348
|switch|p2a: Melmetal|Melmetal|34/100 par
|move|p1a: Blastoise|Surf|p2a: Melmetal
|-damage|p2a: Melmetal|0 fnt
|faint|p2a: Melmetal
|
|-damage|p1a: Blastoise|82/100 tox|[from] psn
|-sideend|p1: Red Rushun|move: Light Screen
|upkeep
|
|t:|1666292348
|switch|p2a: Tangrowth|Tangrowth, M|66/100
|turn|26
|
|t:|1666292352
|switch|p2a: landorustherian|Landorus-Therian, M|88/100
|-ability|p2a: landorustherian|Intimidate|boost
|-unboost|p1a: Blastoise|atk|1
|move|p1a: Blastoise|Ice Beam|p2a: landorustherian
|-supereffective|p2a: landorustherian
|-damage|p2a: landorustherian|0 fnt
|faint|p2a: landorustherian
|
|-damage|p1a: Blastoise|64/100 tox|[from] psn
|upkeep
|
|t:|1666292352
|switch|p2a: Weavile|Weavile, M|100/100
|-ability|p2a: Weavile|Pressure
|turn|27
|
|t:|1666292356
|move|p2a: Weavile|Ice Shard|p1a: Blastoise
|-resisted|p1a: Blastoise
|-damage|p1a: Blastoise|56/100 tox
|move|p1a: Blastoise|Surf|p2a: Weavile
|-crit|p2a: Weavile
|-damage|p2a: Weavile|0 fnt
|faint|p2a: Weavile
|
|-damage|p1a: Blastoise|32/100 tox|[from] psn
|upkeep
|
|t:|1666292356
|switch|p2a: Tangrowth|Tangrowth, M|99/100
|turn|28
|
|t:|1666292361
|switch|p2a: Heatran|Heatran, M|100/100
|-item|p2a: Heatran|Air Balloon
|move|p1a: Blastoise|Dark Pulse|p2a: Heatran
|-damage|p2a: Heatran|58/100
|-enditem|p2a: Heatran|Air Balloon
|
|-damage|p1a: Blastoise|2/100 tox|[from] psn
|upkeep
|turn|29
|
|t:|1666292369
|move|p1a: Blastoise|Dark Pulse|p2a: Heatran
|-damage|p2a: Heatran|16/100
|move|p2a: Heatran|Magma Storm|p1a: Blastoise
|-resisted|p1a: Blastoise
|-damage|p1a: Blastoise|0 fnt
|faint|p1a: Blastoise
|
|upkeep
|
|t:|1666292373
|switch|p1a: Tapu Lele|Tapu Lele|100/100
|-fieldstart|move: Psychic Terrain|[from] ability: Psychic Surge|[of] p1a: Tapu Lele
|turn|30
|
|t:|1666292393
|move|p1a: Tapu Lele|Psyshock|p2a: Heatran
|-resisted|p2a: Heatran
|-damage|p2a: Heatran|0 fnt
|faint|p2a: Heatran
|
|-sideend|p1: Red Rushun|Reflect
|upkeep
|
|t:|1666292393
|switch|p2a: Tangrowth|Tangrowth, M|100/100
|turn|31
|
|t:|1666292399
|move|p1a: Tapu Lele|Psychic|p2a: Tangrowth
|-damage|p2a: Tangrowth|18/100
|move|p2a: Tangrowth|Knock Off|p1a: Tapu Lele
|-damage|p1a: Tapu Lele|67/100
|-enditem|p1a: Tapu Lele|Assault Vest|[from] move: Knock Off|[of] p2a: Tangrowth
|
|upkeep
|turn|32
|
|t:|1666292404
|move|p1a: Tapu Lele|Psychic|p2a: Tangrowth
|-damage|p2a: Tangrowth|0 fnt
|faint|p2a: Tangrowth
|
|win|Red Rushun
|raw|Red Rushun's rating: 1605 &rarr; <strong>1625</strong><br />(+20 for winning)
|raw|minimax_ai's rating: 1612 &rarr; <strong>1592</strong><br />(-20 for losing)
|c|☆minimax_ai|gg
|l|☆minimax_ai
|c|☆Red Rushun|gg
||Ladder isn't responding, score probably updated but might not have (Request timeout).
