|j|☆K hamza
|j|☆Stellar Flares
|t:|1667474579
|gametype|singles
|player|p1|K hamza|dragontamer|1465
|player|p2|Stellar Flares|palmer|1540
|teamsize|p1|6
|teamsize|p2|6
|gen|8
|tier|[Gen 8] OU
|rated|
|rule|Sleep Clause Mod: Limit one foe put to sleep
|rule|Species Clause: Limit one of each Pokémon
|rule|OHKO Clause: OHKO moves are banned
|rule|Evasion Items Clause: Evasion items are banned
|rule|Evasion Moves Clause: Evasion moves are banned
|rule|Endless Battle Clause: Forcing endless battles is banned
|rule|HP Percentage Mod: HP is shown in percentages
|rule|Dynamax Clause: You cannot dynamax
|clearpoke
|poke|p1|Volcarona, F|
|poke|p1|Weavile, M|
|poke|p1|Toxapex, F|
|poke|p1|Landorus-Therian, M|
|poke|p1|Heatran, F|
|poke|p1|Latios, M|
|poke|p2|Jellicent, M|
|poke|p2|Corviknight, M|
|poke|p2|Tornadus-Therian, M|
|poke|p2|Toxapex, F|
|poke|p2|Clefable, M|
|poke|p2|Hippowdon, F|
|teampreview
|
|t:|1667474588
|start
|switch|p1a: Volcarona|Volcarona, F|100/100
|switch|p2a: Jellicent|Jellicent, M|100/100
|turn|1
|
|t:|1667474594
|move|p1a: Volcarona|Quiver Dance|p1a: Volcarona
|-boost|p1a: Volcarona|spa|1
|-boost|p1a: Volcarona|spd|1
|-boost|p1a: Volcarona|spe|1
|move|p2a: Jellicent|Scald|p1a: Volcarona
|-supereffective|p1a: Volcarona
|-damage|p1a: Volcarona|52/100
|
|upkeep
|turn|2
|
|t:|1667474603
|move|p1a: Volcarona|Giga Drain|p2a: Jellicent
|-supereffective|p2a: Jellicent
|-damage|p2a: Jellicent|20/100
|-heal|p1a: Volcarona|96/100|[from] drain|[of] p2a: Jellicent
|move|p2a: Jellicent|Scald|p1a: Volcarona
|-supereffective|p1a: Volcarona
|-damage|p1a: Volcarona|35/100
|
|upkeep
|turn|3
|
|t:|1667474613
|switch|p2a: Clefable|Clefable, M|100/100
|move|p1a: Volcarona|Giga Drain|p2a: Clefable
|-damage|p2a: Clefable|77/100
|-heal|p1a: Volcarona|50/100|[from] drain|[of] p2a: Clefable
|
|-heal|p2a: Clefable|83/100|[from] item: Leftovers
|upkeep
|turn|4
|
|t:|1667474623
|move|p1a: Volcarona|Fiery Dance|p2a: Clefable
|-damage|p2a: Clefable|39/100
|move|p2a: Clefable|Moonblast|p1a: Volcarona
|-resisted|p1a: Volcarona
|-damage|p1a: Volcarona|34/100
|
|-heal|p2a: Clefable|45/100|[from] item: Leftovers
|upkeep
|turn|5
|
|t:|1667474631
|move|p1a: Volcarona|Fiery Dance|p2a: Clefable
|-damage|p2a: Clefable|6/100
|-boost|p1a: Volcarona|spa|1
|move|p2a: Clefable|Soft-Boiled|p2a: Clefable
|-heal|p2a: Clefable|56/100
|
|-heal|p2a: Clefable|62/100|[from] item: Leftovers
|upkeep
|turn|6
|
|t:|1667474641
|move|p1a: Volcarona|Fiery Dance|p2a: Clefable
|-damage|p2a: Clefable|22/100
|move|p2a: Clefable|Soft-Boiled|p2a: Clefable
|-heal|p2a: Clefable|72/100
|
|-heal|p2a: Clefable|78/100|[from] item: Leftovers
|upkeep
|turn|7
|
|t:|1667474649
|move|p1a: Volcarona|Fiery Dance|p2a: Clefable
|-damage|p2a: Clefable|41/100
|-boost|p1a: Volcarona|spa|1
|move|p2a: Clefable|Soft-Boiled|p2a: Clefable
|-heal|p2a: Clefable|91/100
|
|-heal|p2a: Clefable|97/100|[from] item: Leftovers
|upkeep
|turn|8
|
|t:|1667474658
|move|p1a: Volcarona|Fiery Dance|p2a: Clefable
|-crit|p2a: Clefable
|-damage|p2a: Clefable|37/100
|-boost|p1a: Volcarona|spa|1
|move|p2a: Clefable|Calm Mind|p2a: Clefable
|-boost|p2a: Clefable|spa|1
|-boost|p2a: Clefable|spd|1
|
|-heal|p2a: Clefable|43/100|[from] item: Leftovers
|upkeep
|turn|9
|
|t:|1667474670
|move|p1a: Volcarona|Fiery Dance|p2a: Clefable
|-damage|p2a: Clefable|14/100
|-boost|p1a: Volcarona|spa|1
|move|p2a: Clefable|Soft-Boiled|p2a: Clefable
|-heal|p2a: Clefable|64/100
|
|-heal|p2a: Clefable|70/100|[from] item: Leftovers
|upkeep
|turn|10
|
|t:|1667474679
|move|p1a: Volcarona|Giga Drain|p2a: Clefable
|-damage|p2a: Clefable|52/100
|-heal|p1a: Volcarona|45/100|[from] drain|[of] p2a: Clefable
|move|p2a: Clefable|Soft-Boiled|p2a: Clefable
|-heal|p2a: Clefable|100/100
|
|upkeep
|turn|11
|
|t:|1667474687
|switch|p1a: Heatran|Heatran, F|100/100
|move|p2a: Clefable|Moonblast|p1a: Heatran
|-resisted|p1a: Heatran
|-damage|p1a: Heatran|94/100
|
|upkeep
|turn|12
|
|t:|1667474696
|switch|p2a: Toxapex|Toxapex, F|100/100
|move|p1a: Heatran|Magma Storm|p2a: Toxapex
|-resisted|p2a: Toxapex
|-damage|p2a: Toxapex|81/100
|-activate|p2a: Toxapex|move: Magma Storm|[of] p1a: Heatran
|
|-damage|p2a: Toxapex|69/100|[from] move: Magma Storm|[partiallytrapped]
|upkeep
|turn|13
|
|t:|1667474705
|move|p1a: Heatran|Earth Power|p2a: Toxapex
|-supereffective|p2a: Toxapex
|-damage|p2a: Toxapex|22/100
|move|p2a: Toxapex|Scald|p1a: Heatran
|-supereffective|p1a: Heatran
|-damage|p1a: Heatran|77/100
|
|-damage|p2a: Toxapex|9/100|[from] move: Magma Storm|[partiallytrapped]
|upkeep
|turn|14
|
|t:|1667474719
|switch|p2a: Hippowdon|Hippowdon, F|100/100
|-weather|Sandstorm|[from] ability: Sand Stream|[of] p2a: Hippowdon
|move|p1a: Heatran|Earth Power|p2a: Hippowdon
|-damage|p2a: Hippowdon|77/100
|
|-weather|Sandstorm|[upkeep]
|-heal|p2a: Hippowdon|83/100|[from] item: Leftovers
|upkeep
|turn|15
|
|t:|1667474729
|switch|p1a: Landorus|Landorus-Therian, M|100/100
|-ability|p1a: Landorus|Intimidate|boost
|-unboost|p2a: Hippowdon|atk|1
|move|p2a: Hippowdon|Earthquake|p1a: Landorus
|-immune|p1a: Landorus
|
|-weather|Sandstorm|[upkeep]
|-heal|p2a: Hippowdon|89/100|[from] item: Leftovers
|upkeep
|turn|16
|
|t:|1667474739
|switch|p2a: Corviknight|Corviknight, M|100/100
|-ability|p2a: Corviknight|Pressure
|move|p1a: Landorus|Earthquake|p2a: Corviknight
|-immune|p2a: Corviknight
|
|-weather|Sandstorm|[upkeep]
|upkeep
|turn|17
|
|t:|1667474749
|switch|p1a: Toxapex|Toxapex, F|100/100
|move|p2a: Corviknight|Body Press|p1a: Toxapex
|-resisted|p1a: Toxapex
|-damage|p1a: Toxapex|95/100
|
|-weather|Sandstorm|[upkeep]
|-damage|p1a: Toxapex|88/100|[from] Sandstorm
|-heal|p1a: Toxapex|95/100|[from] item: Black Sludge
|upkeep
|turn|18
|
|t:|1667474761
|switch|p2a: Jellicent|Jellicent, M|20/100
|move|p1a: Toxapex|Scald|p2a: Jellicent
|-heal|p2a: Jellicent|45/100|[from] ability: Water Absorb|[of] p1a: Toxapex
|
|-weather|none
|-heal|p1a: Toxapex|100/100|[from] item: Black Sludge
|upkeep
|turn|19
|
|t:|1667474771
|switch|p1a: Latios|Latios, M|100/100
|move|p2a: Jellicent|Shadow Ball|p1a: Latios
|-supereffective|p1a: Latios
|-damage|p1a: Latios|22/100
|-unboost|p1a: Latios|spd|1
|
|upkeep
|turn|20
|c|☆K hamza|Great play
|inactive|Battle timer is ON: inactive players will automatically lose when time's up. (requested by Stellar Flares)
|
|t:|1667474786
|switch|p1a: Weavile|Weavile, M|100/100
|-ability|p1a: Weavile|Pressure
|switch|p2a: Tornadus|Tornadus-Therian, M|100/100
|
|upkeep
|turn|21
|
|t:|1667474798
|switch|p2a: Corviknight|Corviknight, M|100/100
|-ability|p2a: Corviknight|Pressure
|move|p1a: Weavile|Knock Off|p2a: Corviknight
|-damage|p2a: Corviknight|50/100
|-enditem|p2a: Corviknight|Leftovers|[from] move: Knock Off|[of] p1a: Weavile
|-damage|p1a: Weavile|91/100|[from] item: Life Orb
|
|upkeep
|turn|22
|
|t:|1667474808
|switch|p2a: Toxapex|Toxapex, F|42/100
|move|p1a: Weavile|Triple Axel|p2a: Toxapex
|-resisted|p2a: Toxapex
|-damage|p2a: Toxapex|38/100
|-resisted|p2a: Toxapex
|-damage|p2a: Toxapex|27/100
|-resisted|p2a: Toxapex
|-damage|p2a: Toxapex|14/100
|-hitcount|p2a: Toxapex|3
|-damage|p1a: Weavile|81/100|[from] item: Life Orb
|
|upkeep
|turn|23
|
|t:|1667474819
|switch|p2a: Clefable|Clefable, M|100/100
|move|p1a: Weavile|Knock Off|p2a: Clefable
|-resisted|p2a: Clefable
|-damage|p2a: Clefable|79/100
|-enditem|p2a: Clefable|Leftovers|[from] move: Knock Off|[of] p1a: Weavile
|-damage|p1a: Weavile|71/100|[from] item: Life Orb
|
|upkeep
|turn|24
|
|t:|1667474827
|move|p1a: Weavile|Triple Axel|p2a: Clefable
|-damage|p2a: Clefable|68/100
|-damage|p2a: Clefable|49/100
|-damage|p2a: Clefable|21/100
|-hitcount|p2a: Clefable|3
|-damage|p1a: Weavile|61/100|[from] item: Life Orb
|move|p2a: Clefable|Soft-Boiled|p2a: Clefable
|-heal|p2a: Clefable|71/100
|
|upkeep
|turn|25
|
|t:|1667474839
|switch|p1a: Heatran|Heatran, F|77/100
|move|p2a: Clefable|Soft-Boiled|p2a: Clefable
|-heal|p2a: Clefable|100/100
|
|upkeep
|turn|26
|
|t:|1667474848
|switch|p2a: Toxapex|Toxapex, F|47/100
|move|p1a: Heatran|Magma Storm|p2a: Toxapex
|-resisted|p2a: Toxapex
|-damage|p2a: Toxapex|26/100
|-activate|p2a: Toxapex|move: Magma Storm|[of] p1a: Heatran
|
|-damage|p2a: Toxapex|14/100|[from] move: Magma Storm|[partiallytrapped]
|upkeep
|turn|27
|
|t:|1667474859
|switch|p2a: Hippowdon|Hippowdon, F|89/100
|-weather|Sandstorm|[from] ability: Sand Stream|[of] p2a: Hippowdon
|move|p1a: Heatran|Lava Plume|p2a: Hippowdon
|-damage|p2a: Hippowdon|59/100
|-status|p2a: Hippowdon|brn
|
|-weather|Sandstorm|[upkeep]
|-heal|p2a: Hippowdon|65/100 brn|[from] item: Leftovers
|-damage|p2a: Hippowdon|59/100 brn|[from] brn
|upkeep
|turn|28
|
|t:|1667474875
|switch|p1a: Landorus|Landorus-Therian, M|100/100
|-ability|p1a: Landorus|Intimidate|boost
|-unboost|p2a: Hippowdon|atk|1
|move|p2a: Hippowdon|Slack Off|p2a: Hippowdon
|-heal|p2a: Hippowdon|100/100 brn
|
|-weather|Sandstorm|[upkeep]
|-damage|p2a: Hippowdon|94/100 brn|[from] brn
|upkeep
|turn|29
|
|t:|1667474887
|switch|p2a: Corviknight|Corviknight, M|50/100
|-ability|p2a: Corviknight|Pressure
|move|p1a: Landorus|Smack Down|p2a: Corviknight
|-damage|p2a: Corviknight|38/100
|-start|p2a: Corviknight|Smack Down
|
|-weather|Sandstorm|[upkeep]
|upkeep
|turn|30
|
|t:|1667474896
|switch|p2a: Tornadus|Tornadus-Therian, M|100/100
|move|p1a: Landorus|Smack Down|p2a: Tornadus
|-supereffective|p2a: Tornadus
|-damage|p2a: Tornadus|67/100
|-start|p2a: Tornadus|Smack Down
|
|-weather|Sandstorm|[upkeep]
|-damage|p2a: Tornadus|61/100|[from] Sandstorm
|upkeep
|turn|31
|
|t:|1667474906
|move|p2a: Tornadus|Toxic|p1a: Landorus
|-status|p1a: Landorus|tox
|move|p1a: Landorus|Stealth Rock|p2a: Tornadus
|-sidestart|p2: Stellar Flares|move: Stealth Rock
|
|-weather|none
|-damage|p1a: Landorus|94/100 tox|[from] psn
|upkeep
|turn|32
|
|t:|1667474913
|move|p2a: Tornadus|Defog|p1a: Landorus
|-unboost|p1a: Landorus|evasion|1
|-sideend|p2: Stellar Flares|Stealth Rock|[from] move: Defog|[of] p2a: Tornadus
|move|p1a: Landorus|Earthquake|p2a: Tornadus
|-damage|p2a: Tornadus|17/100
|
|-damage|p1a: Landorus|82/100 tox|[from] psn
|upkeep
|turn|33
|
|t:|1667474923
|switch|p2a: Corviknight|Corviknight, M|38/100
|-ability|p2a: Corviknight|Pressure
|move|p1a: Landorus|Smack Down|p2a: Corviknight
|-damage|p2a: Corviknight|25/100
|-start|p2a: Corviknight|Smack Down
|
|-damage|p1a: Landorus|64/100 tox|[from] psn
|upkeep
|turn|34
|
|t:|1667474933
|move|p2a: Corviknight|Roost|p2a: Corviknight
|-heal|p2a: Corviknight|75/100
|-singleturn|p2a: Corviknight|move: Roost
|move|p1a: Landorus|Earthquake|p2a: Corviknight
|-supereffective|p2a: Corviknight
|-damage|p2a: Corviknight|0 fnt
|faint|p2a: Corviknight
|
|-damage|p1a: Landorus|40/100 tox|[from] psn
|upkeep
|
|t:|1667474941
|switch|p2a: Toxapex|Toxapex, F|47/100
|turn|35
|
|t:|1667474950
|switch|p2a: Tornadus|Tornadus-Therian, M|50/100
|move|p1a: Landorus|Earthquake|p2a: Tornadus
|-immune|p2a: Tornadus
|
|-damage|p1a: Landorus|10/100 tox|[from] psn
|upkeep
|turn|36
|
|t:|1667474960
|switch|p1a: Heatran|Heatran, F|77/100
|move|p2a: Tornadus|Knock Off|p1a: Heatran
|-damage|p1a: Heatran|59/100
|-enditem|p1a: Heatran|Assault Vest|[from] move: Knock Off|[of] p2a: Tornadus
|
|upkeep
|turn|37
|
|t:|1667474967
|switch|p2a: Toxapex|Toxapex, F|80/100
|move|p1a: Heatran|Magma Storm|p2a: Toxapex
|-resisted|p2a: Toxapex
|-damage|p2a: Toxapex|61/100
|-activate|p2a: Toxapex|move: Magma Storm|[of] p1a: Heatran
|
|-damage|p2a: Toxapex|48/100|[from] move: Magma Storm|[partiallytrapped]
|upkeep
|turn|38
|
|t:|1667474975
|move|p1a: Heatran|Magma Storm|p2a: Toxapex|[miss]
|-miss|p1a: Heatran|p2a: Toxapex
|move|p2a: Toxapex|Recover|p2a: Toxapex
|-heal|p2a: Toxapex|98/100
|
|-damage|p2a: Toxapex|86/100|[from] move: Magma Storm|[partiallytrapped]
|upkeep
|turn|39
|
|t:|1667474984
|move|p1a: Heatran|Earth Power|p2a: Toxapex
|-supereffective|p2a: Toxapex
|-damage|p2a: Toxapex|40/100
|move|p2a: Toxapex|Light Screen|p2a: Toxapex
|-sidestart|p2: Stellar Flares|move: Light Screen
|
|-damage|p2a: Toxapex|28/100|[from] move: Magma Storm|[partiallytrapped]
|upkeep
|turn|40
|
|t:|1667474993
|move|p1a: Heatran|Earth Power|p2a: Toxapex
|-supereffective|p2a: Toxapex
|-crit|p2a: Toxapex
|-damage|p2a: Toxapex|0 fnt
|faint|p2a: Toxapex
|
|upkeep
|
|t:|1667474998
|switch|p2a: Jellicent|Jellicent, M|45/100
|turn|41
|
|t:|1667475010
|switch|p1a: Toxapex|Toxapex, F|100/100
|move|p2a: Jellicent|Scald|p1a: Toxapex
|-resisted|p1a: Toxapex
|-crit|p1a: Toxapex
|-damage|p1a: Toxapex|79/100
|-status|p1a: Toxapex|brn
|
|-heal|p1a: Toxapex|85/100 brn|[from] item: Black Sludge
|-damage|p1a: Toxapex|79/100 brn|[from] brn
|upkeep
|turn|42
|
|t:|1667475023
|move|p2a: Jellicent|Strength Sap|p1a: Toxapex
|-unboost|p1a: Toxapex|atk|1
|-heal|p2a: Jellicent|79/100
|move|p1a: Toxapex|Recover|p1a: Toxapex
|-heal|p1a: Toxapex|100/100 brn
|
|-damage|p1a: Toxapex|94/100 brn|[from] brn
|upkeep
|turn|43
|
|t:|1667475036
|switch|p2a: Tornadus|Tornadus-Therian, M|83/100
|move|p1a: Toxapex|Baneful Bunker||[still]
|-fail|p1a: Toxapex
|
|-heal|p1a: Toxapex|100/100 brn|[from] item: Black Sludge
|-damage|p1a: Toxapex|94/100 brn|[from] brn
|-sideend|p2: Stellar Flares|move: Light Screen
|upkeep
|turn|44
|
|t:|1667475045
|switch|p2a: Jellicent|Jellicent, M|79/100
|move|p1a: Toxapex|Scald|p2a: Jellicent
|-heal|p2a: Jellicent|100/100|[from] ability: Water Absorb|[of] p1a: Toxapex
|
|-heal|p1a: Toxapex|100/100 brn|[from] item: Black Sludge
|-damage|p1a: Toxapex|94/100 brn|[from] brn
|upkeep
|turn|45
|
|t:|1667475055
|move|p1a: Toxapex|Baneful Bunker|p1a: Toxapex
|-singleturn|p1a: Toxapex|move: Protect
|move|p2a: Jellicent|Shadow Ball|p1a: Toxapex
|-activate|p1a: Toxapex|move: Protect
|
|-heal|p1a: Toxapex|100/100 brn|[from] item: Black Sludge
|-damage|p1a: Toxapex|94/100 brn|[from] brn
|upkeep
|turn|46
|
|t:|1667475071
|switch|p1a: Landorus|Landorus-Therian, M|10/100 tox
|-ability|p1a: Landorus|Intimidate|boost
|-unboost|p2a: Jellicent|atk|1
|move|p2a: Jellicent|Shadow Ball|p1a: Landorus
|-damage|p1a: Landorus|0 fnt
|faint|p1a: Landorus
|
|upkeep
|
|t:|1667475080
|switch|p1a: Weavile|Weavile, M|61/100
|-ability|p1a: Weavile|Pressure
|turn|47
|
|t:|1667475086
|switch|p2a: Clefable|Clefable, M|100/100
|move|p1a: Weavile|Knock Off|p2a: Clefable
|-resisted|p2a: Clefable
|-damage|p2a: Clefable|85/100
|-damage|p1a: Weavile|51/100|[from] item: Life Orb
|
|upkeep
|turn|48
|
|t:|1667475094
|switch|p1a: Heatran|Heatran, F|59/100
|move|p2a: Clefable|Soft-Boiled|p2a: Clefable
|-heal|p2a: Clefable|100/100
|
|upkeep
|turn|49
|
|t:|1667475101
|switch|p2a: Jellicent|Jellicent, M|100/100
|move|p1a: Heatran|Magma Storm|p2a: Jellicent|[miss]
|-miss|p1a: Heatran|p2a: Jellicent
|
|upkeep
|turn|50
|
|t:|1667475109
|move|p1a: Heatran|Magma Storm|p2a: Jellicent
|-resisted|p2a: Jellicent
|-damage|p2a: Jellicent|75/100
|-activate|p2a: Jellicent|move: Magma Storm|[of] p1a: Heatran
|move|p2a: Jellicent|Shadow Ball|p1a: Heatran
|-damage|p1a: Heatran|31/100
|-unboost|p1a: Heatran|spd|1
|
|-damage|p2a: Jellicent|63/100|[from] move: Magma Storm|[partiallytrapped]
|upkeep
|turn|51
|
|t:|1667475120
|move|p1a: Heatran|Earth Power|p2a: Jellicent
|-damage|p2a: Jellicent|29/100
|move|p2a: Jellicent|Strength Sap|p1a: Heatran
|-unboost|p1a: Heatran|atk|1
|-heal|p2a: Jellicent|77/100
|
|-damage|p2a: Jellicent|65/100|[from] move: Magma Storm|[partiallytrapped]
|upkeep
|turn|52
|
|t:|1667475130
|move|p1a: Heatran|Earth Power|p2a: Jellicent
|-damage|p2a: Jellicent|30/100
|move|p2a: Jellicent|Shadow Ball|p1a: Heatran
|-damage|p1a: Heatran|0 fnt
|faint|p1a: Heatran
|
|-end|p2a: Jellicent|Magma Storm|[partiallytrapped]|[silent]
|upkeep
|
|t:|1667475148
|switch|p1a: Weavile|Weavile, M|51/100
|-ability|p1a: Weavile|Pressure
|turn|53
|
|t:|1667475172
|switch|p2a: Tornadus|Tornadus-Therian, M|100/100
|move|p1a: Weavile|Triple Axel|p2a: Tornadus|[miss]
|-miss|p1a: Weavile|p2a: Tornadus
|
|upkeep
|turn|54
|c|☆K hamza|So much bad rng mate
|
|t:|1667475188
|move|p1a: Weavile|Triple Axel|p2a: Tornadus
|-supereffective|p2a: Tornadus
|-crit|p2a: Tornadus
|-damage|p2a: Tornadus|59/100
|-supereffective|p2a: Tornadus
|-damage|p2a: Tornadus|4/100
|-supereffective|p2a: Tornadus
|-damage|p2a: Tornadus|0 fnt
|faint|p2a: Tornadus
|-hitcount|p2: Tornadus|3
|-damage|p1a: Weavile|41/100|[from] item: Life Orb
|
|upkeep
|
|t:|1667475195
|switch|p2a: Clefable|Clefable, M|100/100
|turn|55
|
|t:|1667475201
|switch|p1a: Toxapex|Toxapex, F|100/100 brn
|switch|p2a: Jellicent|Jellicent, M|30/100
|
|-damage|p1a: Toxapex|94/100 brn|[from] brn
|upkeep
|turn|56
|
|t:|1667475211
|move|p1a: Toxapex|Baneful Bunker|p1a: Toxapex
|-singleturn|p1a: Toxapex|move: Protect
|move|p2a: Jellicent|Strength Sap|p1a: Toxapex
|-activate|p1a: Toxapex|move: Protect
|
|-heal|p1a: Toxapex|100/100 brn|[from] item: Black Sludge
|-damage|p1a: Toxapex|94/100 brn|[from] brn
|upkeep
|turn|57
|inactive|K hamza has 120 seconds left.
|
|t:|1667475249
|switch|p1a: Latios|Latios, M|22/100
|move|p2a: Jellicent|Strength Sap|p1a: Latios
|-unboost|p1a: Latios|atk|1
|-heal|p2a: Jellicent|79/100
|
|upkeep
|turn|58
|inactive|K hamza has 120 seconds left.
|
|t:|1667475258
|switch|p2a: Hippowdon|Hippowdon, F|94/100 brn
|-weather|Sandstorm|[from] ability: Sand Stream|[of] p2a: Hippowdon
|move|p1a: Latios|Psychic|p2a: Hippowdon
|-damage|p2a: Hippowdon|62/100 brn
|
|-weather|Sandstorm|[upkeep]
|-damage|p1a: Latios|16/100|[from] Sandstorm
|-heal|p2a: Hippowdon|68/100 brn|[from] item: Leftovers
|-damage|p2a: Hippowdon|62/100 brn|[from] brn
|upkeep
|turn|59
|inactive|K hamza has 120 seconds left.
|
|t:|1667475273
|move|p1a: Latios|Psychic|p2a: Hippowdon
|-damage|p2a: Hippowdon|27/100 brn
|move|p2a: Hippowdon|Stealth Rock|p1a: Latios
|-sidestart|p1: K hamza|move: Stealth Rock
|
|-weather|Sandstorm|[upkeep]
|-damage|p1a: Latios|10/100|[from] Sandstorm
|-heal|p2a: Hippowdon|33/100 brn|[from] item: Leftovers
|-damage|p2a: Hippowdon|27/100 brn|[from] brn
|upkeep
|turn|60
|inactive|K hamza has 120 seconds left.
|
|t:|1667475299
|switch|p2a: Clefable|Clefable, M|100/100
|move|p1a: Latios|Psychic|p2a: Clefable
|-damage|p2a: Clefable|57/100
|
|-weather|Sandstorm|[upkeep]
|-damage|p1a: Latios|4/100|[from] Sandstorm
|-damage|p2a: Clefable|51/100|[from] Sandstorm
|upkeep
|turn|61
|
|t:|1667475308
|move|p1a: Latios|Psychic|p2a: Clefable
|-damage|p2a: Clefable|9/100
|move|p2a: Clefable|Soft-Boiled|p2a: Clefable
|-heal|p2a: Clefable|59/100
|
|-weather|Sandstorm|[upkeep]
|-damage|p1a: Latios|0 fnt|[from] Sandstorm
|-damage|p2a: Clefable|53/100|[from] Sandstorm
|faint|p1a: Latios
|upkeep
|
|t:|1667475318
|switch|p1a: Weavile|Weavile, M|41/100
|-damage|p1a: Weavile|16/100|[from] Stealth Rock
|-ability|p1a: Weavile|Pressure
|turn|62
|
|t:|1667475324
|switch|p2a: Jellicent|Jellicent, M|79/100
|move|p1a: Weavile|Triple Axel|p2a: Jellicent|[miss]
|-miss|p1a: Weavile|p2a: Jellicent
|
|-weather|none
|upkeep
|turn|63
|
|t:|1667475334
|switch|p2a: Hippowdon|Hippowdon, F|27/100 brn
|-weather|Sandstorm|[from] ability: Sand Stream|[of] p2a: Hippowdon
|move|p1a: Weavile|Knock Off|p2a: Hippowdon
|-damage|p2a: Hippowdon|0 fnt
|-enditem|p2a: Hippowdon|Leftovers|[from] move: Knock Off|[of] p1a: Weavile
|faint|p2a: Hippowdon
|-damage|p1a: Weavile|6/100|[from] item: Life Orb
|
|-weather|Sandstorm|[upkeep]
|-damage|p1a: Weavile|0 fnt|[from] Sandstorm
|faint|p1a: Weavile
|upkeep
|c|☆Stellar Flares|gg
|
|t:|1667475347
|switch|p1a: Volcarona|Volcarona, F|45/100
|switch|p2a: Clefable|Clefable, M|53/100
|turn|64
|c|☆K hamza|I was doomed this fight
|inactive|K hamza has 120 seconds left.
|c|☆K hamza|I really played my best
|c|☆K hamza|You also played well you made no mistake
|
|t:|1667475382
|move|p1a: Volcarona|Fiery Dance|p2a: Clefable
|-damage|p2a: Clefable|12/100
|-boost|p1a: Volcarona|spa|1
|move|p2a: Clefable|Soft-Boiled|p2a: Clefable
|-heal|p2a: Clefable|62/100
|
|-weather|Sandstorm|[upkeep]
|-damage|p1a: Volcarona|39/100|[from] Sandstorm
|-damage|p2a: Clefable|56/100|[from] Sandstorm
|upkeep
|turn|65
|
|t:|1667475395
|move|p1a: Volcarona|Fiery Dance|p2a: Clefable
|-damage|p2a: Clefable|18/100
|-boost|p1a: Volcarona|spa|1
|move|p2a: Clefable|Soft-Boiled|p2a: Clefable
|-heal|p2a: Clefable|68/100
|
|-weather|Sandstorm|[upkeep]
|-damage|p1a: Volcarona|33/100|[from] Sandstorm
|-damage|p2a: Clefable|62/100|[from] Sandstorm
|upkeep
|turn|66
|
|t:|1667475407
|move|p1a: Volcarona|Fiery Dance|p2a: Clefable
|-crit|p2a: Clefable
|-damage|p2a: Clefable|0 fnt
|faint|p2a: Clefable
|
|-weather|Sandstorm|[upkeep]
|-damage|p1a: Volcarona|27/100|[from] Sandstorm
|upkeep
|
|t:|1667475410
|switch|p2a: Jellicent|Jellicent, M|79/100
|turn|67
|c|☆Stellar Flares|gg
|c|☆K hamza|Oh snap
|
|t:|1667475419
|move|p1a: Volcarona|Giga Drain|p2a: Jellicent
|-supereffective|p2a: Jellicent
|-damage|p2a: Jellicent|0 fnt
|-heal|p1a: Volcarona|70/100|[from] drain|[of] p2a: Jellicent
|faint|p2a: Jellicent
|
|win|K hamza
|raw|K hamza's rating: 1465 &rarr; <strong>1489</strong><br />(+24 for winning)
|raw|Stellar Flares's rating: 1540 &rarr; <strong>1516</strong><br />(-24 for losing)
|l|☆Stellar Flares
|c|☆K hamza|Hollyvshit
