|j|☆BeastyJ157
|j|☆SetsuStsna
|inactive|Battle timer is ON: inactive players will automatically lose when time's up.
|t:|1642967497
|gametype|singles
|player|p1|BeastyJ157|greta-gen3|
|player|p2|SetsuStsna|dawn-gen4pt|
|teamsize|p1|6
|teamsize|p2|6
|gen|8
|tier|[Gen 8] OU
|rated|Tournament battle
|rule|Sleep Clause Mod: Limit one foe put to sleep
|rule|Species Clause: Limit one of each Pokémon
|rule|OHKO Clause: OHKO moves are banned
|rule|Evasion Moves Clause: Evasion moves are banned
|rule|Endless Battle Clause: Forcing endless battles is banned
|rule|HP Percentage Mod: HP is shown in percentages
|rule|Dynamax Clause: You cannot dynamax
|clearpoke
|poke|p1|Incineroar, F|
|poke|p1|Kartana|
|poke|p1|Tapu Lele|
|poke|p1|Palossand, F|
|poke|p1|Tornadus-Therian, M|
|poke|p1|Zeraora|
|poke|p2|Nihilego|
|poke|p2|Kartana|
|poke|p2|Mew|
|poke|p2|Latios, M|
|poke|p2|Blaziken, M|
|poke|p2|Magnezone|
|teampreview
|inactive|BeastyJ157 also wants the timer to be on.
|c|☆SetsuStsna|hf
|j|@iron☂water ♫
|c|☆BeastyJ157|u2
|
|t:|1642967525
|start
|switch|p1a: Palossand|Palossand, F|100/100
|switch|p2a: Latios|Latios, M|100/100
|turn|1
|c|☆BeastyJ157|dont question the incineroar pallo sand
|
|t:|1642967540
|move|p2a: Latios|Light Screen|p2a: Latios
|-sidestart|p2: SetsuStsna|move: Light Screen
|move|p1a: Palossand|Stealth Rock|p2a: Latios
|-sidestart|p2: SetsuStsna|move: Stealth Rock
|
|upkeep
|turn|2
|
|t:|1642967556
|switch|p2a: Blaziken|Blaziken, M|100/100
|-damage|p2a: Blaziken|88/100|[from] Stealth Rock
|switch|p1a: Incineroar|Incineroar, F|100/100
|-ability|p1a: Incineroar|Intimidate|boost
|-unboost|p2a: Blaziken|atk|1
|
|upkeep
|turn|3
|
|t:|1642967562
|move|p2a: Blaziken|Swords Dance|p2a: Blaziken
|-boost|p2a: Blaziken|atk|2
|move|p1a: Incineroar|Parting Shot|p2a: Blaziken
|-unboost|p2a: Blaziken|atk|1
|-unboost|p2a: Blaziken|spa|1
|j| Ch_o's~e T-r!u)c
|l| Ch_o's~e T-r!u)c
|
|t:|1642967576
|switch|p1a: Tapu Lele|Tapu Lele|100/100|[from]move: Parting Shot
|-fieldstart|move: Psychic Terrain|[from] ability: Psychic Surge|[of] p1a: Tapu Lele
|
|-ability|p2a: Blaziken|Speed Boost|boost
|-boost|p2a: Blaziken|spe|1
|upkeep
|turn|4
|
|t:|1642967583
|move|p2a: Blaziken|Flare Blitz|p1a: Tapu Lele
|-damage|p1a: Tapu Lele|0 fnt
|faint|p1a: Tapu Lele
|-damage|p2a: Blaziken|57/100|[from] Recoil
|-damage|p2a: Blaziken|47/100|[from] item: Life Orb
|
|-ability|p2a: Blaziken|Speed Boost|boost
|-boost|p2a: Blaziken|spe|1
|upkeep
|c|☆BeastyJ157|dang underestimated blazikens strength
|
|t:|1642967599
|switch|p1a: Zeraora|Zeraora|100/100
|turn|5
|inactive|BeastyJ157 has 120 seconds left.
|
|t:|1642967614
|move|p2a: Blaziken|Close Combat|p1a: Zeraora
|-damage|p1a: Zeraora|0 fnt
|-unboost|p2a: Blaziken|def|1
|-unboost|p2a: Blaziken|spd|1
|faint|p1a: Zeraora
|-damage|p2a: Blaziken|37/100|[from] item: Life Orb
|
|-ability|p2a: Blaziken|Speed Boost|boost
|-boost|p2a: Blaziken|spe|1
|upkeep
|inactive|BeastyJ157 has 120 seconds left.
|c|☆BeastyJ157|erm
|
|t:|1642967629
|switch|p1a: Incineroar|Incineroar, F|100/100
|-ability|p1a: Incineroar|Intimidate|boost
|-unboost|p2a: Blaziken|atk|1
|turn|6
|
|t:|1642967634
|move|p2a: Blaziken|Close Combat|p1a: Incineroar
|-supereffective|p1a: Incineroar
|-damage|p1a: Incineroar|0 fnt
|-unboost|p2a: Blaziken|def|1
|-unboost|p2a: Blaziken|spd|1
|faint|p1a: Incineroar
|-damage|p2a: Blaziken|27/100|[from] item: Life Orb
|
|-ability|p2a: Blaziken|Speed Boost|boost
|-boost|p2a: Blaziken|spe|1
|upkeep
|inactive|BeastyJ157 has 120 seconds left.
|c|☆BeastyJ157|gg
|-message|BeastyJ157 forfeited.
|
|win|SetsuStsna
|n|☆BeastyJ157|beastyj157
|n|☆SetsuStsna|setsustsna
|n|+iron☂water ♫|ironwater
