|j|☆afk until tilt
|j|☆Arnaud senju vgc
|player|p1|afk until tilt|266|1981
|player|p2|Arnaud senju vgc|juggler|1894
|teamsize|p1|6
|teamsize|p2|6
|gametype|singles
|gen|8
|tier|[Gen 8] OU
|rated|
|clearpoke
|poke|p1|Zeraora|
|poke|p1|Amoonguss, F|
|poke|p1|Clefable, F|
|poke|p1|Urshifu-*, F|
|poke|p1|Excadrill, F|
|poke|p1|Mantine, F|
|poke|p2|Ribombee, M|
|poke|p2|Togekiss, M|
|poke|p2|Excadrill, M|
|poke|p2|Cloyster, F|
|poke|p2|Urshifu-*, M|
|poke|p2|Magearna|
|rule|Sleep Clause Mod: Limit one foe put to sleep
|rule|Species Clause: Limit one of each Pokémon
|rule|OHKO Clause: OHKO moves are banned
|rule|Evasion Moves Clause: Evasion moves are banned
|rule|Endless Battle Clause: Forcing endless battles is banned
|rule|HP Percentage Mod: HP is shown in percentages
|rule|Dynamax Clause: You cannot dynamax
|teampreview
|j| Coronavirus EUW
|
|start
|switch|p1a: Amoonguss|Amoonguss, F|100/100
|switch|p2a: Ribombee|Ribombee, M|100/100
|turn|1
|inactive|Battle timer is ON: inactive players will automatically lose when time's up. (requested by Arnaud senju vgc)
|
|move|p2a: Ribombee|Sticky Web|p1a: Amoonguss
|-sidestart|p1: afk until tilt|move: Sticky Web
|move|p1a: Amoonguss|Sludge Bomb|p2a: Ribombee
|-supereffective|p2a: Ribombee
|-damage|p2a: Ribombee|9/100
|
|upkeep
|turn|2
|j| Broduen
|j| fojnds
|
|switch|p2a: Excadrill|Excadrill, M|100/100
|-ability|p2a: Excadrill|Mold Breaker
|move|p1a: Amoonguss|Giga Drain|p2a: Excadrill
|-damage|p2a: Excadrill|71/100
|
|upkeep
|turn|3
|j| OilyBootySpex
|
|move|p2a: Excadrill|Iron Head|p1a: Amoonguss
|-damage|p1a: Amoonguss|72/100
|-damage|p2a: Excadrill|54/100|[from] item: Rocky Helmet|[of] p1a: Amoonguss
|move|p1a: Amoonguss|Foul Play|p2a: Excadrill
|-damage|p2a: Excadrill|3/100
|
|upkeep
|turn|4
|
|move|p2a: Excadrill|Earthquake|p1a: Amoonguss
|-damage|p1a: Amoonguss|35/100
|move|p1a: Amoonguss|Giga Drain|p2a: Excadrill
|-damage|p2a: Excadrill|0 fnt
|-heal|p1a: Amoonguss|36/100|[from] drain|[of] p2a: Excadrill
|faint|p2a: Excadrill
|
|upkeep
|
|switch|p2a: Togekiss|Togekiss, M|100/100
|turn|5
|
|switch|p1a: Zeraora|Zeraora|100/100
|-activate|p1a: Zeraora|move: Sticky Web
|-unboost|p1a: Zeraora|spe|1
|move|p2a: Togekiss|Substitute|p2a: Togekiss
|-start|p2a: Togekiss|Substitute
|-damage|p2a: Togekiss|75/100
|
|-heal|p2a: Togekiss|82/100|[from] item: Leftovers
|upkeep
|turn|6
|
|move|p2a: Togekiss|Nasty Plot|p2a: Togekiss
|-boost|p2a: Togekiss|spa|2
|move|p1a: Zeraora|Volt Switch|p2a: Togekiss
|-supereffective|p2a: Togekiss
|-end|p2a: Togekiss|Substitute
|
|switch|p1a: Clefable|Clefable, F|100/100|[from]move: Volt Switch
|-activate|p1a: Clefable|move: Sticky Web
|-unboost|p1a: Clefable|spe|1
|
|-heal|p2a: Togekiss|88/100|[from] item: Leftovers
|upkeep
|turn|7
|
|move|p2a: Togekiss|Air Slash|p1a: Clefable
|-damage|p1a: Clefable|70/100
|move|p1a: Clefable|Moonblast|p2a: Togekiss
|-crit|p2a: Togekiss
|-damage|p2a: Togekiss|49/100
|
|-heal|p2a: Togekiss|55/100|[from] item: Leftovers
|-heal|p1a: Clefable|76/100|[from] item: Leftovers
|upkeep
|turn|8
|j| Percquake
|
|switch|p1a: Mantine|Mantine, F|100/100
|move|p2a: Togekiss|Air Slash|p1a: Mantine
|-damage|p1a: Mantine|52/100
|
|-heal|p2a: Togekiss|61/100|[from] item: Leftovers
|upkeep
|turn|9
|
|move|p2a: Togekiss|Air Slash|p1a: Mantine
|-damage|p1a: Mantine|2/100
|cant|p1a: Mantine|flinch
|
|-heal|p2a: Togekiss|67/100|[from] item: Leftovers
|upkeep
|turn|10
|
|move|p2a: Togekiss|Flamethrower|p1a: Mantine
|-resisted|p1a: Mantine
|-damage|p1a: Mantine|0 fnt
|faint|p1a: Mantine
|
|-heal|p2a: Togekiss|74/100|[from] item: Leftovers
|upkeep
|
|switch|p1a: Zeraora|Zeraora|100/100
|-activate|p1a: Zeraora|move: Sticky Web
|-unboost|p1a: Zeraora|spe|1
|turn|11
|
|move|p2a: Togekiss|Air Slash|p1a: Zeraora
|-resisted|p1a: Zeraora
|-damage|p1a: Zeraora|52/100
|cant|p1a: Zeraora|flinch
|
|-heal|p2a: Togekiss|80/100|[from] item: Leftovers
|upkeep
|turn|12
|
|move|p2a: Togekiss|Flamethrower|p1a: Zeraora
|-damage|p1a: Zeraora|0 fnt
|faint|p1a: Zeraora
|
|-heal|p2a: Togekiss|86/100|[from] item: Leftovers
|upkeep
|j| Gussy
|-message|afk until tilt forfeited.
|
|win|Arnaud senju vgc
|l|☆afk until tilt
|c| OilyBootySpex|wow
|l| OilyBootySpex
||Ladder (probably) updated, but score could not be retrieved (Request timeout).
