|j|☆yoyaga
|j|☆I'm Arnaud
|t:|1656421677
|gametype|singles
|player|p1|yoyaga|170|1527
|player|p2|I'm Arnaud|chase|1723
|teamsize|p1|6
|teamsize|p2|6
|gen|8
|tier|[Gen 8] OU
|rated|
|rule|Sleep Clause Mod: Limit one foe put to sleep
|rule|Species Clause: Limit one of each Pokémon
|rule|OHKO Clause: OHKO moves are banned
|rule|Evasion Moves Clause: Evasion moves are banned
|rule|Endless Battle Clause: Forcing endless battles is banned
|rule|HP Percentage Mod: HP is shown in percentages
|rule|Dynamax Clause: You cannot dynamax
|clearpoke
|poke|p1|Clefable, M|
|poke|p1|Toxapex, F|
|poke|p1|Landorus-Therian, M|
|poke|p1|Ferrothorn, M|
|poke|p1|Reuniclus, F|
|poke|p1|Tornadus-Therian, M|
|poke|p2|Landorus-Therian, M|
|poke|p2|Tapu Koko|
|poke|p2|Decidueye, M|
|poke|p2|Slowbro, M|
|poke|p2|Corviknight, M|
|poke|p2|Tyranitar, M|
|teampreview
|inactive|Battle timer is ON: inactive players will automatically lose when time's up. (requested by I'm Arnaud)
|
|t:|1656421690
|start
|switch|p1a: Toxapex|Toxapex, F|100/100
|switch|p2a: Landorus|Landorus-Therian, M|100/100
|-ability|p2a: Landorus|Intimidate|boost
|-unboost|p1a: Toxapex|atk|1
|turn|1
|
|t:|1656421692
|move|p2a: Landorus|Earthquake|p1a: Toxapex
|-supereffective|p1a: Toxapex
|-damage|p1a: Toxapex|35/100
|move|p1a: Toxapex|Toxic Spikes|p2a: Landorus
|-sidestart|p2: I'm Arnaud|move: Toxic Spikes
|
|upkeep
|turn|2
|
|t:|1656421700
|switch|p1a: Tornadus|Tornadus-Therian, M|100/100
|move|p2a: Landorus|Stealth Rock|p1a: Tornadus
|-sidestart|p1: yoyaga|move: Stealth Rock
|
|upkeep
|turn|3
|
|t:|1656421709
|move|p1a: Tornadus|Toxic|p2a: Landorus|[miss]
|-miss|p1a: Tornadus|p2a: Landorus
|move|p2a: Landorus|Toxic|p1a: Tornadus
|-status|p1a: Tornadus|tox
|
|-damage|p1a: Tornadus|94/100 tox|[from] psn
|upkeep
|turn|4
|
|t:|1656421713
|switch|p2a: Corviknight|Corviknight, M|100/100
|-ability|p2a: Corviknight|Pressure
|move|p1a: Tornadus|Knock Off|p2a: Corviknight
|-damage|p2a: Corviknight|88/100
|-enditem|p2a: Corviknight|Heavy-Duty Boots|[from] move: Knock Off|[of] p1a: Tornadus
|
|-damage|p1a: Tornadus|82/100 tox|[from] psn
|upkeep
|turn|5
|
|t:|1656421720
|move|p1a: Tornadus|Heat Wave|p2a: Corviknight|[miss]
|-miss|p1a: Tornadus|p2a: Corviknight
|move|p2a: Corviknight|Defog|p1a: Tornadus
|-unboost|p1a: Tornadus|evasion|1
|-sideend|p1: yoyaga|Stealth Rock|[from] move: Defog|[of] p2a: Corviknight
|-sideend|p2: I'm Arnaud|Toxic Spikes|[from] move: Defog|[of] p2a: Corviknight
|
|-damage|p1a: Tornadus|64/100 tox|[from] psn
|upkeep
|turn|6
|
|t:|1656421737
|switch|p1a: Ferrothorn|Ferrothorn, M|100/100
|move|p2a: Corviknight|U-turn|p1a: Ferrothorn
|-damage|p1a: Ferrothorn|89/100
|-damage|p2a: Corviknight|75/100|[from] ability: Iron Barbs|[of] p1a: Ferrothorn
|
|t:|1656421739
|switch|p2a: Tyranitar|Tyranitar, M|100/100|[from]move: U-turn
|-weather|Sandstorm|[from] ability: Sand Stream|[of] p2a: Tyranitar
|
|-weather|Sandstorm|[upkeep]
|-heal|p1a: Ferrothorn|95/100|[from] item: Leftovers
|upkeep
|turn|7
|
|t:|1656421751
|switch|p1a: Clefable|Clefable, M|100/100
|move|p2a: Tyranitar|Crunch|p1a: Clefable
|-resisted|p1a: Clefable
|-damage|p1a: Clefable|58/100
|
|-weather|Sandstorm|[upkeep]
|upkeep
|turn|8
|
|t:|1656421763
|switch|p2a: Landorus|Landorus-Therian, M|100/100
|-ability|p2a: Landorus|Intimidate|boost
|-unboost|p1a: Clefable|atk|1
|move|p1a: Clefable|Soft-Boiled|p1a: Clefable
|-heal|p1a: Clefable|100/100
|
|-weather|Sandstorm|[upkeep]
|upkeep
|turn|9
|
|t:|1656421766
|move|p2a: Landorus|Earthquake|p1a: Clefable
|-damage|p1a: Clefable|48/100
|move|p1a: Clefable|Moonblast|p2a: Landorus
|-damage|p2a: Landorus|57/100
|
|-weather|Sandstorm|[upkeep]
|-heal|p2a: Landorus|63/100|[from] item: Leftovers
|upkeep
|turn|10
|
|t:|1656421778
|switch|p1a: Landorus|Landorus-Therian, M|100/100
|-ability|p1a: Landorus|Intimidate|boost
|-unboost|p2a: Landorus|atk|1
|move|p2a: Landorus|Earthquake|p1a: Landorus
|-immune|p1a: Landorus
|
|-weather|none
|-heal|p2a: Landorus|69/100|[from] item: Leftovers
|upkeep
|turn|11
|
|t:|1656421791
|move|p1a: Landorus|Stealth Rock|p2a: Landorus
|-sidestart|p2: I'm Arnaud|move: Stealth Rock
|move|p2a: Landorus|Stealth Rock|p1a: Landorus
|-sidestart|p1: yoyaga|move: Stealth Rock
|
|-heal|p2a: Landorus|75/100|[from] item: Leftovers
|upkeep
|turn|12
|
|t:|1656421795
|move|p1a: Landorus|U-turn|p2a: Landorus
|-resisted|p2a: Landorus
|-damage|p2a: Landorus|64/100
|
|t:|1656421797
|switch|p1a: Tornadus|Tornadus-Therian, M|97/100 tox|[from]move: U-turn
|move|p2a: Landorus|U-turn|p1a: Tornadus
|-resisted|p1a: Tornadus
|-damage|p1a: Tornadus|90/100 tox
|
|t:|1656421803
|switch|p2a: Tyranitar|Tyranitar, M|100/100|[from]move: U-turn
|-damage|p2a: Tyranitar|88/100|[from] Stealth Rock
|-weather|Sandstorm|[from] ability: Sand Stream|[of] p2a: Tyranitar
|
|-weather|Sandstorm|[upkeep]
|-damage|p1a: Tornadus|84/100 tox|[from] Sandstorm
|-damage|p1a: Tornadus|78/100 tox|[from] psn
|upkeep
|turn|13
|
|t:|1656421809
|switch|p1a: Ferrothorn|Ferrothorn, M|95/100
|-damage|p1a: Ferrothorn|89/100|[from] Stealth Rock
|move|p2a: Tyranitar|Crunch|p1a: Ferrothorn
|-damage|p1a: Ferrothorn|31/100
|-unboost|p1a: Ferrothorn|def|1
|-damage|p2a: Tyranitar|76/100|[from] ability: Iron Barbs|[of] p1a: Ferrothorn
|
|-weather|Sandstorm|[upkeep]
|-heal|p1a: Ferrothorn|37/100|[from] item: Leftovers
|upkeep
|turn|14
|
|t:|1656421818
|switch|p1a: Landorus|Landorus-Therian, M|100/100
|-damage|p1a: Landorus|88/100|[from] Stealth Rock
|-ability|p1a: Landorus|Intimidate|boost
|-unboost|p2a: Tyranitar|atk|1
|move|p2a: Tyranitar|Crunch|p1a: Landorus
|-damage|p1a: Landorus|49/100
|-unboost|p1a: Landorus|def|1
|
|-weather|Sandstorm|[upkeep]
|-heal|p1a: Landorus|55/100|[from] item: Leftovers
|upkeep
|turn|15
|
|t:|1656421823
|switch|p2a: Slowbro|Slowbro, M|100/100
|move|p1a: Landorus|U-turn|p2a: Slowbro
|-supereffective|p2a: Slowbro
|-damage|p2a: Slowbro|75/100
|
|t:|1656421830
|switch|p1a: Clefable|Clefable, M|48/100|[from]move: U-turn
|
|-weather|Sandstorm|[upkeep]
|-damage|p2a: Slowbro|69/100|[from] Sandstorm
|upkeep
|turn|16
|
|t:|1656421832
|move|p1a: Clefable|Soft-Boiled|p1a: Clefable
|-heal|p1a: Clefable|98/100
|move|p2a: Slowbro|Teleport|p2a: Slowbro
|
|t:|1656421835
|switch|p2a: Decidueye|Decidueye, M|100/100|[from]move: Teleport
|-damage|p2a: Decidueye|88/100|[from] Stealth Rock
|
|-weather|none
|upkeep
|turn|17
|
|t:|1656421841
|move|p2a: Decidueye|Poltergeist|p1a: Clefable
|-activate|p1a: Clefable|move: Poltergeist|Life Orb
|-damage|p1a: Clefable|0 fnt
|faint|p1a: Clefable
|
|upkeep
|
|t:|1656421856
|switch|p1a: Tornadus|Tornadus-Therian, M|100/100 tox
|turn|18
|
|t:|1656421865
|switch|p2a: Landorus|Landorus-Therian, M|64/100
|-damage|p2a: Landorus|51/100|[from] Stealth Rock
|-ability|p2a: Landorus|Intimidate|boost
|-unboost|p1a: Tornadus|atk|1
|move|p1a: Tornadus|Knock Off|p2a: Landorus
|-damage|p2a: Landorus|39/100
|-enditem|p2a: Landorus|Leftovers|[from] move: Knock Off|[of] p1a: Tornadus
|
|-damage|p1a: Tornadus|94/100 tox|[from] psn
|upkeep
|turn|19
|
|t:|1656421873
|move|p1a: Tornadus|Toxic|p2a: Landorus
|-status|p2a: Landorus|tox
|move|p2a: Landorus|U-turn|p1a: Tornadus
|-resisted|p1a: Tornadus
|-damage|p1a: Tornadus|84/100 tox
|
|t:|1656421879
|switch|p2a: Tyranitar|Tyranitar, M|76/100|[from]move: U-turn
|-damage|p2a: Tyranitar|63/100|[from] Stealth Rock
|-weather|Sandstorm|[from] ability: Sand Stream|[of] p2a: Tyranitar
|
|-weather|Sandstorm|[upkeep]
|-damage|p1a: Tornadus|78/100 tox|[from] Sandstorm
|-damage|p1a: Tornadus|66/100 tox|[from] psn
|upkeep
|turn|20
|
|t:|1656421882
|move|p1a: Tornadus|Knock Off|p2a: Tyranitar
|-resisted|p2a: Tyranitar
|-damage|p2a: Tyranitar|58/100
|-enditem|p2a: Tyranitar|Choice Band|[from] move: Knock Off|[of] p1a: Tornadus
|move|p2a: Tyranitar|Crunch|p1a: Tornadus
|-damage|p1a: Tornadus|19/100 tox
|-unboost|p1a: Tornadus|def|1
|
|-weather|Sandstorm|[upkeep]
|-damage|p1a: Tornadus|13/100 tox|[from] Sandstorm
|-damage|p1a: Tornadus|0 fnt|[from] psn
|faint|p1a: Tornadus
|upkeep
|
|t:|1656421887
|switch|p1a: Landorus|Landorus-Therian, M|55/100
|-damage|p1a: Landorus|43/100|[from] Stealth Rock
|-ability|p1a: Landorus|Intimidate|boost
|-unboost|p2a: Tyranitar|atk|1
|turn|21
|
|t:|1656421894
|switch|p2a: Landorus|Landorus-Therian, M|39/100 tox
|-damage|p2a: Landorus|27/100 tox|[from] Stealth Rock
|-ability|p2a: Landorus|Intimidate|boost
|-unboost|p1a: Landorus|atk|1
|move|p1a: Landorus|U-turn|p2a: Landorus
|-resisted|p2a: Landorus
|-damage|p2a: Landorus|19/100 tox
|
|t:|1656421908
|switch|p1a: Toxapex|Toxapex, F|69/100|[from]move: U-turn
|-damage|p1a: Toxapex|56/100|[from] Stealth Rock
|
|-weather|Sandstorm|[upkeep]
|-damage|p1a: Toxapex|50/100|[from] Sandstorm
|-damage|p2a: Landorus|13/100 tox|[from] psn
|upkeep
|turn|22
|
|t:|1656421921
|move|p2a: Landorus|U-turn|p1a: Toxapex
|-resisted|p1a: Toxapex
|-damage|p1a: Toxapex|42/100
|
|t:|1656421925
|switch|p2a: Slowbro|Slowbro, M|100/100|[from]move: U-turn
|move|p1a: Toxapex|Toxic Spikes|p2a: Slowbro
|-sidestart|p2: I'm Arnaud|move: Toxic Spikes
|
|-weather|Sandstorm|[upkeep]
|-damage|p2a: Slowbro|94/100|[from] Sandstorm
|-damage|p1a: Toxapex|36/100|[from] Sandstorm
|upkeep
|turn|23
|
|t:|1656421928
|move|p2a: Slowbro|Future Sight|p1a: Toxapex
|-start|p2a: Slowbro|move: Future Sight
|move|p1a: Toxapex|Knock Off|p2a: Slowbro
|-supereffective|p2a: Slowbro
|-damage|p2a: Slowbro|77/100
|-enditem|p2a: Slowbro|Heavy-Duty Boots|[from] move: Knock Off|[of] p1a: Toxapex
|
|-weather|none
|upkeep
|turn|24
|
|t:|1656421933
|switch|p1a: Ferrothorn|Ferrothorn, M|37/100
|-damage|p1a: Ferrothorn|31/100|[from] Stealth Rock
|move|p2a: Slowbro|Teleport|p2a: Slowbro
|
|t:|1656421936
|switch|p2a: Corviknight|Corviknight, M|75/100|[from]move: Teleport
|-damage|p2a: Corviknight|63/100|[from] Stealth Rock
|-ability|p2a: Corviknight|Pressure
|
|-heal|p1a: Ferrothorn|37/100|[from] item: Leftovers
|upkeep
|turn|25
|
|t:|1656421941
|move|p2a: Corviknight|Brave Bird|p1a: Ferrothorn
|-damage|p1a: Ferrothorn|7/100
|-damage|p2a: Corviknight|50/100|[from] ability: Iron Barbs|[of] p1a: Ferrothorn
|-damage|p2a: Corviknight|42/100|[from] Recoil
|move|p1a: Ferrothorn|Leech Seed|p2a: Corviknight
|-start|p2a: Corviknight|move: Leech Seed
|
|-end|p1a: Ferrothorn|move: Future Sight
|-resisted|p1a: Ferrothorn
|-damage|p1a: Ferrothorn|0 fnt
|faint|p1a: Ferrothorn
|upkeep
|
|t:|1656421958
|switch|p1a: Reuniclus|Reuniclus, F|100/100
|turn|26
|
|t:|1656421964
|move|p2a: Corviknight|U-turn|p1a: Reuniclus
|-supereffective|p1a: Reuniclus
|-damage|p1a: Reuniclus|77/100
|
|t:|1656421967
|switch|p2a: Tyranitar|Tyranitar, M|58/100|[from]move: U-turn
|-damage|p2a: Tyranitar|46/100|[from] Stealth Rock
|-status|p2a: Tyranitar|psn
|-weather|Sandstorm|[from] ability: Sand Stream|[of] p2a: Tyranitar
|move|p1a: Reuniclus|Calm Mind|p1a: Reuniclus
|-boost|p1a: Reuniclus|spa|1
|-boost|p1a: Reuniclus|spd|1
|
|-weather|Sandstorm|[upkeep]
|-damage|p2a: Tyranitar|33/100 psn|[from] psn
|upkeep
|turn|27
|c|☆yoyaga|i feel like i missed two move and lost due to it
|
|t:|1656421993
|move|p2a: Tyranitar|Crunch|p1a: Reuniclus
|-supereffective|p1a: Reuniclus
|-enditem|p1a: Reuniclus|Colbur Berry|[eat]
|-enditem|p1a: Reuniclus|Colbur Berry|[weaken]
|-damage|p1a: Reuniclus|40/100
|move|p1a: Reuniclus|Focus Blast|p2a: Tyranitar
|-supereffective|p2a: Tyranitar
|-crit|p2a: Tyranitar
|-damage|p2a: Tyranitar|0 fnt
|faint|p2a: Tyranitar
|
|-weather|Sandstorm|[upkeep]
|upkeep
|
|t:|1656422008
|switch|p2a: Corviknight|Corviknight, M|42/100
|-damage|p2a: Corviknight|29/100|[from] Stealth Rock
|-ability|p2a: Corviknight|Pressure
|turn|28
|c|☆yoyaga|but must admit that you played well
|
|t:|1656422022
|move|p2a: Corviknight|Defog|p1a: Reuniclus
|-unboost|p1a: Reuniclus|evasion|1
|-sideend|p1: yoyaga|Stealth Rock|[from] move: Defog|[of] p2a: Corviknight
|-sideend|p2: I'm Arnaud|Toxic Spikes|[from] move: Defog|[of] p2a: Corviknight
|-sideend|p2: I'm Arnaud|Stealth Rock|[from] move: Defog|[of] p2a: Corviknight
|move|p1a: Reuniclus|Recover|p1a: Reuniclus
|-heal|p1a: Reuniclus|90/100
|
|-weather|Sandstorm|[upkeep]
|upkeep
|turn|29
|
|t:|1656422031
|move|p2a: Corviknight|Brave Bird|p1a: Reuniclus
|-damage|p1a: Reuniclus|61/100
|-damage|p2a: Corviknight|19/100|[from] Recoil
|move|p1a: Reuniclus|Calm Mind|p1a: Reuniclus
|-boost|p1a: Reuniclus|spa|1
|-boost|p1a: Reuniclus|spd|1
|
|-weather|Sandstorm|[upkeep]
|upkeep
|turn|30
|
|t:|1656422034
|move|p2a: Corviknight|Brave Bird|p1a: Reuniclus
|-damage|p1a: Reuniclus|32/100
|-damage|p2a: Corviknight|9/100|[from] Recoil
|move|p1a: Reuniclus|Recover|p1a: Reuniclus
|-heal|p1a: Reuniclus|82/100
|
|-weather|none
|upkeep
|turn|31
|
|t:|1656422037
|move|p2a: Corviknight|Brave Bird|p1a: Reuniclus
|-damage|p1a: Reuniclus|54/100
|-damage|p2a: Corviknight|0 fnt|[from] Recoil
|faint|p2a: Corviknight
|move|p1a: Reuniclus|Recover|p1a: Reuniclus
|-heal|p1a: Reuniclus|100/100
|
|upkeep
|
|t:|1656422039
|switch|p2a: Decidueye|Decidueye, M|88/100
|turn|32
|
|t:|1656422041
|move|p2a: Decidueye|Poltergeist||[still]
|-fail|p2a: Decidueye
|move|p1a: Reuniclus|Psyshock|p2a: Decidueye
|-damage|p2a: Decidueye|0 fnt
|faint|p2a: Decidueye
|
|upkeep
|-message|I'm Arnaud forfeited.
|
|win|yoyaga
|raw|yoyaga's rating: 1527 &rarr; <strong>1557</strong><br />(+30 for winning)
|raw|I&apos;m Arnaud's rating: 1723 &rarr; <strong>1693</strong><br />(-30 for losing)
|l|☆I'm Arnaud
|c|☆yoyaga|and now you chocked
||Ladder isn't responding, score probably updated but might not have (Request timeout).
