|j|☆Tyraniot
|j|☆Raimei Hakkei 2
|t:|1667003968
|gametype|singles
|player|p1|Tyraniot|pokemonrangerf-gen4|1598
|player|p2|Raimei Hakkei 2|101|1698
|teamsize|p1|6
|teamsize|p2|6
|gen|8
|tier|[Gen 8] OU
|rated|
|rule|Sleep Clause Mod: Limit one foe put to sleep
|rule|Species Clause: Limit one of each Pokémon
|rule|OHKO Clause: OHKO moves are banned
|rule|Evasion Items Clause: Evasion items are banned
|rule|Evasion Moves Clause: Evasion moves are banned
|rule|Endless Battle Clause: Forcing endless battles is banned
|rule|HP Percentage Mod: HP is shown in percentages
|rule|Dynamax Clause: You cannot dynamax
|clearpoke
|poke|p1|Landorus-Therian, M|
|poke|p1|Cloyster, M|
|poke|p1|Wailord, F|
|poke|p1|Celesteela|
|poke|p1|Victini|
|poke|p1|Regieleki|
|poke|p2|Urshifu-*, M|
|poke|p2|Galvantula, F|
|poke|p2|Keldeo-Resolute|
|poke|p2|Heatran, F|
|poke|p2|Kartana|
|poke|p2|Aegislash, M|
|teampreview
|inactive|Battle timer is ON: inactive players will automatically lose when time's up. (requested by Raimei Hakkei 2)
|inactive|Tyraniot also wants the timer to be on.
|j| fork gaming
|
|t:|1667003983
|start
|switch|p1a: Wailord|Wailord, F|100/100
|switch|p2a: Galvantula|Galvantula, F|100/100
|turn|1
|
|t:|1667003987
|move|p2a: Galvantula|Thunder|p1a: Wailord
|-supereffective|p1a: Wailord
|-crit|p1a: Wailord
|-damage|p1a: Wailord|0 fnt
|faint|p1a: Wailord
|
|upkeep
|
|t:|1667003996
|switch|p1a: Cloyster|Cloyster, M|100/100
|turn|2
|
|t:|1667004002
|move|p2a: Galvantula|Thunder|p1a: Cloyster
|-supereffective|p1a: Cloyster
|-enditem|p1a: Cloyster|Focus Sash
|-damage|p1a: Cloyster|1/100
|move|p1a: Cloyster|Shell Smash|p1a: Cloyster
|-unboost|p1a: Cloyster|def|1
|-unboost|p1a: Cloyster|spd|1
|-boost|p1a: Cloyster|atk|2
|-boost|p1a: Cloyster|spa|2
|-boost|p1a: Cloyster|spe|2
|
|upkeep
|turn|3
|
|t:|1667004006
|move|p1a: Cloyster|Icicle Spear|p2a: Galvantula
|-damage|p2a: Galvantula|61/100
|-damage|p2a: Galvantula|25/100
|-damage|p2a: Galvantula|0 fnt
|faint|p2a: Galvantula
|-hitcount|p2: Galvantula|3
|
|upkeep
|
|t:|1667004008
|switch|p2a: Urshifu|Urshifu-Rapid-Strike, M|100/100
|turn|4
|
|t:|1667004015
|move|p2a: Urshifu|Aqua Jet|p1a: Cloyster
|-resisted|p1a: Cloyster
|-damage|p1a: Cloyster|0 fnt
|faint|p1a: Cloyster
|
|upkeep
|
|t:|1667004020
|switch|p1a: Regieleki|Regieleki|100/100
|turn|5
|
|t:|1667004022
|move|p2a: Urshifu|Aqua Jet|p1a: Regieleki
|-crit|p1a: Regieleki
|-damage|p1a: Regieleki|42/100
|move|p1a: Regieleki|Thunderbolt|p2a: Urshifu
|-supereffective|p2a: Urshifu
|-damage|p2a: Urshifu|0 fnt
|faint|p2a: Urshifu
|
|upkeep
|
|t:|1667004037
|switch|p2a: Heatran|Heatran, F|100/100
|-item|p2a: Heatran|Air Balloon
|turn|6
|
|t:|1667004040
|move|p1a: Regieleki|Thunderbolt|p2a: Heatran
|-damage|p2a: Heatran|21/100
|-enditem|p2a: Heatran|Air Balloon
|move|p2a: Heatran|Stealth Rock|p1a: Regieleki
|-sidestart|p1: Tyraniot|move: Stealth Rock
|
|upkeep
|turn|7
|
|t:|1667004046
|switch|p2a: Keldeo|Keldeo-Resolute|100/100
|move|p1a: Regieleki|Thunderbolt|p2a: Keldeo
|-supereffective|p2a: Keldeo
|-damage|p2a: Keldeo|0 fnt
|faint|p2a: Keldeo
|
|upkeep
|
|t:|1667004047
|switch|p2a: Aegislash|Aegislash, M|100/100
|turn|8
|
|t:|1667004058
|-formechange|p2a: Aegislash|Aegislash-Blade||[from] ability: Stance Change
|move|p2a: Aegislash|Shadow Sneak|p1a: Regieleki
|-damage|p1a: Regieleki|0 fnt
|faint|p1a: Regieleki
|
|upkeep
|
|t:|1667004077
|switch|p1a: Landorus|Landorus-Therian, M|100/100
|-damage|p1a: Landorus|88/100|[from] Stealth Rock
|-ability|p1a: Landorus|Intimidate|boost
|-unboost|p2a: Aegislash|atk|1
|turn|9
|
|t:|1667004079
|-formechange|p2a: Aegislash|Aegislash||[from] ability: Stance Change
|move|p2a: Aegislash|King's Shield|p2a: Aegislash
|-singleturn|p2a: Aegislash|Protect
|move|p1a: Landorus|Earthquake|p2a: Aegislash
|-activate|p2a: Aegislash|move: Protect
|
|-heal|p1a: Landorus|94/100|[from] item: Leftovers
|upkeep
|turn|10
|
|t:|1667004090
|move|p1a: Landorus|Substitute|p1a: Landorus
|-start|p1a: Landorus|Substitute
|-damage|p1a: Landorus|69/100
|-formechange|p2a: Aegislash|Aegislash-Blade||[from] ability: Stance Change
|move|p2a: Aegislash|Shadow Ball|p1a: Landorus
|-end|p1a: Landorus|Substitute
|
|-heal|p1a: Landorus|75/100|[from] item: Leftovers
|upkeep
|turn|11
|
|t:|1667004092
|move|p1a: Landorus|Bulk Up|p1a: Landorus
|-boost|p1a: Landorus|atk|1
|-boost|p1a: Landorus|def|1
|move|p2a: Aegislash|Shadow Ball|p1a: Landorus
|-damage|p1a: Landorus|16/100
|
|-heal|p1a: Landorus|22/100|[from] item: Leftovers
|upkeep
|turn|12
|
|t:|1667004097
|move|p2a: Aegislash|Shadow Sneak|p1a: Landorus
|-damage|p1a: Landorus|10/100
|move|p1a: Landorus|Earthquake|p2a: Aegislash
|-supereffective|p2a: Aegislash
|-damage|p2a: Aegislash|0 fnt
|faint|p2a: Aegislash
|
|-heal|p1a: Landorus|17/100|[from] item: Leftovers
|upkeep
|
|t:|1667004099
|switch|p2a: Kartana|Kartana|100/100
|turn|13
|
|t:|1667004101
|move|p2a: Kartana|Leaf Blade|p1a: Landorus
|-damage|p1a: Landorus|0 fnt
|faint|p1a: Landorus
|-ability|p2a: Kartana|Beast Boost|boost
|-boost|p2a: Kartana|spe|1
|
|upkeep
|
|t:|1667004111
|switch|p1a: Celesteela|Celesteela|100/100
|-damage|p1a: Celesteela|88/100|[from] Stealth Rock
|turn|14
|
|t:|1667004117
|move|p2a: Kartana|Knock Off|p1a: Celesteela
|-damage|p1a: Celesteela|56/100
|-enditem|p1a: Celesteela|Power Herb|[from] move: Knock Off|[of] p2a: Kartana
|move|p1a: Celesteela|Autotomize|p1a: Celesteela
|-boost|p1a: Celesteela|spe|2
|-start|p1a: Celesteela|Autotomize
|
|upkeep
|turn|15
|
|t:|1667004122
|switch|p2a: Heatran|Heatran, F|21/100
|move|p1a: Celesteela|Meteor Beam||[still]
|-prepare|p1a: Celesteela|Meteor Beam
|-boost|p1a: Celesteela|spa|1
|
|upkeep
|turn|16
|
|t:|1667004124
|move|p1a: Celesteela|Meteor Beam|p2a: Heatran|[from]lockedmove
|-damage|p2a: Heatran|0 fnt
|faint|p2a: Heatran
|-ability|p1a: Celesteela|Beast Boost|boost
|-boost|p1a: Celesteela|spa|1
|
|upkeep
|
|t:|1667004127
|switch|p2a: Kartana|Kartana|100/100
|turn|17
|
|t:|1667004132
|move|p1a: Celesteela|Air Slash|p2a: Kartana
|-damage|p2a: Kartana|0 fnt
|faint|p2a: Kartana
|
|win|Tyraniot
|raw|Tyraniot's rating: 1598 &rarr; <strong>1624</strong><br />(+26 for winning)
|raw|Raimei Hakkei 2's rating: 1698 &rarr; <strong>1672</strong><br />(-26 for losing)
|l|☆Raimei Hakkei 2
