|j|☆4funaccount
|j|☆Dawn of the Spread
|player|p1|4funaccount|volkner|1765
|player|p2|Dawn of the Spread|78|1809
|teamsize|p1|6
|teamsize|p2|6
|gametype|singles
|gen|8
|tier|[Gen 8] OU
|rated|
|clearpoke
|poke|p1|Toxapex, M|
|poke|p1|Sylveon, M|
|poke|p1|Corviknight, F|
|poke|p1|Machamp, M|
|poke|p1|Seismitoad, M|
|poke|p1|Chandelure, M|
|poke|p2|Ribombee, M|
|poke|p2|Excadrill, F|
|poke|p2|Grimmsnarl, M|
|poke|p2|Kommo-o, M|
|poke|p2|Cloyster, F|
|poke|p2|Hawlucha, F|
|rule|Sleep Clause Mod: Limit one foe put to sleep
|rule|Species Clause: Limit one of each Pokémon
|rule|OHKO Clause: OHKO moves are banned
|rule|Evasion Moves Clause: Evasion moves are banned
|rule|Endless Battle Clause: Forcing endless battles is banned
|rule|HP Percentage Mod: HP is shown in percentages
|rule|Dynamax Clause: You cannot dynamax
|teampreview
|inactive|Battle timer is ON: inactive players will automatically lose when time's up. (requested by Dawn of the Spread)
|j| Xnfjdksjsjdx
|inactive|Dawn of the Spread has 120 seconds left.
|
|start
|switch|p1a: Machamp|Machamp, M|100/100
|switch|p2a: Ribombee|Ribombee, M|100/100
|turn|1
|
|move|p1a: Machamp|Bullet Punch|p2a: Ribombee
|-supereffective|p2a: Ribombee
|-crit|p2a: Ribombee
|-damage|p2a: Ribombee|12/100
|move|p2a: Ribombee|Moonblast|p1a: Machamp
|-supereffective|p1a: Machamp
|-crit|p1a: Machamp
|-damage|p1a: Machamp|11/100
|
|upkeep
|turn|2
|j| in the membrane
|
|switch|p2a: Excadrill|Excadrill, F|100/100
|-ability|p2a: Excadrill|Mold Breaker
|move|p1a: Machamp|Earthquake|p2a: Excadrill
|-supereffective|p2a: Excadrill
|-enditem|p2a: Excadrill|Focus Sash
|-damage|p2a: Excadrill|1/100
|
|upkeep
|turn|3
|
|switch|p2a: Hawlucha|Hawlucha, F|100/100
|move|p1a: Machamp|Bullet Punch|p2a: Hawlucha
|-damage|p2a: Hawlucha|79/100
|
|upkeep
|turn|4
|
|switch|p1a: Toxapex|Toxapex, M|100/100
|move|p2a: Hawlucha|Brave Bird|p1a: Toxapex
|-damage|p1a: Toxapex|68/100
|-damage|p2a: Hawlucha|68/100|[from] Recoil
|
|upkeep
|turn|5
|
|move|p2a: Hawlucha|Swords Dance|p2a: Hawlucha
|-boost|p2a: Hawlucha|atk|2
|move|p1a: Toxapex|Scald|p2a: Hawlucha
|-damage|p2a: Hawlucha|39/100
|-enditem|p2a: Hawlucha|Sitrus Berry|[eat]
|-heal|p2a: Hawlucha|64/100|[from] item: Sitrus Berry
|
|upkeep
|turn|6
|
|switch|p1a: Corviknight|Corviknight, F|100/100
|-ability|p1a: Corviknight|Pressure
|move|p2a: Hawlucha|Brave Bird|p1a: Corviknight
|-resisted|p1a: Corviknight
|-damage|p1a: Corviknight|71/100
|-damage|p2a: Hawlucha|51/100|[from] Recoil
|
|-heal|p1a: Corviknight|77/100|[from] item: Leftovers
|upkeep
|turn|7
|
|move|p2a: Hawlucha|Close Combat|p1a: Corviknight
|-damage|p1a: Corviknight|8/100
|-unboost|p2a: Hawlucha|def|1
|-unboost|p2a: Hawlucha|spd|1
|move|p1a: Corviknight|Roost|p1a: Corviknight
|-heal|p1a: Corviknight|58/100
|-singleturn|p1a: Corviknight|move: Roost
|
|-heal|p1a: Corviknight|64/100|[from] item: Leftovers
|upkeep
|turn|8
|
|switch|p1a: Toxapex|Toxapex, M|100/100
|move|p2a: Hawlucha|Close Combat|p1a: Toxapex
|-resisted|p1a: Toxapex
|-damage|p1a: Toxapex|68/100
|-unboost|p2a: Hawlucha|def|1
|-unboost|p2a: Hawlucha|spd|1
|
|upkeep
|turn|9
|
|switch|p1a: Corviknight|Corviknight, F|64/100
|-ability|p1a: Corviknight|Pressure
|move|p2a: Hawlucha|Brave Bird|p1a: Corviknight
|-resisted|p1a: Corviknight
|-damage|p1a: Corviknight|34/100
|-damage|p2a: Hawlucha|38/100|[from] Recoil
|
|-heal|p1a: Corviknight|40/100|[from] item: Leftovers
|upkeep
|turn|10
|
|switch|p1a: Toxapex|Toxapex, M|100/100
|move|p2a: Hawlucha|Close Combat|p1a: Toxapex
|-resisted|p1a: Toxapex
|-damage|p1a: Toxapex|68/100
|-unboost|p2a: Hawlucha|def|1
|-unboost|p2a: Hawlucha|spd|1
|
|upkeep
|turn|11
|
|switch|p1a: Corviknight|Corviknight, F|40/100
|-ability|p1a: Corviknight|Pressure
|move|p2a: Hawlucha|Substitute|p2a: Hawlucha
|-start|p2a: Hawlucha|Substitute
|-damage|p2a: Hawlucha|13/100
|
|-heal|p1a: Corviknight|47/100|[from] item: Leftovers
|upkeep
|turn|12
|
|switch|p1a: Toxapex|Toxapex, M|100/100
|move|p2a: Hawlucha|Swords Dance|p2a: Hawlucha
|-boost|p2a: Hawlucha|atk|2
|
|upkeep
|turn|13
|
|move|p2a: Hawlucha|Brave Bird|p1a: Toxapex
|-damage|p1a: Toxapex|0 fnt
|-damage|p2a: Hawlucha|0 fnt|[from] Recoil
|faint|p1a: Toxapex
|faint|p2a: Hawlucha
|
|upkeep
|
|switch|p2a: Grimmsnarl|Grimmsnarl, M|100/100
|switch|p1a: Chandelure|Chandelure, M|100/100
|turn|14
|
|move|p1a: Chandelure|Trick|p2a: Grimmsnarl
|-activate|p1a: Chandelure|move: Trick|[of] p2a: Grimmsnarl
|-item|p2a: Grimmsnarl|Choice Scarf|[from] move: Trick
|-item|p1a: Chandelure|Black Glasses|[from] move: Trick
|move|p2a: Grimmsnarl|Darkest Lariat|p1a: Chandelure
|-supereffective|p1a: Chandelure
|-damage|p1a: Chandelure|0 fnt
|faint|p1a: Chandelure
|
|upkeep
|
|switch|p1a: Seismitoad|Seismitoad, M|100/100
|turn|15
|
|switch|p2a: Excadrill|Excadrill, F|1/100
|-ability|p2a: Excadrill|Mold Breaker
|move|p1a: Seismitoad|Stealth Rock|p2a: Excadrill
|-sidestart|p2: Dawn of the Spread|move: Stealth Rock
|
|upkeep
|turn|16
|
|move|p2a: Excadrill|Earthquake|p1a: Seismitoad
|-damage|p1a: Seismitoad|60/100
|move|p1a: Seismitoad|Scald|p2a: Excadrill
|-supereffective|p2a: Excadrill
|-damage|p2a: Excadrill|0 fnt
|faint|p2a: Excadrill
|
|-heal|p1a: Seismitoad|66/100|[from] item: Leftovers
|upkeep
|
|switch|p2a: Kommo-o|Kommo-o, M|100/100
|-damage|p2a: Kommo-o|94/100|[from] Stealth Rock
|turn|17
|
|move|p2a: Kommo-o|Clangorous Soul|p2a: Kommo-o
|-boost|p2a: Kommo-o|atk|1
|-boost|p2a: Kommo-o|def|1
|-boost|p2a: Kommo-o|spa|1
|-boost|p2a: Kommo-o|spd|1
|-boost|p2a: Kommo-o|spe|1
|-damage|p2a: Kommo-o|61/100
|move|p1a: Seismitoad|Earthquake|p2a: Kommo-o
|-damage|p2a: Kommo-o|38/100
|
|-heal|p1a: Seismitoad|72/100|[from] item: Leftovers
|upkeep
|turn|18
|j| nmb0046
|
|move|p2a: Kommo-o|Drain Punch|p1a: Seismitoad
|-damage|p1a: Seismitoad|22/100
|-heal|p2a: Kommo-o|74/100|[from] drain|[of] p1a: Seismitoad
|-damage|p2a: Kommo-o|64/100|[from] item: Life Orb
|move|p1a: Seismitoad|Toxic|p2a: Kommo-o
|-status|p2a: Kommo-o|tox
|
|-heal|p1a: Seismitoad|28/100|[from] item: Leftovers
|-damage|p2a: Kommo-o|58/100 tox|[from] psn
|upkeep
|turn|19
|j| TameWildebeest
|
|switch|p1a: Corviknight|Corviknight, F|47/100
|-ability|p1a: Corviknight|Pressure
|move|p2a: Kommo-o|Iron Head|p1a: Corviknight
|-resisted|p1a: Corviknight
|-damage|p1a: Corviknight|33/100
|-damage|p2a: Kommo-o|48/100 tox|[from] item: Life Orb
|
|-heal|p1a: Corviknight|39/100|[from] item: Leftovers
|-damage|p2a: Kommo-o|35/100 tox|[from] psn
|upkeep
|turn|20
|j| Celtis Laddering
|
|switch|p1a: Sylveon|Sylveon, M|100/100
|move|p2a: Kommo-o|Drain Punch|p1a: Sylveon
|-resisted|p1a: Sylveon
|-damage|p1a: Sylveon|69/100
|-heal|p2a: Kommo-o|57/100 tox|[from] drain|[of] p1a: Sylveon
|-damage|p2a: Kommo-o|47/100 tox|[from] item: Life Orb
|
|-heal|p1a: Sylveon|75/100|[from] item: Leftovers
|-damage|p2a: Kommo-o|28/100 tox|[from] psn
|upkeep
|turn|21
|
|move|p1a: Sylveon|Protect|p1a: Sylveon
|-singleturn|p1a: Sylveon|Protect
|move|p2a: Kommo-o|Iron Head|p1a: Sylveon
|-activate|p1a: Sylveon|move: Protect
|
|-heal|p1a: Sylveon|81/100|[from] item: Leftovers
|-damage|p2a: Kommo-o|4/100 tox|[from] psn
|upkeep
|turn|22
|
|switch|p1a: Seismitoad|Seismitoad, M|28/100
|move|p2a: Kommo-o|Drain Punch|p1a: Seismitoad
|-crit|p1a: Seismitoad
|-damage|p1a: Seismitoad|0 fnt
|-heal|p2a: Kommo-o|23/100 tox|[from] drain|[of] p1a: Seismitoad
|-damage|p2a: Kommo-o|13/100 tox|[from] item: Life Orb
|faint|p1a: Seismitoad
|
|-damage|p2a: Kommo-o|0 fnt|[from] psn
|faint|p2a: Kommo-o
|upkeep
|
|switch|p2a: Grimmsnarl|Grimmsnarl, M|100/100
|switch|p1a: Sylveon|Sylveon, M|81/100
|-damage|p2a: Grimmsnarl|88/100|[from] Stealth Rock
|turn|23
|
|move|p2a: Grimmsnarl|Play Rough|p1a: Sylveon
|-damage|p1a: Sylveon|30/100
|move|p1a: Sylveon|Calm Mind|p1a: Sylveon
|-boost|p1a: Sylveon|spa|1
|-boost|p1a: Sylveon|spd|1
|
|-heal|p1a: Sylveon|36/100|[from] item: Leftovers
|upkeep
|turn|24
|
|switch|p2a: Ribombee|Ribombee, M|12/100
|-damage|p2a: Ribombee|0 fnt|[from] Stealth Rock
|faint|p2a: Ribombee
|move|p1a: Sylveon|Protect||[still]
|-fail|p1a: Sylveon
|
|-heal|p1a: Sylveon|42/100|[from] item: Leftovers
|upkeep
|
|switch|p2a: Cloyster|Cloyster, F|100/100
|-damage|p2a: Cloyster|76/100|[from] Stealth Rock
|turn|25
|
|move|p2a: Cloyster|Icicle Spear|p1a: Sylveon
|-damage|p1a: Sylveon|31/100
|-damage|p1a: Sylveon|18/100
|-damage|p1a: Sylveon|5/100
|-damage|p1a: Sylveon|0 fnt
|-hitcount|p1a: Sylveon|4
|faint|p1a: Sylveon
|
|upkeep
|
|switch|p1a: Corviknight|Corviknight, F|39/100
|-ability|p1a: Corviknight|Pressure
|turn|26
|
|move|p2a: Cloyster|Icicle Spear|p1a: Corviknight
|-damage|p1a: Corviknight|33/100
|-damage|p1a: Corviknight|26/100
|-damage|p1a: Corviknight|19/100
|-damage|p1a: Corviknight|12/100
|-damage|p1a: Corviknight|5/100
|-hitcount|p1a: Corviknight|5
|move|p1a: Corviknight|Brave Bird|p2a: Cloyster
|-damage|p2a: Cloyster|45/100
|-damage|p1a: Corviknight|0 fnt|[from] Recoil
|faint|p1a: Corviknight
|
|upkeep
|
|switch|p1a: Machamp|Machamp, M|11/100
|turn|27
|
|move|p2a: Cloyster|Ice Shard|p1a: Machamp
|-damage|p1a: Machamp|0 fnt
|faint|p1a: Machamp
|
|win|Dawn of the Spread
