|j|☆Zoshi170
|j|☆PQPP214
|t:|1645604930
|gametype|singles
|player|p1|Zoshi170|elesa|1390
|player|p2|PQPP214|170|1441
|teamsize|p1|6
|teamsize|p2|6
|gen|8
|tier|[Gen 8] OU
|rated|
|rule|Sleep Clause Mod: Limit one foe put to sleep
|rule|Species Clause: Limit one of each Pokémon
|rule|OHKO Clause: OHKO moves are banned
|rule|Evasion Moves Clause: Evasion moves are banned
|rule|Endless Battle Clause: Forcing endless battles is banned
|rule|HP Percentage Mod: HP is shown in percentages
|rule|Dynamax Clause: You cannot dynamax
|clearpoke
|poke|p1|Tapu Koko|
|poke|p1|Hawlucha, M|
|poke|p1|Volcarona, F|
|poke|p1|Kartana|
|poke|p1|Garchomp, M|
|poke|p1|Bisharp, M|
|poke|p2|Landorus-Therian, M|
|poke|p2|Tornadus-Therian, M|
|poke|p2|Zeraora|
|poke|p2|Zapdos-Galar|
|poke|p2|Jirachi|
|poke|p2|Toxapex, M|
|teampreview
|
|t:|1645604935
|start
|switch|p1a: Koko Puffs|Tapu Koko, shiny|100/100
|switch|p2a: Landorus|Landorus-Therian, M, shiny|100/100
|-fieldstart|move: Electric Terrain|[from] ability: Electric Surge|[of] p1a: Koko Puffs
|-ability|p2a: Landorus|Intimidate|boost
|-unboost|p1a: Koko Puffs|atk|1
|turn|1
|
|t:|1645604942
|move|p1a: Koko Puffs|Reflect|p1a: Koko Puffs
|-sidestart|p1: Zoshi170|Reflect
|move|p2a: Landorus|U-turn|p1a: Koko Puffs
|-resisted|p1a: Koko Puffs
|-crit|p1a: Koko Puffs
|-damage|p1a: Koko Puffs|80/100
|
|t:|1645604948
|switch|p2a: Jirachi|Jirachi, shiny|100/100|[from]move: U-turn
|
|upkeep
|turn|2
|
|t:|1645604952
|move|p1a: Koko Puffs|U-turn|p2a: Jirachi
|-damage|p2a: Jirachi|91/100
|
|t:|1645604956
|switch|p1a: NoRockMovesPls|Volcarona, F, shiny|100/100|[from]move: U-turn
|move|p2a: Jirachi|U-turn|p1a: NoRockMovesPls
|-resisted|p1a: NoRockMovesPls
|-damage|p1a: NoRockMovesPls|94/100
|
|t:|1645604969
|switch|p2a: Landorus|Landorus-Therian, M, shiny|100/100|[from]move: U-turn
|-ability|p2a: Landorus|Intimidate|boost
|-unboost|p1a: NoRockMovesPls|atk|1
|
|upkeep
|turn|3
|
|t:|1645604975
|switch|p1a: C H O M P|Garchomp, M, shiny|100/100
|move|p2a: Landorus|Toxic|p1a: C H O M P
|-status|p1a: C H O M P|tox
|
|-damage|p1a: C H O M P|94/100 tox|[from] psn
|upkeep
|turn|4
|
|t:|1645604987
|move|p1a: C H O M P|Swords Dance|p1a: C H O M P
|-boost|p1a: C H O M P|atk|2
|move|p2a: Landorus|Defog|p1a: C H O M P
|-unboost|p1a: C H O M P|evasion|1
|-sideend|p1: Zoshi170|Reflect
|-fieldend|move: Electric Terrain
|
|-damage|p1a: C H O M P|82/100 tox|[from] psn
|upkeep
|turn|5
|
|t:|1645604991
|switch|p2a: Jirachi|Jirachi, shiny|91/100
|move|p1a: C H O M P|Scale Shot|p2a: Jirachi
|-resisted|p2a: Jirachi
|-damage|p2a: Jirachi|79/100
|-resisted|p2a: Jirachi
|-crit|p2a: Jirachi
|-damage|p2a: Jirachi|64/100
|-hitcount|p2a: Jirachi|2
|-unboost|p1a: C H O M P|def|1
|-boost|p1a: C H O M P|spe|1
|
|-heal|p2a: Jirachi|70/100|[from] item: Leftovers
|-damage|p1a: C H O M P|64/100 tox|[from] psn
|upkeep
|turn|6
|
|t:|1645605000
|switch|p2a: Landorus|Landorus-Therian, M, shiny|100/100
|-ability|p2a: Landorus|Intimidate|boost
|-unboost|p1a: C H O M P|atk|1
|move|p1a: C H O M P|Earthquake|p2a: Landorus
|-immune|p2a: Landorus
|
|-damage|p1a: C H O M P|39/100 tox|[from] psn
|upkeep
|turn|7
|
|t:|1645605007
|move|p1a: C H O M P|Fire Fang|p2a: Landorus
|-damage|p2a: Landorus|68/100
|move|p2a: Landorus|Earthquake|p1a: C H O M P
|-damage|p1a: C H O M P|0 fnt
|faint|p1a: C H O M P
|
|-heal|p2a: Landorus|74/100|[from] item: Leftovers
|upkeep
|
|t:|1645605012
|switch|p1a: Origami|Kartana, shiny|100/100
|turn|8
|
|t:|1645605016
|switch|p2a: Toxapex|Toxapex, M, shiny|100/100
|move|p1a: Origami|Leaf Blade|p2a: Toxapex
|-damage|p2a: Toxapex|66/100
|-damage|p1a: Origami|84/100|[from] item: Rocky Helmet|[of] p2a: Toxapex
|
|upkeep
|turn|9
|inactive|Battle timer is ON: inactive players will automatically lose when time's up. (requested by PQPP214)
|
|t:|1645605044
|switch|p1a: NoRockMovesPls|Volcarona, F, shiny|94/100
|move|p2a: Toxapex|Knock Off|p1a: NoRockMovesPls
|-damage|p1a: NoRockMovesPls|71/100
|-status|p2a: Toxapex|brn|[from] ability: Flame Body|[of] p1a: NoRockMovesPls
|-enditem|p1a: NoRockMovesPls|Heavy-Duty Boots|[from] move: Knock Off|[of] p2a: Toxapex
|
|-damage|p2a: Toxapex|60/100 brn|[from] brn
|upkeep
|turn|10
|
|t:|1645605053
|switch|p2a: Landorus|Landorus-Therian, M, shiny|74/100
|-ability|p2a: Landorus|Intimidate|boost
|-unboost|p1a: NoRockMovesPls|atk|1
|move|p1a: NoRockMovesPls|Quiver Dance|p1a: NoRockMovesPls
|-boost|p1a: NoRockMovesPls|spa|1
|-boost|p1a: NoRockMovesPls|spd|1
|-boost|p1a: NoRockMovesPls|spe|1
|
|-heal|p2a: Landorus|80/100|[from] item: Leftovers
|upkeep
|turn|11
|
|t:|1645605057
|move|p1a: NoRockMovesPls|Flamethrower|p2a: Landorus
|-damage|p2a: Landorus|24/100
|move|p2a: Landorus|Toxic|p1a: NoRockMovesPls
|-status|p1a: NoRockMovesPls|tox
|
|-heal|p2a: Landorus|30/100|[from] item: Leftovers
|-damage|p1a: NoRockMovesPls|65/100 tox|[from] psn
|upkeep
|turn|12
|
|t:|1645605062
|switch|p2a: Toxapex|Toxapex, M, shiny|93/100 brn
|move|p1a: NoRockMovesPls|Quiver Dance|p1a: NoRockMovesPls
|-boost|p1a: NoRockMovesPls|spa|1
|-boost|p1a: NoRockMovesPls|spd|1
|-boost|p1a: NoRockMovesPls|spe|1
|
|-damage|p1a: NoRockMovesPls|53/100 tox|[from] psn
|-damage|p2a: Toxapex|87/100 brn|[from] brn
|upkeep
|turn|13
|
|t:|1645605067
|switch|p2a: Jirachi|Jirachi, shiny|70/100
|move|p1a: NoRockMovesPls|Giga Drain|p2a: Jirachi
|-resisted|p2a: Jirachi
|-damage|p2a: Jirachi|55/100
|-heal|p1a: NoRockMovesPls|63/100 tox|[from] drain|[of] p2a: Jirachi
|
|-heal|p2a: Jirachi|61/100|[from] item: Leftovers
|-damage|p1a: NoRockMovesPls|45/100 tox|[from] psn
|upkeep
|turn|14
|
|t:|1645605073
|switch|p2a: Toxapex|Toxapex, M, shiny|100/100 brn
|move|p1a: NoRockMovesPls|Flamethrower|p2a: Toxapex
|-resisted|p2a: Toxapex
|-damage|p2a: Toxapex|64/100 brn
|
|-damage|p1a: NoRockMovesPls|20/100 tox|[from] psn
|-damage|p2a: Toxapex|58/100 brn|[from] brn
|upkeep
|turn|15
|
|t:|1645605085
|switch|p2a: Jirachi|Jirachi, shiny|61/100
|move|p1a: NoRockMovesPls|Flamethrower|p2a: Jirachi
|-supereffective|p2a: Jirachi
|-damage|p2a: Jirachi|0 fnt
|faint|p2a: Jirachi
|
|-damage|p1a: NoRockMovesPls|0 fnt|[from] psn
|faint|p1a: NoRockMovesPls
|upkeep
|
|t:|1645605094
|switch|p1a: Origami|Kartana, shiny|84/100
|switch|p2a: Landorus|Landorus-Therian, M, shiny|30/100
|-ability|p2a: Landorus|Intimidate|boost
|-unboost|p1a: Origami|atk|1
|turn|16
|
|t:|1645605101
|switch|p2a: Toxapex|Toxapex, M, shiny|91/100 brn
|move|p1a: Origami|Leaf Blade|p2a: Toxapex
|-damage|p2a: Toxapex|67/100 brn
|-damage|p1a: Origami|67/100|[from] item: Rocky Helmet|[of] p2a: Toxapex
|
|-damage|p2a: Toxapex|61/100 brn|[from] brn
|upkeep
|turn|17
|
|t:|1645605107
|switch|p1a: SHAMK|Bisharp, M, shiny|100/100
|move|p2a: Toxapex|Knock Off|p1a: SHAMK
|-resisted|p1a: SHAMK
|-damage|p1a: SHAMK|96/100
|-enditem|p1a: SHAMK|Black Glasses|[from] move: Knock Off|[of] p2a: Toxapex
|
|-damage|p2a: Toxapex|55/100 brn|[from] brn
|upkeep
|turn|18
|
|t:|1645605114
|move|p1a: SHAMK|Swords Dance|p1a: SHAMK
|-boost|p1a: SHAMK|atk|2
|move|p2a: Toxapex|Recover|p2a: Toxapex
|-heal|p2a: Toxapex|100/100 brn
|
|-damage|p2a: Toxapex|95/100 brn|[from] brn
|upkeep
|turn|19
|
|t:|1645605120
|move|p1a: SHAMK|Knock Off|p2a: Toxapex
|-damage|p2a: Toxapex|34/100 brn
|-damage|p1a: SHAMK|79/100|[from] item: Rocky Helmet|[of] p2a: Toxapex
|-enditem|p2a: Toxapex|Rocky Helmet|[from] move: Knock Off|[of] p1a: SHAMK
|move|p2a: Toxapex|Haze|p2a: Toxapex
|-clearallboost
|
|-damage|p2a: Toxapex|28/100 brn|[from] brn
|upkeep
|turn|20
|
|t:|1645605126
|move|p1a: SHAMK|Swords Dance|p1a: SHAMK
|-boost|p1a: SHAMK|atk|2
|move|p2a: Toxapex|Recover|p2a: Toxapex
|-heal|p2a: Toxapex|78/100 brn
|
|-damage|p2a: Toxapex|72/100 brn|[from] brn
|upkeep
|turn|21
|
|t:|1645605130
|move|p1a: SHAMK|Iron Head|p2a: Toxapex
|-resisted|p2a: Toxapex
|-damage|p2a: Toxapex|46/100 brn
|cant|p2a: Toxapex|flinch
|
|-damage|p2a: Toxapex|40/100 brn|[from] brn
|upkeep
|turn|22
|
|t:|1645605148
|switch|p2a: Zeraora|Zeraora, shiny|100/100
|move|p1a: SHAMK|Knock Off|p2a: Zeraora
|-damage|p2a: Zeraora|0 fnt
|-enditem|p2a: Zeraora|Heavy-Duty Boots|[from] move: Knock Off|[of] p1a: SHAMK
|faint|p2a: Zeraora
|
|upkeep
|
|t:|1645605154
|switch|p2a: Zapdos|Zapdos-Galar|100/100
|turn|23
|
|t:|1645605158
|switch|p1a: Koko Puffs|Tapu Koko, shiny|80/100
|-fieldstart|move: Electric Terrain|[from] ability: Electric Surge|[of] p1a: Koko Puffs
|move|p2a: Zapdos|Close Combat|p1a: Koko Puffs
|-resisted|p1a: Koko Puffs
|-crit|p1a: Koko Puffs
|-damage|p1a: Koko Puffs|9/100
|-unboost|p2a: Zapdos|def|1
|-unboost|p2a: Zapdos|spd|1
|
|upkeep
|turn|24
|
|t:|1645605166
|switch|p2a: Landorus|Landorus-Therian, M, shiny|30/100
|-ability|p2a: Landorus|Intimidate|boost
|-unboost|p1a: Koko Puffs|atk|1
|move|p1a: Koko Puffs|Reflect|p1a: Koko Puffs
|-sidestart|p1: Zoshi170|Reflect
|
|-heal|p2a: Landorus|36/100|[from] item: Leftovers
|upkeep
|turn|25
|
|t:|1645605174
|move|p1a: Koko Puffs|Taunt|p2a: Landorus
|-start|p2a: Landorus|move: Taunt
|move|p2a: Landorus|Earthquake|p1a: Koko Puffs
|-supereffective|p1a: Koko Puffs
|-damage|p1a: Koko Puffs|0 fnt
|faint|p1a: Koko Puffs
|
|-heal|p2a: Landorus|42/100|[from] item: Leftovers
|upkeep
|
|t:|1645605179
|switch|p1a: ChaChaRealSmooth|Hawlucha, M, shiny|100/100
|-enditem|p1a: ChaChaRealSmooth|Electric Seed
|-boost|p1a: ChaChaRealSmooth|def|1|[from] item: Electric Seed
|turn|26
|
|t:|1645605187
|switch|p2a: Tornadus|Tornadus-Therian, M, shiny|100/100
|move|p1a: ChaChaRealSmooth|Swords Dance|p1a: ChaChaRealSmooth
|-boost|p1a: ChaChaRealSmooth|atk|2
|
|upkeep
|turn|27
|
|t:|1645605192
|move|p1a: ChaChaRealSmooth|Acrobatics|p2a: Tornadus
|-damage|p2a: Tornadus|7/100
|move|p2a: Tornadus|Hurricane|p1a: ChaChaRealSmooth
|-supereffective|p1a: ChaChaRealSmooth
|-damage|p1a: ChaChaRealSmooth|0 fnt
|faint|p1a: ChaChaRealSmooth
|
|-fieldend|move: Electric Terrain
|upkeep
|
|t:|1645605199
|switch|p1a: SHAMK|Bisharp, M, shiny|79/100
|turn|28
|
|t:|1645605216
|move|p1a: SHAMK|Sucker Punch|p2a: Tornadus
|-damage|p2a: Tornadus|0 fnt
|faint|p2a: Tornadus
|
|upkeep
|
|t:|1645605222
|switch|p2a: Zapdos|Zapdos-Galar|100/100
|turn|29
|
|t:|1645605226
|move|p1a: SHAMK|Sucker Punch|p2a: Zapdos
|-resisted|p2a: Zapdos
|-damage|p2a: Zapdos|80/100
|move|p2a: Zapdos|Close Combat|p1a: SHAMK
|-supereffective|p1a: SHAMK
|-damage|p1a: SHAMK|0 fnt
|-unboost|p2a: Zapdos|def|1
|-unboost|p2a: Zapdos|spd|1
|faint|p1a: SHAMK
|
|upkeep
|
|t:|1645605229
|switch|p1a: Origami|Kartana, shiny|67/100
|turn|30
|
|t:|1645605238
|switch|p2a: Landorus|Landorus-Therian, M, shiny|42/100
|-ability|p2a: Landorus|Intimidate|boost
|-unboost|p1a: Origami|atk|1
|move|p1a: Origami|Leaf Blade|p2a: Landorus
|-crit|p2a: Landorus
|-damage|p2a: Landorus|0 fnt
|faint|p2a: Landorus
|-ability|p1a: Origami|Beast Boost|boost
|-boost|p1a: Origami|atk|1
|
|upkeep
|
|t:|1645605256
|switch|p2a: Toxapex|Toxapex, M, shiny|73/100 brn
|turn|31
|
|t:|1645605259
|move|p1a: Origami|Leaf Blade|p2a: Toxapex
|-damage|p2a: Toxapex|38/100 brn
|move|p2a: Toxapex|Recover|p2a: Toxapex
|-heal|p2a: Toxapex|89/100 brn
|
|-damage|p2a: Toxapex|83/100 brn|[from] brn
|-sideend|p1: Zoshi170|Reflect
|upkeep
|turn|32
|
|t:|1645605266
|move|p1a: Origami|Leaf Blade|p2a: Toxapex
|-damage|p2a: Toxapex|46/100 brn
|move|p2a: Toxapex|Scald|p1a: Origami
|-resisted|p1a: Origami
|-damage|p1a: Origami|39/100
|
|-damage|p2a: Toxapex|40/100 brn|[from] brn
|upkeep
|turn|33
|
|t:|1645605272
|move|p1a: Origami|Leaf Blade|p2a: Toxapex
|-damage|p2a: Toxapex|2/100 brn
|move|p2a: Toxapex|Recover|p2a: Toxapex
|-heal|p2a: Toxapex|52/100 brn
|
|-damage|p2a: Toxapex|46/100 brn|[from] brn
|upkeep
|turn|34
|
|t:|1645605277
|move|p1a: Origami|Leaf Blade|p2a: Toxapex
|-damage|p2a: Toxapex|9/100 brn
|move|p2a: Toxapex|Recover|p2a: Toxapex
|-heal|p2a: Toxapex|59/100 brn
|
|-damage|p2a: Toxapex|53/100 brn|[from] brn
|upkeep
|turn|35
|
|t:|1645605279
|move|p1a: Origami|Leaf Blade|p2a: Toxapex
|-damage|p2a: Toxapex|17/100 brn
|move|p2a: Toxapex|Recover|p2a: Toxapex
|-heal|p2a: Toxapex|67/100 brn
|
|-damage|p2a: Toxapex|62/100 brn|[from] brn
|upkeep
|turn|36
|
|t:|1645605282
|move|p1a: Origami|Leaf Blade|p2a: Toxapex
|-damage|p2a: Toxapex|23/100 brn
|move|p2a: Toxapex|Recover|p2a: Toxapex
|-heal|p2a: Toxapex|73/100 brn
|
|-damage|p2a: Toxapex|67/100 brn|[from] brn
|upkeep
|turn|37
|
|t:|1645605288
|move|p1a: Origami|Leaf Blade|p2a: Toxapex
|-damage|p2a: Toxapex|32/100 brn
|move|p2a: Toxapex|Recover|p2a: Toxapex
|-heal|p2a: Toxapex|82/100 brn
|
|-damage|p2a: Toxapex|76/100 brn|[from] brn
|upkeep
|turn|38
|
|t:|1645605292
|move|p1a: Origami|Leaf Blade|p2a: Toxapex
|-damage|p2a: Toxapex|39/100 brn
|move|p2a: Toxapex|Recover|p2a: Toxapex
|-heal|p2a: Toxapex|90/100 brn
|
|-damage|p2a: Toxapex|84/100 brn|[from] brn
|upkeep
|turn|39
|
|t:|1645605296
|move|p1a: Origami|Leaf Blade|p2a: Toxapex
|-damage|p2a: Toxapex|49/100 brn
|move|p2a: Toxapex|Recover|p2a: Toxapex
|-heal|p2a: Toxapex|99/100 brn
|
|-damage|p2a: Toxapex|93/100 brn|[from] brn
|upkeep
|turn|40
|
|t:|1645605300
|move|p1a: Origami|Leaf Blade|p2a: Toxapex
|-damage|p2a: Toxapex|56/100 brn
|move|p2a: Toxapex|Scald|p1a: Origami
|-resisted|p1a: Origami
|-damage|p1a: Origami|14/100
|
|-damage|p2a: Toxapex|50/100 brn|[from] brn
|upkeep
|turn|41
|
|t:|1645605303
|move|p1a: Origami|Leaf Blade|p2a: Toxapex
|-damage|p2a: Toxapex|16/100 brn
|move|p2a: Toxapex|Scald|p1a: Origami
|-resisted|p1a: Origami
|-damage|p1a: Origami|0 fnt
|faint|p1a: Origami
|
|win|PQPP214
|raw|Zoshi170's rating: 1390 &rarr; <strong>1373</strong><br />(-17 for losing)
|raw|PQPP214's rating: 1441 &rarr; <strong>1458</strong><br />(+17 for winning)
|l|☆Zoshi170
