|raw|<div class="broadcast-blue"><strong>This battle is required to be public due to a player having a name starting with 'lt92pf'.</div>
|j|☆N30N3
|j|☆LT92PF Highv0ltag3
|t:|1659718974
|gametype|singles
|player|p1|N30N3|266|1886
|player|p2|LT92PF Highv0ltag3|volo|1983
|teamsize|p1|6
|teamsize|p2|6
|gen|8
|tier|[Gen 8] OU
|rated|
|rule|Sleep Clause Mod: Limit one foe put to sleep
|rule|Species Clause: Limit one of each Pokémon
|rule|OHKO Clause: OHKO moves are banned
|rule|Evasion Items Clause: Evasion items are banned
|rule|Evasion Moves Clause: Evasion moves are banned
|rule|Endless Battle Clause: Forcing endless battles is banned
|rule|HP Percentage Mod: HP is shown in percentages
|rule|Dynamax Clause: You cannot dynamax
|clearpoke
|poke|p1|Garchomp, F|
|poke|p1|Moltres-Galar|
|poke|p1|Melmetal|
|poke|p1|Urshifu-*, F|
|poke|p1|Rillaboom, F|
|poke|p1|Latias, F|
|poke|p2|Porygon-Z|
|poke|p2|Toxapex, F|
|poke|p2|Corviknight, F|
|poke|p2|Urshifu-*, M|
|poke|p2|Landorus-Therian, M|
|poke|p2|Mew|
|teampreview
|inactive|Battle timer is ON: inactive players will automatically lose when time's up. (requested by N30N3)
|c|☆LT92PF Highv0ltag3|Gl
|j| CALL THE CREW
|inactive|LT92PF Highv0ltag3 has 120 seconds left.
|
|t:|1659719011
|start
|switch|p1a: Moltres|Moltres-Galar|100/100
|switch|p2a: Corviknight|Corviknight, F|100/100
|-ability|p2a: Corviknight|Pressure
|turn|1
|
|t:|1659719019
|move|p1a: Moltres|Fiery Wrath|p2a: Corviknight
|-damage|p2a: Corviknight|65/100
|move|p2a: Corviknight|U-turn|p1a: Moltres
|-damage|p1a: Moltres|85/100
|j| BDSPLT1JL 69
|
|t:|1659719023
|switch|p2a: Porygon-Z|Porygon-Z|100/100|[from]move: U-turn
|-ability|p2a: Porygon-Z|Download|boost
|-boost|p2a: Porygon-Z|atk|1
|
|upkeep
|turn|2
|
|t:|1659719025
|switch|p1a: Melmetal|Melmetal|100/100
|move|p2a: Porygon-Z|Thunderbolt|p1a: Melmetal
|-damage|p1a: Melmetal|68/100
|
|-heal|p1a: Melmetal|74/100|[from] item: Leftovers
|upkeep
|turn|3
|
|t:|1659719030
|switch|p2a: Corviknight|Corviknight, F|65/100
|-ability|p2a: Corviknight|Pressure
|switch|p1a: Garchomp|Garchomp, F|100/100
|
|-heal|p2a: Corviknight|71/100|[from] item: Leftovers
|upkeep
|turn|4
|
|t:|1659719032
|move|p1a: Garchomp|Stealth Rock|p2a: Corviknight
|-sidestart|p2: LT92PF Highv0ltag3|move: Stealth Rock
|move|p2a: Corviknight|Roost|p2a: Corviknight
|-heal|p2a: Corviknight|100/100
|-singleturn|p2a: Corviknight|move: Roost
|
|upkeep
|turn|5
|
|t:|1659719041
|switch|p1a: Latias|Latias, F|100/100
|move|p2a: Corviknight|Defog|p1a: Latias
|-unboost|p1a: Latias|evasion|1
|-sideend|p2: LT92PF Highv0ltag3|Stealth Rock|[from] move: Defog|[of] p2a: Corviknight
|
|upkeep
|turn|6
|
|t:|1659719045
|switch|p2a: Toxapex|Toxapex, F|100/100
|move|p1a: Latias|Trick|p2a: Toxapex
|-activate|p1a: Latias|move: Trick|[of] p2a: Toxapex
|-item|p2a: Toxapex|Choice Scarf|[from] move: Trick
|-item|p1a: Latias|Black Sludge|[from] move: Trick
|
|-damage|p1a: Latias|88/100|[from] item: Black Sludge
|upkeep
|turn|7
|j| Suta Pulachina
|j| LT92PF Scorcha
|j| ItJustSamX
|
|t:|1659719050
|move|p1a: Latias|Psychic|p2a: Toxapex
|-supereffective|p2a: Toxapex
|-damage|p2a: Toxapex|29/100
|move|p2a: Toxapex|Scald|p1a: Latias
|-resisted|p1a: Latias
|-damage|p1a: Latias|81/100
|-status|p1a: Latias|brn
|
|-damage|p1a: Latias|69/100 brn|[from] item: Black Sludge
|-damage|p1a: Latias|63/100 brn|[from] brn
|upkeep
|turn|8
|
|t:|1659719060
|switch|p1a: Moltres|Moltres-Galar|85/100
|switch|p2a: Corviknight|Corviknight, F|100/100
|-ability|p2a: Corviknight|Pressure
|
|upkeep
|turn|9
|j| Livio el Tito
|
|t:|1659719065
|move|p1a: Moltres|Nasty Plot|p1a: Moltres
|-boost|p1a: Moltres|spa|2
|move|p2a: Corviknight|U-turn|p1a: Moltres
|-damage|p1a: Moltres|67/100
|
|t:|1659719073
|switch|p2a: Urshifu|Urshifu-Rapid-Strike, M|100/100|[from]move: U-turn
|
|upkeep
|turn|10
|
|t:|1659719078
|switch|p1a: Garchomp|Garchomp, F|100/100
|move|p2a: Urshifu|Close Combat|p1a: Garchomp
|-damage|p1a: Garchomp|42/100
|-unboost|p2a: Urshifu|def|1
|-unboost|p2a: Urshifu|spd|1
|-damage|p2a: Urshifu|88/100|[from] ability: Rough Skin|[of] p1a: Garchomp
|-damage|p2a: Urshifu|72/100|[from] item: Rocky Helmet|[of] p1a: Garchomp
|
|upkeep
|turn|11
|
|t:|1659719080
|switch|p1a: Latias|Latias, F|63/100 brn
|move|p2a: Urshifu|Close Combat|p1a: Latias
|-resisted|p1a: Latias
|-damage|p1a: Latias|1/100 brn
|-unboost|p2a: Urshifu|def|1
|-unboost|p2a: Urshifu|spd|1
|
|-damage|p1a: Latias|0 fnt|[from] item: Black Sludge
|faint|p1a: Latias
|upkeep
|
|t:|1659719083
|switch|p1a: Rillaboom|Rillaboom, F|100/100
|-fieldstart|move: Grassy Terrain|[from] ability: Grassy Surge|[of] p1a: Rillaboom
|turn|12
|
|t:|1659719089
|move|p2a: Urshifu|Close Combat|p1a: Rillaboom
|-damage|p1a: Rillaboom|9/100
|-unboost|p2a: Urshifu|def|1
|-unboost|p2a: Urshifu|spd|1
|move|p1a: Rillaboom|Swords Dance|p1a: Rillaboom
|-boost|p1a: Rillaboom|atk|2
|
|-heal|p2a: Urshifu|78/100|[from] Grassy Terrain
|-heal|p1a: Rillaboom|16/100|[from] Grassy Terrain
|upkeep
|turn|13
|
|t:|1659719096
|switch|p2a: Landorus|Landorus-Therian, M|100/100
|-ability|p2a: Landorus|Intimidate|boost
|-unboost|p1a: Rillaboom|atk|1
|move|p1a: Rillaboom|Drain Punch|p2a: Landorus
|-resisted|p2a: Landorus
|-damage|p2a: Landorus|83/100
|-heal|p1a: Rillaboom|25/100|[from] drain|[of] p2a: Landorus
|
|-heal|p1a: Rillaboom|31/100|[from] Grassy Terrain
|-heal|p2a: Landorus|89/100|[from] item: Leftovers
|upkeep
|turn|14
|
|t:|1659719099
|move|p1a: Rillaboom|Wood Hammer|p2a: Landorus
|-damage|p2a: Landorus|0 fnt
|faint|p2a: Landorus
|-damage|p1a: Rillaboom|0 fnt|[from] Recoil
|faint|p1a: Rillaboom
|
|upkeep
|j| LT92PF STP
|
|t:|1659719107
|switch|p1a: Urshifu|Urshifu-Rapid-Strike, F|100/100
|switch|p2a: Toxapex|Toxapex, F|62/100
|turn|15
|
|t:|1659719112
|switch|p1a: Garchomp|Garchomp, F|42/100
|move|p2a: Toxapex|Scald|p1a: Garchomp
|-damage|p1a: Garchomp|27/100
|
|-heal|p1a: Garchomp|34/100|[from] Grassy Terrain
|-heal|p2a: Toxapex|68/100|[from] Grassy Terrain
|upkeep
|turn|16
|
|t:|1659719114
|switch|p2a: Corviknight|Corviknight, F|100/100
|-ability|p2a: Corviknight|Pressure
|move|p1a: Garchomp|Stealth Rock|p2a: Corviknight
|-sidestart|p2: LT92PF Highv0ltag3|move: Stealth Rock
|
|-heal|p1a: Garchomp|40/100|[from] Grassy Terrain
|-fieldend|move: Grassy Terrain
|upkeep
|turn|17
|
|t:|1659719117
|switch|p1a: Moltres|Moltres-Galar|67/100
|move|p2a: Corviknight|Defog|p1a: Moltres
|-unboost|p1a: Moltres|evasion|1
|-sideend|p2: LT92PF Highv0ltag3|Stealth Rock|[from] move: Defog|[of] p2a: Corviknight
|
|upkeep
|turn|18
|
|t:|1659719120
|move|p1a: Moltres|Hurricane|p2a: Corviknight
|-resisted|p2a: Corviknight
|-damage|p2a: Corviknight|77/100
|-start|p2a: Corviknight|confusion
|-activate|p2a: Corviknight|confusion
|move|p2a: Corviknight|U-turn|p1a: Moltres
|-damage|p1a: Moltres|51/100
|j| ripreckful
|
|t:|1659719122
|switch|p2a: Urshifu|Urshifu-Rapid-Strike, M|78/100|[from]move: U-turn
|
|upkeep
|turn|19
|
|t:|1659719131
|switch|p1a: Garchomp|Garchomp, F|40/100
|move|p2a: Urshifu|Close Combat|p1a: Garchomp
|-damage|p1a: Garchomp|0 fnt
|-unboost|p2a: Urshifu|def|1
|-unboost|p2a: Urshifu|spd|1
|-damage|p2a: Urshifu|65/100|[from] ability: Rough Skin|[of] p1a: Garchomp
|-damage|p2a: Urshifu|49/100|[from] item: Rocky Helmet|[of] p1a: Garchomp
|faint|p1a: Garchomp
|
|upkeep
|
|t:|1659719133
|switch|p1a: Urshifu|Urshifu-Rapid-Strike, F|100/100
|turn|20
|j| bobolajichan
|
|t:|1659719138
|switch|p1a: Moltres|Moltres-Galar|51/100
|switch|p2a: Mew|Mew|100/100
|
|upkeep
|turn|21
|
|t:|1659719143
|move|p2a: Mew|Triple Axel|p1a: Moltres
|-supereffective|p1a: Moltres
|-damage|p1a: Moltres|36/100
|-supereffective|p1a: Moltres
|-damage|p1a: Moltres|6/100
|-supereffective|p1a: Moltres
|-damage|p1a: Moltres|0 fnt
|faint|p1a: Moltres
|-hitcount|p1: Moltres|3
|
|upkeep
|
|t:|1659719148
|switch|p1a: Melmetal|Melmetal|74/100
|turn|22
|
|t:|1659719151
|switch|p2a: Toxapex|Toxapex, F|100/100
|move|p1a: Melmetal|Acid Armor|p1a: Melmetal
|-boost|p1a: Melmetal|def|2
|
|-heal|p1a: Melmetal|80/100|[from] item: Leftovers
|upkeep
|turn|23
|
|t:|1659719155
|move|p2a: Toxapex|Scald|p1a: Melmetal
|-damage|p1a: Melmetal|68/100
|-status|p1a: Melmetal|brn
|move|p1a: Melmetal|Acid Armor|p1a: Melmetal
|-boost|p1a: Melmetal|def|2
|
|-heal|p1a: Melmetal|75/100 brn|[from] item: Leftovers
|-damage|p1a: Melmetal|68/100 brn|[from] brn
|upkeep
|turn|24
|
|t:|1659719157
|switch|p2a: Corviknight|Corviknight, F|77/100
|-ability|p2a: Corviknight|Pressure
|move|p1a: Melmetal|Acid Armor|p1a: Melmetal
|-boost|p1a: Melmetal|def|2
|
|-heal|p2a: Corviknight|83/100|[from] item: Leftovers
|-heal|p1a: Melmetal|75/100 brn|[from] item: Leftovers
|-damage|p1a: Melmetal|68/100 brn|[from] brn
|upkeep
|turn|25
|l| LT92PF STP
|
|t:|1659719160
|move|p2a: Corviknight|U-turn|p1a: Melmetal
|-resisted|p1a: Melmetal
|-damage|p1a: Melmetal|67/100 brn
|
|t:|1659719161
|switch|p2a: Toxapex|Toxapex, F|100/100|[from]move: U-turn
|move|p1a: Melmetal|Rest|p1a: Melmetal
|-status|p1a: Melmetal|slp|[from] move: Rest
|-heal|p1a: Melmetal|100/100 slp|[silent]
|
|upkeep
|turn|26
|c| BDSPLT1JL 69|lmao
|
|t:|1659719169
|move|p2a: Toxapex|Haze|p2a: Toxapex
|-clearallboost
|cant|p1a: Melmetal|slp
|
|upkeep
|turn|27
|
|t:|1659719171
|switch|p2a: Corviknight|Corviknight, F|83/100
|-ability|p2a: Corviknight|Pressure
|cant|p1a: Melmetal|slp
|
|-heal|p2a: Corviknight|89/100|[from] item: Leftovers
|upkeep
|turn|28
|
|t:|1659719174
|move|p2a: Corviknight|U-turn|p1a: Melmetal
|-resisted|p1a: Melmetal
|-damage|p1a: Melmetal|97/100 slp
|
|t:|1659719175
|switch|p2a: Toxapex|Toxapex, F|100/100|[from]move: U-turn
|-curestatus|p1a: Melmetal|slp|[msg]
|move|p1a: Melmetal|Acid Armor|p1a: Melmetal
|-boost|p1a: Melmetal|def|2
|
|-heal|p1a: Melmetal|100/100|[from] item: Leftovers
|upkeep
|turn|29
|
|t:|1659719177
|move|p2a: Toxapex|Scald|p1a: Melmetal
|-damage|p1a: Melmetal|89/100
|move|p1a: Melmetal|Acid Armor|p1a: Melmetal
|-boost|p1a: Melmetal|def|2
|
|-heal|p1a: Melmetal|95/100|[from] item: Leftovers
|upkeep
|turn|30
|
|t:|1659719178
|move|p2a: Toxapex|Scald|p1a: Melmetal
|-damage|p1a: Melmetal|84/100
|move|p1a: Melmetal|Acid Armor|p1a: Melmetal
|-boost|p1a: Melmetal|def|2
|
|-heal|p1a: Melmetal|90/100|[from] item: Leftovers
|upkeep
|turn|31
|
|t:|1659719180
|move|p2a: Toxapex|Scald|p1a: Melmetal
|-damage|p1a: Melmetal|78/100
|move|p1a: Melmetal|Body Press|p2a: Toxapex
|-resisted|p2a: Toxapex
|-damage|p2a: Toxapex|71/100
|
|-heal|p1a: Melmetal|84/100|[from] item: Leftovers
|upkeep
|turn|32
|
|t:|1659719182
|move|p2a: Toxapex|Scald|p1a: Melmetal
|-crit|p1a: Melmetal
|-damage|p1a: Melmetal|66/100
|move|p1a: Melmetal|Body Press|p2a: Toxapex
|-resisted|p2a: Toxapex
|-damage|p2a: Toxapex|41/100
|
|-heal|p1a: Melmetal|72/100|[from] item: Leftovers
|upkeep
|turn|33
|
|t:|1659719184
|move|p2a: Toxapex|Scald|p1a: Melmetal
|-damage|p1a: Melmetal|61/100
|move|p1a: Melmetal|Body Press|p2a: Toxapex
|-resisted|p2a: Toxapex
|-damage|p2a: Toxapex|9/100
|
|-heal|p1a: Melmetal|67/100|[from] item: Leftovers
|upkeep
|turn|34
|j| CutePokesOnly
|
|t:|1659719191
|move|p2a: Toxapex|Scald|p1a: Melmetal
|-damage|p1a: Melmetal|56/100
|move|p1a: Melmetal|Body Press|p2a: Toxapex
|-resisted|p2a: Toxapex
|-damage|p2a: Toxapex|0 fnt
|faint|p2a: Toxapex
|
|-heal|p1a: Melmetal|63/100|[from] item: Leftovers
|upkeep
|
|t:|1659719192
|switch|p2a: Porygon-Z|Porygon-Z|100/100
|-ability|p2a: Porygon-Z|Download|boost
|-boost|p2a: Porygon-Z|spa|1
|turn|35
|j| clownzyo
|
|t:|1659719196
|move|p2a: Porygon-Z|Thunderbolt|p1a: Melmetal
|-damage|p1a: Melmetal|17/100
|move|p1a: Melmetal|Body Press|p2a: Porygon-Z
|-supereffective|p2a: Porygon-Z
|-damage|p2a: Porygon-Z|0 fnt
|faint|p2a: Porygon-Z
|
|-heal|p1a: Melmetal|23/100|[from] item: Leftovers
|upkeep
|
|t:|1659719199
|switch|p2a: Urshifu|Urshifu-Rapid-Strike, M|49/100
|turn|36
|
|t:|1659719201
|switch|p1a: Urshifu|Urshifu-Rapid-Strike, F|100/100
|move|p2a: Urshifu|Close Combat|p1a: Urshifu
|-damage|p1a: Urshifu|8/100
|-unboost|p2a: Urshifu|def|1
|-unboost|p2a: Urshifu|spd|1
|
|upkeep
|turn|37
|l| LT92PF Scorcha
|
|t:|1659719208
|move|p1a: Urshifu|U-turn|p2a: Urshifu
|-resisted|p2a: Urshifu
|-damage|p2a: Urshifu|29/100
|
|t:|1659719209
|switch|p1a: Melmetal|Melmetal|23/100|[from]move: U-turn
|move|p2a: Urshifu|Close Combat|p1a: Melmetal
|-supereffective|p1a: Melmetal
|-damage|p1a: Melmetal|0 fnt
|-unboost|p2a: Urshifu|def|1
|-unboost|p2a: Urshifu|spd|1
|faint|p1a: Melmetal
|
|upkeep
|-message|N30N3 forfeited.
|
|win|LT92PF Highv0ltag3
|raw|N30N3's rating: 1886 &rarr; <strong>1871</strong><br />(-15 for losing)
|raw|LT92PF Highv0ltag3's rating: 1983 &rarr; <strong>1998</strong><br />(+15 for winning)
|l|☆N30N3
|l| Suta Pulachina
|j| 50 at max
|l|☆LT92PF Highv0ltag3
||Ladder isn't responding, score probably updated but might not have (Request timeout).
|l| ripreckful
|l| Livio el Tito
|l| ItJustSamX
|l| CutePokesOnly
|j| LT92PF TheLight
|l| LT92PF TheLight
|j| LT92PF TheLight
|l| LT92PF TheLight
|l| BDSPLT1JL 69
