|raw|<div class="broadcast-blue"><strong>This battle is required to be public due to a player having a name starting with 'LT74PF'.</div>
|j|☆isheavydead
|j|☆LT74PF EnerG
|t:|1599069946
|player|p1|isheavydead|266|1906
|player|p2|LT74PF EnerG|parasollady-gen4|1724
|teamsize|p1|6
|teamsize|p2|6
|gametype|singles
|gen|8
|tier|[Gen 8] OU
|rated|
|clearpoke
|poke|p1|Haxorus, M|
|poke|p1|Volcarona, F|
|poke|p1|Ninetales-Alola, F|
|poke|p1|Excadrill, F|
|poke|p1|Urshifu-*, M|
|poke|p1|Azumarill, F|
|poke|p2|Bisharp, F|
|poke|p2|Hydreigon, F|
|poke|p2|Mamoswine, F|
|poke|p2|Aegislash, F|
|poke|p2|Kommo-o, M|
|poke|p2|Togekiss, F|
|rule|Sleep Clause Mod: Limit one foe put to sleep
|rule|Species Clause: Limit one of each Pokémon
|rule|OHKO Clause: OHKO moves are banned
|rule|Evasion Moves Clause: Evasion moves are banned
|rule|Endless Battle Clause: Forcing endless battles is banned
|rule|HP Percentage Mod: HP is shown in percentages
|rule|Dynamax Clause: You cannot dynamax
|teampreview
|j| Sieura
|j| LT74PF dTM
|
|t:|1599069958
|start
|switch|p1a: Excadrill|Excadrill, F, shiny|100/100
|switch|p2a: Mamoswine|Mamoswine, F|100/100
|-ability|p1a: Excadrill|Mold Breaker
|turn|1
|
|t:|1599069962
|move|p1a: Excadrill|Stealth Rock|p2a: Mamoswine
|-sidestart|p2: LT74PF EnerG|move: Stealth Rock
|move|p2a: Mamoswine|Earthquake|p1a: Excadrill
|-supereffective|p1a: Excadrill
|-enditem|p1a: Excadrill|Focus Sash
|-damage|p1a: Excadrill|1/100
|
|upkeep
|turn|2
|j| greed dog
|
|t:|1599069964
|move|p2a: Mamoswine|Ice Shard|p1a: Excadrill
|-damage|p1a: Excadrill|0 fnt
|faint|p1a: Excadrill
|
|upkeep
|l| greed dog
|
|t:|1599069972
|switch|p1a: Azumarill|Azumarill, F|100/100
|turn|3
|
|t:|1599069976
|move|p2a: Mamoswine|Earthquake|p1a: Azumarill
|-crit|p1a: Azumarill
|-damage|p1a: Azumarill|13/100
|-enditem|p1a: Azumarill|Sitrus Berry|[eat]
|-heal|p1a: Azumarill|38/100|[from] item: Sitrus Berry
|move|p1a: Azumarill|Knock Off|p2a: Mamoswine
|-damage|p2a: Mamoswine|56/100
|-enditem|p2a: Mamoswine|Focus Sash|[from] move: Knock Off|[of] p1a: Azumarill
|
|upkeep
|turn|4
|
|t:|1599069985
|switch|p2a: Hydreigon|Hydreigon, F|100/100
|-damage|p2a: Hydreigon|88/100|[from] Stealth Rock
|move|p1a: Azumarill|Aqua Jet|p2a: Hydreigon
|-resisted|p2a: Hydreigon
|-damage|p2a: Hydreigon|74/100
|
|upkeep
|turn|5
|j| LT74PF Ayk
|
|t:|1599069991
|move|p2a: Hydreigon|Flash Cannon|p1a: Azumarill
|-damage|p1a: Azumarill|0 fnt
|-damage|p2a: Hydreigon|64/100|[from] item: Life Orb
|faint|p1a: Azumarill
|
|upkeep
|l| LT74PF Ayk
|
|t:|1599069994
|switch|p1a: Ninetales|Ninetales-Alola, F, shiny|100/100
|-weather|Hail|[from] ability: Snow Warning|[of] p1a: Ninetales
|turn|6
|
|t:|1599069996
|move|p1a: Ninetales|Moonblast|p2a: Hydreigon
|-supereffective|p2a: Hydreigon
|-damage|p2a: Hydreigon|0 fnt
|faint|p2a: Hydreigon
|
|-weather|Hail|[upkeep]
|upkeep
|
|t:|1599069999
|switch|p2a: Aegislash|Aegislash, F|100/100
|-damage|p2a: Aegislash|94/100|[from] Stealth Rock
|turn|7
|
|t:|1599070001
|move|p1a: Ninetales|Aurora Veil|p1a: Ninetales
|-sidestart|p1: isheavydead|move: Aurora Veil
|-formechange|p2a: Aegislash|Aegislash-Blade||[from] ability: Stance Change
|move|p2a: Aegislash|Flash Cannon|p1a: Ninetales
|-supereffective|p1a: Ninetales
|-damage|p1a: Ninetales|0 fnt
|faint|p1a: Ninetales
|
|-weather|Hail|[upkeep]
|-damage|p2a: Aegislash|88/100|[from] Hail
|upkeep
|inactive|Battle timer is ON: inactive players will automatically lose when time's up. (requested by isheavydead)
|
|t:|1599070006
|switch|p1a: Volcarona|Volcarona, F|100/100
|turn|8
|
|t:|1599070009
|switch|p2a: Togekiss|Togekiss, F|100/100
|-damage|p2a: Togekiss|76/100|[from] Stealth Rock
|move|p1a: Volcarona|Fiery Dance|p2a: Togekiss
|-damage|p2a: Togekiss|41/100
|-boost|p1a: Volcarona|spa|1
|
|-weather|Hail|[upkeep]
|-damage|p2a: Togekiss|35/100|[from] Hail
|-damage|p1a: Volcarona|94/100|[from] Hail
|upkeep
|turn|9
|
|t:|1599070022
|move|p2a: Togekiss|Air Slash|p1a: Volcarona
|-supereffective|p1a: Volcarona
|-damage|p1a: Volcarona|56/100
|cant|p1a: Volcarona|flinch
|
|-weather|Hail|[upkeep]
|-damage|p2a: Togekiss|29/100|[from] Hail
|-damage|p1a: Volcarona|50/100|[from] Hail
|upkeep
|turn|10
|
|t:|1599070026
|move|p2a: Togekiss|Air Slash|p1a: Volcarona
|-supereffective|p1a: Volcarona
|-damage|p1a: Volcarona|12/100
|cant|p1a: Volcarona|flinch
|
|-weather|none
|upkeep
|turn|11
|
|t:|1599070029
|move|p2a: Togekiss|Air Slash|p1a: Volcarona
|-supereffective|p1a: Volcarona
|-damage|p1a: Volcarona|0 fnt
|faint|p1a: Volcarona
|
|upkeep
|
|t:|1599070032
|switch|p1a: Haxorus|Haxorus, M, shiny|100/100
|-ability|p1a: Haxorus|Mold Breaker
|turn|12
|
|t:|1599070036
|move|p2a: Togekiss|Air Slash|p1a: Haxorus
|-damage|p1a: Haxorus|71/100
|cant|p1a: Haxorus|flinch
|
|upkeep
|turn|13
|
|t:|1599070041
|move|p2a: Togekiss|Air Slash|p1a: Haxorus|[miss]
|-miss|p2a: Togekiss|p1a: Haxorus
|move|p1a: Haxorus|Poison Jab|p2a: Togekiss
|-supereffective|p2a: Togekiss
|-damage|p2a: Togekiss|0 fnt
|faint|p2a: Togekiss
|
|upkeep
|
|t:|1599070061
|switch|p2a: Bisharp|Bisharp, F|100/100
|-damage|p2a: Bisharp|94/100|[from] Stealth Rock
|turn|14
|j| keeiji
|
|t:|1599070065
|move|p1a: Haxorus|Close Combat|p2a: Bisharp
|-supereffective|p2a: Bisharp
|-damage|p2a: Bisharp|0 fnt
|-unboost|p1a: Haxorus|def|1
|-unboost|p1a: Haxorus|spd|1
|faint|p2a: Bisharp
|
|-sideend|p1: isheavydead|move: Aurora Veil
|upkeep
|
|t:|1599070073
|switch|p2a: Aegislash|Aegislash, F|88/100
|-damage|p2a: Aegislash|82/100|[from] Stealth Rock
|turn|15
|
|t:|1599070080
|move|p1a: Haxorus|Scale Shot|p2a: Aegislash
|-resisted|p2a: Aegislash
|-damage|p2a: Aegislash|76/100
|-resisted|p2a: Aegislash
|-damage|p2a: Aegislash|69/100
|-resisted|p2a: Aegislash
|-damage|p2a: Aegislash|63/100
|-resisted|p2a: Aegislash
|-damage|p2a: Aegislash|55/100
|-hitcount|p2a: Aegislash|4
|-unboost|p1a: Haxorus|def|1
|-boost|p1a: Haxorus|spe|1
|-formechange|p2a: Aegislash|Aegislash-Blade||[from] ability: Stance Change
|move|p2a: Aegislash|Flash Cannon|p1a: Haxorus
|-damage|p1a: Haxorus|0 fnt
|faint|p1a: Haxorus
|
|upkeep
|
|t:|1599070083
|switch|p1a: Urshifu|Urshifu, M|100/100
|turn|16
|
|t:|1599070087
|switch|p2a: Mamoswine|Mamoswine, F|56/100
|-damage|p2a: Mamoswine|43/100|[from] Stealth Rock
|move|p1a: Urshifu|Wicked Blow|p2a: Mamoswine
|-crit|p2a: Mamoswine
|-damage|p2a: Mamoswine|0 fnt
|faint|p2a: Mamoswine
|
|upkeep
|l| keeiji
|
|t:|1599070089
|switch|p2a: Kommo-o|Kommo-o, M|100/100
|-damage|p2a: Kommo-o|94/100|[from] Stealth Rock
|turn|17
|
|t:|1599070092
|move|p1a: Urshifu|Bulk Up|p1a: Urshifu
|-boost|p1a: Urshifu|atk|1
|-boost|p1a: Urshifu|def|1
|move|p2a: Kommo-o|Drain Punch|p1a: Urshifu
|-supereffective|p1a: Urshifu
|-damage|p1a: Urshifu|53/100
|-heal|p2a: Kommo-o|100/100|[from] drain|[of] p1a: Urshifu
|
|upkeep
|turn|18
|
|t:|1599070103
|move|p1a: Urshifu|Drain Punch|p2a: Kommo-o
|-damage|p2a: Kommo-o|45/100
|-heal|p1a: Urshifu|77/100|[from] drain|[of] p2a: Kommo-o
|move|p2a: Kommo-o|Drain Punch|p1a: Urshifu
|-supereffective|p1a: Urshifu
|-damage|p1a: Urshifu|32/100
|-heal|p2a: Kommo-o|71/100|[from] drain|[of] p1a: Urshifu
|
|upkeep
|turn|19
|
|t:|1599070112
|move|p1a: Urshifu|Drain Punch|p2a: Kommo-o
|-damage|p2a: Kommo-o|15/100
|-heal|p1a: Urshifu|56/100|[from] drain|[of] p2a: Kommo-o
|-enditem|p2a: Kommo-o|Salac Berry|[eat]
|-boost|p2a: Kommo-o|spe|1|[from] item: Salac Berry
|move|p2a: Kommo-o|Drain Punch|p1a: Urshifu
|-supereffective|p1a: Urshifu
|-damage|p1a: Urshifu|8/100
|-heal|p2a: Kommo-o|43/100|[from] drain|[of] p1a: Urshifu
|
|upkeep
|turn|20
|
|t:|1599070118
|move|p1a: Urshifu|Sucker Punch|p2a: Kommo-o
|-resisted|p2a: Kommo-o
|-damage|p2a: Kommo-o|9/100
|move|p2a: Kommo-o|Drain Punch|p1a: Urshifu
|-supereffective|p1a: Urshifu
|-damage|p1a: Urshifu|0 fnt
|-heal|p2a: Kommo-o|14/100|[from] drain|[of] p1a: Urshifu
|faint|p1a: Urshifu
|
|win|LT74PF EnerG
|l|☆isheavydead
|l|☆LT74PF EnerG
|j| LT74PF Ayk
|l| LT74PF Ayk
|l| Sieura
||Ladder (probably) updated, but score could not be retrieved (Request timeout).
|l| LT74PF dTM
|j| LT74PF R
