|j|☆lebanesestinker
|j|☆Ferrothornail草钢甲
|t:|1664676900
|gametype|singles
|player|p1|lebanesestinker|li|1630
|player|p2|Ferrothornail草钢甲|lillie|1813
|teamsize|p1|6
|teamsize|p2|6
|gen|8
|tier|[Gen 8] OU
|rated|
|rule|Sleep Clause Mod: Limit one foe put to sleep
|rule|Species Clause: Limit one of each Pokémon
|rule|OHKO Clause: OHKO moves are banned
|rule|Evasion Items Clause: Evasion items are banned
|rule|Evasion Moves Clause: Evasion moves are banned
|rule|Endless Battle Clause: Forcing endless battles is banned
|rule|HP Percentage Mod: HP is shown in percentages
|rule|Dynamax Clause: You cannot dynamax
|clearpoke
|poke|p1|Melmetal|
|poke|p1|Weavile, F|
|poke|p1|Volcanion|
|poke|p1|Zapdos|
|poke|p1|Landorus-Therian, M|
|poke|p1|Kartana|
|poke|p2|Hatterene, F|
|poke|p2|Porygon2|
|poke|p2|Cresselia, F|
|poke|p2|Marowak-Alola, M|
|poke|p2|Crawdaunt, M|
|poke|p2|Melmetal|
|teampreview
|inactive|Battle timer is ON: inactive players will automatically lose when time's up. (requested by lebanesestinker)
|
|t:|1664676919
|start
|switch|p1a: Melmetal|Melmetal|100/100
|switch|p2a: Melmetal|Melmetal|100/100
|turn|1
|j| OverlordTaco
|
|t:|1664676941
|move|p1a: Melmetal|Earthquake|p2a: Melmetal
|-supereffective|p2a: Melmetal
|-damage|p2a: Melmetal|37/100
|move|p2a: Melmetal|Superpower|p1a: Melmetal
|-supereffective|p1a: Melmetal
|-damage|p1a: Melmetal|13/100
|-unboost|p2a: Melmetal|atk|1
|-unboost|p2a: Melmetal|def|1
|
|upkeep
|turn|2
|
|t:|1664676948
|switch|p1a: Weavile|Weavile, F|100/100
|-ability|p1a: Weavile|Pressure
|switch|p2a: Cresselia|Cresselia, F|100/100
|
|upkeep
|turn|3
|
|t:|1664676953
|move|p1a: Weavile|Beat Up|p2a: Cresselia
|-supereffective|p2a: Cresselia
|-damage|p2a: Cresselia|87/100
|-supereffective|p2a: Cresselia
|-damage|p2a: Cresselia|72/100
|-supereffective|p2a: Cresselia
|-damage|p2a: Cresselia|60/100
|-supereffective|p2a: Cresselia
|-damage|p2a: Cresselia|48/100
|-supereffective|p2a: Cresselia
|-damage|p2a: Cresselia|33/100
|-supereffective|p2a: Cresselia
|-damage|p2a: Cresselia|15/100
|-hitcount|p2a: Cresselia|6
|move|p2a: Cresselia|Trick Room|p2a: Cresselia
|-fieldstart|move: Trick Room|[of] p2a: Cresselia
|
|upkeep
|turn|4
|
|t:|1664676974
|switch|p1a: Zapdos|Zapdos|100/100
|move|p2a: Cresselia|Lunar Dance|p2a: Cresselia
|faint|p2a: Cresselia
|
|upkeep
|
|t:|1664676980
|switch|p2a: Marowak|Marowak-Alola, M|100/100
|turn|5
|
|t:|1664676984
|move|p2a: Marowak|Swords Dance|p2a: Marowak
|-boost|p2a: Marowak|atk|2
|move|p1a: Zapdos|Hurricane|p2a: Marowak|[miss]
|-miss|p1a: Zapdos|p2a: Marowak
|
|upkeep
|turn|6
|
|t:|1664677009
|switch|p1a: Landorus|Landorus-Therian, M|100/100
|-ability|p1a: Landorus|Intimidate|boost
|-unboost|p2a: Marowak|atk|1
|move|p2a: Marowak|Poltergeist|p1a: Landorus
|-activate|p1a: Landorus|move: Poltergeist|Leftovers
|-damage|p1a: Landorus|0 fnt
|faint|p1a: Landorus
|
|upkeep
|inactive|lebanesestinker has 120 seconds left.
|
|t:|1664677049
|switch|p1a: Kartana|Kartana, shiny|100/100
|turn|7
|
|t:|1664677065
|move|p2a: Marowak|Poltergeist|p1a: Kartana
|-activate|p1a: Kartana|move: Poltergeist|Choice Scarf
|-damage|p1a: Kartana|0 fnt
|faint|p1a: Kartana
|
|-fieldend|move: Trick Room
|upkeep
|
|t:|1664677069
|switch|p1a: Weavile|Weavile, F|100/100
|-ability|p1a: Weavile|Pressure
|turn|8
|
|t:|1664677072
|switch|p2a: Crawdaunt|Crawdaunt, M|100/100
|move|p1a: Weavile|Knock Off|p2a: Crawdaunt
|-resisted|p2a: Crawdaunt
|-damage|p2a: Crawdaunt|51/100
|-enditem|p2a: Crawdaunt|Life Orb|[from] move: Knock Off|[of] p1a: Weavile
|
|upkeep
|turn|9
|
|t:|1664677082
|move|p1a: Weavile|Knock Off|p2a: Crawdaunt
|-resisted|p2a: Crawdaunt
|-damage|p2a: Crawdaunt|20/100
|move|p2a: Crawdaunt|Knock Off|p1a: Weavile
|-resisted|p1a: Weavile
|-damage|p1a: Weavile|37/100
|-enditem|p1a: Weavile|Choice Band|[from] move: Knock Off|[of] p2a: Crawdaunt
|
|upkeep
|turn|10
|
|t:|1664677087
|move|p1a: Weavile|Knock Off|p2a: Crawdaunt
|-resisted|p2a: Crawdaunt
|-damage|p2a: Crawdaunt|0 fnt
|faint|p2a: Crawdaunt
|
|upkeep
|
|t:|1664677093
|switch|p2a: Melmetal|Melmetal|37/100
|-heal|p2a: Melmetal|100/100|[from] move: Lunar Dance
|turn|11
|
|t:|1664677098
|switch|p1a: Zapdos|Zapdos|100/100
|move|p2a: Melmetal|Thunder Punch|p1a: Zapdos
|-damage|p1a: Zapdos|51/100
|-status|p2a: Melmetal|par|[from] ability: Static|[of] p1a: Zapdos
|
|upkeep
|turn|12
|
|t:|1664677103
|move|p1a: Zapdos|Roost|p1a: Zapdos
|-heal|p1a: Zapdos|100/100
|-singleturn|p1a: Zapdos|move: Roost
|move|p2a: Melmetal|Thunder Punch|p1a: Zapdos
|-resisted|p1a: Zapdos
|-damage|p1a: Zapdos|76/100
|
|upkeep
|turn|13
|
|t:|1664677105
|move|p1a: Zapdos|Heat Wave|p2a: Melmetal
|-supereffective|p2a: Melmetal
|-damage|p2a: Melmetal|41/100 par
|cant|p2a: Melmetal|par
|
|upkeep
|turn|14
|
|t:|1664677108
|switch|p2a: Porygon2|Porygon2|100/100
|-ability|p2a: Porygon2|Download|boost
|-boost|p2a: Porygon2|spa|1
|move|p1a: Zapdos|Heat Wave|p2a: Porygon2
|-damage|p2a: Porygon2|87/100
|
|upkeep
|turn|15
|
|t:|1664677111
|move|p1a: Zapdos|Volt Switch|p2a: Porygon2
|-crit|p2a: Porygon2
|-damage|p2a: Porygon2|65/100
|
|t:|1664677112
|switch|p1a: Melmetal|Melmetal|13/100|[from]move: Volt Switch
|move|p2a: Porygon2|Trick Room|p2a: Porygon2
|-fieldstart|move: Trick Room|[of] p2a: Porygon2
|
|upkeep
|turn|16
|
|t:|1664677114
|move|p2a: Porygon2|Thunderbolt|p1a: Melmetal
|-damage|p1a: Melmetal|0 fnt
|faint|p1a: Melmetal
|
|upkeep
|
|t:|1664677118
|switch|p1a: Zapdos|Zapdos|76/100
|turn|17
|
|t:|1664677122
|move|p2a: Porygon2|Ice Beam|p1a: Zapdos
|-supereffective|p1a: Zapdos
|-damage|p1a: Zapdos|16/100
|move|p1a: Zapdos|Volt Switch|p2a: Porygon2
|-damage|p2a: Porygon2|51/100
|
|t:|1664677126
|switch|p1a: Volcanion|Volcanion|100/100|[from]move: Volt Switch
|
|upkeep
|turn|18
|
|t:|1664677129
|move|p2a: Porygon2|Thunderbolt|p1a: Volcanion
|-supereffective|p1a: Volcanion
|-damage|p1a: Volcanion|22/100
|move|p1a: Volcanion|Steam Eruption|p2a: Porygon2
|-damage|p2a: Porygon2|11/100
|
|upkeep
|turn|19
|
|t:|1664677134
|switch|p1a: Zapdos|Zapdos|16/100
|move|p2a: Porygon2|Thunderbolt|p1a: Zapdos
|-damage|p1a: Zapdos|0 fnt
|faint|p1a: Zapdos
|
|-fieldend|move: Trick Room
|upkeep
|
|t:|1664677136
|switch|p1a: Weavile|Weavile, F|37/100
|-ability|p1a: Weavile|Pressure
|turn|20
|
|t:|1664677138
|move|p1a: Weavile|Knock Off|p2a: Porygon2
|-damage|p2a: Porygon2|0 fnt
|-enditem|p2a: Porygon2|Eviolite|[from] move: Knock Off|[of] p1a: Weavile
|faint|p2a: Porygon2
|
|upkeep
|
|t:|1664677140
|switch|p2a: Hatterene|Hatterene, F|100/100
|turn|21
|
|t:|1664677143
|move|p1a: Weavile|Knock Off|p2a: Hatterene
|-damage|p2a: Hatterene|48/100
|-enditem|p2a: Hatterene|Focus Sash|[from] move: Knock Off|[of] p1a: Weavile
|move|p2a: Hatterene|Trick Room|p2a: Hatterene
|-fieldstart|move: Trick Room|[of] p2a: Hatterene
|
|upkeep
|turn|22
|
|t:|1664677147
|move|p1a: Weavile|Ice Shard|p2a: Hatterene
|-crit|p2a: Hatterene
|-damage|p2a: Hatterene|13/100
|move|p2a: Hatterene|Healing Wish|p2a: Hatterene
|faint|p2a: Hatterene
|
|upkeep
|
|t:|1664677149
|switch|p2a: Marowak|Marowak-Alola, M|100/100
|turn|23
|
|t:|1664677150
|move|p2a: Marowak|Flare Blitz|p1a: Weavile
|-supereffective|p1a: Weavile
|-damage|p1a: Weavile|0 fnt
|faint|p1a: Weavile
|
|upkeep
|
|t:|1664677151
|switch|p1a: Volcanion|Volcanion|22/100
|turn|24
|
|t:|1664677153
|move|p2a: Marowak|Flare Blitz|p1a: Volcanion
|-resisted|p1a: Volcanion
|-damage|p1a: Volcanion|0 fnt
|faint|p1a: Volcanion
|
|win|Ferrothornail草钢甲
|raw|lebanesestinker's rating: 1630 &rarr; <strong>1620</strong><br />(-10 for losing)
|raw|Ferrothornail草钢甲's rating: 1813 &rarr; <strong>1823</strong><br />(+10 for winning)
|l|☆lebanesestinker
|l|☆Ferrothornail草钢甲
||Ladder isn't responding, score probably updated but might not have (Request timeout).
|j|☆Ferrothornail草钢甲
|player|p2|Ferrothornail草钢甲|lillie
