|j|☆SuperTheoryBros
|j|☆NotSchool
|t:|1606518320
|player|p1|SuperTheoryBros|265|1763
|player|p2|NotSchool|265|1743
|teamsize|p1|6
|teamsize|p2|6
|gametype|singles
|gen|8
|tier|[Gen 8] OU
|rated|
|clearpoke
|poke|p1|Grimmsnarl, M|
|poke|p1|Magearna|
|poke|p1|Dragonite, F|
|poke|p1|Pheromosa|
|poke|p1|Nidoking, M|
|poke|p1|Ditto|
|poke|p2|Dragonite, M|
|poke|p2|Pheromosa|
|poke|p2|Spectrier|
|poke|p2|Swampert, F|
|poke|p2|Melmetal|
|poke|p2|Kartana|
|rule|Sleep Clause Mod: Limit one foe put to sleep
|rule|Species Clause: Limit one of each Pokémon
|rule|OHKO Clause: OHKO moves are banned
|rule|Evasion Moves Clause: Evasion moves are banned
|rule|Endless Battle Clause: Forcing endless battles is banned
|rule|HP Percentage Mod: HP is shown in percentages
|rule|Dynamax Clause: You cannot dynamax
|teampreview
|inactive|Battle timer is ON: inactive players will automatically lose when time's up. (requested by SuperTheoryBros)
|
|t:|1606518347
|start
|switch|p1a: Dragonite|Dragonite, F|100/100
|switch|p2a: Swampert|Swampert, F|100/100
|turn|1
|
|t:|1606518354
|move|p1a: Dragonite|Dragon Dance|p1a: Dragonite
|-boost|p1a: Dragonite|atk|1
|-boost|p1a: Dragonite|spe|1
|move|p2a: Swampert|Toxic|p1a: Dragonite
|-status|p1a: Dragonite|tox
|
|-damage|p1a: Dragonite|94/100 tox|[from] psn
|upkeep
|turn|2
|j| Vessev
|j| ppev
|j| Surgo
|
|t:|1606518373
|move|p1a: Dragonite|Dragon Dance|p1a: Dragonite
|-boost|p1a: Dragonite|atk|1
|-boost|p1a: Dragonite|spe|1
|move|p2a: Swampert|Stealth Rock|p1a: Dragonite
|-sidestart|p1: SuperTheoryBros|move: Stealth Rock
|
|-damage|p1a: Dragonite|82/100 tox|[from] psn
|upkeep
|turn|3
|
|t:|1606518397
|move|p1a: Dragonite|Dragon Dance|p1a: Dragonite
|-boost|p1a: Dragonite|atk|1
|-boost|p1a: Dragonite|spe|1
|move|p2a: Swampert|Flip Turn|p1a: Dragonite
|-resisted|p1a: Dragonite
|-crit|p1a: Dragonite
|-damage|p1a: Dragonite|63/100 tox
|
|t:|1606518399
|switch|p2a: Pheromosa|Pheromosa|100/100|[from]move: Flip Turn
|
|-damage|p1a: Dragonite|45/100 tox|[from] psn
|upkeep
|turn|4
|
|t:|1606518411
|switch|p2a: Melmetal|Melmetal|100/100
|move|p1a: Dragonite|Heal Bell|p1a: Dragonite
|-activate|p1a: Dragonite|move: Heal Bell
|-curestatus|p1a: Dragonite|tox|[msg]
|
|upkeep
|turn|5
|
|t:|1606518432
|move|p1a: Dragonite|Roost|p1a: Dragonite
|-heal|p1a: Dragonite|95/100
|-singleturn|p1a: Dragonite|move: Roost
|move|p2a: Melmetal|Double Iron Bash|p1a: Dragonite
|-damage|p1a: Dragonite|32/100
|-damage|p1a: Dragonite|0 fnt
|-hitcount|p1a: Dragonite|2
|faint|p1a: Dragonite
|
|upkeep
|j| I'M AT MY LIMIT!
|inactive|SuperTheoryBros has 120 seconds left.
|
|t:|1606518462
|switch|p1a: Nidoking|Nidoking, M|100/100
|-damage|p1a: Nidoking|94/100|[from] Stealth Rock
|turn|6
|
|t:|1606518469
|move|p1a: Nidoking|Earth Power|p2a: Melmetal
|-supereffective|p2a: Melmetal
|-damage|p2a: Melmetal|0 fnt
|faint|p2a: Melmetal
|
|upkeep
|
|t:|1606518492
|switch|p2a: Pheromosa|Pheromosa|100/100
|turn|7
|inactive|SuperTheoryBros has 120 seconds left.
|
|t:|1606518515
|switch|p1a: Magearna|Magearna|100/100
|-damage|p1a: Magearna|94/100|[from] Stealth Rock
|move|p2a: Pheromosa|Ice Beam|p1a: Magearna
|-resisted|p1a: Magearna
|-damage|p1a: Magearna|81/100
|
|upkeep
|turn|8
|
|t:|1606518536
|move|p2a: Pheromosa|U-turn|p1a: Magearna
|-resisted|p1a: Magearna
|-damage|p1a: Magearna|75/100
|
|t:|1606518540
|switch|p2a: Swampert|Swampert, F|100/100|[from]move: U-turn
|move|p1a: Magearna|Iron Defense|p1a: Magearna
|-boost|p1a: Magearna|def|2
|
|upkeep
|turn|9
|
|t:|1606518550
|move|p1a: Magearna|Calm Mind|p1a: Magearna
|-boost|p1a: Magearna|spa|1
|-boost|p1a: Magearna|spd|1
|move|p2a: Swampert|Flip Turn|p1a: Magearna
|-damage|p1a: Magearna|62/100
|
|t:|1606518556
|switch|p2a: Spectrier|Spectrier|100/100|[from]move: Flip Turn
|
|upkeep
|turn|10
|inactive|SuperTheoryBros has 120 seconds left.
|l| Vessev
|
|t:|1606518563
|move|p2a: Spectrier|Shadow Ball|p1a: Magearna
|-damage|p1a: Magearna|23/100
|move|p1a: Magearna|Draining Kiss|p2a: Spectrier
|-damage|p2a: Spectrier|46/100
|-heal|p1a: Magearna|61/100|[from] drain|[of] p2a: Spectrier
|
|upkeep
|turn|11
|j| Vessev
|
|t:|1606518572
|move|p2a: Spectrier|Shadow Ball|p1a: Magearna
|-damage|p1a: Magearna|20/100
|move|p1a: Magearna|Draining Kiss|p2a: Spectrier
|-damage|p2a: Spectrier|0 fnt
|-heal|p1a: Magearna|52/100|[from] drain|[of] p2a: Spectrier
|faint|p2a: Spectrier
|-ability|p1a: Magearna|Soul-Heart|boost
|-boost|p1a: Magearna|spa|1
|
|upkeep
|
|t:|1606518587
|switch|p2a: Kartana|Kartana|100/100
|turn|12
|
|t:|1606518597
|move|p2a: Kartana|Sacred Sword|p1a: Magearna
|-damage|p1a: Magearna|16/100
|move|p1a: Magearna|Draining Kiss|p2a: Kartana
|-resisted|p2a: Kartana
|-crit|p2a: Kartana
|-damage|p2a: Kartana|0 fnt
|-heal|p1a: Magearna|69/100|[from] drain|[of] p2a: Kartana
|faint|p2a: Kartana
|-ability|p1a: Magearna|Soul-Heart|boost
|-boost|p1a: Magearna|spa|1
|
|upkeep
|j| Fart Stinky
|
|t:|1606518608
|switch|p2a: Pheromosa|Pheromosa|100/100
|turn|13
|
|t:|1606518612
|move|p2a: Pheromosa|Focus Blast|p1a: Magearna
|-damage|p1a: Magearna|35/100
|move|p1a: Magearna|Draining Kiss|p2a: Pheromosa
|-supereffective|p2a: Pheromosa
|-damage|p2a: Pheromosa|0 fnt
|-heal|p1a: Magearna|94/100|[from] drain|[of] p2a: Pheromosa
|faint|p2a: Pheromosa
|-ability|p1a: Magearna|Soul-Heart|boost
|-boost|p1a: Magearna|spa|1
|
|upkeep
|-message|NotSchool forfeited.
|
|win|SuperTheoryBros
|l|☆NotSchool
|l| Fart Stinky
|l| Surgo
||Ladder (probably) updated, but score could not be retrieved (Request timeout).
|l| I'M AT MY LIMIT!
|j| ohubtgvtygeuv gyh
|l| ppev
|l| ohubtgvtygeuv gyh
