|j|☆Stigmancel
|j|☆corumba
|t:|1617380312
|gametype|singles
|player|p1|Stigmancel|265|1783
|player|p2|corumba|schoolkid-gen4|1947
|teamsize|p1|6
|teamsize|p2|6
|gen|8
|tier|[Gen 8] OU
|rated|
|clearpoke
|poke|p1|Pelipper, F|
|poke|p1|Barraskewda, F|
|poke|p1|Urshifu-*, M|
|poke|p1|Regieleki|
|poke|p1|Ferrothorn, M|
|poke|p1|Kyurem|
|poke|p2|Melmetal|
|poke|p2|Mamoswine, F|
|poke|p2|Ferrothorn, F|
|poke|p2|Moltres-Galar|
|poke|p2|Dragapult, F|
|poke|p2|Dragonite, M|
|rule|Sleep Clause Mod: Limit one foe put to sleep
|rule|Species Clause: Limit one of each Pokémon
|rule|OHKO Clause: OHKO moves are banned
|rule|Evasion Moves Clause: Evasion moves are banned
|rule|Endless Battle Clause: Forcing endless battles is banned
|rule|HP Percentage Mod: HP is shown in percentages
|rule|Dynamax Clause: You cannot dynamax
|teampreview
|j| ID Uc207Pr4f57t9
|
|t:|1617380320
|start
|switch|p1a: Ferrothorn|Ferrothorn, M|100/100
|switch|p2a: Ferrothorn|Ferrothorn, F|100/100
|turn|1
|
|t:|1617380330
|move|p2a: Ferrothorn|Spikes|p1a: Ferrothorn
|-sidestart|p1: Stigmancel|Spikes
|move|p1a: Ferrothorn|Stealth Rock|p2a: Ferrothorn
|-sidestart|p2: corumba|move: Stealth Rock
|
|upkeep
|turn|2
|
|t:|1617380346
|move|p2a: Ferrothorn|Body Press|p1a: Ferrothorn
|-supereffective|p1a: Ferrothorn
|-enditem|p1a: Ferrothorn|Chople Berry|[eat]
|-enditem|p1a: Ferrothorn|Chople Berry|[weaken]
|-damage|p1a: Ferrothorn|86/100
|-damage|p2a: Ferrothorn|88/100|[from] ability: Iron Barbs|[of] p1a: Ferrothorn
|move|p1a: Ferrothorn|Spikes|p2a: Ferrothorn
|-sidestart|p2: corumba|Spikes
|
|-heal|p2a: Ferrothorn|94/100|[from] item: Leftovers
|upkeep
|turn|3
|
|t:|1617380353
|move|p2a: Ferrothorn|Spikes|p1a: Ferrothorn
|-sidestart|p1: Stigmancel|Spikes
|move|p1a: Ferrothorn|Spikes|p2a: Ferrothorn
|-sidestart|p2: corumba|Spikes
|
|-heal|p2a: Ferrothorn|99/100|[from] item: Leftovers
|upkeep
|turn|4
|
|t:|1617380357
|move|p2a: Ferrothorn|Spikes|p1a: Ferrothorn
|-sidestart|p1: Stigmancel|Spikes
|move|p1a: Ferrothorn|Spikes|p2a: Ferrothorn
|-sidestart|p2: corumba|Spikes
|
|-heal|p2a: Ferrothorn|100/100|[from] item: Leftovers
|upkeep
|turn|5
|
|t:|1617380361
|switch|p1a: Urshifu|Urshifu-Rapid-Strike, M|100/100
|-damage|p1a: Urshifu|75/100|[from] Spikes
|move|p2a: Ferrothorn|Thunder Wave|p1a: Urshifu
|-status|p1a: Urshifu|par
|
|upkeep
|turn|6
|
|t:|1617380369
|switch|p2a: Dragonite|Dragonite, M|100/100
|move|p1a: Urshifu|Surging Strikes|p2a: Dragonite
|-resisted|p2a: Dragonite
|-crit|p2a: Dragonite
|-damage|p2a: Dragonite|94/100
|-resisted|p2a: Dragonite
|-crit|p2a: Dragonite
|-damage|p2a: Dragonite|80/100
|-resisted|p2a: Dragonite
|-crit|p2a: Dragonite
|-damage|p2a: Dragonite|65/100
|-hitcount|p2a: Dragonite|3
|
|upkeep
|turn|7
|j| trollordeerr
|
|t:|1617380377
|switch|p1a: Kyurem|Kyurem|100/100
|-damage|p1a: Kyurem|76/100|[from] Spikes
|-ability|p1a: Kyurem|Pressure
|move|p2a: Dragonite|Roost|p2a: Dragonite
|-heal|p2a: Dragonite|100/100
|-singleturn|p2a: Dragonite|move: Roost
|
|-heal|p1a: Kyurem|82/100|[from] item: Leftovers
|upkeep
|turn|8
|
|t:|1617380380
|switch|p2a: Ferrothorn|Ferrothorn, F|100/100
|-damage|p2a: Ferrothorn|95/100|[from] Stealth Rock
|-damage|p2a: Ferrothorn|70/100|[from] Spikes
|move|p1a: Kyurem|Icicle Spear|p2a: Ferrothorn
|-damage|p2a: Ferrothorn|59/100
|-damage|p2a: Ferrothorn|49/100
|-hitcount|p2a: Ferrothorn|2
|
|-heal|p1a: Kyurem|88/100|[from] item: Leftovers
|-heal|p2a: Ferrothorn|55/100|[from] item: Leftovers
|upkeep
|turn|9
|
|t:|1617380385
|move|p1a: Kyurem|Substitute|p1a: Kyurem
|-start|p1a: Kyurem|Substitute
|-damage|p1a: Kyurem|63/100
|move|p2a: Ferrothorn|Thunder Wave||[still]
|-fail|p2a: Ferrothorn
|
|-heal|p1a: Kyurem|69/100|[from] item: Leftovers
|-heal|p2a: Ferrothorn|61/100|[from] item: Leftovers
|upkeep
|turn|10
|
|t:|1617380388
|move|p1a: Kyurem|Dragon Dance|p1a: Kyurem
|-boost|p1a: Kyurem|atk|1
|-boost|p1a: Kyurem|spe|1
|move|p2a: Ferrothorn|Body Press|p1a: Kyurem
|-supereffective|p1a: Kyurem
|-end|p1a: Kyurem|Substitute
|
|-heal|p1a: Kyurem|75/100|[from] item: Leftovers
|-heal|p2a: Ferrothorn|67/100|[from] item: Leftovers
|upkeep
|turn|11
|
|t:|1617380392
|move|p1a: Kyurem|Icicle Spear|p2a: Ferrothorn
|-damage|p2a: Ferrothorn|52/100
|-damage|p2a: Ferrothorn|37/100
|-damage|p2a: Ferrothorn|20/100
|-hitcount|p2a: Ferrothorn|3
|move|p2a: Ferrothorn|Thunder Wave|p1a: Kyurem
|-status|p1a: Kyurem|par
|
|-heal|p1a: Kyurem|82/100 par|[from] item: Leftovers
|-heal|p2a: Ferrothorn|26/100|[from] item: Leftovers
|upkeep
|turn|12
|
|t:|1617380396
|move|p1a: Kyurem|Icicle Spear|p2a: Ferrothorn
|-damage|p2a: Ferrothorn|10/100
|-damage|p2a: Ferrothorn|0 fnt
|-hitcount|p2a: Ferrothorn|2
|faint|p2a: Ferrothorn
|
|-heal|p1a: Kyurem|88/100 par|[from] item: Leftovers
|upkeep
|j| GoudonRockpolish
|
|t:|1617380399
|switch|p2a: Dragapult|Dragapult, F|100/100
|turn|13
|
|t:|1617380402
|move|p2a: Dragapult|Dragon Darts|p1a: Kyurem
|-supereffective|p1a: Kyurem
|-damage|p1a: Kyurem|41/100 par
|-anim|p2a: Dragapult|Dragon Darts|p1a: Kyurem
|-supereffective|p1a: Kyurem
|-damage|p1a: Kyurem|0 fnt
|faint|p1a: Kyurem
|
|upkeep
|
|t:|1617380410
|switch|p1a: Pelipper|Pelipper, F|100/100
|-weather|RainDance|[from] ability: Drizzle|[of] p1a: Pelipper
|turn|14
|j| Alkp0wl
|l| ID Uc207Pr4f57t9
|
|t:|1617380423
|move|p2a: Dragapult|Dragon Dance|p2a: Dragapult
|-boost|p2a: Dragapult|atk|1
|-boost|p2a: Dragapult|spe|1
|move|p1a: Pelipper|Scald|p2a: Dragapult
|-resisted|p2a: Dragapult
|-damage|p2a: Dragapult|77/100
|
|-weather|RainDance|[upkeep]
|upkeep
|turn|15
|
|t:|1617380426
|move|p2a: Dragapult|Dragon Darts|p1a: Pelipper
|-damage|p1a: Pelipper|71/100
|-anim|p2a: Dragapult|Dragon Darts|p1a: Pelipper
|-damage|p1a: Pelipper|41/100
|move|p1a: Pelipper|Scald|p2a: Dragapult
|-resisted|p2a: Dragapult
|-damage|p2a: Dragapult|52/100
|
|-weather|RainDance|[upkeep]
|upkeep
|turn|16
|j| OU make me yawn ¤
|
|t:|1617380430
|move|p2a: Dragapult|Dragon Darts|p1a: Pelipper
|-damage|p1a: Pelipper|12/100
|-anim|p2a: Dragapult|Dragon Darts|p1a: Pelipper
|-damage|p1a: Pelipper|0 fnt
|faint|p1a: Pelipper
|
|-weather|RainDance|[upkeep]
|upkeep
|
|t:|1617380433
|switch|p1a: Barraskewda|Barraskewda, F|100/100
|-damage|p1a: Barraskewda|76/100|[from] Spikes
|turn|17
|
|t:|1617380456
|switch|p2a: Dragonite|Dragonite, M|100/100
|move|p1a: Barraskewda|Liquidation|p2a: Dragonite
|-resisted|p2a: Dragonite
|-damage|p2a: Dragonite|76/100
|-unboost|p2a: Dragonite|def|1
|
|-weather|RainDance|[upkeep]
|upkeep
|turn|18
|
|t:|1617380458
|move|p1a: Barraskewda|Liquidation|p2a: Dragonite
|-resisted|p2a: Dragonite
|-damage|p2a: Dragonite|5/100
|move|p2a: Dragonite|Roost|p2a: Dragonite
|-heal|p2a: Dragonite|55/100
|-singleturn|p2a: Dragonite|move: Roost
|
|-weather|RainDance|[upkeep]
|upkeep
|turn|19
|j| uka uka uka
|
|t:|1617380501
|switch|p2a: Moltres|Moltres-Galar|100/100
|move|p1a: Barraskewda|Liquidation|p2a: Moltres
|-damage|p2a: Moltres|0 fnt
|faint|p2a: Moltres
|
|-weather|RainDance|[upkeep]
|upkeep
|
|t:|1617380507
|switch|p2a: Dragonite|Dragonite, M|55/100
|turn|20
|
|t:|1617380546
|move|p1a: Barraskewda|Liquidation|p2a: Dragonite
|-resisted|p2a: Dragonite
|-damage|p2a: Dragonite|6/100
|move|p2a: Dragonite|Roost|p2a: Dragonite
|-heal|p2a: Dragonite|56/100
|-singleturn|p2a: Dragonite|move: Roost
|
|-weather|RainDance|[upkeep]
|upkeep
|turn|21
|
|t:|1617380551
|move|p1a: Barraskewda|Liquidation|p2a: Dragonite
|-resisted|p2a: Dragonite
|-damage|p2a: Dragonite|7/100
|move|p2a: Dragonite|Roost|p2a: Dragonite
|-heal|p2a: Dragonite|57/100
|-singleturn|p2a: Dragonite|move: Roost
|
|-weather|none
|upkeep
|turn|22
|-message|Stigmancel forfeited.
|
|win|corumba
|raw|Stigmancel's rating: 1783 &rarr; <strong>1772</strong><br />(-11 for losing)
|raw|corumba's rating: 1947 &rarr; <strong>1958</strong><br />(+11 for winning)
|l|☆Stigmancel
