|j|☆LolzMachine
|j|☆lepluskawaii
|t:|1610291917
|player|p1|LolzMachine|294|1834
|player|p2|lepluskawaii|cynthia-gen4|1713
|teamsize|p1|6
|teamsize|p2|6
|gametype|singles
|gen|8
|tier|[Gen 8] OU
|rated|
|clearpoke
|poke|p1|Aggron, F|
|poke|p1|Araquanid, M|
|poke|p1|Garchomp, M|
|poke|p1|Zapdos-Galar|
|poke|p1|Obstagoon, F|
|poke|p1|Regieleki|
|poke|p2|Cinderace, M|
|poke|p2|Clefable, M|
|poke|p2|Spectrier|
|poke|p2|Magearna|
|poke|p2|Toxapex, F|
|poke|p2|Landorus-Therian, M|
|rule|Sleep Clause Mod: Limit one foe put to sleep
|rule|Species Clause: Limit one of each Pokémon
|rule|OHKO Clause: OHKO moves are banned
|rule|Evasion Moves Clause: Evasion moves are banned
|rule|Endless Battle Clause: Forcing endless battles is banned
|rule|HP Percentage Mod: HP is shown in percentages
|rule|Dynamax Clause: You cannot dynamax
|teampreview
|
|t:|1610291938
|start
|switch|p1a: Araquanid|Araquanid, M|100/100
|switch|p2a: Magearna|Magearna|100/100
|turn|1
|
|t:|1610291950
|move|p1a: Araquanid|Liquidation|p2a: Magearna
|-damage|p2a: Magearna|46/100
|move|p2a: Magearna|Iron Defense|p2a: Magearna
|-boost|p2a: Magearna|def|2
|
|-heal|p2a: Magearna|52/100|[from] item: Leftovers
|upkeep
|turn|2
|
|t:|1610291957
|move|p1a: Araquanid|Liquidation|p2a: Magearna
|-damage|p2a: Magearna|27/100
|move|p2a: Magearna|Thunderbolt|p1a: Araquanid
|-supereffective|p1a: Araquanid
|-damage|p1a: Araquanid|39/100
|
|-heal|p2a: Magearna|33/100|[from] item: Leftovers
|upkeep
|turn|3
|
|t:|1610291964
|move|p1a: Araquanid|Sticky Web|p2a: Magearna
|-sidestart|p2: lepluskawaii|move: Sticky Web
|move|p2a: Magearna|Thunderbolt|p1a: Araquanid
|-supereffective|p1a: Araquanid
|-crit|p1a: Araquanid
|-damage|p1a: Araquanid|0 fnt
|faint|p1a: Araquanid
|-ability|p2a: Magearna|Soul-Heart|boost
|-boost|p2a: Magearna|spa|1
|
|-heal|p2a: Magearna|39/100|[from] item: Leftovers
|upkeep
|
|t:|1610291967
|switch|p1a: Regieleki|Regieleki|100/100
|turn|4
|j| Merydios
|
|t:|1610291994
|switch|p2a: Landorus|Landorus-Therian, M|100/100
|-ability|p2a: Landorus|Intimidate|boost
|-unboost|p1a: Regieleki|atk|1
|move|p1a: Regieleki|Volt Switch|p2a: Landorus
|-immune|p2a: Landorus
|
|upkeep
|turn|5
|j| Flamaxim
|j| 0zorcNecropHADES
|l| Merydios
|
|t:|1610292007
|switch|p1a: Garchomp|Garchomp, M|100/100
|move|p2a: Landorus|Swords Dance|p2a: Landorus
|-boost|p2a: Landorus|atk|2
|
|upkeep
|turn|6
|
|t:|1610292014
|move|p2a: Landorus|Earthquake|p1a: Garchomp
|-damage|p1a: Garchomp|5/100
|move|p1a: Garchomp|Dragon Tail|p2a: Landorus
|-damage|p2a: Landorus|69/100
|drag|p2a: Toxapex|Toxapex, F|100/100
|-activate|p2a: Toxapex|move: Sticky Web
|-unboost|p2a: Toxapex|spe|1
|
|upkeep
|turn|7
|j| BritiSh MisTy
|j| ByronGymLeader
|c| BritiSh MisTy|go lolzmachine
|c| BritiSh MisTy|im your fan
|
|t:|1610292024
|move|p1a: Garchomp|Stealth Rock|p2a: Toxapex
|-sidestart|p2: lepluskawaii|move: Stealth Rock
|move|p2a: Toxapex|Toxic|p1a: Garchomp
|-status|p1a: Garchomp|tox
|
|-damage|p1a: Garchomp|0 fnt|[from] psn
|faint|p1a: Garchomp
|upkeep
|l| ByronGymLeader
|c|☆LolzMachine|thanks
|j| ppev
|c| 0zorcNecropHADES|yh funny team
|
|t:|1610292033
|switch|p1a: Obstagoon|Obstagoon, F|100/100
|turn|8
|
|t:|1610292036
|move|p1a: Obstagoon|Taunt|p2a: Toxapex
|-start|p2a: Toxapex|move: Taunt
|cant|p2a: Toxapex|move: Taunt|Toxic
|
|-status|p1a: Obstagoon|brn|[from] item: Flame Orb
|upkeep
|turn|9
|l| ppev
|
|t:|1610292045
|move|p1a: Obstagoon|Facade|p2a: Toxapex
|-damage|p2a: Toxapex|47/100
|move|p2a: Toxapex|Scald|p1a: Obstagoon
|-damage|p1a: Obstagoon|81/100 brn
|
|-heal|p2a: Toxapex|53/100|[from] item: Black Sludge
|-damage|p1a: Obstagoon|75/100 brn|[from] brn
|upkeep
|turn|10
|j| flesh world
|j| WeeScott
|
|t:|1610292098
|switch|p2a: Magearna|Magearna|39/100
|-damage|p2a: Magearna|33/100|[from] Stealth Rock
|-activate|p2a: Magearna|move: Sticky Web
|-unboost|p2a: Magearna|spe|1
|move|p1a: Obstagoon|Facade|p2a: Magearna
|-resisted|p2a: Magearna
|-damage|p2a: Magearna|0 fnt
|faint|p2a: Magearna
|
|-damage|p1a: Obstagoon|69/100 brn|[from] brn
|upkeep
|
|t:|1610292109
|switch|p2a: luffy|Cinderace, M|100/100
|turn|11
|
|t:|1610292112
|move|p2a: luffy|Court Change|p2a: luffy
|-start|p2a: luffy|typechange|Normal|[from] ability: Libero
|-sideend|p2: lepluskawaii|Stealth Rock|[silent]
|-sidestart|p1: LolzMachine|Stealth Rock|[silent]
|-sideend|p2: lepluskawaii|Sticky Web|[silent]
|-sidestart|p1: LolzMachine|Sticky Web|[silent]
|-activate|p2a: luffy|move: Court Change
|move|p1a: Obstagoon|Facade|p2a: luffy
|-damage|p2a: luffy|0 fnt
|faint|p2a: luffy
|
|-damage|p1a: Obstagoon|63/100 brn|[from] brn
|upkeep
|
|t:|1610292127
|switch|p2a: Toxapex|Toxapex, F|86/100
|turn|12
|
|t:|1610292133
|move|p1a: Obstagoon|Facade|p2a: Toxapex
|-damage|p2a: Toxapex|29/100
|move|p2a: Toxapex|Recover|p2a: Toxapex
|-heal|p2a: Toxapex|79/100
|
|-heal|p2a: Toxapex|85/100|[from] item: Black Sludge
|-damage|p1a: Obstagoon|56/100 brn|[from] brn
|upkeep
|turn|13
|
|t:|1610292149
|switch|p1a: Regieleki|Regieleki|100/100
|-damage|p1a: Regieleki|88/100|[from] Stealth Rock
|-activate|p1a: Regieleki|move: Sticky Web
|-unboost|p1a: Regieleki|spe|1
|move|p2a: Toxapex|Recover|p2a: Toxapex
|-heal|p2a: Toxapex|100/100
|
|upkeep
|turn|14
|
|t:|1610292163
|switch|p2a: nagisa|Clefable, M|100/100
|move|p1a: Regieleki|Rapid Spin|p2a: nagisa
|-damage|p2a: nagisa|89/100
|-boost|p1a: Regieleki|spe|1
|-sideend|p1: LolzMachine|Stealth Rock|[from] move: Rapid Spin|[of] p1a: Regieleki
|-sideend|p1: LolzMachine|Sticky Web|[from] move: Rapid Spin|[of] p1a: Regieleki
|
|-heal|p2a: nagisa|95/100|[from] item: Leftovers
|upkeep
|turn|15
|j| skyexperimenter
|
|t:|1610292173
|switch|p1a: Aggron|Aggron, F|100/100
|move|p2a: nagisa|Teleport|p2a: nagisa
|
|t:|1610292199
|switch|p2a: Toxapex|Toxapex, F|100/100|[from]move: Teleport
|
|upkeep
|turn|16
|
|t:|1610292203
|move|p1a: Aggron|Head Smash|p2a: Toxapex
|-crit|p2a: Toxapex
|-damage|p2a: Toxapex|0 fnt
|faint|p2a: Toxapex
|
|upkeep
|
|t:|1610292214
|switch|p2a: Landorus|Landorus-Therian, M|69/100
|-ability|p2a: Landorus|Intimidate|boost
|-unboost|p1a: Aggron|atk|1
|turn|17
|
|t:|1610292223
|switch|p1a: Zapdos|Zapdos-Galar|100/100
|move|p2a: Landorus|Stone Edge|p1a: Zapdos
|-damage|p1a: Zapdos|59/100
|
|-heal|p1a: Zapdos|65/100|[from] item: Leftovers
|-heal|p2a: Landorus|75/100|[from] item: Leftovers
|upkeep
|turn|18
|
|t:|1610292239
|switch|p2a: nagisa|Clefable, M|95/100
|move|p1a: Zapdos|Brave Bird|p2a: nagisa
|-damage|p2a: nagisa|28/100
|-damage|p1a: Zapdos|38/100|[from] Recoil
|
|-heal|p1a: Zapdos|44/100|[from] item: Leftovers
|-heal|p2a: nagisa|34/100|[from] item: Leftovers
|upkeep
|turn|19
|j| prof darkness
|
|t:|1610292251
|move|p1a: Zapdos|Brave Bird|p2a: nagisa
|-damage|p2a: nagisa|0 fnt
|-damage|p1a: Zapdos|31/100|[from] Recoil
|faint|p2a: nagisa
|
|-heal|p1a: Zapdos|37/100|[from] item: Leftovers
|upkeep
|
|t:|1610292257
|switch|p2a: Spectrier|Spectrier|100/100
|turn|20
|
|t:|1610292271
|switch|p1a: Aggron|Aggron, F|100/100
|move|p2a: Spectrier|Substitute|p2a: Spectrier
|-start|p2a: Spectrier|Substitute
|-damage|p2a: Spectrier|76/100
|
|upkeep
|turn|21
|
|t:|1610292281
|move|p2a: Spectrier|Shadow Ball|p1a: Aggron
|-damage|p1a: Aggron|0 fnt
|-damage|p2a: Spectrier|66/100|[from] item: Life Orb
|faint|p1a: Aggron
|-ability|p2a: Spectrier|Grim Neigh|boost
|-boost|p2a: Spectrier|spa|1
|
|upkeep
|
|t:|1610292287
|switch|p1a: Obstagoon|Obstagoon, F|56/100 brn
|turn|22
|
|t:|1610292291
|move|p2a: Spectrier|Hex|p1a: Obstagoon
|-immune|p1a: Obstagoon
|move|p1a: Obstagoon|Knock Off|p2a: Spectrier
|-supereffective|p2a: Spectrier
|-end|p2a: Spectrier|Substitute
|
|-damage|p1a: Obstagoon|50/100 brn|[from] brn
|upkeep
|turn|23
|
|t:|1610292316
|move|p2a: Spectrier|Substitute|p2a: Spectrier
|-start|p2a: Spectrier|Substitute
|-damage|p2a: Spectrier|41/100
|move|p1a: Obstagoon|Knock Off|p2a: Spectrier
|-supereffective|p2a: Spectrier
|-end|p2a: Spectrier|Substitute
|
|-damage|p1a: Obstagoon|44/100 brn|[from] brn
|upkeep
|turn|24
|c| 0zorcNecropHADES|:data uproar
|
|t:|1610292343
|move|p2a: Spectrier|Substitute|p2a: Spectrier
|-start|p2a: Spectrier|Substitute
|-damage|p2a: Spectrier|16/100
|move|p1a: Obstagoon|Knock Off|p2a: Spectrier
|-supereffective|p2a: Spectrier
|-end|p2a: Spectrier|Substitute
|
|-damage|p1a: Obstagoon|38/100 brn|[from] brn
|upkeep
|turn|25
|
|t:|1610292357
|move|p2a: Spectrier|Hex|p1a: Obstagoon
|-immune|p1a: Obstagoon
|move|p1a: Obstagoon|Knock Off|p2a: Spectrier
|-supereffective|p2a: Spectrier
|-damage|p2a: Spectrier|0 fnt
|-enditem|p2a: Spectrier|Life Orb|[from] move: Knock Off|[of] p1a: Obstagoon
|faint|p2a: Spectrier
|
|-damage|p1a: Obstagoon|32/100 brn|[from] brn
|upkeep
|
|t:|1610292366
|switch|p2a: Landorus|Landorus-Therian, M|75/100
|-ability|p2a: Landorus|Intimidate|boost
|-unboost|p1a: Obstagoon|atk|1
|turn|26
|j| Jynx Nuggets
|
|t:|1610292377
|move|p1a: Obstagoon|Taunt|p2a: Landorus
|-start|p2a: Landorus|move: Taunt
|move|p2a: Landorus|Earthquake|p1a: Obstagoon
|-damage|p1a: Obstagoon|0 fnt
|faint|p1a: Obstagoon
|
|-heal|p2a: Landorus|81/100|[from] item: Leftovers
|upkeep
|
|t:|1610292382
|switch|p1a: Regieleki|Regieleki|88/100
|turn|27
|
|t:|1610292387
|move|p1a: Regieleki|Explosion|p2a: Landorus
|-damage|p2a: Landorus|20/100
|faint|p1a: Regieleki
|move|p2a: Landorus|Earthquake|p1: Regieleki|[notarget]
|-fail|p2a: Landorus
|
|-heal|p2a: Landorus|26/100|[from] item: Leftovers
|upkeep
|
|t:|1610292389
|switch|p1a: Zapdos|Zapdos-Galar|37/100
|turn|28
|
|t:|1610292396
|move|p1a: Zapdos|Brave Bird|p2a: Landorus
|-damage|p2a: Landorus|0 fnt
|-damage|p1a: Zapdos|29/100|[from] Recoil
|faint|p2a: Landorus
|
|win|LolzMachine
|c|☆LolzMachine|gg
|c|☆lepluskawaii|gg
|raw|LolzMachine's rating: 1780 &rarr; <strong>1796</strong><br />(+16 for winning)
|raw|lepluskawaii's rating: 1713 &rarr; <strong>1697</strong><br />(-16 for losing)
|l| WeeScott
|l| 0zorcNecropHADES
|l| Flamaxim
|l| skyexperimenter
|l|☆lepluskawaii
|l| prof darkness
|l| BritiSh MisTy
