|j|☆NeoNaruto®++
|j|☆SMxVale
|t:|1667850608
|gametype|singles
|player|p1|NeoNaruto®++|burglar-gen1rb|1794
|player|p2|SMxVale|bruno|1905
|teamsize|p1|6
|teamsize|p2|6
|gen|8
|tier|[Gen 8] OU
|rated|
|rule|Sleep Clause Mod: Limit one foe put to sleep
|rule|Species Clause: Limit one of each Pokémon
|rule|OHKO Clause: OHKO moves are banned
|rule|Evasion Items Clause: Evasion items are banned
|rule|Evasion Moves Clause: Evasion moves are banned
|rule|Endless Battle Clause: Forcing endless battles is banned
|rule|HP Percentage Mod: HP is shown in percentages
|rule|Dynamax Clause: You cannot dynamax
|clearpoke
|poke|p1|Landorus-Therian, M|
|poke|p1|Ferrothorn, M|
|poke|p1|Tapu Koko|
|poke|p1|Dragonite, M|
|poke|p1|Darmanitan, F|
|poke|p1|Tyranitar, F|
|poke|p2|Dragapult, M|
|poke|p2|Melmetal|
|poke|p2|Landorus-Therian, M|
|poke|p2|Slowbro, M|
|poke|p2|Heatran, F|
|poke|p2|Clefable, F|
|teampreview
|inactive|Battle timer is ON: inactive players will automatically lose when time's up. (requested by NeoNaruto®++)
|j| BabyPigsAreLaughin
|
|t:|1667850627
|start
|switch|p1a: Bernie Landers|Landorus-Therian, M|100/100
|switch|p2a: Landorus|Landorus-Therian, M|100/100
|-ability|p2a: Landorus|Intimidate|boost
|-unboost|p1a: Bernie Landers|atk|1
|-ability|p1a: Bernie Landers|Intimidate|boost
|-unboost|p2a: Landorus|atk|1
|turn|1
|j| swordsoul-moye
|
|t:|1667850638
|switch|p2a: Slowbro|Slowbro, M|100/100
|move|p1a: Bernie Landers|Toxic|p2a: Slowbro
|-status|p2a: Slowbro|tox
|
|-damage|p2a: Slowbro|94/100 tox|[from] psn
|upkeep
|turn|2
|
|t:|1667850649
|move|p1a: Bernie Landers|U-turn|p2a: Slowbro
|-supereffective|p2a: Slowbro
|-damage|p2a: Slowbro|78/100 tox
|
|t:|1667850650
|switch|p1a: RX PAPi|Ferrothorn, M|100/100|[from]move: U-turn
|move|p2a: Slowbro|Future Sight|p1a: RX PAPi
|-start|p2a: Slowbro|move: Future Sight
|
|-damage|p2a: Slowbro|65/100 tox|[from] psn
|upkeep
|turn|3
|
|t:|1667850656
|move|p1a: RX PAPi|Spikes|p2a: Slowbro
|-sidestart|p2: SMxVale|Spikes
|move|p2a: Slowbro|Teleport|p2a: Slowbro
|
|t:|1667850662
|switch|p2a: Heatran|Heatran, F|100/100|[from]move: Teleport
|-damage|p2a: Heatran|88/100|[from] Spikes
|
|-heal|p2a: Heatran|94/100|[from] item: Leftovers
|upkeep
|turn|4
|
|t:|1667850668
|switch|p1a: DA LAST REX(3005)|Tyranitar, F|100/100
|-weather|Sandstorm|[from] ability: Sand Stream|[of] p1a: DA LAST REX(3005)
|move|p2a: Heatran|Toxic|p1a: DA LAST REX(3005)
|-status|p1a: DA LAST REX(3005)|tox
|
|-weather|Sandstorm|[upkeep]
|-end|p1a: DA LAST REX(3005)|move: Future Sight
|-immune|p1a: DA LAST REX(3005)
|-heal|p2a: Heatran|100/100|[from] item: Leftovers
|-damage|p1a: DA LAST REX(3005)|94/100 tox|[from] psn
|upkeep
|turn|5
|
|t:|1667850675
|move|p2a: Heatran|Protect|p2a: Heatran
|-singleturn|p2a: Heatran|Protect
|move|p1a: DA LAST REX(3005)|Earthquake|p2a: Heatran
|-activate|p2a: Heatran|move: Protect
|
|-weather|Sandstorm|[upkeep]
|-damage|p1a: DA LAST REX(3005)|82/100 tox|[from] psn
|upkeep
|turn|6
|
|t:|1667850682
|switch|p2a: Slowbro|Slowbro, M|99/100 tox
|switch|p1a: Bernie Landers|Landorus-Therian, M|100/100
|-ability|p1a: Bernie Landers|Intimidate|boost
|-unboost|p2a: Slowbro|atk|1
|
|-weather|Sandstorm|[upkeep]
|-damage|p2a: Slowbro|93/100 tox|[from] Sandstorm
|-damage|p2a: Slowbro|87/100 tox|[from] psn
|upkeep
|turn|7
|
|t:|1667850701
|move|p1a: Bernie Landers|Knock Off|p2a: Slowbro
|-supereffective|p2a: Slowbro
|-damage|p2a: Slowbro|52/100 tox
|-enditem|p2a: Slowbro|Heavy-Duty Boots|[from] move: Knock Off|[of] p1a: Bernie Landers
|move|p2a: Slowbro|Future Sight|p1a: Bernie Landers
|-start|p2a: Slowbro|move: Future Sight
|
|-weather|Sandstorm|[upkeep]
|-damage|p2a: Slowbro|46/100 tox|[from] Sandstorm
|-damage|p2a: Slowbro|34/100 tox|[from] psn
|upkeep
|turn|8
|
|t:|1667850710
|switch|p2a: Landorus|Landorus-Therian, M|100/100
|-ability|p2a: Landorus|Intimidate|boost
|-unboost|p1a: Bernie Landers|atk|1
|move|p1a: Bernie Landers|Stealth Rock|p2a: Landorus
|-sidestart|p2: SMxVale|move: Stealth Rock
|
|-weather|none
|upkeep
|turn|9
|
|t:|1667850728
|move|p2a: Landorus|Defog|p1a: Bernie Landers
|-unboost|p1a: Bernie Landers|evasion|1
|-sideend|p2: SMxVale|Spikes|[from] move: Defog|[of] p2a: Landorus
|-sideend|p2: SMxVale|Stealth Rock|[from] move: Defog|[of] p2a: Landorus
|move|p1a: Bernie Landers|Toxic|p2a: Landorus
|-status|p2a: Landorus|tox
|
|-end|p1a: Bernie Landers|move: Future Sight
|-damage|p1a: Bernie Landers|55/100
|-damage|p2a: Landorus|94/100 tox|[from] psn
|upkeep
|turn|10
|
|t:|1667850751
|switch|p2a: Clefable|Clefable, F|100/100
|move|p1a: Bernie Landers|Knock Off|p2a: Clefable
|-resisted|p2a: Clefable
|-damage|p2a: Clefable|89/100
|-enditem|p2a: Clefable|Heavy-Duty Boots|[from] move: Knock Off|[of] p1a: Bernie Landers
|
|upkeep
|turn|11
|c| BabyPigsAreLaughin|Cute nickname.
|
|t:|1667850764
|move|p1a: Bernie Landers|Stealth Rock|p2a: Clefable
|-sidestart|p2: SMxVale|move: Stealth Rock
|move|p2a: Clefable|Stealth Rock|p1a: Bernie Landers
|-sidestart|p1: NeoNaruto®++|move: Stealth Rock
|
|upkeep
|turn|12
|
|t:|1667850769
|move|p1a: Bernie Landers|U-turn|p2a: Clefable
|-resisted|p2a: Clefable
|-damage|p2a: Clefable|81/100
|
|t:|1667850771
|switch|p1a: RX PAPi|Ferrothorn, M|100/100|[from]move: U-turn
|-damage|p1a: RX PAPi|94/100|[from] Stealth Rock
|move|p2a: Clefable|Moonblast|p1a: RX PAPi
|-resisted|p1a: RX PAPi
|-damage|p1a: RX PAPi|82/100
|
|upkeep
|turn|13
|
|t:|1667850778
|switch|p2a: Heatran|Heatran, F|100/100
|-damage|p2a: Heatran|88/100|[from] Stealth Rock
|move|p1a: RX PAPi|Leech Seed|p2a: Heatran|[miss]
|-miss|p1a: RX PAPi|p2a: Heatran
|
|-heal|p2a: Heatran|94/100|[from] item: Leftovers
|upkeep
|turn|14
|
|t:|1667850787
|switch|p1a: DA LAST REX(3005)|Tyranitar, F|82/100 tox
|-damage|p1a: DA LAST REX(3005)|70/100 tox|[from] Stealth Rock
|-weather|Sandstorm|[from] ability: Sand Stream|[of] p1a: DA LAST REX(3005)
|move|p2a: Heatran|Magma Storm|p1a: DA LAST REX(3005)
|-resisted|p1a: DA LAST REX(3005)
|-damage|p1a: DA LAST REX(3005)|63/100 tox
|-activate|p1a: DA LAST REX(3005)|move: Magma Storm|[of] p2a: Heatran
|
|-weather|Sandstorm|[upkeep]
|-heal|p2a: Heatran|100/100|[from] item: Leftovers
|-damage|p1a: DA LAST REX(3005)|57/100 tox|[from] psn
|-damage|p1a: DA LAST REX(3005)|45/100 tox|[from] move: Magma Storm|[partiallytrapped]
|upkeep
|turn|15
|
|t:|1667850799
|move|p2a: Heatran|Protect|p2a: Heatran
|-singleturn|p2a: Heatran|Protect
|move|p1a: DA LAST REX(3005)|Earthquake|p2a: Heatran
|-activate|p2a: Heatran|move: Protect
|
|-weather|Sandstorm|[upkeep]
|-damage|p1a: DA LAST REX(3005)|33/100 tox|[from] psn
|-damage|p1a: DA LAST REX(3005)|20/100 tox|[from] move: Magma Storm|[partiallytrapped]
|upkeep
|turn|16
|
|t:|1667850815
|switch|p2a: Landorus|Landorus-Therian, M|94/100 tox
|-damage|p2a: Landorus|82/100 tox|[from] Stealth Rock
|-ability|p2a: Landorus|Intimidate|boost
|-unboost|p1a: DA LAST REX(3005)|atk|1
|move|p1a: DA LAST REX(3005)|Stone Edge|p2a: Landorus|[miss]
|-miss|p1a: DA LAST REX(3005)|p2a: Landorus
|
|-weather|Sandstorm|[upkeep]
|-heal|p2a: Landorus|88/100 tox|[from] item: Leftovers
|-damage|p2a: Landorus|82/100 tox|[from] psn
|-damage|p1a: DA LAST REX(3005)|2/100 tox|[from] psn
|-end|p1a: DA LAST REX(3005)|Magma Storm|[partiallytrapped]|[silent]
|upkeep
|turn|17
|inactive|SMxVale has 120 seconds left.
|
|t:|1667850861
|switch|p1a: RX PAPi|Ferrothorn, M|82/100
|-damage|p1a: RX PAPi|76/100|[from] Stealth Rock
|move|p2a: Landorus|U-turn|p1a: RX PAPi
|-damage|p1a: RX PAPi|62/100
|-damage|p2a: Landorus|70/100 tox|[from] ability: Iron Barbs|[of] p1a: RX PAPi
|-damage|p2a: Landorus|53/100 tox|[from] item: Rocky Helmet|[of] p1a: RX PAPi
|j| MiniLarry
|inactive|SMxVale has 90 seconds left.
|
|t:|1667850878
|switch|p2a: Heatran|Heatran, F|100/100|[from]move: U-turn
|-damage|p2a: Heatran|88/100|[from] Stealth Rock
|
|-weather|Sandstorm|[upkeep]
|-heal|p2a: Heatran|94/100|[from] item: Leftovers
|upkeep
|turn|18
|
|t:|1667850884
|switch|p1a: DA LAST REX(3005)|Tyranitar, F|2/100 tox
|-damage|p1a: DA LAST REX(3005)|0 fnt|[from] Stealth Rock
|faint|p1a: DA LAST REX(3005)
|move|p2a: Heatran|Magma Storm|p1: DA LAST REX(3005)|[notarget]
|-fail|p2a: Heatran
|
|-weather|none
|-heal|p2a: Heatran|100/100|[from] item: Leftovers
|upkeep
|
|t:|1667850888
|switch|p1a: Fat Charizard|Dragonite, M, shiny|100/100
|turn|19
|
|t:|1667850895
|switch|p2a: Clefable|Clefable, F|81/100
|-damage|p2a: Clefable|68/100|[from] Stealth Rock
|move|p1a: Fat Charizard|Earthquake|p2a: Clefable
|-damage|p2a: Clefable|39/100
|
|upkeep
|turn|20
|
|t:|1667850908
|move|p1a: Fat Charizard|Dual Wingbeat|p2a: Clefable
|-damage|p2a: Clefable|21/100
|-damage|p2a: Clefable|1/100
|-hitcount|p2a: Clefable|2
|move|p2a: Clefable|Soft-Boiled|p2a: Clefable
|-heal|p2a: Clefable|51/100
|
|upkeep
|turn|21
|j| TeslaTheJolteon
|
|t:|1667850916
|switch|p1a: PURRP FOR SALE|Darmanitan, F|100/100
|-damage|p1a: PURRP FOR SALE|76/100|[from] Stealth Rock
|move|p2a: Clefable|Soft-Boiled|p2a: Clefable
|-heal|p2a: Clefable|100/100
|
|upkeep
|turn|22
|c| BabyPigsAreLaughin|That 1%, though.
|inactive|SMxVale has 120 seconds left.
|j| Horuskoria
|inactive|SMxVale has 90 seconds left.
|
|t:|1667850980
|switch|p2a: Slowbro|Slowbro, M|67/100 tox
|-damage|p2a: Slowbro|55/100 tox|[from] Stealth Rock
|move|p1a: PURRP FOR SALE|Flare Blitz|p2a: Slowbro
|-resisted|p2a: Slowbro
|-damage|p2a: Slowbro|12/100 tox
|-damage|p1a: PURRP FOR SALE|60/100|[from] Recoil
|
|-damage|p2a: Slowbro|6/100 tox|[from] psn
|upkeep
|turn|23
|
|t:|1667850990
|switch|p1a: Fat Charizard|Dragonite, M, shiny|100/100
|switch|p2a: Heatran|Heatran, F|100/100
|-damage|p2a: Heatran|88/100|[from] Stealth Rock
|
|-heal|p2a: Heatran|94/100|[from] item: Leftovers
|upkeep
|turn|24
|
|t:|1667851004
|switch|p2a: Clefable|Clefable, F|100/100
|-damage|p2a: Clefable|88/100|[from] Stealth Rock
|move|p1a: Fat Charizard|Earthquake|p2a: Clefable
|-damage|p2a: Clefable|57/100
|
|upkeep
|turn|25
|
|t:|1667851009
|switch|p1a: VODECi|Tapu Koko|100/100
|-damage|p1a: VODECi|88/100|[from] Stealth Rock
|-fieldstart|move: Electric Terrain|[from] ability: Electric Surge|[of] p1a: VODECi
|move|p2a: Clefable|Thunder Wave|p1a: VODECi
|-immune|p1a: VODECi
|
|upkeep
|turn|26
|
|t:|1667851018
|switch|p2a: Heatran|Heatran, F|94/100
|-damage|p2a: Heatran|82/100|[from] Stealth Rock
|move|p1a: VODECi|Thunderbolt|p2a: Heatran
|-damage|p2a: Heatran|33/100
|
|-heal|p2a: Heatran|40/100|[from] item: Leftovers
|upkeep
|turn|27
|inactive|SMxVale has 90 seconds left.
|
|t:|1667851024
|move|p2a: Heatran|Protect|p2a: Heatran
|-singleturn|p2a: Heatran|Protect
|move|p1a: VODECi|Thunderbolt|p2a: Heatran
|-activate|p2a: Heatran|move: Protect
|
|-heal|p2a: Heatran|46/100|[from] item: Leftovers
|upkeep
|turn|28
|inactive|SMxVale has 90 seconds left.
|
|t:|1667851034
|switch|p2a: Landorus|Landorus-Therian, M|53/100 tox
|-damage|p2a: Landorus|41/100 tox|[from] Stealth Rock
|-ability|p2a: Landorus|Intimidate|boost
|-unboost|p1a: VODECi|atk|1
|move|p1a: VODECi|Thunderbolt|p2a: Landorus
|-immune|p2a: Landorus
|
|-heal|p2a: Landorus|47/100 tox|[from] item: Leftovers
|-damage|p2a: Landorus|41/100 tox|[from] psn
|upkeep
|turn|29
|
|t:|1667851042
|switch|p1a: RX PAPi|Ferrothorn, M|62/100
|-damage|p1a: RX PAPi|55/100|[from] Stealth Rock
|move|p2a: Landorus|U-turn|p1a: RX PAPi
|-damage|p1a: RX PAPi|43/100
|-damage|p2a: Landorus|29/100 tox|[from] ability: Iron Barbs|[of] p1a: RX PAPi
|-damage|p2a: Landorus|12/100 tox|[from] item: Rocky Helmet|[of] p1a: RX PAPi
|j| LuwerPVP
|inactive|SMxVale has 90 seconds left.
|
|t:|1667851079
|switch|p2a: Heatran|Heatran, F|46/100|[from]move: U-turn
|-damage|p2a: Heatran|33/100|[from] Stealth Rock
|
|-heal|p2a: Heatran|40/100|[from] item: Leftovers
|-fieldend|move: Electric Terrain
|upkeep
|turn|30
|j| Pullaya
|
|t:|1667851087
|switch|p1a: Fat Charizard|Dragonite, M, shiny|100/100
|move|p2a: Heatran|Magma Storm|p1a: Fat Charizard
|-resisted|p1a: Fat Charizard
|-damage|p1a: Fat Charizard|89/100
|-activate|p1a: Fat Charizard|move: Magma Storm|[of] p2a: Heatran
|
|-heal|p2a: Heatran|46/100|[from] item: Leftovers
|-damage|p1a: Fat Charizard|77/100|[from] move: Magma Storm|[partiallytrapped]
|upkeep
|turn|31
|j| Samphoneshowdown
|
|t:|1667851097
|move|p2a: Heatran|Protect|p2a: Heatran
|-singleturn|p2a: Heatran|Protect
|move|p1a: Fat Charizard|Earthquake|p2a: Heatran
|-activate|p2a: Heatran|move: Protect
|
|-heal|p2a: Heatran|52/100|[from] item: Leftovers
|-damage|p1a: Fat Charizard|64/100|[from] move: Magma Storm|[partiallytrapped]
|upkeep
|turn|32
|
|t:|1667851126
|move|p1a: Fat Charizard|Earthquake|p2a: Heatran
|-supereffective|p2a: Heatran
|-damage|p2a: Heatran|0 fnt
|faint|p2a: Heatran
|
|-end|p1a: Fat Charizard|Magma Storm|[partiallytrapped]|[silent]
|upkeep
|
|t:|1667851131
|switch|p2a: Dragapult|Dragapult, M|100/100
|-damage|p2a: Dragapult|88/100|[from] Stealth Rock
|turn|33
|inactive|SMxVale has 60 seconds left.
|j| Hastein
|
|t:|1667851160
|move|p2a: Dragapult|Draco Meteor|p1a: Fat Charizard
|-supereffective|p1a: Fat Charizard
|-damage|p1a: Fat Charizard|0 fnt
|-unboost|p2a: Dragapult|spa|2
|faint|p1a: Fat Charizard
|
|upkeep
|
|t:|1667851162
|switch|p1a: VODECi|Tapu Koko|88/100
|-damage|p1a: VODECi|76/100|[from] Stealth Rock
|-fieldstart|move: Electric Terrain|[from] ability: Electric Surge|[of] p1a: VODECi
|turn|34
|inactive|SMxVale has 60 seconds left.
|
|t:|1667851176
|switch|p2a: Landorus|Landorus-Therian, M|12/100 tox
|-damage|p2a: Landorus|0 fnt|[from] Stealth Rock
|faint|p2a: Landorus
|move|p1a: VODECi|Thunderbolt|p2: Landorus|[notarget]
|-fail|p1a: VODECi
|
|upkeep
|inactive|SMxVale has 60 seconds left.
|
|t:|1667851199
|switch|p2a: Melmetal|Melmetal|100/100
|-damage|p2a: Melmetal|94/100|[from] Stealth Rock
|turn|35
|
|t:|1667851203
|switch|p1a: Bernie Landers|Landorus-Therian, M|55/100
|-damage|p1a: Bernie Landers|43/100|[from] Stealth Rock
|-ability|p1a: Bernie Landers|Intimidate|boost
|-unboost|p2a: Melmetal|atk|1
|move|p2a: Melmetal|Double Iron Bash|p1a: Bernie Landers
|-damage|p1a: Bernie Landers|25/100
|-damage|p1a: Bernie Landers|7/100
|-hitcount|p1a: Bernie Landers|2
|
|upkeep
|turn|36
|inactive|SMxVale has 60 seconds left.
|
|t:|1667851218
|switch|p2a: Clefable|Clefable, F|57/100
|-damage|p2a: Clefable|45/100|[from] Stealth Rock
|move|p1a: Bernie Landers|Knock Off|p2a: Clefable
|-resisted|p2a: Clefable
|-damage|p2a: Clefable|37/100
|
|upkeep
|turn|37
|
|t:|1667851224
|move|p1a: Bernie Landers|U-turn|p2a: Clefable
|-resisted|p2a: Clefable
|-damage|p2a: Clefable|28/100
|
|t:|1667851227
|switch|p1a: PURRP FOR SALE|Darmanitan, F|60/100|[from]move: U-turn
|-damage|p1a: PURRP FOR SALE|35/100|[from] Stealth Rock
|move|p2a: Clefable|Moonblast|p1a: PURRP FOR SALE
|-resisted|p1a: PURRP FOR SALE
|-damage|p1a: PURRP FOR SALE|11/100
|
|upkeep
|turn|38
|inactive|SMxVale has 60 seconds left.
|
|t:|1667851240
|move|p1a: PURRP FOR SALE|Earthquake|p2a: Clefable
|-damage|p2a: Clefable|0 fnt
|faint|p2a: Clefable
|
|-fieldend|move: Electric Terrain
|upkeep
|l| Samphoneshowdown
|inactive|SMxVale has 60 seconds left.
|j| Ragnnis
|
|t:|1667851266
|switch|p2a: Slowbro|Slowbro, M|39/100 tox
|-damage|p2a: Slowbro|27/100 tox|[from] Stealth Rock
|turn|39
|
|t:|1667851280
|move|p1a: PURRP FOR SALE|Earthquake|p2a: Slowbro
|-crit|p2a: Slowbro
|-damage|p2a: Slowbro|0 fnt
|faint|p2a: Slowbro
|
|upkeep
|c|☆SMxVale|f
|
|t:|1667851291
|switch|p2a: Dragapult|Dragapult, M|88/100
|-damage|p2a: Dragapult|76/100|[from] Stealth Rock
|turn|40
|
|t:|1667851294
|move|p2a: Dragapult|Shadow Ball|p1a: PURRP FOR SALE
|-damage|p1a: PURRP FOR SALE|0 fnt
|faint|p1a: PURRP FOR SALE
|
|upkeep
|
|t:|1667851299
|switch|p1a: RX PAPi|Ferrothorn, M|43/100
|-damage|p1a: RX PAPi|37/100|[from] Stealth Rock
|turn|41
|l| Pullaya
|
|t:|1667851311
|move|p2a: Dragapult|Shadow Ball|p1a: RX PAPi
|-damage|p1a: RX PAPi|0 fnt
|faint|p1a: RX PAPi
|
|upkeep
|
|t:|1667851315
|switch|p1a: VODECi|Tapu Koko|76/100
|-damage|p1a: VODECi|63/100|[from] Stealth Rock
|-fieldstart|move: Electric Terrain|[from] ability: Electric Surge|[of] p1a: VODECi
|turn|42
|
|t:|1667851318
|move|p2a: Dragapult|Shadow Ball|p1a: VODECi
|-damage|p1a: VODECi|0 fnt
|faint|p1a: VODECi
|
|upkeep
|
|t:|1667851320
|switch|p1a: Bernie Landers|Landorus-Therian, M|7/100
|-damage|p1a: Bernie Landers|0 fnt|[from] Stealth Rock
|faint|p1a: Bernie Landers
|
|win|SMxVale
|raw|NeoNaruto®++'s rating: 1794 &rarr; <strong>1780</strong><br />(-14 for losing)
|raw|SMxVale's rating: 1905 &rarr; <strong>1919</strong><br />(+14 for winning)
|c|☆SMxVale|lol gg
|l|☆NeoNaruto®++
|l| Horuskoria
||Ladder isn't responding, score probably updated but might not have (Request timeout).
