|raw|<div class="broadcast-blue"><strong>This battle is required to be public due to a player having a name starting with 'lt84jm'.</div>
|j|☆LT84JM HY
|j|☆Coach Jones 6fifth
|t:|1627344008
|gametype|singles
|player|p1|LT84JM HY|lady|1697
|player|p2|Coach Jones 6fifth|lusamine-nihilego|1796
|teamsize|p1|6
|teamsize|p2|6
|gen|8
|tier|[Gen 8] OU
|rated|
|rule|Sleep Clause Mod: Limit one foe put to sleep
|rule|Species Clause: Limit one of each Pokémon
|rule|OHKO Clause: OHKO moves are banned
|rule|Evasion Moves Clause: Evasion moves are banned
|rule|Endless Battle Clause: Forcing endless battles is banned
|rule|HP Percentage Mod: HP is shown in percentages
|rule|Dynamax Clause: You cannot dynamax
|clearpoke
|poke|p1|Dragapult, F|
|poke|p1|Gengar, M|
|poke|p1|Blissey, F|
|poke|p1|Landorus-Therian, M|
|poke|p1|Urshifu-*, F|
|poke|p1|Corviknight, M|
|poke|p2|Pelipper, M|
|poke|p2|Barraskewda, M|
|poke|p2|Regieleki|
|poke|p2|Tapu Lele|
|poke|p2|Landorus-Therian, M|
|poke|p2|Ferrothorn, M|
|teampreview
|inactive|Battle timer is ON: inactive players will automatically lose when time's up. (requested by LT84JM HY)
|j| qwertzc
|
|t:|1627344027
|start
|switch|p1a: Dragapult|Dragapult, F|100/100
|switch|p2a: Tapu Lele|Tapu Lele|100/100
|-fieldstart|move: Psychic Terrain|[from] ability: Psychic Surge|[of] p2a: Tapu Lele
|turn|1
|
|t:|1627344031
|switch|p1a: Blissey|Blissey, F|100/100
|move|p2a: Tapu Lele|Moonblast|p1a: Blissey
|-damage|p1a: Blissey|79/100
|
|upkeep
|turn|2
|
|t:|1627344036
|switch|p2a: Pelipper|Pelipper, M|100/100
|-weather|RainDance|[from] ability: Drizzle|[of] p2a: Pelipper
|move|p1a: Blissey|Teleport|p1a: Blissey
|
|t:|1627344038
|switch|p1a: Dragapult|Dragapult, F|100/100|[from]move: Teleport
|
|-weather|RainDance|[upkeep]
|upkeep
|turn|3
|
|t:|1627344040
|switch|p2a: spikes|Ferrothorn, M|100/100
|move|p1a: Dragapult|Draco Meteor|p2a: spikes
|-resisted|p2a: spikes
|-damage|p2a: spikes|73/100
|-unboost|p1a: Dragapult|spa|2
|
|-weather|RainDance|[upkeep]
|-heal|p2a: spikes|79/100|[from] item: Leftovers
|upkeep
|turn|4
|
|t:|1627344051
|switch|p1a: Landorus|Landorus-Therian, M|100/100
|-ability|p1a: Landorus|Intimidate|boost
|-unboost|p2a: spikes|atk|1
|switch|p2a: Tapu Lele|Tapu Lele|100/100
|
|-weather|RainDance|[upkeep]
|upkeep
|turn|5
|
|t:|1627344057
|move|p2a: Tapu Lele|Future Sight|p1a: Landorus
|-start|p2a: Tapu Lele|move: Future Sight
|move|p1a: Landorus|Stealth Rock|p2a: Tapu Lele
|-sidestart|p2: Coach Jones 6fifth|move: Stealth Rock
|
|-weather|RainDance|[upkeep]
|-fieldend|move: Psychic Terrain
|upkeep
|turn|6
|
|t:|1627344062
|switch|p2a: Pelipper|Pelipper, M|100/100
|-damage|p2a: Pelipper|75/100|[from] Stealth Rock
|move|p1a: Landorus|U-turn|p2a: Pelipper
|-resisted|p2a: Pelipper
|-damage|p2a: Pelipper|62/100
|
|t:|1627344067
|switch|p1a: Blissey|Blissey, F|79/100|[from]move: U-turn
|
|-weather|none
|upkeep
|turn|7
|
|t:|1627344073
|move|p2a: Pelipper|U-turn|p1a: Blissey
|-damage|p1a: Blissey|72/100
|
|t:|1627344075
|switch|p2a: Barraskewda|Barraskewda, M, shiny|100/100|[from]move: U-turn
|-damage|p2a: Barraskewda|88/100|[from] Stealth Rock
|move|p1a: Blissey|Seismic Toss|p2a: Barraskewda
|-damage|p2a: Barraskewda|50/100
|
|-end|p1a: Blissey|move: Future Sight
|-crit|p1a: Blissey
|-damage|p1a: Blissey|36/100
|upkeep
|turn|8
|
|t:|1627344079
|switch|p1a: Corviknight|Corviknight, M|100/100
|-ability|p1a: Corviknight|Pressure
|move|p2a: Barraskewda|Flip Turn|p1a: Corviknight
|-damage|p1a: Corviknight|72/100
|-damage|p2a: Barraskewda|34/100|[from] item: Rocky Helmet|[of] p1a: Corviknight
|
|t:|1627344082
|switch|p2a: Landorus|Landorus-Therian, M|100/100|[from]move: Flip Turn
|-damage|p2a: Landorus|88/100|[from] Stealth Rock
|-ability|p2a: Landorus|Intimidate|boost
|-unboost|p1a: Corviknight|atk|1
|
|-heal|p2a: Landorus|94/100|[from] item: Leftovers
|upkeep
|turn|9
|
|t:|1627344085
|move|p2a: Landorus|Stealth Rock|p1a: Corviknight
|-sidestart|p1: LT84JM HY|move: Stealth Rock
|move|p1a: Corviknight|Roost|p1a: Corviknight
|-heal|p1a: Corviknight|100/100
|-singleturn|p1a: Corviknight|move: Roost
|
|-heal|p2a: Landorus|99/100|[from] item: Leftovers
|upkeep
|turn|10
|
|t:|1627344090
|switch|p2a: spikes|Ferrothorn, M|79/100
|-damage|p2a: spikes|73/100|[from] Stealth Rock
|switch|p1a: Landorus|Landorus-Therian, M|100/100
|-damage|p1a: Landorus|88/100|[from] Stealth Rock
|-ability|p1a: Landorus|Intimidate|boost
|-unboost|p2a: spikes|atk|1
|
|-heal|p1a: Landorus|94/100|[from] item: Leftovers
|-heal|p2a: spikes|79/100|[from] item: Leftovers
|upkeep
|turn|11
|
|t:|1627344093
|move|p1a: Landorus|Earthquake|p2a: spikes
|-damage|p2a: spikes|46/100
|move|p2a: spikes|Leech Seed|p1a: Landorus
|-start|p1a: Landorus|move: Leech Seed
|
|-heal|p1a: Landorus|99/100|[from] item: Leftovers
|-heal|p2a: spikes|51/100|[from] item: Leftovers
|-damage|p1a: Landorus|88/100|[from] Leech Seed|[of] p2a: spikes
|-heal|p2a: spikes|65/100|[silent]
|upkeep
|turn|12
|
|t:|1627344097
|switch|p1a: Urshifu|Urshifu-Rapid-Strike, F|100/100
|-damage|p1a: Urshifu|94/100|[from] Stealth Rock
|move|p2a: spikes|Knock Off|p1a: Urshifu
|-resisted|p1a: Urshifu
|-damage|p1a: Urshifu|87/100
|-enditem|p1a: Urshifu|Choice Band|[from] move: Knock Off|[of] p2a: spikes
|
|-heal|p2a: spikes|71/100|[from] item: Leftovers
|upkeep
|turn|13
|
|t:|1627344103
|switch|p2a: Tapu Lele|Tapu Lele|100/100
|-damage|p2a: Tapu Lele|88/100|[from] Stealth Rock
|-fieldstart|move: Psychic Terrain|[from] ability: Psychic Surge|[of] p2a: Tapu Lele
|move|p1a: Urshifu|Close Combat|p2a: Tapu Lele
|-resisted|p2a: Tapu Lele
|-damage|p2a: Tapu Lele|64/100
|-unboost|p1a: Urshifu|def|1
|-unboost|p1a: Urshifu|spd|1
|
|upkeep
|turn|14
|
|t:|1627344107
|switch|p1a: Corviknight|Corviknight, M|100/100
|-damage|p1a: Corviknight|88/100|[from] Stealth Rock
|-ability|p1a: Corviknight|Pressure
|move|p2a: Tapu Lele|Thunder|p1a: Corviknight
|-supereffective|p1a: Corviknight
|-damage|p1a: Corviknight|13/100
|
|upkeep
|turn|15
|
|t:|1627344113
|move|p2a: Tapu Lele|Thunder|p1a: Corviknight
|-supereffective|p1a: Corviknight
|-damage|p1a: Corviknight|0 fnt
|faint|p1a: Corviknight
|
|upkeep
|
|t:|1627344116
|switch|p1a: Landorus|Landorus-Therian, M|88/100
|-damage|p1a: Landorus|76/100|[from] Stealth Rock
|-ability|p1a: Landorus|Intimidate|boost
|-unboost|p2a: Tapu Lele|atk|1
|turn|16
|
|t:|1627344122
|switch|p2a: Landorus|Landorus-Therian, M|99/100
|-damage|p2a: Landorus|88/100|[from] Stealth Rock
|-ability|p2a: Landorus|Intimidate|boost
|-unboost|p1a: Landorus|atk|1
|move|p1a: Landorus|U-turn|p2a: Landorus
|-resisted|p2a: Landorus
|-damage|p2a: Landorus|81/100
|
|t:|1627344125
|switch|p1a: Urshifu|Urshifu-Rapid-Strike, F|87/100|[from]move: U-turn
|-damage|p1a: Urshifu|81/100|[from] Stealth Rock
|
|-heal|p2a: Landorus|87/100|[from] item: Leftovers
|upkeep
|turn|17
|
|t:|1627344133
|move|p1a: Urshifu|Close Combat|p2a: Landorus
|-resisted|p2a: Landorus
|-damage|p2a: Landorus|62/100
|-unboost|p1a: Urshifu|def|1
|-unboost|p1a: Urshifu|spd|1
|move|p2a: Landorus|U-turn|p1a: Urshifu
|-resisted|p1a: Urshifu
|-damage|p1a: Urshifu|64/100
|
|t:|1627344136
|switch|p2a: Tapu Lele|Tapu Lele|64/100|[from]move: U-turn
|-damage|p2a: Tapu Lele|51/100|[from] Stealth Rock
|
|-fieldend|move: Psychic Terrain
|upkeep
|turn|18
|
|t:|1627344141
|switch|p1a: Blissey|Blissey, F|36/100
|move|p2a: Tapu Lele|Psyshock|p1a: Blissey
|-damage|p1a: Blissey|0 fnt
|faint|p1a: Blissey
|
|upkeep
|
|t:|1627344146
|switch|p1a: Dragapult|Dragapult, F|100/100
|-damage|p1a: Dragapult|88/100|[from] Stealth Rock
|turn|19
|
|t:|1627344149
|switch|p2a: spikes|Ferrothorn, M|71/100
|-damage|p2a: spikes|65/100|[from] Stealth Rock
|move|p1a: Dragapult|Shadow Ball|p2a: spikes
|-damage|p2a: spikes|35/100
|
|-heal|p2a: spikes|41/100|[from] item: Leftovers
|upkeep
|turn|20
|
|t:|1627344153
|switch|p1a: Urshifu|Urshifu-Rapid-Strike, F|64/100
|-damage|p1a: Urshifu|58/100|[from] Stealth Rock
|move|p2a: spikes|Spikes|p1a: Urshifu
|-sidestart|p1: LT84JM HY|Spikes
|
|-heal|p2a: spikes|47/100|[from] item: Leftovers
|upkeep
|turn|21
|
|t:|1627344173
|move|p1a: Urshifu|Close Combat|p2a: spikes
|-supereffective|p2a: spikes
|-damage|p2a: spikes|0 fnt
|-unboost|p1a: Urshifu|def|1
|-unboost|p1a: Urshifu|spd|1
|-damage|p1a: Urshifu|46/100|[from] ability: Iron Barbs|[of] p2a: spikes
|faint|p2a: spikes
|
|upkeep
|
|t:|1627344176
|switch|p2a: Tapu Lele|Tapu Lele|51/100
|-damage|p2a: Tapu Lele|39/100|[from] Stealth Rock
|-fieldstart|move: Psychic Terrain|[from] ability: Psychic Surge|[of] p2a: Tapu Lele
|turn|22
|
|t:|1627344181
|move|p2a: Tapu Lele|Psyshock|p1a: Urshifu
|-supereffective|p1a: Urshifu
|-damage|p1a: Urshifu|0 fnt
|faint|p1a: Urshifu
|
|upkeep
|
|t:|1627344183
|switch|p1a: Dragapult|Dragapult, F|88/100
|-damage|p1a: Dragapult|76/100|[from] Stealth Rock
|-damage|p1a: Dragapult|64/100|[from] Spikes
|turn|23
|
|t:|1627344185
|move|p2a: Tapu Lele|Psyshock|p1a: Dragapult
|-damage|p1a: Dragapult|0 fnt
|faint|p1a: Dragapult
|
|upkeep
|
|t:|1627344187
|switch|p1a: Landorus|Landorus-Therian, M|76/100
|-damage|p1a: Landorus|63/100|[from] Stealth Rock
|-ability|p1a: Landorus|Intimidate|boost
|-unboost|p2a: Tapu Lele|atk|1
|turn|24
|
|t:|1627344188
|move|p2a: Tapu Lele|Psyshock|p1a: Landorus
|-damage|p1a: Landorus|4/100
|move|p1a: Landorus|Earthquake|p2a: Tapu Lele
|-damage|p2a: Tapu Lele|0 fnt
|faint|p2a: Tapu Lele
|
|-heal|p1a: Landorus|10/100|[from] item: Leftovers
|upkeep
|c|☆LT84JM HY|f
|
|t:|1627344194
|switch|p2a: Regieleki|Regieleki, shiny|100/100
|turn|25
|
|t:|1627344198
|move|p2a: Regieleki|Ancient Power|p1a: Landorus
|-damage|p1a: Landorus|0 fnt
|-boost|p2a: Regieleki|atk|1
|-boost|p2a: Regieleki|def|1
|-boost|p2a: Regieleki|spa|1
|-boost|p2a: Regieleki|spd|1
|-boost|p2a: Regieleki|spe|1
|faint|p1a: Landorus
|
|upkeep
|-message|LT84JM HY forfeited.
|
|win|Coach Jones 6fifth
|l|☆LT84JM HY
