|j|☆lou dort
|j|☆jptoroglass
|t:|1658190580
|gametype|singles
|player|p1|lou dort|170|1558
|player|p2|jptoroglass|marley|1519
|teamsize|p1|6
|teamsize|p2|6
|gen|8
|tier|[Gen 8] OU
|rated|
|rule|Sleep Clause Mod: Limit one foe put to sleep
|rule|Species Clause: Limit one of each Pokémon
|rule|OHKO Clause: OHKO moves are banned
|rule|Evasion Moves Clause: Evasion moves are banned
|rule|Endless Battle Clause: Forcing endless battles is banned
|rule|HP Percentage Mod: HP is shown in percentages
|rule|Dynamax Clause: You cannot dynamax
|clearpoke
|poke|p1|Slowbro, F|
|poke|p1|Corviknight, M|
|poke|p1|Nidoking, M|
|poke|p1|Tapu Koko|
|poke|p1|Clefable, M|
|poke|p1|Tyranitar, F|
|poke|p2|Mew|
|poke|p2|Cloyster, F|
|poke|p2|Gengar, M|
|poke|p2|Bisharp, M|
|poke|p2|Rillaboom, M|
|poke|p2|Hawlucha, M|
|teampreview
|inactive|Battle timer is ON: inactive players will automatically lose when time's up. (requested by lou dort)
|
|t:|1658190589
|start
|switch|p1a: Tapu Koko|Tapu Koko|100/100
|switch|p2a: Mew|Mew, shiny|100/100
|-fieldstart|move: Electric Terrain|[from] ability: Electric Surge|[of] p1a: Tapu Koko
|turn|1
|
|t:|1658190594
|move|p1a: Tapu Koko|Calm Mind|p1a: Tapu Koko
|-boost|p1a: Tapu Koko|spa|1
|-boost|p1a: Tapu Koko|spd|1
|move|p2a: Mew|Stealth Rock|p1a: Tapu Koko
|-sidestart|p1: lou dort|move: Stealth Rock
|
|upkeep
|turn|2
|
|t:|1658190601
|move|p1a: Tapu Koko|Calm Mind|p1a: Tapu Koko
|-boost|p1a: Tapu Koko|spa|1
|-boost|p1a: Tapu Koko|spd|1
|move|p2a: Mew|Spikes|p1a: Tapu Koko
|-sidestart|p1: lou dort|Spikes
|
|upkeep
|turn|3
|
|t:|1658190606
|move|p1a: Tapu Koko|Calm Mind|p1a: Tapu Koko
|-boost|p1a: Tapu Koko|spa|1
|-boost|p1a: Tapu Koko|spd|1
|move|p2a: Mew|Spikes|p1a: Tapu Koko
|-sidestart|p1: lou dort|Spikes
|
|upkeep
|turn|4
|
|t:|1658190609
|move|p1a: Tapu Koko|Thunderbolt|p2a: Mew
|-damage|p2a: Mew|1/100
|-enditem|p2a: Mew|Red Card|[of] p1a: Tapu Koko
|drag|p1a: Tyranitar|Tyranitar, F|100/100
|-damage|p1a: Tyranitar|88/100|[from] Stealth Rock
|-damage|p1a: Tyranitar|72/100|[from] Spikes
|-weather|Sandstorm|[from] ability: Sand Stream|[of] p1a: Tyranitar
|move|p2a: Mew|Explosion|p1a: Tyranitar
|-resisted|p1a: Tyranitar
|-damage|p1a: Tyranitar|45/100
|faint|p2a: Mew
|
|-weather|Sandstorm|[upkeep]
|upkeep
|c|☆lou dort|nice u got the roll
|inactive|jptoroglass has 120 seconds left.
|c|☆jptoroglass|i wouldve preferred i didnt lol
|
|t:|1658190644
|switch|p2a: DK did it first|Rillaboom, M|100/100
|-fieldstart|move: Grassy Terrain|[from] ability: Grassy Surge|[of] p2a: DK did it first
|turn|5
|inactive|jptoroglass has 120 seconds left.
|inactive|lou dort has 120 seconds left.
|
|t:|1658190679
|switch|p2a: Okage|Gengar, M|100/100
|move|p1a: Tyranitar|Fire Punch|p2a: Okage
|-damage|p2a: Okage|13/100
|
|-weather|Sandstorm|[upkeep]
|-damage|p2a: Okage|7/100|[from] Sandstorm
|-heal|p2a: Okage|13/100|[from] Grassy Terrain
|-heal|p1a: Tyranitar|51/100|[from] Grassy Terrain
|upkeep
|turn|6
|
|t:|1658190688
|move|p2a: Okage|Focus Blast|p1a: Tyranitar|[miss]
|-miss|p2a: Okage|p1a: Tyranitar
|move|p1a: Tyranitar|Fire Punch|p2a: Okage
|-damage|p2a: Okage|0 fnt
|faint|p2a: Okage
|
|-weather|Sandstorm|[upkeep]
|-heal|p1a: Tyranitar|57/100|[from] Grassy Terrain
|upkeep
|inactive|jptoroglass has 120 seconds left.
|
|t:|1658190723
|switch|p2a: Zero|Bisharp, M|100/100
|turn|7
|
|t:|1658190726
|move|p2a: Zero|Iron Head|p1a: Tyranitar
|-supereffective|p1a: Tyranitar
|-damage|p1a: Tyranitar|0 fnt
|faint|p1a: Tyranitar
|
|-weather|Sandstorm|[upkeep]
|upkeep
|
|t:|1658190729
|switch|p1a: Nidoking|Nidoking, M|100/100
|-damage|p1a: Nidoking|95/100|[from] Stealth Rock
|-damage|p1a: Nidoking|78/100|[from] Spikes
|turn|8
|
|t:|1658190744
|switch|p2a: Adam West|Hawlucha, M|100/100
|-enditem|p2a: Adam West|Grassy Seed
|-boost|p2a: Adam West|def|1|[from] item: Grassy Seed
|move|p1a: Nidoking|Flamethrower|p2a: Adam West
|-damage|p2a: Adam West|44/100
|
|-weather|none
|-heal|p1a: Nidoking|84/100|[from] Grassy Terrain
|upkeep
|turn|9
|
|t:|1658190748
|move|p2a: Adam West|Acrobatics|p1a: Nidoking
|-damage|p1a: Nidoking|14/100
|move|p1a: Nidoking|Ice Beam|p2a: Adam West
|-supereffective|p2a: Adam West
|-damage|p2a: Adam West|0 fnt
|faint|p2a: Adam West
|
|-heal|p1a: Nidoking|20/100|[from] Grassy Terrain
|-fieldend|move: Grassy Terrain
|upkeep
|
|t:|1658190761
|switch|p2a: MagicConch|Cloyster, F|100/100
|turn|10
|
|t:|1658190773
|move|p2a: MagicConch|Ice Shard|p1a: Nidoking
|-supereffective|p1a: Nidoking
|-damage|p1a: Nidoking|0 fnt
|faint|p1a: Nidoking
|
|upkeep
|
|t:|1658190775
|switch|p1a: Tapu Koko|Tapu Koko|100/100
|-fieldstart|move: Electric Terrain|[from] ability: Electric Surge|[of] p1a: Tapu Koko
|turn|11
|
|t:|1658190777
|move|p1a: Tapu Koko|Thunderbolt|p2a: MagicConch
|-supereffective|p2a: MagicConch
|-crit|p2a: MagicConch
|-enditem|p2a: MagicConch|Focus Sash
|-damage|p2a: MagicConch|1/100
|move|p2a: MagicConch|Shell Smash|p2a: MagicConch
|-unboost|p2a: MagicConch|def|1
|-unboost|p2a: MagicConch|spd|1
|-boost|p2a: MagicConch|atk|2
|-boost|p2a: MagicConch|spa|2
|-boost|p2a: MagicConch|spe|2
|
|upkeep
|turn|12
|c|☆lou dort|if only my sandstorm setter wasnt weakened by spikes and explosion
|inactive|lou dort has 120 seconds left.
|
|t:|1658190808
|switch|p1a: Clefable|Clefable, M|100/100
|move|p2a: MagicConch|Icicle Spear|p1a: Clefable
|-damage|p1a: Clefable|79/100
|-damage|p1a: Clefable|57/100
|-damage|p1a: Clefable|37/100
|-crit|p1a: Clefable
|-damage|p1a: Clefable|8/100
|-damage|p1a: Clefable|0 fnt
|faint|p1a: Clefable
|-hitcount|p1: Clefable|5
|
|upkeep
|
|t:|1658190810
|switch|p1a: Corviknight|Corviknight, M|100/100
|-damage|p1a: Corviknight|88/100|[from] Stealth Rock
|-ability|p1a: Corviknight|Pressure
|turn|13
|inactive|jptoroglass has 120 seconds left.
|c|☆jptoroglass|your sandstorm user gets one shot by half my team stop crying go outside lol
|
|t:|1658190846
|move|p2a: MagicConch|Icicle Spear|p1a: Corviknight
|-damage|p1a: Corviknight|72/100
|-damage|p1a: Corviknight|57/100
|-damage|p1a: Corviknight|43/100
|-damage|p1a: Corviknight|29/100
|-damage|p1a: Corviknight|14/100
|-hitcount|p1a: Corviknight|5
|move|p1a: Corviknight|Body Press|p2a: MagicConch
|-supereffective|p2a: MagicConch
|-damage|p2a: MagicConch|0 fnt
|faint|p2a: MagicConch
|
|upkeep
|
|t:|1658190857
|switch|p2a: Zero|Bisharp, M|100/100
|turn|14
|c|☆lou dort|ur using cloyster u should go outside
|
|t:|1658190880
|move|p2a: Zero|Knock Off|p1a: Corviknight
|-damage|p1a: Corviknight|0 fnt
|-damage|p2a: Zero|84/100|[from] item: Rocky Helmet|[of] p1a: Corviknight
|-enditem|p1a: Corviknight|Rocky Helmet|[from] move: Knock Off|[of] p2a: Zero
|faint|p1a: Corviknight
|
|upkeep
|
|t:|1658190883
|switch|p1a: Tapu Koko|Tapu Koko|100/100
|turn|15
|c|☆jptoroglass|says the corv clef user lmfao
|
|t:|1658190903
|move|p1a: Tapu Koko|Thunderbolt|p2a: Zero
|-damage|p2a: Zero|0 fnt
|faint|p2a: Zero
|
|-fieldend|move: Electric Terrain
|upkeep
|
|t:|1658190905
|switch|p2a: DK did it first|Rillaboom, M|100/100
|-fieldstart|move: Grassy Terrain|[from] ability: Grassy Surge|[of] p2a: DK did it first
|turn|16
|c|☆lou dort|finally i get a good roll
|c|☆jptoroglass|youre lucky i misplayed bc i was arguing with you
|inactive|jptoroglass has 90 seconds left.
|c|☆jptoroglass|shouldve switched
|
|t:|1658190935
|switch|p1a: Slowbro|Slowbro, F|100/100
|-damage|p1a: Slowbro|88/100|[from] Stealth Rock
|-damage|p1a: Slowbro|71/100|[from] Spikes
|move|p2a: DK did it first|Grassy Glide|p1a: Slowbro
|-supereffective|p1a: Slowbro
|-damage|p1a: Slowbro|0 fnt
|-damage|p2a: DK did it first|84/100|[from] item: Rocky Helmet|[of] p1a: Slowbro
|faint|p1a: Slowbro
|-damage|p2a: DK did it first|74/100|[from] item: Life Orb
|
|-heal|p2a: DK did it first|80/100|[from] Grassy Terrain
|upkeep
|
|t:|1658190938
|switch|p1a: Tapu Koko|Tapu Koko|100/100
|-fieldstart|move: Electric Terrain|[from] ability: Electric Surge|[of] p1a: Tapu Koko
|turn|17
|
|t:|1658190941
|move|p1a: Tapu Koko|Dazzling Gleam|p2a: DK did it first
|-damage|p2a: DK did it first|35/100
|move|p2a: DK did it first|Grassy Glide|p1a: Tapu Koko
|-damage|p1a: Tapu Koko|34/100
|-damage|p2a: DK did it first|25/100|[from] item: Life Orb
|
|upkeep
|turn|18
|c|☆lou dort|gg noob
|inactive|jptoroglass has 90 seconds left.
|c|☆jptoroglass|youre the noob you cried ab hax and lost bc i misplayed lmao
|c|☆jptoroglass|but alright
|
|t:|1658190970
|move|p1a: Tapu Koko|Dazzling Gleam|p2a: DK did it first
|-damage|p2a: DK did it first|0 fnt
|faint|p2a: DK did it first
|
|win|lou dort
|raw|lou dort's rating: 1558 &rarr; <strong>1576</strong><br />(+18 for winning)
|raw|jptoroglass's rating: 1519 &rarr; <strong>1501</strong><br />(-18 for losing)
|c|☆lou dort|u misplayed
|c|☆lou dort|how am i the noob
