|j|☆minimax_ai
|j|☆Darkman64
|t:|1662172021
|gametype|singles
|player|p1|minimax_ai|102|1535
|player|p2|Darkman64|juan|1473
|teamsize|p1|6
|teamsize|p2|6
|gen|8
|tier|[Gen 8] OU
|rated|
|rule|Sleep Clause Mod: Limit one foe put to sleep
|rule|Species Clause: Limit one of each Pokémon
|rule|OHKO Clause: OHKO moves are banned
|rule|Evasion Items Clause: Evasion items are banned
|rule|Evasion Moves Clause: Evasion moves are banned
|rule|Endless Battle Clause: Forcing endless battles is banned
|rule|HP Percentage Mod: HP is shown in percentages
|rule|Dynamax Clause: You cannot dynamax
|clearpoke
|poke|p1|Rotom-Wash|
|poke|p1|Weavile, M|
|poke|p1|Landorus-Therian, M|
|poke|p1|Heatran, M|
|poke|p1|Tangrowth, M|
|poke|p1|Melmetal|
|poke|p2|Weavile, F|
|poke|p2|Slowbro, F|
|poke|p2|Landorus-Therian, M|
|poke|p2|Urshifu-*, M|
|poke|p2|Ferrothorn, M|
|poke|p2|Clefable, M|
|teampreview
|c|☆minimax_ai|hf
|inactive|Battle timer is ON: inactive players will automatically lose when time's up. (requested by minimax_ai)
|inactive|Darkman64 has 120 seconds left.
|
|t:|1662172055
|start
|switch|p1a: landorustherian|Landorus-Therian, M|100/100
|switch|p2a: Weavile|Weavile, F|100/100
|-ability|p2a: Weavile|Pressure
|-ability|p1a: landorustherian|Intimidate|boost
|-unboost|p2a: Weavile|atk|1
|turn|1
|c|☆Darkman64|u2
|
|t:|1662172061
|switch|p1a: Tangrowth|Tangrowth, M|100/100
|move|p2a: Weavile|Knock Off|p1a: Tangrowth
|-damage|p1a: Tangrowth|75/100
|-damage|p2a: Weavile|84/100|[from] item: Rocky Helmet|[of] p1a: Tangrowth
|-enditem|p1a: Tangrowth|Rocky Helmet|[from] move: Knock Off|[of] p2a: Weavile
|
|upkeep
|turn|2
|
|t:|1662172064
|switch|p2a: Slowbro|Slowbro, F|100/100
|move|p1a: Tangrowth|Focus Blast|p2a: Slowbro
|-resisted|p2a: Slowbro
|-damage|p2a: Slowbro|88/100
|
|upkeep
|turn|3
|j| SoyUnPayasoBobo
|inactive|Darkman64 has 120 seconds left.
|
|t:|1662172105
|move|p1a: Tangrowth|Giga Drain|p2a: Slowbro
|-supereffective|p2a: Slowbro
|-damage|p2a: Slowbro|35/100
|-heal|p1a: Tangrowth|100/100|[from] drain|[of] p2a: Slowbro
|move|p2a: Slowbro|Teleport|p2a: Slowbro
|
|t:|1662172108
|switch|p2a: Landorus|Landorus-Therian, M|100/100|[from]move: Teleport
|-ability|p2a: Landorus|Intimidate|boost
|-unboost|p1a: Tangrowth|atk|1
|
|upkeep
|turn|4
|
|t:|1662172110
|move|p2a: Landorus|Toxic|p1a: Tangrowth
|-status|p1a: Tangrowth|tox
|move|p1a: Tangrowth|Sleep Powder|p2a: Landorus|[miss]
|-miss|p1a: Tangrowth|p2a: Landorus
|
|-damage|p1a: Tangrowth|94/100 tox|[from] psn
|upkeep
|turn|5
|inactive|Darkman64 has 120 seconds left.
|
|t:|1662172129
|switch|p1a: rotomwash|Rotom-Wash|100/100
|move|p2a: Landorus|U-turn|p1a: rotomwash
|-damage|p1a: rotomwash|75/100
|
|t:|1662172132
|switch|p2a: Urshifu|Urshifu-Rapid-Strike, M|100/100|[from]move: U-turn
|
|-heal|p1a: rotomwash|81/100|[from] item: Leftovers
|upkeep
|turn|6
|
|t:|1662172133
|switch|p1a: Tangrowth|Tangrowth, M|100/100 tox
|move|p2a: Urshifu|Close Combat|p1a: Tangrowth
|-damage|p1a: Tangrowth|52/100 tox
|-unboost|p2a: Urshifu|def|1
|-unboost|p2a: Urshifu|spd|1
|
|-damage|p1a: Tangrowth|46/100 tox|[from] psn
|upkeep
|turn|7
|
|t:|1662172135
|switch|p1a: landorustherian|Landorus-Therian, M|100/100
|-ability|p1a: landorustherian|Intimidate|boost
|-unboost|p2a: Urshifu|atk|1
|move|p2a: Urshifu|Close Combat|p1a: landorustherian
|-resisted|p1a: landorustherian
|-damage|p1a: landorustherian|70/100
|-unboost|p2a: Urshifu|def|1
|-unboost|p2a: Urshifu|spd|1
|
|-heal|p1a: landorustherian|76/100|[from] item: Leftovers
|upkeep
|turn|8
|l| SoyUnPayasoBobo
|
|t:|1662172139
|switch|p2a: Landorus|Landorus-Therian, M|100/100
|-ability|p2a: Landorus|Intimidate|boost
|-unboost|p1a: landorustherian|atk|1
|move|p1a: landorustherian|Earthquake|p2a: Landorus
|-immune|p2a: Landorus
|
|-heal|p1a: landorustherian|82/100|[from] item: Leftovers
|upkeep
|turn|9
|
|t:|1662172165
|move|p1a: landorustherian|Toxic|p2a: Landorus
|-status|p2a: Landorus|tox
|move|p2a: Landorus|U-turn|p1a: landorustherian
|-resisted|p1a: landorustherian
|-damage|p1a: landorustherian|71/100
|
|t:|1662172166
|switch|p2a: Urshifu|Urshifu-Rapid-Strike, M|100/100|[from]move: U-turn
|
|-heal|p1a: landorustherian|77/100|[from] item: Leftovers
|upkeep
|turn|10
|
|t:|1662172169
|switch|p1a: Tangrowth|Tangrowth, M|79/100 tox
|move|p2a: Urshifu|Close Combat|p1a: Tangrowth
|-damage|p1a: Tangrowth|28/100 tox
|-unboost|p2a: Urshifu|def|1
|-unboost|p2a: Urshifu|spd|1
|
|-damage|p1a: Tangrowth|22/100 tox|[from] psn
|upkeep
|turn|11
|
|t:|1662172173
|switch|p2a: Weavile|Weavile, F|84/100
|-ability|p2a: Weavile|Pressure
|switch|p1a: landorustherian|Landorus-Therian, M|77/100
|-ability|p1a: landorustherian|Intimidate|boost
|-unboost|p2a: Weavile|atk|1
|
|-heal|p1a: landorustherian|83/100|[from] item: Leftovers
|upkeep
|turn|12
|
|t:|1662172174
|switch|p1a: rotomwash|Rotom-Wash|81/100
|move|p2a: Weavile|Triple Axel|p1a: rotomwash
|-resisted|p1a: rotomwash
|-damage|p1a: rotomwash|76/100
|-resisted|p1a: rotomwash
|-damage|p1a: rotomwash|65/100
|-hitcount|p1a: rotomwash|2
|
|-heal|p1a: rotomwash|71/100|[from] item: Leftovers
|upkeep
|turn|13
|
|t:|1662172178
|switch|p2a: Ferrothorn|Ferrothorn, M|100/100
|move|p1a: rotomwash|Thunderbolt|p2a: Ferrothorn
|-resisted|p2a: Ferrothorn
|-damage|p2a: Ferrothorn|85/100
|
|-heal|p1a: rotomwash|77/100|[from] item: Leftovers
|-heal|p2a: Ferrothorn|91/100|[from] item: Leftovers
|upkeep
|turn|14
|inactive|Darkman64 has 120 seconds left.
|inactive|Darkman64 has 90 seconds left.
|
|t:|1662172241
|switch|p1a: landorustherian|Landorus-Therian, M|83/100
|-ability|p1a: landorustherian|Intimidate|boost
|-unboost|p2a: Ferrothorn|atk|1
|move|p2a: Ferrothorn|Seed Bomb|p1a: landorustherian
|-damage|p1a: landorustherian|66/100
|
|-heal|p1a: landorustherian|72/100|[from] item: Leftovers
|-heal|p2a: Ferrothorn|98/100|[from] item: Leftovers
|upkeep
|turn|15
|
|t:|1662172243
|move|p1a: landorustherian|Earthquake|p2a: Ferrothorn
|-damage|p2a: Ferrothorn|70/100
|move|p2a: Ferrothorn|Knock Off|p1a: landorustherian
|-crit|p1a: landorustherian
|-damage|p1a: landorustherian|41/100
|-enditem|p1a: landorustherian|Leftovers|[from] move: Knock Off|[of] p2a: Ferrothorn
|
|-heal|p2a: Ferrothorn|76/100|[from] item: Leftovers
|upkeep
|turn|16
|inactive|Darkman64 has 90 seconds left.
|inactive|Darkman64 has 60 seconds left.
|
|t:|1662172300
|move|p1a: landorustherian|Earthquake|p2a: Ferrothorn
|-crit|p2a: Ferrothorn
|-damage|p2a: Ferrothorn|34/100
|move|p2a: Ferrothorn|Leech Seed|p1a: landorustherian
|-start|p1a: landorustherian|move: Leech Seed
|
|-heal|p2a: Ferrothorn|41/100|[from] item: Leftovers
|-damage|p1a: landorustherian|29/100|[from] Leech Seed|[of] p2a: Ferrothorn
|-heal|p2a: Ferrothorn|54/100|[silent]
|upkeep
|turn|17
|
|t:|1662172302
|move|p1a: landorustherian|U-turn|p2a: Ferrothorn
|-damage|p2a: Ferrothorn|40/100
|-damage|p1a: landorustherian|17/100|[from] ability: Iron Barbs|[of] p2a: Ferrothorn
|
|t:|1662172302
|switch|p1a: Heatran|Heatran, M|100/100|[from]move: U-turn
|-item|p1a: Heatran|Air Balloon
|move|p2a: Ferrothorn|Spikes|p1a: Heatran
|-sidestart|p1: minimax_ai|Spikes
|
|-heal|p2a: Ferrothorn|47/100|[from] item: Leftovers
|upkeep
|turn|18
|
|t:|1662172306
|switch|p2a: Slowbro|Slowbro, F|69/100
|move|p1a: Heatran|Eruption|p2a: Slowbro
|-resisted|p2a: Slowbro
|-damage|p2a: Slowbro|32/100
|
|upkeep
|turn|19
|
|t:|1662172313
|switch|p2a: Ferrothorn|Ferrothorn, M|47/100
|move|p1a: Heatran|Eruption|p2a: Ferrothorn
|-supereffective|p2a: Ferrothorn
|-damage|p2a: Ferrothorn|0 fnt
|faint|p2a: Ferrothorn
|
|upkeep
|
|t:|1662172314
|switch|p2a: Urshifu|Urshifu-Rapid-Strike, M|100/100
|turn|20
|
|t:|1662172316
|switch|p1a: Tangrowth|Tangrowth, M|55/100 tox
|-damage|p1a: Tangrowth|43/100 tox|[from] Spikes
|move|p2a: Urshifu|Surging Strikes|p1a: Tangrowth
|-resisted|p1a: Tangrowth
|-crit|p1a: Tangrowth
|-damage|p1a: Tangrowth|36/100 tox
|-resisted|p1a: Tangrowth
|-crit|p1a: Tangrowth
|-damage|p1a: Tangrowth|27/100 tox
|-resisted|p1a: Tangrowth
|-crit|p1a: Tangrowth
|-damage|p1a: Tangrowth|20/100 tox
|-hitcount|p1a: Tangrowth|3
|
|-damage|p1a: Tangrowth|14/100 tox|[from] psn
|upkeep
|turn|21
|
|t:|1662172318
|switch|p1a: landorustherian|Landorus-Therian, M|17/100
|-ability|p1a: landorustherian|Intimidate|boost
|-unboost|p2a: Urshifu|atk|1
|move|p2a: Urshifu|Surging Strikes|p1a: landorustherian
|-supereffective|p1a: landorustherian
|-crit|p1a: landorustherian
|-damage|p1a: landorustherian|0 fnt
|faint|p1a: landorustherian
|-hitcount|p1: landorustherian|1
|
|upkeep
|
|t:|1662172318
|switch|p1a: rotomwash|Rotom-Wash|77/100
|turn|22
|
|t:|1662172323
|switch|p2a: Clefable|Clefable, M|100/100
|move|p1a: rotomwash|Nasty Plot|p1a: rotomwash
|-boost|p1a: rotomwash|spa|2
|
|-heal|p1a: rotomwash|84/100|[from] item: Leftovers
|upkeep
|turn|23
|inactive|Darkman64 has 120 seconds left.
|
|t:|1662172340
|move|p1a: rotomwash|Thunderbolt|p2a: Clefable
|-damage|p2a: Clefable|66/100
|move|p2a: Clefable|Moonblast|p1a: rotomwash
|-damage|p1a: rotomwash|52/100
|
|-heal|p1a: rotomwash|58/100|[from] item: Leftovers
|-heal|p2a: Clefable|72/100|[from] item: Leftovers
|upkeep
|turn|24
|
|t:|1662172343
|move|p1a: rotomwash|Thunderbolt|p2a: Clefable
|-damage|p2a: Clefable|37/100
|move|p2a: Clefable|Moonblast|p1a: rotomwash
|-damage|p1a: rotomwash|23/100
|
|-heal|p1a: rotomwash|29/100|[from] item: Leftovers
|-heal|p2a: Clefable|43/100|[from] item: Leftovers
|upkeep
|turn|25
|
|t:|1662172346
|move|p2a: Clefable|Protect|p2a: Clefable
|-singleturn|p2a: Clefable|Protect
|move|p1a: rotomwash|Thunderbolt|p2a: Clefable
|-activate|p2a: Clefable|move: Protect
|
|-heal|p1a: rotomwash|35/100|[from] item: Leftovers
|-heal|p2a: Clefable|49/100|[from] item: Leftovers
|upkeep
|turn|26
|
|t:|1662172348
|move|p1a: rotomwash|Thunderbolt|p2a: Clefable
|-crit|p2a: Clefable
|-damage|p2a: Clefable|2/100
|move|p2a: Clefable|Wish|p2a: Clefable
|
|-heal|p1a: rotomwash|41/100|[from] item: Leftovers
|-heal|p2a: Clefable|8/100|[from] item: Leftovers
|upkeep
|turn|27
|
|t:|1662172350
|move|p2a: Clefable|Protect|p2a: Clefable
|-singleturn|p2a: Clefable|Protect
|move|p1a: rotomwash|Thunderbolt|p2a: Clefable
|-activate|p2a: Clefable|move: Protect
|
|-heal|p2a: Clefable|58/100|[from] move: Wish|[wisher] Clefable
|-heal|p1a: rotomwash|48/100|[from] item: Leftovers
|-heal|p2a: Clefable|64/100|[from] item: Leftovers
|upkeep
|turn|28
|c|☆Darkman64|off
|
|t:|1662172355
|move|p1a: rotomwash|Thunderbolt|p2a: Clefable
|-damage|p2a: Clefable|31/100
|move|p2a: Clefable|Wish|p2a: Clefable
|
|-heal|p1a: rotomwash|54/100|[from] item: Leftovers
|-heal|p2a: Clefable|38/100|[from] item: Leftovers
|upkeep
|turn|29
|
|t:|1662172384
|move|p2a: Clefable|Protect|p2a: Clefable
|-singleturn|p2a: Clefable|Protect
|move|p1a: rotomwash|Thunderbolt|p2a: Clefable
|-activate|p2a: Clefable|move: Protect
|
|-heal|p2a: Clefable|88/100|[from] move: Wish|[wisher] Clefable
|-heal|p1a: rotomwash|60/100|[from] item: Leftovers
|-heal|p2a: Clefable|94/100|[from] item: Leftovers
|upkeep
|turn|30
|
|t:|1662172386
|move|p1a: rotomwash|Thunderbolt|p2a: Clefable
|-damage|p2a: Clefable|62/100
|move|p2a: Clefable|Wish|p2a: Clefable
|
|-heal|p1a: rotomwash|66/100|[from] item: Leftovers
|-heal|p2a: Clefable|68/100|[from] item: Leftovers
|upkeep
|turn|31
|
|t:|1662172393
|move|p1a: rotomwash|Thunderbolt|p2a: Clefable
|-damage|p2a: Clefable|33/100
|move|p2a: Clefable|Moonblast|p1a: rotomwash
|-damage|p1a: rotomwash|36/100
|
|-heal|p2a: Clefable|83/100|[from] move: Wish|[wisher] Clefable
|-heal|p1a: rotomwash|42/100|[from] item: Leftovers
|-heal|p2a: Clefable|90/100|[from] item: Leftovers
|upkeep
|turn|32
|
|t:|1662172395
|move|p1a: rotomwash|Thunderbolt|p2a: Clefable
|-damage|p2a: Clefable|54/100
|move|p2a: Clefable|Moonblast|p1a: rotomwash
|-damage|p1a: rotomwash|8/100
|
|-heal|p1a: rotomwash|15/100|[from] item: Leftovers
|-heal|p2a: Clefable|60/100|[from] item: Leftovers
|upkeep
|turn|33
|
|t:|1662172398
|move|p2a: Clefable|Protect|p2a: Clefable
|-singleturn|p2a: Clefable|Protect
|move|p1a: rotomwash|Pain Split|p2a: Clefable
|-activate|p2a: Clefable|move: Protect
|
|-heal|p1a: rotomwash|21/100|[from] item: Leftovers
|-heal|p2a: Clefable|66/100|[from] item: Leftovers
|upkeep
|turn|34
|
|t:|1662172399
|move|p1a: rotomwash|Pain Split|p2a: Clefable
|-sethp|p2a: Clefable|41/100|[from] move: Pain Split|[silent]
|-sethp|p1a: rotomwash|53/100|[from] move: Pain Split
|move|p2a: Clefable|Wish|p2a: Clefable
|
|-heal|p1a: rotomwash|60/100|[from] item: Leftovers
|-heal|p2a: Clefable|47/100|[from] item: Leftovers
|upkeep
|turn|35
|
|t:|1662172401
|move|p1a: rotomwash|Thunderbolt|p2a: Clefable
|-damage|p2a: Clefable|14/100
|move|p2a: Clefable|Moonblast|p1a: rotomwash
|-damage|p1a: rotomwash|27/100
|-unboost|p1a: rotomwash|spa|1
|
|-heal|p2a: Clefable|64/100|[from] move: Wish|[wisher] Clefable
|-heal|p1a: rotomwash|33/100|[from] item: Leftovers
|-heal|p2a: Clefable|70/100|[from] item: Leftovers
|upkeep
|turn|36
|
|t:|1662172404
|move|p2a: Clefable|Protect|p2a: Clefable
|-singleturn|p2a: Clefable|Protect
|move|p1a: rotomwash|Pain Split|p2a: Clefable
|-activate|p2a: Clefable|move: Protect
|
|-heal|p1a: rotomwash|40/100|[from] item: Leftovers
|-heal|p2a: Clefable|76/100|[from] item: Leftovers
|upkeep
|turn|37
|
|t:|1662172410
|switch|p2a: Weavile|Weavile, F|84/100
|-ability|p2a: Weavile|Pressure
|move|p1a: rotomwash|Thunderbolt|p2a: Weavile
|-damage|p2a: Weavile|16/100
|
|-heal|p1a: rotomwash|46/100|[from] item: Leftovers
|upkeep
|turn|38
|
|t:|1662172411
|switch|p1a: Tangrowth|Tangrowth, M|47/100 tox
|-damage|p1a: Tangrowth|35/100 tox|[from] Spikes
|move|p2a: Weavile|Knock Off|p1a: Tangrowth
|-damage|p1a: Tangrowth|10/100 tox
|
|-damage|p1a: Tangrowth|3/100 tox|[from] psn
|upkeep
|turn|39
|
|t:|1662172414
|move|p2a: Weavile|Knock Off|p1a: Tangrowth
|-damage|p1a: Tangrowth|0 fnt
|faint|p1a: Tangrowth
|
|upkeep
|
|t:|1662172414
|switch|p1a: Heatran|Heatran, M|100/100
|-item|p1a: Heatran|Air Balloon
|turn|40
|
|t:|1662172416
|move|p2a: Weavile|Knock Off|p1a: Heatran
|-damage|p1a: Heatran|35/100
|-enditem|p1a: Heatran|Air Balloon
|move|p1a: Heatran|Eruption|p2a: Weavile
|-supereffective|p2a: Weavile
|-damage|p2a: Weavile|0 fnt
|faint|p2a: Weavile
|
|upkeep
|
|t:|1662172421
|switch|p2a: Urshifu|Urshifu-Rapid-Strike, M|100/100
|turn|41
|
|t:|1662172424
|move|p2a: Urshifu|Surging Strikes|p1a: Heatran
|-supereffective|p1a: Heatran
|-crit|p1a: Heatran
|-damage|p1a: Heatran|0 fnt
|faint|p1a: Heatran
|-hitcount|p1: Heatran|1
|
|upkeep
|
|t:|1662172424
|switch|p1a: Melmetal|Melmetal|100/100
|-damage|p1a: Melmetal|88/100|[from] Spikes
|turn|42
|
|t:|1662172427
|switch|p2a: Slowbro|Slowbro, F|65/100
|move|p1a: Melmetal|Thunder Punch|p2a: Slowbro
|-supereffective|p2a: Slowbro
|-crit|p2a: Slowbro
|-damage|p2a: Slowbro|0 fnt
|faint|p2a: Slowbro
|
|upkeep
|
|t:|1662172429
|switch|p2a: Urshifu|Urshifu-Rapid-Strike, M|100/100
|turn|43
|
|t:|1662172431
|move|p2a: Urshifu|Close Combat|p1a: Melmetal
|-supereffective|p1a: Melmetal
|-damage|p1a: Melmetal|0 fnt
|-unboost|p2a: Urshifu|def|1
|-unboost|p2a: Urshifu|spd|1
|faint|p1a: Melmetal
|
|upkeep
|
|t:|1662172431
|switch|p1a: Weavile|Weavile, M|100/100
|-damage|p1a: Weavile|88/100|[from] Spikes
|-ability|p1a: Weavile|Pressure
|turn|44
|
|t:|1662172434
|move|p1a: Weavile|Low Kick|p2a: Urshifu
|-damage|p2a: Urshifu|31/100
|move|p2a: Urshifu|Close Combat|p1a: Weavile
|-supereffective|p1a: Weavile
|-damage|p1a: Weavile|0 fnt
|-unboost|p2a: Urshifu|def|1
|-unboost|p2a: Urshifu|spd|1
|faint|p1a: Weavile
|
|upkeep
|
|t:|1662172434
|switch|p1a: rotomwash|Rotom-Wash|46/100
|turn|45
|
|t:|1662172436
|move|p2a: Urshifu|Close Combat|p1a: rotomwash
|-damage|p1a: rotomwash|0 fnt
|-unboost|p2a: Urshifu|def|1
|-unboost|p2a: Urshifu|spd|1
|faint|p1a: rotomwash
|
|win|Darkman64
|raw|minimax_ai's rating: 1535 &rarr; <strong>1513</strong><br />(-22 for losing)
|raw|Darkman64's rating: 1492 &rarr; <strong>1514</strong><br />(+22 for winning)
|c|☆minimax_ai|gg
