|j|☆keep it swerving
|j|☆Pok et glace
|t:|1662153484
|gametype|singles
|player|p1|keep it swerving|169|1651
|player|p2|Pok et glace|cynthia-masters|1696
|teamsize|p1|6
|teamsize|p2|6
|gen|8
|tier|[Gen 8] OU
|rated|
|rule|Sleep Clause Mod: Limit one foe put to sleep
|rule|Species Clause: Limit one of each Pokémon
|rule|OHKO Clause: OHKO moves are banned
|rule|Evasion Items Clause: Evasion items are banned
|rule|Evasion Moves Clause: Evasion moves are banned
|rule|Endless Battle Clause: Forcing endless battles is banned
|rule|HP Percentage Mod: HP is shown in percentages
|rule|Dynamax Clause: You cannot dynamax
|clearpoke
|poke|p1|Mew|
|poke|p1|Weavile, M|
|poke|p1|Celesteela|
|poke|p1|Crawdaunt, F|
|poke|p1|Garchomp, M|
|poke|p1|Blacephalon|
|poke|p2|Landorus-Therian, M|
|poke|p2|Heatran, M|
|poke|p2|Dragonite, F|
|poke|p2|Clefable, M|
|poke|p2|Ferrothorn, F|
|poke|p2|Tapu Koko|
|teampreview
|inactive|Battle timer is ON: inactive players will automatically lose when time's up. (requested by keep it swerving)
|
|t:|1662153518
|start
|switch|p1a: Mew|Mew, shiny|100/100
|switch|p2a: Landorus|Landorus-Therian, M|100/100
|-ability|p2a: Landorus|Intimidate|boost
|-unboost|p1a: Mew|atk|1
|turn|1
|
|t:|1662153529
|move|p1a: Mew|Taunt|p2a: Landorus
|-start|p2a: Landorus|move: Taunt
|move|p2a: Landorus|Explosion|p1a: Mew
|-enditem|p2a: Landorus|Normal Gem|[from] gem
|-damage|p1a: Mew|20/100
|faint|p2a: Landorus
|
|upkeep
|
|t:|1662153536
|switch|p2a: Tapu Koko|Tapu Koko|100/100
|-fieldstart|move: Electric Terrain|[from] ability: Electric Surge|[of] p2a: Tapu Koko
|turn|2
|
|t:|1662153565
|move|p2a: Tapu Koko|Dazzling Gleam|p1a: Mew
|-damage|p1a: Mew|0 fnt
|faint|p1a: Mew
|
|upkeep
|
|t:|1662153568
|switch|p1a: Blacephalon|Blacephalon, shiny|100/100
|turn|3
|inactive|keep it swerving has 120 seconds left.
|
|t:|1662153622
|switch|p2a: Dragonite|Dragonite, F|100/100
|move|p1a: Blacephalon|Shadow Ball|p2a: Dragonite
|-damage|p2a: Dragonite|73/100
|
|upkeep
|turn|4
|inactive|keep it swerving has 90 seconds left.
|
|t:|1662153657
|move|p1a: Blacephalon|Shadow Ball|p2a: Dragonite
|-damage|p2a: Dragonite|15/100
|move|p2a: Dragonite|Roost|p2a: Dragonite
|-heal|p2a: Dragonite|65/100
|-singleturn|p2a: Dragonite|move: Roost
|
|upkeep
|turn|5
|
|t:|1662153662
|switch|p1a: Celesteela|Celesteela, shiny|100/100
|move|p2a: Dragonite|Roost|p2a: Dragonite
|-heal|p2a: Dragonite|100/100
|-singleturn|p2a: Dragonite|move: Roost
|
|upkeep
|turn|6
|
|t:|1662153682
|switch|p2a: Heatran|Heatran, M, shiny|100/100
|-item|p2a: Heatran|Air Balloon
|move|p1a: Celesteela|Autotomize|p1a: Celesteela
|-boost|p1a: Celesteela|spe|2
|-start|p1a: Celesteela|Autotomize
|
|-fieldend|move: Electric Terrain
|upkeep
|turn|7
|
|t:|1662153706
|move|p1a: Celesteela|Meteor Beam||[still]
|-prepare|p1a: Celesteela|Meteor Beam
|-boost|p1a: Celesteela|spa|1
|-enditem|p1a: Celesteela|Power Herb
|-anim|p1a: Celesteela|Meteor Beam|p2a: Heatran
|-damage|p2a: Heatran|35/100
|-enditem|p2a: Heatran|Air Balloon
|move|p2a: Heatran|Stealth Rock|p1a: Celesteela
|-sidestart|p1: keep it swerving|move: Stealth Rock
|
|upkeep
|turn|8
|inactive|keep it swerving has 60 seconds left.
|
|t:|1662153730
|move|p1a: Celesteela|Air Slash|p2a: Heatran
|-resisted|p2a: Heatran
|-damage|p2a: Heatran|9/100
|move|p2a: Heatran|Magma Storm|p1a: Celesteela
|-supereffective|p1a: Celesteela
|-damage|p1a: Celesteela|0 fnt
|faint|p1a: Celesteela
|
|upkeep
|
|t:|1662153732
|switch|p1a: Garchomp|Garchomp, M, shiny|100/100
|-damage|p1a: Garchomp|94/100|[from] Stealth Rock
|turn|9
|
|t:|1662153747
|switch|p2a: Clefable|Clefable, M, shiny|100/100
|move|p1a: Garchomp|Earthquake|p2a: Clefable
|-damage|p2a: Clefable|46/100
|
|upkeep
|turn|10
|
|t:|1662153762
|switch|p2a: Heatran|Heatran, M, shiny|9/100
|move|p1a: Garchomp|Swords Dance|p1a: Garchomp
|-boost|p1a: Garchomp|atk|2
|
|upkeep
|turn|11
|
|t:|1662153768
|switch|p2a: Clefable|Clefable, M, shiny|46/100
|move|p1a: Garchomp|Scale Shot|p2a: Clefable
|-immune|p2a: Clefable
|
|upkeep
|turn|12
|
|t:|1662153774
|move|p1a: Garchomp|Earthquake|p2a: Clefable
|-crit|p2a: Clefable
|-damage|p2a: Clefable|0 fnt
|faint|p2a: Clefable
|
|upkeep
|
|t:|1662153790
|switch|p2a: Dragonite|Dragonite, F|100/100
|turn|13
|inactive|keep it swerving has 90 seconds left.
|c|☆Pok et glace|your plays are actually awful
|inactive|keep it swerving has 60 seconds left.
|c|☆Pok et glace|clicking eq on heatran but setting up on clefable?
|
|t:|1662153834
|move|p1a: Garchomp|Scale Shot|p2a: Dragonite
|-supereffective|p2a: Dragonite
|-damage|p2a: Dragonite|73/100
|-supereffective|p2a: Dragonite
|-damage|p2a: Dragonite|15/100
|-supereffective|p2a: Dragonite
|-damage|p2a: Dragonite|0 fnt
|faint|p2a: Dragonite
|-hitcount|p2: Dragonite|3
|-unboost|p1a: Garchomp|def|1
|-boost|p1a: Garchomp|spe|1
|
|upkeep
|c|☆Pok et glace|you can't scale shot on clefable
|c|☆Pok et glace|get good
|-message|Pok et glace forfeited.
|
|win|keep it swerving
|raw|keep it swerving's rating: 1651 &rarr; <strong>1674</strong><br />(+23 for winning)
|raw|Pok et glace's rating: 1696 &rarr; <strong>1673</strong><br />(-23 for losing)
|l|☆Pok et glace
||Ladder isn't responding, score probably updated but might not have (Request timeout).
