|j|☆HectorKabutops
|j|☆PQPP214
|t:|1645754641
|gametype|singles
|player|p1|HectorKabutops|bruno|1515
|player|p2|PQPP214|1|1489
|teamsize|p1|6
|teamsize|p2|6
|gen|8
|tier|[Gen 8] OU
|rated|
|rule|Sleep Clause Mod: Limit one foe put to sleep
|rule|Species Clause: Limit one of each Pokémon
|rule|OHKO Clause: OHKO moves are banned
|rule|Evasion Moves Clause: Evasion moves are banned
|rule|Endless Battle Clause: Forcing endless battles is banned
|rule|HP Percentage Mod: HP is shown in percentages
|rule|Dynamax Clause: You cannot dynamax
|clearpoke
|poke|p1|Venusaur, F|
|poke|p1|Heatran, M|
|poke|p1|Weavile, F|
|poke|p1|Torkoal, F|
|poke|p1|Kartana|
|poke|p1|Landorus-Therian, M|
|poke|p2|Landorus-Therian, M|
|poke|p2|Tornadus-Therian, M|
|poke|p2|Zeraora|
|poke|p2|Zapdos-Galar|
|poke|p2|Jirachi|
|poke|p2|Toxapex, F|
|teampreview
|inactive|Battle timer is ON: inactive players will automatically lose when time's up. (requested by PQPP214)
|
|t:|1645754656
|start
|switch|p1a: Weavile|Weavile, F|100/100
|switch|p2a: Zapdos|Zapdos-Galar|100/100
|-ability|p1a: Weavile|Pressure
|turn|1
|
|t:|1645754662
|switch|p2a: Toxapex|Toxapex, F, shiny|100/100
|move|p1a: Weavile|Triple Axel|p2a: Toxapex
|-resisted|p2a: Toxapex
|-damage|p2a: Toxapex|96/100
|-damage|p1a: Weavile|84/100|[from] item: Rocky Helmet|[of] p2a: Toxapex
|-resisted|p2a: Toxapex
|-damage|p2a: Toxapex|86/100
|-damage|p1a: Weavile|68/100|[from] item: Rocky Helmet|[of] p2a: Toxapex
|-resisted|p2a: Toxapex
|-damage|p2a: Toxapex|74/100
|-damage|p1a: Weavile|51/100|[from] item: Rocky Helmet|[of] p2a: Toxapex
|-hitcount|p2a: Toxapex|3
|
|upkeep
|turn|2
|
|t:|1645754668
|switch|p1a: Torkoal|Torkoal, F|100/100
|-weather|SunnyDay|[from] ability: Drought|[of] p1a: Torkoal
|move|p2a: Toxapex|Knock Off|p1a: Torkoal
|-damage|p1a: Torkoal|91/100
|-enditem|p1a: Torkoal|Heat Rock|[from] move: Knock Off|[of] p2a: Toxapex
|
|-weather|SunnyDay|[upkeep]
|upkeep
|turn|3
|
|t:|1645754680
|switch|p2a: Landorus|Landorus-Therian, M, shiny|100/100
|-ability|p2a: Landorus|Intimidate|boost
|-unboost|p1a: Torkoal|atk|1
|move|p1a: Torkoal|Stealth Rock|p2a: Landorus
|-sidestart|p2: PQPP214|move: Stealth Rock
|
|-weather|SunnyDay|[upkeep]
|upkeep
|turn|4
|
|t:|1645754694
|switch|p1a: Landorus|Landorus-Therian, M|100/100
|-ability|p1a: Landorus|Intimidate|boost
|-unboost|p2a: Landorus|atk|1
|move|p2a: Landorus|Defog|p1a: Landorus
|-unboost|p1a: Landorus|evasion|1
|-sideend|p2: PQPP214|Stealth Rock|[from] move: Defog|[of] p2a: Landorus
|
|-weather|SunnyDay|[upkeep]
|upkeep
|turn|5
|
|t:|1645754698
|move|p1a: Landorus|Stealth Rock|p2a: Landorus
|-sidestart|p2: PQPP214|move: Stealth Rock
|move|p2a: Landorus|Toxic|p1a: Landorus
|-status|p1a: Landorus|tox
|
|-weather|SunnyDay|[upkeep]
|-damage|p1a: Landorus|94/100 tox|[from] psn
|upkeep
|turn|6
|
|t:|1645754702
|move|p1a: Landorus|U-turn|p2a: Landorus
|-resisted|p2a: Landorus
|-damage|p2a: Landorus|90/100
|
|t:|1645754706
|switch|p1a: Venusaur|Venusaur, F|100/100|[from]move: U-turn
|move|p2a: Landorus|Defog|p1a: Venusaur
|-unboost|p1a: Venusaur|evasion|1
|-sideend|p2: PQPP214|Stealth Rock|[from] move: Defog|[of] p2a: Landorus
|
|-weather|SunnyDay|[upkeep]
|-heal|p2a: Landorus|96/100|[from] item: Leftovers
|upkeep
|turn|7
|
|t:|1645754723
|move|p1a: Venusaur|Growth|p1a: Venusaur
|-boost|p1a: Venusaur|atk|2
|-boost|p1a: Venusaur|spa|2
|move|p2a: Landorus|U-turn|p1a: Venusaur
|-damage|p1a: Venusaur|79/100
|
|t:|1645754739
|switch|p2a: Toxapex|Toxapex, F, shiny|100/100|[from]move: U-turn
|
|-weather|SunnyDay|[upkeep]
|upkeep
|turn|8
|
|t:|1645754745
|move|p1a: Venusaur|Giga Drain|p2a: Toxapex
|-damage|p2a: Toxapex|21/100
|-heal|p1a: Venusaur|100/100|[from] drain|[of] p2a: Toxapex
|-damage|p1a: Venusaur|91/100|[from] item: Life Orb
|move|p2a: Toxapex|Haze|p2a: Toxapex
|-clearallboost
|
|-weather|SunnyDay|[upkeep]
|upkeep
|turn|9
|
|t:|1645754753
|switch|p2a: Tornadus|Tornadus-Therian, M, shiny|100/100
|move|p1a: Venusaur|Weather Ball|p2a: Tornadus
|-damage|p2a: Tornadus|36/100
|-damage|p1a: Venusaur|81/100|[from] item: Life Orb
|
|-weather|none
|upkeep
|turn|10
|
|t:|1645754758
|switch|p1a: Torkoal|Torkoal, F|91/100
|-weather|SunnyDay|[from] ability: Drought|[of] p1a: Torkoal
|move|p2a: Tornadus|Hurricane|p1a: Torkoal
|-damage|p1a: Torkoal|37/100
|
|-weather|SunnyDay|[upkeep]
|upkeep
|turn|11
|
|t:|1645754764
|switch|p1a: Heatran|Heatran, M|100/100
|move|p2a: Tornadus|U-turn|p1a: Heatran
|-resisted|p1a: Heatran
|-damage|p1a: Heatran|97/100
|
|t:|1645754770
|switch|p2a: Landorus|Landorus-Therian, M, shiny|96/100|[from]move: U-turn
|-ability|p2a: Landorus|Intimidate|boost
|-unboost|p1a: Heatran|atk|1
|
|-weather|SunnyDay|[upkeep]
|-heal|p2a: Landorus|100/100|[from] item: Leftovers
|upkeep
|turn|12
|
|t:|1645754774
|move|p1a: Heatran|Eruption|p2a: Landorus
|-damage|p2a: Landorus|0 fnt
|faint|p2a: Landorus
|
|-weather|SunnyDay|[upkeep]
|upkeep
|
|t:|1645754777
|switch|p2a: Zapdos|Zapdos-Galar|100/100
|turn|13
|
|t:|1645754784
|move|p2a: Zapdos|Close Combat|p1a: Heatran
|-supereffective|p1a: Heatran
|-damage|p1a: Heatran|0 fnt
|-unboost|p2a: Zapdos|def|1
|-unboost|p2a: Zapdos|spd|1
|faint|p1a: Heatran
|
|-weather|SunnyDay|[upkeep]
|upkeep
|
|t:|1645754788
|switch|p1a: Venusaur|Venusaur, F|81/100
|turn|14
|
|t:|1645754808
|switch|p2a: Jirachi|Jirachi, shiny|100/100
|move|p1a: Venusaur|Weather Ball|p2a: Jirachi
|-supereffective|p2a: Jirachi
|-damage|p2a: Jirachi|19/100
|-damage|p1a: Venusaur|71/100|[from] item: Life Orb
|
|-weather|none
|-heal|p2a: Jirachi|25/100|[from] item: Leftovers
|upkeep
|turn|15
|
|t:|1645754816
|switch|p1a: Torkoal|Torkoal, F|37/100
|-weather|SunnyDay|[from] ability: Drought|[of] p1a: Torkoal
|move|p2a: Jirachi|Stealth Rock|p1a: Torkoal
|-sidestart|p1: HectorKabutops|move: Stealth Rock
|
|-weather|SunnyDay|[upkeep]
|-heal|p2a: Jirachi|32/100|[from] item: Leftovers
|upkeep
|turn|16
|
|t:|1645754822
|move|p2a: Jirachi|Iron Head|p1a: Torkoal
|-resisted|p1a: Torkoal
|-damage|p1a: Torkoal|30/100
|cant|p1a: Torkoal|flinch
|
|-weather|SunnyDay|[upkeep]
|-heal|p2a: Jirachi|38/100|[from] item: Leftovers
|upkeep
|turn|17
|
|t:|1645754827
|switch|p1a: Kartana|Kartana|100/100
|-damage|p1a: Kartana|94/100|[from] Stealth Rock
|move|p2a: Jirachi|Iron Head|p1a: Kartana
|-resisted|p1a: Kartana
|-damage|p1a: Kartana|80/100
|
|-weather|SunnyDay|[upkeep]
|-heal|p2a: Jirachi|44/100|[from] item: Leftovers
|upkeep
|turn|18
|
|t:|1645754837
|switch|p2a: Toxapex|Toxapex, F, shiny|54/100
|move|p1a: Kartana|Knock Off|p2a: Toxapex
|-damage|p2a: Toxapex|25/100
|-damage|p1a: Kartana|64/100|[from] item: Rocky Helmet|[of] p2a: Toxapex
|-enditem|p2a: Toxapex|Rocky Helmet|[from] move: Knock Off|[of] p1a: Kartana
|
|-weather|SunnyDay|[upkeep]
|upkeep
|turn|19
|
|t:|1645754843
|switch|p1a: Venusaur|Venusaur, F|71/100
|-damage|p1a: Venusaur|58/100|[from] Stealth Rock
|move|p2a: Toxapex|Recover|p2a: Toxapex
|-heal|p2a: Toxapex|75/100
|
|-weather|none
|upkeep
|turn|20
|
|t:|1645754849
|switch|p2a: Tornadus|Tornadus-Therian, M, shiny|69/100
|move|p1a: Venusaur|Giga Drain|p2a: Tornadus
|-resisted|p2a: Tornadus
|-damage|p2a: Tornadus|45/100
|-heal|p1a: Venusaur|73/100|[from] drain|[of] p2a: Tornadus
|-damage|p1a: Venusaur|63/100|[from] item: Life Orb
|
|upkeep
|turn|21
|
|t:|1645754855
|switch|p1a: Torkoal|Torkoal, F|30/100
|-damage|p1a: Torkoal|5/100|[from] Stealth Rock
|-weather|SunnyDay|[from] ability: Drought|[of] p1a: Torkoal
|move|p2a: Tornadus|Hurricane|p1a: Torkoal
|-damage|p1a: Torkoal|0 fnt
|faint|p1a: Torkoal
|
|-weather|SunnyDay|[upkeep]
|upkeep
|
|t:|1645754865
|switch|p1a: Venusaur|Venusaur, F|63/100
|-damage|p1a: Venusaur|50/100|[from] Stealth Rock
|turn|22
|
|t:|1645754870
|switch|p2a: Toxapex|Toxapex, F, shiny|100/100
|move|p1a: Venusaur|Weather Ball|p2a: Toxapex
|-resisted|p2a: Toxapex
|-damage|p2a: Toxapex|76/100
|-damage|p1a: Venusaur|40/100|[from] item: Life Orb
|
|-weather|SunnyDay|[upkeep]
|upkeep
|turn|23
|
|t:|1645754875
|switch|p2a: Jirachi|Jirachi, shiny|44/100
|move|p1a: Venusaur|Growth|p1a: Venusaur
|-boost|p1a: Venusaur|atk|2
|-boost|p1a: Venusaur|spa|2
|
|-weather|SunnyDay|[upkeep]
|-heal|p2a: Jirachi|50/100|[from] item: Leftovers
|upkeep
|turn|24
|
|t:|1645754882
|switch|p2a: Toxapex|Toxapex, F, shiny|100/100
|move|p1a: Venusaur|Weather Ball|p2a: Toxapex
|-resisted|p2a: Toxapex
|-damage|p2a: Toxapex|47/100
|-damage|p1a: Venusaur|30/100|[from] item: Life Orb
|
|-weather|SunnyDay|[upkeep]
|upkeep
|turn|25
|
|t:|1645754888
|switch|p2a: Jirachi|Jirachi, shiny|50/100
|move|p1a: Venusaur|Giga Drain|p2a: Jirachi
|-resisted|p2a: Jirachi
|-damage|p2a: Jirachi|20/100
|-heal|p1a: Venusaur|51/100|[from] drain|[of] p2a: Jirachi
|-damage|p1a: Venusaur|41/100|[from] item: Life Orb
|
|-weather|none
|-heal|p2a: Jirachi|26/100|[from] item: Leftovers
|upkeep
|turn|26
|
|t:|1645754894
|move|p1a: Venusaur|Earth Power|p2a: Jirachi
|-supereffective|p2a: Jirachi
|-damage|p2a: Jirachi|0 fnt
|faint|p2a: Jirachi
|-damage|p1a: Venusaur|31/100|[from] item: Life Orb
|
|upkeep
|
|t:|1645754901
|switch|p2a: Tornadus|Tornadus-Therian, M, shiny|79/100
|turn|27
|
|t:|1645754904
|move|p2a: Tornadus|Heat Wave|p1a: Venusaur
|-supereffective|p1a: Venusaur
|-damage|p1a: Venusaur|0 fnt
|faint|p1a: Venusaur
|
|upkeep
|
|t:|1645754907
|switch|p1a: Weavile|Weavile, F|51/100
|-damage|p1a: Weavile|26/100|[from] Stealth Rock
|-ability|p1a: Weavile|Pressure
|turn|28
|
|t:|1645754912
|switch|p2a: Toxapex|Toxapex, F, shiny|80/100
|move|p1a: Weavile|Triple Axel|p2a: Toxapex
|-resisted|p2a: Toxapex
|-damage|p2a: Toxapex|75/100
|-resisted|p2a: Toxapex
|-damage|p2a: Toxapex|66/100
|-resisted|p2a: Toxapex
|-damage|p2a: Toxapex|52/100
|-hitcount|p2a: Toxapex|3
|
|upkeep
|turn|29
|
|t:|1645754921
|move|p1a: Weavile|Triple Axel|p2a: Toxapex
|-resisted|p2a: Toxapex
|-damage|p2a: Toxapex|47/100
|-resisted|p2a: Toxapex
|-damage|p2a: Toxapex|38/100
|-resisted|p2a: Toxapex
|-damage|p2a: Toxapex|25/100
|-hitcount|p2a: Toxapex|3
|move|p2a: Toxapex|Knock Off|p1a: Weavile
|-resisted|p1a: Weavile
|-damage|p1a: Weavile|14/100
|-enditem|p1a: Weavile|Choice Band|[from] move: Knock Off|[of] p2a: Toxapex
|
|upkeep
|turn|30
|
|t:|1645754936
|switch|p2a: Zeraora|Zeraora, shiny|100/100
|move|p1a: Weavile|Knock Off|p2a: Zeraora
|-damage|p2a: Zeraora|33/100
|-enditem|p2a: Zeraora|Heavy-Duty Boots|[from] move: Knock Off|[of] p1a: Weavile
|
|upkeep
|turn|31
|
|t:|1645754942
|move|p1a: Weavile|Ice Shard|p2a: Zeraora
|-damage|p2a: Zeraora|5/100
|move|p2a: Zeraora|Knock Off|p1a: Weavile
|-resisted|p1a: Weavile
|-damage|p1a: Weavile|0 fnt
|faint|p1a: Weavile
|
|upkeep
|
|t:|1645754945
|switch|p1a: Kartana|Kartana|64/100
|-damage|p1a: Kartana|58/100|[from] Stealth Rock
|turn|32
|
|t:|1645754950
|switch|p2a: Toxapex|Toxapex, F, shiny|59/100
|move|p1a: Kartana|Leaf Blade|p2a: Toxapex
|-damage|p2a: Toxapex|15/100
|
|upkeep
|turn|33
|
|t:|1645754959
|switch|p2a: Tornadus|Tornadus-Therian, M, shiny|100/100
|move|p1a: Kartana|Leaf Blade|p2a: Tornadus
|-resisted|p2a: Tornadus
|-damage|p2a: Tornadus|68/100
|
|upkeep
|turn|34
|
|t:|1645754965
|switch|p1a: Landorus|Landorus-Therian, M|94/100 tox
|-damage|p1a: Landorus|82/100 tox|[from] Stealth Rock
|-ability|p1a: Landorus|Intimidate|boost
|-unboost|p2a: Tornadus|atk|1
|move|p2a: Tornadus|Heat Wave|p1a: Landorus
|-damage|p1a: Landorus|59/100 tox
|
|-heal|p1a: Landorus|65/100 tox|[from] item: Leftovers
|-damage|p1a: Landorus|59/100 tox|[from] psn
|upkeep
|turn|35
|
|t:|1645754976
|switch|p2a: Zeraora|Zeraora, shiny|5/100
|move|p1a: Landorus|U-turn|p2a: Zeraora
|-damage|p2a: Zeraora|0 fnt
|faint|p2a: Zeraora
|
|t:|1645754979
|switch|p1a: Kartana|Kartana|58/100|[from]move: U-turn
|-damage|p1a: Kartana|51/100|[from] Stealth Rock
|
|upkeep
|
|t:|1645754984
|switch|p2a: Tornadus|Tornadus-Therian, M, shiny|100/100
|turn|36
|
|t:|1645754990
|move|p1a: Kartana|Knock Off|p2a: Tornadus
|-damage|p2a: Tornadus|49/100
|-enditem|p2a: Tornadus|Heavy-Duty Boots|[from] move: Knock Off|[of] p1a: Kartana
|move|p2a: Tornadus|Heat Wave|p1a: Kartana
|-supereffective|p1a: Kartana
|-damage|p1a: Kartana|0 fnt
|faint|p1a: Kartana
|
|upkeep
|-message|HectorKabutops forfeited.
|
|win|PQPP214
|raw|HectorKabutops's rating: 1515 &rarr; <strong>1494</strong><br />(-21 for losing)
|raw|PQPP214's rating: 1489 &rarr; <strong>1510</strong><br />(+21 for winning)
|l|☆HectorKabutops
