|html|<div class="broadcast-blue"><strong>[Gen 8] OU is currently suspecting Melmetal! For information on how to participate check out the <a href="https://www.smogon.com/forums/threads/np-ss-ou-suspect-process-round-12-monster-mash.3709234/">suspect thread</a>.</strong></div>
|j|☆hadahada
|j|☆Dmanden
|t:|1666696371
|gametype|singles
|player|p1|hadahada|101|1337
|player|p2|Dmanden|pokekid|1344
|teamsize|p1|6
|teamsize|p2|6
|gen|8
|tier|[Gen 8] OU
|rated|
|rule|Sleep Clause Mod: Limit one foe put to sleep
|rule|Species Clause: Limit one of each Pokémon
|rule|OHKO Clause: OHKO moves are banned
|rule|Evasion Items Clause: Evasion items are banned
|rule|Evasion Moves Clause: Evasion moves are banned
|rule|Endless Battle Clause: Forcing endless battles is banned
|rule|HP Percentage Mod: HP is shown in percentages
|rule|Dynamax Clause: You cannot dynamax
|clearpoke
|poke|p1|Swampert, F|
|poke|p1|Tapu Fini|
|poke|p1|Rillaboom, F|
|poke|p1|Obstagoon, F|
|poke|p1|Zapdos|
|poke|p1|Heatran, M|
|poke|p2|Buzzwole|
|poke|p2|Blissey, F|
|poke|p2|Kartana|
|poke|p2|Tangrowth, M|
|poke|p2|Garchomp, M|
|poke|p2|Zapdos|
|teampreview
|inactive|Battle timer is ON: inactive players will automatically lose when time's up. (requested by hadahada)
|
|t:|1666696384
|start
|switch|p1a: Heatran|Heatran, M|100/100
|switch|p2a: Garchomp|Garchomp, M|100/100
|turn|1
|
|t:|1666696387
|switch|p1a: Zapdos|Zapdos|100/100
|move|p2a: Garchomp|Earthquake|p1a: Zapdos
|-immune|p1a: Zapdos
|
|upkeep
|turn|2
|
|t:|1666696394
|switch|p1a: Swampert|Swampert, F|100/100
|move|p2a: Garchomp|Rock Slide|p1a: Swampert
|-resisted|p1a: Swampert
|-damage|p1a: Swampert|90/100
|
|-heal|p1a: Swampert|96/100|[from] item: Leftovers
|upkeep
|turn|3
|
|t:|1666696397
|switch|p2a: Tangrowth|Tangrowth, M|100/100
|move|p1a: Swampert|Stealth Rock|p2a: Tangrowth
|-sidestart|p2: Dmanden|move: Stealth Rock
|
|-heal|p1a: Swampert|100/100|[from] item: Leftovers
|upkeep
|turn|4
|
|t:|1666696402
|switch|p1a: Heatran|Heatran, M|100/100
|move|p2a: Tangrowth|Knock Off|p1a: Heatran
|-damage|p1a: Heatran|78/100
|-enditem|p1a: Heatran|Choice Scarf|[from] move: Knock Off|[of] p2a: Tangrowth
|
|upkeep
|turn|5
|
|t:|1666696411
|switch|p1a: Obstagoon|Obstagoon, F|100/100
|move|p2a: Tangrowth|Earthquake|p1a: Obstagoon
|-damage|p1a: Obstagoon|78/100
|
|-status|p1a: Obstagoon|brn|[from] item: Flame Orb
|upkeep
|turn|6
|
|t:|1666696418
|move|p1a: Obstagoon|Knock Off|p2a: Tangrowth
|-damage|p2a: Tangrowth|60/100
|-enditem|p2a: Tangrowth|Assault Vest|[from] move: Knock Off|[of] p1a: Obstagoon
|move|p2a: Tangrowth|Giga Drain|p1a: Obstagoon
|-damage|p1a: Obstagoon|41/100 brn
|-heal|p2a: Tangrowth|75/100|[from] drain|[of] p1a: Obstagoon
|
|-damage|p1a: Obstagoon|35/100 brn|[from] brn
|upkeep
|turn|7
|
|t:|1666696432
|switch|p1a: Zapdos|Zapdos|100/100
|move|p2a: Tangrowth|Earthquake|p1a: Zapdos
|-immune|p1a: Zapdos
|
|upkeep
|turn|8
|
|t:|1666696440
|switch|p2a: Garchomp|Garchomp, M|100/100
|-damage|p2a: Garchomp|94/100|[from] Stealth Rock
|move|p1a: Zapdos|Volt Switch|p2a: Garchomp
|-immune|p2a: Garchomp
|
|upkeep
|turn|9
|
|t:|1666696448
|switch|p1a: Swampert|Swampert, F|100/100
|move|p2a: Garchomp|Earthquake|p1a: Swampert
|-damage|p1a: Swampert|59/100
|
|-heal|p1a: Swampert|66/100|[from] item: Leftovers
|upkeep
|turn|10
|
|t:|1666696454
|switch|p2a: Buzzwole|Buzzwole|100/100
|-damage|p2a: Buzzwole|88/100|[from] Stealth Rock
|move|p1a: Swampert|Flip Turn|p2a: Buzzwole
|-damage|p2a: Buzzwole|76/100
|-damage|p1a: Swampert|49/100|[from] item: Rocky Helmet|[of] p2a: Buzzwole
|
|t:|1666696459
|switch|p1a: Heatran|Heatran, M|78/100|[from]move: Flip Turn
|
|upkeep
|turn|11
|
|t:|1666696466
|switch|p2a: Blissey|Blissey, F|100/100
|move|p1a: Heatran|Eruption|p2a: Blissey
|-damage|p2a: Blissey|78/100
|
|upkeep
|turn|12
|
|t:|1666696470
|switch|p1a: Tapu Fini|Tapu Fini|100/100
|-fieldstart|move: Misty Terrain|[from] ability: Misty Surge|[of] p1a: Tapu Fini
|move|p2a: Blissey|Thunder Wave|p1a: Tapu Fini
|-activate|p1a: Tapu Fini|move: Misty Terrain
|
|upkeep
|turn|13
|
|t:|1666696475
|move|p1a: Tapu Fini|Taunt|p2a: Blissey
|-start|p2a: Blissey|move: Taunt
|cant|p2a: Blissey|move: Taunt|Stealth Rock
|
|upkeep
|turn|14
|
|t:|1666696482
|switch|p1a: Zapdos|Zapdos|100/100
|move|p2a: Blissey|Seismic Toss|p1a: Zapdos
|-damage|p1a: Zapdos|74/100
|
|upkeep
|turn|15
|
|t:|1666696486
|move|p1a: Zapdos|Hurricane|p2a: Blissey
|-damage|p2a: Blissey|60/100
|move|p2a: Blissey|Seismic Toss|p1a: Zapdos
|-damage|p1a: Zapdos|48/100
|
|-end|p2a: Blissey|move: Taunt
|upkeep
|turn|16
|
|t:|1666696492
|move|p1a: Zapdos|Roost|p1a: Zapdos
|-heal|p1a: Zapdos|98/100
|-singleturn|p1a: Zapdos|move: Roost
|move|p2a: Blissey|Stealth Rock|p1a: Zapdos
|-sidestart|p1: hadahada|move: Stealth Rock
|
|-fieldend|Misty Terrain
|upkeep
|turn|17
|
|t:|1666696495
|move|p1a: Zapdos|Defog|p2a: Blissey
|-unboost|p2a: Blissey|evasion|1
|-sideend|p2: Dmanden|Stealth Rock|[from] move: Defog|[of] p1a: Zapdos
|-sideend|p1: hadahada|Stealth Rock|[from] move: Defog|[of] p1a: Zapdos
|move|p2a: Blissey|Soft-Boiled|p2a: Blissey
|-heal|p2a: Blissey|100/100
|
|upkeep
|turn|18
|
|t:|1666696497
|move|p1a: Zapdos|Hurricane|p2a: Blissey
|-damage|p2a: Blissey|83/100
|move|p2a: Blissey|Stealth Rock|p1a: Zapdos
|-sidestart|p1: hadahada|move: Stealth Rock
|
|upkeep
|turn|19
|
|t:|1666696505
|switch|p2a: Garchomp|Garchomp, M|94/100
|move|p1a: Zapdos|Hurricane|p2a: Garchomp
|-damage|p2a: Garchomp|63/100
|
|upkeep
|turn|20
|
|t:|1666696515
|move|p2a: Garchomp|Earthquake|p1a: Zapdos
|-immune|p1a: Zapdos
|move|p1a: Zapdos|Defog|p2a: Garchomp
|-unboost|p2a: Garchomp|evasion|1
|-sideend|p1: hadahada|Stealth Rock|[from] move: Defog|[of] p1a: Zapdos
|
|upkeep
|turn|21
|
|t:|1666696518
|move|p2a: Garchomp|Rock Slide|p1a: Zapdos
|-supereffective|p1a: Zapdos
|-damage|p1a: Zapdos|62/100
|move|p1a: Zapdos|Hurricane|p2a: Garchomp
|-damage|p2a: Garchomp|27/100
|-start|p2a: Garchomp|confusion
|
|upkeep
|turn|22
|
|t:|1666696526
|switch|p2a: Zapdos|Zapdos|100/100
|move|p1a: Zapdos|Hurricane|p2a: Zapdos
|-resisted|p2a: Zapdos
|-damage|p2a: Zapdos|75/100
|
|upkeep
|turn|23
|
|t:|1666696532
|move|p2a: Zapdos|Volt Switch|p1a: Zapdos
|-damage|p1a: Zapdos|27/100
|
|t:|1666696536
|switch|p2a: Garchomp|Garchomp, M|27/100|[from]move: Volt Switch
|move|p1a: Zapdos|Roost|p1a: Zapdos
|-heal|p1a: Zapdos|77/100
|-singleturn|p1a: Zapdos|move: Roost
|
|upkeep
|turn|24
|
|t:|1666696539
|switch|p2a: Blissey|Blissey, F|83/100
|move|p1a: Zapdos|Hurricane|p2a: Blissey
|-damage|p2a: Blissey|66/100
|
|upkeep
|turn|25
|
|t:|1666696545
|switch|p1a: Obstagoon|Obstagoon, F|35/100 brn
|move|p2a: Blissey|Seismic Toss|p1a: Obstagoon
|-damage|p1a: Obstagoon|5/100 brn
|
|-damage|p1a: Obstagoon|0 fnt|[from] brn
|faint|p1a: Obstagoon
|upkeep
|
|t:|1666696551
|switch|p1a: Rillaboom|Rillaboom, F|100/100
|-fieldstart|move: Grassy Terrain|[from] ability: Grassy Surge|[of] p1a: Rillaboom
|turn|26
|
|t:|1666696555
|switch|p2a: Buzzwole|Buzzwole|76/100
|move|p1a: Rillaboom|U-turn|p2a: Buzzwole
|-resisted|p2a: Buzzwole
|-damage|p2a: Buzzwole|66/100
|-damage|p1a: Rillaboom|84/100|[from] item: Rocky Helmet|[of] p2a: Buzzwole
|
|t:|1666696560
|switch|p1a: Heatran|Heatran, M|78/100|[from]move: U-turn
|
|-heal|p1a: Heatran|84/100|[from] Grassy Terrain
|-heal|p2a: Buzzwole|72/100|[from] Grassy Terrain
|upkeep
|turn|27
|
|t:|1666696566
|switch|p2a: Blissey|Blissey, F|66/100
|move|p1a: Heatran|Eruption|p2a: Blissey
|-damage|p2a: Blissey|43/100
|
|-heal|p1a: Heatran|90/100|[from] Grassy Terrain
|-heal|p2a: Blissey|49/100|[from] Grassy Terrain
|upkeep
|turn|28
|
|t:|1666696571
|switch|p1a: Tapu Fini|Tapu Fini|100/100
|-fieldstart|move: Misty Terrain|[from] ability: Misty Surge|[of] p1a: Tapu Fini
|move|p2a: Blissey|Soft-Boiled|p2a: Blissey
|-heal|p2a: Blissey|99/100
|
|upkeep
|turn|29
|
|t:|1666696573
|move|p1a: Tapu Fini|Calm Mind|p1a: Tapu Fini
|-boost|p1a: Tapu Fini|spa|1
|-boost|p1a: Tapu Fini|spd|1
|move|p2a: Blissey|Seismic Toss|p1a: Tapu Fini
|-damage|p1a: Tapu Fini|71/100
|
|-heal|p1a: Tapu Fini|78/100|[from] item: Leftovers
|upkeep
|turn|30
|
|t:|1666696578
|move|p1a: Tapu Fini|Taunt|p2a: Blissey
|-start|p2a: Blissey|move: Taunt
|move|p2a: Blissey|Seismic Toss|p1a: Tapu Fini
|-damage|p1a: Tapu Fini|48/100
|
|-heal|p1a: Tapu Fini|55/100|[from] item: Leftovers
|upkeep
|turn|31
|
|t:|1666696582
|switch|p2a: Kartana|Kartana, shiny|100/100
|move|p1a: Tapu Fini|Calm Mind|p1a: Tapu Fini
|-boost|p1a: Tapu Fini|spa|1
|-boost|p1a: Tapu Fini|spd|1
|
|-heal|p1a: Tapu Fini|61/100|[from] item: Leftovers
|upkeep
|turn|32
|
|t:|1666696586
|switch|p1a: Zapdos|Zapdos|77/100
|move|p2a: Kartana|Smart Strike|p1a: Zapdos
|-resisted|p1a: Zapdos
|-damage|p1a: Zapdos|52/100
|
|-fieldend|Misty Terrain
|upkeep
|turn|33
|
|t:|1666696593
|switch|p2a: Blissey|Blissey, F|99/100
|move|p1a: Zapdos|Roost|p1a: Zapdos
|-heal|p1a: Zapdos|100/100
|-singleturn|p1a: Zapdos|move: Roost
|
|upkeep
|turn|34
|
|t:|1666696600
|switch|p1a: Rillaboom|Rillaboom, F|84/100
|-fieldstart|move: Grassy Terrain|[from] ability: Grassy Surge|[of] p1a: Rillaboom
|move|p2a: Blissey|Thunder Wave|p1a: Rillaboom
|-status|p1a: Rillaboom|par
|
|-heal|p1a: Rillaboom|90/100 par|[from] Grassy Terrain
|-heal|p2a: Blissey|100/100|[from] Grassy Terrain
|upkeep
|turn|35
|
|t:|1666696608
|switch|p2a: Tangrowth|Tangrowth, M|100/100
|move|p1a: Rillaboom|U-turn|p2a: Tangrowth
|-supereffective|p2a: Tangrowth
|-damage|p2a: Tangrowth|54/100
|
|t:|1666696613
|switch|p1a: Heatran|Heatran, M|90/100|[from]move: U-turn
|
|-heal|p1a: Heatran|96/100|[from] Grassy Terrain
|-heal|p2a: Tangrowth|60/100|[from] Grassy Terrain
|upkeep
|turn|36
|
|t:|1666696619
|switch|p1a: Rillaboom|Rillaboom, F|90/100 par
|switch|p2a: Blissey|Blissey, F|100/100
|
|-heal|p1a: Rillaboom|96/100 par|[from] Grassy Terrain
|upkeep
|turn|37
|
|t:|1666696623
|switch|p2a: Buzzwole|Buzzwole|72/100
|move|p1a: Rillaboom|U-turn|p2a: Buzzwole
|-resisted|p2a: Buzzwole
|-damage|p2a: Buzzwole|64/100
|-damage|p1a: Rillaboom|80/100 par|[from] item: Rocky Helmet|[of] p2a: Buzzwole
|
|t:|1666696631
|switch|p1a: Swampert|Swampert, F|49/100|[from]move: U-turn
|
|-heal|p2a: Buzzwole|70/100|[from] Grassy Terrain
|-heal|p1a: Swampert|55/100|[from] Grassy Terrain
|-heal|p1a: Swampert|61/100|[from] item: Leftovers
|upkeep
|turn|38
|
|t:|1666696636
|move|p2a: Buzzwole|Close Combat|p1a: Swampert
|-damage|p1a: Swampert|7/100
|-unboost|p2a: Buzzwole|def|1
|-unboost|p2a: Buzzwole|spd|1
|move|p1a: Swampert|Toxic|p2a: Buzzwole|[miss]
|-miss|p1a: Swampert|p2a: Buzzwole
|
|-heal|p2a: Buzzwole|76/100|[from] Grassy Terrain
|-heal|p1a: Swampert|13/100|[from] Grassy Terrain
|-heal|p1a: Swampert|20/100|[from] item: Leftovers
|-fieldend|move: Grassy Terrain
|upkeep
|turn|39
|
|t:|1666696644
|switch|p1a: Zapdos|Zapdos|100/100
|move|p2a: Buzzwole|Ice Punch|p1a: Zapdos
|-supereffective|p1a: Zapdos
|-damage|p1a: Zapdos|66/100
|
|upkeep
|turn|40
|
|t:|1666696649
|switch|p2a: Blissey|Blissey, F|100/100
|move|p1a: Zapdos|Roost|p1a: Zapdos
|-heal|p1a: Zapdos|100/100
|-singleturn|p1a: Zapdos|move: Roost
|
|upkeep
|turn|41
|
|t:|1666696653
|switch|p1a: Swampert|Swampert, F|20/100
|move|p2a: Blissey|Stealth Rock|p1a: Swampert
|-sidestart|p1: hadahada|move: Stealth Rock
|
|-heal|p1a: Swampert|26/100|[from] item: Leftovers
|upkeep
|turn|42
|
|t:|1666696661
|move|p1a: Swampert|Stealth Rock|p2a: Blissey
|-sidestart|p2: Dmanden|move: Stealth Rock
|move|p2a: Blissey|Seismic Toss|p1a: Swampert
|-damage|p1a: Swampert|1/100
|
|-heal|p1a: Swampert|7/100|[from] item: Leftovers
|upkeep
|turn|43
|
|t:|1666696664
|move|p1a: Swampert|High Horsepower|p2a: Blissey
|-damage|p2a: Blissey|71/100
|move|p2a: Blissey|Seismic Toss|p1a: Swampert
|-damage|p1a: Swampert|0 fnt
|faint|p1a: Swampert
|
|upkeep
|
|t:|1666696669
|switch|p1a: Rillaboom|Rillaboom, F|80/100 par
|-damage|p1a: Rillaboom|68/100 par|[from] Stealth Rock
|-fieldstart|move: Grassy Terrain|[from] ability: Grassy Surge|[of] p1a: Rillaboom
|turn|44
|
|t:|1666696673
|switch|p2a: Buzzwole|Buzzwole|76/100
|-damage|p2a: Buzzwole|64/100|[from] Stealth Rock
|move|p1a: Rillaboom|Knock Off|p2a: Buzzwole
|-resisted|p2a: Buzzwole
|-damage|p2a: Buzzwole|52/100
|-damage|p1a: Rillaboom|51/100 par|[from] item: Rocky Helmet|[of] p2a: Buzzwole
|-enditem|p2a: Buzzwole|Rocky Helmet|[from] move: Knock Off|[of] p1a: Rillaboom
|
|-heal|p2a: Buzzwole|58/100|[from] Grassy Terrain
|-heal|p1a: Rillaboom|57/100 par|[from] Grassy Terrain
|upkeep
|turn|45
|
|t:|1666696682
|switch|p1a: Zapdos|Zapdos|100/100
|move|p2a: Buzzwole|Roost|p2a: Buzzwole
|-heal|p2a: Buzzwole|100/100
|-singleturn|p2a: Buzzwole|move: Roost
|
|upkeep
|turn|46
|
|t:|1666696688
|switch|p2a: Garchomp|Garchomp, M|27/100
|-damage|p2a: Garchomp|21/100|[from] Stealth Rock
|move|p1a: Zapdos|Volt Switch|p2a: Garchomp
|-immune|p2a: Garchomp
|
|-heal|p2a: Garchomp|27/100|[from] Grassy Terrain
|upkeep
|turn|47
|
|t:|1666696692
|move|p2a: Garchomp|Outrage|p1a: Zapdos
|-damage|p1a: Zapdos|58/100
|move|p1a: Zapdos|Hurricane|p2a: Garchomp
|-damage|p2a: Garchomp|0 fnt
|faint|p2a: Garchomp
|
|upkeep
|
|t:|1666696700
|switch|p2a: Kartana|Kartana, shiny|100/100
|-damage|p2a: Kartana|94/100|[from] Stealth Rock
|turn|48
|
|t:|1666696704
|move|p2a: Kartana|Knock Off|p1a: Zapdos
|-damage|p1a: Zapdos|12/100
|-enditem|p1a: Zapdos|Heavy-Duty Boots|[from] move: Knock Off|[of] p2a: Kartana
|move|p1a: Zapdos|Roost|p1a: Zapdos
|-heal|p1a: Zapdos|62/100
|-singleturn|p1a: Zapdos|move: Roost
|
|-heal|p2a: Kartana|100/100|[from] Grassy Terrain
|-heal|p1a: Zapdos|68/100|[from] Grassy Terrain
|-fieldend|move: Grassy Terrain
|upkeep
|turn|49
|
|t:|1666696709
|switch|p2a: Blissey|Blissey, F|71/100
|move|p1a: Zapdos|Roost|p1a: Zapdos
|-heal|p1a: Zapdos|100/100
|-singleturn|p1a: Zapdos|move: Roost
|
|upkeep
|turn|50
|
|t:|1666696712
|move|p1a: Zapdos|Defog|p2a: Blissey
|-unboost|p2a: Blissey|evasion|1
|-sideend|p2: Dmanden|Stealth Rock|[from] move: Defog|[of] p1a: Zapdos
|-sideend|p1: hadahada|Stealth Rock|[from] move: Defog|[of] p1a: Zapdos
|move|p2a: Blissey|Seismic Toss|p1a: Zapdos
|-damage|p1a: Zapdos|74/100
|-status|p2a: Blissey|par|[from] ability: Static|[of] p1a: Zapdos
|
|upkeep
|turn|51
|
|t:|1666696714
|move|p1a: Zapdos|Hurricane|p2a: Blissey
|-damage|p2a: Blissey|54/100 par
|move|p2a: Blissey|Seismic Toss|p1a: Zapdos
|-damage|p1a: Zapdos|48/100
|
|upkeep
|turn|52
|
|t:|1666696719
|move|p1a: Zapdos|Roost|p1a: Zapdos
|-heal|p1a: Zapdos|98/100
|-singleturn|p1a: Zapdos|move: Roost
|move|p2a: Blissey|Soft-Boiled|p2a: Blissey
|-heal|p2a: Blissey|100/100 par
|
|upkeep
|turn|53
|
|t:|1666696724
|move|p1a: Zapdos|Hurricane|p2a: Blissey|[miss]
|-miss|p1a: Zapdos|p2a: Blissey
|cant|p2a: Blissey|par
|
|upkeep
|turn|54
|
|t:|1666696727
|move|p1a: Zapdos|Hurricane|p2a: Blissey
|-damage|p2a: Blissey|85/100 par
|move|p2a: Blissey|Stealth Rock|p1a: Zapdos
|-sidestart|p1: hadahada|move: Stealth Rock
|
|upkeep
|turn|55
|
|t:|1666696731
|move|p1a: Zapdos|Defog|p2a: Blissey
|-unboost|p2a: Blissey|evasion|1
|-sideend|p1: hadahada|Stealth Rock|[from] move: Defog|[of] p1a: Zapdos
|move|p2a: Blissey|Seismic Toss|p1a: Zapdos
|-damage|p1a: Zapdos|72/100
|
|upkeep
|turn|56
|
|t:|1666696734
|move|p1a: Zapdos|Hurricane|p2a: Blissey
|-damage|p2a: Blissey|66/100 par
|cant|p2a: Blissey|par
|
|upkeep
|turn|57
|
|t:|1666696739
|switch|p1a: Heatran|Heatran, M|96/100
|move|p2a: Blissey|Stealth Rock|p1a: Heatran
|-sidestart|p1: hadahada|move: Stealth Rock
|
|upkeep
|turn|58
|
|t:|1666696743
|move|p1a: Heatran|Flash Cannon|p2a: Blissey
|-damage|p2a: Blissey|51/100 par
|move|p2a: Blissey|Soft-Boiled|p2a: Blissey
|-heal|p2a: Blissey|100/100 par
|
|upkeep
|turn|59
|
|t:|1666696747
|move|p1a: Heatran|Flash Cannon|p2a: Blissey
|-damage|p2a: Blissey|86/100 par
|cant|p2a: Blissey|par
|
|upkeep
|turn|60
|
|t:|1666696750
|move|p1a: Heatran|Flash Cannon|p2a: Blissey
|-damage|p2a: Blissey|71/100 par
|move|p2a: Blissey|Seismic Toss|p1a: Heatran
|-damage|p1a: Heatran|65/100
|
|upkeep
|turn|61
|
|t:|1666696754
|move|p1a: Heatran|Earth Power|p2a: Blissey
|-crit|p2a: Blissey
|-damage|p2a: Blissey|54/100 par
|move|p2a: Blissey|Seismic Toss|p1a: Heatran
|-damage|p1a: Heatran|34/100
|
|upkeep
|turn|62
|
|t:|1666696759
|move|p1a: Heatran|Flash Cannon|p2a: Blissey
|-damage|p2a: Blissey|39/100 par
|move|p2a: Blissey|Soft-Boiled|p2a: Blissey
|-heal|p2a: Blissey|89/100 par
|
|upkeep
|turn|63
|
|t:|1666696765
|switch|p1a: Rillaboom|Rillaboom, F|57/100 par
|-damage|p1a: Rillaboom|45/100 par|[from] Stealth Rock
|-fieldstart|move: Grassy Terrain|[from] ability: Grassy Surge|[of] p1a: Rillaboom
|cant|p2a: Blissey|par
|
|-heal|p1a: Rillaboom|51/100 par|[from] Grassy Terrain
|-heal|p2a: Blissey|95/100 par|[from] Grassy Terrain
|upkeep
|turn|64
|
|t:|1666696775
|-curestatus|p2a: Blissey|par|[from] ability: Natural Cure
|switch|p2a: Tangrowth|Tangrowth, M|93/100
|move|p1a: Rillaboom|U-turn|p2a: Tangrowth
|-supereffective|p2a: Tangrowth
|-damage|p2a: Tangrowth|48/100
|
|t:|1666696781
|switch|p1a: Heatran|Heatran, M|34/100|[from]move: U-turn
|-damage|p1a: Heatran|22/100|[from] Stealth Rock
|
|-heal|p1a: Heatran|28/100|[from] Grassy Terrain
|-heal|p2a: Tangrowth|54/100|[from] Grassy Terrain
|upkeep
|turn|65
|
|t:|1666696786
|move|p1a: Heatran|Flash Cannon|p2a: Tangrowth
|-damage|p2a: Tangrowth|16/100
|move|p2a: Tangrowth|Earthquake|p1a: Heatran
|-supereffective|p1a: Heatran
|-damage|p1a: Heatran|0 fnt
|faint|p1a: Heatran
|
|-heal|p2a: Tangrowth|22/100|[from] Grassy Terrain
|upkeep
|-message|hadahada forfeited.
|
|win|Dmanden
|raw|hadahada's rating: 1337 &rarr; <strong>1317</strong><br />(-20 for losing)
|raw|Dmanden's rating: 1344 &rarr; <strong>1364</strong><br />(+20 for winning)
|l|☆hadahada
||Ladder isn't responding, score probably updated but might not have (Request timeout).
