|j|☆I0SIS
|j|☆GorLeon
|t:|1663715231
|gametype|singles
|player|p1|I0SIS|266|1615
|player|p2|GorLeon|dragontamer|1524
|teamsize|p1|6
|teamsize|p2|6
|gen|8
|tier|[Gen 8] OU
|rated|
|rule|Sleep Clause Mod: Limit one foe put to sleep
|rule|Species Clause: Limit one of each Pokémon
|rule|OHKO Clause: OHKO moves are banned
|rule|Evasion Items Clause: Evasion items are banned
|rule|Evasion Moves Clause: Evasion moves are banned
|rule|Endless Battle Clause: Forcing endless battles is banned
|rule|HP Percentage Mod: HP is shown in percentages
|rule|Dynamax Clause: You cannot dynamax
|clearpoke
|poke|p1|Ferrothorn, M|
|poke|p1|Rotom-Wash|
|poke|p1|Umbreon, F|
|poke|p1|Pelipper, F|
|poke|p1|Crobat, M|
|poke|p1|Mamoswine, M|
|poke|p2|Clefable, F|
|poke|p2|Gastrodon, F|
|poke|p2|Tornadus-Therian, M|
|poke|p2|Mew|
|poke|p2|Weavile, M|
|poke|p2|Ferrothorn, F|
|teampreview
|inactive|Battle timer is ON: inactive players will automatically lose when time's up. (requested by GorLeon)
|c|☆GorLeon|gl hf
|c|☆I0SIS|hf
|inactive|I0SIS has 120 seconds left.
|
|t:|1663715263
|start
|switch|p1a: Mamoswine|Mamoswine, M|100/100
|switch|p2a: Gastrodon|Gastrodon, F|100/100
|turn|1
|
|t:|1663715270
|switch|p1a: Ferrothorn|Ferrothorn, M|100/100
|move|p2a: Gastrodon|Scald|p1a: Ferrothorn
|-resisted|p1a: Ferrothorn
|-damage|p1a: Ferrothorn|92/100
|-status|p1a: Ferrothorn|brn
|
|-heal|p1a: Ferrothorn|99/100 brn|[from] item: Leftovers
|-damage|p1a: Ferrothorn|92/100 brn|[from] brn
|upkeep
|turn|2
|
|t:|1663715278
|move|p2a: Gastrodon|Protect|p2a: Gastrodon
|-singleturn|p2a: Gastrodon|Protect
|move|p1a: Ferrothorn|Stealth Rock|p2a: Gastrodon
|-sidestart|p2: GorLeon|move: Stealth Rock
|
|-heal|p1a: Ferrothorn|99/100 brn|[from] item: Leftovers
|-damage|p1a: Ferrothorn|92/100 brn|[from] brn
|upkeep
|turn|3
|
|t:|1663715285
|switch|p2a: Mew|Mew|100/100
|-damage|p2a: Mew|88/100|[from] Stealth Rock
|move|p1a: Ferrothorn|Knock Off|p2a: Mew
|-supereffective|p2a: Mew
|-damage|p2a: Mew|69/100
|-enditem|p2a: Mew|Weakness Policy
|-boost|p2a: Mew|atk|2|[from] item: Weakness Policy
|-boost|p2a: Mew|spa|2|[from] item: Weakness Policy
|
|-heal|p1a: Ferrothorn|99/100 brn|[from] item: Leftovers
|-damage|p1a: Ferrothorn|92/100 brn|[from] brn
|upkeep
|turn|4
|
|t:|1663715293
|switch|p1a: Umbreon|Umbreon, F, shiny|100/100
|move|p2a: Mew|Cosmic Power|p2a: Mew
|-boost|p2a: Mew|def|1
|-boost|p2a: Mew|spd|1
|
|upkeep
|turn|5
|
|t:|1663715299
|move|p2a: Mew|Roost|p2a: Mew
|-heal|p2a: Mew|100/100
|-singleturn|p2a: Mew|move: Roost
|move|p1a: Umbreon|Wish|p1a: Umbreon
|
|upkeep
|turn|6
|
|t:|1663715304
|switch|p1a: Crobat|Crobat, M|100/100
|move|p2a: Mew|Cosmic Power|p2a: Mew
|-boost|p2a: Mew|def|1
|-boost|p2a: Mew|spd|1
|
|upkeep
|turn|7
|
|t:|1663715311
|switch|p1a: Umbreon|Umbreon, F, shiny|100/100
|move|p2a: Mew|Stored Power|p1a: Umbreon
|-immune|p1a: Umbreon
|
|upkeep
|turn|8
|
|t:|1663715316
|move|p2a: Mew|Cosmic Power|p2a: Mew
|-boost|p2a: Mew|def|1
|-boost|p2a: Mew|spd|1
|move|p1a: Umbreon|Foul Play|p2a: Mew
|-supereffective|p2a: Mew
|-damage|p2a: Mew|63/100
|
|upkeep
|turn|9
|
|t:|1663715325
|move|p2a: Mew|Body Press|p1a: Umbreon
|-supereffective|p1a: Umbreon
|-damage|p1a: Umbreon|48/100
|move|p1a: Umbreon|Foul Play|p2a: Mew
|-supereffective|p2a: Mew
|-damage|p2a: Mew|29/100
|
|-heal|p1a: Umbreon|54/100|[from] item: Leftovers
|upkeep
|turn|10
|
|t:|1663715339
|switch|p1a: Ferrothorn|Ferrothorn, M|92/100 brn
|move|p2a: Mew|Roost|p2a: Mew
|-heal|p2a: Mew|79/100
|-singleturn|p2a: Mew|move: Roost
|
|-heal|p1a: Ferrothorn|99/100 brn|[from] item: Leftovers
|-damage|p1a: Ferrothorn|92/100 brn|[from] brn
|upkeep
|turn|11
|
|t:|1663715351
|move|p2a: Mew|Cosmic Power|p2a: Mew
|-boost|p2a: Mew|def|1
|-boost|p2a: Mew|spd|1
|move|p1a: Ferrothorn|Leech Seed|p2a: Mew
|-start|p2a: Mew|move: Leech Seed
|
|-heal|p1a: Ferrothorn|99/100 brn|[from] item: Leftovers
|-damage|p2a: Mew|66/100|[from] Leech Seed|[of] p1a: Ferrothorn
|-heal|p1a: Ferrothorn|100/100 brn|[silent]
|-damage|p1a: Ferrothorn|94/100 brn|[from] brn
|upkeep
|turn|12
|
|t:|1663715358
|switch|p1a: Umbreon|Umbreon, F, shiny|54/100
|move|p2a: Mew|Cosmic Power|p2a: Mew
|-boost|p2a: Mew|def|1
|-boost|p2a: Mew|spd|1
|
|-heal|p1a: Umbreon|60/100|[from] item: Leftovers
|-damage|p2a: Mew|54/100|[from] Leech Seed|[of] p1a: Umbreon
|-heal|p1a: Umbreon|73/100|[silent]
|upkeep
|turn|13
|
|t:|1663715365
|move|p2a: Mew|Body Press|p1a: Umbreon
|-supereffective|p1a: Umbreon
|-damage|p1a: Umbreon|0 fnt
|faint|p1a: Umbreon
|
|upkeep
|-message|I0SIS forfeited.
|
|win|GorLeon
|raw|I0SIS's rating: 1615 &rarr; <strong>1590</strong><br />(-25 for losing)
|raw|GorLeon's rating: 1524 &rarr; <strong>1549</strong><br />(+25 for winning)
|l|☆I0SIS
