|j|☆Spectre Ace
|j|☆comp233
|t:|1652662429
|gametype|singles
|player|p1|Spectre Ace|linebacker|1798
|player|p2|comp233|rosa|1771
|teamsize|p1|6
|teamsize|p2|6
|gen|8
|tier|[Gen 8] OU
|rated|
|rule|Sleep Clause Mod: Limit one foe put to sleep
|rule|Species Clause: Limit one of each Pokémon
|rule|OHKO Clause: OHKO moves are banned
|rule|Evasion Moves Clause: Evasion moves are banned
|rule|Endless Battle Clause: Forcing endless battles is banned
|rule|HP Percentage Mod: HP is shown in percentages
|rule|Dynamax Clause: You cannot dynamax
|clearpoke
|poke|p1|Raichu-Alola, F|
|poke|p1|Tapu Koko|
|poke|p1|Mamoswine, F|
|poke|p1|Ferrothorn, F|
|poke|p1|Weezing-Galar, M|
|poke|p1|Urshifu-*, F|
|poke|p2|Dragapult, F|
|poke|p2|Melmetal|
|poke|p2|Zapdos-Galar|
|poke|p2|Blaziken, F|
|poke|p2|Victini|
|poke|p2|Landorus-Therian, M|
|teampreview
|j| hiffa
|
|t:|1652662504
|start
|switch|p1a: Urshifu|Urshifu-Rapid-Strike, F|100/100
|switch|p2a: Landorus|Landorus-Therian, M|100/100
|-ability|p2a: Landorus|Intimidate|boost
|-unboost|p1a: Urshifu|atk|1
|turn|1
|j| cityfolk
|
|t:|1652662565
|switch|p2a: Zapdos|Zapdos-Galar|100/100
|move|p1a: Urshifu|Surging Strikes|p2a: Zapdos
|-crit|p2a: Zapdos
|-damage|p2a: Zapdos|64/100
|-crit|p2a: Zapdos
|-damage|p2a: Zapdos|29/100
|-crit|p2a: Zapdos
|-damage|p2a: Zapdos|0 fnt
|faint|p2a: Zapdos
|-hitcount|p2: Zapdos|3
|
|upkeep
|
|t:|1652662572
|switch|p2a: Melmetal|Melmetal, shiny|100/100
|turn|2
|
|t:|1652662591
|switch|p1a: Ferrothorn|Ferrothorn, F|100/100
|move|p2a: Melmetal|Double Iron Bash|p1a: Ferrothorn
|-resisted|p1a: Ferrothorn
|-damage|p1a: Ferrothorn|86/100
|-activate|p1a: Ferrothorn|ability: Iron Barbs
|-activate|p2a: Melmetal|item: Protective Pads
|-resisted|p1a: Ferrothorn
|-damage|p1a: Ferrothorn|72/100
|-activate|p1a: Ferrothorn|ability: Iron Barbs
|-activate|p2a: Melmetal|item: Protective Pads
|-hitcount|p1a: Ferrothorn|2
|
|-heal|p1a: Ferrothorn|78/100|[from] item: Leftovers
|upkeep
|turn|3
|
|t:|1652662597
|switch|p2a: Blaziken|Blaziken, F, shiny|100/100
|move|p1a: Ferrothorn|Leech Seed|p2a: Blaziken
|-start|p2a: Blaziken|move: Leech Seed
|
|-heal|p1a: Ferrothorn|84/100|[from] item: Leftovers
|-damage|p2a: Blaziken|88/100|[from] Leech Seed|[of] p1a: Ferrothorn
|-heal|p1a: Ferrothorn|95/100|[silent]
|upkeep
|turn|4
|j| S VC dhb
|
|t:|1652662608
|move|p2a: Blaziken|Knock Off|p1a: Ferrothorn
|-damage|p1a: Ferrothorn|66/100
|-damage|p2a: Blaziken|76/100|[from] ability: Iron Barbs|[of] p1a: Ferrothorn
|-enditem|p1a: Ferrothorn|Leftovers|[from] move: Knock Off|[of] p2a: Blaziken
|-damage|p2a: Blaziken|66/100|[from] item: Life Orb
|move|p1a: Ferrothorn|Stealth Rock|p2a: Blaziken
|-sidestart|p2: comp233|move: Stealth Rock
|
|-damage|p2a: Blaziken|54/100|[from] Leech Seed|[of] p1a: Ferrothorn
|-heal|p1a: Ferrothorn|77/100|[silent]
|-ability|p2a: Blaziken|Speed Boost|boost
|-boost|p2a: Blaziken|spe|1
|upkeep
|turn|5
|
|t:|1652662617
|switch|p1a: Prosperity|Weezing-Galar, M|100/100
|move|p2a: Blaziken|Swords Dance|p2a: Blaziken
|-boost|p2a: Blaziken|atk|2
|
|-damage|p2a: Blaziken|41/100|[from] Leech Seed|[of] p1a: Prosperity
|-ability|p2a: Blaziken|Speed Boost|boost
|-boost|p2a: Blaziken|spe|1
|upkeep
|turn|6
|
|t:|1652662634
|switch|p2a: Melmetal|Melmetal, shiny|100/100
|-damage|p2a: Melmetal|94/100|[from] Stealth Rock
|move|p1a: Prosperity|Strange Steam|p2a: Melmetal
|-resisted|p2a: Melmetal
|-damage|p2a: Melmetal|80/100
|
|upkeep
|turn|7
|
|t:|1652662638
|move|p1a: Prosperity|Flamethrower|p2a: Melmetal
|-supereffective|p2a: Melmetal
|-damage|p2a: Melmetal|43/100
|move|p2a: Melmetal|Double Iron Bash|p1a: Prosperity
|-supereffective|p1a: Prosperity
|-crit|p1a: Prosperity
|-damage|p1a: Prosperity|9/100
|-supereffective|p1a: Prosperity
|-damage|p1a: Prosperity|0 fnt
|faint|p1a: Prosperity
|-hitcount|p1: Prosperity|2
|
|upkeep
|
|t:|1652662647
|switch|p1a: Urshifu|Urshifu-Rapid-Strike, F|100/100
|turn|8
|
|t:|1652662653
|move|p1a: Urshifu|Surging Strikes|p2a: Melmetal
|-crit|p2a: Melmetal
|-damage|p2a: Melmetal|27/100
|-crit|p2a: Melmetal
|-damage|p2a: Melmetal|9/100
|-crit|p2a: Melmetal
|-damage|p2a: Melmetal|0 fnt
|faint|p2a: Melmetal
|-hitcount|p2: Melmetal|3
|
|upkeep
|l| hiffa
|j| Oda the greatest
|
|t:|1652662658
|switch|p2a: Dragapult|Dragapult, F, shiny|100/100
|-damage|p2a: Dragapult|88/100|[from] Stealth Rock
|turn|9
|
|t:|1652662664
|move|p2a: Dragapult|Shadow Ball|p1a: Urshifu
|-damage|p1a: Urshifu|43/100
|move|p1a: Urshifu|Surging Strikes|p2a: Dragapult
|-resisted|p2a: Dragapult
|-crit|p2a: Dragapult
|-damage|p2a: Dragapult|65/100
|-resisted|p2a: Dragapult
|-crit|p2a: Dragapult
|-damage|p2a: Dragapult|44/100
|-resisted|p2a: Dragapult
|-crit|p2a: Dragapult
|-damage|p2a: Dragapult|22/100
|-hitcount|p2a: Dragapult|3
|
|upkeep
|turn|10
|
|t:|1652662668
|switch|p1a: Ferrothorn|Ferrothorn, F|77/100
|move|p2a: Dragapult|Shadow Ball|p1a: Ferrothorn
|-damage|p1a: Ferrothorn|53/100
|
|upkeep
|turn|11
|l| Oda the greatest
|
|t:|1652662679
|switch|p2a: Blaziken|Blaziken, F, shiny|41/100
|-damage|p2a: Blaziken|29/100|[from] Stealth Rock
|move|p1a: Ferrothorn|Knock Off|p2a: Blaziken
|-resisted|p2a: Blaziken
|-damage|p2a: Blaziken|12/100
|-enditem|p2a: Blaziken|Life Orb|[from] move: Knock Off|[of] p1a: Ferrothorn
|
|upkeep
|turn|12
|
|t:|1652662686
|move|p2a: Blaziken|Close Combat|p1a: Ferrothorn
|-supereffective|p1a: Ferrothorn
|-damage|p1a: Ferrothorn|0 fnt
|-unboost|p2a: Blaziken|def|1
|-unboost|p2a: Blaziken|spd|1
|-damage|p2a: Blaziken|0 fnt|[from] ability: Iron Barbs|[of] p1a: Ferrothorn
|faint|p1a: Ferrothorn
|faint|p2a: Blaziken
|
|upkeep
|j| slazyy ♫♪
|l| slazyy ♫♪
|
|t:|1652662719
|switch|p2a: Victini|Victini|100/100
|switch|p1a: Urshifu|Urshifu-Rapid-Strike, F|43/100
|-damage|p2a: Victini|76/100|[from] Stealth Rock
|turn|13
|
|t:|1652662721
|move|p1a: Urshifu|Aqua Jet|p2a: Victini
|-supereffective|p2a: Victini
|-damage|p2a: Victini|18/100
|move|p2a: Victini|Bolt Strike|p1a: Urshifu
|-supereffective|p1a: Urshifu
|-damage|p1a: Urshifu|0 fnt
|faint|p1a: Urshifu
|-damage|p2a: Victini|8/100|[from] item: Life Orb
|
|upkeep
|
|t:|1652662724
|switch|p1a: Wave|Tapu Koko|100/100
|-fieldstart|move: Electric Terrain|[from] ability: Electric Surge|[of] p1a: Wave
|turn|14
|
|t:|1652662732
|move|p1a: Wave|U-turn|p2a: Victini
|-damage|p2a: Victini|0 fnt
|faint|p2a: Victini
|
|t:|1652662742
|switch|p1a: Valentine|Raichu-Alola, F, shiny|100/100|[from]move: U-turn
|
|upkeep
|
|t:|1652662748
|switch|p2a: Landorus|Landorus-Therian, M|100/100
|-damage|p2a: Landorus|88/100|[from] Stealth Rock
|-ability|p2a: Landorus|Intimidate|boost
|-unboost|p1a: Valentine|atk|1
|turn|15
|
|t:|1652662753
|move|p1a: Valentine|Surf|p2a: Landorus
|-supereffective|p2a: Landorus
|-damage|p2a: Landorus|4/100
|move|p2a: Landorus|Earthquake|p1a: Valentine
|-supereffective|p1a: Valentine
|-damage|p1a: Valentine|0 fnt
|faint|p1a: Valentine
|
|upkeep
|
|t:|1652662755
|switch|p1a: Mamoswine|Mamoswine, F|100/100
|turn|16
|
|t:|1652662761
|move|p1a: Mamoswine|Ice Shard|p2a: Landorus
|-supereffective|p2a: Landorus
|-damage|p2a: Landorus|0 fnt
|faint|p2a: Landorus
|
|upkeep
|
|t:|1652662763
|switch|p2a: Dragapult|Dragapult, F, shiny|22/100
|-damage|p2a: Dragapult|10/100|[from] Stealth Rock
|turn|17
|c|☆Spectre Ace|That’s why I run lo
|
|t:|1652662770
|move|p1a: Mamoswine|Ice Shard|p2a: Dragapult
|-supereffective|p2a: Dragapult
|-damage|p2a: Dragapult|0 fnt
|faint|p2a: Dragapult
|
|win|Spectre Ace
|raw|Spectre Ace's rating: 1798 &rarr; <strong>1816</strong><br />(+18 for winning)
|raw|comp233's rating: 1771 &rarr; <strong>1753</strong><br />(-18 for losing)
|c|☆comp233|gg
|l| S VC dhb
||Ladder isn't responding, score probably updated but might not have (Request timeout).
|c|☆Spectre Ace|Gg
