|html|<div class="broadcast-blue"><strong>[Gen 8] OU is currently suspecting Kyurem! For information on how to participate check out the <a href="https://www.smogon.com/forums/threads/np-ss-ou-suspect-process-round-11-break-the-ice.3694129/">suspect thread</a>.</strong></div>
|j|☆RipReckful
|j|☆maxou1239
|inactive|Battle timer is ON: inactive players will automatically lose when time's up.
|t:|1638629941
|gametype|singles
|player|p1|RipReckful|clerk|
|player|p2|maxou1239|lance|
|teamsize|p1|6
|teamsize|p2|6
|gen|8
|tier|[Gen 8] OU
|rated|Tournament battle
|rule|Sleep Clause Mod: Limit one foe put to sleep
|rule|Species Clause: Limit one of each Pokémon
|rule|OHKO Clause: OHKO moves are banned
|rule|Evasion Moves Clause: Evasion moves are banned
|rule|Endless Battle Clause: Forcing endless battles is banned
|rule|HP Percentage Mod: HP is shown in percentages
|rule|Dynamax Clause: You cannot dynamax
|clearpoke
|poke|p1|Tapu Fini|
|poke|p1|Slowking-Galar, F|
|poke|p1|Landorus-Therian, M|
|poke|p1|Melmetal|
|poke|p1|Crawdaunt, M|
|poke|p1|Dragonite, F|
|poke|p2|Toxtricity, M|
|poke|p2|Garchomp, F|
|poke|p2|Jirachi|
|poke|p2|Tapu Koko|
|poke|p2|Togekiss, F|
|poke|p2|Rillaboom, M|
|teampreview
|inactive|maxou1239 also wants the timer to be on.
|inactive|RipReckful also wants the timer to be on.
|j| Down$hift
|inactive|RipReckful has 120 seconds left.
|
|t:|1638629973
|start
|switch|p1a: Tapu Fini|Tapu Fini|100/100
|switch|p2a: Tapu Koko|Tapu Koko|100/100
|-fieldstart|move: Misty Terrain|[from] ability: Misty Surge|[of] p1a: Tapu Fini
|-fieldstart|move: Electric Terrain|[from] ability: Electric Surge|[of] p2a: Tapu Koko
|turn|1
|j| Visiting Goat
|
|t:|1638629989
|switch|p1a: Slowking|Slowking-Galar, F, shiny|100/100
|move|p2a: Tapu Koko|U-turn|p1a: Slowking
|-damage|p1a: Slowking|84/100
|
|t:|1638629997
|switch|p2a: Garchomp|Garchomp, F|100/100|[from]move: U-turn
|
|upkeep
|turn|2
|
|t:|1638630008
|move|p2a: Garchomp|Swords Dance|p2a: Garchomp
|-boost|p2a: Garchomp|atk|2
|move|p1a: Slowking|Ice Beam|p2a: Garchomp
|-supereffective|p2a: Garchomp
|-damage|p2a: Garchomp|0 fnt
|faint|p2a: Garchomp
|
|upkeep
|j| zReptar
|
|t:|1638630025
|switch|p2a: Rillaboom|Rillaboom, M|100/100
|-fieldstart|move: Grassy Terrain|[from] ability: Grassy Surge|[of] p2a: Rillaboom
|turn|3
|c| Down$hift|We love the ice beam gking
|l| zReptar
|
|t:|1638630031
|switch|p1a: Dragonite|Dragonite, F|100/100
|move|p2a: Rillaboom|Bulk Up|p2a: Rillaboom
|-boost|p2a: Rillaboom|atk|1
|-boost|p2a: Rillaboom|def|1
|
|upkeep
|turn|4
|c| Down$hift|Good mon
|
|t:|1638630037
|move|p1a: Dragonite|Ice Punch|p2a: Rillaboom
|-supereffective|p2a: Rillaboom
|-damage|p2a: Rillaboom|60/100
|move|p2a: Rillaboom|Darkest Lariat|p1a: Dragonite
|-damage|p1a: Dragonite|75/100
|
|-heal|p2a: Rillaboom|66/100|[from] Grassy Terrain
|-heal|p2a: Rillaboom|72/100|[from] item: Leftovers
|upkeep
|turn|5
|c|☆RipReckful|wtf
|
|t:|1638630045
|move|p1a: Dragonite|Ice Punch|p2a: Rillaboom
|-supereffective|p2a: Rillaboom
|-damage|p2a: Rillaboom|36/100
|move|p2a: Rillaboom|Bulk Up|p2a: Rillaboom
|-boost|p2a: Rillaboom|atk|1
|-boost|p2a: Rillaboom|def|1
|
|-heal|p2a: Rillaboom|42/100|[from] Grassy Terrain
|-heal|p2a: Rillaboom|48/100|[from] item: Leftovers
|upkeep
|turn|6
|l| Down$hift
|
|t:|1638630053
|move|p1a: Dragonite|Roost|p1a: Dragonite
|-heal|p1a: Dragonite|100/100
|-singleturn|p1a: Dragonite|move: Roost
|move|p2a: Rillaboom|Darkest Lariat|p1a: Dragonite
|-damage|p1a: Dragonite|69/100
|
|-heal|p1a: Dragonite|75/100|[from] Grassy Terrain
|-heal|p2a: Rillaboom|54/100|[from] Grassy Terrain
|-heal|p2a: Rillaboom|60/100|[from] item: Leftovers
|upkeep
|turn|7
|
|t:|1638630065
|move|p1a: Dragonite|Ice Punch|p2a: Rillaboom
|-supereffective|p2a: Rillaboom
|-damage|p2a: Rillaboom|34/100
|move|p2a: Rillaboom|Darkest Lariat|p1a: Dragonite
|-damage|p1a: Dragonite|2/100
|
|-heal|p2a: Rillaboom|40/100|[from] Grassy Terrain
|-heal|p2a: Rillaboom|46/100|[from] item: Leftovers
|-fieldend|move: Grassy Terrain
|upkeep
|turn|8
|
|t:|1638630071
|move|p1a: Dragonite|Ice Punch|p2a: Rillaboom
|-supereffective|p2a: Rillaboom
|-damage|p2a: Rillaboom|19/100
|move|p2a: Rillaboom|Grassy Glide|p1a: Dragonite
|-resisted|p1a: Dragonite
|-damage|p1a: Dragonite|0 fnt
|faint|p1a: Dragonite
|
|-heal|p2a: Rillaboom|25/100|[from] item: Leftovers
|upkeep
|
|t:|1638630074
|switch|p1a: Tapu Fini|Tapu Fini|100/100
|-fieldstart|move: Misty Terrain|[from] ability: Misty Surge|[of] p1a: Tapu Fini
|turn|9
|
|t:|1638630088
|switch|p2a: Toxtricity|Toxtricity, M|100/100
|move|p1a: Tapu Fini|Moonblast|p2a: Toxtricity
|-resisted|p2a: Toxtricity
|-damage|p2a: Toxtricity|72/100
|
|upkeep
|turn|10
|
|t:|1638630095
|switch|p1a: Slowking|Slowking-Galar, F, shiny|100/100
|move|p2a: Toxtricity|Boomburst|p1a: Slowking
|-damage|p1a: Slowking|56/100
|
|upkeep
|turn|11
|j| Knight
|
|t:|1638630102
|move|p2a: Toxtricity|Boomburst|p1a: Slowking
|-damage|p1a: Slowking|5/100
|move|p1a: Slowking|Future Sight|p2a: Toxtricity
|-start|p1a: Slowking|move: Future Sight
|
|upkeep
|turn|12
|
|t:|1638630111
|switch|p2a: Rillaboom|Rillaboom, M|25/100
|-fieldstart|move: Grassy Terrain|[from] ability: Grassy Surge|[of] p2a: Rillaboom
|switch|p1a: Melmetal|Melmetal|100/100
|
|-heal|p2a: Rillaboom|32/100|[from] Grassy Terrain
|-heal|p2a: Rillaboom|38/100|[from] item: Leftovers
|upkeep
|turn|13
|
|t:|1638630126
|switch|p2a: Tapu Koko|Tapu Koko|100/100
|-fieldstart|move: Electric Terrain|[from] ability: Electric Surge|[of] p2a: Tapu Koko
|move|p1a: Melmetal|Double Iron Bash|p2a: Tapu Koko
|-damage|p2a: Tapu Koko|15/100
|-damage|p2a: Tapu Koko|0 fnt
|faint|p2a: Tapu Koko
|-hitcount|p2: Tapu Koko|2
|
|-hint|Future Sight did not hit because the target is fainted.
|upkeep
|l|☆RipReckful
|inactive|RipReckful disconnected and has a minute to reconnect!
|player|p1|
|inactive|maxou1239 has 120 seconds left.
|
|t:|1638630159
|switch|p2a: Toxtricity|Toxtricity, M|72/100
|turn|14
|j| fruityiscool423
|inactive|maxou1239 has 120 seconds left.
|j|☆RipReckful
|inactive|RipReckful reconnected and has 145 seconds left.
|player|p1|RipReckful|clerk
|
|t:|1638630175
|switch|p1a: Landorus|Landorus-Therian, M|100/100
|-ability|p1a: Landorus|Intimidate|boost
|-unboost|p2a: Toxtricity|atk|1
|move|p2a: Toxtricity|Boomburst|p1a: Landorus
|-damage|p1a: Landorus|27/100
|
|-heal|p1a: Landorus|33/100|[from] item: Leftovers
|upkeep
|turn|15
|j| DestinyDragoX
|
|t:|1638630185
|move|p2a: Toxtricity|Boomburst|p1a: Landorus
|-damage|p1a: Landorus|0 fnt
|faint|p1a: Landorus
|
|upkeep
|
|t:|1638630190
|switch|p1a: Melmetal|Melmetal|100/100
|turn|16
|inactive|maxou1239 has 120 seconds left.
|
|t:|1638630205
|switch|p2a: Rillaboom|Rillaboom, M|38/100
|-fieldstart|move: Grassy Terrain|[from] ability: Grassy Surge|[of] p2a: Rillaboom
|move|p1a: Melmetal|Double Iron Bash|p2a: Rillaboom
|-damage|p2a: Rillaboom|0 fnt
|faint|p2a: Rillaboom
|-hitcount|p2: Rillaboom|1
|
|upkeep
|
|t:|1638630210
|switch|p2a: Toxtricity|Toxtricity, M|72/100
|turn|17
|
|t:|1638630212
|move|p2a: Toxtricity|Overdrive|p1a: Melmetal
|-damage|p1a: Melmetal|8/100
|move|p1a: Melmetal|Double Iron Bash|p2a: Toxtricity
|-resisted|p2a: Toxtricity
|-damage|p2a: Toxtricity|23/100
|-resisted|p2a: Toxtricity
|-damage|p2a: Toxtricity|0 fnt
|faint|p2a: Toxtricity
|-hitcount|p2: Toxtricity|2
|
|-heal|p1a: Melmetal|14/100|[from] Grassy Terrain
|upkeep
|
|t:|1638630222
|switch|p2a: Jirachi|Jirachi|100/100
|turn|18
|
|t:|1638630226
|switch|p1a: Crawdaunt|Crawdaunt, M|100/100
|move|p2a: Jirachi|Ancient Power|p1a: Crawdaunt
|-damage|p1a: Crawdaunt|74/100
|
|-heal|p1a: Crawdaunt|80/100|[from] Grassy Terrain
|upkeep
|turn|19
|
|t:|1638630232
|switch|p2a: Togekiss|Togekiss, F|100/100
|move|p1a: Crawdaunt|Knock Off|p2a: Togekiss
|-resisted|p2a: Togekiss
|-damage|p2a: Togekiss|50/100
|-enditem|p2a: Togekiss|Heavy-Duty Boots|[from] move: Knock Off|[of] p1a: Crawdaunt
|
|-heal|p1a: Crawdaunt|86/100|[from] Grassy Terrain
|upkeep
|turn|20
|
|t:|1638630246
|switch|p2a: Jirachi|Jirachi|100/100
|switch|p1a: Tapu Fini|Tapu Fini|100/100
|-fieldstart|move: Misty Terrain|[from] ability: Misty Surge|[of] p1a: Tapu Fini
|
|upkeep
|turn|21
|
|t:|1638630254
|switch|p1a: Crawdaunt|Crawdaunt, M|86/100
|move|p2a: Jirachi|Iron Head|p1a: Crawdaunt
|-resisted|p1a: Crawdaunt
|-damage|p1a: Crawdaunt|68/100
|
|upkeep
|turn|22
|
|t:|1638630261
|switch|p2a: Togekiss|Togekiss, F|50/100
|move|p1a: Crawdaunt|Knock Off|p2a: Togekiss
|-resisted|p2a: Togekiss
|-damage|p2a: Togekiss|18/100
|
|upkeep
|turn|23
|
|t:|1638630269
|switch|p1a: Tapu Fini|Tapu Fini|100/100
|move|p2a: Togekiss|Air Slash|p1a: Tapu Fini
|-damage|p1a: Tapu Fini|74/100
|
|upkeep
|turn|24
|j| ALakeInTheClouds
|
|t:|1638630276
|move|p1a: Tapu Fini|Surf|p2a: Togekiss
|-damage|p2a: Togekiss|0 fnt
|faint|p2a: Togekiss
|
|-fieldend|Misty Terrain
|upkeep
|
|t:|1638630278
|switch|p2a: Jirachi|Jirachi|100/100
|turn|25
|
|t:|1638630282
|switch|p1a: Melmetal|Melmetal|14/100
|move|p2a: Jirachi|Ancient Power|p1a: Melmetal
|-resisted|p1a: Melmetal
|-damage|p1a: Melmetal|6/100
|-boost|p2a: Jirachi|atk|1
|-boost|p2a: Jirachi|def|1
|-boost|p2a: Jirachi|spa|1
|-boost|p2a: Jirachi|spd|1
|-boost|p2a: Jirachi|spe|1
|
|upkeep
|turn|26
|c| fruityiscool423|oh shit
|
|t:|1638630289
|move|p2a: Jirachi|Ancient Power|p1a: Melmetal
|-resisted|p1a: Melmetal
|-damage|p1a: Melmetal|0 fnt
|-boost|p2a: Jirachi|atk|1
|-boost|p2a: Jirachi|def|1
|-boost|p2a: Jirachi|spa|1
|-boost|p2a: Jirachi|spd|1
|-boost|p2a: Jirachi|spe|1
|faint|p1a: Melmetal
|
|upkeep
|c|☆RipReckful|ah shit
|l| Visiting Goat
|c| fruityiscool423|OHH SHIT
|c|☆RipReckful|no fucking way
|j| Down$hift
|c|☆maxou1239|lolll srry
|
|t:|1638630302
|switch|p1a: Crawdaunt|Crawdaunt, M|68/100
|turn|27
|
|t:|1638630306
|move|p2a: Jirachi|Drain Punch|p1a: Crawdaunt
|-supereffective|p1a: Crawdaunt
|-damage|p1a: Crawdaunt|0 fnt
|faint|p1a: Crawdaunt
|
|upkeep
|c| Down$hift|Bruh moment
|c|☆RipReckful|this how i go down
|
|t:|1638630313
|switch|p1a: Tapu Fini|Tapu Fini|74/100
|-fieldstart|move: Misty Terrain|[from] ability: Misty Surge|[of] p1a: Tapu Fini
|turn|28
|
|t:|1638630317
|move|p2a: Jirachi|Stored Power|p1a: Tapu Fini
|-damage|p1a: Tapu Fini|0 fnt
|faint|p1a: Tapu Fini
|
|upkeep
|c| ALakeInTheClouds|wow...
|
|t:|1638630320
|switch|p1a: Slowking|Slowking-Galar, F, shiny|38/100
|turn|29
|c| ALakeInTheClouds|you had that one
|c| fruityiscool423|mf jirachi
|c| Down$hift|This is a bad game
|c|☆RipReckful|gg
|c| Down$hift|what can i say
|c| Down$hift|play chess
|
|t:|1638630336
|move|p2a: Jirachi|Stored Power|p1a: Slowking
|-damage|p1a: Slowking|0 fnt
|faint|p1a: Slowking
|
|win|maxou1239
|n|☆maxou1239|maxou1239
|n| Knight|knight
|n| fruityiscool423|fruityiscool423
|n|☆RipReckful|ripreckful
|n| DestinyDragoX|destinydragox
|n| ALakeInTheClouds|alakeintheclouds
|n| Down$hift|downhift
|j| AlIoutdragadarts
|l|☆maxou1239
|l| DestinyDragoX
|l| fruityiscool423
|l|☆RipReckful
|l| Down$hift
|l| AlIoutdragadarts
