|html|<div class="broadcast-blue"><strong>[Gen 8] OU is currently suspecting Melmetal! For information on how to participate check out the <a href="https://www.smogon.com/forums/threads/np-ss-ou-suspect-process-round-12-monster-mash.3709234/">suspect thread</a>.</strong></div>
|j|☆minimax_ai
|j|☆Huskothy
|t:|1665782949
|gametype|singles
|player|p1|minimax_ai|lusamine-nihilego|1659
|player|p2|Huskothy|lucas|1741
|teamsize|p1|6
|teamsize|p2|6
|gen|8
|tier|[Gen 8] OU
|rated|
|rule|Sleep Clause Mod: Limit one foe put to sleep
|rule|Species Clause: Limit one of each Pokémon
|rule|OHKO Clause: OHKO moves are banned
|rule|Evasion Items Clause: Evasion items are banned
|rule|Evasion Moves Clause: Evasion moves are banned
|rule|Endless Battle Clause: Forcing endless battles is banned
|rule|HP Percentage Mod: HP is shown in percentages
|rule|Dynamax Clause: You cannot dynamax
|clearpoke
|poke|p1|Rotom-Wash|
|poke|p1|Weavile, M|
|poke|p1|Landorus-Therian, M|
|poke|p1|Heatran, M|
|poke|p1|Tangrowth, F|
|poke|p1|Melmetal|
|poke|p2|Noctowl, F|
|poke|p2|Aerodactyl, F|
|poke|p2|Garchomp, M|
|poke|p2|Blastoise, F|
|poke|p2|Lucario, F|
|poke|p2|Slowbro-Galar, F|
|teampreview
|c|☆minimax_ai|hf
|inactive|Battle timer is ON: inactive players will automatically lose when time's up. (requested by minimax_ai)
|c|☆Huskothy|u2
|
|t:|1665782954
|start
|switch|p1a: Melmetal|Melmetal|100/100
|switch|p2a: Aerodactyl|Aerodactyl, F|100/100
|turn|1
|
|t:|1665782957
|move|p2a: Aerodactyl|Stealth Rock|p1a: Melmetal
|-sidestart|p1: minimax_ai|move: Stealth Rock
|move|p1a: Melmetal|Double Iron Bash|p2a: Aerodactyl
|-supereffective|p2a: Aerodactyl
|-enditem|p2a: Aerodactyl|Focus Sash
|-damage|p2a: Aerodactyl|1/100
|-supereffective|p2a: Aerodactyl
|-crit|p2a: Aerodactyl
|-damage|p2a: Aerodactyl|0 fnt
|faint|p2a: Aerodactyl
|-hitcount|p2: Aerodactyl|2
|
|upkeep
|
|t:|1665782959
|switch|p2a: Lucario|Lucario, F|100/100
|turn|2
|
|t:|1665782961
|move|p2a: Lucario|Close Combat|p1a: Melmetal
|-supereffective|p1a: Melmetal
|-damage|p1a: Melmetal|4/100
|-unboost|p2a: Lucario|def|1
|-unboost|p2a: Lucario|spd|1
|-damage|p2a: Lucario|91/100|[from] item: Life Orb
|move|p1a: Melmetal|Earthquake|p2a: Lucario
|-supereffective|p2a: Lucario
|-damage|p2a: Lucario|0 fnt
|faint|p2a: Lucario
|
|upkeep
|
|t:|1665782968
|switch|p2a: Blastoise|Blastoise, F|100/100
|turn|3
|
|t:|1665782970
|switch|p1a: rotomwash|Rotom-Wash|100/100
|-damage|p1a: rotomwash|88/100|[from] Stealth Rock
|move|p2a: Blastoise|Surf|p1a: rotomwash
|-resisted|p1a: rotomwash
|-damage|p1a: rotomwash|69/100
|
|-heal|p1a: rotomwash|75/100|[from] item: Leftovers
|upkeep
|turn|4
|
|t:|1665782979
|move|p2a: Blastoise|Focus Blast|p1a: rotomwash
|-damage|p1a: rotomwash|44/100
|-unboost|p1a: rotomwash|spd|1
|move|p1a: rotomwash|Nasty Plot|p1a: rotomwash
|-boost|p1a: rotomwash|spa|2
|
|-heal|p1a: rotomwash|50/100|[from] item: Leftovers
|upkeep
|turn|5
|
|t:|1665782986
|switch|p2a: Garchomp|Garchomp, M|100/100
|move|p1a: rotomwash|Thunderbolt|p2a: Garchomp
|-immune|p2a: Garchomp
|
|-heal|p1a: rotomwash|56/100|[from] item: Leftovers
|upkeep
|turn|6
|
|t:|1665782988
|move|p2a: Garchomp|Scale Shot|p1a: rotomwash
|-damage|p1a: rotomwash|41/100
|-damage|p1a: rotomwash|26/100
|-hitcount|p1a: rotomwash|2
|-unboost|p2a: Garchomp|def|1
|-boost|p2a: Garchomp|spe|1
|move|p1a: rotomwash|Hydro Pump|p2a: Garchomp
|-crit|p2a: Garchomp
|-damage|p2a: Garchomp|0 fnt
|faint|p2a: Garchomp
|
|-heal|p1a: rotomwash|32/100|[from] item: Leftovers
|upkeep
|
|t:|1665782990
|switch|p2a: Slowbro|Slowbro-Galar, F|100/100
|turn|7
|
|t:|1665782992
|move|p1a: rotomwash|Pain Split|p2a: Slowbro
|-sethp|p2a: Slowbro|63/100|[from] move: Pain Split|[silent]
|-sethp|p1a: rotomwash|78/100|[from] move: Pain Split
|move|p2a: Slowbro|Psychic|p1a: rotomwash
|-damage|p1a: rotomwash|6/100
|
|-heal|p1a: rotomwash|12/100|[from] item: Leftovers
|upkeep
|turn|8
|
|t:|1665782995
|move|p1a: rotomwash|Pain Split|p2a: Slowbro
|-sethp|p2a: Slowbro|36/100|[from] move: Pain Split|[silent]
|-sethp|p1a: rotomwash|45/100|[from] move: Pain Split
|move|p2a: Slowbro|Shell Side Arm|p1a: rotomwash|[anim] Shell Side Arm Special
|-damage|p1a: rotomwash|0 fnt
|-hint|Special Shell Side Arm
|faint|p1a: rotomwash
|
|upkeep
|
|t:|1665782995
|switch|p1a: Weavile|Weavile, M|100/100
|-damage|p1a: Weavile|76/100|[from] Stealth Rock
|-ability|p1a: Weavile|Pressure
|turn|9
|-activate|p2a: Slowbro|ability: Quick Draw
|
|t:|1665782999
|move|p2a: Slowbro|Focus Blast|p1a: Weavile
|-supereffective|p1a: Weavile
|-damage|p1a: Weavile|0 fnt
|faint|p1a: Weavile
|
|upkeep
|
|t:|1665782999
|switch|p1a: Heatran|Heatran, M|100/100
|-damage|p1a: Heatran|88/100|[from] Stealth Rock
|-item|p1a: Heatran|Air Balloon
|turn|10
|-activate|p2a: Slowbro|ability: Quick Draw
|
|t:|1665783006
|move|p2a: Slowbro|Focus Blast|p1a: Heatran|[miss]
|-miss|p2a: Slowbro|p1a: Heatran
|move|p1a: Heatran|Eruption|p2a: Slowbro
|-damage|p2a: Slowbro|0 fnt
|faint|p2a: Slowbro
|
|upkeep
|
|t:|1665783015
|switch|p2a: Blastoise|Blastoise, F|100/100
|turn|11
|
|t:|1665783016
|switch|p1a: Melmetal|Melmetal|4/100
|-damage|p1a: Melmetal|0 fnt|[from] Stealth Rock
|faint|p1a: Melmetal
|move|p2a: Blastoise|Shell Smash|p2a: Blastoise
|-unboost|p2a: Blastoise|def|1
|-unboost|p2a: Blastoise|spd|1
|-boost|p2a: Blastoise|atk|2
|-boost|p2a: Blastoise|spa|2
|-boost|p2a: Blastoise|spe|2
|-enditem|p2a: Blastoise|White Herb
|-clearnegativeboost|p2a: Blastoise|[silent]
|
|upkeep
|
|t:|1665783016
|switch|p1a: landorustherian|Landorus-Therian, M|100/100
|-damage|p1a: landorustherian|88/100|[from] Stealth Rock
|-ability|p1a: landorustherian|Intimidate|boost
|-unboost|p2a: Blastoise|atk|1
|turn|12
|
|t:|1665783019
|move|p2a: Blastoise|Surf|p1a: landorustherian
|-supereffective|p1a: landorustherian
|-damage|p1a: landorustherian|0 fnt
|faint|p1a: landorustherian
|
|upkeep
|
|t:|1665783019
|switch|p1a: Heatran|Heatran, M|88/100
|-damage|p1a: Heatran|76/100|[from] Stealth Rock
|-item|p1a: Heatran|Air Balloon
|turn|13
|
|t:|1665783022
|move|p2a: Blastoise|Surf|p1a: Heatran
|-supereffective|p1a: Heatran
|-damage|p1a: Heatran|0 fnt
|-enditem|p1a: Heatran|Air Balloon
|faint|p1a: Heatran
|
|upkeep
|
|t:|1665783022
|switch|p1a: Tangrowth|Tangrowth, F|100/100
|-damage|p1a: Tangrowth|88/100|[from] Stealth Rock
|turn|14
|
|t:|1665783024
|move|p2a: Blastoise|Ice Beam|p1a: Tangrowth
|-supereffective|p1a: Tangrowth
|-damage|p1a: Tangrowth|0 fnt
|faint|p1a: Tangrowth
|
|win|Huskothy
|raw|minimax_ai's rating: 1659 &rarr; <strong>1644</strong><br />(-15 for losing)
|raw|Huskothy's rating: 1741 &rarr; <strong>1756</strong><br />(+15 for winning)
|c|☆minimax_ai|gg
|c|☆Huskothy|gg
|l|☆minimax_ai
||Ladder isn't responding, score probably updated but might not have (Request timeout).
