|raw|<div class="broadcast-blue"><strong>This battle is required to be public due to a player having a name starting with 'lt82zw'.</div>
|j|☆Lt82zw fardin
|j|☆4funaccount
|t:|1625859747
|gametype|singles
|player|p1|Lt82zw fardin|101|1637
|player|p2|4funaccount|169|1763
|teamsize|p1|6
|teamsize|p2|6
|gen|8
|tier|[Gen 8] OU
|rated|
|rule|Sleep Clause Mod: Limit one foe put to sleep
|rule|Species Clause: Limit one of each Pokémon
|rule|OHKO Clause: OHKO moves are banned
|rule|Evasion Moves Clause: Evasion moves are banned
|rule|Endless Battle Clause: Forcing endless battles is banned
|rule|HP Percentage Mod: HP is shown in percentages
|rule|Dynamax Clause: You cannot dynamax
|clearpoke
|poke|p1|Ditto|
|poke|p1|Toxapex, M|
|poke|p1|Blissey, F|
|poke|p1|Corviknight, F|
|poke|p1|Slowking, F|
|poke|p1|Buzzwole|
|poke|p2|Dragonite, M|
|poke|p2|Magnezone|
|poke|p2|Landorus-Therian, M|
|poke|p2|Weavile, F|
|poke|p2|Tapu Fini|
|poke|p2|Melmetal|
|teampreview
|inactive|Battle timer is ON: inactive players will automatically lose when time's up. (requested by Lt82zw fardin)
|j| LT82ZW cat
|l| LT82ZW cat
|inactive|4funaccount has 120 seconds left.
|
|t:|1625859787
|start
|switch|p1a: Toxapex|Toxapex, M|100/100
|switch|p2a: Tapu Fini|Tapu Fini|100/100
|-fieldstart|move: Misty Terrain|[from] ability: Misty Surge|[of] p2a: Tapu Fini
|turn|1
|
|t:|1625859794
|move|p2a: Tapu Fini|Whirlpool|p1a: Toxapex
|-resisted|p1a: Toxapex
|-damage|p1a: Toxapex|96/100
|-activate|p1a: Toxapex|move: Whirlpool|[of] p2a: Tapu Fini
|move|p1a: Toxapex|Knock Off|p2a: Tapu Fini
|-resisted|p2a: Tapu Fini
|-damage|p2a: Tapu Fini|95/100
|-enditem|p2a: Tapu Fini|Leftovers|[from] move: Knock Off|[of] p1a: Toxapex
|
|-damage|p1a: Toxapex|84/100|[from] move: Whirlpool|[partiallytrapped]
|upkeep
|turn|2
|
|t:|1625859801
|move|p2a: Tapu Fini|Nature's Madness|p1a: Toxapex
|-damage|p1a: Toxapex|42/100
|move|p1a: Toxapex|Knock Off|p2a: Tapu Fini
|-resisted|p2a: Tapu Fini
|-damage|p2a: Tapu Fini|91/100
|
|-damage|p1a: Toxapex|30/100|[from] move: Whirlpool|[partiallytrapped]
|upkeep
|turn|3
|
|t:|1625859810
|switch|p1a: Blissey|Blissey, F|100/100
|move|p2a: Tapu Fini|Whirlpool|p1a: Blissey
|-damage|p1a: Blissey|97/100
|-activate|p1a: Blissey|move: Whirlpool|[of] p2a: Tapu Fini
|
|-damage|p1a: Blissey|84/100|[from] move: Whirlpool|[partiallytrapped]
|upkeep
|turn|4
|
|t:|1625859814
|move|p2a: Tapu Fini|Taunt|p1a: Blissey
|-start|p1a: Blissey|move: Taunt
|move|p1a: Blissey|Seismic Toss|p2a: Tapu Fini
|-damage|p2a: Tapu Fini|62/100
|
|-damage|p1a: Blissey|72/100|[from] move: Whirlpool|[partiallytrapped]
|upkeep
|turn|5
|
|t:|1625859818
|move|p2a: Tapu Fini|Nature's Madness|p1a: Blissey
|-damage|p1a: Blissey|36/100
|move|p1a: Blissey|Seismic Toss|p2a: Tapu Fini
|-damage|p2a: Tapu Fini|32/100
|
|-damage|p1a: Blissey|24/100|[from] move: Whirlpool|[partiallytrapped]
|-fieldend|Misty Terrain
|upkeep
|turn|6
|
|t:|1625859823
|move|p2a: Tapu Fini|Moonblast|p1a: Blissey
|-damage|p1a: Blissey|14/100
|move|p1a: Blissey|Seismic Toss|p2a: Tapu Fini
|-damage|p2a: Tapu Fini|3/100
|
|-damage|p1a: Blissey|1/100|[from] move: Whirlpool|[partiallytrapped]
|-end|p1a: Blissey|move: Taunt
|upkeep
|turn|7
|
|t:|1625859826
|move|p2a: Tapu Fini|Moonblast|p1a: Blissey
|-damage|p1a: Blissey|0 fnt
|faint|p1a: Blissey
|
|upkeep
|j| Bleach
|
|t:|1625859834
|switch|p1a: Ditto|Ditto|100/100
|-transform|p1a: Ditto|p2a: Tapu Fini|[from] ability: Imposter
|-fieldstart|move: Misty Terrain|[from] ability: Misty Surge|[of] p1a: Ditto
|turn|8
|
|t:|1625859847
|switch|p2a: Melmetal|Melmetal|100/100
|move|p1a: Ditto|Whirlpool|p2a: Melmetal
|-damage|p2a: Melmetal|86/100
|-activate|p2a: Melmetal|move: Whirlpool|[of] p1a: Ditto
|
|-damage|p2a: Melmetal|74/100|[from] move: Whirlpool|[partiallytrapped]
|upkeep
|turn|9
|j| DJ CRIB DEF
|
|t:|1625859857
|switch|p1a: Corviknight|Corviknight, F|100/100
|-ability|p1a: Corviknight|Pressure
|move|p2a: Melmetal|Thunder Punch|p1a: Corviknight
|-supereffective|p1a: Corviknight
|-damage|p1a: Corviknight|32/100
|
|-end|p2a: Melmetal|Whirlpool|[partiallytrapped]|[silent]
|upkeep
|turn|10
|
|t:|1625859864
|switch|p2a: Magnezone|Magnezone|100/100
|move|p1a: Corviknight|Roost|p1a: Corviknight
|-heal|p1a: Corviknight|82/100
|-singleturn|p1a: Corviknight|move: Roost
|
|upkeep
|turn|11
|l| DJ CRIB DEF
|
|t:|1625859878
|switch|p1a: Slowking|Slowking, F|100/100
|move|p2a: Magnezone|Thunderbolt|p1a: Slowking
|-supereffective|p1a: Slowking
|-damage|p1a: Slowking|15/100
|
|upkeep
|turn|12
|
|t:|1625859883
|move|p2a: Magnezone|Thunderbolt|p1a: Slowking
|-supereffective|p1a: Slowking
|-damage|p1a: Slowking|0 fnt
|faint|p1a: Slowking
|
|-fieldend|Misty Terrain
|upkeep
|
|t:|1625859885
|switch|p1a: Ditto|Ditto|100/100
|-transform|p1a: Ditto|p2a: Magnezone|[from] ability: Imposter
|turn|13
|
|t:|1625859887
|move|p1a: Ditto|Body Press|p2a: Magnezone
|-supereffective|p2a: Magnezone
|-damage|p2a: Magnezone|54/100
|move|p2a: Magnezone|Iron Defense|p2a: Magnezone
|-boost|p2a: Magnezone|def|2
|
|upkeep
|turn|14
|
|t:|1625859890
|move|p1a: Ditto|Body Press|p2a: Magnezone
|-supereffective|p2a: Magnezone
|-damage|p2a: Magnezone|31/100
|move|p2a: Magnezone|Body Press|p1a: Ditto
|-supereffective|p1a: Ditto
|-crit|p1a: Ditto
|-damage|p1a: Ditto|0 fnt
|faint|p1a: Ditto
|
|upkeep
|
|t:|1625859892
|switch|p1a: Buzzwole|Buzzwole|100/100
|turn|15
|
|t:|1625859903
|switch|p2a: Tapu Fini|Tapu Fini|3/100
|-fieldstart|move: Misty Terrain|[from] ability: Misty Surge|[of] p2a: Tapu Fini
|move|p1a: Buzzwole|Bulk Up|p1a: Buzzwole
|-boost|p1a: Buzzwole|atk|1
|-boost|p1a: Buzzwole|def|1
|
|upkeep
|turn|16
|
|t:|1625859910
|move|p2a: Tapu Fini|Moonblast|p1a: Buzzwole
|-supereffective|p1a: Buzzwole
|-damage|p1a: Buzzwole|21/100
|move|p1a: Buzzwole|Drain Punch|p2a: Tapu Fini
|-resisted|p2a: Tapu Fini
|-damage|p2a: Tapu Fini|0 fnt
|-heal|p1a: Buzzwole|23/100|[from] drain|[of] p2a: Tapu Fini
|faint|p2a: Tapu Fini
|-ability|p1a: Buzzwole|Beast Boost|boost
|-boost|p1a: Buzzwole|def|1
|
|upkeep
|
|t:|1625859916
|switch|p2a: Dragonite|Dragonite, M|100/100
|turn|17
|
|t:|1625859918
|move|p2a: Dragonite|Dual Wingbeat|p1a: Buzzwole
|-supereffective|p1a: Buzzwole
|-damage|p1a: Buzzwole|0 fnt
|faint|p1a: Buzzwole
|-hitcount|p1: Buzzwole|1
|
|upkeep
|-message|Lt82zw fardin forfeited.
|
|win|4funaccount
|l|☆Lt82zw fardin
|raw|Lt82zw fardin's rating: 1637 &rarr; <strong>1624</strong><br />(-13 for losing)
|raw|4funaccount's rating: 1763 &rarr; <strong>1776</strong><br />(+13 for winning)
|j| LT82ZW cat
|l| LT82ZW cat
|l| Bleach
||Ladder isn't responding, score probably updated but might not have (Request timeout).
