|html|<div class="broadcast-blue"><strong>[Gen 8] OU is currently suspecting Melmetal! For information on how to participate check out the <a href="https://www.smogon.com/forums/threads/np-ss-ou-suspect-process-round-12-monster-mash.3709234/">suspect thread</a>.</strong></div>
|j|☆samohi0
|j|☆brettfavreinnocent
|t:|1666319798
|gametype|singles
|player|p1|samohi0|102|1716
|player|p2|brettfavreinnocent|harlequin|1758
|teamsize|p1|6
|teamsize|p2|6
|gen|8
|tier|[Gen 8] OU
|rated|
|rule|Sleep Clause Mod: Limit one foe put to sleep
|rule|Species Clause: Limit one of each Pokémon
|rule|OHKO Clause: OHKO moves are banned
|rule|Evasion Items Clause: Evasion items are banned
|rule|Evasion Moves Clause: Evasion moves are banned
|rule|Endless Battle Clause: Forcing endless battles is banned
|rule|HP Percentage Mod: HP is shown in percentages
|rule|Dynamax Clause: You cannot dynamax
|clearpoke
|poke|p1|Hippowdon, M|
|poke|p1|Tyranitar, M|
|poke|p1|Excadrill, M|
|poke|p1|Dracozolt|
|poke|p1|Buzzwole|
|poke|p1|Zapdos|
|poke|p2|Pelipper, F|
|poke|p2|Corviknight, F|
|poke|p2|Inteleon, M|
|poke|p2|Ferrothorn, M|
|poke|p2|Barraskewda, M|
|poke|p2|Seismitoad, F|
|teampreview
|inactive|Battle timer is ON: inactive players will automatically lose when time's up. (requested by brettfavreinnocent)
|
|t:|1666319810
|start
|switch|p1a: nate dogg|Zapdos|100/100
|switch|p2a: Barraskewda|Barraskewda, M|100/100
|turn|1
|
|t:|1666319816
|move|p2a: Barraskewda|Flip Turn|p1a: nate dogg
|-damage|p1a: nate dogg|54/100
|
|t:|1666319818
|switch|p2a: Ferrothorn|Ferrothorn, M|100/100|[from]move: Flip Turn
|move|p1a: nate dogg|Hurricane|p2a: Ferrothorn|[miss]
|-miss|p1a: nate dogg|p2a: Ferrothorn
|
|upkeep
|turn|2
|
|t:|1666319820
|move|p1a: nate dogg|Heat Wave|p2a: Ferrothorn
|-supereffective|p2a: Ferrothorn
|-damage|p2a: Ferrothorn|4/100
|move|p2a: Ferrothorn|Knock Off|p1a: nate dogg
|-damage|p1a: nate dogg|31/100
|-status|p2a: Ferrothorn|par|[from] ability: Static|[of] p1a: nate dogg
|-enditem|p1a: nate dogg|Heavy-Duty Boots|[from] move: Knock Off|[of] p2a: Ferrothorn
|
|-heal|p2a: Ferrothorn|10/100 par|[from] item: Leftovers
|upkeep
|turn|3
|
|t:|1666319826
|move|p1a: nate dogg|Heat Wave|p2a: Ferrothorn
|-supereffective|p2a: Ferrothorn
|-damage|p2a: Ferrothorn|0 fnt
|faint|p2a: Ferrothorn
|
|upkeep
|
|t:|1666319830
|switch|p2a: Inteleon|Inteleon, M|100/100
|turn|4
|
|t:|1666319837
|switch|p1a: black thought|Tyranitar, M|100/100
|-weather|Sandstorm|[from] ability: Sand Stream|[of] p1a: black thought
|move|p2a: Inteleon|Snipe Shot|p1a: black thought
|-supereffective|p1a: black thought
|-damage|p1a: black thought|66/100
|
|-weather|Sandstorm|[upkeep]
|-damage|p2a: Inteleon|94/100|[from] Sandstorm
|upkeep
|turn|5
|
|t:|1666319841
|move|p2a: Inteleon|Snipe Shot|p1a: black thought
|-supereffective|p1a: black thought
|-crit|p1a: black thought
|-damage|p1a: black thought|0 fnt
|faint|p1a: black thought
|
|-weather|Sandstorm|[upkeep]
|-damage|p2a: Inteleon|88/100|[from] Sandstorm
|upkeep
|
|t:|1666319844
|switch|p1a: po and dangerous|Dracozolt|100/100
|turn|6
|
|t:|1666319848
|switch|p2a: Seismitoad|Seismitoad, F|100/100
|move|p1a: po and dangerous|Draco Meteor|p2a: Seismitoad
|-damage|p2a: Seismitoad|20/100
|-unboost|p1a: po and dangerous|spa|2
|-damage|p1a: po and dangerous|91/100|[from] item: Life Orb
|
|-weather|Sandstorm|[upkeep]
|upkeep
|turn|7
|
|t:|1666319856
|switch|p2a: Pelipper|Pelipper, F|100/100
|-weather|RainDance|[from] ability: Drizzle|[of] p2a: Pelipper
|move|p1a: po and dangerous|Earthquake|p2a: Pelipper
|-immune|p2a: Pelipper
|
|-weather|RainDance|[upkeep]
|upkeep
|turn|8
|
|t:|1666319863
|switch|p1a: big pun|Hippowdon, M|100/100
|-weather|Sandstorm|[from] ability: Sand Stream|[of] p1a: big pun
|switch|p2a: Seismitoad|Seismitoad, F|20/100
|
|-weather|Sandstorm|[upkeep]
|upkeep
|turn|9
|
|t:|1666319866
|switch|p2a: Pelipper|Pelipper, F|100/100
|-weather|RainDance|[from] ability: Drizzle|[of] p2a: Pelipper
|move|p1a: big pun|Earthquake|p2a: Pelipper
|-immune|p2a: Pelipper
|
|-weather|RainDance|[upkeep]
|upkeep
|turn|10
|
|t:|1666319869
|switch|p1a: nate dogg|Zapdos|31/100
|move|p2a: Pelipper|Scald|p1a: nate dogg
|-damage|p1a: nate dogg|0 fnt
|faint|p1a: nate dogg
|
|-weather|RainDance|[upkeep]
|upkeep
|
|t:|1666319873
|switch|p1a: big pun|Hippowdon, M|100/100
|-weather|Sandstorm|[from] ability: Sand Stream|[of] p1a: big pun
|turn|11
|
|t:|1666319874
|switch|p1a: po and dangerous|Dracozolt|91/100
|move|p2a: Pelipper|U-turn|p1a: po and dangerous
|-damage|p1a: po and dangerous|80/100
|
|t:|1666319892
|switch|p2a: Seismitoad|Seismitoad, F|20/100|[from]move: U-turn
|
|-weather|Sandstorm|[upkeep]
|upkeep
|turn|12
|
|t:|1666319899
|move|p1a: po and dangerous|Draco Meteor|p2a: Seismitoad
|-damage|p2a: Seismitoad|0 fnt
|-unboost|p1a: po and dangerous|spa|2
|faint|p2a: Seismitoad
|-damage|p1a: po and dangerous|70/100|[from] item: Life Orb
|
|-weather|Sandstorm|[upkeep]
|upkeep
|
|t:|1666319905
|switch|p2a: Pelipper|Pelipper, F|100/100
|-weather|RainDance|[from] ability: Drizzle|[of] p2a: Pelipper
|turn|13
|
|t:|1666319917
|switch|p2a: Corviknight|Corviknight, F|100/100
|-ability|p2a: Corviknight|Pressure
|move|p1a: po and dangerous|Bolt Beak|p2a: Corviknight
|-supereffective|p2a: Corviknight
|-damage|p2a: Corviknight|6/100
|-damage|p1a: po and dangerous|54/100|[from] item: Rocky Helmet|[of] p2a: Corviknight
|-damage|p1a: po and dangerous|44/100|[from] item: Life Orb
|
|-weather|RainDance|[upkeep]
|upkeep
|turn|14
|
|t:|1666319922
|move|p1a: po and dangerous|Bolt Beak|p2a: Corviknight
|-supereffective|p2a: Corviknight
|-damage|p2a: Corviknight|0 fnt
|-damage|p1a: po and dangerous|27/100|[from] item: Rocky Helmet|[of] p2a: Corviknight
|faint|p2a: Corviknight
|-damage|p1a: po and dangerous|17/100|[from] item: Life Orb
|
|-weather|RainDance|[upkeep]
|upkeep
|
|t:|1666319924
|switch|p2a: Inteleon|Inteleon, M|88/100
|turn|15
|
|t:|1666319927
|switch|p1a: big pun|Hippowdon, M|100/100
|-weather|Sandstorm|[from] ability: Sand Stream|[of] p1a: big pun
|move|p2a: Inteleon|Snipe Shot|p1a: big pun
|-supereffective|p1a: big pun
|-crit|p1a: big pun
|-damage|p1a: big pun|0 fnt
|faint|p1a: big pun
|
|-weather|Sandstorm|[upkeep]
|-damage|p2a: Inteleon|82/100|[from] Sandstorm
|upkeep
|
|t:|1666319929
|switch|p1a: po and dangerous|Dracozolt|17/100
|turn|16
|
|t:|1666319934
|switch|p2a: Pelipper|Pelipper, F|100/100
|-weather|RainDance|[from] ability: Drizzle|[of] p2a: Pelipper
|move|p1a: po and dangerous|Bolt Beak|p2a: Pelipper
|-supereffective|p2a: Pelipper
|-damage|p2a: Pelipper|0 fnt
|faint|p2a: Pelipper
|-damage|p1a: po and dangerous|7/100|[from] item: Life Orb
|
|-weather|RainDance|[upkeep]
|upkeep
|
|t:|1666319941
|switch|p2a: Barraskewda|Barraskewda, M|100/100
|turn|17
|
|t:|1666319945
|move|p2a: Barraskewda|Flip Turn|p1a: po and dangerous
|-resisted|p1a: po and dangerous
|-damage|p1a: po and dangerous|0 fnt
|faint|p1a: po and dangerous
|
|t:|1666319948
|switch|p2a: Inteleon|Inteleon, M|82/100|[from]move: Flip Turn
|
|-weather|RainDance|[upkeep]
|upkeep
|
|t:|1666319956
|switch|p1a: 50 cent|Buzzwole|100/100
|turn|18
|
|t:|1666319963
|move|p2a: Inteleon|Snipe Shot|p1a: 50 cent
|-damage|p1a: 50 cent|13/100
|move|p1a: 50 cent|Drain Punch|p2a: Inteleon
|-damage|p2a: Inteleon|4/100
|-heal|p1a: 50 cent|40/100|[from] drain|[of] p2a: Inteleon
|
|-weather|RainDance|[upkeep]
|upkeep
|turn|19
|
|t:|1666319967
|move|p2a: Inteleon|Snipe Shot|p1a: 50 cent
|-crit|p1a: 50 cent
|-damage|p1a: 50 cent|0 fnt
|faint|p1a: 50 cent
|
|-weather|RainDance|[upkeep]
|upkeep
|
|t:|1666319969
|switch|p1a: mos def|Excadrill, M|100/100
|turn|20
|-message|samohi0 forfeited.
|
|win|brettfavreinnocent
|raw|samohi0's rating: 1716 &rarr; <strong>1698</strong><br />(-18 for losing)
|raw|brettfavreinnocent's rating: 1758 &rarr; <strong>1776</strong><br />(+18 for winning)
|l|☆samohi0
|l|☆brettfavreinnocent
||Ladder isn't responding, score probably updated but might not have (Request timeout).
|j|☆brettfavreinnocent
|player|p2|brettfavreinnocent|harlequin
