|html|<div class="broadcast-blue"><strong>[Gen 8] OU is currently suspecting Melmetal! For information on how to participate check out the <a href="https://www.smogon.com/forums/threads/np-ss-ou-suspect-process-round-12-monster-mash.3709234/">suspect thread</a>.</strong></div>
|j|☆minimax_ai
|j|☆iopkj09
|t:|1665747397
|gametype|singles
|player|p1|minimax_ai|101|1579
|player|p2|iopkj09|nate|1626
|teamsize|p1|6
|teamsize|p2|6
|gen|8
|tier|[Gen 8] OU
|rated|
|rule|Sleep Clause Mod: Limit one foe put to sleep
|rule|Species Clause: Limit one of each Pokémon
|rule|OHKO Clause: OHKO moves are banned
|rule|Evasion Items Clause: Evasion items are banned
|rule|Evasion Moves Clause: Evasion moves are banned
|rule|Endless Battle Clause: Forcing endless battles is banned
|rule|HP Percentage Mod: HP is shown in percentages
|rule|Dynamax Clause: You cannot dynamax
|clearpoke
|poke|p1|Rotom-Wash|
|poke|p1|Weavile, M|
|poke|p1|Landorus-Therian, M|
|poke|p1|Heatran, M|
|poke|p1|Tangrowth, M|
|poke|p1|Melmetal|
|poke|p2|Garchomp, M|
|poke|p2|Zapdos|
|poke|p2|Rillaboom, M|
|poke|p2|Tapu Lele|
|poke|p2|Volcanion|
|poke|p2|Weavile, F|
|teampreview
|inactive|Battle timer is ON: inactive players will automatically lose when time's up. (requested by iopkj09)
|c|☆minimax_ai|hf
|inactive|minimax_ai also wants the timer to be on.
|
|t:|1665747415
|start
|switch|p1a: Melmetal|Melmetal|100/100
|switch|p2a: Weavile|Weavile, F|100/100
|-ability|p2a: Weavile|Pressure
|turn|1
|
|t:|1665747418
|switch|p2a: Volcanion|Volcanion|100/100
|move|p1a: Melmetal|Double Iron Bash|p2a: Volcanion
|-resisted|p2a: Volcanion
|-damage|p2a: Volcanion|94/100
|-resisted|p2a: Volcanion
|-damage|p2a: Volcanion|87/100
|-hitcount|p2a: Volcanion|2
|
|upkeep
|turn|2
|
|t:|1665747425
|switch|p2a: Weavile|Weavile, F|100/100
|-ability|p2a: Weavile|Pressure
|switch|p1a: rotomwash|Rotom-Wash|100/100
|
|upkeep
|turn|3
|
|t:|1665747428
|move|p2a: Weavile|Knock Off|p1a: rotomwash
|-damage|p1a: rotomwash|53/100
|-enditem|p1a: rotomwash|Leftovers|[from] move: Knock Off|[of] p2a: Weavile
|move|p1a: rotomwash|Thunderbolt|p2a: Weavile
|-damage|p2a: Weavile|48/100
|
|upkeep
|turn|4
|
|t:|1665747431
|move|p2a: Weavile|Swords Dance|p2a: Weavile
|-boost|p2a: Weavile|atk|2
|move|p1a: rotomwash|Thunderbolt|p2a: Weavile
|-damage|p2a: Weavile|0 fnt
|faint|p2a: Weavile
|
|upkeep
|
|t:|1665747433
|switch|p2a: Tapu Lele|Tapu Lele|100/100
|-fieldstart|move: Psychic Terrain|[from] ability: Psychic Surge|[of] p2a: Tapu Lele
|turn|5
|
|t:|1665747436
|switch|p1a: Melmetal|Melmetal|100/100
|move|p2a: Tapu Lele|Psychic|p1a: Melmetal
|-resisted|p1a: Melmetal
|-damage|p1a: Melmetal|78/100
|
|upkeep
|turn|6
|
|t:|1665747439
|switch|p2a: Zapdos|Zapdos, shiny|100/100
|move|p1a: Melmetal|Earthquake|p2a: Zapdos
|-immune|p2a: Zapdos
|
|upkeep
|turn|7
|
|t:|1665747442
|move|p2a: Zapdos|Heat Wave|p1a: Melmetal
|-supereffective|p1a: Melmetal
|-damage|p1a: Melmetal|43/100
|move|p1a: Melmetal|Earthquake|p2a: Zapdos
|-immune|p2a: Zapdos
|
|upkeep
|turn|8
|
|t:|1665747445
|move|p2a: Zapdos|Heat Wave|p1a: Melmetal
|-supereffective|p1a: Melmetal
|-damage|p1a: Melmetal|8/100
|-status|p1a: Melmetal|brn
|move|p1a: Melmetal|Earthquake|p2a: Zapdos
|-immune|p2a: Zapdos
|
|-damage|p1a: Melmetal|1/100 brn|[from] brn
|upkeep
|turn|9
|
|t:|1665747449
|move|p2a: Zapdos|Heat Wave|p1a: Melmetal
|-supereffective|p1a: Melmetal
|-damage|p1a: Melmetal|0 fnt
|faint|p1a: Melmetal
|
|-fieldend|move: Psychic Terrain
|upkeep
|
|t:|1665747449
|switch|p1a: rotomwash|Rotom-Wash|53/100
|turn|10
|
|t:|1665747451
|move|p2a: Zapdos|Thunderbolt|p1a: rotomwash
|-damage|p1a: rotomwash|2/100
|move|p1a: rotomwash|Thunderbolt|p2a: Zapdos
|-damage|p2a: Zapdos|62/100
|
|upkeep
|turn|11
|
|t:|1665747454
|switch|p1a: landorustherian|Landorus-Therian, M|100/100
|-ability|p1a: landorustherian|Intimidate|boost
|-unboost|p2a: Zapdos|atk|1
|move|p2a: Zapdos|Heat Wave|p1a: landorustherian
|-damage|p1a: landorustherian|77/100
|-status|p1a: landorustherian|brn
|
|-heal|p1a: landorustherian|83/100 brn|[from] item: Leftovers
|-damage|p1a: landorustherian|77/100 brn|[from] brn
|upkeep
|turn|12
|
|t:|1665747456
|move|p2a: Zapdos|Hurricane|p1a: landorustherian
|-damage|p1a: landorustherian|33/100 brn
|-start|p1a: landorustherian|confusion
|-activate|p1a: landorustherian|confusion
|move|p1a: landorustherian|Toxic|p2a: Zapdos
|-status|p2a: Zapdos|tox
|
|-heal|p1a: landorustherian|39/100 brn|[from] item: Leftovers
|-damage|p2a: Zapdos|56/100 tox|[from] psn
|-damage|p1a: landorustherian|33/100 brn|[from] brn
|upkeep
|turn|13
|
|t:|1665747458
|move|p2a: Zapdos|Hurricane|p1a: landorustherian|[miss]
|-miss|p2a: Zapdos|p1a: landorustherian
|-end|p1a: landorustherian|confusion
|move|p1a: landorustherian|Toxic|p2a: Zapdos|[miss]
|-miss|p1a: landorustherian|p2a: Zapdos
|
|-heal|p1a: landorustherian|39/100 brn|[from] item: Leftovers
|-damage|p2a: Zapdos|43/100 tox|[from] psn
|-damage|p1a: landorustherian|33/100 brn|[from] brn
|upkeep
|turn|14
|
|t:|1665747460
|move|p2a: Zapdos|Hurricane|p1a: landorustherian|[miss]
|-miss|p2a: Zapdos|p1a: landorustherian
|move|p1a: landorustherian|Toxic|p2a: Zapdos
|-fail|p2a: Zapdos|tox
|
|-heal|p1a: landorustherian|39/100 brn|[from] item: Leftovers
|-damage|p2a: Zapdos|25/100 tox|[from] psn
|-damage|p1a: landorustherian|33/100 brn|[from] brn
|upkeep
|turn|15
|
|t:|1665747461
|move|p2a: Zapdos|Heat Wave|p1a: landorustherian
|-damage|p1a: landorustherian|10/100 brn
|move|p1a: landorustherian|Toxic|p2a: Zapdos
|-fail|p2a: Zapdos|tox
|
|-heal|p1a: landorustherian|16/100 brn|[from] item: Leftovers
|-damage|p2a: Zapdos|0 fnt|[from] psn
|faint|p2a: Zapdos
|-damage|p1a: landorustherian|10/100 brn|[from] brn
|upkeep
|
|t:|1665747464
|switch|p2a: Tapu Lele|Tapu Lele|100/100
|-fieldstart|move: Psychic Terrain|[from] ability: Psychic Surge|[of] p2a: Tapu Lele
|turn|16
|
|t:|1665747465
|move|p2a: Tapu Lele|Moonblast|p1a: landorustherian
|-damage|p1a: landorustherian|0 fnt
|faint|p1a: landorustherian
|
|upkeep
|
|t:|1665747465
|switch|p1a: Weavile|Weavile, M|100/100
|-ability|p1a: Weavile|Pressure
|turn|17
|
|t:|1665747467
|move|p1a: Weavile|Knock Off|p2a: Tapu Lele
|-damage|p2a: Tapu Lele|0 fnt
|-enditem|p2a: Tapu Lele|Choice Specs|[from] move: Knock Off|[of] p1a: Weavile
|faint|p2a: Tapu Lele
|
|upkeep
|
|t:|1665747470
|switch|p2a: Garchomp|Garchomp, M, shiny|100/100
|turn|18
|
|t:|1665747473
|switch|p1a: Heatran|Heatran, M|100/100
|-item|p1a: Heatran|Air Balloon
|move|p2a: Garchomp|Iron Head|p1a: Heatran
|-resisted|p1a: Heatran
|-damage|p1a: Heatran|93/100
|-enditem|p1a: Heatran|Air Balloon
|
|upkeep
|turn|19
|
|t:|1665747475
|switch|p2a: Volcanion|Volcanion|87/100
|move|p1a: Heatran|Magma Storm|p2a: Volcanion
|-resisted|p2a: Volcanion
|-damage|p2a: Volcanion|80/100
|-activate|p2a: Volcanion|move: Magma Storm|[of] p1a: Heatran
|
|-damage|p2a: Volcanion|67/100|[from] move: Magma Storm|[partiallytrapped]
|upkeep
|turn|20
|
|t:|1665747477
|switch|p1a: rotomwash|Rotom-Wash|2/100
|move|p2a: Volcanion|Steam Eruption|p1a: rotomwash
|-resisted|p1a: rotomwash
|-damage|p1a: rotomwash|0 fnt
|faint|p1a: rotomwash
|
|-end|p2a: Volcanion|Magma Storm|[partiallytrapped]|[silent]
|-fieldend|move: Psychic Terrain
|upkeep
|
|t:|1665747477
|switch|p1a: Weavile|Weavile, M|100/100
|-ability|p1a: Weavile|Pressure
|turn|21
|
|t:|1665747479
|move|p1a: Weavile|Knock Off|p2a: Volcanion
|-damage|p2a: Volcanion|19/100
|-enditem|p2a: Volcanion|Assault Vest|[from] move: Knock Off|[of] p1a: Weavile
|move|p2a: Volcanion|Flamethrower|p1a: Weavile
|-supereffective|p1a: Weavile
|-damage|p1a: Weavile|0 fnt
|faint|p1a: Weavile
|
|upkeep
|
|t:|1665747479
|switch|p1a: Heatran|Heatran, M|93/100
|turn|22
|
|t:|1665747482
|move|p1a: Heatran|Eruption|p2a: Volcanion
|-resisted|p2a: Volcanion
|-damage|p2a: Volcanion|2/100
|move|p2a: Volcanion|Earth Power|p1a: Heatran
|-supereffective|p1a: Heatran
|-crit|p1a: Heatran
|-damage|p1a: Heatran|0 fnt
|faint|p1a: Heatran
|
|upkeep
|
|t:|1665747482
|switch|p1a: Tangrowth|Tangrowth, M|100/100
|turn|23
|
|t:|1665747485
|move|p2a: Volcanion|Flamethrower|p1a: Tangrowth
|-supereffective|p1a: Tangrowth
|-damage|p1a: Tangrowth|0 fnt
|faint|p1a: Tangrowth
|
|win|iopkj09
|raw|minimax_ai's rating: 1579 &rarr; <strong>1562</strong><br />(-17 for losing)
|raw|iopkj09's rating: 1626 &rarr; <strong>1643</strong><br />(+17 for winning)
|c|☆minimax_ai|gg
