|j|☆Draco333
|j|☆2222mm
|player|p1|Draco333|lance|1599
|player|p2|2222mm|wallace|1572
|teamsize|p1|6
|teamsize|p2|6
|gametype|singles
|gen|8
|tier|[Gen 8] OU
|rated|
|clearpoke
|poke|p1|Dragapult, F|
|poke|p1|Seismitoad, F|
|poke|p1|Arcanine, F|
|poke|p1|Corviknight, F|
|poke|p1|Rotom-Heat|
|poke|p1|Clefable, F|
|poke|p2|Pelipper, M|
|poke|p2|Dracovish|
|poke|p2|Mantine, M|
|poke|p2|Seismitoad, M|
|poke|p2|Ferrothorn, F|
|poke|p2|Jirachi|
|rule|Sleep Clause Mod: Limit one foe put to sleep
|rule|Species Clause: Limit one of each Pokémon
|rule|OHKO Clause: OHKO moves are banned
|rule|Evasion Moves Clause: Evasion moves are banned
|rule|Endless Battle Clause: Forcing endless battles is banned
|rule|HP Percentage Mod: HP is shown in percentages
|rule|Dynamax Clause: You cannot dynamax
|teampreview
|inactive|Battle timer is ON: inactive players will automatically lose when time's up. (requested by 2222mm)
|j| AttackonSamurott
|
|start
|switch|p1a: Dragapult|Dragapult, F, shiny|100/100
|switch|p2a: Jirachi|Jirachi, shiny|100/100
|turn|1
|
|switch|p1a: Rotom|Rotom-Heat|100/100
|move|p2a: Jirachi|U-turn|p1a: Rotom
|-resisted|p1a: Rotom
|-damage|p1a: Rotom|93/100
|
|switch|p2a: Dracovish|Dracovish, shiny|100/100|[from]move: U-turn
|
|upkeep
|turn|2
|
|switch|p2a: Pelipper|Pelipper, M|100/100
|-weather|RainDance|[from] ability: Drizzle|[of] p2a: Pelipper
|switch|p1a: Seismitoad|Seismitoad, F|100/100
|
|-weather|RainDance|[upkeep]
|upkeep
|turn|3
|
|move|p1a: Seismitoad|Stealth Rock|p2a: Pelipper
|-sidestart|p2: 2222mm|move: Stealth Rock
|move|p2a: Pelipper|U-turn|p1a: Seismitoad
|-damage|p1a: Seismitoad|93/100
|
|switch|p2a: Ferrothorn|Ferrothorn, F, shiny|100/100|[from]move: U-turn
|-damage|p2a: Ferrothorn|94/100|[from] Stealth Rock
|
|-weather|RainDance|[upkeep]
|-heal|p1a: Seismitoad|99/100|[from] item: Leftovers
|upkeep
|turn|4
|
|switch|p1a: Rotom|Rotom-Heat|93/100
|move|p2a: Ferrothorn|Stealth Rock|p1a: Rotom
|-sidestart|p1: Draco333|move: Stealth Rock
|
|-weather|RainDance|[upkeep]
|upkeep
|turn|5
|
|switch|p2a: Seismitoad|Seismitoad, M|100/100
|-damage|p2a: Seismitoad|95/100|[from] Stealth Rock
|move|p1a: Rotom|Volt Switch|p2a: Seismitoad
|-immune|p2a: Seismitoad
|
|-weather|RainDance|[upkeep]
|upkeep
|turn|6
|
|switch|p1a: Corviknight|Corviknight, F|100/100
|-damage|p1a: Corviknight|88/100|[from] Stealth Rock
|-ability|p1a: Corviknight|Pressure
|move|p2a: Seismitoad|Knock Off|p1a: Corviknight
|-damage|p1a: Corviknight|58/100
|-enditem|p1a: Corviknight|Leftovers|[from] move: Knock Off|[of] p2a: Seismitoad
|-damage|p2a: Seismitoad|85/100|[from] item: Life Orb
|
|-weather|RainDance|[upkeep]
|upkeep
|turn|7
|
|move|p2a: Seismitoad|Liquidation|p1a: Corviknight
|-damage|p1a: Corviknight|0 fnt
|-damage|p2a: Seismitoad|75/100|[from] item: Life Orb
|faint|p1a: Corviknight
|
|-weather|RainDance|[upkeep]
|upkeep
|
|switch|p1a: Dragapult|Dragapult, F, shiny|100/100
|-damage|p1a: Dragapult|88/100|[from] Stealth Rock
|turn|8
|
|move|p2a: Seismitoad|Knock Off|p1a: Dragapult
|-supereffective|p1a: Dragapult
|-damage|p1a: Dragapult|0 fnt
|-enditem|p1a: Dragapult|Leftovers|[from] move: Knock Off|[of] p2a: Seismitoad
|-damage|p2a: Seismitoad|65/100|[from] item: Life Orb
|faint|p1a: Dragapult
|
|-weather|RainDance|[upkeep]
|upkeep
|
|switch|p1a: Clefable|Clefable, F|100/100
|turn|9
|
|move|p2a: Seismitoad|Liquidation|p1a: Clefable
|-damage|p1a: Clefable|36/100
|-damage|p2a: Seismitoad|55/100|[from] item: Life Orb
|move|p1a: Clefable|Moonblast|p2a: Seismitoad
|-damage|p2a: Seismitoad|15/100
|
|-weather|none
|-heal|p1a: Clefable|42/100|[from] item: Leftovers
|upkeep
|turn|10
|
|move|p2a: Seismitoad|Earthquake|p1a: Clefable
|-damage|p1a: Clefable|0 fnt
|-damage|p2a: Seismitoad|5/100|[from] item: Life Orb
|faint|p1a: Clefable
|
|upkeep
|
|switch|p1a: Arcanine|Arcanine, F|100/100
|-damage|p1a: Arcanine|76/100|[from] Stealth Rock
|-ability|p1a: Arcanine|Intimidate|boost
|-unboost|p2a: Seismitoad|atk|1
|turn|11
|
|move|p1a: Arcanine|Extreme Speed|p2a: Seismitoad
|-damage|p2a: Seismitoad|0 fnt
|-damage|p1a: Arcanine|66/100|[from] item: Life Orb
|faint|p2a: Seismitoad
|
|upkeep
|
|switch|p2a: Pelipper|Pelipper, M|100/100
|-damage|p2a: Pelipper|76/100|[from] Stealth Rock
|-weather|RainDance|[from] ability: Drizzle|[of] p2a: Pelipper
|turn|12
|
|move|p1a: Arcanine|Wild Charge|p2a: Pelipper
|-supereffective|p2a: Pelipper
|-damage|p2a: Pelipper|0 fnt
|-damage|p1a: Arcanine|47/100|[from] Recoil
|-damage|p1a: Arcanine|37/100|[from] item: Life Orb
|faint|p2a: Pelipper
|
|-weather|RainDance|[upkeep]
|upkeep
|
|switch|p2a: Mantine|Mantine, M|100/100
|-damage|p2a: Mantine|76/100|[from] Stealth Rock
|turn|13
|
|switch|p1a: Seismitoad|Seismitoad, F|99/100
|-damage|p1a: Seismitoad|93/100|[from] Stealth Rock
|move|p2a: Mantine|Hurricane|p1a: Seismitoad
|-damage|p1a: Seismitoad|24/100
|
|-weather|RainDance|[upkeep]
|-heal|p1a: Seismitoad|30/100|[from] item: Leftovers
|upkeep
|turn|14
|
|move|p2a: Mantine|Hurricane|p1a: Seismitoad
|-damage|p1a: Seismitoad|0 fnt
|faint|p1a: Seismitoad
|
|-weather|RainDance|[upkeep]
|upkeep
|-message|Draco333 forfeited.
|
|win|2222mm
|l|☆Draco333
|raw|Draco333's rating: 1599 &rarr; <strong>1577</strong><br />(-22 for losing)
|raw|2222mm's rating: 1572 &rarr; <strong>1594</strong><br />(+22 for winning)
