|j|☆legitteambuilder
|j|☆bigshoota
|t:|1662365899
|gametype|singles
|player|p1|legitteambuilder|koga|1651
|player|p2|bigshoota|skyla|1678
|teamsize|p1|6
|teamsize|p2|6
|gen|8
|tier|[Gen 8] OU
|rated|
|rule|Sleep Clause Mod: Limit one foe put to sleep
|rule|Species Clause: Limit one of each Pokémon
|rule|OHKO Clause: OHKO moves are banned
|rule|Evasion Items Clause: Evasion items are banned
|rule|Evasion Moves Clause: Evasion moves are banned
|rule|Endless Battle Clause: Forcing endless battles is banned
|rule|HP Percentage Mod: HP is shown in percentages
|rule|Dynamax Clause: You cannot dynamax
|clearpoke
|poke|p1|Dragapult, M|
|poke|p1|Rillaboom, M|
|poke|p1|Tapu Koko|
|poke|p1|Blaziken, M|
|poke|p1|Skarmory, M|
|poke|p1|Kartana|
|poke|p2|Decidueye, M|
|poke|p2|Tornadus-Therian, M|
|poke|p2|Tyranitar, M|
|poke|p2|Excadrill, F|
|poke|p2|Slowking, F|
|poke|p2|Buzzwole|
|teampreview
|inactive|Battle timer is ON: inactive players will automatically lose when time's up. (requested by legitteambuilder)
|
|t:|1662365903
|start
|switch|p1a: Blue Eyes|Skarmory, M|100/100
|switch|p2a: Tornadus|Tornadus-Therian, M, shiny|100/100
|turn|1
|
|t:|1662365916
|move|p2a: Tornadus|Knock Off|p1a: Blue Eyes
|-damage|p1a: Blue Eyes|81/100
|-enditem|p1a: Blue Eyes|Custap Berry|[from] move: Knock Off|[of] p2a: Tornadus
|move|p1a: Blue Eyes|Stealth Rock|p2a: Tornadus
|-sidestart|p2: bigshoota|move: Stealth Rock
|
|upkeep
|turn|2
|
|t:|1662365920
|move|p2a: Tornadus|Defog|p1a: Blue Eyes
|-unboost|p1a: Blue Eyes|evasion|1
|-sideend|p2: bigshoota|Stealth Rock|[from] move: Defog|[of] p2a: Tornadus
|move|p1a: Blue Eyes|Stealth Rock|p2a: Tornadus
|-sidestart|p2: bigshoota|move: Stealth Rock
|
|upkeep
|turn|3
|
|t:|1662365922
|move|p2a: Tornadus|Hurricane|p1a: Blue Eyes
|-resisted|p1a: Blue Eyes
|-damage|p1a: Blue Eyes|41/100
|move|p1a: Blue Eyes|Taunt|p2a: Tornadus
|-start|p2a: Tornadus|move: Taunt
|
|upkeep
|turn|4
|
|t:|1662365936
|move|p2a: Tornadus|U-turn|p1a: Blue Eyes
|-resisted|p1a: Blue Eyes
|-damage|p1a: Blue Eyes|37/100
|
|t:|1662365939
|switch|p2a: Slowking|Slowking, F|100/100|[from]move: U-turn
|move|p1a: Blue Eyes|Spikes|p2a: Slowking
|-sidestart|p2: bigshoota|Spikes
|
|upkeep
|turn|5
|
|t:|1662365946
|move|p1a: Blue Eyes|Spikes|p2a: Slowking
|-sidestart|p2: bigshoota|Spikes
|move|p2a: Slowking|Future Sight|p1a: Blue Eyes
|-start|p2a: Slowking|move: Future Sight
|
|upkeep
|turn|6
|
|t:|1662365950
|switch|p2a: Tornadus|Tornadus-Therian, M, shiny|100/100
|move|p1a: Blue Eyes|Taunt|p2a: Tornadus
|-start|p2a: Tornadus|move: Taunt
|
|upkeep
|turn|7
|
|t:|1662365966
|move|p2a: Tornadus|U-turn|p1a: Blue Eyes
|-resisted|p1a: Blue Eyes
|-damage|p1a: Blue Eyes|34/100
|
|t:|1662365968
|switch|p2a: Slowking|Slowking, F|100/100|[from]move: U-turn
|move|p1a: Blue Eyes|Brave Bird|p2a: Slowking
|-damage|p2a: Slowking|53/100
|-damage|p1a: Blue Eyes|11/100|[from] Recoil
|
|-end|p1a: Blue Eyes|move: Future Sight
|-resisted|p1a: Blue Eyes
|-damage|p1a: Blue Eyes|0 fnt
|faint|p1a: Blue Eyes
|upkeep
|
|t:|1662365989
|switch|p1a: Chief Keef|Rillaboom, M, shiny|100/100
|-fieldstart|move: Grassy Terrain|[from] ability: Grassy Surge|[of] p1a: Chief Keef
|turn|8
|
|t:|1662366005
|switch|p2a: VILGAX|Buzzwole, shiny|100/100
|move|p1a: Chief Keef|U-turn|p2a: VILGAX
|-resisted|p2a: VILGAX
|-damage|p2a: VILGAX|92/100
|
|t:|1662366019
|switch|p1a: Chimken|Blaziken, M, shiny|100/100|[from]move: U-turn
|
|-heal|p2a: VILGAX|98/100|[from] Grassy Terrain
|upkeep
|turn|9
|
|t:|1662366026
|move|p1a: Chimken|Flare Blitz|p2a: VILGAX
|-supereffective|p2a: VILGAX
|-damage|p2a: VILGAX|22/100
|-damage|p1a: Chimken|65/100|[from] Recoil
|-damage|p1a: Chimken|55/100|[from] item: Life Orb
|move|p2a: VILGAX|Close Combat|p1a: Chimken
|-damage|p1a: Chimken|0 fnt
|-unboost|p2a: VILGAX|def|1
|-unboost|p2a: VILGAX|spd|1
|faint|p1a: Chimken
|-ability|p2a: VILGAX|Beast Boost|boost
|-boost|p2a: VILGAX|def|1
|
|-heal|p2a: VILGAX|28/100|[from] Grassy Terrain
|upkeep
|
|t:|1662366033
|switch|p1a: Tapu Koko|Tapu Koko|100/100
|-fieldstart|move: Electric Terrain|[from] ability: Electric Surge|[of] p1a: Tapu Koko
|turn|10
|
|t:|1662366041
|move|p1a: Tapu Koko|Dazzling Gleam|p2a: VILGAX
|-supereffective|p2a: VILGAX
|-damage|p2a: VILGAX|0 fnt
|faint|p2a: VILGAX
|
|upkeep
|
|t:|1662366044
|switch|p2a: Excadrill|Excadrill, F|100/100
|-damage|p2a: Excadrill|97/100|[from] Stealth Rock
|-damage|p2a: Excadrill|81/100|[from] Spikes
|turn|11
|
|t:|1662366055
|move|p1a: Tapu Koko|U-turn|p2a: Excadrill
|-resisted|p2a: Excadrill
|-damage|p2a: Excadrill|70/100
|
|t:|1662366058
|switch|p1a: draga deez nuts|Dragapult, M, shiny|100/100|[from]move: U-turn
|move|p2a: Excadrill|Earthquake|p1a: draga deez nuts
|-damage|p1a: draga deez nuts|24/100
|
|-heal|p2a: Excadrill|76/100|[from] item: Leftovers
|upkeep
|turn|12
|
|t:|1662366067
|switch|p2a: Tornadus|Tornadus-Therian, M, shiny|100/100
|move|p1a: draga deez nuts|Fire Blast|p2a: Tornadus
|-damage|p2a: Tornadus|51/100
|
|upkeep
|turn|13
|
|t:|1662366078
|switch|p2a: Slowking|Slowking, F|87/100
|move|p1a: draga deez nuts|Fire Blast|p2a: Slowking
|-resisted|p2a: Slowking
|-damage|p2a: Slowking|73/100
|
|upkeep
|turn|14
|
|t:|1662366085
|switch|p1a: Chief Keef|Rillaboom, M, shiny|100/100
|-fieldstart|move: Grassy Terrain|[from] ability: Grassy Surge|[of] p1a: Chief Keef
|move|p2a: Slowking|Teleport|p2a: Slowking
|
|t:|1662366087
|switch|p2a: Tornadus|Tornadus-Therian, M, shiny|84/100|[from]move: Teleport
|
|upkeep
|turn|15
|
|t:|1662366093
|move|p2a: Tornadus|Defog|p1a: Chief Keef
|-unboost|p1a: Chief Keef|evasion|1
|-sideend|p2: bigshoota|Spikes|[from] move: Defog|[of] p2a: Tornadus
|-sideend|p2: bigshoota|Stealth Rock|[from] move: Defog|[of] p2a: Tornadus
|-fieldend|move: Grassy Terrain
|move|p1a: Chief Keef|Knock Off|p2a: Tornadus
|-damage|p2a: Tornadus|25/100
|-enditem|p2a: Tornadus|Heavy-Duty Boots|[from] move: Knock Off|[of] p1a: Chief Keef
|
|upkeep
|turn|16
|
|t:|1662366097
|switch|p1a: Tapu Koko|Tapu Koko|100/100
|-fieldstart|move: Electric Terrain|[from] ability: Electric Surge|[of] p1a: Tapu Koko
|move|p2a: Tornadus|U-turn|p1a: Tapu Koko
|-resisted|p1a: Tapu Koko
|-damage|p1a: Tapu Koko|91/100
|j| Kingfrye
|
|t:|1662366105
|switch|p2a: Decidueye|Decidueye, M|100/100|[from]move: U-turn
|
|upkeep
|turn|17
|j| dasgas
|
|t:|1662366115
|move|p1a: Tapu Koko|U-turn|p2a: Decidueye
|-damage|p2a: Decidueye|78/100
|
|t:|1662366120
|switch|p1a: KitCut|Kartana|100/100|[from]move: U-turn
|move|p2a: Decidueye|Poltergeist|p1a: KitCut
|-activate|p1a: KitCut|move: Poltergeist|Life Orb
|-damage|p1a: KitCut|9/100
|
|upkeep
|turn|18
|j| guho
|inactive|bigshoota has 120 seconds left.
|
|t:|1662366159
|switch|p2a: Tyranitar|Tyranitar, M|100/100
|-weather|Sandstorm|[from] ability: Sand Stream|[of] p2a: Tyranitar
|move|p1a: KitCut|Knock Off|p2a: Tyranitar
|-resisted|p2a: Tyranitar
|-damage|p2a: Tyranitar|80/100
|-enditem|p2a: Tyranitar|Leftovers|[from] move: Knock Off|[of] p1a: KitCut
|-damage|p1a: KitCut|0 fnt|[from] item: Life Orb
|faint|p1a: KitCut
|
|-weather|Sandstorm|[upkeep]
|upkeep
|
|t:|1662366167
|switch|p1a: Chief Keef|Rillaboom, M, shiny|100/100
|-fieldstart|move: Grassy Terrain|[from] ability: Grassy Surge|[of] p1a: Chief Keef
|turn|19
|
|t:|1662366170
|move|p1a: Chief Keef|Grassy Glide|p2a: Tyranitar
|-supereffective|p2a: Tyranitar
|-damage|p2a: Tyranitar|0 fnt
|faint|p2a: Tyranitar
|
|-weather|Sandstorm|[upkeep]
|-damage|p1a: Chief Keef|94/100|[from] Sandstorm
|-heal|p1a: Chief Keef|100/100|[from] Grassy Terrain
|upkeep
|
|t:|1662366173
|switch|p2a: Decidueye|Decidueye, M|78/100
|turn|20
|
|t:|1662366179
|switch|p1a: Tapu Koko|Tapu Koko|91/100
|-fieldstart|move: Electric Terrain|[from] ability: Electric Surge|[of] p1a: Tapu Koko
|move|p2a: Decidueye|Poltergeist|p1a: Tapu Koko
|-activate|p1a: Tapu Koko|move: Poltergeist|Heavy-Duty Boots
|-damage|p1a: Tapu Koko|0 fnt
|faint|p1a: Tapu Koko
|
|-weather|Sandstorm|[upkeep]
|-damage|p2a: Decidueye|72/100|[from] Sandstorm
|upkeep
|
|t:|1662366182
|switch|p1a: draga deez nuts|Dragapult, M, shiny|24/100
|turn|21
|
|t:|1662366208
|switch|p2a: Slowking|Slowking, F|100/100
|move|p1a: draga deez nuts|Shadow Ball|p2a: Slowking
|-supereffective|p2a: Slowking
|-damage|p2a: Slowking|44/100
|-unboost|p2a: Slowking|spd|1
|
|-weather|Sandstorm|[upkeep]
|-damage|p1a: draga deez nuts|18/100|[from] Sandstorm
|-damage|p2a: Slowking|38/100|[from] Sandstorm
|upkeep
|turn|22
|
|t:|1662366214
|move|p1a: draga deez nuts|Shadow Ball|p2a: Slowking
|-supereffective|p2a: Slowking
|-damage|p2a: Slowking|0 fnt
|faint|p2a: Slowking
|
|-weather|none
|upkeep
|
|t:|1662366218
|switch|p2a: Decidueye|Decidueye, M|72/100
|turn|23
|
|t:|1662366222
|switch|p1a: Chief Keef|Rillaboom, M, shiny|100/100
|-fieldstart|move: Grassy Terrain|[from] ability: Grassy Surge|[of] p1a: Chief Keef
|move|p2a: Decidueye|Shadow Sneak|p1a: Chief Keef
|-damage|p1a: Chief Keef|65/100
|
|-heal|p1a: Chief Keef|71/100|[from] Grassy Terrain
|-heal|p2a: Decidueye|78/100|[from] Grassy Terrain
|upkeep
|turn|24
|
|t:|1662366230
|switch|p2a: Excadrill|Excadrill, F|76/100
|move|p1a: Chief Keef|U-turn|p2a: Excadrill
|-resisted|p2a: Excadrill
|-damage|p2a: Excadrill|47/100
|
|t:|1662366232
|switch|p1a: draga deez nuts|Dragapult, M, shiny|18/100|[from]move: U-turn
|
|-heal|p1a: draga deez nuts|24/100|[from] Grassy Terrain
|-heal|p2a: Excadrill|53/100|[from] Grassy Terrain
|-heal|p2a: Excadrill|59/100|[from] item: Leftovers
|upkeep
|turn|25
|
|t:|1662366237
|move|p1a: draga deez nuts|Shadow Ball|p2a: Excadrill
|-damage|p2a: Excadrill|0 fnt
|faint|p2a: Excadrill
|
|-heal|p1a: draga deez nuts|30/100|[from] Grassy Terrain
|upkeep
|
|t:|1662366241
|switch|p2a: Decidueye|Decidueye, M|78/100
|turn|26
|
|t:|1662366247
|switch|p1a: Chief Keef|Rillaboom, M, shiny|71/100
|move|p2a: Decidueye|Shadow Sneak|p1a: Chief Keef
|-damage|p1a: Chief Keef|36/100
|
|-heal|p1a: Chief Keef|42/100|[from] Grassy Terrain
|-heal|p2a: Decidueye|84/100|[from] Grassy Terrain
|upkeep
|turn|27
|
|t:|1662366266
|switch|p2a: Tornadus|Tornadus-Therian, M, shiny|58/100
|move|p1a: Chief Keef|Knock Off|p2a: Tornadus
|-damage|p2a: Tornadus|21/100
|
|-heal|p1a: Chief Keef|48/100|[from] Grassy Terrain
|-fieldend|move: Grassy Terrain
|upkeep
|turn|28
|
|t:|1662366273
|move|p2a: Tornadus|Hurricane|p1a: Chief Keef|[miss]
|-miss|p2a: Tornadus|p1a: Chief Keef
|move|p1a: Chief Keef|Knock Off|p2a: Tornadus
|-damage|p2a: Tornadus|0 fnt
|faint|p2a: Tornadus
|
|upkeep
|c|☆legitteambuilder|sry
|c|☆bigshoota|wp
|
|t:|1662366290
|switch|p2a: Decidueye|Decidueye, M|84/100
|turn|29
|
|t:|1662366292
|move|p2a: Decidueye|Shadow Sneak|p1a: Chief Keef
|-crit|p1a: Chief Keef
|-damage|p1a: Chief Keef|0 fnt
|faint|p1a: Chief Keef
|
|upkeep
|c|☆legitteambuilder|justice
|c|☆legitteambuilder|gg
|c|☆bigshoota|sry
|
|t:|1662366300
|switch|p1a: draga deez nuts|Dragapult, M, shiny|30/100
|turn|30
|
|t:|1662366303
|move|p2a: Decidueye|Shadow Sneak|p1a: draga deez nuts
|-supereffective|p1a: draga deez nuts
|-damage|p1a: draga deez nuts|0 fnt
|faint|p1a: draga deez nuts
|
|win|bigshoota
|raw|legitteambuilder's rating: 1651 &rarr; <strong>1633</strong><br />(-18 for losing)
|raw|bigshoota's rating: 1678 &rarr; <strong>1696</strong><br />(+18 for winning)
|c|☆legitteambuilder|all g
|c|☆bigshoota|gg i guess
|c|☆legitteambuilder|:/
|l|☆legitteambuilder
|c|☆bigshoota|pokemon is fun!
|l| guho
|l| dasgas
|l| Kingfrye
