|j|‽Guest 5890168
|j|☆stimo96
|t:|1664788191
|gametype|singles
|player|p1|Guest 5890168|170|1462
|player|p2|stimo96|alder|1462
|teamsize|p1|6
|teamsize|p2|6
|gen|8
|tier|[Gen 8] OU
|rated|
|rule|Sleep Clause Mod: Limit one foe put to sleep
|rule|Species Clause: Limit one of each Pokémon
|rule|OHKO Clause: OHKO moves are banned
|rule|Evasion Items Clause: Evasion items are banned
|rule|Evasion Moves Clause: Evasion moves are banned
|rule|Endless Battle Clause: Forcing endless battles is banned
|rule|HP Percentage Mod: HP is shown in percentages
|rule|Dynamax Clause: You cannot dynamax
|clearpoke
|poke|p1|Rotom-Wash|
|poke|p1|Weavile, F|
|poke|p1|Landorus-Therian, M|
|poke|p1|Heatran, M|
|poke|p1|Tangrowth, M|
|poke|p1|Melmetal|
|poke|p2|Dragapult, M|
|poke|p2|Garchomp, M|
|poke|p2|Magnezone|
|poke|p2|Zapdos|
|poke|p2|Landorus-Therian, M|
|poke|p2|Tapu Fini|
|teampreview
|inactive|Battle timer is ON: inactive players will automatically lose when time's up. (requested by Guest 5890168)
|
|t:|1664788199
|start
|switch|p1a: Landorus|Landorus-Therian, M|100/100
|switch|p2a: Dragapult|Dragapult, M|100/100
|-ability|p1a: Landorus|Intimidate|boost
|-unboost|p2a: Dragapult|atk|1
|turn|1
|
|t:|1664788208
|move|p2a: Dragapult|U-turn|p1a: Landorus
|-resisted|p1a: Landorus
|-damage|p1a: Landorus|95/100
|
|t:|1664788211
|switch|p2a: Landorus|Landorus-Therian, M|100/100|[from]move: U-turn
|-ability|p2a: Landorus|Intimidate|boost
|-unboost|p1a: Landorus|atk|1
|move|p1a: Landorus|Toxic|p2a: Landorus
|-status|p2a: Landorus|tox
|
|-heal|p1a: Landorus|100/100|[from] item: Leftovers
|-damage|p2a: Landorus|94/100 tox|[from] psn
|upkeep
|turn|2
|
|t:|1664788220
|switch|p1a: Tangrowth|Tangrowth, M|100/100
|move|p2a: Landorus|Stealth Rock|p1a: Tangrowth
|-sidestart|p1: Guest 5890168|move: Stealth Rock
|
|-heal|p2a: Landorus|100/100 tox|[from] item: Leftovers
|-damage|p2a: Landorus|88/100 tox|[from] psn
|upkeep
|turn|3
|
|t:|1664788232
|switch|p2a: Zapdos|Zapdos|100/100
|switch|p1a: Landorus|Landorus-Therian, M|100/100
|-damage|p1a: Landorus|88/100|[from] Stealth Rock
|-ability|p1a: Landorus|Intimidate|boost
|-unboost|p2a: Zapdos|atk|1
|
|-heal|p1a: Landorus|94/100|[from] item: Leftovers
|upkeep
|turn|4
|
|t:|1664788242
|switch|p2a: Tapu Fini|Tapu Fini|100/100
|-fieldstart|move: Misty Terrain|[from] ability: Misty Surge|[of] p2a: Tapu Fini
|move|p1a: Landorus|Defog|p2a: Tapu Fini
|-unboost|p2a: Tapu Fini|evasion|1
|-sideend|p1: Guest 5890168|Stealth Rock|[from] move: Defog|[of] p1a: Landorus
|-fieldend|Misty Terrain
|
|-heal|p1a: Landorus|99/100|[from] item: Leftovers
|upkeep
|turn|5
|
|t:|1664788252
|move|p1a: Landorus|Toxic|p2a: Tapu Fini
|-status|p2a: Tapu Fini|tox
|move|p2a: Tapu Fini|Scald|p1a: Landorus
|-supereffective|p1a: Landorus
|-damage|p1a: Landorus|60/100
|
|-heal|p1a: Landorus|66/100|[from] item: Leftovers
|-damage|p2a: Tapu Fini|94/100 tox|[from] psn
|upkeep
|turn|6
|
|t:|1664788262
|move|p1a: Landorus|U-turn|p2a: Tapu Fini
|-resisted|p2a: Tapu Fini
|-damage|p2a: Tapu Fini|88/100 tox
|
|t:|1664788262
|switch|p1a: Rotom|Rotom-Wash|100/100|[from]move: U-turn
|move|p2a: Tapu Fini|Scald|p1a: Rotom
|-resisted|p1a: Rotom
|-damage|p1a: Rotom|88/100
|-status|p1a: Rotom|brn
|
|-heal|p1a: Rotom|94/100 brn|[from] item: Leftovers
|-heal|p2a: Tapu Fini|94/100 tox|[from] item: Leftovers
|-damage|p2a: Tapu Fini|82/100 tox|[from] psn
|-damage|p1a: Rotom|88/100 brn|[from] brn
|upkeep
|turn|7
|
|t:|1664788280
|switch|p2a: Garchomp|Garchomp, M|100/100
|move|p1a: Rotom|Hydro Pump|p2a: Garchomp
|-damage|p2a: Garchomp|51/100
|
|-heal|p2a: Garchomp|57/100|[from] item: Leftovers
|-heal|p1a: Rotom|94/100 brn|[from] item: Leftovers
|-damage|p1a: Rotom|88/100 brn|[from] brn
|upkeep
|turn|8
|
|t:|1664788290
|switch|p2a: Dragapult|Dragapult, M|100/100
|switch|p1a: Landorus|Landorus-Therian, M|66/100
|-ability|p1a: Landorus|Intimidate|boost
|-unboost|p2a: Dragapult|atk|1
|
|-heal|p1a: Landorus|72/100|[from] item: Leftovers
|upkeep
|turn|9
|
|t:|1664788299
|move|p2a: Dragapult|U-turn|p1a: Landorus
|-resisted|p1a: Landorus
|-damage|p1a: Landorus|67/100
|
|t:|1664788302
|switch|p2a: Landorus|Landorus-Therian, M|88/100 tox|[from]move: U-turn
|-ability|p2a: Landorus|Intimidate|boost
|-unboost|p1a: Landorus|atk|1
|move|p1a: Landorus|U-turn|p2a: Landorus
|-resisted|p2a: Landorus
|-damage|p2a: Landorus|82/100 tox
|
|t:|1664788302
|switch|p1a: Heatran|Heatran, M|100/100|[from]move: U-turn
|-item|p1a: Heatran|Air Balloon
|
|-heal|p2a: Landorus|88/100 tox|[from] item: Leftovers
|-damage|p2a: Landorus|82/100 tox|[from] psn
|upkeep
|turn|10
|
|t:|1664788316
|move|p1a: Heatran|Eruption|p2a: Landorus
|-damage|p2a: Landorus|20/100 tox
|move|p2a: Landorus|U-turn|p1a: Heatran
|-resisted|p1a: Heatran
|-damage|p1a: Heatran|95/100
|-enditem|p1a: Heatran|Air Balloon
|
|t:|1664788322
|switch|p2a: Garchomp|Garchomp, M|57/100|[from]move: U-turn
|
|-heal|p2a: Garchomp|63/100|[from] item: Leftovers
|upkeep
|turn|11
|
|t:|1664788328
|switch|p1a: Landorus|Landorus-Therian, M|67/100
|-ability|p1a: Landorus|Intimidate|boost
|-unboost|p2a: Garchomp|atk|1
|move|p2a: Garchomp|Swords Dance|p2a: Garchomp
|-boost|p2a: Garchomp|atk|2
|
|-heal|p2a: Garchomp|69/100|[from] item: Leftovers
|-heal|p1a: Landorus|73/100|[from] item: Leftovers
|upkeep
|turn|12
|
|t:|1664788338
|move|p2a: Garchomp|Swords Dance|p2a: Garchomp
|-boost|p2a: Garchomp|atk|2
|move|p1a: Landorus|U-turn|p2a: Garchomp
|-damage|p2a: Garchomp|49/100
|-damage|p1a: Landorus|60/100|[from] ability: Rough Skin|[of] p2a: Garchomp
|
|t:|1664788338
|switch|p1a: Weavile|Weavile, F|100/100|[from]move: U-turn
|-ability|p1a: Weavile|Pressure
|
|-heal|p2a: Garchomp|55/100|[from] item: Leftovers
|upkeep
|turn|13
|
|t:|1664788350
|switch|p2a: Tapu Fini|Tapu Fini|82/100 tox
|-fieldstart|move: Misty Terrain|[from] ability: Misty Surge|[of] p2a: Tapu Fini
|move|p1a: Weavile|Knock Off|p2a: Tapu Fini
|-resisted|p2a: Tapu Fini
|-damage|p2a: Tapu Fini|59/100 tox
|-enditem|p2a: Tapu Fini|Leftovers|[from] move: Knock Off|[of] p1a: Weavile
|
|-damage|p2a: Tapu Fini|52/100 tox|[from] psn
|upkeep
|turn|14
|
|t:|1664788360
|switch|p1a: Melmetal|Melmetal|100/100
|switch|p2a: Dragapult|Dragapult, M|100/100
|
|upkeep
|turn|15
|
|t:|1664788366
|move|p2a: Dragapult|Fire Blast|p1a: Melmetal|[miss]
|-miss|p2a: Dragapult|p1a: Melmetal
|move|p1a: Melmetal|Double Iron Bash|p2a: Dragapult
|-damage|p2a: Dragapult|50/100
|-damage|p2a: Dragapult|0 fnt
|faint|p2a: Dragapult
|-hitcount|p2: Dragapult|2
|
|upkeep
|-message|stimo96 forfeited.
|
|win|Guest 5890168
|raw|Guest 5890168's rating: 1462 &rarr; <strong>1482</strong><br />(+20 for winning)
|raw|stimo96's rating: 1462 &rarr; <strong>1442</strong><br />(-20 for losing)
|l|☆stimo96
