|j|☆Pinks1ip
|j|☆u lost to bad team
|t:|1667841743
|gametype|singles
|player|p1|Pinks1ip|skierf|1675
|player|p2|u lost to bad team|swimmer-gen4|1660
|teamsize|p1|6
|teamsize|p2|6
|gen|8
|tier|[Gen 8] OU
|rated|
|rule|Sleep Clause Mod: Limit one foe put to sleep
|rule|Species Clause: Limit one of each Pokémon
|rule|OHKO Clause: OHKO moves are banned
|rule|Evasion Items Clause: Evasion items are banned
|rule|Evasion Moves Clause: Evasion moves are banned
|rule|Endless Battle Clause: Forcing endless battles is banned
|rule|HP Percentage Mod: HP is shown in percentages
|rule|Dynamax Clause: You cannot dynamax
|clearpoke
|poke|p1|Garchomp, M|
|poke|p1|Weavile, F|
|poke|p1|Blacephalon|
|poke|p1|Mew|
|poke|p1|Azumarill, F|
|poke|p1|Celesteela|
|poke|p2|Mew|
|poke|p2|Zeraora|
|poke|p2|Celesteela|
|poke|p2|Dragapult, M|
|poke|p2|Weavile, M|
|poke|p2|Nihilego|
|teampreview
|inactive|Battle timer is ON: inactive players will automatically lose when time's up. (requested by u lost to bad team)
|
|t:|1667841748
|start
|switch|p1a: Mew|Mew|100/100
|switch|p2a: Zeraora|Zeraora|100/100
|turn|1
|
|t:|1667841751
|move|p2a: Zeraora|Taunt|p1a: Mew
|-start|p1a: Mew|move: Taunt
|cant|p1a: Mew|move: Taunt|Stealth Rock
|
|upkeep
|turn|2
|
|t:|1667841753
|switch|p2a: Mew|Mew|100/100
|switch|p1a: Garchomp|Garchomp, M|100/100
|
|upkeep
|turn|3
|
|t:|1667841756
|switch|p1a: Mew|Mew|100/100
|move|p2a: Mew|Stealth Rock|p1a: Mew
|-sidestart|p1: Pinks1ip|move: Stealth Rock
|
|upkeep
|turn|4
|
|t:|1667841757
|move|p1a: Mew|Taunt|p2a: Mew
|-start|p2a: Mew|move: Taunt
|cant|p2a: Mew|move: Taunt|Taunt
|
|upkeep
|turn|5
|
|t:|1667841762
|switch|p2a: Dragapult|Dragapult, M|100/100
|move|p1a: Mew|Stealth Rock|p2a: Dragapult
|-sidestart|p2: u lost to bad team|move: Stealth Rock
|
|upkeep
|turn|6
|
|t:|1667841764
|move|p2a: Dragapult|Shadow Ball|p1a: Mew
|-supereffective|p1a: Mew
|-damage|p1a: Mew|33/100
|move|p1a: Mew|Thunder Wave|p2a: Dragapult|[miss]
|-miss|p1a: Mew|p2a: Dragapult
|
|upkeep
|turn|7
|c|☆Pinks1ip|All fucking day
|c|☆u lost to bad team|bro
|c|☆u lost to bad team|winnning the speed tie
|c|☆u lost to bad team|is a bigger win
|c|☆u lost to bad team|stfu
|c|☆Pinks1ip|ive been missing my 90% accuracy’s all day
|inactive|Pinks1ip has 120 seconds left.
|c|☆u lost to bad team|this is still better than if i win taunt war
|j| Zombini62
|c|☆Pinks1ip|Not just t wave but scale shot and triple axel
|c|☆u lost to bad team|no one cares
|inactive|Pinks1ip has 90 seconds left.
|c|☆Pinks1ip|I’m sorry your mom didn’t love you enough and now you’re an edge lord online
|
|t:|1667841831
|move|p2a: Dragapult|Shadow Ball|p1a: Mew
|-supereffective|p1a: Mew
|-damage|p1a: Mew|0 fnt
|faint|p1a: Mew
|
|upkeep
|
|t:|1667841841
|switch|p1a: Weavile|Weavile, F|100/100
|-damage|p1a: Weavile|76/100|[from] Stealth Rock
|-ability|p1a: Weavile|Pressure
|turn|8
|
|t:|1667841844
|switch|p2a: Mew|Mew|100/100
|-damage|p2a: Mew|88/100|[from] Stealth Rock
|move|p1a: Weavile|Knock Off|p2a: Mew
|-supereffective|p2a: Mew
|-enditem|p2a: Mew|Colbur Berry|[eat]
|-enditem|p2a: Mew|Colbur Berry|[weaken]
|-damage|p2a: Mew|29/100
|-damage|p1a: Weavile|66/100|[from] item: Life Orb
|
|upkeep
|turn|9
|
|t:|1667841847
|move|p1a: Weavile|Knock Off|p2a: Mew
|-supereffective|p2a: Mew
|-damage|p2a: Mew|0 fnt
|faint|p2a: Mew
|-damage|p1a: Weavile|56/100|[from] item: Life Orb
|
|upkeep
|
|t:|1667841851
|switch|p2a: Zeraora|Zeraora|100/100
|turn|10
|
|t:|1667841856
|switch|p1a: Garchomp|Garchomp, M|100/100
|-damage|p1a: Garchomp|94/100|[from] Stealth Rock
|move|p2a: Zeraora|Close Combat|p1a: Garchomp
|-damage|p1a: Garchomp|57/100
|-unboost|p2a: Zeraora|def|1
|-unboost|p2a: Zeraora|spd|1
|-damage|p2a: Zeraora|88/100|[from] ability: Rough Skin|[of] p1a: Garchomp
|
|upkeep
|turn|11
|
|t:|1667841859
|switch|p2a: Celesteela|Celesteela, shiny|100/100
|-damage|p2a: Celesteela|88/100|[from] Stealth Rock
|move|p1a: Garchomp|Scale Shot|p2a: Celesteela
|-resisted|p2a: Celesteela
|-damage|p2a: Celesteela|80/100
|-resisted|p2a: Celesteela
|-damage|p2a: Celesteela|71/100
|-resisted|p2a: Celesteela
|-damage|p2a: Celesteela|62/100
|-hitcount|p2a: Celesteela|3
|-unboost|p1a: Garchomp|def|1
|-boost|p1a: Garchomp|spe|1
|-damage|p1a: Garchomp|47/100|[from] item: Life Orb
|
|upkeep
|turn|12
|
|t:|1667841865
|switch|p2a: Dragapult|Dragapult, M|100/100
|-damage|p2a: Dragapult|88/100|[from] Stealth Rock
|move|p1a: Garchomp|Fire Fang|p2a: Dragapult
|-resisted|p2a: Dragapult
|-damage|p2a: Dragapult|66/100
|-damage|p1a: Garchomp|37/100|[from] item: Life Orb
|
|upkeep
|turn|13
|
|t:|1667841869
|move|p2a: Dragapult|Shadow Ball|p1a: Garchomp
|-damage|p1a: Garchomp|0 fnt
|faint|p1a: Garchomp
|
|upkeep
|
|t:|1667841874
|switch|p1a: Weavile|Weavile, F|56/100
|-damage|p1a: Weavile|31/100|[from] Stealth Rock
|-ability|p1a: Weavile|Pressure
|turn|14
|
|t:|1667841876
|switch|p2a: Weavile|Weavile, M|100/100
|-damage|p2a: Weavile|76/100|[from] Stealth Rock
|-ability|p2a: Weavile|Pressure
|move|p1a: Weavile|Ice Shard|p2a: Weavile
|-resisted|p2a: Weavile
|-damage|p2a: Weavile|49/100
|-damage|p1a: Weavile|21/100|[from] item: Life Orb
|
|upkeep
|turn|15
|
|t:|1667841878
|move|p2a: Weavile|Ice Shard|p1a: Weavile
|-resisted|p1a: Weavile
|-damage|p1a: Weavile|0 fnt
|faint|p1a: Weavile
|-damage|p2a: Weavile|39/100|[from] item: Life Orb
|
|upkeep
|j| TeslaTheJolteon
|l| TeslaTheJolteon
|
|t:|1667841898
|switch|p1a: Azumarill|Azumarill, F|100/100
|-damage|p1a: Azumarill|88/100|[from] Stealth Rock
|turn|16
|
|t:|1667841901
|move|p2a: Weavile|Knock Off|p1a: Azumarill
|-resisted|p1a: Azumarill
|-damage|p1a: Azumarill|48/100
|-enditem|p1a: Azumarill|Sitrus Berry|[from] move: Knock Off|[of] p2a: Weavile
|-damage|p2a: Weavile|29/100|[from] item: Life Orb
|move|p1a: Azumarill|Belly Drum||[still]
|-fail|p1a: Azumarill
|
|upkeep
|turn|17
|
|t:|1667841911
|move|p2a: Weavile|Ice Shard|p1a: Azumarill
|-resisted|p1a: Azumarill
|-damage|p1a: Azumarill|32/100
|-damage|p2a: Weavile|19/100|[from] item: Life Orb
|move|p1a: Azumarill|Aqua Jet|p2a: Weavile
|-damage|p2a: Weavile|0 fnt
|faint|p2a: Weavile
|
|upkeep
|
|t:|1667841913
|switch|p2a: Zeraora|Zeraora|88/100
|turn|18
|
|t:|1667841915
|move|p1a: Azumarill|Aqua Jet|p2a: Zeraora
|-damage|p2a: Zeraora|51/100
|move|p2a: Zeraora|Plasma Fists|p1a: Azumarill
|-supereffective|p1a: Azumarill
|-damage|p1a: Azumarill|0 fnt
|-fieldactivate|move: Ion Deluge
|-hint|Normal-type moves become Electric-type after using Plasma Fists.
|faint|p1a: Azumarill
|
|upkeep
|
|t:|1667841918
|switch|p1a: Blacephalon|Blacephalon|100/100
|-damage|p1a: Blacephalon|76/100|[from] Stealth Rock
|turn|19
|
|t:|1667841923
|switch|p2a: Nihilego|Nihilego|100/100
|-damage|p2a: Nihilego|88/100|[from] Stealth Rock
|move|p1a: Blacephalon|Shadow Ball|p2a: Nihilego
|-damage|p2a: Nihilego|55/100
|
|upkeep
|turn|20
|
|t:|1667841931
|move|p1a: Blacephalon|Shadow Ball|p2a: Nihilego
|-crit|p2a: Nihilego
|-damage|p2a: Nihilego|4/100
|move|p2a: Nihilego|Power Gem|p1a: Blacephalon
|-supereffective|p1a: Blacephalon
|-damage|p1a: Blacephalon|0 fnt
|faint|p1a: Blacephalon
|-ability|p2a: Nihilego|Beast Boost|boost
|-boost|p2a: Nihilego|spe|1
|
|upkeep
|
|t:|1667841935
|switch|p1a: Celesteela|Celesteela|100/100
|-damage|p1a: Celesteela|88/100|[from] Stealth Rock
|turn|21
|j| faded thana h0
|
|t:|1667841953
|move|p2a: Nihilego|Meteor Beam||[still]
|-prepare|p2a: Nihilego|Meteor Beam
|-boost|p2a: Nihilego|spa|1
|-enditem|p2a: Nihilego|Power Herb
|-anim|p2a: Nihilego|Meteor Beam|p1a: Celesteela|[miss]
|-miss|p2a: Nihilego|p1a: Celesteela
|move|p1a: Celesteela|Autotomize|p1a: Celesteela
|-boost|p1a: Celesteela|spe|2
|-start|p1a: Celesteela|Autotomize
|
|upkeep
|turn|22
|
|t:|1667841961
|move|p2a: Nihilego|Power Gem|p1a: Celesteela
|-damage|p1a: Celesteela|29/100
|move|p1a: Celesteela|Autotomize|p1a: Celesteela
|-boost|p1a: Celesteela|spe|2
|-start|p1a: Celesteela|Autotomize
|
|upkeep
|turn|23
|
|t:|1667841980
|move|p1a: Celesteela|Flamethrower|p2a: Nihilego
|-resisted|p2a: Nihilego
|-damage|p2a: Nihilego|0 fnt
|faint|p2a: Nihilego
|-ability|p1a: Celesteela|Beast Boost|boost
|-boost|p1a: Celesteela|spa|1
|
|upkeep
|
|t:|1667841989
|switch|p2a: Dragapult|Dragapult, M|66/100
|-damage|p2a: Dragapult|54/100|[from] Stealth Rock
|turn|24
|
|t:|1667841995
|move|p1a: Celesteela|Air Slash|p2a: Dragapult
|-damage|p2a: Dragapult|0 fnt
|faint|p2a: Dragapult
|-ability|p1a: Celesteela|Beast Boost|boost
|-boost|p1a: Celesteela|spa|1
|
|upkeep
|
|t:|1667841997
|switch|p2a: Celesteela|Celesteela, shiny|62/100
|-damage|p2a: Celesteela|50/100|[from] Stealth Rock
|turn|25
|c| faded thana h0|NOT THE REVERSE SWEEEEP
|
|t:|1667842000
|move|p1a: Celesteela|Flamethrower|p2a: Celesteela
|-supereffective|p2a: Celesteela
|-damage|p2a: Celesteela|0 fnt
|faint|p2a: Celesteela
|-ability|p1a: Celesteela|Beast Boost|boost
|-boost|p1a: Celesteela|spa|1
|
|upkeep
|
|t:|1667842001
|switch|p2a: Zeraora|Zeraora|51/100
|turn|26
|
|t:|1667842003
|move|p1a: Celesteela|Flamethrower|p2a: Zeraora
|-damage|p2a: Zeraora|0 fnt
|faint|p2a: Zeraora
|
|win|Pinks1ip
|raw|Pinks1ip's rating: 1653 &rarr; <strong>1673</strong><br />(+20 for winning)
|raw|u lost to bad team's rating: 1660 &rarr; <strong>1640</strong><br />(-20 for losing)
|l|☆u lost to bad team
|c|☆Pinks1ip|Swag like Ohio
|l| faded thana h0
||Ladder isn't responding, score probably updated but might not have (Request timeout).
