|j|☆Blacksponge
|j|☆Cubielubie
|t:|1651795388
|gametype|singles
|player|p1|Blacksponge|lucas|1473
|player|p2|Cubielubie|1|1454
|teamsize|p1|6
|teamsize|p2|6
|gen|8
|tier|[Gen 8] OU
|rated|
|rule|Sleep Clause Mod: Limit one foe put to sleep
|rule|Species Clause: Limit one of each Pokémon
|rule|OHKO Clause: OHKO moves are banned
|rule|Evasion Moves Clause: Evasion moves are banned
|rule|Endless Battle Clause: Forcing endless battles is banned
|rule|HP Percentage Mod: HP is shown in percentages
|rule|Dynamax Clause: You cannot dynamax
|clearpoke
|poke|p1|Grimmsnarl, M|
|poke|p1|Victini|
|poke|p1|Tapu Koko|
|poke|p1|Dragapult, F|
|poke|p1|Hawlucha, M|
|poke|p1|Nidoking, M|
|poke|p2|Machamp, M|
|poke|p2|Corviknight, M|
|poke|p2|Umbreon, M|
|poke|p2|Rhyperior, M|
|poke|p2|Clefable, F|
|poke|p2|Slowking-Galar, M|
|teampreview
|inactive|Battle timer is ON: inactive players will automatically lose when time's up. (requested by Blacksponge)
|
|t:|1651795408
|start
|switch|p1a: Nidoking|Nidoking, M|100/100
|switch|p2a: Rhyperior|Rhyperior, M|100/100
|turn|1
|
|t:|1651795410
|move|p1a: Nidoking|Earth Power|p2a: Rhyperior
|-supereffective|p2a: Rhyperior
|-damage|p2a: Rhyperior|16/100
|move|p2a: Rhyperior|Earthquake|p1a: Nidoking
|-supereffective|p1a: Nidoking
|-damage|p1a: Nidoking|0 fnt
|faint|p1a: Nidoking
|
|upkeep
|j| Kaikufuuuuuu
|
|t:|1651795417
|switch|p1a: Tapu Koko|Tapu Koko|100/100
|-fieldstart|move: Electric Terrain|[from] ability: Electric Surge|[of] p1a: Tapu Koko
|turn|2
|
|t:|1651795421
|switch|p2a: Slowking|Slowking-Galar, M, shiny|100/100
|move|p1a: Tapu Koko|Grass Knot|p2a: Slowking
|-resisted|p2a: Slowking
|-damage|p2a: Slowking|95/100
|
|upkeep
|turn|3
|
|t:|1651795426
|switch|p1a: Grimmsnarl|Grimmsnarl, M|100/100
|move|p2a: Slowking|Sludge Bomb|p1a: Grimmsnarl
|-supereffective|p1a: Grimmsnarl
|-damage|p1a: Grimmsnarl|12/100
|
|upkeep
|turn|4
|
|t:|1651795436
|switch|p2a: Corviknight|Corviknight, M, shiny|100/100
|-ability|p2a: Corviknight|Pressure
|move|p1a: Grimmsnarl|Light Screen|p1a: Grimmsnarl
|-sidestart|p1: Blacksponge|move: Light Screen
|
|upkeep
|turn|5
|
|t:|1651795446
|move|p1a: Grimmsnarl|Thunder Wave|p2a: Corviknight
|-status|p2a: Corviknight|par
|move|p2a: Corviknight|Defog|p1a: Grimmsnarl
|-unboost|p1a: Grimmsnarl|evasion|1
|-sideend|p1: Blacksponge|move: Light Screen
|-fieldend|move: Electric Terrain
|
|upkeep
|turn|6
|
|t:|1651795450
|move|p1a: Grimmsnarl|Light Screen|p1a: Grimmsnarl
|-sidestart|p1: Blacksponge|move: Light Screen
|move|p2a: Corviknight|Brave Bird|p1a: Grimmsnarl
|-damage|p1a: Grimmsnarl|0 fnt
|faint|p1a: Grimmsnarl
|-damage|p2a: Corviknight|97/100 par|[from] Recoil
|
|upkeep
|
|t:|1651795453
|switch|p1a: Victini|Victini|100/100
|turn|7
|
|t:|1651795456
|switch|p2a: Rhyperior|Rhyperior, M|16/100
|move|p1a: Victini|V-create|p2a: Rhyperior
|-resisted|p2a: Rhyperior
|-damage|p2a: Rhyperior|0 fnt
|-unboost|p1a: Victini|spe|1
|-unboost|p1a: Victini|def|1
|-unboost|p1a: Victini|spd|1
|faint|p2a: Rhyperior
|-damage|p1a: Victini|91/100|[from] item: Life Orb
|
|upkeep
|
|t:|1651795461
|switch|p2a: Umbreon|Umbreon, M, shiny|100/100
|turn|8
|
|t:|1651795465
|switch|p1a: Tapu Koko|Tapu Koko|100/100
|-fieldstart|move: Electric Terrain|[from] ability: Electric Surge|[of] p1a: Tapu Koko
|move|p2a: Umbreon|Wish|p2a: Umbreon
|
|upkeep
|turn|9
|
|t:|1651795470
|switch|p1a: Victini|Victini|91/100
|switch|p2a: Slowking|Slowking-Galar, M, shiny|100/100
|
|upkeep
|turn|10
|
|t:|1651795479
|switch|p2a: Umbreon|Umbreon, M, shiny|100/100
|move|p1a: Victini|V-create|p2a: Umbreon
|-damage|p2a: Umbreon|31/100
|-unboost|p1a: Victini|spe|1
|-unboost|p1a: Victini|def|1
|-unboost|p1a: Victini|spd|1
|-damage|p1a: Victini|81/100|[from] item: Life Orb
|
|-heal|p2a: Umbreon|37/100|[from] item: Leftovers
|upkeep
|turn|11
|
|t:|1651795486
|move|p2a: Umbreon|Wish|p2a: Umbreon
|move|p1a: Victini|V-create|p2a: Umbreon
|-damage|p2a: Umbreon|0 fnt
|-unboost|p1a: Victini|spe|1
|-unboost|p1a: Victini|def|1
|-unboost|p1a: Victini|spd|1
|faint|p2a: Umbreon
|-damage|p1a: Victini|71/100|[from] item: Life Orb
|
|upkeep
|
|t:|1651795492
|switch|p2a: Machamp|Machamp, M|100/100
|turn|12
|
|t:|1651795495
|switch|p1a: Tapu Koko|Tapu Koko|100/100
|move|p2a: Machamp|Knock Off|p1a: Tapu Koko
|-resisted|p1a: Tapu Koko
|-damage|p1a: Tapu Koko|82/100
|-enditem|p1a: Tapu Koko|Terrain Extender|[from] move: Knock Off|[of] p2a: Machamp
|
|upkeep
|turn|13
|
|t:|1651795499
|switch|p2a: Slowking|Slowking-Galar, M, shiny|100/100
|move|p1a: Tapu Koko|Dazzling Gleam|p2a: Slowking
|-resisted|p2a: Slowking
|-damage|p2a: Slowking|93/100
|
|-sideend|p1: Blacksponge|move: Light Screen
|upkeep
|turn|14
|
|t:|1651795504
|switch|p1a: Victini|Victini|71/100
|move|p2a: Slowking|Sludge Bomb|p1a: Victini
|-damage|p1a: Victini|28/100
|
|upkeep
|turn|15
|
|t:|1651795513
|switch|p2a: Corviknight|Corviknight, M, shiny|97/100 par
|-ability|p2a: Corviknight|Pressure
|move|p1a: Victini|V-create|p2a: Corviknight
|-supereffective|p2a: Corviknight
|-damage|p2a: Corviknight|0 fnt
|-unboost|p1a: Victini|spe|1
|-unboost|p1a: Victini|def|1
|-unboost|p1a: Victini|spd|1
|-damage|p1a: Victini|12/100|[from] item: Rocky Helmet|[of] p2a: Corviknight
|faint|p2a: Corviknight
|-damage|p1a: Victini|2/100|[from] item: Life Orb
|
|-fieldend|move: Electric Terrain
|upkeep
|l| Kaikufuuuuuu
|
|t:|1651795518
|switch|p2a: Machamp|Machamp, M|100/100
|turn|16
|
|t:|1651795532
|switch|p1a: Tapu Koko|Tapu Koko|82/100
|-fieldstart|move: Electric Terrain|[from] ability: Electric Surge|[of] p1a: Tapu Koko
|move|p2a: Machamp|Knock Off|p1a: Tapu Koko
|-resisted|p1a: Tapu Koko
|-damage|p1a: Tapu Koko|70/100
|
|upkeep
|turn|17
|
|t:|1651795538
|switch|p1a: Victini|Victini|2/100
|switch|p2a: Slowking|Slowking-Galar, M, shiny|100/100
|
|upkeep
|turn|18
|
|t:|1651795546
|switch|p2a: Machamp|Machamp, M|100/100
|move|p1a: Victini|V-create|p2a: Machamp
|-damage|p2a: Machamp|0 fnt
|-unboost|p1a: Victini|spe|1
|-unboost|p1a: Victini|def|1
|-unboost|p1a: Victini|spd|1
|faint|p2a: Machamp
|-damage|p1a: Victini|0 fnt|[from] item: Life Orb
|faint|p1a: Victini
|
|upkeep
|
|t:|1651795551
|switch|p1a: Hawlucha|Hawlucha, M|100/100
|switch|p2a: Clefable|Clefable, F|100/100
|-enditem|p1a: Hawlucha|Electric Seed
|-boost|p1a: Hawlucha|def|1|[from] item: Electric Seed
|turn|19
|
|t:|1651795554
|move|p1a: Hawlucha|Swords Dance|p1a: Hawlucha
|-boost|p1a: Hawlucha|atk|2
|move|p2a: Clefable|Moonblast|p1a: Hawlucha
|-supereffective|p1a: Hawlucha
|-damage|p1a: Hawlucha|14/100
|
|upkeep
|turn|20
|
|t:|1651795559
|move|p1a: Hawlucha|Acrobatics|p2a: Clefable
|-damage|p2a: Clefable|60/100
|-damage|p1a: Hawlucha|0 fnt|[from] item: Rocky Helmet|[of] p2a: Clefable
|faint|p1a: Hawlucha
|move|p2a: Clefable|Moonblast|p1: Hawlucha|[notarget]
|-fail|p2a: Clefable
|
|-fieldend|move: Electric Terrain
|upkeep
|
|t:|1651795574
|switch|p1a: Tapu Koko|Tapu Koko|70/100
|-fieldstart|move: Electric Terrain|[from] ability: Electric Surge|[of] p1a: Tapu Koko
|turn|21
|
|t:|1651795579
|switch|p1a: Dragapult|Dragapult, F|100/100
|switch|p2a: Slowking|Slowking-Galar, M, shiny|100/100
|
|upkeep
|turn|22
|
|t:|1651795588
|move|p1a: Dragapult|Dragon Dance|p1a: Dragapult
|-boost|p1a: Dragapult|atk|1
|-boost|p1a: Dragapult|spe|1
|move|p2a: Slowking|Sludge Bomb|p1a: Dragapult
|-resisted|p1a: Dragapult
|-damage|p1a: Dragapult|73/100
|-status|p1a: Dragapult|psn
|
|-damage|p1a: Dragapult|61/100 psn|[from] psn
|upkeep
|turn|23
|
|t:|1651795598
|move|p1a: Dragapult|Phantom Force||[still]
|-prepare|p1a: Dragapult|Phantom Force
|-enditem|p1a: Dragapult|Power Herb
|-anim|p1a: Dragapult|Phantom Force|p2a: Slowking
|-supereffective|p2a: Slowking
|-damage|p2a: Slowking|0 fnt
|faint|p2a: Slowking
|
|-damage|p1a: Dragapult|48/100 psn|[from] psn
|upkeep
|
|t:|1651795601
|switch|p2a: Clefable|Clefable, F|60/100
|turn|24
|
|t:|1651795603
|move|p1a: Dragapult|Will-O-Wisp|p2a: Clefable
|-status|p2a: Clefable|brn
|move|p2a: Clefable|Soft-Boiled|p2a: Clefable
|-heal|p2a: Clefable|100/100 brn
|
|-damage|p1a: Dragapult|36/100 psn|[from] psn
|-damage|p2a: Clefable|94/100 brn|[from] brn
|upkeep
|turn|25
|
|t:|1651795611
|move|p1a: Dragapult|Phantom Force||[still]
|-prepare|p1a: Dragapult|Phantom Force
|move|p2a: Clefable|Calm Mind|p2a: Clefable
|-boost|p2a: Clefable|spa|1
|-boost|p2a: Clefable|spd|1
|
|-damage|p1a: Dragapult|24/100 psn|[from] psn
|-damage|p2a: Clefable|88/100 brn|[from] brn
|-fieldend|move: Electric Terrain
|upkeep
|turn|26
|
|t:|1651795614
|move|p1a: Dragapult|Phantom Force|p2a: Clefable|[from]lockedmove
|-damage|p2a: Clefable|47/100 brn
|-damage|p1a: Dragapult|7/100 psn|[from] item: Rocky Helmet|[of] p2a: Clefable
|move|p2a: Clefable|Soft-Boiled|p2a: Clefable
|-heal|p2a: Clefable|97/100 brn
|
|-damage|p1a: Dragapult|0 fnt|[from] psn
|faint|p1a: Dragapult
|-damage|p2a: Clefable|91/100 brn|[from] brn
|upkeep
|
|t:|1651795616
|switch|p1a: Tapu Koko|Tapu Koko|70/100
|-fieldstart|move: Electric Terrain|[from] ability: Electric Surge|[of] p1a: Tapu Koko
|turn|27
|
|t:|1651795618
|move|p1a: Tapu Koko|Thunderbolt|p2a: Clefable
|-damage|p2a: Clefable|59/100 brn
|move|p2a: Clefable|Moonblast|p1a: Tapu Koko
|-damage|p1a: Tapu Koko|2/100
|-unboost|p1a: Tapu Koko|spa|1
|
|-damage|p2a: Clefable|53/100 brn|[from] brn
|upkeep
|turn|28
|
|t:|1651795621
|move|p1a: Tapu Koko|Thunderbolt|p2a: Clefable
|-damage|p2a: Clefable|22/100 brn
|move|p2a: Clefable|Moonblast|p1a: Tapu Koko
|-damage|p1a: Tapu Koko|0 fnt
|faint|p1a: Tapu Koko
|
|win|Cubielubie
|raw|Blacksponge's rating: 1473 &rarr; <strong>1451</strong><br />(-22 for losing)
|raw|Cubielubie's rating: 1432 &rarr; <strong>1454</strong><br />(+22 for winning)
|c|☆Blacksponge|gg
|l|☆Blacksponge
||Ladder isn't responding, score probably updated but might not have (Request timeout).
