|j|☆IronFlashGaming
|j|☆Sombra Diurna
|t:|1651205157
|gametype|singles
|player|p1|IronFlashGaming|ltsurge|1683
|player|p2|Sombra Diurna|chili|1716
|teamsize|p1|6
|teamsize|p2|6
|gen|8
|tier|[Gen 8] OU
|rated|
|rule|Sleep Clause Mod: Limit one foe put to sleep
|rule|Species Clause: Limit one of each Pokémon
|rule|OHKO Clause: OHKO moves are banned
|rule|Evasion Moves Clause: Evasion moves are banned
|rule|Endless Battle Clause: Forcing endless battles is banned
|rule|HP Percentage Mod: HP is shown in percentages
|rule|Dynamax Clause: You cannot dynamax
|clearpoke
|poke|p1|Tyranitar, F|
|poke|p1|Tyrantrum, F|
|poke|p1|Dracozolt|
|poke|p1|Bagon, M|
|poke|p1|Tyrunt, F|
|poke|p1|Garchomp, M|
|poke|p2|Slowbro, M|
|poke|p2|Hatterene, F|
|poke|p2|Marowak-Alola, M|
|poke|p2|Ferrothorn, M|
|poke|p2|Garchomp, F|
|poke|p2|Drampa, F|
|teampreview
|
|t:|1651205181
|start
|switch|p1a: Tyrunt|Tyrunt, F|100/100
|switch|p2a: Thorns|Ferrothorn, M|100/100
|turn|1
|
|t:|1651205190
|move|p1a: Tyrunt|Stealth Rock|p2a: Thorns
|-sidestart|p2: Sombra Diurna|move: Stealth Rock
|move|p2a: Thorns|Stealth Rock|p1a: Tyrunt
|-sidestart|p1: IronFlashGaming|move: Stealth Rock
|
|upkeep
|turn|2
|
|t:|1651205198
|move|p1a: Tyrunt|Dragon Dance|p1a: Tyrunt
|-boost|p1a: Tyrunt|atk|1
|-boost|p1a: Tyrunt|spe|1
|move|p2a: Thorns|Leech Seed|p1a: Tyrunt
|-start|p1a: Tyrunt|move: Leech Seed
|
|-damage|p1a: Tyrunt|88/100|[from] Leech Seed|[of] p2a: Thorns
|upkeep
|turn|3
|
|t:|1651205205
|switch|p2a: Sonso|Slowbro, M|100/100
|-damage|p2a: Sonso|88/100|[from] Stealth Rock
|move|p1a: Tyrunt|Stone Edge|p2a: Sonso|[miss]
|-miss|p1a: Tyrunt|p2a: Sonso
|
|-damage|p1a: Tyrunt|76/100|[from] Leech Seed|[of] p2a: Sonso
|-heal|p2a: Sonso|96/100|[silent]
|upkeep
|turn|4
|j| JJ09LIE
|j| gkugkukl
|
|t:|1651205217
|move|p1a: Tyrunt|Stone Edge|p2a: Sonso|[miss]
|-miss|p1a: Tyrunt|p2a: Sonso
|move|p2a: Sonso|Scald|p1a: Tyrunt
|-damage|p1a: Tyrunt|28/100
|
|-damage|p1a: Tyrunt|15/100|[from] Leech Seed|[of] p2a: Sonso
|-heal|p2a: Sonso|100/100|[silent]
|upkeep
|turn|5
|j| aquavanilla
|l| aquavanilla
|
|t:|1651205225
|move|p1a: Tyrunt|Stone Edge|p2a: Sonso|[miss]
|-miss|p1a: Tyrunt|p2a: Sonso
|move|p2a: Sonso|Trick Room|p2a: Sonso
|-fieldstart|move: Trick Room|[of] p2a: Sonso
|
|-damage|p1a: Tyrunt|3/100|[from] Leech Seed|[of] p2a: Sonso
|upkeep
|turn|6
|inactive|Battle timer is ON: inactive players will automatically lose when time's up. (requested by IronFlashGaming)
|c| JJ09LIE|…
|
|t:|1651205235
|switch|p2a: Thorns|Ferrothorn, M|100/100
|-damage|p2a: Thorns|94/100|[from] Stealth Rock
|move|p1a: Tyrunt|Dragon Claw|p2a: Thorns
|-resisted|p2a: Thorns
|-damage|p2a: Thorns|75/100
|-damage|p1a: Tyrunt|0 fnt|[from] ability: Iron Barbs|[of] p2a: Thorns
|faint|p1a: Tyrunt
|
|-heal|p2a: Thorns|82/100|[from] item: Leftovers
|upkeep
|
|t:|1651205247
|switch|p1a: Tyranitar|Tyranitar, F|100/100
|-damage|p1a: Tyranitar|88/100|[from] Stealth Rock
|-weather|Sandstorm|[from] ability: Sand Stream|[of] p1a: Tyranitar
|turn|7
|
|t:|1651205252
|move|p2a: Thorns|Gyro Ball|p1a: Tyranitar
|-supereffective|p1a: Tyranitar
|-damage|p1a: Tyranitar|39/100
|move|p1a: Tyranitar|Fire Punch|p2a: Thorns
|-supereffective|p2a: Thorns
|-damage|p2a: Thorns|0 fnt
|-damage|p1a: Tyranitar|27/100|[from] ability: Iron Barbs|[of] p2a: Thorns
|faint|p2a: Thorns
|
|-weather|Sandstorm|[upkeep]
|upkeep
|
|t:|1651205268
|switch|p2a: Falko|Drampa, F|100/100
|-damage|p2a: Falko|88/100|[from] Stealth Rock
|turn|8
|
|t:|1651205274
|switch|p1a: Bagon|Bagon, M|100/100
|-damage|p1a: Bagon|88/100|[from] Stealth Rock
|move|p2a: Falko|Ice Beam|p1a: Bagon
|-supereffective|p1a: Bagon
|-damage|p1a: Bagon|4/100
|
|-weather|Sandstorm|[upkeep]
|-damage|p2a: Falko|82/100|[from] Sandstorm
|-damage|p1a: Bagon|0 fnt|[from] Sandstorm
|faint|p1a: Bagon
|upkeep
|
|t:|1651205288
|switch|p1a: Tyrantrum|Tyrantrum, F|100/100
|-damage|p1a: Tyrantrum|88/100|[from] Stealth Rock
|turn|9
|
|t:|1651205296
|move|p2a: Falko|Ice Beam|p1a: Tyrantrum
|-supereffective|p1a: Tyrantrum
|-damage|p1a: Tyrantrum|2/100
|move|p1a: Tyrantrum|Head Smash|p2a: Falko
|-damage|p2a: Falko|0 fnt
|faint|p2a: Falko
|
|-weather|Sandstorm|[upkeep]
|-fieldend|move: Trick Room
|upkeep
|
|t:|1651205312
|switch|p2a: Sharpo|Garchomp, F|100/100
|-damage|p2a: Sharpo|94/100|[from] Stealth Rock
|turn|10
|
|t:|1651205324
|move|p2a: Sharpo|Swords Dance|p2a: Sharpo
|-boost|p2a: Sharpo|atk|2
|move|p1a: Tyrantrum|Head Smash|p2a: Sharpo
|-resisted|p2a: Sharpo
|-damage|p2a: Sharpo|36/100
|-damage|p1a: Tyrantrum|0 fnt|[from] ability: Rough Skin|[of] p2a: Sharpo
|faint|p1a: Tyrantrum
|
|-weather|Sandstorm|[upkeep]
|-heal|p2a: Sharpo|42/100|[from] item: Leftovers
|upkeep
|
|t:|1651205330
|switch|p1a: Dracozolt|Dracozolt|100/100
|-damage|p1a: Dracozolt|88/100|[from] Stealth Rock
|turn|11
|j| xiao123
|inactive|IronFlashGaming has 120 seconds left.
|j| portmonteau
|
|t:|1651205375
|switch|p2a: Hatterene|Hatterene, F|100/100
|-damage|p2a: Hatterene|88/100|[from] Stealth Rock
|move|p1a: Dracozolt|Draco Meteor|p2a: Hatterene
|-immune|p2a: Hatterene
|
|-weather|none
|upkeep
|turn|12
|
|t:|1651205385
|move|p1a: Dracozolt|Bolt Beak|p2a: Hatterene
|-damage|p2a: Hatterene|0 fnt
|faint|p2a: Hatterene
|-damage|p1a: Dracozolt|78/100|[from] item: Life Orb
|
|upkeep
|j| wuyan666
|
|t:|1651205390
|switch|p2a: Sharpo|Garchomp, F|42/100
|-damage|p2a: Sharpo|36/100|[from] Stealth Rock
|turn|13
|j| SunVeil
|j| LightXVI
|
|t:|1651205397
|switch|p1a: Tyranitar|Tyranitar, F|27/100
|-damage|p1a: Tyranitar|14/100|[from] Stealth Rock
|-weather|Sandstorm|[from] ability: Sand Stream|[of] p1a: Tyranitar
|move|p2a: Sharpo|Scale Shot|p1a: Tyranitar
|-damage|p1a: Tyranitar|3/100
|-damage|p1a: Tyranitar|0 fnt
|faint|p1a: Tyranitar
|-hitcount|p1: Tyranitar|2
|-unboost|p2a: Sharpo|def|1
|-boost|p2a: Sharpo|spe|1
|
|-weather|Sandstorm|[upkeep]
|-heal|p2a: Sharpo|42/100|[from] item: Leftovers
|upkeep
|inactive|IronFlashGaming has 120 seconds left.
|
|t:|1651205429
|switch|p1a: Garchomp|Garchomp, M|100/100
|-damage|p1a: Garchomp|94/100|[from] Stealth Rock
|turn|14
|
|t:|1651205434
|move|p2a: Sharpo|Earthquake|p1a: Garchomp
|-damage|p1a: Garchomp|39/100
|move|p1a: Garchomp|Earthquake|p2a: Sharpo
|-damage|p2a: Sharpo|0 fnt
|faint|p2a: Sharpo
|
|-weather|Sandstorm|[upkeep]
|upkeep
|
|t:|1651205441
|switch|p2a: Sonso|Slowbro, M|100/100
|-damage|p2a: Sonso|88/100|[from] Stealth Rock
|turn|15
|l| LightXVI
|
|t:|1651205448
|move|p1a: Garchomp|Earthquake|p2a: Sonso
|-damage|p2a: Sonso|53/100
|move|p2a: Sonso|Trick Room|p2a: Sonso
|-fieldstart|move: Trick Room|[of] p2a: Sonso
|
|-weather|Sandstorm|[upkeep]
|-damage|p2a: Sonso|47/100|[from] Sandstorm
|upkeep
|turn|16
|
|t:|1651205455
|move|p2a: Sonso|Scald|p1a: Garchomp
|-damage|p1a: Garchomp|9/100
|-status|p1a: Garchomp|brn
|move|p1a: Garchomp|Earthquake|p2a: Sonso
|-damage|p2a: Sonso|29/100
|
|-weather|Sandstorm|[upkeep]
|-damage|p2a: Sonso|23/100|[from] Sandstorm
|-damage|p1a: Garchomp|3/100 brn|[from] brn
|upkeep
|turn|17
|
|t:|1651205476
|switch|p1a: Dracozolt|Dracozolt|78/100
|-damage|p1a: Dracozolt|66/100|[from] Stealth Rock
|move|p2a: Sonso|Scald|p1a: Dracozolt
|-resisted|p1a: Dracozolt
|-damage|p1a: Dracozolt|42/100
|
|-weather|none
|upkeep
|turn|18
|
|t:|1651205485
|move|p2a: Sonso|Body Press|p1a: Dracozolt
|-damage|p1a: Dracozolt|11/100
|move|p1a: Dracozolt|Bolt Beak|p2a: Sonso
|-supereffective|p2a: Sonso
|-damage|p2a: Sonso|0 fnt
|faint|p2a: Sonso
|-damage|p1a: Dracozolt|1/100|[from] item: Life Orb
|
|upkeep
|
|t:|1651205493
|switch|p2a: Billy B.|Marowak-Alola, M|100/100
|-damage|p2a: Billy B.|76/100|[from] Stealth Rock
|turn|19
|c|☆IronFlashGaming|mans really scakd burned chomper
|
|t:|1651205511
|move|p2a: Billy B.|Flare Blitz|p1a: Dracozolt
|-resisted|p1a: Dracozolt
|-damage|p1a: Dracozolt|0 fnt
|faint|p1a: Dracozolt
|
|-fieldend|move: Trick Room
|upkeep
|
|t:|1651205513
|switch|p1a: Garchomp|Garchomp, M|3/100 brn
|-damage|p1a: Garchomp|0 fnt|[from] Stealth Rock
|faint|p1a: Garchomp
|
|win|Sombra Diurna
|raw|IronFlashGaming's rating: 1683 &rarr; <strong>1665</strong><br />(-18 for losing)
|raw|Sombra Diurna's rating: 1716 &rarr; <strong>1734</strong><br />(+18 for winning)
|l| gkugkukl
|l| JJ09LIE
|c|☆Sombra Diurna|sorry
