|html|<div class="broadcast-blue"><strong>[Gen 8] OU is currently suspecting Melmetal! For information on how to participate check out the <a href="https://www.smogon.com/forums/threads/np-ss-ou-suspect-process-round-12-monster-mash.3709234/">suspect thread</a>.</strong></div>
|j|☆grasssoul
|j|☆VarcoDy
|t:|1666858810
|gametype|singles
|player|p1|grasssoul|265|1160
|player|p2|VarcoDy|cynthia|1129
|teamsize|p1|6
|teamsize|p2|6
|gen|8
|tier|[Gen 8] OU
|rated|
|rule|Sleep Clause Mod: Limit one foe put to sleep
|rule|Species Clause: Limit one of each Pokémon
|rule|OHKO Clause: OHKO moves are banned
|rule|Evasion Items Clause: Evasion items are banned
|rule|Evasion Moves Clause: Evasion moves are banned
|rule|Endless Battle Clause: Forcing endless battles is banned
|rule|HP Percentage Mod: HP is shown in percentages
|rule|Dynamax Clause: You cannot dynamax
|clearpoke
|poke|p1|Landorus-Therian, M|
|poke|p1|Heatran, F|
|poke|p1|Dragapult, M|
|poke|p1|Tangrowth, M|
|poke|p1|Slowking-Galar, F|
|poke|p1|Tapu Lele|
|poke|p2|Aegislash, F|
|poke|p2|Buzzwole|
|poke|p2|Tornadus-Therian, M|
|poke|p2|Rhyperior, F|
|poke|p2|Heatran, M|
|poke|p2|Guzzlord|
|teampreview
|
|t:|1666858831
|start
|switch|p1a: Landorus|Landorus-Therian, M|100/100
|switch|p2a: Heatran|Heatran, M|100/100
|-ability|p1a: Landorus|Intimidate|boost
|-unboost|p2a: Heatran|atk|1
|-item|p2a: Heatran|Air Balloon
|turn|1
|
|t:|1666858850
|move|p1a: Landorus|U-turn|p2a: Heatran
|-resisted|p2a: Heatran
|-damage|p2a: Heatran|94/100
|-enditem|p2a: Heatran|Air Balloon
|
|t:|1666858855
|switch|p1a: Heatran|Heatran, F|100/100|[from]move: U-turn
|move|p2a: Heatran|Earth Power|p1a: Heatran
|-supereffective|p1a: Heatran
|-damage|p1a: Heatran|7/100
|
|-heal|p1a: Heatran|13/100|[from] item: Leftovers
|upkeep
|turn|2
|
|t:|1666858865
|switch|p2a: Tornadus|Tornadus-Therian, M|100/100
|switch|p1a: Landorus|Landorus-Therian, M|100/100
|-ability|p1a: Landorus|Intimidate|boost
|-unboost|p2a: Tornadus|atk|1
|
|upkeep
|turn|3
|
|t:|1666858868
|move|p2a: Tornadus|Taunt|p1a: Landorus
|-start|p1a: Landorus|move: Taunt
|cant|p1a: Landorus|move: Taunt|Stealth Rock
|
|upkeep
|turn|4
|
|t:|1666858874
|move|p2a: Tornadus|U-turn|p1a: Landorus
|-resisted|p1a: Landorus
|-damage|p1a: Landorus|96/100
|inactive|Battle timer is ON: inactive players will automatically lose when time's up. (requested by grasssoul)
|
|t:|1666858882
|switch|p2a: Aegislash|Aegislash, F|100/100|[from]move: U-turn
|move|p1a: Landorus|U-turn|p2a: Aegislash
|-resisted|p2a: Aegislash
|-damage|p2a: Aegislash|95/100
|
|t:|1666858888
|switch|p1a: Dragapult|Dragapult, M|100/100|[from]move: U-turn
|
|-heal|p2a: Aegislash|100/100|[from] item: Leftovers
|upkeep
|turn|5
|
|t:|1666858890
|move|p1a: Dragapult|Phantom Force||[still]
|-prepare|p1a: Dragapult|Phantom Force
|-formechange|p2a: Aegislash|Aegislash-Blade||[from] ability: Stance Change
|move|p2a: Aegislash|Shadow Ball|p1a: Dragapult|[miss]
|-miss|p2a: Aegislash|p1a: Dragapult
|
|upkeep
|turn|6
|
|t:|1666858904
|switch|p2a: Rhyperior|Rhyperior, F|100/100
|move|p1a: Dragapult|Phantom Force|p2a: Rhyperior|[from]lockedmove
|-damage|p2a: Rhyperior|58/100
|
|upkeep
|turn|7
|
|t:|1666858915
|switch|p1a: Tangrowth|Tangrowth, M|100/100
|move|p2a: Rhyperior|Dragon Tail|p1a: Tangrowth
|-damage|p1a: Tangrowth|89/100
|-damage|p2a: Rhyperior|41/100|[from] item: Rocky Helmet|[of] p1a: Tangrowth
|drag|p1a: Landorus|Landorus-Therian, M|96/100
|-ability|p1a: Landorus|Intimidate|boost
|-unboost|p2a: Rhyperior|atk|1
|
|-heal|p1a: Landorus|100/100|[from] item: Leftovers
|upkeep
|turn|8
|
|t:|1666858932
|switch|p2a: Aegislash|Aegislash, F|100/100
|move|p1a: Landorus|Stealth Rock|p2a: Aegislash
|-sidestart|p2: VarcoDy|move: Stealth Rock
|
|upkeep
|turn|9
|
|t:|1666858942
|move|p1a: Landorus|Earthquake|p2a: Aegislash
|-supereffective|p2a: Aegislash
|-damage|p2a: Aegislash|0 fnt
|faint|p2a: Aegislash
|
|upkeep
|
|t:|1666858955
|switch|p2a: Tornadus|Tornadus-Therian, M|100/100
|turn|10
|
|t:|1666858967
|move|p2a: Tornadus|Defog|p1a: Landorus
|-unboost|p1a: Landorus|evasion|1
|-sideend|p2: VarcoDy|Stealth Rock|[from] move: Defog|[of] p2a: Tornadus
|move|p1a: Landorus|U-turn|p2a: Tornadus
|-resisted|p2a: Tornadus
|-damage|p2a: Tornadus|84/100
|
|t:|1666858988
|switch|p1a: Heatran|Heatran, F|13/100|[from]move: U-turn
|
|-heal|p1a: Heatran|19/100|[from] item: Leftovers
|upkeep
|turn|11
|
|t:|1666858996
|move|p1a: Heatran|Protect|p1a: Heatran
|-singleturn|p1a: Heatran|Protect
|move|p2a: Tornadus|Hurricane|p1a: Heatran
|-activate|p1a: Heatran|move: Protect
|
|-heal|p1a: Heatran|26/100|[from] item: Leftovers
|upkeep
|turn|12
|
|t:|1666859002
|move|p2a: Tornadus|Hurricane|p1a: Heatran
|-resisted|p1a: Heatran
|-damage|p1a: Heatran|13/100
|move|p1a: Heatran|Toxic|p2a: Tornadus
|-status|p2a: Tornadus|tox
|
|-heal|p1a: Heatran|19/100|[from] item: Leftovers
|-damage|p2a: Tornadus|78/100 tox|[from] psn
|upkeep
|turn|13
|
|t:|1666859014
|switch|p2a: Rhyperior|Rhyperior, F|41/100
|move|p1a: Heatran|Protect||[still]
|-fail|p1a: Heatran
|
|-heal|p1a: Heatran|26/100|[from] item: Leftovers
|upkeep
|turn|14
|
|t:|1666859023
|move|p1a: Heatran|Protect|p1a: Heatran
|-singleturn|p1a: Heatran|Protect
|move|p2a: Rhyperior|Rock Wrecker|p1a: Heatran
|-activate|p1a: Heatran|move: Protect
|
|-heal|p1a: Heatran|32/100|[from] item: Leftovers
|upkeep
|turn|15
|
|t:|1666859030
|switch|p1a: Landorus|Landorus-Therian, M|100/100
|-ability|p1a: Landorus|Intimidate|boost
|-unboost|p2a: Rhyperior|atk|1
|move|p2a: Rhyperior|Dragon Tail|p1a: Landorus
|-damage|p1a: Landorus|83/100
|drag|p1a: Slowking|Slowking-Galar, F|100/100
|
|upkeep
|turn|16
|
|t:|1666859038
|switch|p1a: Landorus|Landorus-Therian, M|83/100
|-ability|p1a: Landorus|Intimidate|boost
|-unboost|p2a: Rhyperior|atk|1
|move|p2a: Rhyperior|Rock Wrecker|p1a: Landorus
|-damage|p1a: Landorus|40/100
|-mustrecharge|p2a: Rhyperior
|
|-heal|p1a: Landorus|46/100|[from] item: Leftovers
|upkeep
|turn|17
|
|t:|1666859051
|move|p1a: Landorus|Stealth Rock|p2a: Rhyperior
|-sidestart|p2: VarcoDy|move: Stealth Rock
|cant|p2a: Rhyperior|recharge
|
|-heal|p1a: Landorus|52/100|[from] item: Leftovers
|upkeep
|turn|18
|
|t:|1666859064
|switch|p2a: Tornadus|Tornadus-Therian, M|100/100 tox
|move|p1a: Landorus|Earthquake|p2a: Tornadus
|-immune|p2a: Tornadus
|
|-heal|p1a: Landorus|59/100|[from] item: Leftovers
|-damage|p2a: Tornadus|94/100 tox|[from] psn
|upkeep
|turn|19
|
|t:|1666859068
|move|p2a: Tornadus|Defog|p1a: Landorus
|-unboost|p1a: Landorus|evasion|1
|-sideend|p2: VarcoDy|Stealth Rock|[from] move: Defog|[of] p2a: Tornadus
|move|p1a: Landorus|U-turn|p2a: Tornadus
|-resisted|p2a: Tornadus
|-damage|p2a: Tornadus|79/100 tox
|
|t:|1666859070
|switch|p1a: Heatran|Heatran, F|32/100|[from]move: U-turn
|
|-heal|p1a: Heatran|38/100|[from] item: Leftovers
|-damage|p2a: Tornadus|67/100 tox|[from] psn
|upkeep
|turn|20
|
|t:|1666859077
|switch|p2a: Heatran|Heatran, M|94/100
|switch|p1a: Landorus|Landorus-Therian, M|59/100
|-ability|p1a: Landorus|Intimidate|boost
|-unboost|p2a: Heatran|atk|1
|
|-heal|p1a: Landorus|65/100|[from] item: Leftovers
|upkeep
|turn|21
|
|t:|1666859096
|switch|p2a: Guzzlord|Guzzlord|100/100
|move|p1a: Landorus|Earthquake|p2a: Guzzlord
|-damage|p2a: Guzzlord|57/100
|
|-heal|p1a: Landorus|71/100|[from] item: Leftovers
|upkeep
|turn|22
|
|t:|1666859100
|move|p1a: Landorus|U-turn|p2a: Guzzlord
|-supereffective|p2a: Guzzlord
|-damage|p2a: Guzzlord|14/100
|
|t:|1666859107
|switch|p1a: Tangrowth|Tangrowth, M|100/100|[from]move: U-turn
|move|p2a: Guzzlord|Draco Meteor|p1a: Tangrowth
|-damage|p1a: Tangrowth|40/100
|-unboost|p2a: Guzzlord|spa|2
|
|upkeep
|turn|23
|
|t:|1666859118
|switch|p1a: Slowking|Slowking-Galar, F|100/100
|switch|p2a: Heatran|Heatran, M|94/100
|
|upkeep
|turn|24
|
|t:|1666859134
|switch|p1a: Heatran|Heatran, F|38/100
|move|p2a: Heatran|Eruption|p1a: Heatran
|-start|p1a: Heatran|ability: Flash Fire
|
|-heal|p1a: Heatran|44/100|[from] item: Leftovers
|upkeep
|turn|25
|
|t:|1666859142
|move|p1a: Heatran|Protect|p1a: Heatran
|-singleturn|p1a: Heatran|Protect
|move|p2a: Heatran|Eruption|p1a: Heatran
|-activate|p1a: Heatran|move: Protect
|
|-heal|p1a: Heatran|51/100|[from] item: Leftovers
|upkeep
|turn|26
|inactive|grasssoul has 120 seconds left.
|
|t:|1666859179
|-end|p1a: Heatran|ability: Flash Fire|[silent]
|switch|p1a: Dragapult|Dragapult, M|100/100
|move|p2a: Heatran|Earth Power|p1a: Dragapult
|-damage|p1a: Dragapult|56/100
|
|upkeep
|turn|27
|inactive|grasssoul has 120 seconds left.
|
|t:|1666859186
|switch|p2a: Tornadus|Tornadus-Therian, M|99/100 tox
|move|p1a: Dragapult|Phantom Force||[still]
|-prepare|p1a: Dragapult|Phantom Force
|
|-damage|p2a: Tornadus|94/100 tox|[from] psn
|upkeep
|turn|28
|
|t:|1666859200
|switch|p2a: Buzzwole|Buzzwole|100/100
|move|p1a: Dragapult|Phantom Force|p2a: Buzzwole|[from]lockedmove
|-damage|p2a: Buzzwole|50/100
|
|upkeep
|turn|29
|
|t:|1666859208
|move|p2a: Buzzwole|Earthquake|p1a: Dragapult
|-damage|p1a: Dragapult|8/100
|move|p1a: Dragapult|Phantom Force||[still]
|-prepare|p1a: Dragapult|Phantom Force
|
|upkeep
|turn|30
|
|t:|1666859222
|switch|p2a: Rhyperior|Rhyperior, F|41/100
|move|p1a: Dragapult|Phantom Force|p2a: Rhyperior|[from]lockedmove
|-damage|p2a: Rhyperior|0 fnt
|faint|p2a: Rhyperior
|
|upkeep
|
|t:|1666859227
|switch|p2a: Buzzwole|Buzzwole|50/100
|turn|31
|
|t:|1666859233
|switch|p1a: Landorus|Landorus-Therian, M|71/100
|-ability|p1a: Landorus|Intimidate|boost
|-unboost|p2a: Buzzwole|atk|1
|move|p2a: Buzzwole|Leech Life|p1a: Landorus
|-resisted|p1a: Landorus
|-damage|p1a: Landorus|55/100
|-heal|p2a: Buzzwole|58/100|[from] drain|[of] p1a: Landorus
|
|-heal|p1a: Landorus|61/100|[from] item: Leftovers
|upkeep
|turn|32
|
|t:|1666859244
|switch|p2a: Heatran|Heatran, M|94/100
|move|p1a: Landorus|U-turn|p2a: Heatran
|-resisted|p2a: Heatran
|-damage|p2a: Heatran|89/100
|
|t:|1666859250
|switch|p1a: Tapu Lele|Tapu Lele|100/100|[from]move: U-turn
|-fieldstart|move: Psychic Terrain|[from] ability: Psychic Surge|[of] p1a: Tapu Lele
|
|upkeep
|turn|33
|
|t:|1666859260
|move|p1a: Tapu Lele|Focus Blast|p2a: Heatran|[miss]
|-miss|p1a: Tapu Lele|p2a: Heatran
|move|p2a: Heatran|Steel Beam|p1a: Tapu Lele
|-supereffective|p1a: Tapu Lele
|-damage|p1a: Tapu Lele|0 fnt
|-damage|p2a: Heatran|39/100|[from] mindblown
|faint|p1a: Tapu Lele
|
|upkeep
|
|t:|1666859271
|switch|p1a: Dragapult|Dragapult, M|8/100
|turn|34
|
|t:|1666859283
|switch|p2a: Tornadus|Tornadus-Therian, M|100/100 tox
|move|p1a: Dragapult|Dragon Darts|p2a: Tornadus
|-damage|p2a: Tornadus|56/100 tox
|-anim|p1a: Dragapult|Dragon Darts|p2a: Tornadus
|-damage|p2a: Tornadus|17/100 tox
|
|-damage|p2a: Tornadus|11/100 tox|[from] psn
|upkeep
|turn|35
|
|t:|1666859291
|move|p1a: Dragapult|Dragon Darts|p2a: Tornadus
|-damage|p2a: Tornadus|0 fnt
|faint|p2a: Tornadus
|
|upkeep
|
|t:|1666859299
|switch|p2a: Buzzwole|Buzzwole|58/100
|turn|36
|
|t:|1666859303
|switch|p1a: Landorus|Landorus-Therian, M|61/100
|-ability|p1a: Landorus|Intimidate|boost
|-unboost|p2a: Buzzwole|atk|1
|move|p2a: Buzzwole|Close Combat|p1a: Landorus
|-resisted|p1a: Landorus
|-damage|p1a: Landorus|39/100
|-unboost|p2a: Buzzwole|def|1
|-unboost|p2a: Buzzwole|spd|1
|
|-heal|p1a: Landorus|45/100|[from] item: Leftovers
|-fieldend|move: Psychic Terrain
|upkeep
|turn|37
|
|t:|1666859311
|switch|p2a: Heatran|Heatran, M|39/100
|move|p1a: Landorus|U-turn|p2a: Heatran
|-resisted|p2a: Heatran
|-damage|p2a: Heatran|33/100
|
|t:|1666859314
|switch|p1a: Dragapult|Dragapult, M|8/100|[from]move: U-turn
|
|upkeep
|turn|38
|
|t:|1666859319
|move|p1a: Dragapult|Dragon Darts|p2a: Heatran
|-resisted|p2a: Heatran
|-damage|p2a: Heatran|18/100
|-anim|p1a: Dragapult|Dragon Darts|p2a: Heatran
|-resisted|p2a: Heatran
|-damage|p2a: Heatran|4/100
|move|p2a: Heatran|Toxic|p1a: Dragapult
|-status|p1a: Dragapult|tox
|
|-damage|p1a: Dragapult|2/100 tox|[from] psn
|upkeep
|turn|39
|inactive|grasssoul has 120 seconds left.
|
|t:|1666859350
|switch|p1a: Slowking|Slowking-Galar, F|100/100
|move|p2a: Heatran|Steel Beam|p1a: Slowking
|-damage|p1a: Slowking|67/100
|-damage|p2a: Heatran|0 fnt|[from] mindblown
|faint|p2a: Heatran
|
|upkeep
|
|t:|1666859356
|switch|p2a: Guzzlord|Guzzlord|14/100
|turn|40
|-enditem|p2a: Guzzlord|Custap Berry|[eat]
|-activate|p2a: Guzzlord|item: Custap Berry|[consumed]
|
|t:|1666859363
|move|p2a: Guzzlord|Knock Off|p1a: Slowking
|-supereffective|p1a: Slowking
|-damage|p1a: Slowking|0 fnt
|-enditem|p1a: Slowking|Assault Vest|[from] move: Knock Off|[of] p2a: Guzzlord
|faint|p1a: Slowking
|-ability|p2a: Guzzlord|Beast Boost|boost
|-boost|p2a: Guzzlord|atk|1
|
|upkeep
|
|t:|1666859370
|switch|p1a: Landorus|Landorus-Therian, M|45/100
|-ability|p1a: Landorus|Intimidate|boost
|-unboost|p2a: Guzzlord|atk|1
|turn|41
|
|t:|1666859373
|move|p2a: Guzzlord|Endure|p2a: Guzzlord
|-singleturn|p2a: Guzzlord|move: Endure
|move|p1a: Landorus|U-turn|p2a: Guzzlord
|-supereffective|p2a: Guzzlord
|-activate|p2a: Guzzlord|move: Endure
|-damage|p2a: Guzzlord|1/100
|
|t:|1666859384
|switch|p1a: Heatran|Heatran, F|51/100|[from]move: U-turn
|
|-heal|p1a: Heatran|57/100|[from] item: Leftovers
|upkeep
|turn|42
|
|t:|1666859392
|move|p1a: Heatran|Earth Power|p2a: Guzzlord
|-damage|p2a: Guzzlord|0 fnt
|faint|p2a: Guzzlord
|
|-heal|p1a: Heatran|63/100|[from] item: Leftovers
|upkeep
|
|t:|1666859394
|switch|p2a: Buzzwole|Buzzwole|58/100
|turn|43
|
|t:|1666859401
|move|p1a: Heatran|Protect|p1a: Heatran
|-singleturn|p1a: Heatran|Protect
|move|p2a: Buzzwole|Close Combat|p1a: Heatran
|-activate|p1a: Heatran|move: Protect
|
|-heal|p1a: Heatran|69/100|[from] item: Leftovers
|upkeep
|turn|44
|
|t:|1666859406
|switch|p1a: Tangrowth|Tangrowth, M|73/100
|move|p2a: Buzzwole|Close Combat|p1a: Tangrowth
|-damage|p1a: Tangrowth|37/100
|-unboost|p2a: Buzzwole|def|1
|-unboost|p2a: Buzzwole|spd|1
|-damage|p2a: Buzzwole|42/100|[from] item: Rocky Helmet|[of] p1a: Tangrowth
|
|upkeep
|turn|45
|
|t:|1666859411
|switch|p1a: Landorus|Landorus-Therian, M|45/100
|-ability|p1a: Landorus|Intimidate|boost
|-unboost|p2a: Buzzwole|atk|1
|move|p2a: Buzzwole|Close Combat|p1a: Landorus
|-resisted|p1a: Landorus
|-damage|p1a: Landorus|25/100
|-unboost|p2a: Buzzwole|def|1
|-unboost|p2a: Buzzwole|spd|1
|
|-heal|p1a: Landorus|31/100|[from] item: Leftovers
|upkeep
|turn|46
|
|t:|1666859417
|switch|p1a: Tangrowth|Tangrowth, M|70/100
|move|p2a: Buzzwole|Close Combat|p1a: Tangrowth
|-damage|p1a: Tangrowth|46/100
|-unboost|p2a: Buzzwole|def|1
|-unboost|p2a: Buzzwole|spd|1
|-damage|p2a: Buzzwole|25/100|[from] item: Rocky Helmet|[of] p1a: Tangrowth
|
|upkeep
|turn|47
|
|t:|1666859421
|switch|p1a: Landorus|Landorus-Therian, M|31/100
|-ability|p1a: Landorus|Intimidate|boost
|-unboost|p2a: Buzzwole|atk|1
|move|p2a: Buzzwole|Close Combat|p1a: Landorus
|-resisted|p1a: Landorus
|-damage|p1a: Landorus|15/100
|-unboost|p2a: Buzzwole|def|1
|-unboost|p2a: Buzzwole|spd|1
|
|-heal|p1a: Landorus|21/100|[from] item: Leftovers
|upkeep
|turn|48
|c|☆VarcoDy|ggwp
|
|t:|1666859427
|switch|p1a: Tangrowth|Tangrowth, M|79/100
|move|p2a: Buzzwole|Close Combat|p1a: Tangrowth
|-damage|p1a: Tangrowth|61/100
|-unboost|p2a: Buzzwole|def|1
|-unboost|p2a: Buzzwole|spd|1
|-damage|p2a: Buzzwole|8/100|[from] item: Rocky Helmet|[of] p1a: Tangrowth
|
|upkeep
|turn|49
|
|t:|1666859435
|move|p2a: Buzzwole|Close Combat|p1a: Tangrowth
|-damage|p1a: Tangrowth|45/100
|-unboost|p2a: Buzzwole|def|1
|-unboost|p2a: Buzzwole|spd|1
|-damage|p2a: Buzzwole|0 fnt|[from] item: Rocky Helmet|[of] p1a: Tangrowth
|faint|p2a: Buzzwole
|
|win|grasssoul
|raw|grasssoul's rating: 1160 &rarr; <strong>1183</strong><br />(+23 for winning)
|raw|VarcoDy's rating: 1129 &rarr; <strong>1106</strong><br />(-23 for losing)
|l|☆VarcoDy
