|j|☆30orless
|j|☆Huskothy
|t:|1665003613
|gametype|singles
|player|p1|30orless|266|1620
|player|p2|Huskothy|lucas|1636
|teamsize|p1|6
|teamsize|p2|6
|gen|8
|tier|[Gen 8] OU
|rated|
|rule|Sleep Clause Mod: Limit one foe put to sleep
|rule|Species Clause: Limit one of each Pokémon
|rule|OHKO Clause: OHKO moves are banned
|rule|Evasion Items Clause: Evasion items are banned
|rule|Evasion Moves Clause: Evasion moves are banned
|rule|Endless Battle Clause: Forcing endless battles is banned
|rule|HP Percentage Mod: HP is shown in percentages
|rule|Dynamax Clause: You cannot dynamax
|clearpoke
|poke|p1|Moltres|
|poke|p1|Hydreigon, M|
|poke|p1|Blaziken, M|
|poke|p1|Volcanion|
|poke|p1|Zapdos|
|poke|p1|Mamoswine, M|
|poke|p2|Froslass, F|
|poke|p2|Clefable, M|
|poke|p2|Volcarona, F|
|poke|p2|Hydreigon, F|
|poke|p2|Buzzwole|
|poke|p2|Landorus-Therian, M|
|teampreview
|inactive|Battle timer is ON: inactive players will automatically lose when time's up. (requested by 30orless)
|j| podtastic1
|
|t:|1665003643
|start
|switch|p1a: Moltres|Moltres|100/100
|switch|p2a: Froslass|Froslass, F|100/100
|turn|1
|
|t:|1665003648
|switch|p2a: Clefable|Clefable, M|100/100
|move|p1a: Moltres|Flare Blitz|p2a: Clefable
|-damage|p2a: Clefable|53/100
|-damage|p1a: Moltres|84/100|[from] Recoil
|
|upkeep
|turn|2
|j| Still a thing
|
|t:|1665003655
|move|p1a: Moltres|Flare Blitz|p2a: Clefable
|-damage|p2a: Clefable|0 fnt
|faint|p2a: Clefable
|-damage|p1a: Moltres|67/100|[from] Recoil
|
|upkeep
|
|t:|1665003660
|switch|p2a: Froslass|Froslass, F|100/100
|turn|3
|
|t:|1665003663
|move|p2a: Froslass|Poltergeist|p1a: Moltres
|-activate|p1a: Moltres|move: Poltergeist|Heavy-Duty Boots
|-damage|p1a: Moltres|4/100
|move|p1a: Moltres|Roost|p1a: Moltres
|-heal|p1a: Moltres|54/100
|-singleturn|p1a: Moltres|move: Roost
|
|upkeep
|turn|4
|
|t:|1665003669
|switch|p1a: Hydreigon|Hydreigon, M|100/100
|move|p2a: Froslass|Poltergeist|p1a: Hydreigon
|-activate|p1a: Hydreigon|move: Poltergeist|Choice Scarf
|-resisted|p1a: Hydreigon
|-crit|p1a: Hydreigon
|-damage|p1a: Hydreigon|45/100
|
|upkeep
|turn|5
|
|t:|1665003673
|switch|p2a: Landorus|Landorus-Therian, M|100/100
|-ability|p2a: Landorus|Intimidate|boost
|-unboost|p1a: Hydreigon|atk|1
|move|p1a: Hydreigon|Dark Pulse|p2a: Landorus
|-damage|p2a: Landorus|69/100
|
|-heal|p2a: Landorus|75/100|[from] item: Leftovers
|upkeep
|turn|6
|
|t:|1665003677
|switch|p1a: Moltres|Moltres|54/100
|move|p2a: Landorus|U-turn|p1a: Moltres
|-resisted|p1a: Moltres
|-damage|p1a: Moltres|48/100
|-status|p2a: Landorus|brn|[from] ability: Flame Body|[of] p1a: Moltres
|
|t:|1665003680
|switch|p2a: Froslass|Froslass, F|100/100|[from]move: U-turn
|
|upkeep
|turn|7
|
|t:|1665003696
|switch|p1a: Hydreigon|Hydreigon, M|45/100
|move|p2a: Froslass|Poltergeist|p1a: Hydreigon
|-activate|p1a: Hydreigon|move: Poltergeist|Choice Scarf
|-resisted|p1a: Hydreigon
|-damage|p1a: Hydreigon|12/100
|
|upkeep
|turn|8
|
|t:|1665003702
|switch|p2a: Landorus|Landorus-Therian, M|75/100 brn
|-ability|p2a: Landorus|Intimidate|boost
|-unboost|p1a: Hydreigon|atk|1
|move|p1a: Hydreigon|Dark Pulse|p2a: Landorus
|-damage|p2a: Landorus|43/100 brn
|
|-heal|p2a: Landorus|49/100 brn|[from] item: Leftovers
|-damage|p2a: Landorus|43/100 brn|[from] brn
|upkeep
|turn|9
|
|t:|1665003710
|switch|p1a: Blaziken|Blaziken, M|100/100
|move|p2a: Landorus|U-turn|p1a: Blaziken
|-resisted|p1a: Blaziken
|-damage|p1a: Blaziken|96/100
|
|t:|1665003723
|switch|p2a: Buzzwole|Buzzwole|100/100|[from]move: U-turn
|
|upkeep
|turn|10
|
|t:|1665003727
|move|p1a: Blaziken|Overheat|p2a: Buzzwole
|-supereffective|p2a: Buzzwole
|-damage|p2a: Buzzwole|0 fnt
|-unboost|p1a: Blaziken|spa|2
|faint|p2a: Buzzwole
|-damage|p1a: Blaziken|86/100|[from] item: Life Orb
|
|-ability|p1a: Blaziken|Speed Boost|boost
|-boost|p1a: Blaziken|spe|1
|upkeep
|
|t:|1665003732
|switch|p2a: Hydreigon|Hydreigon, F|100/100
|turn|11
|
|t:|1665003734
|move|p1a: Blaziken|Close Combat|p2a: Hydreigon
|-supereffective|p2a: Hydreigon
|-damage|p2a: Hydreigon|0 fnt
|-unboost|p1a: Blaziken|def|1
|-unboost|p1a: Blaziken|spd|1
|faint|p2a: Hydreigon
|-damage|p1a: Blaziken|76/100|[from] item: Life Orb
|
|-ability|p1a: Blaziken|Speed Boost|boost
|-boost|p1a: Blaziken|spe|1
|upkeep
|
|t:|1665003738
|switch|p2a: Landorus|Landorus-Therian, M|43/100 brn
|-ability|p2a: Landorus|Intimidate|boost
|-unboost|p1a: Blaziken|atk|1
|turn|12
|
|t:|1665003741
|move|p1a: Blaziken|Knock Off|p2a: Landorus
|-damage|p2a: Landorus|18/100 brn
|-enditem|p2a: Landorus|Leftovers|[from] move: Knock Off|[of] p1a: Blaziken
|-damage|p1a: Blaziken|66/100|[from] item: Life Orb
|move|p2a: Landorus|Earthquake|p1a: Blaziken
|-supereffective|p1a: Blaziken
|-damage|p1a: Blaziken|0 fnt
|faint|p1a: Blaziken
|
|-damage|p2a: Landorus|12/100 brn|[from] brn
|upkeep
|l|☆30orless
|inactive|30orless disconnected and has a minute to reconnect!
|player|p1|
|j|☆30orless
|inactive|30orless reconnected and has 140 seconds left.
|player|p1|30orless|266
|
|t:|1665003756
|switch|p1a: Moltres|Moltres|48/100
|turn|13
|
|t:|1665003760
|move|p1a: Moltres|Roost|p1a: Moltres
|-heal|p1a: Moltres|98/100
|-singleturn|p1a: Moltres|move: Roost
|move|p2a: Landorus|U-turn|p1a: Moltres
|-resisted|p1a: Moltres
|-damage|p1a: Moltres|93/100
|
|t:|1665003763
|switch|p2a: Froslass|Froslass, F|100/100|[from]move: U-turn
|
|upkeep
|turn|14
|
|t:|1665003770
|switch|p1a: Hydreigon|Hydreigon, M|12/100
|move|p2a: Froslass|Poltergeist|p1a: Hydreigon
|-activate|p1a: Hydreigon|move: Poltergeist|Choice Scarf
|-resisted|p1a: Hydreigon
|-damage|p1a: Hydreigon|0 fnt
|faint|p1a: Hydreigon
|
|upkeep
|
|t:|1665003781
|switch|p1a: Mamoswine|Mamoswine, M|100/100
|turn|15
|
|t:|1665003783
|move|p2a: Froslass|Poltergeist|p1a: Mamoswine
|-activate|p1a: Mamoswine|move: Poltergeist|Muscle Band
|-damage|p1a: Mamoswine|33/100
|move|p1a: Mamoswine|Stealth Rock|p2a: Froslass
|-sidestart|p2: Huskothy|move: Stealth Rock
|
|upkeep
|turn|16
|
|t:|1665003791
|move|p1a: Mamoswine|Ice Shard|p2a: Froslass
|-resisted|p2a: Froslass
|-damage|p2a: Froslass|80/100
|move|p2a: Froslass|Poltergeist|p1a: Mamoswine
|-activate|p1a: Mamoswine|move: Poltergeist|Muscle Band
|-damage|p1a: Mamoswine|0 fnt
|faint|p1a: Mamoswine
|
|upkeep
|
|t:|1665003800
|switch|p1a: Zapdos|Zapdos|100/100
|turn|17
|
|t:|1665003803
|switch|p2a: Landorus|Landorus-Therian, M|12/100 brn
|-damage|p2a: Landorus|0 fnt|[from] Stealth Rock
|faint|p2a: Landorus
|move|p1a: Zapdos|Roost||[still]
|-fail|p1a: Zapdos|heal
|
|upkeep
|
|t:|1665003807
|switch|p2a: Froslass|Froslass, F|80/100
|-damage|p2a: Froslass|55/100|[from] Stealth Rock
|turn|18
|
|t:|1665003813
|switch|p1a: Volcanion|Volcanion|100/100
|move|p2a: Froslass|Switcheroo|p1a: Volcanion
|-activate|p2a: Froslass|move: Trick|[of] p1a: Volcanion
|-item|p1a: Volcanion|Choice Band|[from] move: Switcheroo
|-item|p2a: Froslass|Heavy-Duty Boots|[from] move: Switcheroo
|
|upkeep
|turn|19
|
|t:|1665003818
|move|p2a: Froslass|Poltergeist|p1a: Volcanion
|-activate|p1a: Volcanion|move: Poltergeist|Choice Band
|-damage|p1a: Volcanion|65/100
|move|p1a: Volcanion|Steam Eruption|p2a: Froslass|[miss]
|-miss|p1a: Volcanion|p2a: Froslass
|
|upkeep
|turn|20
|
|t:|1665003822
|move|p2a: Froslass|Poltergeist|p1a: Volcanion|[miss]
|-miss|p2a: Froslass|p1a: Volcanion
|move|p1a: Volcanion|Steam Eruption|p2a: Froslass
|-damage|p2a: Froslass|0 fnt
|faint|p2a: Froslass
|
|upkeep
|
|t:|1665003824
|switch|p2a: Volcarona|Volcarona, F|100/100
|turn|21
|
|t:|1665003826
|move|p2a: Volcarona|Substitute|p2a: Volcarona
|-start|p2a: Volcarona|Substitute
|-damage|p2a: Volcarona|76/100
|move|p1a: Volcanion|Steam Eruption|p2a: Volcarona
|-supereffective|p2a: Volcarona
|-end|p2a: Volcarona|Substitute
|
|upkeep
|turn|22
|
|t:|1665003828
|move|p2a: Volcarona|Substitute|p2a: Volcarona
|-start|p2a: Volcarona|Substitute
|-damage|p2a: Volcarona|51/100
|move|p1a: Volcanion|Steam Eruption|p2a: Volcarona
|-supereffective|p2a: Volcarona
|-end|p2a: Volcarona|Substitute
|
|upkeep
|turn|23
|
|t:|1665003830
|move|p2a: Volcarona|Substitute|p2a: Volcarona
|-start|p2a: Volcarona|Substitute
|-damage|p2a: Volcarona|26/100
|move|p1a: Volcanion|Steam Eruption|p2a: Volcarona
|-supereffective|p2a: Volcarona
|-end|p2a: Volcarona|Substitute
|
|upkeep
|turn|24
|
|t:|1665003832
|move|p2a: Volcarona|Substitute|p2a: Volcarona
|-start|p2a: Volcarona|Substitute
|-damage|p2a: Volcarona|1/100
|move|p1a: Volcanion|Steam Eruption|p2a: Volcarona
|-supereffective|p2a: Volcarona
|-end|p2a: Volcarona|Substitute
|
|upkeep
|turn|25
|l| Still a thing
|
|t:|1665003844
|move|p2a: Volcarona|Quiver Dance|p2a: Volcarona
|-boost|p2a: Volcarona|spa|1
|-boost|p2a: Volcarona|spd|1
|-boost|p2a: Volcarona|spe|1
|move|p1a: Volcanion|Steam Eruption|p2a: Volcarona
|-supereffective|p2a: Volcarona
|-damage|p2a: Volcarona|0 fnt
|faint|p2a: Volcarona
|
|win|30orless
|raw|30orless's rating: 1620 &rarr; <strong>1641</strong><br />(+21 for winning)
|raw|Huskothy's rating: 1636 &rarr; <strong>1615</strong><br />(-21 for losing)
|l|☆Huskothy
