|j|☆Exzlu
|j|☆i'm back from mars
|inactive|Battle timer is ON: inactive players will automatically lose when time's up.
|t:|1634846815
|gametype|singles
|player|p1|Exzlu|pokemonranger-gen4|
|player|p2|i'm back from mars|dawn|
|teamsize|p1|6
|teamsize|p2|6
|gen|8
|tier|[Gen 8] OU
|rated|Tournament battle
|rule|Sleep Clause Mod: Limit one foe put to sleep
|rule|Species Clause: Limit one of each Pokémon
|rule|OHKO Clause: OHKO moves are banned
|rule|Evasion Moves Clause: Evasion moves are banned
|rule|Endless Battle Clause: Forcing endless battles is banned
|rule|HP Percentage Mod: HP is shown in percentages
|rule|Dynamax Clause: You cannot dynamax
|clearpoke
|poke|p1|Weavile, F|
|poke|p1|Toxapex, F|
|poke|p1|Landorus-Therian, M|
|poke|p1|Tapu Lele|
|poke|p1|Zeraora|
|poke|p1|Corviknight, F|
|poke|p2|Shedinja|
|poke|p2|Skarmory, M|
|poke|p2|Clefable, F|
|poke|p2|Gastrodon-East, M|
|poke|p2|Toxapex, F|
|poke|p2|Hydreigon, M|
|teampreview
|j| fatalfuture
|c|☆Exzlu|gl hf
|
|t:|1634846845
|start
|switch|p1a: Zeraora|Zeraora|100/100
|switch|p2a: Skarmory|Skarmory, M|100/100
|turn|1
|
|t:|1634846856
|switch|p2a: Gastrodon|Gastrodon-East, M|100/100
|move|p1a: Zeraora|Knock Off|p2a: Gastrodon
|-damage|p2a: Gastrodon|67/100
|-activate|p2a: Gastrodon|ability: Sticky Hold
|
|-heal|p2a: Gastrodon|73/100|[from] item: Leftovers
|upkeep
|turn|2
|
|t:|1634846882
|switch|p1a: Tapu Lele|Tapu Lele|100/100
|-fieldstart|move: Psychic Terrain|[from] ability: Psychic Surge|[of] p1a: Tapu Lele
|move|p2a: Gastrodon|Recover|p2a: Gastrodon
|-heal|p2a: Gastrodon|100/100
|
|upkeep
|turn|3
|
|t:|1634846893
|switch|p2a: Shedinja|Shedinja, shiny|100/100
|move|p1a: Tapu Lele|Psychic|p2a: Shedinja
|-immune|p2a: Shedinja|[from] ability: Wonder Guard
|
|upkeep
|turn|4
|
|t:|1634846897
|switch|p1a: Weavile|Weavile, F|100/100
|move|p2a: Shedinja|Toxic|p1a: Weavile
|-status|p1a: Weavile|tox
|
|-damage|p1a: Weavile|94/100 tox|[from] psn
|upkeep
|turn|5
|
|t:|1634846902
|switch|p2a: Toxapex|Toxapex, F, shiny|100/100
|move|p1a: Weavile|Knock Off|p2a: Toxapex
|-damage|p2a: Toxapex|72/100
|-damage|p1a: Weavile|78/100 tox|[from] item: Rocky Helmet|[of] p2a: Toxapex
|-enditem|p2a: Toxapex|Rocky Helmet|[from] move: Knock Off|[of] p1a: Weavile
|
|-damage|p1a: Weavile|66/100 tox|[from] psn
|upkeep
|turn|6
|
|t:|1634846912
|switch|p1a: Tapu Lele|Tapu Lele|100/100
|move|p2a: Toxapex|Knock Off|p1a: Tapu Lele
|-damage|p1a: Tapu Lele|80/100
|-enditem|p1a: Tapu Lele|Choice Specs|[from] move: Knock Off|[of] p2a: Toxapex
|
|-fieldend|move: Psychic Terrain
|upkeep
|turn|7
|
|t:|1634846917
|switch|p1a: Landorus|Landorus-Therian, M|100/100
|-ability|p1a: Landorus|Intimidate|boost
|-unboost|p2a: Toxapex|atk|1
|switch|p2a: Shedinja|Shedinja, shiny|100/100
|
|upkeep
|turn|8
|
|t:|1634846919
|switch|p2a: Skarmory|Skarmory, M|100/100
|move|p1a: Landorus|Knock Off|p2a: Skarmory
|-damage|p2a: Skarmory|82/100
|-enditem|p2a: Skarmory|Shed Shell|[from] move: Knock Off|[of] p1a: Landorus
|
|upkeep
|turn|9
|
|t:|1634846926
|switch|p1a: Zeraora|Zeraora|100/100
|move|p2a: Skarmory|Toxic|p1a: Zeraora
|-status|p1a: Zeraora|tox
|
|-damage|p1a: Zeraora|95/100 tox|[from] psn
|upkeep
|turn|10
|
|t:|1634846932
|switch|p2a: Gastrodon|Gastrodon-East, M|100/100
|move|p1a: Zeraora|Bulk Up|p1a: Zeraora
|-boost|p1a: Zeraora|atk|1
|-boost|p1a: Zeraora|def|1
|
|-damage|p1a: Zeraora|83/100 tox|[from] psn
|upkeep
|turn|11
|
|t:|1634846938
|switch|p1a: Landorus|Landorus-Therian, M|100/100
|-ability|p1a: Landorus|Intimidate|boost
|-unboost|p2a: Gastrodon|atk|1
|switch|p2a: Clefable|Clefable, F|100/100
|
|upkeep
|turn|12
|
|t:|1634846942
|switch|p1a: Tapu Lele|Tapu Lele|80/100
|-fieldstart|move: Psychic Terrain|[from] ability: Psychic Surge|[of] p1a: Tapu Lele
|switch|p2a: Skarmory|Skarmory, M|82/100
|
|upkeep
|turn|13
|
|t:|1634846945
|switch|p2a: Shedinja|Shedinja, shiny|100/100
|move|p1a: Tapu Lele|Thunderbolt|p2a: Shedinja
|-immune|p2a: Shedinja|[from] ability: Wonder Guard
|
|upkeep
|turn|14
|
|t:|1634846948
|switch|p1a: Corviknight|Corviknight, F|100/100
|-ability|p1a: Corviknight|Unnerve
|move|p2a: Shedinja|Toxic|p1a: Corviknight
|-immune|p1a: Corviknight
|
|upkeep
|turn|15
|inactive|Exzlu has 120 seconds left.
|
|t:|1634846988
|switch|p2a: Toxapex|Toxapex, F, shiny|100/100
|move|p1a: Corviknight|U-turn|p2a: Toxapex
|-resisted|p2a: Toxapex
|-damage|p2a: Toxapex|96/100
|
|t:|1634846991
|switch|p1a: Zeraora|Zeraora|83/100 tox|[from]move: U-turn
|
|-damage|p1a: Zeraora|77/100 tox|[from] psn
|upkeep
|turn|16
|
|t:|1634846997
|switch|p2a: Gastrodon|Gastrodon-East, M|100/100
|move|p1a: Zeraora|Knock Off|p2a: Gastrodon
|-damage|p2a: Gastrodon|68/100
|-activate|p2a: Gastrodon|ability: Sticky Hold
|
|-heal|p2a: Gastrodon|74/100|[from] item: Leftovers
|-damage|p1a: Zeraora|65/100 tox|[from] psn
|-fieldend|move: Psychic Terrain
|upkeep
|turn|17
|
|t:|1634847007
|switch|p1a: Corviknight|Corviknight, F|100/100
|-ability|p1a: Corviknight|Unnerve
|move|p2a: Gastrodon|Scald|p1a: Corviknight
|-damage|p1a: Corviknight|80/100
|
|-heal|p2a: Gastrodon|81/100|[from] item: Leftovers
|upkeep
|turn|18
|
|t:|1634847028
|move|p1a: Corviknight|U-turn|p2a: Gastrodon
|-damage|p2a: Gastrodon|66/100
|
|t:|1634847031
|switch|p1a: Toxapex|Toxapex, F|100/100|[from]move: U-turn
|move|p2a: Gastrodon|Scald|p1a: Toxapex
|-resisted|p1a: Toxapex
|-damage|p1a: Toxapex|92/100
|
|-heal|p2a: Gastrodon|72/100|[from] item: Leftovers
|upkeep
|turn|19
|
|t:|1634847034
|move|p2a: Gastrodon|Scald|p1a: Toxapex
|-resisted|p1a: Toxapex
|-damage|p1a: Toxapex|82/100
|-status|p1a: Toxapex|brn
|move|p1a: Toxapex|Toxic|p2a: Gastrodon
|-status|p2a: Gastrodon|tox
|
|-heal|p2a: Gastrodon|78/100 tox|[from] item: Leftovers
|-damage|p2a: Gastrodon|72/100 tox|[from] psn
|-damage|p1a: Toxapex|76/100 brn|[from] brn
|upkeep
|turn|20
|inactive|Exzlu has 120 seconds left.
|inactive|Exzlu has 90 seconds left.
|
|t:|1634847099
|move|p2a: Gastrodon|Earth Power|p1a: Toxapex
|-supereffective|p1a: Toxapex
|-damage|p1a: Toxapex|36/100 brn
|move|p1a: Toxapex|Scald|p2a: Gastrodon
|-damage|p2a: Gastrodon|61/100 tox
|
|-heal|p2a: Gastrodon|67/100 tox|[from] item: Leftovers
|-damage|p2a: Gastrodon|55/100 tox|[from] psn
|-damage|p1a: Toxapex|30/100 brn|[from] brn
|upkeep
|turn|21
|inactive|i'm back from mars has 120 seconds left.
|
|t:|1634847148
|switch|p1a: Landorus|Landorus-Therian, M|100/100
|-ability|p1a: Landorus|Intimidate|boost
|-unboost|p2a: Gastrodon|atk|1
|move|p2a: Gastrodon|Recover|p2a: Gastrodon
|-heal|p2a: Gastrodon|100/100 tox
|
|-damage|p2a: Gastrodon|82/100 tox|[from] psn
|upkeep
|turn|22
|inactive|Exzlu has 90 seconds left.
|
|t:|1634847168
|switch|p2a: Skarmory|Skarmory, M|82/100
|move|p1a: Landorus|U-turn|p2a: Skarmory
|-resisted|p2a: Skarmory
|-damage|p2a: Skarmory|78/100
|
|t:|1634847171
|switch|p1a: Zeraora|Zeraora|65/100 tox|[from]move: U-turn
|
|-damage|p1a: Zeraora|59/100 tox|[from] psn
|upkeep
|turn|23
|inactive|i'm back from mars has 120 seconds left.
|
|t:|1634847184
|switch|p1a: Tapu Lele|Tapu Lele|80/100
|-fieldstart|move: Psychic Terrain|[from] ability: Psychic Surge|[of] p1a: Tapu Lele
|switch|p2a: Hydreigon|Hydreigon, M|100/100
|
|upkeep
|turn|24
|inactive|Exzlu has 90 seconds left.
|j| Mein op
|
|t:|1634847228
|switch|p2a: Shedinja|Shedinja, shiny|100/100
|move|p1a: Tapu Lele|Moonblast|p2a: Shedinja
|-immune|p2a: Shedinja|[from] ability: Wonder Guard
|
|upkeep
|turn|25
|
|t:|1634847234
|switch|p1a: Toxapex|Toxapex, F|63/100 brn
|move|p2a: Shedinja|Toxic||[still]
|-fail|p2a: Shedinja
|
|-damage|p1a: Toxapex|57/100 brn|[from] brn
|upkeep
|turn|26
|
|t:|1634847244
|switch|p2a: Clefable|Clefable, F|100/100
|move|p1a: Toxapex|Toxic|p2a: Clefable
|-status|p2a: Clefable|tox
|
|-damage|p2a: Clefable|94/100 tox|[from] psn
|-damage|p1a: Toxapex|50/100 brn|[from] brn
|upkeep
|turn|27
|
|t:|1634847251
|switch|p1a: Landorus|Landorus-Therian, M|100/100
|-ability|p1a: Landorus|Intimidate|boost
|-unboost|p2a: Clefable|atk|1
|move|p2a: Clefable|Aromatherapy|p2a: Clefable
|-activate|p2a: Clefable|move: Aromatherapy
|-curestatus|p2a: Clefable|tox|[msg]
|-curestatus|p2: Gastrodon|tox|[msg]
|
|-heal|p2a: Clefable|100/100|[from] item: Leftovers
|-fieldend|move: Psychic Terrain
|upkeep
|turn|28
|inactive|Exzlu has 90 seconds left.
|
|t:|1634847258
|switch|p2a: Skarmory|Skarmory, M|78/100
|move|p1a: Landorus|Knock Off|p2a: Skarmory
|-damage|p2a: Skarmory|67/100
|
|upkeep
|turn|29
|
|t:|1634847264
|switch|p1a: Tapu Lele|Tapu Lele|80/100
|-fieldstart|move: Psychic Terrain|[from] ability: Psychic Surge|[of] p1a: Tapu Lele
|move|p2a: Skarmory|Roost|p2a: Skarmory
|-heal|p2a: Skarmory|100/100
|-singleturn|p2a: Skarmory|move: Roost
|
|upkeep
|turn|30
|
|t:|1634847269
|switch|p1a: Weavile|Weavile, F|66/100 tox
|switch|p2a: Shedinja|Shedinja, shiny|100/100
|
|-damage|p1a: Weavile|60/100 tox|[from] psn
|upkeep
|turn|31
|
|t:|1634847273
|switch|p2a: Toxapex|Toxapex, F, shiny|100/100
|move|p1a: Weavile|Knock Off|p2a: Toxapex
|-damage|p2a: Toxapex|82/100
|
|-damage|p1a: Weavile|48/100 tox|[from] psn
|upkeep
|turn|32
|inactive|Exzlu has 120 seconds left.
|
|t:|1634847279
|switch|p1a: Tapu Lele|Tapu Lele|80/100
|move|p2a: Toxapex|Knock Off|p1a: Tapu Lele
|-damage|p1a: Tapu Lele|66/100
|
|upkeep
|turn|33
|
|t:|1634847286
|switch|p1a: Landorus|Landorus-Therian, M|100/100
|-ability|p1a: Landorus|Intimidate|boost
|-unboost|p2a: Toxapex|atk|1
|switch|p2a: Shedinja|Shedinja, shiny|100/100
|
|-fieldend|move: Psychic Terrain
|upkeep
|turn|34
|
|t:|1634847290
|switch|p2a: Skarmory|Skarmory, M|100/100
|move|p1a: Landorus|Earthquake|p2a: Skarmory
|-immune|p2a: Skarmory
|
|upkeep
|turn|35
|
|t:|1634847294
|move|p1a: Landorus|U-turn|p2a: Skarmory
|-resisted|p2a: Skarmory
|-damage|p2a: Skarmory|97/100
|l| fatalfuture
|
|t:|1634847323
|switch|p1a: Zeraora|Zeraora|59/100 tox|[from]move: U-turn
|move|p2a: Skarmory|Toxic|p1a: Zeraora
|-fail|p1a: Zeraora|tox
|
|-damage|p1a: Zeraora|53/100 tox|[from] psn
|upkeep
|turn|36
|inactive|Exzlu has 120 seconds left.
|
|t:|1634847363
|switch|p2a: Gastrodon|Gastrodon-East, M|82/100
|move|p1a: Zeraora|Plasma Fists|p2a: Gastrodon
|-immune|p2a: Gastrodon
|
|-heal|p2a: Gastrodon|88/100|[from] item: Leftovers
|-damage|p1a: Zeraora|41/100 tox|[from] psn
|upkeep
|turn|37
|
|t:|1634847370
|switch|p1a: Corviknight|Corviknight, F|80/100
|-ability|p1a: Corviknight|Unnerve
|move|p2a: Gastrodon|Scald|p1a: Corviknight
|-damage|p1a: Corviknight|59/100
|
|-heal|p2a: Gastrodon|94/100|[from] item: Leftovers
|upkeep
|turn|38
|c|☆Exzlu|aint this predicament
|c|☆Exzlu|haha XD
|
|t:|1634847382
|switch|p1a: Toxapex|Toxapex, F|84/100 brn
|move|p2a: Gastrodon|Earth Power|p1a: Toxapex
|-supereffective|p1a: Toxapex
|-damage|p1a: Toxapex|44/100 brn
|
|-heal|p2a: Gastrodon|100/100|[from] item: Leftovers
|-damage|p1a: Toxapex|37/100 brn|[from] brn
|upkeep
|turn|39
|
|t:|1634847387
|switch|p1a: Corviknight|Corviknight, F|59/100
|-ability|p1a: Corviknight|Unnerve
|move|p2a: Gastrodon|Scald|p1a: Corviknight
|-crit|p1a: Corviknight
|-damage|p1a: Corviknight|24/100
|
|upkeep
|turn|40
|c|☆i'm back from mars|lol
|
|t:|1634847392
|move|p1a: Corviknight|Roost|p1a: Corviknight
|-heal|p1a: Corviknight|74/100
|-singleturn|p1a: Corviknight|move: Roost
|move|p2a: Gastrodon|Scald|p1a: Corviknight
|-damage|p1a: Corviknight|53/100
|-status|p1a: Corviknight|brn
|
|-damage|p1a: Corviknight|47/100 brn|[from] brn
|upkeep
|turn|41
|c|☆Exzlu|haha
|inactive|Exzlu has 120 seconds left.
|
|t:|1634847418
|switch|p1a: Landorus|Landorus-Therian, M|100/100
|-ability|p1a: Landorus|Intimidate|boost
|-unboost|p2a: Gastrodon|atk|1
|move|p2a: Gastrodon|Earth Power|p1a: Landorus
|-immune|p1a: Landorus
|
|upkeep
|turn|42
|
|t:|1634847429
|move|p1a: Landorus|Stealth Rock|p2a: Gastrodon
|-sidestart|p2: i'm back from mars|move: Stealth Rock
|move|p2a: Gastrodon|Toxic|p1a: Landorus
|-status|p1a: Landorus|tox
|
|-damage|p1a: Landorus|94/100 tox|[from] psn
|upkeep
|turn|43
|c|☆Exzlu|XDD
|c|☆Exzlu|omg
|inactive|Exzlu has 120 seconds left.
|c|☆Exzlu|every one of pokemons has the poison or burn
|c|☆Exzlu|:DD
|
|t:|1634847458
|move|p1a: Landorus|U-turn|p2a: Gastrodon
|-damage|p2a: Gastrodon|76/100
|
|t:|1634847461
|switch|p1a: Tapu Lele|Tapu Lele|66/100|[from]move: U-turn
|-fieldstart|move: Psychic Terrain|[from] ability: Psychic Surge|[of] p1a: Tapu Lele
|move|p2a: Gastrodon|Scald|p1a: Tapu Lele
|-damage|p1a: Tapu Lele|39/100
|-status|p1a: Tapu Lele|brn
|
|-heal|p2a: Gastrodon|82/100|[from] item: Leftovers
|-damage|p1a: Tapu Lele|33/100 brn|[from] brn
|upkeep
|turn|44
|inactive|Exzlu has 120 seconds left.
|c|☆Exzlu|yup
|c|☆Exzlu|lol
|
|t:|1634847477
|switch|p1a: Corviknight|Corviknight, F|47/100 brn
|-ability|p1a: Corviknight|Unnerve
|switch|p2a: Shedinja|Shedinja, shiny|100/100
|
|-damage|p1a: Corviknight|41/100 brn|[from] brn
|upkeep
|turn|45
|
|t:|1634847485
|switch|p2a: Skarmory|Skarmory, M|97/100
|-damage|p2a: Skarmory|85/100|[from] Stealth Rock
|move|p1a: Corviknight|Roost|p1a: Corviknight
|-heal|p1a: Corviknight|91/100 brn
|-singleturn|p1a: Corviknight|move: Roost
|
|-damage|p1a: Corviknight|85/100 brn|[from] brn
|upkeep
|turn|46
|
|t:|1634847494
|switch|p1a: Zeraora|Zeraora|41/100 tox
|move|p2a: Skarmory|Defog|p1a: Zeraora
|-unboost|p1a: Zeraora|evasion|1
|-sideend|p2: i'm back from mars|Stealth Rock|[from] move: Defog|[of] p2a: Skarmory
|-fieldend|move: Psychic Terrain
|
|-damage|p1a: Zeraora|35/100 tox|[from] psn
|upkeep
|turn|47
|
|t:|1634847503
|switch|p1a: Tapu Lele|Tapu Lele|33/100 brn
|-fieldstart|move: Psychic Terrain|[from] ability: Psychic Surge|[of] p1a: Tapu Lele
|switch|p2a: Clefable|Clefable, F|100/100
|
|-damage|p1a: Tapu Lele|26/100 brn|[from] brn
|upkeep
|turn|48
|
|t:|1634847516
|switch|p2a: Shedinja|Shedinja, shiny|100/100
|move|p1a: Tapu Lele|Psychic|p2a: Shedinja
|-immune|p2a: Shedinja|[from] ability: Wonder Guard
|
|-damage|p1a: Tapu Lele|20/100 brn|[from] brn
|upkeep
|turn|49
|
|t:|1634847522
|switch|p1a: Zeraora|Zeraora|35/100 tox
|move|p2a: Shedinja|Swords Dance|p2a: Shedinja
|-boost|p2a: Shedinja|atk|2
|
|-damage|p1a: Zeraora|29/100 tox|[from] psn
|upkeep
|turn|50
|
|t:|1634847532
|switch|p2a: Gastrodon|Gastrodon-East, M|82/100
|move|p1a: Zeraora|Knock Off|p2a: Gastrodon
|-damage|p2a: Gastrodon|50/100
|-activate|p2a: Gastrodon|ability: Sticky Hold
|
|-heal|p2a: Gastrodon|56/100|[from] item: Leftovers
|-damage|p1a: Zeraora|17/100 tox|[from] psn
|upkeep
|turn|51
|
|t:|1634847545
|switch|p1a: Corviknight|Corviknight, F|85/100 brn
|-ability|p1a: Corviknight|Unnerve
|move|p2a: Gastrodon|Recover|p2a: Gastrodon
|-heal|p2a: Gastrodon|100/100
|
|-damage|p1a: Corviknight|79/100 brn|[from] brn
|-fieldend|move: Psychic Terrain
|upkeep
|turn|52
|
|t:|1634847549
|move|p1a: Corviknight|Roost|p1a: Corviknight
|-heal|p1a: Corviknight|100/100 brn
|-singleturn|p1a: Corviknight|move: Roost
|move|p2a: Gastrodon|Scald|p1a: Corviknight
|-crit|p1a: Corviknight
|-damage|p1a: Corviknight|70/100 brn
|
|-damage|p1a: Corviknight|64/100 brn|[from] brn
|upkeep
|turn|53
|
|t:|1634847564
|move|p1a: Corviknight|U-turn|p2a: Gastrodon
|-damage|p2a: Gastrodon|93/100
|
|t:|1634847567
|switch|p1a: Landorus|Landorus-Therian, M|94/100 tox|[from]move: U-turn
|-ability|p1a: Landorus|Intimidate|boost
|-unboost|p2a: Gastrodon|atk|1
|move|p2a: Gastrodon|Scald|p1a: Landorus
|-supereffective|p1a: Landorus
|-damage|p1a: Landorus|55/100 tox
|
|-heal|p1a: Landorus|61/100 tox|[from] item: Leftovers
|-heal|p2a: Gastrodon|99/100|[from] item: Leftovers
|-damage|p1a: Landorus|55/100 tox|[from] psn
|upkeep
|turn|54
|
|t:|1634847573
|switch|p2a: Skarmory|Skarmory, M|85/100
|move|p1a: Landorus|U-turn|p2a: Skarmory
|-resisted|p2a: Skarmory
|-damage|p2a: Skarmory|82/100
|
|t:|1634847579
|switch|p1a: Zeraora|Zeraora|17/100 tox|[from]move: U-turn
|
|-damage|p1a: Zeraora|11/100 tox|[from] psn
|upkeep
|turn|55
|
|t:|1634847582
|switch|p2a: Gastrodon|Gastrodon-East, M|99/100
|move|p1a: Zeraora|Close Combat|p2a: Gastrodon
|-damage|p2a: Gastrodon|58/100
|-unboost|p1a: Zeraora|def|1
|-unboost|p1a: Zeraora|spd|1
|
|-heal|p2a: Gastrodon|64/100|[from] item: Leftovers
|-damage|p1a: Zeraora|0 fnt|[from] psn
|faint|p1a: Zeraora
|upkeep
|
|t:|1634847590
|switch|p1a: Weavile|Weavile, F|48/100 tox
|turn|56
|
|t:|1634847594
|switch|p2a: Toxapex|Toxapex, F, shiny|100/100
|move|p1a: Weavile|Triple Axel|p2a: Toxapex
|-resisted|p2a: Toxapex
|-damage|p2a: Toxapex|97/100
|-resisted|p2a: Toxapex
|-damage|p2a: Toxapex|91/100
|-resisted|p2a: Toxapex
|-damage|p2a: Toxapex|82/100
|-hitcount|p2a: Toxapex|3
|
|-damage|p1a: Weavile|42/100 tox|[from] psn
|upkeep
|turn|57
|c|☆Exzlu|gg
|-message|Exzlu forfeited.
|
|win|i'm back from mars
|n|☆Exzlu|exzlu
|n|☆i'm back from mars|imbackfrommars
|n| Mein op|meinop
|c|☆i'm back from mars|gg
|l|☆i'm back from mars
