|raw|<div class="broadcast-blue"><strong>This battle is required to be public due to a player having a name starting with 'lt93oq'.</div>
|j|☆LT93OQ Vegeto
|j|☆Coach Jones 6fifth
|t:|1660613884
|gametype|singles
|player|p1|LT93OQ Vegeto|ethan|1870
|player|p2|Coach Jones 6fifth|lusamine-nihilego|1833
|teamsize|p1|6
|teamsize|p2|6
|gen|8
|tier|[Gen 8] OU
|rated|
|rule|Sleep Clause Mod: Limit one foe put to sleep
|rule|Species Clause: Limit one of each Pokémon
|rule|OHKO Clause: OHKO moves are banned
|rule|Evasion Items Clause: Evasion items are banned
|rule|Evasion Moves Clause: Evasion moves are banned
|rule|Endless Battle Clause: Forcing endless battles is banned
|rule|HP Percentage Mod: HP is shown in percentages
|rule|Dynamax Clause: You cannot dynamax
|clearpoke
|poke|p1|Garchomp, M|
|poke|p1|Zapdos|
|poke|p1|Clefable, F|
|poke|p1|Ferrothorn, F|
|poke|p1|Weavile, F|
|poke|p1|Tapu Lele|
|poke|p2|Heatran, F|
|poke|p2|Slowking, F|
|poke|p2|Landorus-Therian, M|
|poke|p2|Weavile, M|
|poke|p2|Clefable, F|
|poke|p2|Tornadus-Therian, M|
|teampreview
|inactive|Battle timer is ON: inactive players will automatically lose when time's up. (requested by LT93OQ Vegeto)
|c|☆LT93OQ Vegeto|Lets have a good oe
|j| LT93OQ im garbage
|
|t:|1660613913
|start
|switch|p1a: Clefable|Clefable, F|100/100
|switch|p2a: Heatran|Heatran, F, shiny|100/100
|turn|1
|l| LT93OQ im garbage
|c|☆Coach Jones 6fifth|hf
|j| iitzhatz
|j| Fraudinos
|
|t:|1660613916
|move|p2a: Heatran|Overheat|p1a: Clefable
|-damage|p1a: Clefable|50/100
|-unboost|p2a: Heatran|spa|2
|-enditem|p2a: Heatran|Eject Pack
|
|t:|1660613920
|switch|p2a: Slowking|Slowking, F|100/100
|move|p1a: Clefable|Thunder Wave|p2a: Slowking
|-status|p2a: Slowking|par
|
|-heal|p1a: Clefable|56/100|[from] item: Leftovers
|upkeep
|turn|2
|j| lt92pf mj
|j| fatass cat
|
|t:|1660613924
|move|p1a: Clefable|Stealth Rock|p2a: Slowking
|-sidestart|p2: Coach Jones 6fifth|move: Stealth Rock
|move|p2a: Slowking|Future Sight|p1a: Clefable
|-start|p2a: Slowking|move: Future Sight
|
|-heal|p1a: Clefable|62/100|[from] item: Leftovers
|upkeep
|turn|3
|
|t:|1660613930
|move|p1a: Clefable|Soft-Boiled|p1a: Clefable
|-heal|p1a: Clefable|100/100
|move|p2a: Slowking|Teleport|p2a: Slowking
|
|t:|1660613932
|switch|p2a: Landorus|Landorus-Therian, M|100/100|[from]move: Teleport
|-damage|p2a: Landorus|88/100|[from] Stealth Rock
|-ability|p2a: Landorus|Intimidate|boost
|-unboost|p1a: Clefable|atk|1
|
|-heal|p2a: Landorus|94/100|[from] item: Leftovers
|upkeep
|turn|4
|
|t:|1660613937
|move|p2a: Landorus|Defog|p1a: Clefable
|-unboost|p1a: Clefable|evasion|1
|-sideend|p2: Coach Jones 6fifth|Stealth Rock|[from] move: Defog|[of] p2a: Landorus
|move|p1a: Clefable|Soft-Boiled||[still]
|-fail|p1a: Clefable|heal
|
|-end|p1a: Clefable|move: Future Sight
|-damage|p1a: Clefable|63/100
|-heal|p2a: Landorus|99/100|[from] item: Leftovers
|-heal|p1a: Clefable|69/100|[from] item: Leftovers
|upkeep
|turn|5
|j| Reigen shishou
|
|t:|1660613941
|move|p2a: Landorus|Earthquake|p1a: Clefable
|-damage|p1a: Clefable|30/100
|move|p1a: Clefable|Soft-Boiled|p1a: Clefable
|-heal|p1a: Clefable|80/100
|
|-heal|p2a: Landorus|100/100|[from] item: Leftovers
|-heal|p1a: Clefable|86/100|[from] item: Leftovers
|upkeep
|turn|6
|
|t:|1660613944
|move|p2a: Landorus|Earthquake|p1a: Clefable
|-damage|p1a: Clefable|50/100
|move|p1a: Clefable|Stealth Rock|p2a: Landorus
|-sidestart|p2: Coach Jones 6fifth|move: Stealth Rock
|
|-heal|p1a: Clefable|56/100|[from] item: Leftovers
|upkeep
|turn|7
|
|t:|1660613946
|move|p2a: Landorus|Defog|p1a: Clefable
|-unboost|p1a: Clefable|evasion|1
|-sideend|p2: Coach Jones 6fifth|Stealth Rock|[from] move: Defog|[of] p2a: Landorus
|move|p1a: Clefable|Soft-Boiled|p1a: Clefable
|-heal|p1a: Clefable|100/100
|
|upkeep
|turn|8
|
|t:|1660613948
|move|p2a: Landorus|U-turn|p1a: Clefable
|-resisted|p1a: Clefable
|-damage|p1a: Clefable|92/100
|j| NoTollsNoRolls
|
|t:|1660613952
|switch|p2a: Slowking|Slowking, F|100/100 par|[from]move: U-turn
|move|p1a: Clefable|Stealth Rock|p2a: Slowking
|-sidestart|p2: Coach Jones 6fifth|move: Stealth Rock
|
|-heal|p1a: Clefable|98/100|[from] item: Leftovers
|upkeep
|turn|9
|j| 49erz$
|j| ultimateswordnd
|
|t:|1660613963
|switch|p1a: Zapdos|Zapdos|100/100
|move|p2a: Slowking|Teleport|p2a: Slowking
|l| 49erz$
|
|t:|1660613965
|switch|p2a: Landorus|Landorus-Therian, M|100/100|[from]move: Teleport
|-damage|p2a: Landorus|88/100|[from] Stealth Rock
|-ability|p2a: Landorus|Intimidate|boost
|-unboost|p1a: Zapdos|atk|1
|
|-heal|p2a: Landorus|94/100|[from] item: Leftovers
|upkeep
|turn|10
|
|t:|1660613970
|move|p1a: Zapdos|Hurricane|p2a: Landorus
|-crit|p2a: Landorus
|-damage|p2a: Landorus|26/100
|move|p2a: Landorus|Defog|p1a: Zapdos
|-unboost|p1a: Zapdos|evasion|1
|-sideend|p2: Coach Jones 6fifth|Stealth Rock|[from] move: Defog|[of] p2a: Landorus
|
|-heal|p2a: Landorus|33/100|[from] item: Leftovers
|upkeep
|turn|11
|
|t:|1660613975
|switch|p2a: Slowking|Slowking, F|100/100 par
|move|p1a: Zapdos|Hurricane|p2a: Slowking|[miss]
|-miss|p1a: Zapdos|p2a: Slowking
|
|upkeep
|turn|12
|
|t:|1660613979
|move|p1a: Zapdos|Volt Switch|p2a: Slowking
|-supereffective|p2a: Slowking
|-damage|p2a: Slowking|55/100 par
|
|t:|1660613983
|switch|p1a: Clefable|Clefable, F|98/100|[from]move: Volt Switch
|move|p2a: Slowking|Teleport|p2a: Slowking
|
|t:|1660613986
|switch|p2a: Landorus|Landorus-Therian, M|33/100|[from]move: Teleport
|-ability|p2a: Landorus|Intimidate|boost
|-unboost|p1a: Clefable|atk|1
|
|-heal|p2a: Landorus|39/100|[from] item: Leftovers
|-heal|p1a: Clefable|100/100|[from] item: Leftovers
|upkeep
|turn|13
|
|t:|1660613988
|move|p2a: Landorus|U-turn|p1a: Clefable
|-resisted|p1a: Clefable
|-damage|p1a: Clefable|92/100
|
|t:|1660613989
|switch|p2a: Clefable|Clefable, F, shiny|100/100|[from]move: U-turn
|move|p1a: Clefable|Moonblast|p2a: Clefable
|-damage|p2a: Clefable|71/100
|
|-heal|p1a: Clefable|98/100|[from] item: Leftovers
|upkeep
|turn|14
|
|t:|1660613993
|move|p1a: Clefable|Thunder Wave|p2a: Clefable
|-status|p2a: Clefable|par
|move|p2a: Clefable|Wish|p2a: Clefable
|
|-heal|p1a: Clefable|100/100|[from] item: Leftovers
|upkeep
|turn|15
|
|t:|1660613997
|switch|p2a: Landorus|Landorus-Therian, M|39/100
|-ability|p2a: Landorus|Intimidate|boost
|-unboost|p1a: Clefable|atk|1
|move|p1a: Clefable|Stealth Rock|p2a: Landorus
|-sidestart|p2: Coach Jones 6fifth|move: Stealth Rock
|
|-heal|p2a: Landorus|90/100|[from] move: Wish|[wisher] Clefable
|-heal|p2a: Landorus|96/100|[from] item: Leftovers
|upkeep
|turn|16
|
|t:|1660614001
|switch|p1a: Zapdos|Zapdos|100/100
|move|p2a: Landorus|U-turn|p1a: Zapdos
|-resisted|p1a: Zapdos
|-damage|p1a: Zapdos|88/100
|
|t:|1660614005
|switch|p2a: Slowking|Slowking, F|88/100 par|[from]move: U-turn
|
|upkeep
|turn|17
|
|t:|1660614007
|switch|p2a: Landorus|Landorus-Therian, M|96/100
|-damage|p2a: Landorus|84/100|[from] Stealth Rock
|-ability|p2a: Landorus|Intimidate|boost
|-unboost|p1a: Zapdos|atk|1
|move|p1a: Zapdos|Volt Switch|p2a: Landorus
|-immune|p2a: Landorus
|
|-heal|p2a: Landorus|90/100|[from] item: Leftovers
|upkeep
|turn|18
|
|t:|1660614011
|move|p1a: Zapdos|Hurricane|p2a: Landorus
|-damage|p2a: Landorus|43/100
|move|p2a: Landorus|Toxic|p1a: Zapdos
|-status|p1a: Zapdos|tox
|
|-heal|p2a: Landorus|49/100|[from] item: Leftovers
|-damage|p1a: Zapdos|82/100 tox|[from] psn
|upkeep
|turn|19
|
|t:|1660614020
|switch|p2a: Slowking|Slowking, F|100/100 par
|move|p1a: Zapdos|Volt Switch|p2a: Slowking
|-supereffective|p2a: Slowking
|-damage|p2a: Slowking|50/100 par
|
|t:|1660614026
|switch|p1a: Weavile|Weavile, F|100/100|[from]move: Volt Switch
|-ability|p1a: Weavile|Pressure
|
|upkeep
|turn|20
|
|t:|1660614029
|switch|p2a: Heatran|Heatran, F, shiny|100/100
|-damage|p2a: Heatran|88/100|[from] Stealth Rock
|move|p1a: Weavile|Swords Dance|p1a: Weavile
|-boost|p1a: Weavile|atk|2
|
|upkeep
|turn|21
|
|t:|1660614034
|switch|p1a: Garchomp|Garchomp, M|100/100
|move|p2a: Heatran|Lava Plume|p1a: Garchomp
|-resisted|p1a: Garchomp
|-damage|p1a: Garchomp|82/100
|
|-heal|p1a: Garchomp|88/100|[from] item: Leftovers
|upkeep
|turn|22
|
|t:|1660614046
|switch|p2a: Landorus|Landorus-Therian, M|49/100
|-damage|p2a: Landorus|36/100|[from] Stealth Rock
|-ability|p2a: Landorus|Intimidate|boost
|-unboost|p1a: Garchomp|atk|1
|move|p1a: Garchomp|Swords Dance|p1a: Garchomp
|-boost|p1a: Garchomp|atk|2
|
|-heal|p1a: Garchomp|94/100|[from] item: Leftovers
|-heal|p2a: Landorus|42/100|[from] item: Leftovers
|upkeep
|turn|23
|
|t:|1660614050
|switch|p2a: Clefable|Clefable, F, shiny|71/100 par
|move|p1a: Garchomp|Scale Shot|p2a: Clefable
|-immune|p2a: Clefable
|
|-heal|p1a: Garchomp|99/100|[from] item: Leftovers
|upkeep
|turn|24
|
|t:|1660614057
|switch|p2a: Landorus|Landorus-Therian, M|42/100
|-damage|p2a: Landorus|30/100|[from] Stealth Rock
|-ability|p2a: Landorus|Intimidate|boost
|-unboost|p1a: Garchomp|atk|1
|move|p1a: Garchomp|Earthquake|p2a: Landorus
|-immune|p2a: Landorus
|
|-heal|p1a: Garchomp|100/100|[from] item: Leftovers
|-heal|p2a: Landorus|36/100|[from] item: Leftovers
|upkeep
|turn|25
|
|t:|1660614062
|move|p1a: Garchomp|Scale Shot|p2a: Landorus
|-damage|p2a: Landorus|23/100
|-damage|p2a: Landorus|10/100
|-damage|p2a: Landorus|0 fnt
|faint|p2a: Landorus
|-hitcount|p2: Landorus|3
|-unboost|p1a: Garchomp|def|1
|-boost|p1a: Garchomp|spe|1
|
|upkeep
|
|t:|1660614067
|switch|p2a: Weavile|Weavile, M|100/100
|-damage|p2a: Weavile|76/100|[from] Stealth Rock
|-ability|p2a: Weavile|Pressure
|turn|26
|
|t:|1660614071
|switch|p1a: Ferrothorn|Ferrothorn, F|100/100
|move|p2a: Weavile|Knock Off|p1a: Ferrothorn
|-damage|p1a: Ferrothorn|46/100
|-damage|p2a: Weavile|63/100|[from] ability: Iron Barbs|[of] p1a: Ferrothorn
|-enditem|p1a: Ferrothorn|Leftovers|[from] move: Knock Off|[of] p2a: Weavile
|
|upkeep
|turn|27
|
|t:|1660614076
|switch|p2a: Clefable|Clefable, F, shiny|71/100 par
|move|p1a: Ferrothorn|Leech Seed|p2a: Clefable
|-start|p2a: Clefable|move: Leech Seed
|
|upkeep
|turn|28
|
|t:|1660614085
|cant|p2a: Clefable|par
|move|p1a: Ferrothorn|Spikes|p2a: Clefable
|-sidestart|p2: Coach Jones 6fifth|Spikes
|
|upkeep
|turn|29
|l| NoTollsNoRolls
|
|t:|1660614090
|switch|p1a: Zapdos|Zapdos|82/100 tox
|move|p2a: Clefable|Flamethrower|p1a: Zapdos
|-damage|p1a: Zapdos|61/100 tox
|
|-damage|p1a: Zapdos|55/100 tox|[from] psn
|upkeep
|turn|30
|
|t:|1660614096
|move|p1a: Zapdos|Volt Switch|p2a: Clefable
|-damage|p2a: Clefable|32/100 par
|
|t:|1660614099
|switch|p1a: Tapu Lele|Tapu Lele|100/100|[from]move: Volt Switch
|-fieldstart|move: Psychic Terrain|[from] ability: Psychic Surge|[of] p1a: Tapu Lele
|cant|p2a: Clefable|par
|
|upkeep
|turn|31
|j| chongtian0329
|
|t:|1660614110
|switch|p2a: Slowking|Slowking, F|83/100 par
|move|p1a: Tapu Lele|Thunderbolt|p2a: Slowking
|-supereffective|p2a: Slowking
|-damage|p2a: Slowking|22/100 par
|
|upkeep
|turn|32
|j| hfjdjdjdjdjd
|
|t:|1660614117
|move|p1a: Tapu Lele|Thunderbolt|p2a: Slowking
|-supereffective|p2a: Slowking
|-damage|p2a: Slowking|0 fnt
|faint|p2a: Slowking
|
|upkeep
|-message|Coach Jones 6fifth forfeited.
|
|win|LT93OQ Vegeto
|raw|LT93OQ Vegeto's rating: 1870 &rarr; <strong>1888</strong><br />(+18 for winning)
|raw|Coach Jones 6fifth's rating: 1833 &rarr; <strong>1815</strong><br />(-18 for losing)
|c|☆Coach Jones 6fifth|gg
|l| chongtian0329
|c|☆LT93OQ Vegeto|Gg
|j| MangoYT86
|l|☆Coach Jones 6fifth
|j| Lou dort
|l| Lou dort
|l| fatass cat
|l|☆LT93OQ Vegeto
|l| iitzhatz
||Ladder isn't responding, score probably updated but might not have (Request timeout).
|l| lt92pf mj
|l| Fraudinos
