|j|☆lebanesestinker
|j|☆yaboiAshK.
|t:|1652490829
|gametype|singles
|player|p1|lebanesestinker|li|1659
|player|p2|yaboiAshK.|ash-alola|1633
|teamsize|p1|6
|teamsize|p2|6
|gen|8
|tier|[Gen 8] OU
|rated|
|rule|Sleep Clause Mod: Limit one foe put to sleep
|rule|Species Clause: Limit one of each Pokémon
|rule|OHKO Clause: OHKO moves are banned
|rule|Evasion Moves Clause: Evasion moves are banned
|rule|Endless Battle Clause: Forcing endless battles is banned
|rule|HP Percentage Mod: HP is shown in percentages
|rule|Dynamax Clause: You cannot dynamax
|clearpoke
|poke|p1|Aegislash, F|
|poke|p1|Tapu Lele|
|poke|p1|Tornadus-Therian, M|
|poke|p1|Hippowdon, F|
|poke|p1|Buzzwole|
|poke|p1|Toxapex, M|
|poke|p2|Heatran, M|
|poke|p2|Porygon2|
|poke|p2|Garchomp, M|
|poke|p2|Hippowdon, M|
|poke|p2|Dracozolt|
|poke|p2|Tapu Lele|
|teampreview
|inactive|Battle timer is ON: inactive players will automatically lose when time's up. (requested by yaboiAshK.)
|
|t:|1652490852
|start
|switch|p1a: Tapu Lele|Tapu Lele|100/100
|switch|p2a: Garchomp|Garchomp, M|100/100
|-fieldstart|move: Psychic Terrain|[from] ability: Psychic Surge|[of] p1a: Tapu Lele
|turn|1
|
|t:|1652490860
|switch|p2a: Porygon2|Porygon2|100/100
|-ability|p2a: Porygon2|Psychic Surge|[from] ability: Trace|[of] p1a: Tapu Lele
|move|p1a: Tapu Lele|Psyshock|p2a: Porygon2
|-damage|p2a: Porygon2|40/100
|
|upkeep
|turn|2
|
|t:|1652490864
|switch|p2a: Hippowdon|Hippowdon, M|100/100
|-weather|Sandstorm|[from] ability: Sand Stream|[of] p2a: Hippowdon
|move|p1a: Tapu Lele|Psyshock|p2a: Hippowdon
|-damage|p2a: Hippowdon|55/100
|
|-weather|Sandstorm|[upkeep]
|-damage|p1a: Tapu Lele|94/100|[from] Sandstorm
|-heal|p2a: Hippowdon|61/100|[from] item: Leftovers
|upkeep
|turn|3
|
|t:|1652490870
|move|p1a: Tapu Lele|Psyshock|p2a: Hippowdon
|-damage|p2a: Hippowdon|18/100
|move|p2a: Hippowdon|Toxic|p1a: Tapu Lele
|-status|p1a: Tapu Lele|tox
|
|-weather|Sandstorm|[upkeep]
|-damage|p1a: Tapu Lele|88/100 tox|[from] Sandstorm
|-heal|p2a: Hippowdon|24/100|[from] item: Leftovers
|-damage|p1a: Tapu Lele|82/100 tox|[from] psn
|upkeep
|turn|4
|j| Byron Gym Leader
|
|t:|1652490876
|switch|p2a: Heatran|Heatran, M|100/100
|move|p1a: Tapu Lele|Psyshock|p2a: Heatran
|-resisted|p2a: Heatran
|-damage|p2a: Heatran|58/100
|
|-weather|Sandstorm|[upkeep]
|-damage|p1a: Tapu Lele|76/100 tox|[from] Sandstorm
|-damage|p1a: Tapu Lele|64/100 tox|[from] psn
|upkeep
|turn|5
|
|t:|1652490891
|switch|p1a: Toxapex|Toxapex, M|100/100
|move|p2a: Heatran|Magma Storm|p1a: Toxapex|[miss]
|-miss|p2a: Heatran|p1a: Toxapex
|
|-weather|Sandstorm|[upkeep]
|-damage|p1a: Toxapex|95/100|[from] Sandstorm
|-fieldend|move: Psychic Terrain
|upkeep
|turn|6
|
|t:|1652490897
|switch|p2a: Porygon2|Porygon2|40/100
|-ability|p2a: Porygon2|Regenerator|[from] ability: Trace|[of] p1a: Toxapex
|move|p1a: Toxapex|Knock Off|p2a: Porygon2
|-damage|p2a: Porygon2|29/100
|-enditem|p2a: Porygon2|Eviolite|[from] move: Knock Off|[of] p1a: Toxapex
|
|-weather|none
|upkeep
|turn|7
|
|t:|1652490906
|switch|p1a: Aegislash|Aegislash, F|100/100
|move|p2a: Porygon2|Recover|p2a: Porygon2
|-heal|p2a: Porygon2|79/100
|
|upkeep
|turn|8
|
|t:|1652490910
|move|p1a: Aegislash|Substitute|p1a: Aegislash
|-start|p1a: Aegislash|Substitute
|-damage|p1a: Aegislash|76/100
|move|p2a: Porygon2|Teleport|p2a: Porygon2
|
|t:|1652490921
|switch|p2a: Heatran|Heatran, M|58/100|[from]move: Teleport
|
|-heal|p1a: Aegislash|82/100|[from] item: Leftovers
|upkeep
|turn|9
|
|t:|1652490937
|move|p1a: Aegislash|King's Shield|p1a: Aegislash
|-singleturn|p1a: Aegislash|Protect
|move|p2a: Heatran|Earth Power|p1a: Aegislash
|-activate|p1a: Aegislash|move: Protect
|
|-heal|p1a: Aegislash|88/100|[from] item: Leftovers
|upkeep
|turn|10
|
|t:|1652490939
|move|p2a: Heatran|Earth Power|p1a: Aegislash
|-supereffective|p1a: Aegislash
|-end|p1a: Aegislash|Substitute
|-formechange|p1a: Aegislash|Aegislash-Blade||[from] ability: Stance Change
|move|p1a: Aegislash|Shadow Ball|p2a: Heatran
|-damage|p2a: Heatran|22/100
|
|-heal|p1a: Aegislash|94/100|[from] item: Leftovers
|upkeep
|turn|11
|
|t:|1652490943
|switch|p1a: Tornadus|Tornadus-Therian, M|100/100
|move|p2a: Heatran|Earth Power|p1a: Tornadus
|-immune|p1a: Tornadus
|
|upkeep
|turn|12
|
|t:|1652490946
|switch|p2a: Garchomp|Garchomp, M|100/100
|move|p1a: Tornadus|Knock Off|p2a: Garchomp
|-damage|p2a: Garchomp|88/100
|-damage|p1a: Tornadus|88/100|[from] ability: Rough Skin|[of] p2a: Garchomp
|-damage|p1a: Tornadus|71/100|[from] item: Rocky Helmet|[of] p2a: Garchomp
|-enditem|p2a: Garchomp|Rocky Helmet|[from] move: Knock Off|[of] p1a: Tornadus
|
|upkeep
|turn|13
|
|t:|1652490951
|switch|p1a: Buzzwole|Buzzwole|100/100
|move|p2a: Garchomp|Stealth Rock|p1a: Buzzwole
|-sidestart|p1: lebanesestinker|move: Stealth Rock
|
|upkeep
|turn|14
|
|t:|1652490958
|move|p1a: Buzzwole|Ice Punch|p2a: Garchomp
|-supereffective|p2a: Garchomp
|-damage|p2a: Garchomp|29/100
|-damage|p1a: Buzzwole|88/100|[from] ability: Rough Skin|[of] p2a: Garchomp
|move|p2a: Garchomp|Fire Blast|p1a: Buzzwole
|-supereffective|p1a: Buzzwole
|-damage|p1a: Buzzwole|36/100
|
|upkeep
|turn|15
|j| KMTQ
|
|t:|1652490965
|move|p2a: Garchomp|Endure|p2a: Garchomp
|-singleturn|p2a: Garchomp|move: Endure
|move|p1a: Buzzwole|Ice Punch|p2a: Garchomp
|-supereffective|p2a: Garchomp
|-activate|p2a: Garchomp|move: Endure
|-damage|p2a: Garchomp|1/100
|-damage|p1a: Buzzwole|23/100|[from] ability: Rough Skin|[of] p2a: Garchomp
|
|upkeep
|turn|16
|j| kaluo123
|
|t:|1652490972
|switch|p2a: Porygon2|Porygon2|100/100
|-ability|p2a: Porygon2|Beast Boost|[from] ability: Trace|[of] p1a: Buzzwole
|move|p1a: Buzzwole|Ice Punch|p2a: Porygon2
|-damage|p2a: Porygon2|79/100
|
|upkeep
|turn|17
|
|t:|1652490977
|switch|p2a: Garchomp|Garchomp, M|1/100
|move|p1a: Buzzwole|Roost|p1a: Buzzwole
|-heal|p1a: Buzzwole|73/100
|-singleturn|p1a: Buzzwole|move: Roost
|
|upkeep
|turn|18
|
|t:|1652490983
|move|p1a: Buzzwole|Ice Punch|p2a: Garchomp
|-supereffective|p2a: Garchomp
|-damage|p2a: Garchomp|0 fnt
|-damage|p1a: Buzzwole|61/100|[from] ability: Rough Skin|[of] p2a: Garchomp
|faint|p2a: Garchomp
|-ability|p1a: Buzzwole|Beast Boost|boost
|-boost|p1a: Buzzwole|def|1
|
|upkeep
|
|t:|1652490986
|switch|p2a: Tapu Lele|Tapu Lele|100/100
|-fieldstart|move: Psychic Terrain|[from] ability: Psychic Surge|[of] p2a: Tapu Lele
|turn|19
|
|t:|1652491002
|switch|p1a: Aegislash|Aegislash, F|94/100
|-damage|p1a: Aegislash|88/100|[from] Stealth Rock
|move|p2a: Tapu Lele|Psyshock|p1a: Aegislash
|-resisted|p1a: Aegislash
|-damage|p1a: Aegislash|56/100
|
|-heal|p1a: Aegislash|62/100|[from] item: Leftovers
|upkeep
|turn|20
|
|t:|1652491008
|switch|p2a: Heatran|Heatran, M|22/100
|move|p1a: Aegislash|King's Shield||[still]
|-fail|p1a: Aegislash
|
|-heal|p1a: Aegislash|68/100|[from] item: Leftovers
|upkeep
|turn|21
|
|t:|1652491011
|switch|p1a: Tornadus|Tornadus-Therian, M|100/100
|move|p2a: Heatran|Magma Storm|p1a: Tornadus
|-damage|p1a: Tornadus|51/100
|-activate|p1a: Tornadus|move: Magma Storm|[of] p2a: Heatran
|
|-damage|p1a: Tornadus|39/100|[from] move: Magma Storm|[partiallytrapped]
|upkeep
|turn|22
|
|t:|1652491017
|move|p2a: Heatran|Magma Storm|p1a: Tornadus
|-damage|p1a: Tornadus|0 fnt
|faint|p1a: Tornadus
|
|upkeep
|
|t:|1652491021
|switch|p1a: Toxapex|Toxapex, M|100/100
|-damage|p1a: Toxapex|88/100|[from] Stealth Rock
|turn|23
|
|t:|1652491025
|switch|p2a: Hippowdon|Hippowdon, M|24/100
|-weather|Sandstorm|[from] ability: Sand Stream|[of] p2a: Hippowdon
|move|p1a: Toxapex|Scald|p2a: Hippowdon
|-supereffective|p2a: Hippowdon
|-damage|p2a: Hippowdon|0 fnt
|faint|p2a: Hippowdon
|
|-weather|Sandstorm|[upkeep]
|-damage|p1a: Toxapex|82/100|[from] Sandstorm
|-fieldend|move: Psychic Terrain
|upkeep
|
|t:|1652491028
|switch|p2a: Tapu Lele|Tapu Lele|100/100
|-fieldstart|move: Psychic Terrain|[from] ability: Psychic Surge|[of] p2a: Tapu Lele
|turn|24
|
|t:|1652491041
|switch|p1a: Hippowdon|Hippowdon, F, shiny|100/100
|-damage|p1a: Hippowdon|94/100|[from] Stealth Rock
|move|p2a: Tapu Lele|Psyshock|p1a: Hippowdon
|-damage|p1a: Hippowdon|40/100
|
|-weather|Sandstorm|[upkeep]
|-damage|p2a: Tapu Lele|94/100|[from] Sandstorm
|-heal|p1a: Hippowdon|47/100|[from] item: Leftovers
|upkeep
|turn|25
|
|t:|1652491048
|move|p2a: Tapu Lele|Psyshock|p1a: Hippowdon
|-damage|p1a: Hippowdon|0 fnt
|faint|p1a: Hippowdon
|
|-weather|Sandstorm|[upkeep]
|-damage|p2a: Tapu Lele|88/100|[from] Sandstorm
|upkeep
|
|t:|1652491051
|switch|p1a: Aegislash|Aegislash, F|68/100
|-damage|p1a: Aegislash|62/100|[from] Stealth Rock
|turn|26
|
|t:|1652491056
|switch|p2a: Heatran|Heatran, M|22/100
|-formechange|p1a: Aegislash|Aegislash-Blade||[from] ability: Stance Change
|move|p1a: Aegislash|Shadow Ball|p2a: Heatran
|-damage|p2a: Heatran|0 fnt
|faint|p2a: Heatran
|
|-weather|Sandstorm|[upkeep]
|-heal|p1a: Aegislash|68/100|[from] item: Leftovers
|upkeep
|
|t:|1652491058
|switch|p2a: Dracozolt|Dracozolt|100/100
|turn|27
|
|t:|1652491059
|-formechange|p1a: Aegislash|Aegislash||[from] ability: Stance Change
|move|p1a: Aegislash|King's Shield|p1a: Aegislash
|-singleturn|p1a: Aegislash|Protect
|move|p2a: Dracozolt|Fire Blast|p1a: Aegislash
|-activate|p1a: Aegislash|move: Protect
|
|-weather|none
|-heal|p1a: Aegislash|74/100|[from] item: Leftovers
|upkeep
|turn|28
|
|t:|1652491065
|move|p2a: Dracozolt|Fire Blast|p1a: Aegislash
|-supereffective|p1a: Aegislash
|-damage|p1a: Aegislash|43/100
|move|p1a: Aegislash|Toxic|p2a: Dracozolt
|-status|p2a: Dracozolt|tox
|
|-heal|p1a: Aegislash|49/100|[from] item: Leftovers
|-damage|p2a: Dracozolt|94/100 tox|[from] psn
|-fieldend|move: Psychic Terrain
|upkeep
|turn|29
|
|t:|1652491072
|switch|p2a: Tapu Lele|Tapu Lele|88/100
|-fieldstart|move: Psychic Terrain|[from] ability: Psychic Surge|[of] p2a: Tapu Lele
|move|p1a: Aegislash|King's Shield||[still]
|-fail|p1a: Aegislash
|
|-heal|p1a: Aegislash|55/100|[from] item: Leftovers
|upkeep
|turn|30
|
|t:|1652491076
|move|p2a: Tapu Lele|Future Sight|p1a: Aegislash
|-start|p2a: Tapu Lele|move: Future Sight
|-formechange|p1a: Aegislash|Aegislash-Blade||[from] ability: Stance Change
|move|p1a: Aegislash|Shadow Ball|p2a: Tapu Lele
|-supereffective|p2a: Tapu Lele
|-damage|p2a: Tapu Lele|14/100
|
|-heal|p1a: Aegislash|61/100|[from] item: Leftovers
|upkeep
|turn|31
|
|t:|1652491082
|switch|p2a: Dracozolt|Dracozolt|94/100 tox
|move|p1a: Aegislash|Substitute|p1a: Aegislash
|-start|p1a: Aegislash|Substitute
|-damage|p1a: Aegislash|36/100
|
|-heal|p1a: Aegislash|43/100|[from] item: Leftovers
|-damage|p2a: Dracozolt|88/100 tox|[from] psn
|upkeep
|turn|32
|
|t:|1652491085
|-formechange|p1a: Aegislash|Aegislash||[from] ability: Stance Change
|move|p1a: Aegislash|King's Shield|p1a: Aegislash
|-singleturn|p1a: Aegislash|Protect
|move|p2a: Dracozolt|Earthquake|p1a: Aegislash
|-activate|p1a: Aegislash|move: Protect
|
|-end|p1a: Aegislash|move: Future Sight
|-resisted|p1a: Aegislash
|-end|p1a: Aegislash|Substitute
|-heal|p1a: Aegislash|49/100|[from] item: Leftovers
|-damage|p2a: Dracozolt|76/100 tox|[from] psn
|upkeep
|turn|33
|
|t:|1652491095
|switch|p1a: Buzzwole|Buzzwole|61/100
|move|p2a: Dracozolt|Earthquake|p1a: Buzzwole
|-resisted|p1a: Buzzwole
|-damage|p1a: Buzzwole|53/100
|
|-damage|p2a: Dracozolt|57/100 tox|[from] psn
|-fieldend|move: Psychic Terrain
|upkeep
|turn|34
|
|t:|1652491102
|move|p1a: Buzzwole|Earthquake|p2a: Dracozolt
|-supereffective|p2a: Dracozolt
|-damage|p2a: Dracozolt|0 fnt
|faint|p2a: Dracozolt
|-ability|p1a: Buzzwole|Beast Boost|boost
|-boost|p1a: Buzzwole|def|1
|
|upkeep
|
|t:|1652491105
|switch|p2a: Tapu Lele|Tapu Lele|14/100
|-fieldstart|move: Psychic Terrain|[from] ability: Psychic Surge|[of] p2a: Tapu Lele
|turn|35
|
|t:|1652491110
|switch|p1a: Toxapex|Toxapex, M|100/100
|-damage|p1a: Toxapex|88/100|[from] Stealth Rock
|move|p2a: Tapu Lele|Psyshock|p1a: Toxapex
|-supereffective|p1a: Toxapex
|-damage|p1a: Toxapex|0 fnt
|faint|p1a: Toxapex
|
|upkeep
|
|t:|1652491113
|switch|p1a: Aegislash|Aegislash, F|49/100
|-damage|p1a: Aegislash|43/100|[from] Stealth Rock
|turn|36
|
|t:|1652491121
|move|p1a: Aegislash|King's Shield|p1a: Aegislash
|-singleturn|p1a: Aegislash|Protect
|move|p2a: Tapu Lele|Psyshock|p1a: Aegislash
|-activate|p1a: Aegislash|move: Protect
|
|-heal|p1a: Aegislash|49/100|[from] item: Leftovers
|upkeep
|turn|37
|
|t:|1652491125
|move|p2a: Tapu Lele|Psyshock|p1a: Aegislash
|-resisted|p1a: Aegislash
|-damage|p1a: Aegislash|20/100
|-formechange|p1a: Aegislash|Aegislash-Blade||[from] ability: Stance Change
|move|p1a: Aegislash|Shadow Ball|p2a: Tapu Lele
|-supereffective|p2a: Tapu Lele
|-damage|p2a: Tapu Lele|0 fnt
|faint|p2a: Tapu Lele
|
|-heal|p1a: Aegislash|26/100|[from] item: Leftovers
|upkeep
|-message|yaboiAshK. forfeited.
|
|win|lebanesestinker
|raw|lebanesestinker's rating: 1644 &rarr; <strong>1663</strong><br />(+19 for winning)
|raw|yaboiAshK.'s rating: 1633 &rarr; <strong>1614</strong><br />(-19 for losing)
|l|☆yaboiAshK.
|l|☆lebanesestinker
|l| Byron Gym Leader
|l| kaluo123
|l| KMTQ
|j| KMTQ
