|j|☆HOF69
|j|☆GGeorgie
|t:|1658889203
|gametype|singles
|player|p1|HOF69|red|1819
|player|p2|GGeorgie|hiker-gen2|1819
|teamsize|p1|6
|teamsize|p2|6
|gen|8
|tier|[Gen 8] OU
|rated|
|rule|Sleep Clause Mod: Limit one foe put to sleep
|rule|Species Clause: Limit one of each Pokémon
|rule|OHKO Clause: OHKO moves are banned
|rule|Evasion Moves Clause: Evasion moves are banned
|rule|Endless Battle Clause: Forcing endless battles is banned
|rule|HP Percentage Mod: HP is shown in percentages
|rule|Dynamax Clause: You cannot dynamax
|clearpoke
|poke|p1|Blacephalon|
|poke|p1|Gengar, M|
|poke|p1|Krookodile, M|
|poke|p1|Kartana|
|poke|p1|Tapu Lele|
|poke|p1|Landorus-Therian, M|
|poke|p2|Tyranitar, F|
|poke|p2|Excadrill, F|
|poke|p2|Tornadus-Therian, M|
|poke|p2|Ditto|
|poke|p2|Toxapex, F|
|poke|p2|Tangrowth, F|
|teampreview
|j| nguyen eats dogs
|j| cteaming!
|inactive|Battle timer is ON: inactive players will automatically lose when time's up. (requested by GGeorgie)
|j| imchokingrn
|j| htcl (>◡<)
|j| Nauts
|j| Lost Temple
|j| quandle
|j| SDK04
|j| h moment
|l| SDK04
|
|t:|1658889230
|start
|switch|p1a: Krookodile|Krookodile, M|100/100
|switch|p2a: Toxapex|Toxapex, F|100/100
|-ability|p1a: Krookodile|Intimidate|boost
|-unboost|p2a: Toxapex|atk|1
|turn|1
|
|t:|1658889234
|move|p2a: Toxapex|Baneful Bunker|p2a: Toxapex
|-singleturn|p2a: Toxapex|move: Protect
|move|p1a: Krookodile|Stealth Rock|p2a: Toxapex
|-sidestart|p2: GGeorgie|move: Stealth Rock
|
|upkeep
|turn|2
|j| ticket picket
|
|t:|1658889243
|switch|p2a: Tangrowth|Tangrowth, F|100/100
|-damage|p2a: Tangrowth|88/100|[from] Stealth Rock
|move|p1a: Krookodile|Knock Off|p2a: Tangrowth
|-damage|p2a: Tangrowth|63/100
|-damage|p1a: Krookodile|84/100|[from] item: Rocky Helmet|[of] p2a: Tangrowth
|-enditem|p2a: Tangrowth|Rocky Helmet|[from] move: Knock Off|[of] p1a: Krookodile
|
|upkeep
|turn|3
|l| quandle
|
|t:|1658889252
|move|p1a: Krookodile|Earthquake|p2a: Tangrowth
|-resisted|p2a: Tangrowth
|-damage|p2a: Tangrowth|50/100
|move|p2a: Tangrowth|Giga Drain|p1a: Krookodile
|-supereffective|p1a: Krookodile
|-damage|p1a: Krookodile|5/100
|-heal|p2a: Tangrowth|82/100|[from] drain|[of] p1a: Krookodile
|
|upkeep
|turn|4
|l| ticket picket
|
|t:|1658889256
|move|p1a: Krookodile|Knock Off|p2a: Tangrowth
|-damage|p2a: Tangrowth|66/100
|move|p2a: Tangrowth|Knock Off|p1a: Krookodile
|-resisted|p1a: Krookodile
|-crit|p1a: Krookodile
|-damage|p1a: Krookodile|0 fnt
|-enditem|p1a: Krookodile|Focus Sash|[from] move: Knock Off|[of] p2a: Tangrowth
|faint|p1a: Krookodile
|
|upkeep
|
|t:|1658889271
|switch|p1a: Tapu Lele|Tapu Lele|100/100
|-fieldstart|move: Psychic Terrain|[from] ability: Psychic Surge|[of] p1a: Tapu Lele
|turn|5
|
|t:|1658889280
|switch|p2a: Toxapex|Toxapex, F|100/100
|-damage|p2a: Toxapex|88/100|[from] Stealth Rock
|move|p1a: Tapu Lele|Moonblast|p2a: Toxapex
|-resisted|p2a: Toxapex
|-damage|p2a: Toxapex|68/100
|
|upkeep
|turn|6
|j| maeve68
|
|t:|1658889285
|switch|p2a: Ditto|Ditto|100/100
|-damage|p2a: Ditto|88/100|[from] Stealth Rock
|-transform|p2a: Ditto|p1a: Tapu Lele|[from] ability: Imposter
|move|p1a: Tapu Lele|Psyshock|p2a: Ditto
|-resisted|p2a: Ditto
|-damage|p2a: Ditto|35/100
|
|upkeep
|turn|7
|j| surfnbird
|
|t:|1658889302
|switch|p1a: Landorus|Landorus-Therian, M|100/100
|-ability|p1a: Landorus|Intimidate|boost
|-unboost|p2a: Ditto|atk|1
|move|p2a: Ditto|Moonblast|p1a: Landorus
|-damage|p1a: Landorus|68/100
|
|upkeep
|turn|8
|
|t:|1658889305
|move|p2a: Ditto|Moonblast|p1a: Landorus
|-damage|p1a: Landorus|33/100
|-unboost|p1a: Landorus|spa|1
|move|p1a: Landorus|U-turn|p2a: Ditto
|-damage|p2a: Ditto|0 fnt
|faint|p2a: Ditto
|
|t:|1658889319
|switch|p1a: Gengar|Gengar, M, shiny|100/100|[from]move: U-turn
|
|upkeep
|
|t:|1658889324
|switch|p2a: Tyranitar|Tyranitar, F|100/100
|-damage|p2a: Tyranitar|88/100|[from] Stealth Rock
|-weather|Sandstorm|[from] ability: Sand Stream|[of] p2a: Tyranitar
|turn|9
|
|t:|1658889326
|switch|p2a: Tornadus|Tornadus-Therian, M|100/100
|move|p1a: Gengar|Focus Blast|p2a: Tornadus
|-resisted|p2a: Tornadus
|-damage|p2a: Tornadus|73/100
|
|-weather|Sandstorm|[upkeep]
|-damage|p2a: Tornadus|67/100|[from] Sandstorm
|-damage|p1a: Gengar|94/100|[from] Sandstorm
|-fieldend|move: Psychic Terrain
|upkeep
|turn|10
|
|t:|1658889331
|move|p2a: Tornadus|Nasty Plot|p2a: Tornadus
|-boost|p2a: Tornadus|spa|2
|move|p1a: Gengar|Sludge Wave|p2a: Tornadus
|-damage|p2a: Tornadus|7/100
|
|-weather|Sandstorm|[upkeep]
|-damage|p2a: Tornadus|1/100|[from] Sandstorm
|-damage|p1a: Gengar|88/100|[from] Sandstorm
|upkeep
|turn|11
|
|t:|1658889338
|move|p2a: Tornadus|Hurricane|p1a: Gengar|[miss]
|-miss|p2a: Tornadus|p1a: Gengar
|move|p1a: Gengar|Shadow Ball|p2a: Tornadus
|-damage|p2a: Tornadus|0 fnt
|faint|p2a: Tornadus
|
|-weather|Sandstorm|[upkeep]
|-damage|p1a: Gengar|82/100|[from] Sandstorm
|upkeep
|
|t:|1658889341
|switch|p2a: Excadrill|Excadrill, F|100/100
|-damage|p2a: Excadrill|97/100|[from] Stealth Rock
|-item|p2a: Excadrill|Air Balloon
|turn|12
|
|t:|1658889345
|move|p2a: Excadrill|Earthquake|p1a: Gengar
|-supereffective|p1a: Gengar
|-damage|p1a: Gengar|0 fnt
|faint|p1a: Gengar
|
|-weather|Sandstorm|[upkeep]
|upkeep
|j| needleinthehay
|
|t:|1658889354
|switch|p1a: Kartana|Kartana|100/100
|turn|13
|j| rthtfhngy
|
|t:|1658889356
|switch|p2a: Tangrowth|Tangrowth, F|99/100
|-damage|p2a: Tangrowth|87/100|[from] Stealth Rock
|move|p1a: Kartana|Sacred Sword|p2a: Tangrowth
|-damage|p2a: Tangrowth|64/100
|
|-weather|none
|upkeep
|turn|14
|
|t:|1658889368
|switch|p1a: Landorus|Landorus-Therian, M|33/100
|-ability|p1a: Landorus|Intimidate|boost
|-unboost|p2a: Tangrowth|atk|1
|move|p2a: Tangrowth|Sleep Powder|p1a: Landorus
|-status|p1a: Landorus|slp|[from] move: Sleep Powder
|
|upkeep
|turn|15
|
|t:|1658889372
|cant|p1a: Landorus|slp
|move|p2a: Tangrowth|Giga Drain|p1a: Landorus
|-damage|p1a: Landorus|14/100 slp
|-heal|p2a: Tangrowth|73/100|[from] drain|[of] p1a: Landorus
|
|upkeep
|turn|16
|
|t:|1658889379
|cant|p1a: Landorus|slp
|move|p2a: Tangrowth|Giga Drain|p1a: Landorus
|-damage|p1a: Landorus|0 fnt
|-heal|p2a: Tangrowth|80/100|[from] drain|[of] p1a: Landorus
|faint|p1a: Landorus
|
|upkeep
|j| Taco Pogrom
|
|t:|1658889389
|switch|p1a: Tapu Lele|Tapu Lele|100/100
|-fieldstart|move: Psychic Terrain|[from] ability: Psychic Surge|[of] p1a: Tapu Lele
|turn|17
|
|t:|1658889392
|switch|p2a: Tyranitar|Tyranitar, F|88/100
|-damage|p2a: Tyranitar|76/100|[from] Stealth Rock
|-weather|Sandstorm|[from] ability: Sand Stream|[of] p2a: Tyranitar
|move|p1a: Tapu Lele|Psyshock|p2a: Tyranitar
|-immune|p2a: Tyranitar
|
|-weather|Sandstorm|[upkeep]
|-damage|p1a: Tapu Lele|94/100|[from] Sandstorm
|upkeep
|turn|18
|
|t:|1658889396
|switch|p2a: Toxapex|Toxapex, F|100/100
|-damage|p2a: Toxapex|88/100|[from] Stealth Rock
|move|p1a: Tapu Lele|Focus Blast|p2a: Toxapex
|-resisted|p2a: Toxapex
|-crit|p2a: Toxapex
|-damage|p2a: Toxapex|66/100
|-unboost|p2a: Toxapex|spd|1
|
|-weather|Sandstorm|[upkeep]
|-damage|p1a: Tapu Lele|88/100|[from] Sandstorm
|-damage|p2a: Toxapex|60/100|[from] Sandstorm
|upkeep
|turn|19
|
|t:|1658889401
|move|p1a: Tapu Lele|Focus Blast|p2a: Toxapex|[miss]
|-miss|p1a: Tapu Lele|p2a: Toxapex
|move|p2a: Toxapex|Scald|p1a: Tapu Lele
|-damage|p1a: Tapu Lele|70/100
|-status|p1a: Tapu Lele|brn
|
|-weather|Sandstorm|[upkeep]
|-damage|p1a: Tapu Lele|64/100 brn|[from] Sandstorm
|-damage|p2a: Toxapex|54/100|[from] Sandstorm
|-damage|p1a: Tapu Lele|58/100 brn|[from] brn
|upkeep
|turn|20
|
|t:|1658889407
|move|p1a: Tapu Lele|Psyshock|p2a: Toxapex
|-supereffective|p2a: Toxapex
|-damage|p2a: Toxapex|0 fnt
|faint|p2a: Toxapex
|
|-weather|Sandstorm|[upkeep]
|-damage|p1a: Tapu Lele|52/100 brn|[from] Sandstorm
|-damage|p1a: Tapu Lele|46/100 brn|[from] brn
|upkeep
|
|t:|1658889408
|switch|p2a: Excadrill|Excadrill, F|97/100
|-damage|p2a: Excadrill|94/100|[from] Stealth Rock
|-item|p2a: Excadrill|Air Balloon
|turn|21
|
|t:|1658889419
|switch|p1a: Blacephalon|Blacephalon|100/100
|move|p2a: Excadrill|Earthquake|p1a: Blacephalon
|-supereffective|p1a: Blacephalon
|-damage|p1a: Blacephalon|0 fnt
|faint|p1a: Blacephalon
|
|-weather|none
|-fieldend|move: Psychic Terrain
|upkeep
|
|t:|1658889421
|switch|p1a: Kartana|Kartana|100/100
|turn|22
|
|t:|1658889426
|switch|p2a: Tangrowth|Tangrowth, F|100/100
|-damage|p2a: Tangrowth|88/100|[from] Stealth Rock
|move|p1a: Kartana|Swords Dance|p1a: Kartana
|-boost|p1a: Kartana|atk|2
|
|upkeep
|turn|23
|
|t:|1658889428
|move|p1a: Kartana|Sacred Sword|p2a: Tangrowth
|-damage|p2a: Tangrowth|48/100
|move|p2a: Tangrowth|Focus Blast|p1a: Kartana|[miss]
|-miss|p2a: Tangrowth|p1a: Kartana
|
|upkeep
|turn|24
|
|t:|1658889435
|move|p1a: Kartana|Sacred Sword|p2a: Tangrowth
|-damage|p2a: Tangrowth|5/100
|move|p2a: Tangrowth|Focus Blast|p1a: Kartana
|-supereffective|p1a: Kartana
|-damage|p1a: Kartana|0 fnt
|faint|p1a: Kartana
|
|upkeep
|j| fnatic.olofm
|-message|HOF69 forfeited.
|
|win|GGeorgie
|raw|HOF69's rating: 1819 &rarr; <strong>1799</strong><br />(-20 for losing)
|raw|GGeorgie's rating: 1819 &rarr; <strong>1839</strong><br />(+20 for winning)
|l|☆HOF69
