|j|☆Antonazz
|j|☆Mimikyu Stardust
|t:|1648469093
|gametype|singles
|player|p1|Antonazz|palmer|1777
|player|p2|Mimikyu Stardust|#mimikyustardust|1858
|teamsize|p1|6
|teamsize|p2|6
|gen|8
|tier|[Gen 8] OU
|rated|
|rule|Sleep Clause Mod: Limit one foe put to sleep
|rule|Species Clause: Limit one of each Pokémon
|rule|OHKO Clause: OHKO moves are banned
|rule|Evasion Moves Clause: Evasion moves are banned
|rule|Endless Battle Clause: Forcing endless battles is banned
|rule|HP Percentage Mod: HP is shown in percentages
|rule|Dynamax Clause: You cannot dynamax
|clearpoke
|poke|p1|Kommo-o, M|
|poke|p1|Tapu Koko|
|poke|p1|Landorus-Therian, M|
|poke|p1|Corviknight, M|
|poke|p1|Slowking-Galar, M|
|poke|p1|Weavile, M|
|poke|p2|Druddigon, F|
|poke|p2|Togekiss, F|
|poke|p2|Melmetal|
|poke|p2|Volcarona, M|
|poke|p2|Hydreigon, M|
|poke|p2|Zeraora|
|teampreview
|c|☆Mimikyu Stardust|glhf
|j| fruityiscool423
|
|t:|1648469109
|start
|switch|p1a: Tapu Koko|Tapu Koko|100/100
|switch|p2a: Druddigon|Druddigon, F|100/100
|-fieldstart|move: Electric Terrain|[from] ability: Electric Surge|[of] p1a: Tapu Koko
|-ability|p2a: Druddigon|Mold Breaker
|turn|1
|
|t:|1648469113
|move|p1a: Tapu Koko|Dazzling Gleam|p2a: Druddigon
|-supereffective|p2a: Druddigon
|-crit|p2a: Druddigon
|-enditem|p2a: Druddigon|Roseli Berry|[eat]
|-enditem|p2a: Druddigon|Roseli Berry|[weaken]
|-damage|p2a: Druddigon|50/100
|move|p2a: Druddigon|Gunk Shot|p1a: Tapu Koko|[miss]
|-miss|p2a: Druddigon|p1a: Tapu Koko
|
|upkeep
|turn|2
|c| fruityiscool423|xd
|c|☆Antonazz|Mb
|c|☆Antonazz|Hf
|c| fruityiscool423|crit+dodge
|c|☆Mimikyu Stardust|its fine
|c|☆Mimikyu Stardust|glhf
|
|t:|1648469136
|switch|p2a: Melmetal|Melmetal|100/100
|move|p1a: Tapu Koko|Dazzling Gleam|p2a: Melmetal
|-resisted|p2a: Melmetal
|-damage|p2a: Melmetal|84/100
|
|upkeep
|turn|3
|
|t:|1648469143
|move|p1a: Tapu Koko|U-turn|p2a: Melmetal
|-resisted|p2a: Melmetal
|-damage|p2a: Melmetal|79/100
|
|t:|1648469146
|switch|p1a: Corviknight|Corviknight, M|100/100|[from]move: U-turn
|-ability|p1a: Corviknight|Pressure
|move|p2a: Melmetal|Double Iron Bash|p1a: Corviknight
|-resisted|p1a: Corviknight
|-damage|p1a: Corviknight|85/100
|-resisted|p1a: Corviknight
|-damage|p1a: Corviknight|72/100
|-hitcount|p1a: Corviknight|2
|
|upkeep
|turn|4
|c|☆Mimikyu Stardust|despite it giving me depression, didnt matter as much
|
|t:|1648469152
|switch|p1a: Landorus|Landorus-Therian, M|100/100
|-ability|p1a: Landorus|Intimidate|boost
|-unboost|p2a: Melmetal|atk|1
|move|p2a: Melmetal|Thunder Wave|p1a: Landorus
|-immune|p1a: Landorus
|
|upkeep
|turn|5
|
|t:|1648469164
|switch|p2a: Hydreigon|Hydreigon, M|100/100
|move|p1a: Landorus|Earthquake|p2a: Hydreigon
|-immune|p2a: Hydreigon|[from] ability: Levitate
|
|-fieldend|move: Electric Terrain
|upkeep
|turn|6
|
|t:|1648469168
|switch|p1a: Slowking|Slowking-Galar, M|100/100
|move|p2a: Hydreigon|Dark Pulse|p1a: Slowking
|-supereffective|p1a: Slowking
|-crit|p1a: Slowking
|-damage|p1a: Slowking|32/100
|-damage|p2a: Hydreigon|91/100|[from] item: Life Orb
|
|upkeep
|turn|7
|j| cwp55
|
|t:|1648469181
|switch|p1a: Tapu Koko|Tapu Koko|100/100
|-fieldstart|move: Electric Terrain|[from] ability: Electric Surge|[of] p1a: Tapu Koko
|move|p2a: Hydreigon|Earth Power|p1a: Tapu Koko
|-supereffective|p1a: Tapu Koko
|-damage|p1a: Tapu Koko|0 fnt
|faint|p1a: Tapu Koko
|-damage|p2a: Hydreigon|81/100|[from] item: Life Orb
|
|upkeep
|
|t:|1648469187
|switch|p1a: Weavile|Weavile, M|100/100
|-ability|p1a: Weavile|Pressure
|turn|8
|
|t:|1648469231
|switch|p2a: Volcarona|Volcarona, M|100/100
|move|p1a: Weavile|Knock Off|p2a: Volcarona
|-damage|p2a: Volcarona|29/100
|-enditem|p2a: Volcarona|Heavy-Duty Boots|[from] move: Knock Off|[of] p1a: Weavile
|
|upkeep
|turn|9
|
|t:|1648469250
|move|p1a: Weavile|Knock Off|p2a: Volcarona
|-damage|p2a: Volcarona|0 fnt
|-status|p1a: Weavile|brn|[from] ability: Flame Body|[of] p2a: Volcarona
|faint|p2a: Volcarona
|
|-damage|p1a: Weavile|94/100 brn|[from] brn
|upkeep
|
|t:|1648469277
|switch|p2a: Hydreigon|Hydreigon, M|81/100
|turn|10
|
|t:|1648469293
|move|p1a: Weavile|Knock Off|p2a: Hydreigon
|-resisted|p2a: Hydreigon
|-damage|p2a: Hydreigon|60/100
|-enditem|p2a: Hydreigon|Life Orb|[from] move: Knock Off|[of] p1a: Weavile
|move|p2a: Hydreigon|Nasty Plot|p2a: Hydreigon
|-boost|p2a: Hydreigon|spa|2
|
|-damage|p1a: Weavile|88/100 brn|[from] brn
|upkeep
|turn|11
|
|t:|1648469299
|move|p1a: Weavile|Knock Off|p2a: Hydreigon
|-resisted|p2a: Hydreigon
|-damage|p2a: Hydreigon|45/100
|move|p2a: Hydreigon|Roost|p2a: Hydreigon
|-heal|p2a: Hydreigon|96/100
|-singleturn|p2a: Hydreigon|move: Roost
|
|-damage|p1a: Weavile|82/100 brn|[from] brn
|-fieldend|move: Electric Terrain
|upkeep
|turn|12
|
|t:|1648469311
|switch|p1a: Corviknight|Corviknight, M|72/100
|-ability|p1a: Corviknight|Pressure
|move|p2a: Hydreigon|Nasty Plot|p2a: Hydreigon
|-boost|p2a: Hydreigon|spa|2
|
|upkeep
|turn|13
|
|t:|1648469316
|move|p2a: Hydreigon|Dark Pulse|p1a: Corviknight
|-damage|p1a: Corviknight|0 fnt
|faint|p1a: Corviknight
|
|upkeep
|
|t:|1648469318
|switch|p1a: Weavile|Weavile, M|82/100 brn
|-ability|p1a: Weavile|Pressure
|turn|14
|j| supahotnicememe
|
|t:|1648469357
|switch|p2a: Melmetal|Melmetal|79/100
|move|p1a: Weavile|Triple Axel|p2a: Melmetal
|-resisted|p2a: Melmetal
|-damage|p2a: Melmetal|77/100
|-resisted|p2a: Melmetal
|-damage|p2a: Melmetal|72/100
|-resisted|p2a: Melmetal
|-damage|p2a: Melmetal|65/100
|-hitcount|p2a: Melmetal|3
|
|-damage|p1a: Weavile|76/100 brn|[from] brn
|upkeep
|turn|15
|
|t:|1648469363
|switch|p1a: Kommo-o|Kommo-o, M|100/100
|move|p2a: Melmetal|Double Iron Bash|p1a: Kommo-o
|-damage|p1a: Kommo-o|71/100
|-damage|p1a: Kommo-o|42/100
|-hitcount|p1a: Kommo-o|2
|
|-heal|p1a: Kommo-o|49/100|[from] item: Leftovers
|upkeep
|turn|16
|
|t:|1648469369
|move|p1a: Kommo-o|Protect|p1a: Kommo-o
|-singleturn|p1a: Kommo-o|Protect
|move|p2a: Melmetal|Double Iron Bash|p1a: Kommo-o
|-activate|p1a: Kommo-o|move: Protect
|
|-heal|p1a: Kommo-o|55/100|[from] item: Leftovers
|upkeep
|turn|17
|
|t:|1648469383
|move|p1a: Kommo-o|Body Press|p2a: Melmetal
|-supereffective|p2a: Melmetal
|-damage|p2a: Melmetal|20/100
|move|p2a: Melmetal|Double Iron Bash|p1a: Kommo-o
|-damage|p1a: Kommo-o|26/100
|-damage|p1a: Kommo-o|0 fnt
|faint|p1a: Kommo-o
|-hitcount|p1: Kommo-o|2
|
|upkeep
|
|t:|1648469386
|switch|p1a: Landorus|Landorus-Therian, M|100/100
|-ability|p1a: Landorus|Intimidate|boost
|-unboost|p2a: Melmetal|atk|1
|turn|18
|
|t:|1648469396
|move|p1a: Landorus|Earthquake|p2a: Melmetal
|-supereffective|p2a: Melmetal
|-damage|p2a: Melmetal|0 fnt
|faint|p2a: Melmetal
|
|upkeep
|
|t:|1648469405
|switch|p2a: Togekiss|Togekiss, F|100/100
|turn|19
|
|t:|1648469410
|switch|p1a: Slowking|Slowking-Galar, M|66/100
|move|p2a: Togekiss|Air Slash|p1a: Slowking
|-damage|p1a: Slowking|48/100
|
|upkeep
|turn|20
|
|t:|1648469414
|move|p2a: Togekiss|Air Slash|p1a: Slowking
|-damage|p1a: Slowking|31/100
|move|p1a: Slowking|Sludge Bomb|p2a: Togekiss
|-supereffective|p2a: Togekiss
|-damage|p2a: Togekiss|27/100
|
|upkeep
|turn|21
|
|t:|1648469421
|move|p2a: Togekiss|Air Slash|p1a: Slowking
|-damage|p1a: Slowking|13/100
|cant|p1a: Slowking|flinch
|
|upkeep
|turn|22
|
|t:|1648469426
|switch|p1a: Weavile|Weavile, M|76/100 brn
|-ability|p1a: Weavile|Pressure
|move|p2a: Togekiss|Air Slash|p1a: Weavile
|-damage|p1a: Weavile|25/100 brn
|
|-damage|p1a: Weavile|19/100 brn|[from] brn
|upkeep
|turn|23
|
|t:|1648469432
|switch|p2a: Druddigon|Druddigon, F|50/100
|-ability|p2a: Druddigon|Mold Breaker
|move|p1a: Weavile|Ice Shard|p2a: Druddigon
|-supereffective|p2a: Druddigon
|-damage|p2a: Druddigon|19/100
|
|-damage|p1a: Weavile|13/100 brn|[from] brn
|upkeep
|turn|24
|
|t:|1648469436
|move|p1a: Weavile|Ice Shard|p2a: Druddigon
|-supereffective|p2a: Druddigon
|-damage|p2a: Druddigon|0 fnt
|faint|p2a: Druddigon
|
|-damage|p1a: Weavile|7/100 brn|[from] brn
|upkeep
|
|t:|1648469444
|switch|p2a: Hydreigon|Hydreigon, M|96/100
|turn|25
|
|t:|1648469450
|switch|p1a: Slowking|Slowking-Galar, M|46/100
|move|p2a: Hydreigon|Dark Pulse|p1a: Slowking
|-supereffective|p1a: Slowking
|-damage|p1a: Slowking|12/100
|
|upkeep
|turn|26
|
|t:|1648469453
|move|p2a: Hydreigon|Dark Pulse|p1a: Slowking
|-supereffective|p1a: Slowking
|-damage|p1a: Slowking|0 fnt
|faint|p1a: Slowking
|
|upkeep
|
|t:|1648469455
|switch|p1a: Weavile|Weavile, M|7/100 brn
|-ability|p1a: Weavile|Pressure
|turn|27
|
|t:|1648469462
|move|p1a: Weavile|Triple Axel|p2a: Hydreigon|[miss]
|-miss|p1a: Weavile|p2a: Hydreigon
|move|p2a: Hydreigon|Roost|p2a: Hydreigon
|-heal|p2a: Hydreigon|100/100
|-singleturn|p2a: Hydreigon|move: Roost
|
|-damage|p1a: Weavile|1/100 brn|[from] brn
|upkeep
|turn|28
|c|☆Antonazz|Gg
|c|☆Mimikyu Stardust|gg
|c|☆Antonazz|I'm so Bad at this game
|
|t:|1648469485
|move|p1a: Weavile|Triple Axel|p2a: Hydreigon
|-supereffective|p2a: Hydreigon
|-damage|p2a: Hydreigon|83/100
|-supereffective|p2a: Hydreigon
|-damage|p2a: Hydreigon|48/100
|-supereffective|p2a: Hydreigon
|-damage|p2a: Hydreigon|0 fnt
|faint|p2a: Hydreigon
|-hitcount|p2: Hydreigon|3
|
|-damage|p1a: Weavile|0 fnt|[from] brn
|faint|p1a: Weavile
|upkeep
|
|t:|1648469492
|switch|p1a: Landorus|Landorus-Therian, M|100/100
|switch|p2a: Togekiss|Togekiss, F|27/100
|-ability|p1a: Landorus|Intimidate|boost
|-unboost|p2a: Togekiss|atk|1
|turn|29
|
|t:|1648469497
|move|p2a: Togekiss|Air Slash|p1a: Landorus
|-damage|p1a: Landorus|49/100
|cant|p1a: Landorus|flinch
|
|upkeep
|turn|30
|
|t:|1648469502
|move|p2a: Togekiss|Air Slash|p1a: Landorus
|-damage|p1a: Landorus|0 fnt
|faint|p1a: Landorus
|
|win|Mimikyu Stardust
|raw|Antonazz's rating: 1777 &rarr; <strong>1762</strong><br />(-15 for losing)
|raw|Mimikyu Stardust's rating: 1865 &rarr; <strong>1880</strong><br />(+15 for winning)
|l|☆Antonazz
|c|☆Mimikyu Stardust|you'll get better
|l|☆Mimikyu Stardust
|l| cwp55
||Ladder isn't responding, score probably updated but might not have (Request timeout).
|j|☆Mimikyu Stardust
|player|p2|Mimikyu Stardust|#mimikyustardust
|j| vkhss
