|j|☆Red Rushun
|j|‽minimax_ai
|t:|1667358303
|gametype|singles
|player|p1|Red Rushun|clair|1652
|player|p2|minimax_ai|266|1632
|teamsize|p1|6
|teamsize|p2|6
|gen|8
|tier|[Gen 8] OU
|rated|
|rule|Sleep Clause Mod: Limit one foe put to sleep
|rule|Species Clause: Limit one of each Pokémon
|rule|OHKO Clause: OHKO moves are banned
|rule|Evasion Items Clause: Evasion items are banned
|rule|Evasion Moves Clause: Evasion moves are banned
|rule|Endless Battle Clause: Forcing endless battles is banned
|rule|HP Percentage Mod: HP is shown in percentages
|rule|Dynamax Clause: You cannot dynamax
|clearpoke
|poke|p1|Dragapult, F|
|poke|p1|Blastoise, F|
|poke|p1|Tapu Lele|
|poke|p1|Cobalion|
|poke|p1|Grimmsnarl, M|
|poke|p1|Landorus-Therian, M|
|poke|p2|Rotom-Wash|
|poke|p2|Weavile, F|
|poke|p2|Landorus-Therian, M|
|poke|p2|Heatran, M|
|poke|p2|Tangrowth, M|
|poke|p2|Melmetal|
|teampreview
|inactive|Battle timer is ON: inactive players will automatically lose when time's up. (requested by minimax_ai)
|
|t:|1667358335
|start
|switch|p1a: Cobalion|Cobalion, shiny|100/100
|switch|p2a: Rotom|Rotom-Wash|100/100
|turn|1
|
|t:|1667358355
|move|p1a: Cobalion|Toxic|p2a: Rotom
|-status|p2a: Rotom|tox
|move|p2a: Rotom|Hydro Pump|p1a: Cobalion
|-damage|p1a: Cobalion|47/100
|
|-damage|p2a: Rotom|94/100 tox|[from] psn
|upkeep
|turn|2
|
|t:|1667358365
|move|p1a: Cobalion|Stealth Rock|p2a: Rotom
|-sidestart|p2: minimax_ai|move: Stealth Rock
|move|p2a: Rotom|Hydro Pump|p1a: Cobalion
|-damage|p1a: Cobalion|0 fnt
|faint|p1a: Cobalion
|
|-heal|p2a: Rotom|100/100 tox|[from] item: Leftovers
|-damage|p2a: Rotom|88/100 tox|[from] psn
|upkeep
|
|t:|1667358375
|switch|p1a: Blastoise|Blastoise, F, shiny|100/100
|turn|3
|
|t:|1667358377
|move|p2a: Rotom|Thunderbolt|p1a: Blastoise
|-supereffective|p1a: Blastoise
|-damage|p1a: Blastoise|22/100
|move|p1a: Blastoise|Shell Smash|p1a: Blastoise
|-unboost|p1a: Blastoise|def|1
|-unboost|p1a: Blastoise|spd|1
|-boost|p1a: Blastoise|atk|2
|-boost|p1a: Blastoise|spa|2
|-boost|p1a: Blastoise|spe|2
|-enditem|p1a: Blastoise|White Herb
|-clearnegativeboost|p1a: Blastoise|[silent]
|
|-heal|p2a: Rotom|94/100 tox|[from] item: Leftovers
|-damage|p2a: Rotom|75/100 tox|[from] psn
|upkeep
|turn|4
|
|t:|1667358385
|move|p1a: Blastoise|Dark Pulse|p2a: Rotom
|-damage|p2a: Rotom|26/100 tox
|cant|p2a: Rotom|flinch
|
|-heal|p2a: Rotom|32/100 tox|[from] item: Leftovers
|-damage|p2a: Rotom|7/100 tox|[from] psn
|upkeep
|turn|5
|
|t:|1667358395
|move|p1a: Blastoise|Surf|p2a: Rotom
|-resisted|p2a: Rotom
|-damage|p2a: Rotom|0 fnt
|faint|p2a: Rotom
|
|upkeep
|
|t:|1667358395
|switch|p2a: Melmetal|Melmetal|100/100
|-damage|p2a: Melmetal|94/100|[from] Stealth Rock
|turn|6
|
|t:|1667358399
|move|p1a: Blastoise|Surf|p2a: Melmetal
|-damage|p2a: Melmetal|31/100
|move|p2a: Melmetal|Double Iron Bash|p1a: Blastoise
|-resisted|p1a: Blastoise
|-damage|p1a: Blastoise|0 fnt
|faint|p1a: Blastoise
|-hitcount|p1: Blastoise|1
|
|upkeep
|
|t:|1667358412
|switch|p1a: Landorus|Landorus-Therian, M, shiny|100/100
|-ability|p1a: Landorus|Intimidate|boost
|-unboost|p2a: Melmetal|atk|1
|turn|7
|
|t:|1667358415
|switch|p2a: Landorus|Landorus-Therian, M|100/100
|-damage|p2a: Landorus|88/100|[from] Stealth Rock
|-ability|p2a: Landorus|Intimidate|boost
|-unboost|p1a: Landorus|atk|1
|move|p1a: Landorus|Substitute|p1a: Landorus
|-start|p1a: Landorus|Substitute
|-damage|p1a: Landorus|76/100
|
|-heal|p1a: Landorus|82/100|[from] item: Leftovers
|-heal|p2a: Landorus|94/100|[from] item: Leftovers
|upkeep
|turn|8
|
|t:|1667358418
|move|p1a: Landorus|Swords Dance|p1a: Landorus
|-boost|p1a: Landorus|atk|2
|move|p2a: Landorus|Defog|p1a: Landorus
|-sideend|p2: minimax_ai|Stealth Rock|[from] move: Defog|[of] p2a: Landorus
|
|-heal|p1a: Landorus|88/100|[from] item: Leftovers
|-heal|p2a: Landorus|99/100|[from] item: Leftovers
|upkeep
|turn|9
|
|t:|1667358428
|switch|p2a: Tangrowth|Tangrowth, M|100/100
|move|p1a: Landorus|Swords Dance|p1a: Landorus
|-boost|p1a: Landorus|atk|2
|
|-heal|p1a: Landorus|94/100|[from] item: Leftovers
|upkeep
|turn|10
|
|t:|1667358431
|move|p1a: Landorus|Stone Edge|p2a: Tangrowth|[miss]
|-miss|p1a: Landorus|p2a: Tangrowth
|move|p2a: Tangrowth|Giga Drain|p1a: Landorus
|-end|p1a: Landorus|Substitute
|
|-heal|p1a: Landorus|99/100|[from] item: Leftovers
|upkeep
|turn|11
|
|t:|1667358434
|move|p1a: Landorus|Stone Edge|p2a: Tangrowth|[miss]
|-miss|p1a: Landorus|p2a: Tangrowth
|move|p2a: Tangrowth|Giga Drain|p1a: Landorus
|-damage|p1a: Landorus|64/100
|
|-heal|p1a: Landorus|70/100|[from] item: Leftovers
|upkeep
|turn|12
|
|t:|1667358438
|move|p1a: Landorus|Stone Edge|p2a: Tangrowth|[miss]
|-miss|p1a: Landorus|p2a: Tangrowth
|move|p2a: Tangrowth|Giga Drain|p1a: Landorus
|-damage|p1a: Landorus|32/100
|
|-heal|p1a: Landorus|38/100|[from] item: Leftovers
|upkeep
|turn|13
|
|t:|1667358441
|move|p1a: Landorus|Stone Edge|p2a: Tangrowth
|-crit|p2a: Tangrowth
|-damage|p2a: Tangrowth|21/100
|move|p2a: Tangrowth|Giga Drain|p1a: Landorus
|-damage|p1a: Landorus|5/100
|-heal|p2a: Tangrowth|34/100|[from] drain|[of] p1a: Landorus
|
|-heal|p1a: Landorus|11/100|[from] item: Leftovers
|upkeep
|turn|14
|
|t:|1667358446
|switch|p2a: Landorus|Landorus-Therian, M|99/100
|-ability|p2a: Landorus|Intimidate|boost
|-unboost|p1a: Landorus|atk|1
|move|p1a: Landorus|Stone Edge|p2a: Landorus
|-damage|p2a: Landorus|28/100
|
|-heal|p1a: Landorus|17/100|[from] item: Leftovers
|-heal|p2a: Landorus|34/100|[from] item: Leftovers
|upkeep
|turn|15
|
|t:|1667358451
|move|p1a: Landorus|Stone Edge|p2a: Landorus
|-damage|p2a: Landorus|0 fnt
|faint|p2a: Landorus
|
|-heal|p1a: Landorus|23/100|[from] item: Leftovers
|upkeep
|
|t:|1667358451
|switch|p2a: Weavile|Weavile, F|100/100
|-ability|p2a: Weavile|Pressure
|turn|16
|
|t:|1667358462
|move|p2a: Weavile|Triple Axel|p1a: Landorus
|-supereffective|p1a: Landorus
|-damage|p1a: Landorus|0 fnt
|faint|p1a: Landorus
|-hitcount|p1: Landorus|1
|
|upkeep
|
|t:|1667358468
|switch|p1a: Grimmsnarl|Grimmsnarl, M|100/100
|turn|17
|
|t:|1667358471
|switch|p2a: Heatran|Heatran, M|100/100
|-item|p2a: Heatran|Air Balloon
|move|p1a: Grimmsnarl|Reflect|p1a: Grimmsnarl
|-sidestart|p1: Red Rushun|Reflect
|
|upkeep
|turn|18
|
|t:|1667358480
|move|p1a: Grimmsnarl|Thunder Wave|p2a: Heatran
|-status|p2a: Heatran|par
|move|p2a: Heatran|Eruption|p1a: Grimmsnarl
|-damage|p1a: Grimmsnarl|42/100
|
|upkeep
|turn|19
|
|t:|1667358485
|move|p1a: Grimmsnarl|Light Screen|p1a: Grimmsnarl
|-sidestart|p1: Red Rushun|move: Light Screen
|move|p2a: Heatran|Eruption|p1a: Grimmsnarl
|-damage|p1a: Grimmsnarl|15/100
|
|upkeep
|turn|20
|
|t:|1667358488
|move|p1a: Grimmsnarl|Spirit Break|p2a: Heatran
|-resisted|p2a: Heatran
|-damage|p2a: Heatran|93/100 par
|-unboost|p2a: Heatran|spa|1
|-enditem|p2a: Heatran|Air Balloon
|move|p2a: Heatran|Magma Storm|p1a: Grimmsnarl
|-damage|p1a: Grimmsnarl|0 fnt
|faint|p1a: Grimmsnarl
|
|upkeep
|
|t:|1667358494
|switch|p1a: Dragapult|Dragapult, F|100/100
|turn|21
|
|t:|1667358496
|move|p1a: Dragapult|Dragon Dance|p1a: Dragapult
|-boost|p1a: Dragapult|atk|1
|-boost|p1a: Dragapult|spe|1
|move|p2a: Heatran|Magma Storm|p1a: Dragapult
|-resisted|p1a: Dragapult
|-damage|p1a: Dragapult|89/100
|-activate|p1a: Dragapult|move: Magma Storm|[of] p2a: Heatran
|
|-damage|p1a: Dragapult|76/100|[from] move: Magma Storm|[partiallytrapped]
|upkeep
|turn|22
|
|t:|1667358506
|switch|p2a: Tangrowth|Tangrowth, M|67/100
|move|p1a: Dragapult|Dragon Dance|p1a: Dragapult
|-boost|p1a: Dragapult|atk|1
|-boost|p1a: Dragapult|spe|1
|
|-end|p1a: Dragapult|Magma Storm|[partiallytrapped]|[silent]
|upkeep
|turn|23
|
|t:|1667358519
|switch|p2a: Melmetal|Melmetal|31/100
|move|p1a: Dragapult|Dragon Darts|p2a: Melmetal
|-resisted|p2a: Melmetal
|-damage|p2a: Melmetal|10/100
|-anim|p1a: Dragapult|Dragon Darts|p2a: Melmetal
|-resisted|p2a: Melmetal
|-damage|p2a: Melmetal|0 fnt
|faint|p2a: Melmetal
|-damage|p1a: Dragapult|66/100|[from] item: Life Orb
|
|upkeep
|
|t:|1667358519
|switch|p2a: Tangrowth|Tangrowth, M|99/100
|turn|24
|
|t:|1667358522
|move|p1a: Dragapult|Phantom Force||[still]
|-prepare|p1a: Dragapult|Phantom Force
|move|p2a: Tangrowth|Sleep Powder|p1a: Dragapult|[miss]
|-miss|p2a: Tangrowth|p1a: Dragapult
|
|-sideend|p1: Red Rushun|Reflect
|upkeep
|turn|25
|
|t:|1667358527
|move|p1a: Dragapult|Phantom Force|p2a: Tangrowth|[from]lockedmove
|-damage|p2a: Tangrowth|31/100
|-damage|p1a: Dragapult|50/100|[from] item: Rocky Helmet|[of] p2a: Tangrowth
|-damage|p1a: Dragapult|40/100|[from] item: Life Orb
|move|p2a: Tangrowth|Knock Off|p1a: Dragapult
|-supereffective|p1a: Dragapult
|-damage|p1a: Dragapult|0 fnt
|-enditem|p1a: Dragapult|Life Orb|[from] move: Knock Off|[of] p2a: Tangrowth
|faint|p1a: Dragapult
|
|upkeep
|
|t:|1667358532
|switch|p1a: Tapu Lele|Tapu Lele|100/100
|-fieldstart|move: Psychic Terrain|[from] ability: Psychic Surge|[of] p1a: Tapu Lele
|turn|26
|
|t:|1667358540
|switch|p2a: Heatran|Heatran, M|93/100 par
|move|p1a: Tapu Lele|Focus Blast|p2a: Heatran
|-supereffective|p2a: Heatran
|-damage|p2a: Heatran|8/100 par
|
|-sideend|p1: Red Rushun|move: Light Screen
|upkeep
|turn|27
|
|t:|1667358551
|move|p1a: Tapu Lele|Focus Blast|p2a: Heatran
|-supereffective|p2a: Heatran
|-damage|p2a: Heatran|0 fnt
|faint|p2a: Heatran
|
|upkeep
|
|t:|1667358551
|switch|p2a: Tangrowth|Tangrowth, M|65/100
|turn|28
|
|t:|1667358558
|move|p1a: Tapu Lele|Psychic|p2a: Tangrowth
|-damage|p2a: Tangrowth|0 fnt
|faint|p2a: Tangrowth
|
|upkeep
|
|t:|1667358558
|switch|p2a: Weavile|Weavile, F|100/100
|-ability|p2a: Weavile|Pressure
|turn|29
|
|t:|1667358563
|move|p2a: Weavile|Triple Axel|p1a: Tapu Lele
|-damage|p1a: Tapu Lele|77/100
|-damage|p1a: Tapu Lele|31/100
|-hitcount|p1a: Tapu Lele|2
|move|p1a: Tapu Lele|Moonblast|p2a: Weavile
|-supereffective|p2a: Weavile
|-damage|p2a: Weavile|0 fnt
|faint|p2a: Weavile
|
|win|Red Rushun
|raw|Red Rushun's rating: 1626 &rarr; <strong>1646</strong><br />(+20 for winning)
|raw|minimax_ai's rating: 1632 &rarr; <strong>1612</strong><br />(-20 for losing)
