|j|☆galarian dragapult
|j|☆RST4
|t:|1635914371
|gametype|singles
|player|p1|galarian dragapult|101|1734
|player|p2|RST4|hilbert-wonderlauncher|1651
|teamsize|p1|6
|teamsize|p2|6
|gen|8
|tier|[Gen 8] OU
|rated|
|rule|Sleep Clause Mod: Limit one foe put to sleep
|rule|Species Clause: Limit one of each Pokémon
|rule|OHKO Clause: OHKO moves are banned
|rule|Evasion Moves Clause: Evasion moves are banned
|rule|Endless Battle Clause: Forcing endless battles is banned
|rule|HP Percentage Mod: HP is shown in percentages
|rule|Dynamax Clause: You cannot dynamax
|clearpoke
|poke|p1|Blissey, F|
|poke|p1|Slowbro, M|
|poke|p1|Garchomp, F|
|poke|p1|Kartana|
|poke|p1|Tapu Lele|
|poke|p1|Corviknight, M|
|poke|p2|Inteleon, M|
|poke|p2|Ferrothorn, M|
|poke|p2|Togekiss, F|
|poke|p2|Dragapult, M|
|poke|p2|Diggersby, F|
|poke|p2|Toxapex, F|
|teampreview
|inactive|Battle timer is ON: inactive players will automatically lose when time's up. (requested by RST4)
|inactive|galarian dragapult has 120 seconds left.
|
|t:|1635914408
|start
|switch|p1a: Garchomp|Garchomp, F, shiny|100/100
|switch|p2a: Diggersby|Diggersby, F|100/100
|turn|1
|
|t:|1635914416
|switch|p1a: Corviknight|Corviknight, M, shiny|100/100
|-ability|p1a: Corviknight|Pressure
|switch|p2a: Togekiss|Togekiss, F|100/100
|
|upkeep
|turn|2
|
|t:|1635914420
|move|p2a: Togekiss|Air Slash|p1a: Corviknight
|-resisted|p1a: Corviknight
|-damage|p1a: Corviknight|82/100
|cant|p1a: Corviknight|flinch
|
|-heal|p1a: Corviknight|88/100|[from] item: Leftovers
|upkeep
|turn|3
|
|t:|1635914425
|switch|p2a: Ferrothorn|Ferrothorn, M|100/100
|move|p1a: Corviknight|U-turn|p2a: Ferrothorn
|-damage|p2a: Ferrothorn|93/100
|-damage|p1a: Corviknight|75/100|[from] ability: Iron Barbs|[of] p2a: Ferrothorn
|-damage|p1a: Corviknight|59/100|[from] item: Rocky Helmet|[of] p2a: Ferrothorn
|
|t:|1635914433
|switch|p1a: Kartana|Kartana, shiny|100/100|[from]move: U-turn
|
|upkeep
|turn|4
|
|t:|1635914439
|switch|p2a: Toxapex|Toxapex, F|100/100
|move|p1a: Kartana|Knock Off|p2a: Toxapex
|-damage|p2a: Toxapex|51/100
|-enditem|p2a: Toxapex|Black Sludge|[from] move: Knock Off|[of] p1a: Kartana
|
|upkeep
|turn|5
|
|t:|1635914447
|switch|p1a: Blissey|Blissey, F, shiny|100/100
|move|p2a: Toxapex|Recover|p2a: Toxapex
|-heal|p2a: Toxapex|100/100
|
|upkeep
|turn|6
|
|t:|1635914451
|move|p2a: Toxapex|Toxic|p1a: Blissey
|-status|p1a: Blissey|tox
|move|p1a: Blissey|Teleport|p1a: Blissey
|
|t:|1635914452
|-curestatus|p1a: Blissey|tox|[from] ability: Natural Cure
|switch|p1a: Slowbro|Slowbro, M, shiny|100/100|[from]move: Teleport
|
|upkeep
|turn|7
|
|t:|1635914459
|move|p2a: Toxapex|Toxic|p1a: Slowbro
|-status|p1a: Slowbro|tox
|move|p1a: Slowbro|Future Sight|p2a: Toxapex
|-start|p1a: Slowbro|move: Future Sight
|
|-damage|p1a: Slowbro|94/100 tox|[from] psn
|upkeep
|turn|8
|
|t:|1635914465
|move|p2a: Toxapex|Scald|p1a: Slowbro
|-resisted|p1a: Slowbro
|-damage|p1a: Slowbro|87/100 tox
|move|p1a: Slowbro|Teleport|p1a: Slowbro
|
|t:|1635914472
|switch|p1a: Tapu Lele|Tapu Lele, shiny|100/100|[from]move: Teleport
|-fieldstart|move: Psychic Terrain|[from] ability: Psychic Surge|[of] p1a: Tapu Lele
|
|upkeep
|turn|9
|
|t:|1635914476
|move|p1a: Tapu Lele|Psychic|p2a: Toxapex
|-supereffective|p2a: Toxapex
|-damage|p2a: Toxapex|0 fnt
|faint|p2a: Toxapex
|
|-hint|Future Sight did not hit because the target is fainted.
|upkeep
|
|t:|1635914480
|switch|p2a: Diggersby|Diggersby, F|100/100
|turn|10
|
|t:|1635914485
|switch|p1a: Corviknight|Corviknight, M, shiny|59/100
|-ability|p1a: Corviknight|Pressure
|move|p2a: Diggersby|Knock Off|p1a: Corviknight
|-damage|p1a: Corviknight|36/100
|-enditem|p1a: Corviknight|Leftovers|[from] move: Knock Off|[of] p2a: Diggersby
|
|upkeep
|turn|11
|
|t:|1635914488
|switch|p2a: Ferrothorn|Ferrothorn, M|93/100
|move|p1a: Corviknight|Roost|p1a: Corviknight
|-heal|p1a: Corviknight|86/100
|-singleturn|p1a: Corviknight|move: Roost
|
|upkeep
|turn|12
|
|t:|1635914495
|move|p1a: Corviknight|Brave Bird|p2a: Ferrothorn
|-damage|p2a: Ferrothorn|72/100
|-damage|p1a: Corviknight|73/100|[from] ability: Iron Barbs|[of] p2a: Ferrothorn
|-damage|p1a: Corviknight|57/100|[from] item: Rocky Helmet|[of] p2a: Ferrothorn
|-damage|p1a: Corviknight|51/100|[from] Recoil
|move|p2a: Ferrothorn|Stealth Rock|p1a: Corviknight
|-sidestart|p1: galarian dragapult|move: Stealth Rock
|
|-fieldend|move: Psychic Terrain
|upkeep
|turn|13
|
|t:|1635914499
|move|p1a: Corviknight|Roost|p1a: Corviknight
|-heal|p1a: Corviknight|100/100
|-singleturn|p1a: Corviknight|move: Roost
|move|p2a: Ferrothorn|Leech Seed|p1a: Corviknight
|-start|p1a: Corviknight|move: Leech Seed
|
|-damage|p1a: Corviknight|88/100|[from] Leech Seed|[of] p2a: Ferrothorn
|-heal|p2a: Ferrothorn|86/100|[silent]
|upkeep
|turn|14
|
|t:|1635914502
|switch|p2a: Inteleon|Inteleon, M|100/100
|move|p1a: Corviknight|Defog|p2a: Inteleon
|-unboost|p2a: Inteleon|evasion|1
|-sideend|p1: galarian dragapult|Stealth Rock|[from] move: Defog|[of] p1a: Corviknight
|
|-damage|p1a: Corviknight|75/100|[from] Leech Seed|[of] p2a: Inteleon
|upkeep
|turn|15
|
|t:|1635914510
|switch|p2a: Diggersby|Diggersby, F|100/100
|move|p1a: Corviknight|U-turn|p2a: Diggersby
|-damage|p2a: Diggersby|80/100
|inactive|galarian dragapult has 120 seconds left.
|
|t:|1635914551
|switch|p1a: Kartana|Kartana, shiny|100/100|[from]move: U-turn
|
|upkeep
|turn|16
|
|t:|1635914559
|move|p2a: Diggersby|Fire Punch|p1a: Kartana
|-supereffective|p1a: Kartana
|-damage|p1a: Kartana|0 fnt
|faint|p1a: Kartana
|
|upkeep
|
|t:|1635914565
|switch|p1a: Slowbro|Slowbro, M, shiny|100/100 tox
|turn|17
|
|t:|1635914568
|switch|p2a: Togekiss|Togekiss, F|100/100
|move|p1a: Slowbro|Future Sight|p2a: Togekiss
|-start|p1a: Slowbro|move: Future Sight
|
|-damage|p1a: Slowbro|94/100 tox|[from] psn
|upkeep
|turn|18
|
|t:|1635914573
|switch|p1a: Blissey|Blissey, F, shiny|100/100
|move|p2a: Togekiss|Dazzling Gleam|p1a: Blissey
|-damage|p1a: Blissey|84/100
|
|upkeep
|turn|19
|
|t:|1635914576
|switch|p2a: Ferrothorn|Ferrothorn, M|86/100
|move|p1a: Blissey|Teleport|p1a: Blissey
|
|t:|1635914586
|switch|p1a: Tapu Lele|Tapu Lele, shiny|100/100|[from]move: Teleport
|-fieldstart|move: Psychic Terrain|[from] ability: Psychic Surge|[of] p1a: Tapu Lele
|
|-end|p2a: Ferrothorn|move: Future Sight
|-resisted|p2a: Ferrothorn
|-damage|p2a: Ferrothorn|65/100
|upkeep
|turn|20
|
|t:|1635914593
|move|p1a: Tapu Lele|Psychic|p2a: Ferrothorn
|-resisted|p2a: Ferrothorn
|-damage|p2a: Ferrothorn|25/100
|-unboost|p2a: Ferrothorn|spd|1
|move|p2a: Ferrothorn|Gyro Ball|p1a: Tapu Lele
|-supereffective|p1a: Tapu Lele
|-damage|p1a: Tapu Lele|0 fnt
|faint|p1a: Tapu Lele
|
|upkeep
|
|t:|1635914600
|switch|p1a: Garchomp|Garchomp, F, shiny|100/100
|turn|21
|
|t:|1635914605
|switch|p2a: Togekiss|Togekiss, F|100/100
|move|p1a: Garchomp|Earthquake|p2a: Togekiss
|-immune|p2a: Togekiss
|
|upkeep
|turn|22
|
|t:|1635914611
|switch|p1a: Blissey|Blissey, F, shiny|84/100
|move|p2a: Togekiss|Dazzling Gleam|p1a: Blissey
|-damage|p1a: Blissey|67/100
|
|upkeep
|turn|23
|
|t:|1635914617
|move|p2a: Togekiss|Air Slash|p1a: Blissey
|-damage|p1a: Blissey|51/100
|move|p1a: Blissey|Teleport|p1a: Blissey
|
|t:|1635914621
|switch|p1a: Corviknight|Corviknight, M, shiny|75/100|[from]move: Teleport
|-ability|p1a: Corviknight|Pressure
|
|-fieldend|move: Psychic Terrain
|upkeep
|turn|24
|
|t:|1635914627
|switch|p2a: Ferrothorn|Ferrothorn, M|25/100
|move|p1a: Corviknight|U-turn|p2a: Ferrothorn
|-damage|p2a: Ferrothorn|17/100
|-damage|p1a: Corviknight|63/100|[from] ability: Iron Barbs|[of] p2a: Ferrothorn
|-damage|p1a: Corviknight|46/100|[from] item: Rocky Helmet|[of] p2a: Ferrothorn
|
|t:|1635914631
|switch|p1a: Garchomp|Garchomp, F, shiny|100/100|[from]move: U-turn
|
|upkeep
|turn|25
|
|t:|1635914638
|move|p1a: Garchomp|Earthquake|p2a: Ferrothorn
|-damage|p2a: Ferrothorn|0 fnt
|faint|p2a: Ferrothorn
|
|upkeep
|
|t:|1635914644
|switch|p2a: Inteleon|Inteleon, M|100/100
|turn|26
|
|t:|1635914650
|switch|p1a: Blissey|Blissey, F, shiny|51/100
|switch|p2a: Diggersby|Diggersby, F|80/100
|
|upkeep
|turn|27
|
|t:|1635914659
|switch|p1a: Slowbro|Slowbro, M, shiny|100/100 tox
|move|p2a: Diggersby|Fire Punch|p1a: Slowbro
|-resisted|p1a: Slowbro
|-damage|p1a: Slowbro|92/100 tox
|-damage|p2a: Diggersby|64/100|[from] item: Rocky Helmet|[of] p1a: Slowbro
|
|-damage|p1a: Slowbro|86/100 tox|[from] psn
|upkeep
|turn|28
|
|t:|1635914664
|switch|p2a: Togekiss|Togekiss, F|100/100
|move|p1a: Slowbro|Future Sight|p2a: Togekiss
|-start|p1a: Slowbro|move: Future Sight
|
|-damage|p1a: Slowbro|74/100 tox|[from] psn
|upkeep
|turn|29
|
|t:|1635914670
|switch|p1a: Blissey|Blissey, F, shiny|51/100
|move|p2a: Togekiss|Dazzling Gleam|p1a: Blissey
|-damage|p1a: Blissey|36/100
|
|upkeep
|turn|30
|
|t:|1635914672
|move|p2a: Togekiss|Air Slash|p1a: Blissey
|-damage|p1a: Blissey|20/100
|cant|p1a: Blissey|flinch
|
|-end|p2a: Togekiss|move: Future Sight
|-damage|p2a: Togekiss|65/100
|-heal|p2a: Togekiss|71/100|[from] item: Leftovers
|upkeep
|turn|31
|
|t:|1635914676
|move|p2a: Togekiss|Air Slash|p1a: Blissey
|-damage|p1a: Blissey|5/100
|move|p1a: Blissey|Soft-Boiled|p1a: Blissey
|-heal|p1a: Blissey|55/100
|
|-heal|p2a: Togekiss|77/100|[from] item: Leftovers
|upkeep
|turn|32
|
|t:|1635914680
|move|p2a: Togekiss|Air Slash|p1a: Blissey
|-damage|p1a: Blissey|41/100
|move|p1a: Blissey|Soft-Boiled|p1a: Blissey
|-heal|p1a: Blissey|91/100
|
|-heal|p2a: Togekiss|83/100|[from] item: Leftovers
|upkeep
|turn|33
|
|t:|1635914684
|switch|p2a: Diggersby|Diggersby, F|64/100
|move|p1a: Blissey|Toxic|p2a: Diggersby
|-status|p2a: Diggersby|tox
|
|-damage|p2a: Diggersby|58/100 tox|[from] psn
|upkeep
|turn|34
|
|t:|1635914689
|switch|p1a: Slowbro|Slowbro, M, shiny|100/100 tox
|move|p2a: Diggersby|Fire Punch|p1a: Slowbro
|-resisted|p1a: Slowbro
|-damage|p1a: Slowbro|92/100 tox
|-damage|p2a: Diggersby|41/100 tox|[from] item: Rocky Helmet|[of] p1a: Slowbro
|
|-damage|p2a: Diggersby|29/100 tox|[from] psn
|-damage|p1a: Slowbro|86/100 tox|[from] psn
|upkeep
|turn|35
|
|t:|1635914692
|switch|p2a: Togekiss|Togekiss, F|83/100
|move|p1a: Slowbro|Future Sight|p2a: Togekiss
|-start|p1a: Slowbro|move: Future Sight
|
|-heal|p2a: Togekiss|90/100|[from] item: Leftovers
|-damage|p1a: Slowbro|73/100 tox|[from] psn
|upkeep
|turn|36
|
|t:|1635914699
|switch|p1a: Blissey|Blissey, F, shiny|91/100
|move|p2a: Togekiss|Dazzling Gleam|p1a: Blissey
|-damage|p1a: Blissey|75/100
|
|-heal|p2a: Togekiss|96/100|[from] item: Leftovers
|upkeep
|turn|37
|
|t:|1635914706
|move|p2a: Togekiss|Air Slash|p1a: Blissey
|-damage|p1a: Blissey|60/100
|move|p1a: Blissey|Toxic|p2a: Togekiss
|-status|p2a: Togekiss|tox
|
|-end|p2a: Togekiss|move: Future Sight
|-damage|p2a: Togekiss|64/100 tox
|-heal|p2a: Togekiss|70/100 tox|[from] item: Leftovers
|-damage|p2a: Togekiss|64/100 tox|[from] psn
|upkeep
|turn|38
|
|t:|1635914712
|move|p2a: Togekiss|Air Slash|p1a: Blissey
|-damage|p1a: Blissey|45/100
|cant|p1a: Blissey|flinch
|
|-heal|p2a: Togekiss|70/100 tox|[from] item: Leftovers
|-damage|p2a: Togekiss|57/100 tox|[from] psn
|upkeep
|turn|39
|
|t:|1635914715
|move|p2a: Togekiss|Air Slash|p1a: Blissey
|-damage|p1a: Blissey|30/100
|cant|p1a: Blissey|flinch
|
|-heal|p2a: Togekiss|64/100 tox|[from] item: Leftovers
|-damage|p2a: Togekiss|45/100 tox|[from] psn
|upkeep
|turn|40
|
|t:|1635914718
|move|p2a: Togekiss|Air Slash|p1a: Blissey
|-damage|p1a: Blissey|14/100
|move|p1a: Blissey|Soft-Boiled|p1a: Blissey
|-heal|p1a: Blissey|64/100
|
|-heal|p2a: Togekiss|51/100 tox|[from] item: Leftovers
|-damage|p2a: Togekiss|27/100 tox|[from] psn
|upkeep
|turn|41
|
|t:|1635914721
|switch|p2a: Diggersby|Diggersby, F|29/100 tox
|move|p1a: Blissey|Soft-Boiled|p1a: Blissey
|-heal|p1a: Blissey|100/100
|
|-damage|p2a: Diggersby|23/100 tox|[from] psn
|upkeep
|turn|42
|
|t:|1635914723
|switch|p1a: Slowbro|Slowbro, M, shiny|100/100 tox
|move|p2a: Diggersby|Knock Off|p1a: Slowbro
|-supereffective|p1a: Slowbro
|-damage|p1a: Slowbro|53/100 tox
|-damage|p2a: Diggersby|6/100 tox|[from] item: Rocky Helmet|[of] p1a: Slowbro
|-enditem|p1a: Slowbro|Rocky Helmet|[from] move: Knock Off|[of] p2a: Diggersby
|
|-damage|p2a: Diggersby|0 fnt|[from] psn
|faint|p2a: Diggersby
|-damage|p1a: Slowbro|47/100 tox|[from] psn
|upkeep
|
|t:|1635914727
|switch|p2a: Inteleon|Inteleon, M|100/100
|turn|43
|
|t:|1635914734
|move|p2a: Inteleon|Dark Pulse|p1a: Slowbro
|-supereffective|p1a: Slowbro
|-damage|p1a: Slowbro|0 fnt
|faint|p1a: Slowbro
|-damage|p2a: Inteleon|91/100|[from] item: Life Orb
|
|upkeep
|
|t:|1635914737
|switch|p1a: Blissey|Blissey, F, shiny|100/100
|turn|44
|
|t:|1635914741
|switch|p2a: Togekiss|Togekiss, F|27/100 tox
|move|p1a: Blissey|Toxic|p2a: Togekiss
|-fail|p2a: Togekiss|tox
|
|-heal|p2a: Togekiss|33/100 tox|[from] item: Leftovers
|-damage|p2a: Togekiss|27/100 tox|[from] psn
|upkeep
|turn|45
|
|t:|1635914746
|move|p2a: Togekiss|Roost|p2a: Togekiss
|-heal|p2a: Togekiss|77/100 tox
|-singleturn|p2a: Togekiss|move: Roost
|move|p1a: Blissey|Seismic Toss|p2a: Togekiss
|-damage|p2a: Togekiss|50/100 tox
|
|-heal|p2a: Togekiss|56/100 tox|[from] item: Leftovers
|-damage|p2a: Togekiss|44/100 tox|[from] psn
|upkeep
|turn|46
|
|t:|1635914758
|move|p2a: Togekiss|Air Slash|p1a: Blissey
|-damage|p1a: Blissey|85/100
|cant|p1a: Blissey|flinch
|
|-heal|p2a: Togekiss|50/100 tox|[from] item: Leftovers
|-damage|p2a: Togekiss|32/100 tox|[from] psn
|upkeep
|turn|47
|
|t:|1635914760
|move|p2a: Togekiss|Air Slash|p1a: Blissey
|-damage|p1a: Blissey|69/100
|cant|p1a: Blissey|flinch
|
|-heal|p2a: Togekiss|38/100 tox|[from] item: Leftovers
|-damage|p2a: Togekiss|13/100 tox|[from] psn
|upkeep
|turn|48
|
|t:|1635914764
|move|p2a: Togekiss|Air Slash|p1a: Blissey
|-damage|p1a: Blissey|55/100
|cant|p1a: Blissey|flinch
|
|-heal|p2a: Togekiss|19/100 tox|[from] item: Leftovers
|-damage|p2a: Togekiss|0 fnt|[from] psn
|faint|p2a: Togekiss
|upkeep
|
|t:|1635914769
|switch|p2a: Dragapult|Dragapult, M|100/100
|turn|49
|
|t:|1635914772
|move|p2a: Dragapult|Dragon Dance|p2a: Dragapult
|-boost|p2a: Dragapult|atk|1
|-boost|p2a: Dragapult|spe|1
|move|p1a: Blissey|Toxic|p2a: Dragapult
|-status|p2a: Dragapult|tox
|
|-damage|p2a: Dragapult|95/100 tox|[from] psn
|upkeep
|turn|50
|
|t:|1635914776
|move|p2a: Dragapult|Dragon Dance|p2a: Dragapult
|-boost|p2a: Dragapult|atk|1
|-boost|p2a: Dragapult|spe|1
|move|p1a: Blissey|Soft-Boiled|p1a: Blissey
|-heal|p1a: Blissey|100/100
|
|-damage|p2a: Dragapult|83/100 tox|[from] psn
|upkeep
|turn|51
|
|t:|1635914779
|switch|p1a: Corviknight|Corviknight, M, shiny|46/100
|-ability|p1a: Corviknight|Pressure
|move|p2a: Dragapult|Dragon Darts|p1a: Corviknight
|-resisted|p1a: Corviknight
|-damage|p1a: Corviknight|30/100
|-anim|p2a: Dragapult|Dragon Darts|p1a: Corviknight
|-resisted|p1a: Corviknight
|-damage|p1a: Corviknight|15/100
|
|-damage|p2a: Dragapult|65/100 tox|[from] psn
|upkeep
|turn|52
|
|t:|1635914785
|move|p2a: Dragapult|Dragon Darts|p1a: Corviknight
|-resisted|p1a: Corviknight
|-damage|p1a: Corviknight|0 fnt
|faint|p1a: Corviknight
|
|-damage|p2a: Dragapult|41/100 tox|[from] psn
|upkeep
|
|t:|1635914787
|switch|p1a: Blissey|Blissey, F, shiny|100/100
|turn|53
|
|t:|1635914790
|move|p2a: Dragapult|Dragon Darts|p1a: Blissey
|-damage|p1a: Blissey|61/100
|-anim|p2a: Dragapult|Dragon Darts|p1a: Blissey
|-damage|p1a: Blissey|15/100
|move|p1a: Blissey|Soft-Boiled|p1a: Blissey
|-heal|p1a: Blissey|65/100
|
|-damage|p2a: Dragapult|11/100 tox|[from] psn
|upkeep
|turn|54
|
|t:|1635914793
|move|p2a: Dragapult|Dragon Darts|p1a: Blissey
|-crit|p1a: Blissey
|-damage|p1a: Blissey|5/100
|-anim|p2a: Dragapult|Dragon Darts|p1a: Blissey
|-damage|p1a: Blissey|0 fnt
|faint|p1a: Blissey
|
|-damage|p2a: Dragapult|0 fnt|[from] psn
|faint|p2a: Dragapult
|upkeep
|
|t:|1635914797
|switch|p2a: Inteleon|Inteleon, M|91/100
|switch|p1a: Garchomp|Garchomp, F, shiny|100/100
|turn|55
|
|t:|1635914801
|move|p1a: Garchomp|Outrage|p2a: Inteleon
|-damage|p2a: Inteleon|0 fnt
|faint|p2a: Inteleon
|
|win|galarian dragapult
|raw|galarian dragapult's rating: 1734 &rarr; <strong>1749</strong><br />(+15 for winning)
|raw|RST4's rating: 1651 &rarr; <strong>1636</strong><br />(-15 for losing)
|c|☆RST4|gg
|l|☆galarian dragapult
