|j|☆mark_of_chaos
|j|☆Meracx
|inactive|Battle timer is ON: inactive players will automatically lose when time's up.
|t:|1665525550
|gametype|singles
|player|p1|mark_of_chaos|170|
|player|p2|Meracx|thorton|
|teamsize|p1|6
|teamsize|p2|6
|gen|8
|tier|[Gen 8] OU
|rated|Tournament battle
|rule|Sleep Clause Mod: Limit one foe put to sleep
|rule|Species Clause: Limit one of each Pokémon
|rule|OHKO Clause: OHKO moves are banned
|rule|Evasion Items Clause: Evasion items are banned
|rule|Evasion Moves Clause: Evasion moves are banned
|rule|Endless Battle Clause: Forcing endless battles is banned
|rule|HP Percentage Mod: HP is shown in percentages
|rule|Dynamax Clause: You cannot dynamax
|clearpoke
|poke|p1|Clefable, M|
|poke|p1|Wigglytuff, M|
|poke|p1|Hatterene, F|
|poke|p1|Slowking-Galar, F|
|poke|p1|Mr. Mime-Galar, M|
|poke|p1|Corsola-Galar, M|
|poke|p2|Clefable, F|
|poke|p2|Slowking-Galar, M|
|poke|p2|Wigglytuff, M|
|poke|p2|Mr. Mime, F|
|poke|p2|Hatterene, F|
|poke|p2|Corsola, F|
|teampreview
|j|*Lady Monita ☽
|j| Xhent☀♪
|j| jfebhjbeebhjf
|j| bulut
|j| Goomy707
|j| Meisnooblol
|
|t:|1665525556
|start
|switch|p1a: Slowking|Slowking-Galar, F, shiny|100/100
|switch|p2a: Corsola|Corsola, F|100/100
|turn|1
|j| Generation10
|l| bulut
|c| Generation10|gl
|
|t:|1665525564
|move|p2a: Corsola|Light Screen|p2a: Corsola
|-sidestart|p2: Meracx|move: Light Screen
|move|p1a: Slowking|Psyshock|p2a: Corsola
|-damage|p2a: Corsola|70/100
|
|upkeep
|turn|2
|j| bulut
|c| Goomy707|woooo
|
|t:|1665525572
|move|p2a: Corsola|Stealth Rock|p1a: Slowking
|-sidestart|p1: mark_of_chaos|move: Stealth Rock
|move|p1a: Slowking|Psyshock|p2a: Corsola
|-crit|p2a: Corsola
|-damage|p2a: Corsola|0 fnt
|faint|p2a: Corsola
|
|upkeep
|j| Dragonboy7000
|j| Nicktick3
|
|t:|1665525581
|switch|p2a: Mr. Mime|Mr. Mime, F|100/100
|turn|3
|
|t:|1665525585
|switch|p1a: Mr. Mime|Mr. Mime-Galar, M, shiny|100/100
|-damage|p1a: Mr. Mime|76/100|[from] Stealth Rock
|-activate|p1a: Mr. Mime|ability: Screen Cleaner
|-sideend|p2: Meracx|move: Light Screen
|move|p2a: Mr. Mime|Trick|p1a: Mr. Mime
|-activate|p2a: Mr. Mime|move: Trick|[of] p1a: Mr. Mime
|-item|p1a: Mr. Mime|Choice Scarf|[from] move: Trick
|-item|p2a: Mr. Mime|Eviolite|[from] move: Trick
|
|upkeep
|turn|4
|l| Nicktick3
|j| LilMonky
|
|t:|1665525596
|move|p1a: Mr. Mime|Misty Terrain|p1a: Mr. Mime
|-fieldstart|move: Misty Terrain
|move|p2a: Mr. Mime|Dazzling Gleam|p1a: Mr. Mime
|-damage|p1a: Mr. Mime|34/100
|
|upkeep
|turn|5
|
|t:|1665525601
|switch|p1a: Wigglytuff|Wigglytuff, M, shiny|100/100
|-damage|p1a: Wigglytuff|88/100|[from] Stealth Rock
|-item|p2a: Mr. Mime|Eviolite|[from] ability: Frisk|[of] p1a: Wigglytuff|[identify]
|move|p2a: Mr. Mime|Dazzling Gleam|p1a: Wigglytuff
|-damage|p1a: Wigglytuff|52/100
|
|-heal|p1a: Wigglytuff|58/100|[from] item: Leftovers
|upkeep
|turn|6
|
|t:|1665525609
|move|p2a: Mr. Mime|Trick|p1a: Wigglytuff
|-activate|p2a: Mr. Mime|move: Trick|[of] p1a: Wigglytuff
|-item|p1a: Wigglytuff|Eviolite|[from] move: Trick
|-item|p2a: Mr. Mime|Leftovers|[from] move: Trick
|move|p1a: Wigglytuff|Steel Roller|p2a: Mr. Mime
|-supereffective|p2a: Mr. Mime
|-damage|p2a: Mr. Mime|0 fnt
|-fieldend|Misty Terrain
|faint|p2a: Mr. Mime
|
|upkeep
|
|t:|1665525622
|switch|p2a: Slowking|Slowking-Galar, M|100/100
|turn|7
|
|t:|1665525627
|move|p1a: Wigglytuff|Protect|p1a: Wigglytuff
|-singleturn|p1a: Wigglytuff|Protect
|move|p2a: Slowking|Calm Mind|p2a: Slowking
|-boost|p2a: Slowking|spa|1
|-boost|p2a: Slowking|spd|1
|
|upkeep
|turn|8
|j| 41exe
|
|t:|1665525636
|move|p1a: Wigglytuff|Misty Terrain|p1a: Wigglytuff
|-fieldstart|move: Misty Terrain
|move|p2a: Slowking|Sludge Bomb|p1a: Wigglytuff
|-supereffective|p1a: Wigglytuff
|-damage|p1a: Wigglytuff|0 fnt
|faint|p1a: Wigglytuff
|
|upkeep
|
|t:|1665525653
|switch|p1a: Mr. Mime|Mr. Mime-Galar, M, shiny|34/100
|-damage|p1a: Mr. Mime|9/100|[from] Stealth Rock
|turn|9
|
|t:|1665525660
|switch|p2a: Hatterene|Hatterene, F|100/100
|move|p1a: Mr. Mime|Shadow Ball|p2a: Hatterene
|-supereffective|p2a: Hatterene
|-damage|p2a: Hatterene|69/100
|
|upkeep
|turn|10
|
|t:|1665525666
|move|p1a: Mr. Mime|Shadow Ball|p2a: Hatterene
|-supereffective|p2a: Hatterene
|-damage|p2a: Hatterene|39/100
|move|p2a: Hatterene|Dazzling Gleam|p1a: Mr. Mime
|-damage|p1a: Mr. Mime|0 fnt
|faint|p1a: Mr. Mime
|
|upkeep
|
|t:|1665525672
|switch|p1a: Slowking|Slowking-Galar, F, shiny|100/100
|-damage|p1a: Slowking|88/100|[from] Stealth Rock
|turn|11
|
|t:|1665525677
|move|p1a: Slowking|Sludge Wave|p2a: Hatterene
|-supereffective|p2a: Hatterene
|-damage|p2a: Hatterene|0 fnt
|faint|p2a: Hatterene
|
|upkeep
|
|t:|1665525681
|switch|p2a: Slowking|Slowking-Galar, M|100/100
|turn|12
|
|t:|1665525686
|switch|p1a: Corsola|Corsola-Galar, M, shiny|100/100
|-damage|p1a: Corsola|88/100|[from] Stealth Rock
|move|p2a: Slowking|Calm Mind|p2a: Slowking
|-boost|p2a: Slowking|spa|1
|-boost|p2a: Slowking|spd|1
|
|-fieldend|Misty Terrain
|upkeep
|turn|13
|
|t:|1665525692
|move|p1a: Corsola|Amnesia|p1a: Corsola
|-boost|p1a: Corsola|spd|2
|move|p2a: Slowking|Psyshock|p1a: Corsola
|-damage|p1a: Corsola|36/100
|
|upkeep
|turn|14
|
|t:|1665525697
|move|p1a: Corsola|Destiny Bond|p1a: Corsola
|-singlemove|p1a: Corsola|Destiny Bond
|move|p2a: Slowking|Psyshock|p1a: Corsola
|-damage|p1a: Corsola|0 fnt
|faint|p1a: Corsola
|-activate|p1a: Corsola|move: Destiny Bond
|faint|p2a: Slowking
|
|upkeep
|
|t:|1665525706
|switch|p1a: Slowking|Slowking-Galar, F, shiny|100/100
|switch|p2a: Clefable|Clefable, F|100/100
|-damage|p1a: Slowking|88/100|[from] Stealth Rock
|turn|15
|l| Dragonboy7000
|
|t:|1665525709
|move|p2a: Clefable|Shadow Ball|p1a: Slowking
|-supereffective|p1a: Slowking
|-damage|p1a: Slowking|59/100
|move|p1a: Slowking|Sludge Wave|p2a: Clefable
|-supereffective|p2a: Clefable
|-damage|p2a: Clefable|8/100
|
|-heal|p2a: Clefable|14/100|[from] item: Leftovers
|upkeep
|turn|16
|
|t:|1665525714
|move|p2a: Clefable|Shadow Ball|p1a: Slowking
|-supereffective|p1a: Slowking
|-damage|p1a: Slowking|28/100
|-unboost|p1a: Slowking|spd|1
|move|p1a: Slowking|Sludge Wave|p2a: Clefable
|-supereffective|p2a: Clefable
|-damage|p2a: Clefable|0 fnt
|faint|p2a: Clefable
|
|upkeep
|
|t:|1665525717
|switch|p2a: Wigglytuff|Wigglytuff, M|100/100
|-item|p1a: Slowking|Choice Specs|[from] ability: Frisk|[of] p2a: Wigglytuff|[identify]
|turn|17
|c|☆mark_of_chaos|i knew that ball guy would do me proud
|
|t:|1665525727
|switch|p1a: Hatterene|Hatterene, F, shiny|100/100
|-damage|p1a: Hatterene|88/100|[from] Stealth Rock
|move|p2a: Wigglytuff|Body Slam|p1a: Hatterene
|-damage|p1a: Hatterene|57/100
|
|upkeep
|turn|18
|
|t:|1665525731
|move|p2a: Wigglytuff|Curse|p2a: Wigglytuff
|-unboost|p2a: Wigglytuff|spe|1
|-boost|p2a: Wigglytuff|atk|1
|-boost|p2a: Wigglytuff|def|1
|move|p1a: Hatterene|Healing Wish|p1a: Hatterene
|faint|p1a: Hatterene
|
|upkeep
|
|t:|1665525736
|switch|p1a: Slowking|Slowking-Galar, F, shiny|62/100
|-heal|p1a: Slowking|100/100|[from] move: Healing Wish
|-damage|p1a: Slowking|88/100|[from] Stealth Rock
|turn|19
|
|t:|1665525738
|move|p1a: Slowking|Sludge Wave|p2a: Wigglytuff
|-supereffective|p2a: Wigglytuff
|-crit|p2a: Wigglytuff
|-damage|p2a: Wigglytuff|0 fnt
|faint|p2a: Wigglytuff
|
|win|mark_of_chaos
|n|☆mark_of_chaos|markofchaos
|n|☆Meracx|meracx
|n|*Lady Monita ☽|ladymonita
|n| Xhent☀♪|xhent
|n| jfebhjbeebhjf|jfebhjbeebhjf
|n| Goomy707|goomy707
|n| Meisnooblol|meisnooblol
|n| Generation10|generation10
|n| bulut|bulut
|n| LilMonky|lilmonky
|n| 41exe|41exe
