|j|☆cav cash
|j|☆jawabarat
|t:|1662245408
|gametype|singles
|player|p1|cav cash|ethan|1779
|player|p2|jawabarat|artist-gen4|1744
|teamsize|p1|6
|teamsize|p2|6
|gen|8
|tier|[Gen 8] OU
|rated|
|rule|Sleep Clause Mod: Limit one foe put to sleep
|rule|Species Clause: Limit one of each Pokémon
|rule|OHKO Clause: OHKO moves are banned
|rule|Evasion Items Clause: Evasion items are banned
|rule|Evasion Moves Clause: Evasion moves are banned
|rule|Endless Battle Clause: Forcing endless battles is banned
|rule|HP Percentage Mod: HP is shown in percentages
|rule|Dynamax Clause: You cannot dynamax
|clearpoke
|poke|p1|Kartana|
|poke|p1|Dragapult, M|
|poke|p1|Tapu Lele|
|poke|p1|Chansey, F|
|poke|p1|Garchomp, F|
|poke|p1|Ferrothorn, M|
|poke|p2|Tyranitar, M|
|poke|p2|Clefable, M|
|poke|p2|Excadrill, M|
|poke|p2|Tangrowth, M|
|poke|p2|Mew|
|poke|p2|Rotom-Wash|
|teampreview
|inactive|Battle timer is ON: inactive players will automatically lose when time's up. (requested by cav cash)
|c|☆jawabarat|hf
|c|☆cav cash|u2 :)
|
|t:|1662245428
|start
|switch|p1a: Tapu Lele|Tapu Lele|100/100
|switch|p2a: CASEY|Clefable, M, shiny|100/100
|-fieldstart|move: Psychic Terrain|[from] ability: Psychic Surge|[of] p1a: Tapu Lele
|turn|1
|j| DarkSpyz
|
|t:|1662245447
|switch|p2a: TAKE A SEAT|Mew, shiny|100/100
|move|p1a: Tapu Lele|Moonblast|p2a: TAKE A SEAT
|-damage|p2a: TAKE A SEAT|52/100
|-unboost|p2a: TAKE A SEAT|spa|1
|
|-heal|p2a: TAKE A SEAT|58/100|[from] item: Leftovers
|upkeep
|turn|2
|j| je rappelle
|
|t:|1662245454
|move|p1a: Tapu Lele|Moonblast|p2a: TAKE A SEAT
|-damage|p2a: TAKE A SEAT|8/100
|-unboost|p2a: TAKE A SEAT|spa|1
|move|p2a: TAKE A SEAT|Roost|p2a: TAKE A SEAT
|-heal|p2a: TAKE A SEAT|58/100
|-singleturn|p2a: TAKE A SEAT|move: Roost
|
|-heal|p2a: TAKE A SEAT|65/100|[from] item: Leftovers
|upkeep
|turn|3
|
|t:|1662245459
|move|p1a: Tapu Lele|Moonblast|p2a: TAKE A SEAT
|-damage|p2a: TAKE A SEAT|16/100
|move|p2a: TAKE A SEAT|Roost|p2a: TAKE A SEAT
|-heal|p2a: TAKE A SEAT|66/100
|-singleturn|p2a: TAKE A SEAT|move: Roost
|
|-heal|p2a: TAKE A SEAT|72/100|[from] item: Leftovers
|upkeep
|turn|4
|j| Ctannn
|
|t:|1662245465
|move|p1a: Tapu Lele|Moonblast|p2a: TAKE A SEAT
|-damage|p2a: TAKE A SEAT|20/100
|-unboost|p2a: TAKE A SEAT|spa|1
|move|p2a: TAKE A SEAT|Roost|p2a: TAKE A SEAT
|-heal|p2a: TAKE A SEAT|70/100
|-singleturn|p2a: TAKE A SEAT|move: Roost
|
|-heal|p2a: TAKE A SEAT|77/100|[from] item: Leftovers
|upkeep
|turn|5
|
|t:|1662245471
|move|p1a: Tapu Lele|Moonblast|p2a: TAKE A SEAT
|-damage|p2a: TAKE A SEAT|28/100
|-unboost|p2a: TAKE A SEAT|spa|1
|move|p2a: TAKE A SEAT|Roost|p2a: TAKE A SEAT
|-heal|p2a: TAKE A SEAT|78/100
|-singleturn|p2a: TAKE A SEAT|move: Roost
|
|-heal|p2a: TAKE A SEAT|84/100|[from] item: Leftovers
|-fieldend|move: Psychic Terrain
|upkeep
|turn|6
|
|t:|1662245477
|move|p1a: Tapu Lele|Moonblast|p2a: TAKE A SEAT
|-crit|p2a: TAKE A SEAT
|-damage|p2a: TAKE A SEAT|6/100
|-unboost|p2a: TAKE A SEAT|spa|1
|move|p2a: TAKE A SEAT|Knock Off|p1a: Tapu Lele
|-damage|p1a: Tapu Lele|68/100
|-enditem|p1a: Tapu Lele|Choice Specs|[from] move: Knock Off|[of] p2a: TAKE A SEAT
|
|-heal|p2a: TAKE A SEAT|12/100|[from] item: Leftovers
|upkeep
|turn|7
|
|t:|1662245488
|switch|p2a: PERVERTED JUSTICE|Rotom-Wash, shiny|100/100
|move|p1a: Tapu Lele|Moonblast|p2a: PERVERTED JUSTICE
|-damage|p2a: PERVERTED JUSTICE|57/100
|
|-heal|p2a: PERVERTED JUSTICE|63/100|[from] item: Leftovers
|upkeep
|turn|8
|l| Ctannn
|
|t:|1662245499
|move|p1a: Tapu Lele|Psyshock|p2a: PERVERTED JUSTICE
|-damage|p2a: PERVERTED JUSTICE|17/100
|move|p2a: PERVERTED JUSTICE|Pain Split|p1a: Tapu Lele
|-sethp|p1a: Tapu Lele|43/100|[from] move: Pain Split|[silent]
|-sethp|p2a: PERVERTED JUSTICE|40/100|[from] move: Pain Split
|
|-heal|p2a: PERVERTED JUSTICE|46/100|[from] item: Leftovers
|upkeep
|turn|9
|c| DarkSpyz|got excradrill what you doing
|c|☆jawabarat|ever heard of a move called focus blast
|inactive|jawabarat has 120 seconds left.
|c| DarkSpyz|his specs clearly
|c|☆cav cash|not no more
|c|☆jawabarat|ive knocked them off you dipshit
|c| DarkSpyz|ahh miss the knock off
|j| Nafeso_OG
|l| Nafeso_OG
|inactive|jawabarat has 90 seconds left.
|c|☆jawabarat|im not being backseated by a guy who sees moonblast into psyshock and tells me hes specs clearly
|
|t:|1662245569
|switch|p2a: JOSHUA COLON|Tangrowth, M, shiny|100/100
|move|p1a: Tapu Lele|Moonblast|p2a: JOSHUA COLON
|-damage|p2a: JOSHUA COLON|28/100
|-unboost|p2a: JOSHUA COLON|spa|1
|
|upkeep
|turn|10
|inactive|jawabarat has 90 seconds left.
|
|t:|1662245590
|switch|p2a: TAKE A SEAT|Mew, shiny|12/100
|move|p1a: Tapu Lele|Focus Blast|p2a: TAKE A SEAT
|-resisted|p2a: TAKE A SEAT
|-damage|p2a: TAKE A SEAT|0 fnt
|faint|p2a: TAKE A SEAT
|
|upkeep
|c| DarkSpyz|yeah 3 of your pokes half hp good one
|c|☆jawabarat|did I ask
|inactive|jawabarat has 60 seconds left.
|
|t:|1662245616
|switch|p2a: CHRIS HANSEN|Tyranitar, M, shiny|100/100
|-weather|Sandstorm|[from] ability: Sand Stream|[of] p2a: CHRIS HANSEN
|turn|11
|c|☆cav cash|come on guys its just a game relax lol
|inactive|jawabarat has 60 seconds left.
|c| DarkSpyz|xD
|
|t:|1662245645
|switch|p1a: Garchomp|Garchomp, F|100/100
|switch|p2a: PERVERTED JUSTICE|Rotom-Wash, shiny|46/100
|
|-weather|Sandstorm|[upkeep]
|-damage|p2a: PERVERTED JUSTICE|40/100|[from] Sandstorm
|-heal|p2a: PERVERTED JUSTICE|46/100|[from] item: Leftovers
|upkeep
|turn|12
|
|t:|1662245651
|switch|p1a: Tapu Lele|Tapu Lele|43/100
|-fieldstart|move: Psychic Terrain|[from] ability: Psychic Surge|[of] p1a: Tapu Lele
|switch|p2a: JOSHUA COLON|Tangrowth, M, shiny|62/100
|
|-weather|Sandstorm|[upkeep]
|-damage|p1a: Tapu Lele|37/100|[from] Sandstorm
|-damage|p2a: JOSHUA COLON|55/100|[from] Sandstorm
|upkeep
|turn|13
|
|t:|1662245656
|switch|p2a: IRAQ VET DECOY|Excadrill, M, shiny|100/100
|move|p1a: Tapu Lele|Moonblast|p2a: IRAQ VET DECOY
|-resisted|p2a: IRAQ VET DECOY
|-damage|p2a: IRAQ VET DECOY|67/100
|-unboost|p2a: IRAQ VET DECOY|spa|1
|
|-weather|Sandstorm|[upkeep]
|-damage|p1a: Tapu Lele|31/100|[from] Sandstorm
|-heal|p2a: IRAQ VET DECOY|73/100|[from] item: Leftovers
|upkeep
|turn|14
|inactive|jawabarat has 60 seconds left.
|
|t:|1662245664
|switch|p1a: Garchomp|Garchomp, F|100/100
|move|p2a: IRAQ VET DECOY|Earthquake|p1a: Garchomp
|-damage|p1a: Garchomp|62/100
|
|-weather|Sandstorm|[upkeep]
|-heal|p2a: IRAQ VET DECOY|79/100|[from] item: Leftovers
|-heal|p1a: Garchomp|69/100|[from] item: Leftovers
|upkeep
|turn|15
|j| Quagshi
|inactive|jawabarat has 60 seconds left.
|
|t:|1662245677
|switch|p2a: CASEY|Clefable, M, shiny|100/100
|move|p1a: Garchomp|Earthquake|p2a: CASEY
|-damage|p2a: CASEY|66/100
|
|-weather|none
|-heal|p1a: Garchomp|75/100|[from] item: Leftovers
|upkeep
|turn|16
|j| KentoJujutsuKaisen
|
|t:|1662245686
|move|p1a: Garchomp|Stealth Rock|p2a: CASEY
|-sidestart|p2: jawabarat|move: Stealth Rock
|move|p2a: CASEY|Stealth Rock|p1a: Garchomp
|-sidestart|p1: cav cash|move: Stealth Rock
|
|-heal|p1a: Garchomp|81/100|[from] item: Leftovers
|-fieldend|move: Psychic Terrain
|upkeep
|turn|17
|
|t:|1662245695
|switch|p1a: Chansey|Chansey, F|100/100
|-damage|p1a: Chansey|88/100|[from] Stealth Rock
|move|p2a: CASEY|Soft-Boiled|p2a: CASEY
|-heal|p2a: CASEY|100/100
|
|upkeep
|turn|18
|
|t:|1662245703
|move|p2a: CASEY|Knock Off|p1a: Chansey
|-damage|p1a: Chansey|78/100
|-enditem|p1a: Chansey|Eviolite|[from] move: Knock Off|[of] p2a: CASEY
|move|p1a: Chansey|Seismic Toss|p2a: CASEY
|-damage|p2a: CASEY|75/100
|-damage|p1a: Chansey|61/100|[from] item: Rocky Helmet|[of] p2a: CASEY
|
|upkeep
|turn|19
|c| DarkSpyz|knock off clef kek
|inactive|jawabarat has 60 seconds left.
|
|t:|1662245739
|move|p2a: CASEY|Moonblast|p1a: Chansey
|-damage|p1a: Chansey|48/100
|-unboost|p1a: Chansey|spa|1
|move|p1a: Chansey|Soft-Boiled|p1a: Chansey
|-heal|p1a: Chansey|98/100
|
|upkeep
|turn|20
|inactive|jawabarat has 60 seconds left.
|
|t:|1662245746
|switch|p1a: Tapu Lele|Tapu Lele|31/100
|-damage|p1a: Tapu Lele|19/100|[from] Stealth Rock
|-fieldstart|move: Psychic Terrain|[from] ability: Psychic Surge|[of] p1a: Tapu Lele
|move|p2a: CASEY|Moonblast|p1a: Tapu Lele
|-damage|p1a: Tapu Lele|0 fnt
|faint|p1a: Tapu Lele
|
|upkeep
|
|t:|1662245749
|switch|p1a: Kartana|Kartana|100/100
|-damage|p1a: Kartana|94/100|[from] Stealth Rock
|turn|21
|j| scdrtfyguh
|
|t:|1662245765
|switch|p2a: JOSHUA COLON|Tangrowth, M, shiny|89/100
|-damage|p2a: JOSHUA COLON|76/100|[from] Stealth Rock
|move|p1a: Kartana|Leaf Blade|p2a: JOSHUA COLON
|-resisted|p2a: JOSHUA COLON
|-crit|p2a: JOSHUA COLON
|-damage|p2a: JOSHUA COLON|40/100
|-damage|p1a: Kartana|78/100|[from] item: Rocky Helmet|[of] p2a: JOSHUA COLON
|
|upkeep
|turn|22
|j| Joeshh
|
|t:|1662245779
|switch|p1a: Garchomp|Garchomp, F|81/100
|-damage|p1a: Garchomp|75/100|[from] Stealth Rock
|move|p2a: JOSHUA COLON|Focus Blast|p1a: Garchomp
|-damage|p1a: Garchomp|46/100
|
|-heal|p1a: Garchomp|52/100|[from] item: Leftovers
|upkeep
|turn|23
|
|t:|1662245791
|switch|p2a: CASEY|Clefable, M, shiny|75/100
|move|p1a: Garchomp|Fire Blast|p2a: CASEY
|-damage|p2a: CASEY|56/100
|
|-heal|p1a: Garchomp|58/100|[from] item: Leftovers
|upkeep
|turn|24
|j| malobon
|inactive|jawabarat has 60 seconds left.
|
|t:|1662245819
|switch|p1a: Chansey|Chansey, F|98/100
|-damage|p1a: Chansey|85/100|[from] Stealth Rock
|move|p2a: CASEY|Soft-Boiled|p2a: CASEY
|-heal|p2a: CASEY|100/100
|
|-fieldend|move: Psychic Terrain
|upkeep
|turn|25
|
|t:|1662245829
|switch|p2a: CHRIS HANSEN|Tyranitar, M, shiny|100/100
|-damage|p2a: CHRIS HANSEN|88/100|[from] Stealth Rock
|-weather|Sandstorm|[from] ability: Sand Stream|[of] p2a: CHRIS HANSEN
|move|p1a: Chansey|Seismic Toss|p2a: CHRIS HANSEN
|-damage|p2a: CHRIS HANSEN|59/100
|
|-weather|Sandstorm|[upkeep]
|-damage|p1a: Chansey|79/100|[from] Sandstorm
|upkeep
|turn|26
|
|t:|1662245839
|move|p2a: CHRIS HANSEN|Superpower|p1a: Chansey
|-supereffective|p1a: Chansey
|-damage|p1a: Chansey|0 fnt
|-unboost|p2a: CHRIS HANSEN|atk|1
|-unboost|p2a: CHRIS HANSEN|def|1
|faint|p1a: Chansey
|
|-weather|Sandstorm|[upkeep]
|upkeep
|j| Jongruenwald
|j| golgo27
|
|t:|1662245855
|switch|p1a: Kartana|Kartana|78/100
|-damage|p1a: Kartana|72/100|[from] Stealth Rock
|turn|27
|
|t:|1662245862
|switch|p2a: JOSHUA COLON|Tangrowth, M, shiny|73/100
|-damage|p2a: JOSHUA COLON|61/100|[from] Stealth Rock
|move|p1a: Kartana|Leaf Blade|p2a: JOSHUA COLON
|-resisted|p2a: JOSHUA COLON
|-damage|p2a: JOSHUA COLON|37/100
|-damage|p1a: Kartana|55/100|[from] item: Rocky Helmet|[of] p2a: JOSHUA COLON
|
|-weather|Sandstorm|[upkeep]
|-damage|p2a: JOSHUA COLON|31/100|[from] Sandstorm
|upkeep
|turn|28
|
|t:|1662245875
|move|p1a: Kartana|Leaf Blade|p2a: JOSHUA COLON
|-resisted|p2a: JOSHUA COLON
|-crit|p2a: JOSHUA COLON
|-damage|p2a: JOSHUA COLON|0 fnt
|-damage|p1a: Kartana|38/100|[from] item: Rocky Helmet|[of] p2a: JOSHUA COLON
|faint|p2a: JOSHUA COLON
|-ability|p1a: Kartana|Beast Boost|boost
|-boost|p1a: Kartana|atk|1
|
|-weather|Sandstorm|[upkeep]
|upkeep
|
|t:|1662245879
|switch|p2a: IRAQ VET DECOY|Excadrill, M, shiny|79/100
|-damage|p2a: IRAQ VET DECOY|76/100|[from] Stealth Rock
|turn|29
|
|t:|1662245887
|switch|p1a: Ferrothorn|Ferrothorn, M|100/100
|-damage|p1a: Ferrothorn|94/100|[from] Stealth Rock
|move|p2a: IRAQ VET DECOY|Earthquake|p1a: Ferrothorn
|-damage|p1a: Ferrothorn|56/100
|
|-weather|none
|-heal|p2a: IRAQ VET DECOY|82/100|[from] item: Leftovers
|-heal|p1a: Ferrothorn|62/100|[from] item: Leftovers
|upkeep
|turn|30
|
|t:|1662245899
|switch|p2a: CASEY|Clefable, M, shiny|100/100
|switch|p1a: Kartana|Kartana|38/100
|-damage|p1a: Kartana|32/100|[from] Stealth Rock
|
|upkeep
|turn|31
|
|t:|1662245910
|move|p1a: Kartana|Leaf Blade|p2a: CASEY
|-damage|p2a: CASEY|27/100
|-damage|p1a: Kartana|16/100|[from] item: Rocky Helmet|[of] p2a: CASEY
|move|p2a: CASEY|Soft-Boiled|p2a: CASEY
|-heal|p2a: CASEY|77/100
|
|upkeep
|turn|32
|
|t:|1662245918
|move|p1a: Kartana|Leaf Blade|p2a: CASEY
|-damage|p2a: CASEY|4/100
|-damage|p1a: Kartana|0 fnt|[from] item: Rocky Helmet|[of] p2a: CASEY
|faint|p1a: Kartana
|move|p2a: CASEY|Soft-Boiled|p2a: CASEY
|-heal|p2a: CASEY|54/100
|
|upkeep
|j|+Dragonillis
|
|t:|1662245930
|switch|p1a: Ferrothorn|Ferrothorn, M|62/100
|-damage|p1a: Ferrothorn|56/100|[from] Stealth Rock
|turn|33
|
|t:|1662245938
|move|p2a: CASEY|Soft-Boiled|p2a: CASEY
|-heal|p2a: CASEY|100/100
|move|p1a: Ferrothorn|Iron Defense|p1a: Ferrothorn
|-boost|p1a: Ferrothorn|def|2
|
|-heal|p1a: Ferrothorn|62/100|[from] item: Leftovers
|upkeep
|turn|34
|l| golgo27
|c| malobon|I am disgusted mayne!
|inactive|jawabarat has 120 seconds left.
|
|t:|1662245944
|move|p2a: CASEY|Knock Off|p1a: Ferrothorn
|-damage|p1a: Ferrothorn|57/100
|-activate|p1a: Ferrothorn|ability: Iron Barbs
|-enditem|p1a: Ferrothorn|Leftovers|[from] move: Knock Off|[of] p2a: CASEY
|move|p1a: Ferrothorn|Iron Defense|p1a: Ferrothorn
|-boost|p1a: Ferrothorn|def|2
|
|upkeep
|turn|35
|j| trumps convoy
|
|t:|1662245950
|move|p2a: CASEY|Moonblast|p1a: Ferrothorn
|-resisted|p1a: Ferrothorn
|-damage|p1a: Ferrothorn|44/100
|move|p1a: Ferrothorn|Iron Defense|p1a: Ferrothorn
|-boost|p1a: Ferrothorn|def|2
|
|upkeep
|turn|36
|
|t:|1662245954
|move|p2a: CASEY|Moonblast|p1a: Ferrothorn
|-resisted|p1a: Ferrothorn
|-damage|p1a: Ferrothorn|31/100
|move|p1a: Ferrothorn|Body Press|p2a: CASEY
|-resisted|p2a: CASEY
|-crit|p2a: CASEY
|-damage|p2a: CASEY|39/100
|-damage|p1a: Ferrothorn|15/100|[from] item: Rocky Helmet|[of] p2a: CASEY
|
|upkeep
|turn|37
|
|t:|1662245961
|move|p2a: CASEY|Soft-Boiled|p2a: CASEY
|-heal|p2a: CASEY|89/100
|move|p1a: Ferrothorn|Body Press|p2a: CASEY
|-resisted|p2a: CASEY
|-damage|p2a: CASEY|43/100
|-damage|p1a: Ferrothorn|0 fnt|[from] item: Rocky Helmet|[of] p2a: CASEY
|faint|p1a: Ferrothorn
|
|upkeep
|
|t:|1662245963
|switch|p1a: Dragapult|Dragapult, M|100/100
|-damage|p1a: Dragapult|88/100|[from] Stealth Rock
|turn|38
|l| trumps convoy
|j| Alexis5000
|
|t:|1662245974
|move|p1a: Dragapult|Shadow Ball|p2a: CASEY
|-damage|p2a: CASEY|7/100
|move|p2a: CASEY|Moonblast|p1a: Dragapult
|-supereffective|p1a: Dragapult
|-damage|p1a: Dragapult|0 fnt
|faint|p1a: Dragapult
|
|upkeep
|l| Quagshi
|c|☆cav cash|gg i played terribly around that clef
|c|☆jawabarat|ggs
|
|t:|1662245993
|switch|p1a: Garchomp|Garchomp, F|58/100
|-damage|p1a: Garchomp|52/100|[from] Stealth Rock
|turn|39
|c|☆jawabarat|made up for me playing terribly around the lele
|l| Alexis5000
|
|t:|1662246000
|move|p1a: Garchomp|Earthquake|p2a: CASEY
|-damage|p2a: CASEY|0 fnt
|faint|p2a: CASEY
|
|-heal|p1a: Garchomp|58/100|[from] item: Leftovers
|upkeep
|j| afduihidsuhfiuhds
|
|t:|1662246007
|switch|p2a: PERVERTED JUSTICE|Rotom-Wash, shiny|46/100
|-damage|p2a: PERVERTED JUSTICE|34/100|[from] Stealth Rock
|turn|40
|
|t:|1662246015
|move|p1a: Garchomp|Toxic|p2a: PERVERTED JUSTICE
|-status|p2a: PERVERTED JUSTICE|tox
|move|p2a: PERVERTED JUSTICE|Pain Split|p1a: Garchomp
|-sethp|p1a: Garchomp|41/100|[from] move: Pain Split|[silent]
|-sethp|p2a: PERVERTED JUSTICE|57/100 tox|[from] move: Pain Split
|
|-heal|p1a: Garchomp|47/100|[from] item: Leftovers
|-heal|p2a: PERVERTED JUSTICE|63/100 tox|[from] item: Leftovers
|-damage|p2a: PERVERTED JUSTICE|57/100 tox|[from] psn
|upkeep
|turn|41
|
|t:|1662246020
|move|p1a: Garchomp|Fire Blast|p2a: PERVERTED JUSTICE
|-resisted|p2a: PERVERTED JUSTICE
|-damage|p2a: PERVERTED JUSTICE|49/100 tox
|move|p2a: PERVERTED JUSTICE|Toxic|p1a: Garchomp
|-status|p1a: Garchomp|tox
|
|-heal|p1a: Garchomp|54/100 tox|[from] item: Leftovers
|-heal|p2a: PERVERTED JUSTICE|55/100 tox|[from] item: Leftovers
|-damage|p1a: Garchomp|47/100 tox|[from] psn
|-damage|p2a: PERVERTED JUSTICE|43/100 tox|[from] psn
|upkeep
|turn|42
|
|t:|1662246025
|move|p1a: Garchomp|Fire Blast|p2a: PERVERTED JUSTICE
|-resisted|p2a: PERVERTED JUSTICE
|-damage|p2a: PERVERTED JUSTICE|34/100 tox
|move|p2a: PERVERTED JUSTICE|Hydro Pump|p1a: Garchomp
|-damage|p1a: Garchomp|5/100 tox
|
|-heal|p1a: Garchomp|11/100 tox|[from] item: Leftovers
|-heal|p2a: PERVERTED JUSTICE|40/100 tox|[from] item: Leftovers
|-damage|p1a: Garchomp|0 fnt|[from] psn
|faint|p1a: Garchomp
|
|win|jawabarat
|upkeep
|raw|cav cash's rating: 1779 &rarr; <strong>1757</strong><br />(-22 for losing)
|raw|jawabarat's rating: 1744 &rarr; <strong>1766</strong><br />(+22 for winning)
|l|☆cav cash
|l| Jongruenwald
|l| je rappelle
|l| DarkSpyz
|l| malobon
||Ladder isn't responding, score probably updated but might not have (Request timeout).
