|j|☆2(H2O)-Alt
|j|☆Libaa
|t:|1655584334
|gametype|singles
|player|p1|2(H2O)-Alt|lady|1615
|player|p2|Libaa|bianca-pwt|1661
|teamsize|p1|6
|teamsize|p2|6
|gen|8
|tier|[Gen 8] OU
|rated|
|rule|Sleep Clause Mod: Limit one foe put to sleep
|rule|Species Clause: Limit one of each Pokémon
|rule|OHKO Clause: OHKO moves are banned
|rule|Evasion Moves Clause: Evasion moves are banned
|rule|Endless Battle Clause: Forcing endless battles is banned
|rule|HP Percentage Mod: HP is shown in percentages
|rule|Dynamax Clause: You cannot dynamax
|clearpoke
|poke|p1|Tapu Lele|
|poke|p1|Victini|
|poke|p1|Melmetal|
|poke|p1|Dragonite, M|
|poke|p1|Landorus-Therian, M|
|poke|p1|Urshifu-*, M|
|poke|p2|Aegislash, F|
|poke|p2|Crawdaunt, F|
|poke|p2|Hatterene, F|
|poke|p2|Tapu Koko|
|poke|p2|Garchomp, M|
|poke|p2|Hydreigon, M|
|teampreview
|j| 60metapod
|inactive|Battle timer is ON: inactive players will automatically lose when time's up. (requested by Libaa)
|
|t:|1655584366
|start
|switch|p1a: Tapu Lele|Tapu Lele|100/100
|switch|p2a: DaGuard|Tapu Koko|100/100
|-fieldstart|move: Psychic Terrain|[from] ability: Psychic Surge|[of] p1a: Tapu Lele
|-fieldstart|move: Electric Terrain|[from] ability: Electric Surge|[of] p2a: DaGuard
|turn|1
|
|t:|1655584372
|move|p1a: Tapu Lele|Future Sight|p2a: DaGuard
|-start|p1a: Tapu Lele|move: Future Sight
|move|p2a: DaGuard|U-turn|p1a: Tapu Lele
|-damage|p1a: Tapu Lele|75/100
|
|t:|1655584374
|switch|p2a: Aegi|Aegislash, F|100/100|[from]move: U-turn
|
|upkeep
|turn|2
|
|t:|1655584378
|switch|p1a: Landorus|Landorus-Therian, M|100/100
|-ability|p1a: Landorus|Intimidate|boost
|-unboost|p2a: Aegi|atk|1
|-formechange|p2a: Aegi|Aegislash-Blade||[from] ability: Stance Change
|move|p2a: Aegi|Shadow Ball|p1a: Landorus
|-damage|p1a: Landorus|54/100
|-unboost|p1a: Landorus|spd|1
|
|-heal|p1a: Landorus|60/100|[from] item: Leftovers
|upkeep
|turn|3
|
|t:|1655584381
|switch|p2a: Laria|Hatterene, F|100/100
|move|p1a: Landorus|Earthquake|p2a: Laria
|-damage|p2a: Laria|62/100
|
|-end|p2a: Laria|move: Future Sight
|-resisted|p2a: Laria
|-crit|p2a: Laria
|-damage|p2a: Laria|10/100
|-heal|p1a: Landorus|66/100|[from] item: Leftovers
|-heal|p2a: Laria|16/100|[from] item: Leftovers
|upkeep
|turn|4
|
|t:|1655584384
|move|p1a: Landorus|U-turn|p2a: Laria
|-damage|p2a: Laria|0 fnt
|faint|p2a: Laria
|
|t:|1655584386
|switch|p1a: Tapu Lele|Tapu Lele|75/100|[from]move: U-turn
|-fieldstart|move: Psychic Terrain|[from] ability: Psychic Surge|[of] p1a: Tapu Lele
|
|upkeep
|
|t:|1655584388
|switch|p2a: Aegi|Aegislash, F|100/100
|turn|5
|
|t:|1655584391
|switch|p1a: Melmetal|Melmetal|100/100
|-formechange|p2a: Aegi|Aegislash-Blade||[from] ability: Stance Change
|move|p2a: Aegi|Shadow Ball|p1a: Melmetal
|-damage|p1a: Melmetal|68/100
|
|upkeep
|turn|6
|
|t:|1655584398
|-formechange|p2a: Aegi|Aegislash||[from] ability: Stance Change
|move|p2a: Aegi|King's Shield|p2a: Aegi
|-singleturn|p2a: Aegi|Protect
|move|p1a: Melmetal|Earthquake|p2a: Aegi
|-activate|p2a: Aegi|move: Protect
|
|upkeep
|turn|7
|
|t:|1655584404
|-formechange|p2a: Aegi|Aegislash-Blade||[from] ability: Stance Change
|move|p2a: Aegi|Shadow Ball|p1a: Melmetal
|-damage|p1a: Melmetal|37/100
|move|p1a: Melmetal|Ice Punch|p2a: Aegi
|-resisted|p2a: Aegi
|-damage|p2a: Aegi|63/100
|
|upkeep
|turn|8
|
|t:|1655584410
|switch|p2a: Menace|Crawdaunt, F|100/100
|move|p1a: Melmetal|Earthquake|p2a: Menace
|-damage|p2a: Menace|47/100
|
|-fieldend|move: Psychic Terrain
|upkeep
|turn|9
|
|t:|1655584413
|switch|p1a: Dragonite|Dragonite, M|100/100
|move|p2a: Menace|Knock Off|p1a: Dragonite
|-damage|p1a: Dragonite|68/100
|-enditem|p1a: Dragonite|Heavy-Duty Boots|[from] move: Knock Off|[of] p2a: Menace
|-damage|p2a: Menace|38/100|[from] item: Life Orb
|
|upkeep
|turn|10
|
|t:|1655584416
|switch|p2a: DaGuard|Tapu Koko|100/100
|-fieldstart|move: Electric Terrain|[from] ability: Electric Surge|[of] p2a: DaGuard
|move|p1a: Dragonite|Roost|p1a: Dragonite
|-heal|p1a: Dragonite|100/100
|-singleturn|p1a: Dragonite|move: Roost
|
|upkeep
|turn|11
|
|t:|1655584419
|switch|p1a: Landorus|Landorus-Therian, M|66/100
|-ability|p1a: Landorus|Intimidate|boost
|-unboost|p2a: DaGuard|atk|1
|move|p2a: DaGuard|U-turn|p1a: Landorus
|-resisted|p1a: Landorus
|-crit|p1a: Landorus
|-damage|p1a: Landorus|54/100
|
|t:|1655584421
|switch|p2a: Menace|Crawdaunt, F|38/100|[from]move: U-turn
|
|-heal|p1a: Landorus|60/100|[from] item: Leftovers
|upkeep
|turn|12
|
|t:|1655584429
|move|p2a: Menace|Aqua Jet|p1a: Landorus
|-supereffective|p1a: Landorus
|-damage|p1a: Landorus|0 fnt
|faint|p1a: Landorus
|-damage|p2a: Menace|28/100|[from] item: Life Orb
|
|upkeep
|
|t:|1655584432
|switch|p1a: Tapu Lele|Tapu Lele|75/100
|-fieldstart|move: Psychic Terrain|[from] ability: Psychic Surge|[of] p1a: Tapu Lele
|turn|13
|
|t:|1655584436
|switch|p2a: Aegi|Aegislash, F|63/100
|move|p1a: Tapu Lele|Moonblast|p2a: Aegi
|-resisted|p2a: Aegi
|-crit|p2a: Aegi
|-damage|p2a: Aegi|26/100
|
|upkeep
|turn|14
|
|t:|1655584440
|switch|p1a: Dragonite|Dragonite, M|100/100
|-formechange|p2a: Aegi|Aegislash-Blade||[from] ability: Stance Change
|move|p2a: Aegi|Shadow Ball|p1a: Dragonite
|-damage|p1a: Dragonite|79/100
|
|upkeep
|turn|15
|
|t:|1655584444
|move|p2a: Aegi|Toxic|p1a: Dragonite|[miss]
|-miss|p2a: Aegi|p1a: Dragonite
|move|p1a: Dragonite|Earthquake|p2a: Aegi
|-supereffective|p2a: Aegi
|-damage|p2a: Aegi|0 fnt
|faint|p2a: Aegi
|
|upkeep
|
|t:|1655584446
|switch|p2a: DaGuard|Tapu Koko|100/100
|-fieldstart|move: Electric Terrain|[from] ability: Electric Surge|[of] p2a: DaGuard
|turn|16
|
|t:|1655584449
|move|p2a: DaGuard|Dazzling Gleam|p1a: Dragonite
|-supereffective|p1a: Dragonite
|-crit|p1a: Dragonite
|-damage|p1a: Dragonite|3/100
|move|p1a: Dragonite|Earthquake|p2a: DaGuard
|-supereffective|p2a: DaGuard
|-damage|p2a: DaGuard|21/100
|
|upkeep
|turn|17
|
|t:|1655584452
|move|p2a: DaGuard|Thunderbolt|p1a: Dragonite
|-damage|p1a: Dragonite|0 fnt
|faint|p1a: Dragonite
|
|upkeep
|
|t:|1655584454
|switch|p1a: Tapu Lele|Tapu Lele|75/100
|-fieldstart|move: Psychic Terrain|[from] ability: Psychic Surge|[of] p1a: Tapu Lele
|turn|18
|
|t:|1655584465
|move|p1a: Tapu Lele|Moonblast|p2a: DaGuard
|-damage|p2a: DaGuard|0 fnt
|faint|p2a: DaGuard
|
|upkeep
|
|t:|1655584466
|switch|p2a: Chompers|Garchomp, M|100/100
|turn|19
|
|t:|1655584467
|move|p1a: Tapu Lele|Moonblast|p2a: Chompers
|-supereffective|p2a: Chompers
|-enditem|p2a: Chompers|Roseli Berry|[eat]
|-enditem|p2a: Chompers|Roseli Berry|[weaken]
|-damage|p2a: Chompers|46/100
|move|p2a: Chompers|Earthquake|p1a: Tapu Lele
|-damage|p1a: Tapu Lele|0 fnt
|faint|p1a: Tapu Lele
|
|upkeep
|
|t:|1655584477
|switch|p1a: Urshifu|Urshifu-Rapid-Strike, M|100/100
|turn|20
|
|t:|1655584481
|move|p2a: Chompers|Earthquake|p1a: Urshifu
|-damage|p1a: Urshifu|53/100
|move|p1a: Urshifu|Close Combat|p2a: Chompers
|-damage|p2a: Chompers|0 fnt
|-unboost|p1a: Urshifu|def|1
|-unboost|p1a: Urshifu|spd|1
|-damage|p1a: Urshifu|40/100|[from] ability: Rough Skin|[of] p2a: Chompers
|faint|p2a: Chompers
|
|upkeep
|
|t:|1655584483
|switch|p2a: Akuma|Hydreigon, M|100/100
|turn|21
|
|t:|1655584486
|switch|p1a: Melmetal|Melmetal|37/100
|move|p2a: Akuma|Dark Pulse|p1a: Melmetal
|-damage|p1a: Melmetal|14/100
|
|upkeep
|turn|22
|
|t:|1655584488
|move|p2a: Akuma|Dark Pulse|p1a: Melmetal
|-damage|p1a: Melmetal|0 fnt
|faint|p1a: Melmetal
|
|-fieldend|move: Psychic Terrain
|upkeep
|
|t:|1655584490
|switch|p1a: Urshifu|Urshifu-Rapid-Strike, M|40/100
|turn|23
|
|t:|1655584493
|switch|p2a: Menace|Crawdaunt, F|28/100
|move|p1a: Urshifu|Close Combat|p2a: Menace
|-supereffective|p2a: Menace
|-crit|p2a: Menace
|-damage|p2a: Menace|0 fnt
|-unboost|p1a: Urshifu|def|1
|-unboost|p1a: Urshifu|spd|1
|faint|p2a: Menace
|
|upkeep
|
|t:|1655584494
|switch|p2a: Akuma|Hydreigon, M|100/100
|turn|24
|
|t:|1655584496
|switch|p1a: Victini|Victini|100/100
|move|p2a: Akuma|Nasty Plot|p2a: Akuma
|-boost|p2a: Akuma|spa|2
|
|upkeep
|turn|25
|
|t:|1655584501
|move|p1a: Victini|U-turn|p2a: Akuma
|-supereffective|p2a: Akuma
|-damage|p2a: Akuma|49/100
|
|t:|1655584504
|switch|p1a: Urshifu|Urshifu-Rapid-Strike, M|40/100|[from]move: U-turn
|move|p2a: Akuma|Dark Pulse|p1a: Urshifu
|-resisted|p1a: Urshifu
|-damage|p1a: Urshifu|0 fnt
|faint|p1a: Urshifu
|
|-heal|p2a: Akuma|56/100|[from] item: Leftovers
|upkeep
|
|t:|1655584505
|switch|p1a: Victini|Victini|100/100
|turn|26
|
|t:|1655584507
|move|p1a: Victini|U-turn|p2a: Akuma
|-supereffective|p2a: Akuma
|-damage|p2a: Akuma|5/100
|move|p2a: Akuma|Dark Pulse|p1a: Victini
|-supereffective|p1a: Victini
|-damage|p1a: Victini|0 fnt
|faint|p1a: Victini
|
|win|Libaa
|raw|2(H2O)-Alt's rating: 1615 &rarr; <strong>1598</strong><br />(-17 for losing)
|raw|Libaa's rating: 1661 &rarr; <strong>1678</strong><br />(+17 for winning)
|c|☆Libaa|gg
|l|☆2(H2O)-Alt
