|j|☆oof_oofington2
|j|☆Steelix Fusion
|t:|1657854509
|gametype|singles
|player|p1|oof_oofington2|dancer|1656
|player|p2|Steelix Fusion|marshal|1653
|teamsize|p1|6
|teamsize|p2|6
|gen|8
|tier|[Gen 8] OU
|rated|
|rule|Sleep Clause Mod: Limit one foe put to sleep
|rule|Species Clause: Limit one of each Pokémon
|rule|OHKO Clause: OHKO moves are banned
|rule|Evasion Moves Clause: Evasion moves are banned
|rule|Endless Battle Clause: Forcing endless battles is banned
|rule|HP Percentage Mod: HP is shown in percentages
|rule|Dynamax Clause: You cannot dynamax
|clearpoke
|poke|p1|Pelipper, M|
|poke|p1|Ferrothorn, F|
|poke|p1|Urshifu-*, F|
|poke|p1|Kingdra, F|
|poke|p1|Garchomp, F|
|poke|p1|Zapdos|
|poke|p2|Ninetales-Alola, F|
|poke|p2|Klefki, M|
|poke|p2|Scolipede, M|
|poke|p2|Gyarados, M|
|poke|p2|Garchomp, F|
|poke|p2|Tapu Fini|
|teampreview
|inactive|Battle timer is ON: inactive players will automatically lose when time's up. (requested by Steelix Fusion)
|
|t:|1657854531
|start
|switch|p1a: Pelipper|Pelipper, M|100/100
|switch|p2a: Tapu Fini|Tapu Fini|100/100
|-fieldstart|move: Misty Terrain|[from] ability: Misty Surge|[of] p2a: Tapu Fini
|-weather|RainDance|[from] ability: Drizzle|[of] p1a: Pelipper
|turn|1
|
|t:|1657854539
|move|p2a: Tapu Fini|Knock Off|p1a: Pelipper
|-damage|p1a: Pelipper|82/100
|-enditem|p1a: Pelipper|Damp Rock|[from] move: Knock Off|[of] p2a: Tapu Fini
|move|p1a: Pelipper|U-turn|p2a: Tapu Fini
|-resisted|p2a: Tapu Fini
|-crit|p2a: Tapu Fini
|-damage|p2a: Tapu Fini|93/100
|
|t:|1657854543
|switch|p1a: Zapdos|Zapdos, shiny|100/100|[from]move: U-turn
|
|-weather|RainDance|[upkeep]
|upkeep
|turn|2
|
|t:|1657854549
|switch|p2a: Ninetales|Ninetales-Alola, F|100/100
|-weather|Hail|[from] ability: Snow Warning|[of] p2a: Ninetales
|move|p1a: Zapdos|Hurricane|p2a: Ninetales
|-damage|p2a: Ninetales|34/100
|
|-weather|Hail|[upkeep]
|-damage|p1a: Zapdos|94/100|[from] Hail
|upkeep
|turn|3
|
|t:|1657854557
|switch|p1a: Ferrothorn|Ferrothorn, F|100/100
|move|p2a: Ninetales|Freeze-Dry|p1a: Ferrothorn
|-damage|p1a: Ferrothorn|89/100
|
|-weather|Hail|[upkeep]
|-damage|p1a: Ferrothorn|82/100|[from] Hail
|-heal|p1a: Ferrothorn|89/100|[from] item: Leftovers
|upkeep
|turn|4
|
|t:|1657854566
|move|p2a: Ninetales|Aurora Veil|p2a: Ninetales
|-sidestart|p2: Steelix Fusion|move: Aurora Veil
|move|p1a: Ferrothorn|Gyro Ball|p2a: Ninetales
|-supereffective|p2a: Ninetales
|-damage|p2a: Ninetales|0 fnt
|faint|p2a: Ninetales
|
|-weather|Hail|[upkeep]
|-damage|p1a: Ferrothorn|82/100|[from] Hail
|-heal|p1a: Ferrothorn|89/100|[from] item: Leftovers
|upkeep
|
|t:|1657854575
|switch|p2a: Garchomp|Garchomp, F|100/100
|turn|5
|j| CB Bhris Breezy
|
|t:|1657854583
|move|p2a: Garchomp|Swords Dance|p2a: Garchomp
|-boost|p2a: Garchomp|atk|2
|move|p1a: Ferrothorn|Knock Off|p2a: Garchomp
|-damage|p2a: Garchomp|90/100
|-damage|p1a: Ferrothorn|76/100|[from] ability: Rough Skin|[of] p2a: Garchomp
|-enditem|p2a: Garchomp|Life Orb|[from] move: Knock Off|[of] p1a: Ferrothorn
|
|-weather|Hail|[upkeep]
|-damage|p2a: Garchomp|84/100|[from] Hail
|-damage|p1a: Ferrothorn|70/100|[from] Hail
|-heal|p1a: Ferrothorn|76/100|[from] item: Leftovers
|upkeep
|turn|6
|
|t:|1657854593
|move|p2a: Garchomp|Scale Shot|p1a: Ferrothorn|[miss]
|-miss|p2a: Garchomp|p1a: Ferrothorn
|move|p1a: Ferrothorn|Gyro Ball|p2a: Garchomp
|-damage|p2a: Garchomp|60/100
|-damage|p1a: Ferrothorn|64/100|[from] ability: Rough Skin|[of] p2a: Garchomp
|
|-weather|none
|-heal|p1a: Ferrothorn|70/100|[from] item: Leftovers
|upkeep
|turn|7
|
|t:|1657854601
|move|p2a: Garchomp|Fire Fang|p1a: Ferrothorn
|-supereffective|p1a: Ferrothorn
|-damage|p1a: Ferrothorn|0 fnt
|-damage|p2a: Garchomp|48/100|[from] ability: Iron Barbs|[of] p1a: Ferrothorn
|faint|p1a: Ferrothorn
|
|upkeep
|
|t:|1657854607
|switch|p1a: Pelipper|Pelipper, M|82/100
|-weather|RainDance|[from] ability: Drizzle|[of] p1a: Pelipper
|turn|8
|j| BabyPigsAreLaughin
|
|t:|1657854611
|move|p2a: Garchomp|Scale Shot|p1a: Pelipper|[miss]
|-miss|p2a: Garchomp|p1a: Pelipper
|move|p1a: Pelipper|U-turn|p2a: Garchomp
|-damage|p2a: Garchomp|44/100
|-damage|p1a: Pelipper|70/100|[from] ability: Rough Skin|[of] p2a: Garchomp
|j| teambuildr
|
|t:|1657854613
|switch|p1a: Kingdra|Kingdra, F|100/100|[from]move: U-turn
|
|-weather|RainDance|[upkeep]
|-fieldend|Misty Terrain
|upkeep
|turn|9
|c|☆Steelix Fusion|omfg
|c|☆Steelix Fusion|2 missed scale shots
|c|☆Steelix Fusion|in a row
|c|☆oof_oofington2|niga stfu
|c|&|/log oof_oofington2 was warned by Artemis (☆oof_oofington2: niga stfu)
|c|&|/raw <small>This action was done automatically. Want to learn more about the AI? <a href="https://www.smogon.com/forums/threads/3570628/#post-9056769">Visit the information thread</a>.</small>
|c|☆oof_oofington2|stfu
|c|☆Steelix Fusion|lmao
|c|☆Steelix Fusion|this is why
|inactive|oof_oofington2 has 120 seconds left.
|c|☆Steelix Fusion|this game sucks
|
|t:|1657854647
|switch|p2a: Tapu Fini|Tapu Fini|93/100
|-fieldstart|move: Misty Terrain|[from] ability: Misty Surge|[of] p2a: Tapu Fini
|move|p1a: Kingdra|Hydro Pump|p2a: Tapu Fini
|-resisted|p2a: Tapu Fini
|-damage|p2a: Tapu Fini|72/100
|
|-weather|RainDance|[upkeep]
|upkeep
|turn|10
|c|☆Steelix Fusion|bunch of noobs
|c|☆Steelix Fusion|acting like theyre good
|inactive|oof_oofington2 has 120 seconds left.
|
|t:|1657854659
|switch|p1a: Garchomp|Garchomp, F, shiny|100/100
|move|p2a: Tapu Fini|Nature's Madness|p1a: Garchomp
|-damage|p1a: Garchomp|51/100
|
|-weather|RainDance|[upkeep]
|-heal|p1a: Garchomp|57/100|[from] item: Leftovers
|upkeep
|turn|11
|
|t:|1657854667
|move|p1a: Garchomp|Stealth Rock|p2a: Tapu Fini
|-sidestart|p2: Steelix Fusion|move: Stealth Rock
|move|p2a: Tapu Fini|Whirlpool|p1a: Garchomp
|-damage|p1a: Garchomp|37/100
|-activate|p1a: Garchomp|move: Whirlpool|[of] p2a: Tapu Fini
|
|-weather|RainDance|[upkeep]
|-heal|p1a: Garchomp|44/100|[from] item: Leftovers
|-damage|p1a: Garchomp|31/100|[from] move: Whirlpool|[partiallytrapped]
|-sideend|p2: Steelix Fusion|move: Aurora Veil
|upkeep
|turn|12
|
|t:|1657854680
|move|p1a: Garchomp|Earthquake|p2a: Tapu Fini
|-damage|p2a: Tapu Fini|16/100
|move|p2a: Tapu Fini|Whirlpool|p1a: Garchomp
|-damage|p1a: Garchomp|14/100
|
|-weather|none
|-heal|p1a: Garchomp|20/100|[from] item: Leftovers
|-damage|p1a: Garchomp|8/100|[from] move: Whirlpool|[partiallytrapped]
|upkeep
|turn|13
|
|t:|1657854691
|switch|p2a: Gyarados|Gyarados, M, shiny|100/100
|-damage|p2a: Gyarados|76/100|[from] Stealth Rock
|move|p1a: Garchomp|Swords Dance|p1a: Garchomp
|-boost|p1a: Garchomp|atk|2
|
|-heal|p1a: Garchomp|14/100|[from] item: Leftovers
|-heal|p2a: Gyarados|82/100|[from] item: Leftovers
|-end|p1a: Garchomp|Whirlpool|[partiallytrapped]|[silent]
|upkeep
|turn|14
|
|t:|1657854702
|move|p1a: Garchomp|Aqua Tail|p2a: Gyarados
|-resisted|p2a: Gyarados
|-damage|p2a: Gyarados|47/100
|move|p2a: Gyarados|Waterfall|p1a: Garchomp
|-damage|p1a: Garchomp|0 fnt
|-damage|p2a: Gyarados|34/100|[from] ability: Rough Skin|[of] p1a: Garchomp
|faint|p1a: Garchomp
|-ability|p2a: Gyarados|Moxie|boost
|-boost|p2a: Gyarados|atk|1
|
|-heal|p2a: Gyarados|40/100|[from] item: Leftovers
|upkeep
|
|t:|1657854711
|switch|p1a: Zapdos|Zapdos, shiny|94/100
|turn|15
|
|t:|1657854715
|switch|p2a: Garchomp|Garchomp, F|44/100
|-damage|p2a: Garchomp|38/100|[from] Stealth Rock
|move|p1a: Zapdos|Volt Switch|p2a: Garchomp
|-immune|p2a: Garchomp
|
|upkeep
|turn|16
|
|t:|1657854722
|move|p1a: Zapdos|Hurricane|p2a: Garchomp
|-damage|p2a: Garchomp|0 fnt
|faint|p2a: Garchomp
|
|-fieldend|Misty Terrain
|upkeep
|c|☆Steelix Fusion|wow
|c|☆oof_oofington2|what u talkin all that shit for
|c|☆Steelix Fusion|he hits hurricnae
|c|☆Steelix Fusion|twice
|c|☆oof_oofington2|u finna lose my g
|c|☆Steelix Fusion|yet i MISS
|c|☆Steelix Fusion|SCALE SHOT TWICE
|c|☆Steelix Fusion|LMAO
|c|☆oof_oofington2|shouldve use dragon claw
|
|t:|1657854743
|switch|p2a: Klefki|Klefki, M, shiny|100/100
|-damage|p2a: Klefki|94/100|[from] Stealth Rock
|turn|17
|c|☆oof_oofington2|u fuckin noob
|c|&|/log oof_oofington2 was warned by Artemis (☆oof_oofington2: u fuckin noob)
|c|&|/raw <small>This action was done automatically. Want to learn more about the AI? <a href="https://www.smogon.com/forums/threads/3570628/#post-9056769">Visit the information thread</a>.</small>
|c|☆Steelix Fusion|sad
|c|☆oof_oofington2|god dam pc police
|
|t:|1657854766
|move|p2a: Klefki|Light Screen|p2a: Klefki
|-sidestart|p2: Steelix Fusion|move: Light Screen
|move|p1a: Zapdos|Volt Switch|p2a: Klefki
|-damage|p2a: Klefki|75/100
|c|☆Steelix Fusion|stfu
|inactive|oof_oofington2 has 120 seconds left.
|
|t:|1657854786
|switch|p1a: Pelipper|Pelipper, M|70/100|[from]move: Volt Switch
|-weather|RainDance|[from] ability: Drizzle|[of] p1a: Pelipper
|
|-weather|RainDance|[upkeep]
|upkeep
|turn|18
|inactive|oof_oofington2 has 120 seconds left.
|
|t:|1657854793
|move|p2a: Klefki|Defog|p1a: Pelipper
|-unboost|p1a: Pelipper|evasion|1
|-sideend|p2: Steelix Fusion|Stealth Rock|[from] move: Defog|[of] p2a: Klefki
|move|p1a: Pelipper|U-turn|p2a: Klefki
|-resisted|p2a: Klefki
|-damage|p2a: Klefki|73/100
|
|t:|1657854796
|switch|p1a: Zapdos|Zapdos, shiny|94/100|[from]move: U-turn
|
|-weather|RainDance|[upkeep]
|upkeep
|turn|19
|
|t:|1657854805
|switch|p2a: Tapu Fini|Tapu Fini|16/100
|-fieldstart|move: Misty Terrain|[from] ability: Misty Surge|[of] p2a: Tapu Fini
|move|p1a: Zapdos|Volt Switch|p2a: Tapu Fini
|-supereffective|p2a: Tapu Fini
|-damage|p2a: Tapu Fini|0 fnt
|faint|p2a: Tapu Fini
|
|t:|1657854810
|switch|p1a: Urshifu|Urshifu-Rapid-Strike, F|100/100|[from]move: Volt Switch
|
|-weather|RainDance|[upkeep]
|upkeep
|
|t:|1657854815
|switch|p2a: Klefki|Klefki, M, shiny|73/100
|turn|20
|
|t:|1657854820
|move|p2a: Klefki|Reflect|p2a: Klefki
|-sidestart|p2: Steelix Fusion|Reflect
|move|p1a: Urshifu|Surging Strikes|p2a: Klefki
|-crit|p2a: Klefki
|-damage|p2a: Klefki|38/100
|-crit|p2a: Klefki
|-damage|p2a: Klefki|1/100
|-crit|p2a: Klefki
|-damage|p2a: Klefki|0 fnt
|faint|p2a: Klefki
|-hitcount|p2: Klefki|3
|
|-weather|RainDance|[upkeep]
|upkeep
|
|t:|1657854829
|switch|p2a: Gyarados|Gyarados, M, shiny|40/100
|turn|21
|
|t:|1657854840
|move|p1a: Urshifu|Surging Strikes|p2a: Gyarados
|-resisted|p2a: Gyarados
|-crit|p2a: Gyarados
|-damage|p2a: Gyarados|20/100
|-resisted|p2a: Gyarados
|-crit|p2a: Gyarados
|-damage|p2a: Gyarados|0 fnt
|faint|p2a: Gyarados
|-hitcount|p2: Gyarados|2
|
|-weather|none
|upkeep
|inactive|Steelix Fusion has 120 seconds left.
|c|☆oof_oofington2|hurry up
|inactive|Steelix Fusion has 90 seconds left.
|c|☆Steelix Fusion|?
|
|t:|1657854928
|switch|p2a: Scolipede|Scolipede, M|100/100
|turn|22
|
|t:|1657854934
|move|p1a: Urshifu|Surging Strikes|p2a: Scolipede
|-crit|p2a: Scolipede
|-damage|p2a: Scolipede|74/100
|-crit|p2a: Scolipede
|-damage|p2a: Scolipede|48/100
|-crit|p2a: Scolipede
|-damage|p2a: Scolipede|21/100
|-hitcount|p2a: Scolipede|3
|move|p2a: Scolipede|Swords Dance|p2a: Scolipede
|-boost|p2a: Scolipede|atk|2
|
|-ability|p2a: Scolipede|Speed Boost|boost
|-boost|p2a: Scolipede|spe|1
|upkeep
|turn|23
|
|t:|1657854944
|move|p1a: Urshifu|Surging Strikes|p2a: Scolipede
|-crit|p2a: Scolipede
|-damage|p2a: Scolipede|0 fnt
|faint|p2a: Scolipede
|-hitcount|p2: Scolipede|1
|
|win|oof_oofington2
|raw|oof_oofington2's rating: 1656 &rarr; <strong>1676</strong><br />(+20 for winning)
|raw|Steelix Fusion's rating: 1653 &rarr; <strong>1633</strong><br />(-20 for losing)
|c|☆oof_oofington2|u got shitted on
|c|☆Steelix Fusion|wtf
|c|☆oof_oofington2|fukin idiot
|c|☆Steelix Fusion|ugly ass dude
|c|☆oof_oofington2|pause
|c|☆Steelix Fusion|this is what i mean
|c|☆oof_oofington2|what are u fukin g.ay or smthn
|c|☆Steelix Fusion|fagets be
|c|☆Steelix Fusion|geting lucky
|c|☆Steelix Fusion|with missed shit
||Ladder isn't responding, score probably updated but might not have (Request timeout).
