|j|☆Stellar Flares
|j|☆mimilimi
|t:|1613143057
|player|p1|Stellar Flares|unknown|
|player|p2|mimilimi|lucas|
|teamsize|p1|6
|teamsize|p2|6
|gametype|singles
|gen|8
|tier|[Gen 8] OU
|rated|Tournament battle
|clearpoke
|poke|p1|Rillaboom, F|
|poke|p1|Tyranitar, F|
|poke|p1|Heatran, F|
|poke|p1|Landorus-Therian, M|
|poke|p1|Toxapex, F|
|poke|p1|Tornadus-Therian, M|
|poke|p2|Kommo-o, M|
|poke|p2|Regieleki|
|poke|p2|Cinderace, M|
|poke|p2|Gengar, F|
|poke|p2|Magearna|
|poke|p2|Landorus-Therian, M|
|rule|Sleep Clause Mod: Limit one foe put to sleep
|rule|Species Clause: Limit one of each Pokémon
|rule|OHKO Clause: OHKO moves are banned
|rule|Evasion Moves Clause: Evasion moves are banned
|rule|Endless Battle Clause: Forcing endless battles is banned
|rule|HP Percentage Mod: HP is shown in percentages
|rule|Dynamax Clause: You cannot dynamax
|teampreview
|inactive|Battle timer is ON: inactive players will automatically lose when time's up. (requested by mimilimi)
|
|t:|1613143121
|start
|switch|p1a: Rillaboom|Rillaboom, F|100/100
|switch|p2a: Regieleki|Regieleki|100/100
|-fieldstart|move: Grassy Terrain|[from] ability: Grassy Surge|[of] p1a: Rillaboom
|turn|1
|
|t:|1613143138
|move|p1a: Rillaboom|Grassy Glide|p2a: Regieleki
|-damage|p2a: Regieleki|0 fnt
|faint|p2a: Regieleki
|
|upkeep
|
|t:|1613143147
|switch|p2a: Magearna|Magearna|100/100
|turn|2
|j|+laevin ㋛
|j| exodia-mdz
|
|t:|1613143160
|switch|p1a: Toxapex|Toxapex, F|100/100
|move|p2a: Magearna|Shift Gear|p2a: Magearna
|-boost|p2a: Magearna|spe|2
|-boost|p2a: Magearna|atk|1
|
|upkeep
|turn|3
|
|t:|1613143169
|move|p2a: Magearna|Calm Mind|p2a: Magearna
|-boost|p2a: Magearna|spa|1
|-boost|p2a: Magearna|spd|1
|move|p1a: Toxapex|Haze|p1a: Toxapex
|-clearallboost
|
|upkeep
|turn|4
|l|+laevin ㋛
|
|t:|1613143178
|move|p2a: Magearna|Calm Mind|p2a: Magearna
|-boost|p2a: Magearna|spa|1
|-boost|p2a: Magearna|spd|1
|move|p1a: Toxapex|Scald|p2a: Magearna
|-damage|p2a: Magearna|91/100
|
|-heal|p2a: Magearna|97/100|[from] Grassy Terrain
|upkeep
|turn|5
|
|t:|1613143186
|move|p2a: Magearna|Stored Power|p1a: Toxapex
|-supereffective|p1a: Toxapex
|-damage|p1a: Toxapex|54/100
|move|p1a: Toxapex|Haze|p1a: Toxapex
|-clearallboost
|
|-heal|p2a: Magearna|100/100|[from] Grassy Terrain
|-heal|p1a: Toxapex|60/100|[from] Grassy Terrain
|-fieldend|move: Grassy Terrain
|upkeep
|turn|6
|
|t:|1613143192
|switch|p2a: Landorus|Landorus-Therian, M|100/100
|-ability|p2a: Landorus|Intimidate|boost
|-unboost|p1a: Toxapex|atk|1
|move|p1a: Toxapex|Recover|p1a: Toxapex
|-heal|p1a: Toxapex|100/100
|
|upkeep
|turn|7
|
|t:|1613143198
|move|p2a: Landorus|Earthquake|p1a: Toxapex
|-supereffective|p1a: Toxapex
|-damage|p1a: Toxapex|9/100
|move|p1a: Toxapex|Scald|p2a: Landorus
|-supereffective|p2a: Landorus
|-damage|p2a: Landorus|57/100
|-status|p2a: Landorus|brn
|
|-damage|p2a: Landorus|51/100 brn|[from] brn
|upkeep
|turn|8
|
|t:|1613143208
|switch|p1a: Landorus|Landorus-Therian, M|100/100
|-ability|p1a: Landorus|Intimidate|boost
|-unboost|p2a: Landorus|atk|1
|move|p2a: Landorus|Stone Edge|p1a: Landorus
|-crit|p1a: Landorus
|-damage|p1a: Landorus|68/100
|
|-damage|p2a: Landorus|45/100 brn|[from] brn
|upkeep
|turn|9
|
|t:|1613143212
|move|p1a: Landorus|U-turn|p2a: Landorus
|-resisted|p2a: Landorus
|-damage|p2a: Landorus|30/100 brn
|
|t:|1613143214
|switch|p1a: Toxapex|Toxapex, F|42/100|[from]move: U-turn
|move|p2a: Landorus|Stone Edge|p1a: Toxapex
|-damage|p1a: Toxapex|34/100
|
|-damage|p2a: Landorus|24/100 brn|[from] brn
|upkeep
|turn|10
|
|t:|1613143218
|switch|p1a: Landorus|Landorus-Therian, M|68/100
|-ability|p1a: Landorus|Intimidate|boost
|-unboost|p2a: Landorus|atk|1
|move|p2a: Landorus|Earthquake|p1a: Landorus
|-immune|p1a: Landorus
|
|-damage|p2a: Landorus|18/100 brn|[from] brn
|upkeep
|turn|11
|
|t:|1613143224
|move|p1a: Landorus|U-turn|p2a: Landorus
|-resisted|p2a: Landorus
|-damage|p2a: Landorus|4/100 brn
|
|t:|1613143226
|switch|p1a: Toxapex|Toxapex, F|67/100|[from]move: U-turn
|move|p2a: Landorus|Stone Edge|p1a: Toxapex
|-damage|p1a: Toxapex|61/100
|
|-damage|p2a: Landorus|0 fnt|[from] brn
|faint|p2a: Landorus
|upkeep
|
|t:|1613143231
|switch|p2a: Kommo-o|Kommo-o, M|100/100
|turn|12
|
|t:|1613143242
|move|p2a: Kommo-o|Substitute|p2a: Kommo-o
|-start|p2a: Kommo-o|Substitute
|-damage|p2a: Kommo-o|75/100
|move|p1a: Toxapex|Recover|p1a: Toxapex
|-heal|p1a: Toxapex|100/100
|
|-heal|p2a: Kommo-o|82/100|[from] item: Leftovers
|upkeep
|turn|13
|
|t:|1613143259
|move|p2a: Kommo-o|Drain Punch|p1a: Toxapex
|-resisted|p1a: Toxapex
|-damage|p1a: Toxapex|89/100
|-heal|p2a: Kommo-o|87/100|[from] drain|[of] p1a: Toxapex
|-damage|p2a: Kommo-o|71/100|[from] item: Rocky Helmet|[of] p1a: Toxapex
|move|p1a: Toxapex|Haze|p1a: Toxapex
|-clearallboost
|
|-heal|p2a: Kommo-o|77/100|[from] item: Leftovers
|upkeep
|turn|14
|
|t:|1613143274
|switch|p2a: Gengar|Gengar, F|100/100
|move|p1a: Toxapex|Haze|p1a: Toxapex
|-clearallboost
|
|upkeep
|turn|15
|
|t:|1613143279
|switch|p1a: Tyranitar|Tyranitar, F|100/100
|-weather|Sandstorm|[from] ability: Sand Stream|[of] p1a: Tyranitar
|move|p2a: Gengar|Substitute|p2a: Gengar
|-start|p2a: Gengar|Substitute
|-damage|p2a: Gengar|76/100
|
|-weather|Sandstorm|[upkeep]
|-damage|p2a: Gengar|69/100|[from] Sandstorm
|-heal|p2a: Gengar|76/100|[from] item: Black Sludge
|upkeep
|turn|16
|
|t:|1613143284
|move|p2a: Gengar|Focus Blast|p1a: Tyranitar
|-supereffective|p1a: Tyranitar
|-damage|p1a: Tyranitar|33/100
|move|p1a: Tyranitar|Rock Blast|p2a: Gengar
|-activate|p2a: Gengar|move: Substitute|[damage]
|-end|p2a: Gengar|Substitute
|-hitcount|p2a: Gengar|2
|
|-weather|Sandstorm|[upkeep]
|-damage|p2a: Gengar|69/100|[from] Sandstorm
|-heal|p2a: Gengar|76/100|[from] item: Black Sludge
|-heal|p1a: Tyranitar|39/100|[from] item: Leftovers
|upkeep
|turn|17
|
|t:|1613143296
|move|p2a: Gengar|Focus Blast|p1a: Tyranitar
|-supereffective|p1a: Tyranitar
|-damage|p1a: Tyranitar|0 fnt
|faint|p1a: Tyranitar
|
|-weather|Sandstorm|[upkeep]
|-damage|p2a: Gengar|69/100|[from] Sandstorm
|-heal|p2a: Gengar|76/100|[from] item: Black Sludge
|upkeep
|c|☆Stellar Flares|how
|
|t:|1613143306
|switch|p1a: Landorus|Landorus-Therian, M|68/100
|-ability|p1a: Landorus|Intimidate|boost
|-unboost|p2a: Gengar|atk|1
|turn|18
|
|t:|1613143319
|switch|p2a: Magearna|Magearna|100/100
|move|p1a: Landorus|Earthquake|p2a: Magearna
|-supereffective|p2a: Magearna
|-damage|p2a: Magearna|9/100
|-enditem|p2a: Magearna|Weakness Policy
|-boost|p2a: Magearna|atk|2|[from] item: Weakness Policy
|-boost|p2a: Magearna|spa|2|[from] item: Weakness Policy
|
|-weather|Sandstorm|[upkeep]
|upkeep
|turn|19
|
|t:|1613143324
|move|p1a: Landorus|Earthquake|p2a: Magearna
|-supereffective|p2a: Magearna
|-damage|p2a: Magearna|0 fnt
|faint|p2a: Magearna
|
|-weather|none
|upkeep
|
|t:|1613143331
|switch|p2a: Cinderace|Cinderace, M|100/100
|turn|20
|inactive|mimilimi has 120 seconds left.
|
|t:|1613143364
|move|p2a: Cinderace|Sucker Punch|p1a: Landorus
|-start|p2a: Cinderace|typechange|Dark|[from] ability: Libero
|-damage|p1a: Landorus|34/100
|move|p1a: Landorus|Earthquake|p2a: Cinderace
|-damage|p2a: Cinderace|19/100
|
|upkeep
|turn|21
|inactive|mimilimi has 120 seconds left.
|
|t:|1613143381
|switch|p1a: Toxapex|Toxapex, F|100/100
|move|p2a: Cinderace|Gunk Shot|p1a: Toxapex
|-start|p2a: Cinderace|typechange|Poison|[from] ability: Libero
|-resisted|p1a: Toxapex
|-damage|p1a: Toxapex|82/100
|
|upkeep
|turn|22
|
|t:|1613143390
|switch|p2a: Kommo-o|Kommo-o, M|77/100
|move|p1a: Toxapex|Scald|p2a: Kommo-o
|-resisted|p2a: Kommo-o
|-damage|p2a: Kommo-o|68/100
|
|-heal|p2a: Kommo-o|74/100|[from] item: Leftovers
|upkeep
|turn|23
|
|t:|1613143405
|move|p2a: Kommo-o|Substitute|p2a: Kommo-o
|-start|p2a: Kommo-o|Substitute
|-damage|p2a: Kommo-o|49/100
|move|p1a: Toxapex|Scald|p2a: Kommo-o
|-resisted|p2a: Kommo-o
|-activate|p2a: Kommo-o|move: Substitute|[damage]
|
|-heal|p2a: Kommo-o|55/100|[from] item: Leftovers
|upkeep
|turn|24
|
|t:|1613143422
|move|p2a: Kommo-o|Drain Punch|p1a: Toxapex
|-resisted|p1a: Toxapex
|-damage|p1a: Toxapex|70/100
|-heal|p2a: Kommo-o|62/100|[from] drain|[of] p1a: Toxapex
|-damage|p2a: Kommo-o|45/100|[from] item: Rocky Helmet|[of] p1a: Toxapex
|move|p1a: Toxapex|Haze|p1a: Toxapex
|-clearallboost
|
|-heal|p2a: Kommo-o|52/100|[from] item: Leftovers
|upkeep
|turn|25
|inactive|mimilimi has 120 seconds left.
|
|t:|1613143441
|switch|p2a: Cinderace|Cinderace, M|19/100
|move|p1a: Toxapex|Haze|p1a: Toxapex
|-clearallboost
|
|upkeep
|turn|26
|
|t:|1613143458
|switch|p2a: Gengar|Gengar, F|76/100
|move|p1a: Toxapex|Recover|p1a: Toxapex
|-heal|p1a: Toxapex|100/100
|
|-heal|p2a: Gengar|82/100|[from] item: Black Sludge
|upkeep
|turn|27
|
|t:|1613143469
|switch|p1a: Rillaboom|Rillaboom, F|100/100
|-fieldstart|move: Grassy Terrain|[from] ability: Grassy Surge|[of] p1a: Rillaboom
|move|p2a: Gengar|Substitute|p2a: Gengar
|-start|p2a: Gengar|Substitute
|-damage|p2a: Gengar|57/100
|
|-heal|p2a: Gengar|63/100|[from] Grassy Terrain
|-heal|p2a: Gengar|69/100|[from] item: Black Sludge
|upkeep
|turn|28
|
|t:|1613143473
|move|p1a: Rillaboom|Grassy Glide|p2a: Gengar
|-resisted|p2a: Gengar
|-end|p2a: Gengar|Substitute
|move|p2a: Gengar|Shadow Ball|p1a: Rillaboom
|-damage|p1a: Rillaboom|46/100
|-unboost|p1a: Rillaboom|spd|1
|
|-heal|p2a: Gengar|75/100|[from] Grassy Terrain
|-heal|p2a: Gengar|81/100|[from] item: Black Sludge
|-heal|p1a: Rillaboom|52/100|[from] Grassy Terrain
|upkeep
|turn|29
|
|t:|1613143487
|move|p1a: Rillaboom|Grassy Glide|p2a: Gengar
|-resisted|p2a: Gengar
|-damage|p2a: Gengar|0 fnt
|-start|p1a: Rillaboom|Disable|Grassy Glide|[from] ability: Cursed Body|[of] p2a: Gengar
|faint|p2a: Gengar
|
|-heal|p1a: Rillaboom|58/100|[from] Grassy Terrain
|upkeep
|
|t:|1613143497
|switch|p2a: Cinderace|Cinderace, M|19/100
|turn|30
|
|t:|1613143510
|switch|p1a: Toxapex|Toxapex, F|100/100
|move|p2a: Cinderace|Bulk Up|p2a: Cinderace
|-start|p2a: Cinderace|typechange|Fighting|[from] ability: Libero
|-boost|p2a: Cinderace|atk|1
|-boost|p2a: Cinderace|def|1
|
|-heal|p2a: Cinderace|25/100|[from] Grassy Terrain
|upkeep
|turn|31
|
|t:|1613143518
|move|p2a: Cinderace|Gunk Shot|p1a: Toxapex
|-start|p2a: Cinderace|typechange|Poison|[from] ability: Libero
|-resisted|p1a: Toxapex
|-damage|p1a: Toxapex|75/100
|move|p1a: Toxapex|Haze|p1a: Toxapex
|-clearallboost
|
|-heal|p2a: Cinderace|31/100|[from] Grassy Terrain
|-heal|p1a: Toxapex|81/100|[from] Grassy Terrain
|-fieldend|move: Grassy Terrain
|upkeep
|turn|32
|
|t:|1613143537
|move|p2a: Cinderace|Gunk Shot|p1a: Toxapex
|-resisted|p1a: Toxapex
|-damage|p1a: Toxapex|61/100
|move|p1a: Toxapex|Scald|p2a: Cinderace
|-damage|p2a: Cinderace|6/100
|
|upkeep
|turn|33
|
|t:|1613143552
|move|p2a: Cinderace|High Jump Kick|p1a: Toxapex
|-start|p2a: Cinderace|typechange|Fighting|[from] ability: Libero
|-resisted|p1a: Toxapex
|-damage|p1a: Toxapex|41/100
|-damage|p2a: Cinderace|0 fnt|[from] item: Rocky Helmet|[of] p1a: Toxapex
|faint|p2a: Cinderace
|move|p1a: Toxapex|Recover|p1a: Toxapex
|-heal|p1a: Toxapex|91/100
|
|upkeep
|
|t:|1613143557
|switch|p2a: Kommo-o|Kommo-o, M|52/100
|turn|34
|
|t:|1613143579
|move|p2a: Kommo-o|Substitute|p2a: Kommo-o
|-start|p2a: Kommo-o|Substitute
|-damage|p2a: Kommo-o|27/100
|move|p1a: Toxapex|Scald|p2a: Kommo-o
|-resisted|p2a: Kommo-o
|-activate|p2a: Kommo-o|move: Substitute|[damage]
|
|-heal|p2a: Kommo-o|33/100|[from] item: Leftovers
|upkeep
|turn|35
|
|t:|1613143590
|move|p2a: Kommo-o|Substitute|p2a: Kommo-o
|-fail|p2a: Kommo-o|move: Substitute
|move|p1a: Toxapex|Scald|p2a: Kommo-o
|-resisted|p2a: Kommo-o
|-activate|p2a: Kommo-o|move: Substitute|[damage]
|
|-heal|p2a: Kommo-o|39/100|[from] item: Leftovers
|upkeep
|turn|36
|
|t:|1613143606
|move|p2a: Kommo-o|Clangorous Soul|p2a: Kommo-o
|-boost|p2a: Kommo-o|atk|1
|-boost|p2a: Kommo-o|def|1
|-boost|p2a: Kommo-o|spa|1
|-boost|p2a: Kommo-o|spd|1
|-boost|p2a: Kommo-o|spe|1
|-damage|p2a: Kommo-o|6/100
|move|p1a: Toxapex|Scald|p2a: Kommo-o
|-resisted|p2a: Kommo-o
|-activate|p2a: Kommo-o|move: Substitute|[damage]
|
|-heal|p2a: Kommo-o|12/100|[from] item: Leftovers
|upkeep
|turn|37
|
|t:|1613143616
|move|p2a: Kommo-o|Drain Punch|p1a: Toxapex
|-resisted|p1a: Toxapex
|-damage|p1a: Toxapex|74/100
|-heal|p2a: Kommo-o|21/100|[from] drain|[of] p1a: Toxapex
|-damage|p2a: Kommo-o|4/100|[from] item: Rocky Helmet|[of] p1a: Toxapex
|move|p1a: Toxapex|Haze|p1a: Toxapex
|-clearallboost
|
|-heal|p2a: Kommo-o|10/100|[from] item: Leftovers
|upkeep
|turn|38
|
|t:|1613143633
|move|p2a: Kommo-o|Drain Punch|p1a: Toxapex
|-resisted|p1a: Toxapex
|-damage|p1a: Toxapex|63/100
|-heal|p2a: Kommo-o|16/100|[from] drain|[of] p1a: Toxapex
|-damage|p2a: Kommo-o|0 fnt|[from] item: Rocky Helmet|[of] p1a: Toxapex
|faint|p2a: Kommo-o
|
|win|Stellar Flares
|n|☆Stellar Flares|stellarflares
|n|☆mimilimi|mimilimi
|n| exodia-mdz|exodiamdz
