|j|☆rufeelinggood
|j|☆TheonReekGreyjoy
|t:|1632864028
|gametype|singles
|player|p1|rufeelinggood|170|1710
|player|p2|TheonReekGreyjoy|7|1872
|teamsize|p1|6
|teamsize|p2|6
|gen|8
|tier|[Gen 8] OU
|rated|
|rule|Sleep Clause Mod: Limit one foe put to sleep
|rule|Species Clause: Limit one of each Pokémon
|rule|OHKO Clause: OHKO moves are banned
|rule|Evasion Moves Clause: Evasion moves are banned
|rule|Endless Battle Clause: Forcing endless battles is banned
|rule|HP Percentage Mod: HP is shown in percentages
|rule|Dynamax Clause: You cannot dynamax
|clearpoke
|poke|p1|Zapdos-Galar|
|poke|p1|Slowking-Galar, M|
|poke|p1|Toxapex, M|
|poke|p1|Bisharp, F|
|poke|p1|Slowbro, F|
|poke|p1|Landorus-Therian, M|
|poke|p2|Tornadus-Therian, M|
|poke|p2|Ninetales-Alola, M|
|poke|p2|Arctozolt|
|poke|p2|Landorus-Therian, M|
|poke|p2|Corviknight, F|
|poke|p2|Volcanion|
|teampreview
|c|☆rufeelinggood|gl hf
|c|☆TheonReekGreyjoy|u2
|inactive|Battle timer is ON: inactive players will automatically lose when time's up. (requested by TheonReekGreyjoy)
|
|t:|1632864062
|start
|switch|p1a: Slowbro|Slowbro, F|100/100
|switch|p2a: Tornadus|Tornadus-Therian, M|100/100
|turn|1
|j| Gaiolinhas
|
|t:|1632864069
|move|p2a: Tornadus|Knock Off|p1a: Slowbro
|-supereffective|p1a: Slowbro
|-damage|p1a: Slowbro|67/100
|-enditem|p1a: Slowbro|Assault Vest|[from] move: Knock Off|[of] p2a: Tornadus
|move|p1a: Slowbro|Future Sight|p2a: Tornadus
|-start|p1a: Slowbro|move: Future Sight
|
|upkeep
|turn|2
|
|t:|1632864079
|move|p2a: Tornadus|U-turn|p1a: Slowbro
|-supereffective|p1a: Slowbro
|-damage|p1a: Slowbro|42/100
|
|t:|1632864082
|switch|p2a: Ninetales|Ninetales-Alola, M|100/100|[from]move: U-turn
|-weather|Hail|[from] ability: Snow Warning|[of] p2a: Ninetales
|move|p1a: Slowbro|Ice Beam|p2a: Ninetales
|-resisted|p2a: Ninetales
|-damage|p2a: Ninetales|86/100
|
|-weather|Hail|[upkeep]
|-damage|p1a: Slowbro|36/100|[from] Hail
|upkeep
|turn|3
|
|t:|1632864089
|move|p2a: Ninetales|Aurora Veil|p2a: Ninetales
|-sidestart|p2: TheonReekGreyjoy|move: Aurora Veil
|move|p1a: Slowbro|Flamethrower|p2a: Ninetales
|-supereffective|p2a: Ninetales
|-damage|p2a: Ninetales|56/100
|
|-weather|Hail|[upkeep]
|-damage|p1a: Slowbro|30/100|[from] Hail
|-end|p2a: Ninetales|move: Future Sight
|-damage|p2a: Ninetales|27/100
|upkeep
|turn|4
|
|t:|1632864095
|switch|p1a: Bisharp|Bisharp, F|100/100
|move|p2a: Ninetales|Freeze-Dry|p1a: Bisharp
|-resisted|p1a: Bisharp
|-damage|p1a: Bisharp|86/100
|
|-weather|Hail|[upkeep]
|-damage|p1a: Bisharp|80/100|[from] Hail
|upkeep
|turn|5
|
|t:|1632864105
|switch|p2a: Corviknight|Corviknight, F|100/100
|-ability|p2a: Corviknight|Pressure
|move|p1a: Bisharp|Knock Off|p2a: Corviknight
|-damage|p2a: Corviknight|80/100
|-damage|p1a: Bisharp|64/100|[from] item: Rocky Helmet|[of] p2a: Corviknight
|-enditem|p2a: Corviknight|Rocky Helmet|[from] move: Knock Off|[of] p1a: Bisharp
|
|-weather|Hail|[upkeep]
|-damage|p1a: Bisharp|58/100|[from] Hail
|-damage|p2a: Corviknight|74/100|[from] Hail
|upkeep
|turn|6
|
|t:|1632864120
|switch|p1a: Toxapex|Toxapex, M|100/100
|move|p2a: Corviknight|U-turn|p1a: Toxapex
|-resisted|p1a: Toxapex
|-damage|p1a: Toxapex|96/100
|
|t:|1632864125
|switch|p2a: Arctozolt|Arctozolt|100/100|[from]move: U-turn
|
|-weather|Hail|[upkeep]
|-damage|p1a: Toxapex|90/100|[from] Hail
|-heal|p1a: Toxapex|96/100|[from] item: Black Sludge
|upkeep
|turn|7
|
|t:|1632864132
|move|p2a: Arctozolt|Substitute|p2a: Arctozolt
|-start|p2a: Arctozolt|Substitute
|-damage|p2a: Arctozolt|76/100
|move|p1a: Toxapex|Toxic Spikes|p2a: Arctozolt
|-sidestart|p2: TheonReekGreyjoy|move: Toxic Spikes
|
|-weather|Hail|[upkeep]
|-damage|p1a: Toxapex|90/100|[from] Hail
|-heal|p2a: Arctozolt|82/100|[from] item: Leftovers
|-heal|p1a: Toxapex|96/100|[from] item: Black Sludge
|-sideend|p2: TheonReekGreyjoy|move: Aurora Veil
|upkeep
|turn|8
|
|t:|1632864139
|move|p1a: Toxapex|Baneful Bunker|p1a: Toxapex
|-singleturn|p1a: Toxapex|move: Protect
|move|p2a: Arctozolt|Blizzard|p1a: Toxapex
|-activate|p1a: Toxapex|move: Protect
|
|-weather|Hail|[upkeep]
|-damage|p1a: Toxapex|90/100|[from] Hail
|-heal|p2a: Arctozolt|88/100|[from] item: Leftovers
|-heal|p1a: Toxapex|96/100|[from] item: Black Sludge
|upkeep
|turn|9
|j| Ismail-Mimox
|
|t:|1632864153
|switch|p1a: Slowking|Slowking-Galar, M|100/100
|move|p2a: Arctozolt|Bolt Beak|p1a: Slowking
|-damage|p1a: Slowking|24/100
|
|-weather|none
|-heal|p2a: Arctozolt|94/100|[from] item: Leftovers
|-heal|p1a: Slowking|30/100|[from] item: Black Sludge
|upkeep
|turn|10
|
|t:|1632864174
|move|p2a: Arctozolt|Bolt Beak|p1a: Slowking
|-damage|p1a: Slowking|0 fnt
|faint|p1a: Slowking
|
|-heal|p2a: Arctozolt|100/100|[from] item: Leftovers
|upkeep
|
|t:|1632864186
|switch|p1a: Bisharp|Bisharp, F|58/100
|turn|11
|
|t:|1632864193
|move|p1a: Bisharp|Sucker Punch|p2a: Arctozolt
|-end|p2a: Arctozolt|Substitute
|move|p2a: Arctozolt|Low Kick|p1a: Bisharp
|-supereffective|p1a: Bisharp
|-damage|p1a: Bisharp|0 fnt
|faint|p1a: Bisharp
|
|upkeep
|
|t:|1632864197
|switch|p1a: Landorus|Landorus-Therian, M|100/100
|-ability|p1a: Landorus|Intimidate|boost
|-unboost|p2a: Arctozolt|atk|1
|turn|12
|
|t:|1632864211
|switch|p2a: Corviknight|Corviknight, F|74/100
|-ability|p2a: Corviknight|Pressure
|move|p1a: Landorus|U-turn|p2a: Corviknight
|-resisted|p2a: Corviknight
|-damage|p2a: Corviknight|70/100
|
|t:|1632864215
|switch|p1a: Zapdos|Zapdos-Galar|100/100|[from]move: U-turn
|
|upkeep
|turn|13
|
|t:|1632864219
|move|p1a: Zapdos|Close Combat|p2a: Corviknight
|-damage|p2a: Corviknight|16/100
|-unboost|p1a: Zapdos|def|1
|-unboost|p1a: Zapdos|spd|1
|move|p2a: Corviknight|U-turn|p1a: Zapdos
|-resisted|p1a: Zapdos
|-damage|p1a: Zapdos|94/100
|
|t:|1632864226
|switch|p2a: Tornadus|Tornadus-Therian, M|100/100|[from]move: U-turn
|
|upkeep
|turn|14
|
|t:|1632864239
|switch|p1a: Toxapex|Toxapex, M|100/100
|move|p2a: Tornadus|Knock Off|p1a: Toxapex
|-damage|p1a: Toxapex|88/100
|-enditem|p1a: Toxapex|Black Sludge|[from] move: Knock Off|[of] p2a: Tornadus
|
|upkeep
|turn|15
|
|t:|1632864248
|switch|p2a: Corviknight|Corviknight, F|16/100
|-ability|p2a: Corviknight|Pressure
|move|p1a: Toxapex|Toxic|p2a: Corviknight
|-immune|p2a: Corviknight
|
|upkeep
|turn|16
|
|t:|1632864253
|switch|p1a: Zapdos|Zapdos-Galar|94/100
|move|p2a: Corviknight|Roost|p2a: Corviknight
|-heal|p2a: Corviknight|66/100
|-singleturn|p2a: Corviknight|move: Roost
|
|upkeep
|turn|17
|
|t:|1632864259
|move|p1a: Zapdos|Thunderous Kick|p2a: Corviknight
|-damage|p2a: Corviknight|23/100
|-unboost|p2a: Corviknight|def|1
|move|p2a: Corviknight|Roost|p2a: Corviknight
|-heal|p2a: Corviknight|73/100
|-singleturn|p2a: Corviknight|move: Roost
|
|upkeep
|turn|18
|
|t:|1632864265
|switch|p2a: Tornadus|Tornadus-Therian, M|100/100
|move|p1a: Zapdos|Thunderous Kick|p2a: Tornadus
|-resisted|p2a: Tornadus
|-damage|p2a: Tornadus|68/100
|-unboost|p2a: Tornadus|def|1
|
|upkeep
|turn|19
|
|t:|1632864270
|switch|p1a: Toxapex|Toxapex, M|100/100
|move|p2a: Tornadus|U-turn|p1a: Toxapex
|-resisted|p1a: Toxapex
|-damage|p1a: Toxapex|96/100
|
|t:|1632864282
|switch|p2a: Corviknight|Corviknight, F|73/100|[from]move: U-turn
|-ability|p2a: Corviknight|Pressure
|
|upkeep
|turn|20
|
|t:|1632864285
|switch|p1a: Slowbro|Slowbro, F|63/100
|move|p2a: Corviknight|Defog|p1a: Slowbro
|-unboost|p1a: Slowbro|evasion|1
|-sideend|p2: TheonReekGreyjoy|Toxic Spikes|[from] move: Defog|[of] p2a: Corviknight
|
|upkeep
|turn|21
|
|t:|1632864291
|move|p2a: Corviknight|U-turn|p1a: Slowbro
|-supereffective|p1a: Slowbro
|-damage|p1a: Slowbro|42/100
|
|t:|1632864294
|switch|p2a: Volcanion|Volcanion|100/100|[from]move: U-turn
|move|p1a: Slowbro|Future Sight|p2a: Volcanion
|-start|p1a: Slowbro|move: Future Sight
|
|upkeep
|turn|22
|
|t:|1632864306
|switch|p1a: Landorus|Landorus-Therian, M|100/100
|-ability|p1a: Landorus|Intimidate|boost
|-unboost|p2a: Volcanion|atk|1
|move|p2a: Volcanion|Steam Eruption|p1a: Landorus
|-supereffective|p1a: Landorus
|-damage|p1a: Landorus|0 fnt
|faint|p1a: Landorus
|
|upkeep
|-message|rufeelinggood forfeited.
|
|win|TheonReekGreyjoy
|raw|rufeelinggood's rating: 1710 &rarr; <strong>1699</strong><br />(-11 for losing)
|raw|TheonReekGreyjoy's rating: 1872 &rarr; <strong>1883</strong><br />(+11 for winning)
|l|☆rufeelinggood
||Ladder isn't responding, score probably updated but might not have (Request timeout).
