|j|☆Pinks1ip
|j|☆Dash/Jay
|t:|1658806482
|gametype|singles
|player|p1|Pinks1ip|skierf|1602
|player|p2|Dash/Jay|gambler|1667
|teamsize|p1|6
|teamsize|p2|6
|gen|8
|tier|[Gen 8] OU
|rated|
|rule|Sleep Clause Mod: Limit one foe put to sleep
|rule|Species Clause: Limit one of each Pokémon
|rule|OHKO Clause: OHKO moves are banned
|rule|Evasion Moves Clause: Evasion moves are banned
|rule|Endless Battle Clause: Forcing endless battles is banned
|rule|HP Percentage Mod: HP is shown in percentages
|rule|Dynamax Clause: You cannot dynamax
|clearpoke
|poke|p1|Aegislash, F|
|poke|p1|Hydreigon, F|
|poke|p1|Slowking-Galar, F|
|poke|p1|Buzzwole|
|poke|p1|Tapu Fini|
|poke|p1|Landorus-Therian, M|
|poke|p2|Hitmonchan, M|
|poke|p2|Scizor, M|
|poke|p2|Weavile, F|
|poke|p2|Swampert, F|
|poke|p2|Vikavolt, M|
|poke|p2|Blaziken, M|
|teampreview
|inactive|Battle timer is ON: inactive players will automatically lose when time's up. (requested by Dash/Jay)
|
|t:|1658806488
|start
|switch|p1a: Landorus|Landorus-Therian, M|100/100
|switch|p2a: Gradius|Vikavolt, M, shiny|100/100
|-ability|p1a: Landorus|Intimidate|boost
|-unboost|p2a: Gradius|atk|1
|turn|1
|
|t:|1658806496
|move|p1a: Landorus|Toxic|p2a: Gradius
|-status|p2a: Gradius|tox
|move|p2a: Gradius|Sticky Web|p1a: Landorus
|-sidestart|p1: Pinks1ip|move: Sticky Web
|
|-damage|p2a: Gradius|94/100 tox|[from] psn
|upkeep
|turn|2
|
|t:|1658806506
|move|p1a: Landorus|Stealth Rock|p2a: Gradius
|-sidestart|p2: Dash/Jay|move: Stealth Rock
|move|p2a: Gradius|Energy Ball|p1a: Landorus
|-damage|p1a: Landorus|77/100
|
|-heal|p1a: Landorus|83/100|[from] item: Leftovers
|-damage|p2a: Gradius|82/100 tox|[from] psn
|upkeep
|turn|3
|
|t:|1658806512
|move|p1a: Landorus|U-turn|p2a: Gradius
|-damage|p2a: Gradius|64/100 tox
|-damage|p1a: Landorus|67/100|[from] item: Rocky Helmet|[of] p2a: Gradius
|
|t:|1658806518
|switch|p1a: Slowking|Slowking-Galar, F|100/100|[from]move: U-turn
|-activate|p1a: Slowking|move: Sticky Web
|-unboost|p1a: Slowking|spe|1
|move|p2a: Gradius|Energy Ball|p1a: Slowking
|-resisted|p1a: Slowking
|-crit|p1a: Slowking
|-damage|p1a: Slowking|90/100
|
|-damage|p2a: Gradius|45/100 tox|[from] psn
|upkeep
|turn|4
|inactive|Dash/Jay has 120 seconds left.
|
|t:|1658806569
|move|p2a: Gradius|Bug Buzz|p1a: Slowking
|-damage|p1a: Slowking|69/100
|move|p1a: Slowking|Flamethrower|p2a: Gradius
|-supereffective|p2a: Gradius
|-damage|p2a: Gradius|0 fnt
|faint|p2a: Gradius
|
|upkeep
|
|t:|1658806583
|switch|p2a: Tychan|Hitmonchan, M|100/100
|-damage|p2a: Tychan|95/100|[from] Stealth Rock
|turn|5
|
|t:|1658806590
|switch|p1a: Buzzwole|Buzzwole|100/100
|-activate|p1a: Buzzwole|move: Sticky Web
|-unboost|p1a: Buzzwole|spe|1
|move|p2a: Tychan|Rapid Spin|p1a: Buzzwole
|-damage|p1a: Buzzwole|89/100
|-boost|p2a: Tychan|spe|1
|-damage|p2a: Tychan|78/100|[from] item: Rocky Helmet|[of] p1a: Buzzwole
|-sideend|p2: Dash/Jay|Stealth Rock|[from] move: Rapid Spin|[of] p2a: Tychan
|
|upkeep
|turn|6
|
|t:|1658806596
|switch|p2a: Kipper|Swampert, F, shiny|100/100
|move|p1a: Buzzwole|Close Combat|p2a: Kipper
|-damage|p2a: Kipper|40/100
|-unboost|p1a: Buzzwole|def|1
|-unboost|p1a: Buzzwole|spd|1
|-damage|p1a: Buzzwole|73/100|[from] item: Rocky Helmet|[of] p2a: Kipper
|
|upkeep
|turn|7
|inactive|Dash/Jay has 120 seconds left.
|
|t:|1658806606
|move|p1a: Buzzwole|Close Combat|p2a: Kipper
|-damage|p2a: Kipper|0 fnt
|-unboost|p1a: Buzzwole|def|1
|-unboost|p1a: Buzzwole|spd|1
|-damage|p1a: Buzzwole|56/100|[from] item: Rocky Helmet|[of] p2a: Kipper
|faint|p2a: Kipper
|-ability|p1a: Buzzwole|Beast Boost|boost
|-boost|p1a: Buzzwole|atk|1
|
|upkeep
|inactive|Dash/Jay has 120 seconds left.
|
|t:|1658806620
|switch|p2a: Akashi|Scizor, M|100/100
|turn|8
|
|t:|1658806624
|switch|p1a: Landorus|Landorus-Therian, M|67/100
|-ability|p1a: Landorus|Intimidate|boost
|-unboost|p2a: Akashi|atk|1
|move|p2a: Akashi|Bullet Punch|p1a: Landorus
|-damage|p1a: Landorus|32/100
|
|-heal|p1a: Landorus|38/100|[from] item: Leftovers
|upkeep
|turn|9
|
|t:|1658806634
|switch|p2a: Tychan|Hitmonchan, M|78/100
|move|p1a: Landorus|Stealth Rock|p2a: Tychan
|-sidestart|p2: Dash/Jay|move: Stealth Rock
|
|-heal|p1a: Landorus|44/100|[from] item: Leftovers
|upkeep
|turn|10
|
|t:|1658806637
|switch|p1a: Buzzwole|Buzzwole|56/100
|-activate|p1a: Buzzwole|move: Sticky Web
|-unboost|p1a: Buzzwole|spe|1
|move|p2a: Tychan|Rapid Spin|p1a: Buzzwole
|-damage|p1a: Buzzwole|45/100
|-boost|p2a: Tychan|spe|1
|-damage|p2a: Tychan|62/100|[from] item: Rocky Helmet|[of] p1a: Buzzwole
|-sideend|p2: Dash/Jay|Stealth Rock|[from] move: Rapid Spin|[of] p2a: Tychan
|
|upkeep
|turn|11
|
|t:|1658806648
|switch|p2a: Akashi|Scizor, M|100/100
|move|p1a: Buzzwole|Roost|p1a: Buzzwole
|-heal|p1a: Buzzwole|95/100
|-singleturn|p1a: Buzzwole|move: Roost
|
|upkeep
|turn|12
|
|t:|1658806655
|switch|p1a: Aegislash|Aegislash, F|100/100
|-activate|p1a: Aegislash|move: Sticky Web
|-unboost|p1a: Aegislash|spe|1
|move|p2a: Akashi|Dual Wingbeat|p1a: Aegislash
|-resisted|p1a: Aegislash
|-crit|p1a: Aegislash
|-damage|p1a: Aegislash|75/100
|-resisted|p1a: Aegislash
|-damage|p1a: Aegislash|58/100
|-hitcount|p1a: Aegislash|2
|
|-heal|p1a: Aegislash|64/100|[from] item: Leftovers
|upkeep
|turn|13
|
|t:|1658806664
|switch|p2a: Tychan|Hitmonchan, M|62/100
|move|p1a: Aegislash|King's Shield||[still]
|-fail|p1a: Aegislash
|
|-heal|p1a: Aegislash|71/100|[from] item: Leftovers
|upkeep
|turn|14
|j| 8th Hokage Killua
|
|t:|1658806674
|move|p1a: Aegislash|King's Shield|p1a: Aegislash
|-singleturn|p1a: Aegislash|Protect
|move|p2a: Tychan|Thunder Punch|p1a: Aegislash
|-activate|p1a: Aegislash|move: Protect
|-unboost|p2a: Tychan|atk|1
|
|-heal|p1a: Aegislash|77/100|[from] item: Leftovers
|upkeep
|turn|15
|
|t:|1658806688
|move|p2a: Tychan|Thunder Punch|p1a: Aegislash
|-damage|p1a: Aegislash|59/100
|move|p1a: Aegislash|Substitute|p1a: Aegislash
|-start|p1a: Aegislash|Substitute
|-damage|p1a: Aegislash|34/100
|
|-heal|p1a: Aegislash|40/100|[from] item: Leftovers
|upkeep
|turn|16
|
|t:|1658806692
|move|p1a: Aegislash|King's Shield|p1a: Aegislash
|-singleturn|p1a: Aegislash|Protect
|move|p2a: Tychan|Thunder Punch|p1a: Aegislash
|-activate|p1a: Aegislash|move: Protect
|-unboost|p2a: Tychan|atk|1
|
|-heal|p1a: Aegislash|46/100|[from] item: Leftovers
|upkeep
|turn|17
|
|t:|1658806695
|move|p2a: Tychan|Thunder Punch|p1a: Aegislash
|-activate|p1a: Aegislash|move: Substitute|[damage]
|-formechange|p1a: Aegislash|Aegislash-Blade||[from] ability: Stance Change
|move|p1a: Aegislash|Shadow Ball|p2a: Tychan
|-damage|p2a: Tychan|30/100
|
|-heal|p1a: Aegislash|53/100|[from] item: Leftovers
|upkeep
|turn|18
|
|t:|1658806702
|-formechange|p1a: Aegislash|Aegislash||[from] ability: Stance Change
|move|p1a: Aegislash|King's Shield|p1a: Aegislash
|-singleturn|p1a: Aegislash|Protect
|move|p2a: Tychan|Thunder Punch|p1a: Aegislash
|-activate|p1a: Aegislash|move: Protect
|-unboost|p2a: Tychan|atk|1
|
|-heal|p1a: Aegislash|59/100|[from] item: Leftovers
|upkeep
|turn|19
|
|t:|1658806714
|switch|p2a: Ken|Blaziken, M, shiny|100/100
|-formechange|p1a: Aegislash|Aegislash-Blade||[from] ability: Stance Change
|move|p1a: Aegislash|Shadow Ball|p2a: Ken
|-damage|p2a: Ken|17/100
|-unboost|p2a: Ken|spd|1
|
|-heal|p1a: Aegislash|65/100|[from] item: Leftovers
|upkeep
|turn|20
|
|t:|1658806717
|move|p2a: Ken|Earthquake|p1a: Aegislash
|-supereffective|p1a: Aegislash
|-end|p1a: Aegislash|Substitute
|move|p1a: Aegislash|Shadow Ball|p2a: Ken
|-damage|p2a: Ken|0 fnt
|faint|p2a: Ken
|
|-heal|p1a: Aegislash|71/100|[from] item: Leftovers
|upkeep
|
|t:|1658806720
|switch|p2a: Sin|Weavile, F|100/100
|turn|21
|j| xuwuhanjun
|
|t:|1658806724
|-formechange|p1a: Aegislash|Aegislash||[from] ability: Stance Change
|move|p1a: Aegislash|King's Shield|p1a: Aegislash
|-singleturn|p1a: Aegislash|Protect
|move|p2a: Sin|Knock Off|p1a: Aegislash
|-activate|p1a: Aegislash|move: Protect
|-unboost|p2a: Sin|atk|1
|
|-heal|p1a: Aegislash|77/100|[from] item: Leftovers
|upkeep
|turn|22
|
|t:|1658806728
|switch|p1a: Buzzwole|Buzzwole|95/100
|-activate|p1a: Buzzwole|move: Sticky Web
|-unboost|p1a: Buzzwole|spe|1
|move|p2a: Sin|Knock Off|p1a: Buzzwole
|-resisted|p1a: Buzzwole
|-crit|p1a: Buzzwole
|-damage|p1a: Buzzwole|62/100
|-damage|p2a: Sin|84/100|[from] item: Rocky Helmet|[of] p1a: Buzzwole
|-enditem|p1a: Buzzwole|Rocky Helmet|[from] move: Knock Off|[of] p2a: Sin
|-damage|p2a: Sin|74/100|[from] item: Life Orb
|
|upkeep
|turn|23
|
|t:|1658806730
|switch|p2a: Tychan|Hitmonchan, M|30/100
|move|p1a: Buzzwole|Close Combat|p2a: Tychan
|-damage|p2a: Tychan|0 fnt
|-unboost|p1a: Buzzwole|def|1
|-unboost|p1a: Buzzwole|spd|1
|faint|p2a: Tychan
|-ability|p1a: Buzzwole|Beast Boost|boost
|-boost|p1a: Buzzwole|atk|1
|
|upkeep
|
|t:|1658806734
|switch|p2a: Akashi|Scizor, M|100/100
|turn|24
|
|t:|1658806740
|switch|p1a: Landorus|Landorus-Therian, M|44/100
|-ability|p1a: Landorus|Intimidate|boost
|-unboost|p2a: Akashi|atk|1
|move|p2a: Akashi|U-turn|p1a: Landorus
|-resisted|p1a: Landorus
|-damage|p1a: Landorus|23/100
|
|t:|1658806766
|switch|p2a: Sin|Weavile, F|74/100|[from]move: U-turn
|
|-heal|p1a: Landorus|29/100|[from] item: Leftovers
|upkeep
|turn|25
|
|t:|1658806771
|move|p2a: Sin|Ice Shard|p1a: Landorus
|-supereffective|p1a: Landorus
|-damage|p1a: Landorus|0 fnt
|faint|p1a: Landorus
|-damage|p2a: Sin|64/100|[from] item: Life Orb
|
|upkeep
|
|t:|1658806775
|switch|p1a: Tapu Fini|Tapu Fini, shiny|100/100
|-activate|p1a: Tapu Fini|move: Sticky Web
|-unboost|p1a: Tapu Fini|spe|1
|-fieldstart|move: Misty Terrain|[from] ability: Misty Surge|[of] p1a: Tapu Fini
|turn|26
|
|t:|1658806778
|switch|p2a: Akashi|Scizor, M|100/100
|move|p1a: Tapu Fini|Scald|p2a: Akashi
|-damage|p2a: Akashi|48/100
|
|upkeep
|turn|27
|
|t:|1658806781
|move|p2a: Akashi|Bullet Punch|p1a: Tapu Fini
|-damage|p1a: Tapu Fini|50/100
|move|p1a: Tapu Fini|Scald|p2a: Akashi
|-damage|p2a: Akashi|0 fnt
|faint|p2a: Akashi
|
|upkeep
|
|t:|1658806783
|switch|p2a: Sin|Weavile, F|64/100
|turn|28
|
|t:|1658806787
|move|p2a: Sin|Knock Off|p1a: Tapu Fini
|-resisted|p1a: Tapu Fini
|-damage|p1a: Tapu Fini|16/100
|-enditem|p1a: Tapu Fini|Choice Scarf|[from] move: Knock Off|[of] p2a: Sin
|-damage|p2a: Sin|54/100|[from] item: Life Orb
|move|p1a: Tapu Fini|Scald|p2a: Sin
|-damage|p2a: Sin|6/100
|
|upkeep
|turn|29
|
|t:|1658806791
|switch|p1a: Buzzwole|Buzzwole|62/100
|-activate|p1a: Buzzwole|move: Sticky Web
|-unboost|p1a: Buzzwole|spe|1
|move|p2a: Sin|Knock Off|p1a: Buzzwole
|-resisted|p1a: Buzzwole
|-damage|p1a: Buzzwole|47/100
|-damage|p2a: Sin|0 fnt|[from] item: Life Orb
|faint|p2a: Sin
|
|win|Pinks1ip
|raw|Pinks1ip's rating: 1602 &rarr; <strong>1624</strong><br />(+22 for winning)
|raw|Dash&#x2f;Jay's rating: 1636 &rarr; <strong>1614</strong><br />(-22 for losing)
|l|☆Dash/Jay
|l|☆Pinks1ip
|l| xuwuhanjun
