|j|☆Forwards
|j|☆drippy rain
|t:|1658772233
|gametype|singles
|player|p1|Forwards|adaman|1543
|player|p2|drippy rain|karen-gen2|1501
|teamsize|p1|6
|teamsize|p2|6
|gen|8
|tier|[Gen 8] OU
|rated|
|rule|Sleep Clause Mod: Limit one foe put to sleep
|rule|Species Clause: Limit one of each Pokémon
|rule|OHKO Clause: OHKO moves are banned
|rule|Evasion Moves Clause: Evasion moves are banned
|rule|Endless Battle Clause: Forcing endless battles is banned
|rule|HP Percentage Mod: HP is shown in percentages
|rule|Dynamax Clause: You cannot dynamax
|clearpoke
|poke|p1|Torkoal, F|
|poke|p1|Venusaur, F|
|poke|p1|Charizard, F|
|poke|p1|Victini|
|poke|p1|Heatran, M|
|poke|p1|Xatu, F|
|poke|p2|Rapidash, M|
|poke|p2|Blaziken, M|
|poke|p2|Dragapult, F|
|poke|p2|Tapu Lele|
|poke|p2|Celesteela|
|poke|p2|Alakazam, M|
|teampreview
|inactive|Battle timer is ON: inactive players will automatically lose when time's up. (requested by drippy rain)
|
|t:|1658772263
|start
|switch|p1a: Torkoal|Torkoal, F|100/100
|switch|p2a: Tapu Lele|Tapu Lele|100/100
|-fieldstart|move: Psychic Terrain|[from] ability: Psychic Surge|[of] p2a: Tapu Lele
|-weather|SunnyDay|[from] ability: Drought|[of] p1a: Torkoal
|turn|1
|
|t:|1658772268
|switch|p1a: Xatu|Xatu, F|100/100
|move|p2a: Tapu Lele|Taunt|p1a: Xatu
|move|p1a: Xatu|Taunt|p2a: Tapu Lele|[from]ability: Magic Bounce
|-start|p2a: Tapu Lele|move: Taunt
|
|-weather|SunnyDay|[upkeep]
|upkeep
|turn|2
|
|t:|1658772274
|switch|p2a: Alakazam|Alakazam, M|100/100
|move|p1a: Xatu|Teleport|p1a: Xatu
|
|t:|1658772279
|switch|p1a: Charizard|Charizard, F|100/100|[from]move: Teleport
|
|-weather|SunnyDay|[upkeep]
|-damage|p1a: Charizard|88/100|[from] ability: Solar Power|[of] p1a: Charizard
|upkeep
|turn|3
|
|t:|1658772283
|move|p1a: Charizard|Weather Ball|p2a: Alakazam
|-damage|p2a: Alakazam|0 fnt
|faint|p2a: Alakazam
|
|-weather|SunnyDay|[upkeep]
|-damage|p1a: Charizard|76/100|[from] ability: Solar Power|[of] p1a: Charizard
|upkeep
|
|t:|1658772285
|switch|p2a: Rapidash|Rapidash, M|100/100
|-item|p2a: Rapidash|Air Balloon
|turn|4
|
|t:|1658772291
|move|p1a: Charizard|Weather Ball|p2a: Rapidash
|-start|p2a: Rapidash|ability: Flash Fire
|move|p2a: Rapidash|Swords Dance|p2a: Rapidash
|-boost|p2a: Rapidash|atk|2
|
|-weather|SunnyDay|[upkeep]
|-damage|p1a: Charizard|63/100|[from] ability: Solar Power|[of] p1a: Charizard
|upkeep
|turn|5
|
|t:|1658772311
|switch|p1a: Xatu|Xatu, F|100/100
|move|p2a: Rapidash|Flame Charge|p1a: Xatu
|-damage|p1a: Xatu|6/100
|-boost|p2a: Rapidash|spe|1
|
|-weather|SunnyDay|[upkeep]
|-heal|p1a: Xatu|12/100|[from] item: Leftovers
|-fieldend|move: Psychic Terrain
|upkeep
|turn|6
|
|t:|1658772314
|move|p2a: Rapidash|Flame Charge|p1a: Xatu
|-damage|p1a: Xatu|0 fnt
|-boost|p2a: Rapidash|spe|1
|faint|p1a: Xatu
|
|-weather|SunnyDay|[upkeep]
|upkeep
|
|t:|1658772321
|switch|p1a: Torkoal|Torkoal, F|100/100
|turn|7
|
|t:|1658772334
|move|p2a: Rapidash|Flare Blitz|p1a: Torkoal
|-resisted|p1a: Torkoal
|-damage|p1a: Torkoal|36/100
|-damage|p2a: Rapidash|74/100|[from] Recoil
|move|p1a: Torkoal|Yawn|p2a: Rapidash
|-start|p2a: Rapidash|move: Yawn|[of] p1a: Torkoal
|
|-weather|SunnyDay|[upkeep]
|upkeep
|turn|8
|
|t:|1658772341
|move|p2a: Rapidash|Wild Charge|p1a: Torkoal
|-damage|p1a: Torkoal|7/100
|-damage|p2a: Rapidash|64/100|[from] Recoil
|move|p1a: Torkoal|Stealth Rock|p2a: Rapidash
|-sidestart|p2: drippy rain|move: Stealth Rock
|
|-weather|none
|-end|p2a: Rapidash|move: Yawn|[silent]
|-status|p2a: Rapidash|slp
|upkeep
|turn|9
|
|t:|1658772348
|switch|p1a: Victini|Victini|100/100
|cant|p2a: Rapidash|slp
|
|upkeep
|turn|10
|
|t:|1658772353
|-curestatus|p2a: Rapidash|slp|[msg]
|move|p2a: Rapidash|Flare Blitz|p1a: Victini
|-resisted|p1a: Victini
|-damage|p1a: Victini|28/100
|-damage|p2a: Rapidash|34/100|[from] Recoil
|move|p1a: Victini|Zen Headbutt|p2a: Rapidash
|-damage|p2a: Rapidash|0 fnt
|-enditem|p2a: Rapidash|Air Balloon
|faint|p2a: Rapidash
|
|upkeep
|
|t:|1658772363
|switch|p2a: Dragapult|Dragapult, F|100/100
|-damage|p2a: Dragapult|88/100|[from] Stealth Rock
|turn|11
|
|t:|1658772371
|switch|p1a: Torkoal|Torkoal, F|7/100
|-weather|SunnyDay|[from] ability: Drought|[of] p1a: Torkoal
|move|p2a: Dragapult|Dragon Dance|p2a: Dragapult
|-boost|p2a: Dragapult|atk|1
|-boost|p2a: Dragapult|spe|1
|
|-weather|SunnyDay|[upkeep]
|upkeep
|turn|12
|
|t:|1658772377
|move|p2a: Dragapult|Dragon Darts|p1a: Torkoal
|-damage|p1a: Torkoal|0 fnt
|faint|p1a: Torkoal
|-damage|p2a: Dragapult|78/100|[from] item: Life Orb
|
|-weather|SunnyDay|[upkeep]
|upkeep
|
|t:|1658772381
|switch|p1a: Heatran|Heatran, M|100/100
|turn|13
|
|t:|1658772384
|move|p2a: Dragapult|Phantom Force||[still]
|-prepare|p2a: Dragapult|Phantom Force
|move|p1a: Heatran|Flash Cannon|p2a: Dragapult|[miss]
|-miss|p1a: Heatran|p2a: Dragapult
|
|-weather|SunnyDay|[upkeep]
|upkeep
|turn|14
|
|t:|1658772386
|move|p2a: Dragapult|Phantom Force|p1a: Heatran|[from]lockedmove
|-damage|p1a: Heatran|0 fnt
|faint|p1a: Heatran
|-damage|p2a: Dragapult|69/100|[from] item: Life Orb
|
|-weather|SunnyDay|[upkeep]
|upkeep
|
|t:|1658772389
|switch|p1a: Venusaur|Venusaur, F|100/100
|turn|15
|
|t:|1658772395
|move|p2a: Dragapult|Dragon Darts|p1a: Venusaur
|-damage|p1a: Venusaur|35/100
|-anim|p2a: Dragapult|Dragon Darts|p1a: Venusaur
|-damage|p1a: Venusaur|0 fnt
|faint|p1a: Venusaur
|-damage|p2a: Dragapult|59/100|[from] item: Life Orb
|
|-weather|SunnyDay|[upkeep]
|upkeep
|-message|Forwards forfeited.
|
|win|drippy rain
|raw|Forwards's rating: 1543 &rarr; <strong>1521</strong><br />(-22 for losing)
|raw|drippy rain's rating: 1501 &rarr; <strong>1523</strong><br />(+22 for winning)
|l|☆Forwards
