|j|☆Maitredouard2
|j|☆urashinji
|t:|1660804889
|gametype|singles
|player|p1|Maitredouard2|lance|1660
|player|p2|urashinji|170|1752
|teamsize|p1|6
|teamsize|p2|6
|gen|8
|tier|[Gen 8] OU
|rated|
|rule|Sleep Clause Mod: Limit one foe put to sleep
|rule|Species Clause: Limit one of each Pokémon
|rule|OHKO Clause: OHKO moves are banned
|rule|Evasion Items Clause: Evasion items are banned
|rule|Evasion Moves Clause: Evasion moves are banned
|rule|Endless Battle Clause: Forcing endless battles is banned
|rule|HP Percentage Mod: HP is shown in percentages
|rule|Dynamax Clause: You cannot dynamax
|clearpoke
|poke|p1|Mandibuzz, F|
|poke|p1|Landorus-Therian, M|
|poke|p1|Blissey, F|
|poke|p1|Heatran, F|
|poke|p1|Toxapex, M|
|poke|p1|Tapu Lele|
|poke|p2|Dragapult, F|
|poke|p2|Magnezone|
|poke|p2|Tornadus-Therian, M|
|poke|p2|Garchomp, F|
|poke|p2|Tapu Fini|
|poke|p2|Melmetal|
|teampreview
|
|t:|1660804917
|start
|switch|p1a: Landorus|Landorus-Therian, M|100/100
|switch|p2a: Tapu Fini|Tapu Fini|100/100
|-ability|p1a: Landorus|Intimidate|boost
|-unboost|p2a: Tapu Fini|atk|1
|-fieldstart|move: Misty Terrain|[from] ability: Misty Surge|[of] p2a: Tapu Fini
|turn|1
|inactive|Battle timer is ON: inactive players will automatically lose when time's up. (requested by urashinji)
|
|t:|1660804938
|move|p1a: Landorus|Earthquake|p2a: Tapu Fini
|-damage|p2a: Tapu Fini|49/100
|move|p2a: Tapu Fini|Trick|p1a: Landorus
|-activate|p2a: Tapu Fini|move: Trick|[of] p1a: Landorus
|-item|p1a: Landorus|Choice Scarf|[from] move: Trick
|-item|p2a: Tapu Fini|Choice Scarf|[from] move: Trick
|
|upkeep
|turn|2
|
|t:|1660804949
|switch|p2a: Tornadus|Tornadus-Therian, M|100/100
|move|p1a: Landorus|Knock Off|p2a: Tornadus
|-damage|p2a: Tornadus|66/100
|-enditem|p2a: Tornadus|Heavy-Duty Boots|[from] move: Knock Off|[of] p1a: Landorus
|
|upkeep
|turn|3
|
|t:|1660804956
|switch|p1a: Toxapex|Toxapex, M|100/100
|move|p2a: Tornadus|Knock Off|p1a: Toxapex
|-damage|p1a: Toxapex|88/100
|-damage|p2a: Tornadus|49/100|[from] item: Rocky Helmet|[of] p1a: Toxapex
|-enditem|p1a: Toxapex|Rocky Helmet|[from] move: Knock Off|[of] p2a: Tornadus
|
|upkeep
|turn|4
|
|t:|1660804965
|switch|p1a: Landorus|Landorus-Therian, M|100/100
|-ability|p1a: Landorus|Intimidate|boost
|-unboost|p2a: Tornadus|atk|1
|move|p2a: Tornadus|Taunt|p1a: Landorus
|-start|p1a: Landorus|move: Taunt
|
|upkeep
|turn|5
|
|t:|1660804977
|switch|p2a: Magnezone|Magnezone|100/100
|-item|p2a: Magnezone|Air Balloon
|move|p1a: Landorus|U-turn|p2a: Magnezone
|-resisted|p2a: Magnezone
|-damage|p2a: Magnezone|91/100
|-enditem|p2a: Magnezone|Air Balloon
|
|t:|1660804985
|switch|p1a: Heatran|Heatran, F|100/100|[from]move: U-turn
|-item|p1a: Heatran|Air Balloon
|
|-fieldend|Misty Terrain
|upkeep
|turn|6
|
|t:|1660804991
|switch|p2a: Garchomp|Garchomp, F|100/100
|move|p1a: Heatran|Magma Storm|p2a: Garchomp
|-resisted|p2a: Garchomp
|-crit|p2a: Garchomp
|-damage|p2a: Garchomp|54/100
|-activate|p2a: Garchomp|move: Magma Storm|[of] p1a: Heatran
|
|-heal|p2a: Garchomp|60/100|[from] item: Leftovers
|-damage|p2a: Garchomp|48/100|[from] move: Magma Storm|[partiallytrapped]
|upkeep
|turn|7
|
|t:|1660805005
|move|p2a: Garchomp|Scale Shot|p1a: Heatran
|-resisted|p1a: Heatran
|-damage|p1a: Heatran|94/100
|-enditem|p1a: Heatran|Air Balloon
|-resisted|p1a: Heatran
|-damage|p1a: Heatran|88/100
|-resisted|p1a: Heatran
|-damage|p1a: Heatran|82/100
|-resisted|p1a: Heatran
|-damage|p1a: Heatran|76/100
|-resisted|p1a: Heatran
|-damage|p1a: Heatran|70/100
|-hitcount|p1a: Heatran|5
|-unboost|p2a: Garchomp|def|1
|-boost|p2a: Garchomp|spe|1
|move|p1a: Heatran|Stealth Rock|p2a: Garchomp
|-sidestart|p2: urashinji|move: Stealth Rock
|
|-heal|p2a: Garchomp|54/100|[from] item: Leftovers
|-damage|p2a: Garchomp|42/100|[from] move: Magma Storm|[partiallytrapped]
|upkeep
|turn|8
|
|t:|1660805023
|switch|p1a: Mandibuzz|Mandibuzz, F|100/100
|move|p2a: Garchomp|Stealth Rock|p1a: Mandibuzz
|-sidestart|p1: Maitredouard2|move: Stealth Rock
|
|-heal|p2a: Garchomp|48/100|[from] item: Leftovers
|-end|p2a: Garchomp|Magma Storm|[partiallytrapped]|[silent]
|upkeep
|turn|9
|
|t:|1660805030
|switch|p2a: Magnezone|Magnezone|91/100
|-damage|p2a: Magnezone|85/100|[from] Stealth Rock
|move|p1a: Mandibuzz|Foul Play|p2a: Magnezone
|-damage|p2a: Magnezone|73/100
|
|upkeep
|turn|10
|
|t:|1660805038
|switch|p1a: Landorus|Landorus-Therian, M|100/100
|-damage|p1a: Landorus|88/100|[from] Stealth Rock
|-ability|p1a: Landorus|Intimidate|boost
|-unboost|p2a: Magnezone|atk|1
|move|p2a: Magnezone|Body Press|p1a: Landorus
|-resisted|p1a: Landorus
|-damage|p1a: Landorus|72/100
|
|upkeep
|turn|11
|
|t:|1660805050
|move|p1a: Landorus|Earthquake|p2a: Magnezone
|-supereffective|p2a: Magnezone
|-damage|p2a: Magnezone|0 fnt
|faint|p2a: Magnezone
|
|upkeep
|
|t:|1660805053
|switch|p2a: Tornadus|Tornadus-Therian, M|82/100
|-damage|p2a: Tornadus|57/100|[from] Stealth Rock
|turn|12
|
|t:|1660805059
|switch|p1a: Toxapex|Toxapex, M|100/100
|-damage|p1a: Toxapex|88/100|[from] Stealth Rock
|move|p2a: Tornadus|Defog|p1a: Toxapex
|-unboost|p1a: Toxapex|evasion|1
|-sideend|p1: Maitredouard2|Stealth Rock|[from] move: Defog|[of] p2a: Tornadus
|-sideend|p2: urashinji|Stealth Rock|[from] move: Defog|[of] p2a: Tornadus
|
|upkeep
|turn|13
|
|t:|1660805068
|move|p2a: Tornadus|Taunt|p1a: Toxapex
|-start|p1a: Toxapex|move: Taunt
|cant|p1a: Toxapex|move: Taunt|Toxic
|
|upkeep
|turn|14
|
|t:|1660805074
|switch|p2a: Melmetal|Melmetal|100/100
|switch|p1a: Landorus|Landorus-Therian, M|72/100
|-ability|p1a: Landorus|Intimidate|boost
|-unboost|p2a: Melmetal|atk|1
|
|upkeep
|turn|15
|
|t:|1660805081
|move|p2a: Melmetal|Protect|p2a: Melmetal
|-singleturn|p2a: Melmetal|Protect
|move|p1a: Landorus|U-turn|p2a: Melmetal
|-activate|p2a: Melmetal|move: Protect
|
|upkeep
|turn|16
|
|t:|1660805087
|move|p1a: Landorus|U-turn|p2a: Melmetal
|-resisted|p2a: Melmetal
|-damage|p2a: Melmetal|92/100
|
|t:|1660805089
|switch|p1a: Toxapex|Toxapex, M|100/100|[from]move: U-turn
|move|p2a: Melmetal|Thunder Punch|p1a: Toxapex
|-supereffective|p1a: Toxapex
|-damage|p1a: Toxapex|70/100
|
|-heal|p2a: Melmetal|98/100|[from] item: Leftovers
|upkeep
|turn|17
|
|t:|1660805100
|switch|p2a: Tornadus|Tornadus-Therian, M|91/100
|move|p1a: Toxapex|Scald|p2a: Tornadus
|-damage|p2a: Tornadus|73/100
|-status|p2a: Tornadus|brn
|
|-damage|p2a: Tornadus|67/100 brn|[from] brn
|upkeep
|turn|18
|
|t:|1660805111
|move|p2a: Tornadus|Hurricane|p1a: Toxapex
|-damage|p1a: Toxapex|34/100
|move|p1a: Toxapex|Scald|p2a: Tornadus
|-damage|p2a: Tornadus|48/100 brn
|
|-damage|p2a: Tornadus|42/100 brn|[from] brn
|upkeep
|turn|19
|
|t:|1660805119
|switch|p2a: Garchomp|Garchomp, F|48/100
|move|p1a: Toxapex|Recover|p1a: Toxapex
|-heal|p1a: Toxapex|84/100
|
|-heal|p2a: Garchomp|54/100|[from] item: Leftovers
|upkeep
|turn|20
|
|t:|1660805127
|move|p2a: Garchomp|Earthquake|p1a: Toxapex
|-supereffective|p1a: Toxapex
|-damage|p1a: Toxapex|11/100
|move|p1a: Toxapex|Toxic|p2a: Garchomp
|-status|p2a: Garchomp|tox
|
|-heal|p2a: Garchomp|60/100 tox|[from] item: Leftovers
|-damage|p2a: Garchomp|54/100 tox|[from] psn
|upkeep
|turn|21
|
|t:|1660805137
|switch|p2a: Melmetal|Melmetal|98/100
|move|p1a: Toxapex|Haze|p1a: Toxapex
|-clearallboost
|
|-heal|p2a: Melmetal|100/100|[from] item: Leftovers
|upkeep
|turn|22
|
|t:|1660805145
|switch|p1a: Heatran|Heatran, F|70/100
|move|p2a: Melmetal|Double Iron Bash|p1a: Heatran
|-resisted|p1a: Heatran
|-damage|p1a: Heatran|61/100
|-resisted|p1a: Heatran
|-damage|p1a: Heatran|52/100
|-hitcount|p1a: Heatran|2
|
|upkeep
|turn|23
|
|t:|1660805154
|switch|p2a: Garchomp|Garchomp, F|54/100 tox
|move|p1a: Heatran|Magma Storm|p2a: Garchomp
|-resisted|p2a: Garchomp
|-damage|p2a: Garchomp|21/100 tox
|-activate|p2a: Garchomp|move: Magma Storm|[of] p1a: Heatran
|
|-heal|p2a: Garchomp|27/100 tox|[from] item: Leftovers
|-damage|p2a: Garchomp|21/100 tox|[from] psn
|-damage|p2a: Garchomp|8/100 tox|[from] move: Magma Storm|[partiallytrapped]
|upkeep
|turn|24
|
|t:|1660805166
|switch|p1a: Landorus|Landorus-Therian, M|72/100
|-ability|p1a: Landorus|Intimidate|boost
|-unboost|p2a: Garchomp|atk|1
|move|p2a: Garchomp|Stealth Rock|p1a: Landorus
|-sidestart|p1: Maitredouard2|move: Stealth Rock
|
|-heal|p2a: Garchomp|14/100 tox|[from] item: Leftovers
|-damage|p2a: Garchomp|2/100 tox|[from] psn
|-end|p2a: Garchomp|Magma Storm|[partiallytrapped]|[silent]
|upkeep
|turn|25
|
|t:|1660805176
|switch|p2a: Melmetal|Melmetal|100/100
|move|p1a: Landorus|Knock Off|p2a: Melmetal
|-damage|p2a: Melmetal|79/100
|-enditem|p2a: Melmetal|Leftovers|[from] move: Knock Off|[of] p1a: Landorus
|
|upkeep
|turn|26
|
|t:|1660805184
|switch|p1a: Heatran|Heatran, F|52/100
|-damage|p1a: Heatran|40/100|[from] Stealth Rock
|move|p2a: Melmetal|Thunder Punch|p1a: Heatran
|-crit|p1a: Heatran
|-damage|p1a: Heatran|0 fnt
|faint|p1a: Heatran
|
|upkeep
|
|t:|1660805192
|switch|p1a: Tapu Lele|Tapu Lele|100/100
|-damage|p1a: Tapu Lele|88/100|[from] Stealth Rock
|-fieldstart|move: Psychic Terrain|[from] ability: Psychic Surge|[of] p1a: Tapu Lele
|turn|27
|
|t:|1660805198
|move|p2a: Melmetal|Protect|p2a: Melmetal
|-singleturn|p2a: Melmetal|Protect
|move|p1a: Tapu Lele|Focus Blast|p2a: Melmetal
|-activate|p2a: Melmetal|move: Protect
|
|upkeep
|turn|28
|
|t:|1660805204
|switch|p1a: Mandibuzz|Mandibuzz, F|100/100
|switch|p2a: Dragapult|Dragapult, F|100/100
|
|upkeep
|turn|29
|
|t:|1660805210
|switch|p2a: Tapu Fini|Tapu Fini|49/100
|-fieldstart|move: Misty Terrain|[from] ability: Misty Surge|[of] p2a: Tapu Fini
|move|p1a: Mandibuzz|Foul Play|p2a: Tapu Fini
|-resisted|p2a: Tapu Fini
|-damage|p2a: Tapu Fini|41/100
|
|upkeep
|turn|30
|
|t:|1660805218
|switch|p1a: Landorus|Landorus-Therian, M|72/100
|-damage|p1a: Landorus|60/100|[from] Stealth Rock
|-ability|p1a: Landorus|Intimidate|boost
|-unboost|p2a: Tapu Fini|atk|1
|move|p2a: Tapu Fini|Trick|p1a: Landorus
|-activate|p2a: Tapu Fini|move: Trick|[of] p1a: Landorus
|-item|p1a: Landorus|Choice Scarf|[from] move: Trick
|-item|p2a: Tapu Fini|Choice Scarf|[from] move: Trick
|
|upkeep
|turn|31
|
|t:|1660805227
|move|p1a: Landorus|Explosion|p2a: Tapu Fini
|-damage|p2a: Tapu Fini|0 fnt
|faint|p1a: Landorus
|faint|p2a: Tapu Fini
|
|upkeep
|
|t:|1660805233
|switch|p1a: Tapu Lele|Tapu Lele|88/100
|switch|p2a: Dragapult|Dragapult, F|100/100
|-damage|p1a: Tapu Lele|76/100|[from] Stealth Rock
|-fieldstart|move: Psychic Terrain|[from] ability: Psychic Surge|[of] p1a: Tapu Lele
|turn|32
|
|t:|1660805240
|switch|p1a: Mandibuzz|Mandibuzz, F|100/100
|move|p2a: Dragapult|Phantom Force||[still]
|-prepare|p2a: Dragapult|Phantom Force
|-enditem|p2a: Dragapult|Power Herb
|-anim|p2a: Dragapult|Phantom Force|p1a: Mandibuzz
|-resisted|p1a: Mandibuzz
|-damage|p1a: Mandibuzz|88/100
|
|upkeep
|turn|33
|
|t:|1660805248
|switch|p2a: Garchomp|Garchomp, F|2/100 tox
|move|p1a: Mandibuzz|Foul Play|p2a: Garchomp
|-damage|p2a: Garchomp|0 fnt
|-damage|p1a: Mandibuzz|76/100|[from] ability: Rough Skin|[of] p2a: Garchomp
|faint|p2a: Garchomp
|
|upkeep
|
|t:|1660805250
|switch|p2a: Melmetal|Melmetal|79/100
|turn|34
|
|t:|1660805261
|move|p1a: Mandibuzz|Foul Play|p2a: Melmetal
|-damage|p2a: Melmetal|43/100
|move|p2a: Melmetal|Double Iron Bash|p1a: Mandibuzz
|-crit|p1a: Mandibuzz
|-damage|p1a: Mandibuzz|33/100
|-damage|p1a: Mandibuzz|3/100
|-hitcount|p1a: Mandibuzz|2
|
|upkeep
|turn|35
|
|t:|1660805269
|switch|p2a: Tornadus|Tornadus-Therian, M|76/100 brn
|move|p1a: Mandibuzz|Roost|p1a: Mandibuzz
|-heal|p1a: Mandibuzz|53/100
|-singleturn|p1a: Mandibuzz|move: Roost
|
|-damage|p2a: Tornadus|69/100 brn|[from] brn
|upkeep
|turn|36
|
|t:|1660805278
|move|p2a: Tornadus|Hurricane|p1a: Mandibuzz
|-damage|p1a: Mandibuzz|26/100
|-start|p1a: Mandibuzz|confusion
|-activate|p1a: Mandibuzz|confusion
|move|p1a: Mandibuzz|Roost|p1a: Mandibuzz
|-heal|p1a: Mandibuzz|76/100
|-singleturn|p1a: Mandibuzz|move: Roost
|
|-damage|p2a: Tornadus|63/100 brn|[from] brn
|-fieldend|move: Psychic Terrain
|upkeep
|turn|37
|
|t:|1660805292
|switch|p1a: Blissey|Blissey, F|100/100
|move|p2a: Tornadus|Hurricane|p1a: Blissey
|-damage|p1a: Blissey|84/100
|
|-damage|p2a: Tornadus|57/100 brn|[from] brn
|upkeep
|turn|38
|
|t:|1660805300
|move|p2a: Tornadus|Taunt|p1a: Blissey
|-start|p1a: Blissey|move: Taunt
|move|p1a: Blissey|Seismic Toss|p2a: Tornadus
|-damage|p2a: Tornadus|30/100 brn
|
|-damage|p2a: Tornadus|23/100 brn|[from] brn
|upkeep
|turn|39
|
|t:|1660805310
|switch|p2a: Dragapult|Dragapult, F|100/100
|switch|p1a: Mandibuzz|Mandibuzz, F|76/100
|
|upkeep
|turn|40
|
|t:|1660805315
|switch|p2a: Tornadus|Tornadus-Therian, M|57/100 brn
|move|p1a: Mandibuzz|Foul Play|p2a: Tornadus
|-damage|p2a: Tornadus|25/100 brn
|
|-damage|p2a: Tornadus|19/100 brn|[from] brn
|upkeep
|turn|41
|
|t:|1660805323
|move|p2a: Tornadus|Hurricane|p1a: Mandibuzz
|-damage|p1a: Mandibuzz|48/100
|move|p1a: Mandibuzz|Foul Play|p2a: Tornadus
|-damage|p2a: Tornadus|0 fnt
|faint|p2a: Tornadus
|
|upkeep
|
|t:|1660805326
|switch|p2a: Melmetal|Melmetal|43/100
|turn|42
|
|t:|1660805335
|move|p1a: Mandibuzz|Roost|p1a: Mandibuzz
|-heal|p1a: Mandibuzz|98/100
|-singleturn|p1a: Mandibuzz|move: Roost
|move|p2a: Melmetal|Double Iron Bash|p1a: Mandibuzz
|-damage|p1a: Mandibuzz|68/100
|-damage|p1a: Mandibuzz|37/100
|-hitcount|p1a: Mandibuzz|2
|
|upkeep
|turn|43
|
|t:|1660805344
|move|p1a: Mandibuzz|Foul Play|p2a: Melmetal
|-damage|p2a: Melmetal|7/100
|move|p2a: Melmetal|Double Iron Bash|p1a: Mandibuzz
|-damage|p1a: Mandibuzz|9/100
|-damage|p1a: Mandibuzz|0 fnt
|faint|p1a: Mandibuzz
|-hitcount|p1: Mandibuzz|2
|
|upkeep
|
|t:|1660805353
|switch|p1a: Tapu Lele|Tapu Lele|76/100
|-damage|p1a: Tapu Lele|63/100|[from] Stealth Rock
|-fieldstart|move: Psychic Terrain|[from] ability: Psychic Surge|[of] p1a: Tapu Lele
|turn|44
|
|t:|1660805358
|move|p1a: Tapu Lele|Moonblast|p2a: Melmetal
|-resisted|p2a: Melmetal
|-damage|p2a: Melmetal|0 fnt
|faint|p2a: Melmetal
|
|upkeep
|
|t:|1660805360
|switch|p2a: Dragapult|Dragapult, F|100/100
|turn|45
|
|t:|1660805365
|switch|p1a: Blissey|Blissey, F|84/100
|move|p2a: Dragapult|Steel Wing|p1a: Blissey
|-damage|p1a: Blissey|67/100
|
|upkeep
|turn|46
|
|t:|1660805372
|move|p2a: Dragapult|Dragon Dance|p2a: Dragapult
|-boost|p2a: Dragapult|atk|1
|-boost|p2a: Dragapult|spe|1
|move|p1a: Blissey|Toxic|p2a: Dragapult
|-status|p2a: Dragapult|tox
|
|-damage|p2a: Dragapult|95/100 tox|[from] psn
|upkeep
|turn|47
|
|t:|1660805381
|move|p2a: Dragapult|Dragon Dance|p2a: Dragapult
|-boost|p2a: Dragapult|atk|1
|-boost|p2a: Dragapult|spe|1
|move|p1a: Blissey|Teleport|p1a: Blissey
|
|t:|1660805385
|switch|p1a: Toxapex|Toxapex, M|44/100|[from]move: Teleport
|-damage|p1a: Toxapex|31/100|[from] Stealth Rock
|
|-damage|p2a: Dragapult|83/100 tox|[from] psn
|upkeep
|turn|48
|
|t:|1660805393
|switch|p1a: Tapu Lele|Tapu Lele|63/100
|-damage|p1a: Tapu Lele|51/100|[from] Stealth Rock
|move|p2a: Dragapult|Steel Wing|p1a: Tapu Lele
|-supereffective|p1a: Tapu Lele
|-crit|p1a: Tapu Lele
|-damage|p1a: Tapu Lele|0 fnt
|faint|p1a: Tapu Lele
|
|-damage|p2a: Dragapult|65/100 tox|[from] psn
|-fieldend|move: Psychic Terrain
|upkeep
|
|t:|1660805404
|switch|p1a: Toxapex|Toxapex, M|65/100
|-damage|p1a: Toxapex|52/100|[from] Stealth Rock
|turn|49
|
|t:|1660805408
|move|p2a: Dragapult|Dragon Darts|p1a: Toxapex
|-damage|p1a: Toxapex|25/100
|-anim|p2a: Dragapult|Dragon Darts|p1a: Toxapex
|-damage|p1a: Toxapex|0 fnt
|faint|p1a: Toxapex
|
|-damage|p2a: Dragapult|41/100 tox|[from] psn
|upkeep
|
|t:|1660805416
|switch|p1a: Blissey|Blissey, F|67/100
|turn|50
|
|t:|1660805419
|move|p2a: Dragapult|Dragon Darts|p1a: Blissey
|-damage|p1a: Blissey|31/100
|-anim|p2a: Dragapult|Dragon Darts|p1a: Blissey
|-damage|p1a: Blissey|0 fnt
|faint|p1a: Blissey
|
|win|urashinji
|raw|Maitredouard2's rating: 1660 &rarr; <strong>1645</strong><br />(-15 for losing)
|raw|urashinji's rating: 1752 &rarr; <strong>1767</strong><br />(+15 for winning)
|l|☆Maitredouard2
