|j|☆Fiolifro
|j|☆Tirkys
|t:|1606316439
|player|p1|Fiolifro|waitress|1329
|player|p2|Tirkys|hilda-dueldisk|1342
|teamsize|p1|6
|teamsize|p2|6
|gametype|singles
|gen|8
|tier|[Gen 8] OU
|rated|
|clearpoke
|poke|p1|Swampert, F|
|poke|p1|Goodra, F|
|poke|p1|Chansey, F|
|poke|p1|Buzzwole|
|poke|p1|Dragonite, F|
|poke|p1|Togekiss, M|
|poke|p2|Mienshao, M|
|poke|p2|Quagsire, M|
|poke|p2|Mantyke, M|
|poke|p2|Volcarona, F|
|poke|p2|Xatu, M|
|poke|p2|Bronzong|
|rule|Sleep Clause Mod: Limit one foe put to sleep
|rule|Species Clause: Limit one of each Pokémon
|rule|OHKO Clause: OHKO moves are banned
|rule|Evasion Moves Clause: Evasion moves are banned
|rule|Endless Battle Clause: Forcing endless battles is banned
|rule|HP Percentage Mod: HP is shown in percentages
|rule|Dynamax Clause: You cannot dynamax
|teampreview
|inactive|Battle timer is ON: inactive players will automatically lose when time's up. (requested by Tirkys)
|
|t:|1606316455
|start
|switch|p1a: Pilo|Swampert, F|100/100
|switch|p2a: Mienshao|Mienshao, M|100/100
|turn|1
|
|t:|1606316458
|move|p2a: Mienshao|Fake Out|p1a: Pilo
|-damage|p1a: Pilo|89/100
|cant|p1a: Pilo|flinch
|
|-heal|p1a: Pilo|95/100|[from] item: Leftovers
|upkeep
|turn|2
|
|t:|1606316460
|move|p2a: Mienshao|U-turn|p1a: Pilo
|-damage|p1a: Pilo|73/100
|
|t:|1606316463
|switch|p2a: Xatu|Xatu, M|100/100|[from]move: U-turn
|move|p1a: Pilo|Stealth Rock|p2a: Xatu
|move|p2a: Xatu|Stealth Rock|p1a: Pilo|[from]ability: Magic Bounce
|-sidestart|p1: Fiolifro|move: Stealth Rock
|
|-heal|p1a: Pilo|79/100|[from] item: Leftovers
|upkeep
|turn|3
|
|t:|1606316468
|switch|p2a: Mantyke|Mantyke, M|100/100
|move|p1a: Pilo|Ice Punch|p2a: Mantyke
|-damage|p2a: Mantyke|64/100
|
|-heal|p1a: Pilo|85/100|[from] item: Leftovers
|upkeep
|turn|4
|
|t:|1606316473
|switch|p2a: Xatu|Xatu, M|100/100
|move|p1a: Pilo|Stealth Rock|p2a: Xatu
|move|p2a: Xatu|Stealth Rock||[from]ability: Magic Bounce|[still]
|-fail|p2a: Xatu
|
|-heal|p1a: Pilo|91/100|[from] item: Leftovers
|upkeep
|turn|5
|
|t:|1606316477
|switch|p2a: Volcarona|Volcarona, F|100/100
|move|p1a: Pilo|Ice Punch|p2a: Volcarona
|-resisted|p2a: Volcarona
|-damage|p2a: Volcarona|90/100
|-damage|p1a: Pilo|75/100|[from] item: Rocky Helmet|[of] p2a: Volcarona
|
|-heal|p1a: Pilo|81/100|[from] item: Leftovers
|upkeep
|turn|6
|
|t:|1606316482
|switch|p2a: Xatu|Xatu, M|100/100
|switch|p1a: Chansey|Chansey, F|100/100
|-damage|p1a: Chansey|88/100|[from] Stealth Rock
|
|upkeep
|turn|7
|
|t:|1606316485
|switch|p2a: Bronzong|Bronzong|100/100
|move|p1a: Chansey|Seismic Toss|p2a: Bronzong
|-damage|p2a: Bronzong|71/100
|
|upkeep
|turn|8
|
|t:|1606316492
|switch|p1a: Pilo|Swampert, F|81/100
|-damage|p1a: Pilo|75/100|[from] Stealth Rock
|move|p2a: Bronzong|Trick|p1a: Pilo
|-activate|p2a: Bronzong|move: Trick|[of] p1a: Pilo
|-item|p1a: Pilo|Toxic Orb|[from] move: Trick
|-item|p2a: Bronzong|Leftovers|[from] move: Trick
|
|-heal|p2a: Bronzong|77/100|[from] item: Leftovers
|-status|p1a: Pilo|tox|[from] item: Toxic Orb
|upkeep
|turn|9
|
|t:|1606316504
|move|p1a: Pilo|Stealth Rock|p2a: Bronzong
|-sidestart|p2: Tirkys|move: Stealth Rock
|move|p2a: Bronzong|Trick|p1a: Pilo
|-activate|p2a: Bronzong|move: Trick|[of] p1a: Pilo
|-item|p1a: Pilo|Leftovers|[from] move: Trick
|-item|p2a: Bronzong|Toxic Orb|[from] move: Trick
|
|-heal|p1a: Pilo|81/100 tox|[from] item: Leftovers
|-damage|p1a: Pilo|75/100 tox|[from] psn
|upkeep
|turn|10
|
|t:|1606316512
|switch|p1a: gordita2|Goodra, F|100/100
|-damage|p1a: gordita2|88/100|[from] Stealth Rock
|switch|p2a: Mienshao|Mienshao, M|100/100
|-damage|p2a: Mienshao|95/100|[from] Stealth Rock
|
|upkeep
|turn|11
|
|t:|1606316519
|switch|p1a: Buzzwole|Buzzwole|100/100
|-damage|p1a: Buzzwole|88/100|[from] Stealth Rock
|move|p2a: Mienshao|Fake Out|p1a: Buzzwole
|-damage|p1a: Buzzwole|80/100
|
|-heal|p1a: Buzzwole|86/100|[from] item: Leftovers
|upkeep
|turn|12
|
|t:|1606316525
|move|p2a: Mienshao|U-turn|p1a: Buzzwole
|-resisted|p1a: Buzzwole
|-damage|p1a: Buzzwole|79/100
|
|t:|1606316527
|switch|p2a: Quagsire|Quagsire, M|100/100|[from]move: U-turn
|-damage|p2a: Quagsire|94/100|[from] Stealth Rock
|move|p1a: Buzzwole|Drain Punch|p2a: Quagsire
|-damage|p2a: Quagsire|64/100
|-heal|p1a: Buzzwole|94/100|[from] drain|[of] p2a: Quagsire
|
|-heal|p1a: Buzzwole|100/100|[from] item: Leftovers
|-heal|p2a: Quagsire|70/100|[from] item: Leftovers
|upkeep
|turn|13
|
|t:|1606316535
|switch|p1a: Chansey|Chansey, F|88/100
|-damage|p1a: Chansey|75/100|[from] Stealth Rock
|move|p2a: Quagsire|Stockpile|p2a: Quagsire
|-start|p2a: Quagsire|stockpile1
|-boost|p2a: Quagsire|def|1
|-boost|p2a: Quagsire|spd|1
|
|-heal|p2a: Quagsire|76/100|[from] item: Leftovers
|upkeep
|turn|14
|
|t:|1606316541
|move|p1a: Chansey|Toxic|p2a: Quagsire
|-status|p2a: Quagsire|tox
|move|p2a: Quagsire|Stockpile|p2a: Quagsire
|-start|p2a: Quagsire|stockpile2
|-boost|p2a: Quagsire|def|1
|-boost|p2a: Quagsire|spd|1
|
|-heal|p2a: Quagsire|82/100 tox|[from] item: Leftovers
|-damage|p2a: Quagsire|76/100 tox|[from] psn
|upkeep
|turn|15
|
|t:|1606316544
|move|p1a: Chansey|Aromatherapy|p1a: Chansey
|-activate|p1a: Chansey|move: Aromatherapy
|-curestatus|p1: Pilo|tox|[msg]
|move|p2a: Quagsire|Stockpile|p2a: Quagsire
|-start|p2a: Quagsire|stockpile3
|-boost|p2a: Quagsire|def|1
|-boost|p2a: Quagsire|spd|1
|
|-heal|p2a: Quagsire|82/100 tox|[from] item: Leftovers
|-damage|p2a: Quagsire|70/100 tox|[from] psn
|upkeep
|turn|16
|
|t:|1606316552
|switch|p1a: Pilo|Swampert, F|75/100
|-damage|p1a: Pilo|68/100|[from] Stealth Rock
|move|p2a: Quagsire|Rest|p2a: Quagsire
|-status|p2a: Quagsire|slp|[from] move: Rest
|-heal|p2a: Quagsire|100/100 slp|[silent]
|
|-heal|p1a: Pilo|75/100|[from] item: Leftovers
|upkeep
|turn|17
|
|t:|1606316559
|switch|p1a: Togekiss|Togekiss, M|100/100
|-damage|p1a: Togekiss|76/100|[from] Stealth Rock
|cant|p2a: Quagsire|slp
|
|-heal|p1a: Togekiss|82/100|[from] item: Leftovers
|upkeep
|turn|18
|
|t:|1606316564
|move|p1a: Togekiss|Defog|p2a: Quagsire
|-unboost|p2a: Quagsire|evasion|1
|-sideend|p2: Tirkys|Stealth Rock|[from] move: Defog|[of] p1a: Togekiss
|-sideend|p1: Fiolifro|Stealth Rock|[from] move: Defog|[of] p1a: Togekiss
|cant|p2a: Quagsire|slp
|
|-heal|p1a: Togekiss|88/100|[from] item: Leftovers
|upkeep
|turn|19
|
|t:|1606316573
|switch|p1a: Pilo|Swampert, F|75/100
|-curestatus|p2a: Quagsire|slp|[msg]
|move|p2a: Quagsire|Scald|p1a: Pilo
|-damage|p1a: Pilo|56/100
|-status|p1a: Pilo|brn
|
|-heal|p1a: Pilo|62/100 brn|[from] item: Leftovers
|-damage|p1a: Pilo|56/100 brn|[from] brn
|upkeep
|turn|20
|
|t:|1606316578
|switch|p2a: Xatu|Xatu, M|100/100
|move|p1a: Pilo|Roar|p2a: Xatu
|move|p2a: Xatu|Roar|p1a: Pilo|[from]ability: Magic Bounce
|drag|p1a: Dragonite|Dragonite, F|100/100
|
|upkeep
|turn|21
|
|t:|1606316586
|switch|p2a: Quagsire|Quagsire, M|100/100
|move|p1a: Dragonite|Dragon Dance|p1a: Dragonite
|-boost|p1a: Dragonite|atk|1
|-boost|p1a: Dragonite|spe|1
|
|upkeep
|turn|22
|
|t:|1606316589
|move|p1a: Dragonite|Dual Wingbeat|p2a: Quagsire|[miss]
|-miss|p1a: Dragonite|p2a: Quagsire
|move|p2a: Quagsire|Scald|p1a: Dragonite
|-resisted|p1a: Dragonite
|-damage|p1a: Dragonite|96/100
|-status|p1a: Dragonite|brn
|
|-damage|p1a: Dragonite|89/100 brn|[from] brn
|upkeep
|turn|23
|
|t:|1606316600
|switch|p1a: Togekiss|Togekiss, M|88/100
|switch|p2a: Bronzong|Bronzong|77/100
|
|-heal|p1a: Togekiss|94/100|[from] item: Leftovers
|upkeep
|turn|24
|
|t:|1606316606
|move|p1a: Togekiss|Thunder Wave|p2a: Bronzong
|-status|p2a: Bronzong|par
|move|p2a: Bronzong|Light Screen|p2a: Bronzong
|-sidestart|p2: Tirkys|move: Light Screen
|
|-heal|p1a: Togekiss|99/100|[from] item: Leftovers
|upkeep
|turn|25
|
|t:|1606316610
|move|p1a: Togekiss|Flamethrower|p2a: Bronzong
|-supereffective|p2a: Bronzong
|-damage|p2a: Bronzong|68/100 par
|move|p2a: Bronzong|Rest|p2a: Bronzong
|-status|p2a: Bronzong|slp|[from] move: Rest
|-heal|p2a: Bronzong|100/100 slp|[silent]
|
|-heal|p1a: Togekiss|100/100|[from] item: Leftovers
|upkeep
|turn|26
|
|t:|1606316617
|switch|p1a: Chansey|Chansey, F|75/100
|cant|p2a: Bronzong|slp
|
|upkeep
|turn|27
|
|t:|1606316620
|move|p1a: Chansey|Aromatherapy|p1a: Chansey
|-activate|p1a: Chansey|move: Aromatherapy
|-curestatus|p1: Pilo|brn|[msg]
|-curestatus|p1: Dragonite|brn|[msg]
|cant|p2a: Bronzong|slp
|
|upkeep
|turn|28
|
|t:|1606316637
|switch|p1a: Pilo|Swampert, F|56/100
|-curestatus|p2a: Bronzong|slp|[msg]
|move|p2a: Bronzong|Stealth Rock|p1a: Pilo
|-sidestart|p1: Fiolifro|move: Stealth Rock
|
|-heal|p1a: Pilo|62/100|[from] item: Leftovers
|-sideend|p2: Tirkys|move: Light Screen
|upkeep
|turn|29
|
|t:|1606316642
|switch|p2a: Xatu|Xatu, M|100/100
|move|p1a: Pilo|Ice Punch|p2a: Xatu
|-supereffective|p2a: Xatu
|-damage|p2a: Xatu|25/100
|
|-heal|p2a: Xatu|31/100|[from] item: Leftovers
|-heal|p1a: Pilo|68/100|[from] item: Leftovers
|upkeep
|turn|30
|inactive|Fiolifro has 120 seconds left.
|inactive|Fiolifro has 90 seconds left.
|
|t:|1606316704
|move|p2a: Xatu|Roost|p2a: Xatu
|-heal|p2a: Xatu|81/100
|-singleturn|p2a: Xatu|move: Roost
|move|p1a: Pilo|Ice Punch|p2a: Xatu
|-damage|p2a: Xatu|46/100
|
|-heal|p2a: Xatu|52/100|[from] item: Leftovers
|-heal|p1a: Pilo|75/100|[from] item: Leftovers
|upkeep
|turn|31
|
|t:|1606316709
|move|p2a: Xatu|Roost|p2a: Xatu
|-heal|p2a: Xatu|100/100
|-singleturn|p2a: Xatu|move: Roost
|move|p1a: Pilo|Earthquake|p2a: Xatu
|-damage|p2a: Xatu|27/100
|
|-heal|p2a: Xatu|33/100|[from] item: Leftovers
|-heal|p1a: Pilo|81/100|[from] item: Leftovers
|upkeep
|turn|32
|
|t:|1606316714
|move|p2a: Xatu|Roost|p2a: Xatu
|-heal|p2a: Xatu|83/100
|-singleturn|p2a: Xatu|move: Roost
|move|p1a: Pilo|Ice Punch|p2a: Xatu
|-damage|p2a: Xatu|48/100
|
|-heal|p2a: Xatu|53/100|[from] item: Leftovers
|-heal|p1a: Pilo|87/100|[from] item: Leftovers
|upkeep
|turn|33
|
|t:|1606316719
|move|p2a: Xatu|Cosmic Power|p2a: Xatu
|-boost|p2a: Xatu|def|1
|-boost|p2a: Xatu|spd|1
|move|p1a: Pilo|Ice Punch|p2a: Xatu
|-supereffective|p2a: Xatu
|-damage|p2a: Xatu|6/100
|
|-heal|p2a: Xatu|12/100|[from] item: Leftovers
|-heal|p1a: Pilo|93/100|[from] item: Leftovers
|upkeep
|turn|34
|
|t:|1606316722
|move|p2a: Xatu|Roost|p2a: Xatu
|-heal|p2a: Xatu|62/100
|-singleturn|p2a: Xatu|move: Roost
|move|p1a: Pilo|Roar|p2a: Xatu
|move|p2a: Xatu|Roar|p1a: Pilo|[from]ability: Magic Bounce
|drag|p1a: Dragonite|Dragonite, F|89/100
|-damage|p1a: Dragonite|65/100|[from] Stealth Rock
|
|-heal|p2a: Xatu|68/100|[from] item: Leftovers
|upkeep
|turn|35
|inactive|Fiolifro has 120 seconds left.
|
|t:|1606316733
|switch|p1a: Togekiss|Togekiss, M|100/100
|-damage|p1a: Togekiss|76/100|[from] Stealth Rock
|switch|p2a: Quagsire|Quagsire, M|100/100
|
|-heal|p1a: Togekiss|82/100|[from] item: Leftovers
|upkeep
|turn|36
|
|t:|1606316739
|switch|p2a: Bronzong|Bronzong|100/100
|move|p1a: Togekiss|Defog|p2a: Bronzong
|-unboost|p2a: Bronzong|evasion|1
|-sideend|p1: Fiolifro|Stealth Rock|[from] move: Defog|[of] p1a: Togekiss
|
|-heal|p1a: Togekiss|88/100|[from] item: Leftovers
|upkeep
|turn|37
|
|t:|1606316744
|move|p1a: Togekiss|Thunder Wave|p2a: Bronzong
|-status|p2a: Bronzong|par
|move|p2a: Bronzong|Stealth Rock|p1a: Togekiss
|-sidestart|p1: Fiolifro|move: Stealth Rock
|
|-heal|p1a: Togekiss|94/100|[from] item: Leftovers
|upkeep
|turn|38
|
|t:|1606316751
|move|p1a: Togekiss|Defog|p2a: Bronzong
|-unboost|p2a: Bronzong|evasion|1
|-sideend|p1: Fiolifro|Stealth Rock|[from] move: Defog|[of] p1a: Togekiss
|move|p2a: Bronzong|Light Screen|p2a: Bronzong
|-sidestart|p2: Tirkys|move: Light Screen
|
|-heal|p1a: Togekiss|99/100|[from] item: Leftovers
|upkeep
|turn|39
|
|t:|1606316756
|move|p1a: Togekiss|Air Slash|p2a: Bronzong
|-resisted|p2a: Bronzong
|-damage|p2a: Bronzong|95/100 par
|cant|p2a: Bronzong|flinch
|
|-heal|p1a: Togekiss|100/100|[from] item: Leftovers
|upkeep
|turn|40
|
|t:|1606316765
|switch|p1a: Dragonite|Dragonite, F|65/100
|move|p2a: Bronzong|Stealth Rock|p1a: Dragonite
|-sidestart|p1: Fiolifro|move: Stealth Rock
|
|upkeep
|turn|41
|
|t:|1606316771
|switch|p2a: Quagsire|Quagsire, M|100/100
|move|p1a: Dragonite|Roost|p1a: Dragonite
|-heal|p1a: Dragonite|100/100
|-singleturn|p1a: Dragonite|move: Roost
|
|upkeep
|turn|42
|
|t:|1606316781
|switch|p1a: Pilo|Swampert, F|93/100
|-damage|p1a: Pilo|87/100|[from] Stealth Rock
|move|p2a: Quagsire|Stockpile|p2a: Quagsire
|-start|p2a: Quagsire|stockpile1
|-boost|p2a: Quagsire|def|1
|-boost|p2a: Quagsire|spd|1
|
|-heal|p1a: Pilo|93/100|[from] item: Leftovers
|-sideend|p2: Tirkys|move: Light Screen
|upkeep
|turn|43
|
|t:|1606316785
|switch|p2a: Xatu|Xatu, M|68/100
|move|p1a: Pilo|Roar|p2a: Xatu
|move|p2a: Xatu|Roar|p1a: Pilo|[from]ability: Magic Bounce
|drag|p1a: Dragonite|Dragonite, F|100/100
|-damage|p1a: Dragonite|76/100|[from] Stealth Rock
|
|-heal|p2a: Xatu|74/100|[from] item: Leftovers
|upkeep
|turn|44
|
|t:|1606316790
|switch|p2a: Quagsire|Quagsire, M|100/100
|move|p1a: Dragonite|Roost|p1a: Dragonite
|-heal|p1a: Dragonite|100/100
|-singleturn|p1a: Dragonite|move: Roost
|
|upkeep
|turn|45
|
|t:|1606316794
|switch|p1a: Pilo|Swampert, F|93/100
|-damage|p1a: Pilo|87/100|[from] Stealth Rock
|switch|p2a: Mienshao|Mienshao, M|100/100
|
|-heal|p1a: Pilo|93/100|[from] item: Leftovers
|upkeep
|turn|46
|
|t:|1606316798
|move|p2a: Mienshao|Fake Out|p1a: Pilo
|-damage|p1a: Pilo|81/100
|cant|p1a: Pilo|flinch
|
|-heal|p1a: Pilo|88/100|[from] item: Leftovers
|upkeep
|turn|47
|
|t:|1606316801
|move|p2a: Mienshao|Knock Off|p1a: Pilo
|-damage|p1a: Pilo|61/100
|-enditem|p1a: Pilo|Leftovers|[from] move: Knock Off|[of] p2a: Mienshao
|move|p1a: Pilo|Earthquake|p2a: Mienshao
|-damage|p2a: Mienshao|7/100
|
|upkeep
|turn|48
|
|t:|1606316809
|move|p2a: Mienshao|U-turn|p1a: Pilo
|-damage|p1a: Pilo|39/100
|
|t:|1606316812
|switch|p2a: Xatu|Xatu, M|74/100|[from]move: U-turn
|move|p1a: Pilo|Ice Punch|p2a: Xatu
|-supereffective|p2a: Xatu
|-damage|p2a: Xatu|10/100
|
|-heal|p2a: Xatu|16/100|[from] item: Leftovers
|upkeep
|turn|49
|
|t:|1606316820
|move|p2a: Xatu|Roost|p2a: Xatu
|-heal|p2a: Xatu|66/100
|-singleturn|p2a: Xatu|move: Roost
|move|p1a: Pilo|Earthquake|p2a: Xatu
|-damage|p2a: Xatu|0 fnt
|faint|p2a: Xatu
|
|upkeep
|
|t:|1606316824
|switch|p2a: Volcarona|Volcarona, F|90/100
|turn|50
|
|t:|1606316826
|switch|p1a: Chansey|Chansey, F|75/100
|-damage|p1a: Chansey|63/100|[from] Stealth Rock
|move|p2a: Volcarona|Quiver Dance|p2a: Volcarona
|-boost|p2a: Volcarona|spa|1
|-boost|p2a: Volcarona|spd|1
|-boost|p2a: Volcarona|spe|1
|
|upkeep
|turn|51
|
|t:|1606316831
|switch|p2a: Bronzong|Bronzong|95/100 par
|move|p1a: Chansey|Toxic||[still]
|-fail|p1a: Chansey
|
|upkeep
|turn|52
|
|t:|1606316836
|move|p1a: Chansey|Soft-Boiled|p1a: Chansey
|-heal|p1a: Chansey|100/100
|move|p2a: Bronzong|Trick|p1a: Chansey
|-activate|p2a: Bronzong|move: Trick|[of] p1a: Chansey
|-item|p1a: Chansey|Toxic Orb|[from] move: Trick
|-item|p2a: Bronzong|Eviolite|[from] move: Trick
|
|-status|p1a: Chansey|tox|[from] item: Toxic Orb
|upkeep
|turn|53
|
|t:|1606316847
|switch|p1a: gordita2|Goodra, F|88/100
|-damage|p1a: gordita2|76/100|[from] Stealth Rock
|switch|p2a: Mienshao|Mienshao, M|40/100
|
|upkeep
|turn|54
|
|t:|1606316855
|switch|p1a: Togekiss|Togekiss, M|100/100
|-damage|p1a: Togekiss|76/100|[from] Stealth Rock
|move|p2a: Mienshao|Fake Out|p1a: Togekiss
|-damage|p1a: Togekiss|61/100
|
|-heal|p1a: Togekiss|67/100|[from] item: Leftovers
|upkeep
|turn|55
|
|t:|1606316861
|move|p2a: Mienshao|Knock Off|p1a: Togekiss
|-resisted|p1a: Togekiss
|-damage|p1a: Togekiss|48/100
|-enditem|p1a: Togekiss|Leftovers|[from] move: Knock Off|[of] p2a: Mienshao
|move|p1a: Togekiss|Defog|p2a: Mienshao
|-unboost|p2a: Mienshao|evasion|1
|-sideend|p1: Fiolifro|Stealth Rock|[from] move: Defog|[of] p1a: Togekiss
|
|upkeep
|turn|56
|
|t:|1606316865
|move|p2a: Mienshao|U-turn|p1a: Togekiss
|-resisted|p1a: Togekiss
|-damage|p1a: Togekiss|42/100
|
|t:|1606316867
|switch|p2a: Bronzong|Bronzong|95/100 par|[from]move: U-turn
|move|p1a: Togekiss|Air Slash|p2a: Bronzong
|-resisted|p2a: Bronzong
|-crit|p2a: Bronzong
|-damage|p2a: Bronzong|75/100 par
|
|upkeep
|turn|57
|
|t:|1606316873
|move|p1a: Togekiss|Flamethrower|p2a: Bronzong
|-supereffective|p2a: Bronzong
|-damage|p2a: Bronzong|54/100 par
|cant|p2a: Bronzong|par
|
|upkeep
|turn|58
|
|t:|1606316878
|move|p1a: Togekiss|Flamethrower|p2a: Bronzong
|-supereffective|p2a: Bronzong
|-damage|p2a: Bronzong|35/100 par
|move|p2a: Bronzong|Rest|p2a: Bronzong
|-status|p2a: Bronzong|slp|[from] move: Rest
|-heal|p2a: Bronzong|100/100 slp|[silent]
|
|upkeep
|turn|59
|
|t:|1606316888
|switch|p1a: Pilo|Swampert, F|39/100
|switch|p2a: Volcarona|Volcarona, F|90/100
|
|upkeep
|turn|60
|
|t:|1606316893
|switch|p1a: Chansey|Chansey, F|100/100
|move|p2a: Volcarona|Quiver Dance|p2a: Volcarona
|-boost|p2a: Volcarona|spa|1
|-boost|p2a: Volcarona|spd|1
|-boost|p2a: Volcarona|spe|1
|
|-status|p1a: Chansey|tox|[from] item: Toxic Orb
|upkeep
|turn|61
|
|t:|1606316899
|switch|p2a: Bronzong|Bronzong|100/100 slp
|move|p1a: Chansey|Seismic Toss|p2a: Bronzong
|-damage|p2a: Bronzong|71/100 slp
|
|-damage|p1a: Chansey|94/100 tox|[from] psn
|upkeep
|turn|62
|
|t:|1606316912
|switch|p2a: Mienshao|Mienshao, M|74/100
|move|p1a: Chansey|Seismic Toss|p2a: Mienshao
|-damage|p2a: Mienshao|37/100
|
|-damage|p1a: Chansey|82/100 tox|[from] psn
|upkeep
|turn|63
|
|t:|1606316917
|-curestatus|p1a: Chansey|tox|[from] ability: Natural Cure
|switch|p1a: Pilo|Swampert, F|39/100
|move|p2a: Mienshao|Fake Out|p1a: Pilo
|-damage|p1a: Pilo|27/100
|
|upkeep
|turn|64
|
|t:|1606316922
|move|p2a: Mienshao|U-turn|p1a: Pilo
|-damage|p1a: Pilo|5/100
|
|t:|1606316925
|switch|p2a: Volcarona|Volcarona, F|90/100|[from]move: U-turn
|move|p1a: Pilo|Earthquake|p2a: Volcarona
|-damage|p2a: Volcarona|46/100
|
|upkeep
|turn|65
|
|t:|1606316935
|switch|p1a: Chansey|Chansey, F|82/100
|move|p2a: Volcarona|Bug Buzz|p1a: Chansey
|-damage|p1a: Chansey|69/100
|
|-status|p1a: Chansey|tox|[from] item: Toxic Orb
|upkeep
|turn|66
|
|t:|1606316937
|move|p2a: Volcarona|Roost|p2a: Volcarona
|-heal|p2a: Volcarona|96/100
|-singleturn|p2a: Volcarona|move: Roost
|move|p1a: Chansey|Toxic|p2a: Volcarona
|-status|p2a: Volcarona|tox
|
|-damage|p2a: Volcarona|90/100 tox|[from] psn
|-damage|p1a: Chansey|63/100 tox|[from] psn
|upkeep
|turn|67
|
|t:|1606316942
|switch|p2a: Mienshao|Mienshao, M|70/100
|move|p1a: Chansey|Aromatherapy|p1a: Chansey
|-activate|p1a: Chansey|move: Aromatherapy
|-curestatus|p1a: Chansey|tox|[msg]
|
|-status|p1a: Chansey|tox|[from] item: Toxic Orb
|upkeep
|turn|68
|
|t:|1606316956
|-curestatus|p1a: Chansey|tox|[from] ability: Natural Cure
|switch|p1a: Buzzwole|Buzzwole|100/100
|move|p2a: Mienshao|Power-Up Punch|p1a: Buzzwole
|-resisted|p1a: Buzzwole
|-damage|p1a: Buzzwole|94/100
|-boost|p2a: Mienshao|atk|1
|
|-heal|p1a: Buzzwole|100/100|[from] item: Leftovers
|upkeep
|turn|69
|
|t:|1606316962
|move|p2a: Mienshao|U-turn|p1a: Buzzwole
|-resisted|p1a: Buzzwole
|-damage|p1a: Buzzwole|89/100
|
|t:|1606316964
|switch|p2a: Quagsire|Quagsire, M|100/100|[from]move: U-turn
|move|p1a: Buzzwole|Leech Life|p2a: Quagsire
|-damage|p2a: Quagsire|64/100
|-heal|p1a: Buzzwole|100/100|[from] drain|[of] p2a: Quagsire
|
|-heal|p2a: Quagsire|70/100|[from] item: Leftovers
|upkeep
|turn|70
|
|t:|1606316973
|move|p1a: Buzzwole|Leech Life|p2a: Quagsire
|-crit|p2a: Quagsire
|-damage|p2a: Quagsire|24/100
|move|p2a: Quagsire|Scald|p1a: Buzzwole
|-damage|p1a: Buzzwole|74/100
|
|-heal|p1a: Buzzwole|80/100|[from] item: Leftovers
|-heal|p2a: Quagsire|30/100|[from] item: Leftovers
|upkeep
|turn|71
|
|t:|1606316980
|move|p1a: Buzzwole|Leech Life|p2a: Quagsire
|-damage|p2a: Quagsire|0 fnt
|-heal|p1a: Buzzwole|95/100|[from] drain|[of] p2a: Quagsire
|faint|p2a: Quagsire
|-ability|p1a: Buzzwole|Beast Boost|boost
|-boost|p1a: Buzzwole|atk|1
|
|-heal|p1a: Buzzwole|100/100|[from] item: Leftovers
|upkeep
|
|t:|1606316983
|switch|p2a: Volcarona|Volcarona, F|90/100 tox
|turn|72
|
|t:|1606316989
|switch|p1a: Chansey|Chansey, F|63/100
|move|p2a: Volcarona|Fiery Dance|p1a: Chansey
|-crit|p1a: Chansey
|-damage|p1a: Chansey|43/100
|-boost|p2a: Volcarona|spa|1
|
|-damage|p2a: Volcarona|84/100 tox|[from] psn
|-status|p1a: Chansey|tox|[from] item: Toxic Orb
|upkeep
|turn|73
|
|t:|1606316999
|move|p2a: Volcarona|Quiver Dance|p2a: Volcarona
|-boost|p2a: Volcarona|spa|1
|-boost|p2a: Volcarona|spd|1
|-boost|p2a: Volcarona|spe|1
|move|p1a: Chansey|Soft-Boiled|p1a: Chansey
|-heal|p1a: Chansey|93/100 tox
|
|-damage|p2a: Volcarona|72/100 tox|[from] psn
|-damage|p1a: Chansey|87/100 tox|[from] psn
|upkeep
|turn|74
|
|t:|1606317006
|move|p2a: Volcarona|Bug Buzz|p1a: Chansey
|-damage|p1a: Chansey|62/100 tox
|move|p1a: Chansey|Seismic Toss|p2a: Volcarona
|-damage|p2a: Volcarona|45/100 tox
|-damage|p1a: Chansey|45/100 tox|[from] item: Rocky Helmet|[of] p2a: Volcarona
|
|-damage|p2a: Volcarona|26/100 tox|[from] psn
|-damage|p1a: Chansey|32/100 tox|[from] psn
|upkeep
|turn|75
|
|t:|1606317010
|-curestatus|p1a: Chansey|tox|[from] ability: Natural Cure
|switch|p1a: gordita2|Goodra, F|76/100
|move|p2a: Volcarona|Roost|p2a: Volcarona
|-heal|p2a: Volcarona|76/100 tox
|-singleturn|p2a: Volcarona|move: Roost
|
|-damage|p2a: Volcarona|52/100 tox|[from] psn
|upkeep
|turn|76
|
|t:|1606317019
|switch|p2a: Bronzong|Bronzong|71/100 slp
|move|p1a: gordita2|Draco Meteor|p2a: Bronzong
|-resisted|p2a: Bronzong
|-crit|p2a: Bronzong
|-damage|p2a: Bronzong|37/100 slp
|-unboost|p1a: gordita2|spa|2
|
|upkeep
|turn|77
|
|t:|1606317029
|switch|p1a: Pilo|Swampert, F|5/100
|switch|p2a: Mienshao|Mienshao, M|100/100
|
|upkeep
|turn|78
|
|t:|1606317034
|move|p2a: Mienshao|Power-Up Punch|p1a: Pilo
|-damage|p1a: Pilo|0 fnt
|-boost|p2a: Mienshao|atk|1
|faint|p1a: Pilo
|
|upkeep
|
|t:|1606317036
|switch|p1a: Buzzwole|Buzzwole|100/100
|turn|79
|
|t:|1606317040
|move|p2a: Mienshao|Knock Off|p1a: Buzzwole
|-resisted|p1a: Buzzwole
|-damage|p1a: Buzzwole|85/100
|-enditem|p1a: Buzzwole|Leftovers|[from] move: Knock Off|[of] p2a: Mienshao
|move|p1a: Buzzwole|Earthquake|p2a: Mienshao
|-damage|p2a: Mienshao|24/100
|
|upkeep
|turn|80
|
|t:|1606317042
|move|p2a: Mienshao|U-turn|p1a: Buzzwole
|-resisted|p1a: Buzzwole
|-damage|p1a: Buzzwole|75/100
|
|t:|1606317046
|switch|p2a: Mantyke|Mantyke, M|64/100|[from]move: U-turn
|move|p1a: Buzzwole|Earthquake|p2a: Mantyke
|-immune|p2a: Mantyke
|
|upkeep
|turn|81
|
|t:|1606317061
|switch|p1a: gordita2|Goodra, F|76/100
|switch|p2a: Volcarona|Volcarona, F|52/100 tox
|
|-damage|p2a: Volcarona|46/100 tox|[from] psn
|upkeep
|turn|82
|
|t:|1606317065
|move|p2a: Volcarona|Roost|p2a: Volcarona
|-heal|p2a: Volcarona|96/100 tox
|-singleturn|p2a: Volcarona|move: Roost
|move|p1a: gordita2|Draco Meteor|p2a: Volcarona
|-damage|p2a: Volcarona|41/100 tox
|-unboost|p1a: gordita2|spa|2
|
|-damage|p2a: Volcarona|29/100 tox|[from] psn
|upkeep
|turn|83
|
|t:|1606317069
|switch|p2a: Mienshao|Mienshao, M|57/100
|move|p1a: gordita2|Draco Meteor|p2a: Mienshao
|-damage|p2a: Mienshao|12/100
|-unboost|p1a: gordita2|spa|2
|
|upkeep
|turn|84
|
|t:|1606317073
|switch|p1a: Buzzwole|Buzzwole|75/100
|move|p2a: Mienshao|U-turn|p1a: Buzzwole
|-resisted|p1a: Buzzwole
|-damage|p1a: Buzzwole|68/100
|
|t:|1606317076
|switch|p2a: Volcarona|Volcarona, F|29/100 tox|[from]move: U-turn
|
|-damage|p2a: Volcarona|23/100 tox|[from] psn
|upkeep
|turn|85
|
|t:|1606317082
|switch|p1a: gordita2|Goodra, F|76/100
|move|p2a: Volcarona|Roost|p2a: Volcarona
|-heal|p2a: Volcarona|73/100 tox
|-singleturn|p2a: Volcarona|move: Roost
|
|-damage|p2a: Volcarona|60/100 tox|[from] psn
|upkeep
|turn|86
|
|t:|1606317087
|move|p2a: Volcarona|Roost|p2a: Volcarona
|-heal|p2a: Volcarona|100/100 tox
|-singleturn|p2a: Volcarona|move: Roost
|move|p1a: gordita2|Draco Meteor|p2a: Volcarona
|-damage|p2a: Volcarona|40/100 tox
|-unboost|p1a: gordita2|spa|2
|
|-damage|p2a: Volcarona|22/100 tox|[from] psn
|upkeep
|turn|87
|
|t:|1606317091
|move|p2a: Volcarona|Roost|p2a: Volcarona
|-heal|p2a: Volcarona|72/100 tox
|-singleturn|p2a: Volcarona|move: Roost
|move|p1a: gordita2|Draco Meteor|p2a: Volcarona
|-damage|p2a: Volcarona|41/100 tox
|-unboost|p1a: gordita2|spa|2
|
|-damage|p2a: Volcarona|17/100 tox|[from] psn
|upkeep
|turn|88
|
|t:|1606317114
|switch|p2a: Mienshao|Mienshao, M|45/100
|move|p1a: gordita2|Draco Meteor|p2a: Mienshao
|-damage|p2a: Mienshao|18/100
|-unboost|p1a: gordita2|spa|2
|
|upkeep
|turn|89
|
|t:|1606317118
|switch|p1a: Togekiss|Togekiss, M|42/100
|move|p2a: Mienshao|Fake Out|p1a: Togekiss
|-damage|p1a: Togekiss|27/100
|
|upkeep
|turn|90
|
|t:|1606317124
|move|p2a: Mienshao|U-turn|p1a: Togekiss
|-resisted|p1a: Togekiss
|-damage|p1a: Togekiss|20/100
|
|t:|1606317126
|switch|p2a: Bronzong|Bronzong|37/100 slp|[from]move: U-turn
|move|p1a: Togekiss|Thunder Wave||[still]
|-fail|p1a: Togekiss
|
|upkeep
|turn|91
|
|t:|1606317128
|move|p1a: Togekiss|Flamethrower|p2a: Bronzong
|-supereffective|p2a: Bronzong
|-damage|p2a: Bronzong|15/100 slp
|cant|p2a: Bronzong|slp
|
|upkeep
|turn|92
|
|t:|1606317135
|switch|p2a: Mantyke|Mantyke, M|64/100
|move|p1a: Togekiss|Flamethrower|p2a: Mantyke
|-resisted|p2a: Mantyke
|-damage|p2a: Mantyke|57/100
|-status|p2a: Mantyke|brn
|
|-damage|p2a: Mantyke|51/100 brn|[from] brn
|upkeep
|turn|93
|
|t:|1606317141
|move|p1a: Togekiss|Air Slash|p2a: Mantyke
|-damage|p2a: Mantyke|32/100 brn
|move|p2a: Mantyke|Toxic|p1a: Togekiss
|-status|p1a: Togekiss|tox
|
|-damage|p1a: Togekiss|14/100 tox|[from] psn
|-damage|p2a: Mantyke|26/100 brn|[from] brn
|upkeep
|turn|94
|
|t:|1606317144
|move|p1a: Togekiss|Air Slash|p2a: Mantyke
|-damage|p2a: Mantyke|8/100 brn
|cant|p2a: Mantyke|flinch
|
|-damage|p1a: Togekiss|2/100 tox|[from] psn
|-damage|p2a: Mantyke|2/100 brn|[from] brn
|upkeep
|turn|95
|
|t:|1606317148
|move|p1a: Togekiss|Air Slash|p2a: Mantyke
|-damage|p2a: Mantyke|0 fnt
|faint|p2a: Mantyke
|
|-damage|p1a: Togekiss|0 fnt|[from] psn
|faint|p1a: Togekiss
|upkeep
|
|t:|1606317164
|switch|p1a: gordita2|Goodra, F|76/100
|switch|p2a: Mienshao|Mienshao, M|51/100
|turn|96
|
|t:|1606317166
|switch|p1a: Buzzwole|Buzzwole|68/100
|move|p2a: Mienshao|Fake Out|p1a: Buzzwole
|-damage|p1a: Buzzwole|59/100
|
|upkeep
|turn|97
|
|t:|1606317172
|move|p2a: Mienshao|U-turn|p1a: Buzzwole
|-resisted|p1a: Buzzwole
|-crit|p1a: Buzzwole
|-damage|p1a: Buzzwole|49/100
|
|t:|1606317174
|switch|p2a: Bronzong|Bronzong|15/100 slp|[from]move: U-turn
|move|p1a: Buzzwole|Earthquake|p2a: Bronzong
|-supereffective|p2a: Bronzong
|-damage|p2a: Bronzong|0 fnt
|faint|p2a: Bronzong
|-ability|p1a: Buzzwole|Beast Boost|boost
|-boost|p1a: Buzzwole|atk|1
|
|upkeep
|
|t:|1606317176
|switch|p2a: Volcarona|Volcarona, F|17/100 tox
|turn|98
|
|t:|1606317179
|switch|p1a: gordita2|Goodra, F|76/100
|move|p2a: Volcarona|Roost|p2a: Volcarona
|-heal|p2a: Volcarona|67/100 tox
|-singleturn|p2a: Volcarona|move: Roost
|
|-damage|p2a: Volcarona|60/100 tox|[from] psn
|upkeep
|turn|99
|
|t:|1606317184
|move|p2a: Volcarona|Roost|p2a: Volcarona
|-heal|p2a: Volcarona|100/100 tox
|-singleturn|p2a: Volcarona|move: Roost
|move|p1a: gordita2|Draco Meteor|p2a: Volcarona
|-damage|p2a: Volcarona|45/100 tox
|-unboost|p1a: gordita2|spa|2
|
|-damage|p2a: Volcarona|33/100 tox|[from] psn
|upkeep
|turn|100
|
|t:|1606317188
|switch|p1a: Chansey|Chansey, F|32/100
|move|p2a: Volcarona|Roost|p2a: Volcarona
|-heal|p2a: Volcarona|83/100 tox
|-singleturn|p2a: Volcarona|move: Roost
|
|-damage|p2a: Volcarona|64/100 tox|[from] psn
|-status|p1a: Chansey|tox|[from] item: Toxic Orb
|upkeep
|turn|101
|
|t:|1606317198
|switch|p2a: Mienshao|Mienshao, M|85/100
|move|p1a: Chansey|Seismic Toss|p2a: Mienshao
|-damage|p2a: Mienshao|48/100
|
|-damage|p1a: Chansey|26/100 tox|[from] psn
|upkeep
|turn|102
|
|t:|1606317204
|move|p2a: Mienshao|Power-Up Punch|p1a: Chansey
|-supereffective|p1a: Chansey
|-damage|p1a: Chansey|0 fnt
|-boost|p2a: Mienshao|atk|1
|faint|p1a: Chansey
|
|upkeep
|
|t:|1606317207
|switch|p1a: Buzzwole|Buzzwole|49/100
|turn|103
|
|t:|1606317211
|move|p2a: Mienshao|U-turn|p1a: Buzzwole
|-resisted|p1a: Buzzwole
|-damage|p1a: Buzzwole|38/100
|
|t:|1606317213
|switch|p2a: Volcarona|Volcarona, F|64/100 tox|[from]move: U-turn
|move|p1a: Buzzwole|Earthquake|p2a: Volcarona
|-damage|p2a: Volcarona|32/100 tox
|
|-damage|p2a: Volcarona|25/100 tox|[from] psn
|upkeep
|turn|104
|
|t:|1606317219
|switch|p1a: gordita2|Goodra, F|76/100
|move|p2a: Volcarona|Roost|p2a: Volcarona
|-heal|p2a: Volcarona|75/100 tox
|-singleturn|p2a: Volcarona|move: Roost
|
|-damage|p2a: Volcarona|63/100 tox|[from] psn
|upkeep
|turn|105
|
|t:|1606317223
|move|p2a: Volcarona|Quiver Dance|p2a: Volcarona
|-boost|p2a: Volcarona|spa|1
|-boost|p2a: Volcarona|spd|1
|-boost|p2a: Volcarona|spe|1
|move|p1a: gordita2|Draco Meteor|p2a: Volcarona
|-damage|p2a: Volcarona|27/100 tox
|-unboost|p1a: gordita2|spa|2
|
|-damage|p2a: Volcarona|8/100 tox|[from] psn
|upkeep
|turn|106
|
|t:|1606317228
|move|p2a: Volcarona|Roost|p2a: Volcarona
|-heal|p2a: Volcarona|58/100 tox
|-singleturn|p2a: Volcarona|move: Roost
|move|p1a: gordita2|Thunderbolt|p2a: Volcarona
|-damage|p2a: Volcarona|48/100 tox
|
|-damage|p2a: Volcarona|24/100 tox|[from] psn
|upkeep
|turn|107
|
|t:|1606317232
|move|p2a: Volcarona|Roost|p2a: Volcarona
|-heal|p2a: Volcarona|74/100 tox
|-singleturn|p2a: Volcarona|move: Roost
|move|p1a: gordita2|Thunderbolt|p2a: Volcarona
|-damage|p2a: Volcarona|65/100 tox
|
|-damage|p2a: Volcarona|35/100 tox|[from] psn
|upkeep
|turn|108
|
|t:|1606317238
|switch|p2a: Mienshao|Mienshao, M|81/100
|move|p1a: gordita2|Thunderbolt|p2a: Mienshao
|-damage|p2a: Mienshao|61/100
|
|upkeep
|turn|109
|
|t:|1606317244
|move|p2a: Mienshao|Knock Off|p1a: gordita2
|-damage|p1a: gordita2|34/100
|-enditem|p1a: gordita2|Assault Vest|[from] move: Knock Off|[of] p2a: Mienshao
|move|p1a: gordita2|Thunderbolt|p2a: Mienshao
|-damage|p2a: Mienshao|41/100
|-status|p2a: Mienshao|par
|
|upkeep
|turn|110
|
|t:|1606317248
|move|p1a: gordita2|Thunderbolt|p2a: Mienshao
|-damage|p2a: Mienshao|21/100 par
|move|p2a: Mienshao|U-turn|p1a: gordita2
|-damage|p1a: gordita2|7/100
|
|t:|1606317250
|switch|p2a: Volcarona|Volcarona, F|35/100 tox|[from]move: U-turn
|
|-damage|p2a: Volcarona|29/100 tox|[from] psn
|upkeep
|turn|111
|
|t:|1606317252
|move|p2a: Volcarona|Roost|p2a: Volcarona
|-heal|p2a: Volcarona|79/100 tox
|-singleturn|p2a: Volcarona|move: Roost
|move|p1a: gordita2|Thunderbolt|p2a: Volcarona
|-damage|p2a: Volcarona|65/100 tox
|
|-damage|p2a: Volcarona|53/100 tox|[from] psn
|upkeep
|turn|112
|
|t:|1606317255
|move|p2a: Volcarona|Roost|p2a: Volcarona
|-heal|p2a: Volcarona|100/100 tox
|-singleturn|p2a: Volcarona|move: Roost
|move|p1a: gordita2|Thunderbolt|p2a: Volcarona
|-damage|p2a: Volcarona|87/100 tox
|
|-damage|p2a: Volcarona|69/100 tox|[from] psn
|upkeep
|turn|113
|
|t:|1606317258
|move|p2a: Volcarona|Fiery Dance|p1a: gordita2
|-resisted|p1a: gordita2
|-damage|p1a: gordita2|0 fnt
|-boost|p2a: Volcarona|spa|1
|faint|p1a: gordita2
|
|-damage|p2a: Volcarona|44/100 tox|[from] psn
|upkeep
|
|t:|1606317260
|switch|p1a: Buzzwole|Buzzwole|38/100
|turn|114
|
|t:|1606317263
|move|p2a: Volcarona|Fiery Dance|p1a: Buzzwole
|-supereffective|p1a: Buzzwole
|-damage|p1a: Buzzwole|0 fnt
|-boost|p2a: Volcarona|spa|1
|faint|p1a: Buzzwole
|
|-damage|p2a: Volcarona|13/100 tox|[from] psn
|upkeep
|
|t:|1606317265
|switch|p1a: Dragonite|Dragonite, F|100/100
|turn|115
|
|t:|1606317268
|move|p1a: Dragonite|Dragon Dance|p1a: Dragonite
|-boost|p1a: Dragonite|atk|1
|-boost|p1a: Dragonite|spe|1
|move|p2a: Volcarona|Fiery Dance|p1a: Dragonite
|-resisted|p1a: Dragonite
|-damage|p1a: Dragonite|81/100
|-boost|p2a: Volcarona|spa|1
|
|-damage|p2a: Volcarona|0 fnt|[from] psn
|faint|p2a: Volcarona
|upkeep
|
|t:|1606317270
|switch|p2a: Mienshao|Mienshao, M|54/100 par
|turn|116
|
|t:|1606317274
|move|p2a: Mienshao|Fake Out|p1a: Dragonite
|-damage|p1a: Dragonite|65/100
|cant|p1a: Dragonite|flinch
|
|upkeep
|turn|117
|
|t:|1606317278
|move|p1a: Dragonite|Dual Wingbeat|p2a: Mienshao|[miss]
|-miss|p1a: Dragonite|p2a: Mienshao
|cant|p2a: Mienshao|par
|
|upkeep
|turn|118
|
|t:|1606317281
|move|p1a: Dragonite|Dual Wingbeat|p2a: Mienshao|[miss]
|-miss|p1a: Dragonite|p2a: Mienshao
|move|p2a: Mienshao|Knock Off|p1a: Dragonite
|-damage|p1a: Dragonite|29/100
|-enditem|p1a: Dragonite|Weakness Policy|[from] move: Knock Off|[of] p2a: Mienshao
|
|upkeep
|turn|119
|
|t:|1606317293
|move|p1a: Dragonite|Dual Wingbeat|p2a: Mienshao
|-supereffective|p2a: Mienshao
|-damage|p2a: Mienshao|0 fnt
|-hitcount|p2a: Mienshao|1
|faint|p2a: Mienshao
|
|win|Fiolifro
|l|☆Tirkys
||Ladder (probably) updated, but score could not be retrieved (Request timeout).
