|j|☆Fusien
|j|☆Commando 55
|t:|1602237386
|player|p1|Fusien|roxie|1856
|player|p2|Commando 55|iris-gen5bw2|1704
|teamsize|p1|6
|teamsize|p2|6
|gametype|singles
|gen|8
|tier|[Gen 8] OU
|rated|
|clearpoke
|poke|p1|Urshifu-*, M|
|poke|p1|Rillaboom, M|
|poke|p1|Magnezone|
|poke|p1|Chansey, F|
|poke|p1|Weezing-Galar, M|
|poke|p1|Hydreigon, F|
|poke|p2|Mew|
|poke|p2|Clefable, M|
|poke|p2|Kyurem|
|poke|p2|Urshifu-*, M|
|poke|p2|Mandibuzz, F|
|poke|p2|Blissey, F|
|rule|Sleep Clause Mod: Limit one foe put to sleep
|rule|Species Clause: Limit one of each Pokémon
|rule|OHKO Clause: OHKO moves are banned
|rule|Evasion Moves Clause: Evasion moves are banned
|rule|Endless Battle Clause: Forcing endless battles is banned
|rule|HP Percentage Mod: HP is shown in percentages
|rule|Dynamax Clause: You cannot dynamax
|teampreview
|inactive|Battle timer is ON: inactive players will automatically lose when time's up. (requested by Commando 55)
|j| tungulus
|inactive|Fusien has 120 seconds left.
|inactive|Fusien has 90 seconds left.
|c|☆Fusien|Glhf
|
|t:|1602237476
|start
|switch|p1a: Detective Gumshoe|Magnezone|100/100
|switch|p2a: Mew|Mew, shiny|100/100
|turn|1
|c|☆Commando 55|U2
|j| pichol
|
|t:|1602237495
|switch|p2a: Blissey|Blissey, F|100/100
|move|p1a: Detective Gumshoe|Discharge|p2a: Blissey
|-damage|p2a: Blissey|68/100
|-status|p2a: Blissey|par
|
|upkeep
|turn|2
|
|t:|1602237508
|switch|p1a: Miles Edgeworth|Urshifu, M|100/100
|cant|p2a: Blissey|par
|
|upkeep
|turn|3
|c|☆Fusien|Mb
|
|t:|1602237514
|switch|p2a: Clefable|Clefable, M|100/100
|move|p1a: Miles Edgeworth|U-turn|p2a: Clefable
|-resisted|p2a: Clefable
|-damage|p2a: Clefable|85/100
|
|t:|1602237517
|switch|p1a: Detective Gumshoe|Magnezone|100/100|[from]move: U-turn
|
|-heal|p2a: Clefable|91/100|[from] item: Leftovers
|upkeep
|turn|4
|j| Cross2k
|
|t:|1602237521
|move|p2a: Clefable|Protect|p2a: Clefable
|-singleturn|p2a: Clefable|Protect
|move|p1a: Detective Gumshoe|Volt Switch|p2a: Clefable
|-activate|p2a: Clefable|move: Protect
|
|-heal|p2a: Clefable|97/100|[from] item: Leftovers
|upkeep
|turn|5
|inactive|Fusien has 120 seconds left.
|
|t:|1602237563
|move|p1a: Detective Gumshoe|Volt Switch|p2a: Clefable
|-crit|p2a: Clefable
|-damage|p2a: Clefable|14/100
|
|t:|1602237566
|switch|p1a: Mia Fey|Chansey, F|100/100|[from]move: Volt Switch
|move|p2a: Clefable|Wish|p2a: Clefable
|
|-heal|p2a: Clefable|20/100|[from] item: Leftovers
|upkeep
|turn|6
|
|t:|1602237570
|move|p2a: Clefable|Protect|p2a: Clefable
|-singleturn|p2a: Clefable|Protect
|move|p1a: Mia Fey|Stealth Rock|p2a: Clefable
|-sidestart|p2: Commando 55|move: Stealth Rock
|
|-heal|p2a: Clefable|70/100|[from] move: Wish|[wisher] Clefable
|-heal|p2a: Clefable|76/100|[from] item: Leftovers
|upkeep
|turn|7
|
|t:|1602237572
|move|p2a: Clefable|Wish|p2a: Clefable
|move|p1a: Mia Fey|Teleport|p1a: Mia Fey
|j| Brandon2321
|
|t:|1602237574
|switch|p1a: Detective Gumshoe|Magnezone|100/100|[from]move: Teleport
|
|-heal|p2a: Clefable|82/100|[from] item: Leftovers
|upkeep
|turn|8
|
|t:|1602237583
|move|p2a: Clefable|Protect|p2a: Clefable
|-singleturn|p2a: Clefable|Protect
|move|p1a: Detective Gumshoe|Volt Switch|p2a: Clefable
|-activate|p2a: Clefable|move: Protect
|
|-heal|p2a: Clefable|100/100|[from] move: Wish|[wisher] Clefable
|upkeep
|turn|9
|
|t:|1602237587
|move|p1a: Detective Gumshoe|Volt Switch|p2a: Clefable
|-damage|p2a: Clefable|43/100
|
|t:|1602237590
|switch|p1a: Mia Fey|Chansey, F|100/100|[from]move: Volt Switch
|move|p2a: Clefable|Wish|p2a: Clefable
|
|-heal|p2a: Clefable|49/100|[from] item: Leftovers
|upkeep
|turn|10
|
|t:|1602237594
|move|p2a: Clefable|Moonblast|p1a: Mia Fey
|-damage|p1a: Mia Fey|91/100
|move|p1a: Mia Fey|Teleport|p1a: Mia Fey
|
|t:|1602237595
|switch|p1a: Detective Gumshoe|Magnezone|100/100|[from]move: Teleport
|
|-heal|p2a: Clefable|99/100|[from] move: Wish|[wisher] Clefable
|-heal|p2a: Clefable|100/100|[from] item: Leftovers
|upkeep
|turn|11
|
|t:|1602237598
|move|p2a: Clefable|Protect|p2a: Clefable
|-singleturn|p2a: Clefable|Protect
|move|p1a: Detective Gumshoe|Volt Switch|p2a: Clefable
|-activate|p2a: Clefable|move: Protect
|
|upkeep
|turn|12
|
|t:|1602237610
|move|p1a: Detective Gumshoe|Volt Switch|p2a: Clefable
|-damage|p2a: Clefable|45/100
|
|t:|1602237614
|switch|p1a: Miles Edgeworth|Urshifu, M|100/100|[from]move: Volt Switch
|move|p2a: Clefable|Wish|p2a: Clefable
|
|-heal|p2a: Clefable|52/100|[from] item: Leftovers
|upkeep
|turn|13
|
|t:|1602237629
|switch|p2a: Kyurem|Kyurem|100/100
|-damage|p2a: Kyurem|76/100|[from] Stealth Rock
|-ability|p2a: Kyurem|Pressure
|move|p1a: Miles Edgeworth|U-turn|p2a: Kyurem
|-damage|p2a: Kyurem|39/100
|
|t:|1602237632
|switch|p1a: Maya Fey|Hydreigon, F|100/100|[from]move: U-turn
|
|-heal|p2a: Kyurem|89/100|[from] move: Wish|[wisher] Clefable
|upkeep
|turn|14
|
|t:|1602237639
|switch|p2a: Blissey|Blissey, F|68/100
|move|p1a: Maya Fey|U-turn|p2a: Blissey
|-damage|p2a: Blissey|54/100
|
|t:|1602237642
|switch|p1a: Miles Edgeworth|Urshifu, M|100/100|[from]move: U-turn
|
|upkeep
|turn|15
|
|t:|1602237648
|switch|p2a: Mandibuzz|Mandibuzz, F|100/100
|move|p1a: Miles Edgeworth|U-turn|p2a: Mandibuzz
|-damage|p2a: Mandibuzz|76/100
|
|t:|1602237650
|switch|p1a: Detective Gumshoe|Magnezone|100/100|[from]move: U-turn
|
|upkeep
|turn|16
|
|t:|1602237654
|switch|p2a: Blissey|Blissey, F|54/100
|move|p1a: Detective Gumshoe|Volt Switch|p2a: Blissey
|-crit|p2a: Blissey
|-damage|p2a: Blissey|11/100
|
|t:|1602237656
|switch|p1a: Miles Edgeworth|Urshifu, M|100/100|[from]move: Volt Switch
|
|upkeep
|turn|17
|
|t:|1602237664
|move|p1a: Miles Edgeworth|U-turn|p2a: Blissey
|-damage|p2a: Blissey|0 fnt
|faint|p2a: Blissey
|
|t:|1602237666
|switch|p1a: Detective Gumshoe|Magnezone|100/100|[from]move: U-turn
|
|upkeep
|
|t:|1602237671
|switch|p2a: Urshifu|Urshifu-Rapid-Strike, M|100/100
|-damage|p2a: Urshifu|94/100|[from] Stealth Rock
|turn|18
|
|t:|1602237678
|switch|p1a: Phoenix Wright|Weezing-Galar, M|100/100
|-ability|p1a: Phoenix Wright|Neutralizing Gas
|move|p2a: Urshifu|U-turn|p1a: Phoenix Wright
|-resisted|p1a: Phoenix Wright
|-damage|p1a: Phoenix Wright|96/100
|
|t:|1602237681
|switch|p2a: Mew|Mew, shiny|100/100|[from]move: U-turn
|-damage|p2a: Mew|88/100|[from] Stealth Rock
|
|-heal|p1a: Phoenix Wright|100/100|[from] item: Black Sludge
|upkeep
|turn|19
|j| Tu Haxx = Enfer
|
|t:|1602237685
|move|p2a: Mew|Swords Dance|p2a: Mew
|-boost|p2a: Mew|atk|2
|move|p1a: Phoenix Wright|Taunt|p2a: Mew
|-start|p2a: Mew|move: Taunt
|
|upkeep
|turn|20
|
|t:|1602237689
|switch|p1a: Maya Fey|Hydreigon, F|100/100
|move|p2a: Mew|Psychic Fangs|p1a: Maya Fey
|-immune|p1a: Maya Fey
|
|upkeep
|turn|21
|inactive|Commando 55 has 120 seconds left.
|j| meatybawls
|inactive|Commando 55 has 90 seconds left.
|
|t:|1602237754
|move|p1a: Maya Fey|U-turn|p2a: Mew
|-supereffective|p2a: Mew
|-damage|p2a: Mew|55/100
|
|t:|1602237756
|switch|p1a: Phoenix Wright|Weezing-Galar, M|100/100|[from]move: U-turn
|-ability|p1a: Phoenix Wright|Neutralizing Gas
|move|p2a: Mew|Triple Axel|p1a: Phoenix Wright
|-crit|p1a: Phoenix Wright
|-damage|p1a: Phoenix Wright|86/100
|-damage|p1a: Phoenix Wright|65/100
|-damage|p1a: Phoenix Wright|34/100
|-hitcount|p1a: Phoenix Wright|3
|-damage|p2a: Mew|45/100|[from] item: Life Orb
|
|-heal|p1a: Phoenix Wright|40/100|[from] item: Black Sludge
|upkeep
|turn|22
|
|t:|1602237760
|move|p2a: Mew|Triple Axel|p1a: Phoenix Wright
|-damage|p1a: Phoenix Wright|29/100
|-damage|p1a: Phoenix Wright|8/100
|-damage|p1a: Phoenix Wright|0 fnt
|-hitcount|p1a: Phoenix Wright|3
|-damage|p2a: Mew|35/100|[from] item: Life Orb
|faint|p1a: Phoenix Wright
|
|-end|p2a: Mew|move: Taunt
|upkeep
|
|t:|1602237773
|switch|p1a: Maya Fey|Hydreigon, F|100/100
|turn|23
|
|t:|1602237777
|move|p1a: Maya Fey|U-turn|p2a: Mew
|-supereffective|p2a: Mew
|-damage|p2a: Mew|3/100
|
|t:|1602237781
|switch|p1a: Mia Fey|Chansey, F|91/100|[from]move: U-turn
|move|p2a: Mew|Psychic Fangs|p1a: Mia Fey
|-damage|p1a: Mia Fey|34/100
|-damage|p2a: Mew|0 fnt|[from] item: Life Orb
|faint|p2a: Mew
|
|upkeep
|inactive|Commando 55 has 120 seconds left.
|
|t:|1602237786
|switch|p2a: Urshifu|Urshifu-Rapid-Strike, M|94/100
|-damage|p2a: Urshifu|88/100|[from] Stealth Rock
|turn|24
|
|t:|1602237792
|move|p2a: Urshifu|Close Combat|p1a: Mia Fey
|-supereffective|p1a: Mia Fey
|-damage|p1a: Mia Fey|0 fnt
|-unboost|p2a: Urshifu|def|1
|-unboost|p2a: Urshifu|spd|1
|faint|p1a: Mia Fey
|
|upkeep
|
|t:|1602237797
|switch|p1a: Maya Fey|Hydreigon, F|100/100
|turn|25
|
|t:|1602237807
|switch|p2a: Clefable|Clefable, M|52/100
|move|p1a: Maya Fey|U-turn|p2a: Clefable
|-resisted|p2a: Clefable
|-damage|p2a: Clefable|46/100
|
|t:|1602237810
|switch|p1a: Detective Gumshoe|Magnezone|100/100|[from]move: U-turn
|
|-heal|p2a: Clefable|52/100|[from] item: Leftovers
|upkeep
|turn|26
|
|t:|1602237815
|move|p2a: Clefable|Protect|p2a: Clefable
|-singleturn|p2a: Clefable|Protect
|move|p1a: Detective Gumshoe|Flash Cannon|p2a: Clefable
|-activate|p2a: Clefable|move: Protect
|
|-heal|p2a: Clefable|58/100|[from] item: Leftovers
|upkeep
|turn|27
|
|t:|1602237845
|switch|p1a: Judge|Rillaboom, M|100/100
|-fieldstart|move: Grassy Terrain|[from] ability: Grassy Surge|[of] p1a: Judge
|move|p2a: Clefable|Teleport|p2a: Clefable
|
|t:|1602237851
|switch|p2a: Kyurem|Kyurem|89/100|[from]move: Teleport
|-damage|p2a: Kyurem|64/100|[from] Stealth Rock
|-ability|p2a: Kyurem|Pressure
|
|-heal|p2a: Kyurem|70/100|[from] Grassy Terrain
|upkeep
|turn|28
|
|t:|1602237854
|switch|p1a: Detective Gumshoe|Magnezone|100/100
|move|p2a: Kyurem|Ice Beam|p1a: Detective Gumshoe
|-resisted|p1a: Detective Gumshoe
|-damage|p1a: Detective Gumshoe|45/100
|
|-heal|p2a: Kyurem|76/100|[from] Grassy Terrain
|-heal|p1a: Detective Gumshoe|51/100|[from] Grassy Terrain
|upkeep
|turn|29
|
|t:|1602237859
|move|p2a: Kyurem|Ice Beam|p1a: Detective Gumshoe
|-resisted|p1a: Detective Gumshoe
|-damage|p1a: Detective Gumshoe|4/100
|move|p1a: Detective Gumshoe|Volt Switch|p2a: Kyurem
|-resisted|p2a: Kyurem
|-damage|p2a: Kyurem|37/100
|
|t:|1602237864
|switch|p1a: Maya Fey|Hydreigon, F|100/100|[from]move: Volt Switch
|
|-heal|p2a: Kyurem|43/100|[from] Grassy Terrain
|upkeep
|turn|30
|
|t:|1602237869
|switch|p2a: Clefable|Clefable, M|58/100
|move|p1a: Maya Fey|U-turn|p2a: Clefable
|-resisted|p2a: Clefable
|-damage|p2a: Clefable|53/100
|
|t:|1602237870
|switch|p1a: Detective Gumshoe|Magnezone|4/100|[from]move: U-turn
|
|-heal|p1a: Detective Gumshoe|10/100|[from] Grassy Terrain
|-heal|p2a: Clefable|59/100|[from] item: Leftovers
|-heal|p2a: Clefable|65/100|[from] Grassy Terrain
|upkeep
|turn|31
|
|t:|1602237874
|move|p2a: Clefable|Protect|p2a: Clefable
|-singleturn|p2a: Clefable|Protect
|move|p1a: Detective Gumshoe|Volt Switch|p2a: Clefable
|-activate|p2a: Clefable|move: Protect
|
|-heal|p1a: Detective Gumshoe|16/100|[from] Grassy Terrain
|-heal|p2a: Clefable|71/100|[from] item: Leftovers
|-heal|p2a: Clefable|77/100|[from] Grassy Terrain
|-fieldend|move: Grassy Terrain
|upkeep
|turn|32
|l| Brandon2321
|
|t:|1602237881
|move|p1a: Detective Gumshoe|Volt Switch|p2a: Clefable
|-damage|p2a: Clefable|22/100
|
|t:|1602237883
|switch|p1a: Miles Edgeworth|Urshifu, M|100/100|[from]move: Volt Switch
|move|p2a: Clefable|Moonblast|p1a: Miles Edgeworth
|-supereffective|p1a: Miles Edgeworth
|-damage|p1a: Miles Edgeworth|0 fnt
|faint|p1a: Miles Edgeworth
|
|-heal|p2a: Clefable|28/100|[from] item: Leftovers
|upkeep
|
|t:|1602237886
|switch|p1a: Detective Gumshoe|Magnezone|16/100
|turn|33
|
|t:|1602237890
|move|p1a: Detective Gumshoe|Volt Switch|p2a: Clefable
|-damage|p2a: Clefable|0 fnt
|faint|p2a: Clefable
|
|t:|1602237892
|switch|p1a: Judge|Rillaboom, M|100/100|[from]move: Volt Switch
|-fieldstart|move: Grassy Terrain|[from] ability: Grassy Surge|[of] p1a: Judge
|
|upkeep
|
|t:|1602237896
|switch|p2a: Mandibuzz|Mandibuzz, F|76/100
|turn|34
|
|t:|1602237901
|move|p1a: Judge|Wood Hammer|p2a: Mandibuzz
|-resisted|p2a: Mandibuzz
|-damage|p2a: Mandibuzz|40/100
|-damage|p1a: Judge|86/100|[from] Recoil
|move|p2a: Mandibuzz|Foul Play|p1a: Judge
|-damage|p1a: Judge|32/100
|
|-heal|p1a: Judge|39/100|[from] Grassy Terrain
|upkeep
|turn|35
|
|t:|1602237911
|switch|p1a: Detective Gumshoe|Magnezone|16/100
|move|p2a: Mandibuzz|Foul Play|p1a: Detective Gumshoe
|-damage|p1a: Detective Gumshoe|0 fnt
|faint|p1a: Detective Gumshoe
|
|upkeep
|
|t:|1602237917
|switch|p1a: Maya Fey|Hydreigon, F|100/100
|turn|36
|
|t:|1602237933
|move|p1a: Maya Fey|U-turn|p2a: Mandibuzz
|-damage|p2a: Mandibuzz|32/100
|
|t:|1602237935
|switch|p1a: Judge|Rillaboom, M|39/100|[from]move: U-turn
|move|p2a: Mandibuzz|U-turn|p1a: Judge
|-supereffective|p1a: Judge
|-damage|p1a: Judge|12/100
|
|t:|1602237941
|switch|p2a: Kyurem|Kyurem|43/100|[from]move: U-turn
|-damage|p2a: Kyurem|18/100|[from] Stealth Rock
|-ability|p2a: Kyurem|Pressure
|
|-heal|p2a: Kyurem|24/100|[from] Grassy Terrain
|-heal|p1a: Judge|18/100|[from] Grassy Terrain
|upkeep
|turn|37
|
|t:|1602237947
|move|p1a: Judge|Grassy Glide|p2a: Kyurem
|-resisted|p2a: Kyurem
|-damage|p2a: Kyurem|0 fnt
|faint|p2a: Kyurem
|
|-heal|p1a: Judge|25/100|[from] Grassy Terrain
|-fieldend|move: Grassy Terrain
|upkeep
|
|t:|1602237950
|switch|p2a: Mandibuzz|Mandibuzz, F|32/100
|turn|38
|
|t:|1602237953
|switch|p1a: Maya Fey|Hydreigon, F|100/100
|move|p2a: Mandibuzz|Roost|p2a: Mandibuzz
|-heal|p2a: Mandibuzz|82/100
|-singleturn|p2a: Mandibuzz|move: Roost
|
|upkeep
|turn|39
|
|t:|1602237959
|move|p1a: Maya Fey|Draco Meteor|p2a: Mandibuzz
|-damage|p2a: Mandibuzz|28/100
|-unboost|p1a: Maya Fey|spa|2
|move|p2a: Mandibuzz|Roost|p2a: Mandibuzz
|-heal|p2a: Mandibuzz|78/100
|-singleturn|p2a: Mandibuzz|move: Roost
|
|upkeep
|turn|40
|
|t:|1602237963
|move|p1a: Maya Fey|Draco Meteor|p2a: Mandibuzz
|-damage|p2a: Mandibuzz|51/100
|-unboost|p1a: Maya Fey|spa|2
|move|p2a: Mandibuzz|Foul Play|p1a: Maya Fey
|-resisted|p1a: Maya Fey
|-damage|p1a: Maya Fey|83/100
|
|upkeep
|turn|41
|
|t:|1602237966
|move|p1a: Maya Fey|Draco Meteor|p2a: Mandibuzz
|-damage|p2a: Mandibuzz|31/100
|-unboost|p1a: Maya Fey|spa|2
|move|p2a: Mandibuzz|Roost|p2a: Mandibuzz
|-heal|p2a: Mandibuzz|82/100
|-singleturn|p2a: Mandibuzz|move: Roost
|
|upkeep
|turn|42
|
|t:|1602237968
|switch|p1a: Judge|Rillaboom, M|25/100
|-fieldstart|move: Grassy Terrain|[from] ability: Grassy Surge|[of] p1a: Judge
|move|p2a: Mandibuzz|Foul Play|p1a: Judge
|-damage|p1a: Judge|0 fnt
|faint|p1a: Judge
|
|upkeep
|
|t:|1602237969
|switch|p1a: Maya Fey|Hydreigon, F|83/100
|turn|43
|c|☆Fusien|Gg
|-message|Fusien forfeited.
|
|win|Commando 55
|l|☆Fusien
|c|☆Commando 55|Gg
|raw|Fusien's rating: 1856 &rarr; <strong>1828</strong><br />(-28 for losing)
|raw|Commando 55's rating: 1704 &rarr; <strong>1733</strong><br />(+29 for winning)
|l| tungulus
