|raw|<div class="broadcast-blue"><strong>This battle is required to be public due to a player having a name starting with 'lt92pf'.</div>
|j|☆Orangesavior
|j|☆LT92PF Dflo
|t:|1660153148
|gametype|singles
|player|p1|Orangesavior|silver|1634
|player|p2|LT92PF Dflo|wally|1763
|teamsize|p1|6
|teamsize|p2|6
|gen|8
|tier|[Gen 8] OU
|rated|
|rule|Sleep Clause Mod: Limit one foe put to sleep
|rule|Species Clause: Limit one of each Pokémon
|rule|OHKO Clause: OHKO moves are banned
|rule|Evasion Items Clause: Evasion items are banned
|rule|Evasion Moves Clause: Evasion moves are banned
|rule|Endless Battle Clause: Forcing endless battles is banned
|rule|HP Percentage Mod: HP is shown in percentages
|rule|Dynamax Clause: You cannot dynamax
|clearpoke
|poke|p1|Pelipper, F|
|poke|p1|Barraskewda, F|
|poke|p1|Ferrothorn, M|
|poke|p1|Seismitoad, M|
|poke|p1|Tapu Koko|
|poke|p1|Tornadus-Therian, M|
|poke|p2|Buzzwole|
|poke|p2|Tapu Koko|
|poke|p2|Dragonite, F|
|poke|p2|Ferrothorn, F|
|poke|p2|Landorus-Therian, M|
|poke|p2|Melmetal|
|teampreview
|inactive|Battle timer is ON: inactive players will automatically lose when time's up. (requested by LT92PF Dflo)
|inactive|Orangesavior also wants the timer to be on.
|inactive|LT92PF Dflo has 120 seconds left.
|j| sss_marionslot
|
|t:|1660153196
|start
|switch|p1a: Speed Overdose|Tapu Koko|100/100
|switch|p2a: Ferrothorn|Ferrothorn, F|100/100
|-fieldstart|move: Electric Terrain|[from] ability: Electric Surge|[of] p1a: Speed Overdose
|turn|1
|
|t:|1660153200
|move|p1a: Speed Overdose|Volt Switch|p2a: Ferrothorn
|-resisted|p2a: Ferrothorn
|-damage|p2a: Ferrothorn|75/100
|
|t:|1660153203
|switch|p1a: Lando Black sheep|Tornadus-Therian, M|100/100|[from]move: Volt Switch
|move|p2a: Ferrothorn|Stealth Rock|p1a: Lando Black sheep
|-sidestart|p1: Orangesavior|move: Stealth Rock
|
|upkeep
|turn|2
|
|t:|1660153209
|switch|p2a: Tapu Koko|Tapu Koko|100/100
|move|p1a: Lando Black sheep|Defog|p2a: Tapu Koko
|-unboost|p2a: Tapu Koko|evasion|1
|-sideend|p1: Orangesavior|Stealth Rock|[from] move: Defog|[of] p1a: Lando Black sheep
|-fieldend|move: Electric Terrain
|
|upkeep
|turn|3
|
|t:|1660153217
|switch|p1a: Hates rain|Ferrothorn, M|100/100
|move|p2a: Tapu Koko|Volt Switch|p1a: Hates rain
|-resisted|p1a: Hates rain
|-damage|p1a: Hates rain|81/100
|
|t:|1660153225
|switch|p2a: Buzzwole|Buzzwole|100/100|[from]move: Volt Switch
|
|-heal|p1a: Hates rain|87/100|[from] item: Leftovers
|upkeep
|turn|4
|
|t:|1660153230
|switch|p1a: Lando Black sheep|Tornadus-Therian, M|100/100
|move|p2a: Buzzwole|Close Combat|p1a: Lando Black sheep
|-resisted|p1a: Lando Black sheep
|-damage|p1a: Lando Black sheep|44/100
|-unboost|p2a: Buzzwole|def|1
|-unboost|p2a: Buzzwole|spd|1
|
|upkeep
|turn|5
|
|t:|1660153237
|switch|p2a: Landorus|Landorus-Therian, M|100/100
|-ability|p2a: Landorus|Intimidate|boost
|-unboost|p1a: Lando Black sheep|atk|1
|move|p1a: Lando Black sheep|U-turn|p2a: Landorus
|-resisted|p2a: Landorus
|-damage|p2a: Landorus|96/100
|
|t:|1660153240
|switch|p1a: One fish two fish|Barraskewda, F|100/100|[from]move: U-turn
|
|-heal|p2a: Landorus|100/100|[from] item: Leftovers
|upkeep
|turn|6
|
|t:|1660153250
|switch|p2a: Ferrothorn|Ferrothorn, F|75/100
|move|p1a: One fish two fish|Liquidation|p2a: Ferrothorn
|-resisted|p2a: Ferrothorn
|-damage|p2a: Ferrothorn|54/100
|-damage|p1a: One fish two fish|88/100|[from] ability: Iron Barbs|[of] p2a: Ferrothorn
|-damage|p1a: One fish two fish|72/100|[from] item: Rocky Helmet|[of] p2a: Ferrothorn
|
|upkeep
|turn|7
|
|t:|1660153255
|switch|p1a: Lando Black sheep|Tornadus-Therian, M|77/100
|move|p2a: Ferrothorn|Stealth Rock|p1a: Lando Black sheep
|-sidestart|p1: Orangesavior|move: Stealth Rock
|
|upkeep
|turn|8
|
|t:|1660153258
|move|p1a: Lando Black sheep|Knock Off|p2a: Ferrothorn
|-damage|p2a: Ferrothorn|41/100
|-damage|p1a: Lando Black sheep|65/100|[from] ability: Iron Barbs|[of] p2a: Ferrothorn
|-damage|p1a: Lando Black sheep|48/100|[from] item: Rocky Helmet|[of] p2a: Ferrothorn
|-enditem|p2a: Ferrothorn|Rocky Helmet|[from] move: Knock Off|[of] p1a: Lando Black sheep
|move|p2a: Ferrothorn|Knock Off|p1a: Lando Black sheep
|-damage|p1a: Lando Black sheep|26/100
|-enditem|p1a: Lando Black sheep|Heavy-Duty Boots|[from] move: Knock Off|[of] p2a: Ferrothorn
|
|upkeep
|turn|9
|
|t:|1660153261
|move|p1a: Lando Black sheep|Defog|p2a: Ferrothorn
|-unboost|p2a: Ferrothorn|evasion|1
|-sideend|p1: Orangesavior|Stealth Rock|[from] move: Defog|[of] p1a: Lando Black sheep
|move|p2a: Ferrothorn|Power Whip|p1a: Lando Black sheep
|-resisted|p1a: Lando Black sheep
|-damage|p1a: Lando Black sheep|6/100
|
|upkeep
|turn|10
|
|t:|1660153264
|move|p1a: Lando Black sheep|Hurricane|p2a: Ferrothorn
|-damage|p2a: Ferrothorn|8/100
|move|p2a: Ferrothorn|Knock Off|p1a: Lando Black sheep
|-damage|p1a: Lando Black sheep|0 fnt
|faint|p1a: Lando Black sheep
|
|upkeep
|
|t:|1660153273
|switch|p1a: Big Gulp sponsor|Pelipper, F|100/100
|-weather|RainDance|[from] ability: Drizzle|[of] p1a: Big Gulp sponsor
|turn|11
|
|t:|1660153280
|move|p1a: Big Gulp sponsor|Scald|p2a: Ferrothorn
|-resisted|p2a: Ferrothorn
|-damage|p2a: Ferrothorn|0 fnt
|faint|p2a: Ferrothorn
|
|-weather|RainDance|[upkeep]
|upkeep
|
|t:|1660153290
|switch|p2a: Tapu Koko|Tapu Koko|100/100
|-fieldstart|move: Electric Terrain|[from] ability: Electric Surge|[of] p2a: Tapu Koko
|turn|12
|
|t:|1660153292
|switch|p1a: Agent ¥|Seismitoad, M, shiny|100/100
|move|p2a: Tapu Koko|Dazzling Gleam|p1a: Agent ¥
|-damage|p1a: Agent ¥|34/100
|
|-weather|RainDance|[upkeep]
|upkeep
|turn|13
|
|t:|1660153302
|switch|p2a: Landorus|Landorus-Therian, M|100/100
|-ability|p2a: Landorus|Intimidate|boost
|-unboost|p1a: Agent ¥|atk|1
|move|p1a: Agent ¥|Weather Ball|p2a: Landorus
|-supereffective|p2a: Landorus
|-damage|p2a: Landorus|0 fnt
|faint|p2a: Landorus
|-damage|p1a: Agent ¥|24/100|[from] item: Life Orb
|
|-weather|RainDance|[upkeep]
|upkeep
|
|t:|1660153304
|switch|p2a: Dragonite|Dragonite, F|100/100
|turn|14
|
|t:|1660153311
|switch|p1a: Hates rain|Ferrothorn, M|87/100
|move|p2a: Dragonite|Earthquake|p1a: Hates rain
|-damage|p1a: Hates rain|67/100
|
|-weather|RainDance|[upkeep]
|-heal|p1a: Hates rain|73/100|[from] item: Leftovers
|upkeep
|turn|15
|
|t:|1660153323
|move|p2a: Dragonite|Dual Wingbeat|p1a: Hates rain
|-damage|p1a: Hates rain|60/100
|-damage|p2a: Dragonite|88/100|[from] ability: Iron Barbs|[of] p1a: Hates rain
|-damage|p1a: Hates rain|47/100
|-damage|p2a: Dragonite|76/100|[from] ability: Iron Barbs|[of] p1a: Hates rain
|-hitcount|p1a: Hates rain|2
|move|p1a: Hates rain|Leech Seed|p2a: Dragonite
|-start|p2a: Dragonite|move: Leech Seed
|
|-weather|RainDance|[upkeep]
|-heal|p1a: Hates rain|53/100|[from] item: Leftovers
|-damage|p2a: Dragonite|63/100|[from] Leech Seed|[of] p1a: Hates rain
|-heal|p1a: Hates rain|64/100|[silent]
|upkeep
|turn|16
|
|t:|1660153331
|switch|p2a: Buzzwole|Buzzwole|100/100
|move|p1a: Hates rain|Gyro Ball|p2a: Buzzwole
|-damage|p2a: Buzzwole|68/100
|
|-weather|RainDance|[upkeep]
|-heal|p1a: Hates rain|70/100|[from] item: Leftovers
|-fieldend|move: Electric Terrain
|upkeep
|turn|17
|
|t:|1660153338
|switch|p1a: Speed Overdose|Tapu Koko|100/100
|-fieldstart|move: Electric Terrain|[from] ability: Electric Surge|[of] p1a: Speed Overdose
|move|p2a: Buzzwole|Close Combat|p1a: Speed Overdose
|-resisted|p1a: Speed Overdose
|-damage|p1a: Speed Overdose|33/100
|-unboost|p2a: Buzzwole|def|1
|-unboost|p2a: Buzzwole|spd|1
|
|-weather|RainDance|[upkeep]
|upkeep
|turn|18
|
|t:|1660153343
|switch|p2a: Tapu Koko|Tapu Koko|100/100
|move|p1a: Speed Overdose|Thunder|p2a: Tapu Koko
|-resisted|p2a: Tapu Koko
|-damage|p2a: Tapu Koko|35/100
|
|-weather|none
|upkeep
|turn|19
|
|t:|1660153351
|switch|p1a: Big Gulp sponsor|Pelipper, F|100/100
|-weather|RainDance|[from] ability: Drizzle|[of] p1a: Big Gulp sponsor
|move|p2a: Tapu Koko|Dazzling Gleam|p1a: Big Gulp sponsor
|-damage|p1a: Big Gulp sponsor|34/100
|
|-weather|RainDance|[upkeep]
|upkeep
|turn|20
|
|t:|1660153358
|move|p2a: Tapu Koko|Dazzling Gleam|p1a: Big Gulp sponsor
|-crit|p1a: Big Gulp sponsor
|-damage|p1a: Big Gulp sponsor|0 fnt
|faint|p1a: Big Gulp sponsor
|
|-weather|RainDance|[upkeep]
|upkeep
|
|t:|1660153361
|switch|p1a: One fish two fish|Barraskewda, F|72/100
|turn|21
|
|t:|1660153369
|move|p1a: One fish two fish|Flip Turn|p2a: Tapu Koko
|-damage|p2a: Tapu Koko|0 fnt
|faint|p2a: Tapu Koko
|
|t:|1660153372
|switch|p1a: Speed Overdose|Tapu Koko|33/100|[from]move: Flip Turn
|
|-weather|RainDance|[upkeep]
|-fieldend|move: Electric Terrain
|upkeep
|
|t:|1660153378
|switch|p2a: Melmetal|Melmetal|100/100
|turn|22
|
|t:|1660153386
|switch|p2a: Buzzwole|Buzzwole|68/100
|move|p1a: Speed Overdose|Volt Switch|p2a: Buzzwole
|-damage|p2a: Buzzwole|0 fnt
|faint|p2a: Buzzwole
|
|t:|1660153392
|switch|p1a: One fish two fish|Barraskewda, F|72/100|[from]move: Volt Switch
|
|-weather|RainDance|[upkeep]
|upkeep
|
|t:|1660153399
|switch|p2a: Dragonite|Dragonite, F|63/100
|turn|23
|
|t:|1660153402
|move|p1a: One fish two fish|Flip Turn|p2a: Dragonite
|-resisted|p2a: Dragonite
|-damage|p2a: Dragonite|21/100
|
|t:|1660153406
|switch|p1a: Hates rain|Ferrothorn, M|70/100|[from]move: Flip Turn
|move|p2a: Dragonite|Roost|p2a: Dragonite
|-heal|p2a: Dragonite|71/100
|-singleturn|p2a: Dragonite|move: Roost
|
|-weather|RainDance|[upkeep]
|-heal|p1a: Hates rain|77/100|[from] item: Leftovers
|upkeep
|turn|24
|
|t:|1660153410
|move|p2a: Dragonite|Roost|p2a: Dragonite
|-heal|p2a: Dragonite|100/100
|-singleturn|p2a: Dragonite|move: Roost
|move|p1a: Hates rain|Leech Seed|p2a: Dragonite
|-start|p2a: Dragonite|move: Leech Seed
|
|-weather|RainDance|[upkeep]
|-heal|p1a: Hates rain|83/100|[from] item: Leftovers
|-damage|p2a: Dragonite|88/100|[from] Leech Seed|[of] p1a: Hates rain
|-heal|p1a: Hates rain|94/100|[silent]
|upkeep
|turn|25
|
|t:|1660153413
|switch|p2a: Melmetal|Melmetal|100/100
|move|p1a: Hates rain|Knock Off|p2a: Melmetal
|-damage|p2a: Melmetal|87/100
|-enditem|p2a: Melmetal|Protective Pads|[from] move: Knock Off|[of] p1a: Hates rain
|
|-weather|RainDance|[upkeep]
|-heal|p1a: Hates rain|100/100|[from] item: Leftovers
|upkeep
|turn|26
|
|t:|1660153418
|move|p2a: Melmetal|Double Iron Bash|p1a: Hates rain
|-resisted|p1a: Hates rain
|-damage|p1a: Hates rain|88/100
|-damage|p2a: Melmetal|75/100|[from] ability: Iron Barbs|[of] p1a: Hates rain
|-resisted|p1a: Hates rain
|-damage|p1a: Hates rain|74/100
|-damage|p2a: Melmetal|63/100|[from] ability: Iron Barbs|[of] p1a: Hates rain
|-hitcount|p1a: Hates rain|2
|move|p1a: Hates rain|Spikes|p2a: Melmetal
|-sidestart|p2: LT92PF Dflo|Spikes
|
|-weather|none
|-heal|p1a: Hates rain|80/100|[from] item: Leftovers
|upkeep
|turn|27
|
|t:|1660153428
|move|p2a: Melmetal|Double Iron Bash|p1a: Hates rain
|-resisted|p1a: Hates rain
|-damage|p1a: Hates rain|66/100
|-damage|p2a: Melmetal|50/100|[from] ability: Iron Barbs|[of] p1a: Hates rain
|-resisted|p1a: Hates rain
|-crit|p1a: Hates rain
|-damage|p1a: Hates rain|47/100
|-damage|p2a: Melmetal|38/100|[from] ability: Iron Barbs|[of] p1a: Hates rain
|-hitcount|p1a: Hates rain|2
|move|p1a: Hates rain|Knock Off|p2a: Melmetal
|-damage|p2a: Melmetal|30/100
|
|-heal|p1a: Hates rain|53/100|[from] item: Leftovers
|upkeep
|turn|28
|
|t:|1660153448
|move|p2a: Melmetal|Superpower|p1a: Hates rain
|-supereffective|p1a: Hates rain
|-damage|p1a: Hates rain|0 fnt
|-unboost|p2a: Melmetal|atk|1
|-unboost|p2a: Melmetal|def|1
|-damage|p2a: Melmetal|18/100|[from] ability: Iron Barbs|[of] p1a: Hates rain
|faint|p1a: Hates rain
|
|upkeep
|
|t:|1660153453
|switch|p1a: One fish two fish|Barraskewda, F|72/100
|turn|29
|
|t:|1660153456
|move|p1a: One fish two fish|Flip Turn|p2a: Melmetal
|-damage|p2a: Melmetal|0 fnt
|faint|p2a: Melmetal
|
|t:|1660153460
|switch|p1a: Speed Overdose|Tapu Koko|33/100|[from]move: Flip Turn
|-fieldstart|move: Electric Terrain|[from] ability: Electric Surge|[of] p1a: Speed Overdose
|
|upkeep
|
|t:|1660153461
|switch|p2a: Dragonite|Dragonite, F|88/100
|turn|30
|
|t:|1660153464
|move|p1a: Speed Overdose|Dazzling Gleam|p2a: Dragonite
|-supereffective|p2a: Dragonite
|-damage|p2a: Dragonite|0 fnt
|faint|p2a: Dragonite
|
|win|Orangesavior
|raw|Orangesavior's rating: 1634 &rarr; <strong>1662</strong><br />(+28 for winning)
|raw|LT92PF Dflo's rating: 1787 &rarr; <strong>1759</strong><br />(-28 for losing)
|l|☆LT92PF Dflo
|l|☆Orangesavior
|j|☆Orangesavior
|player|p1|Orangesavior|silver
||Ladder isn't responding, score probably updated but might not have (Request timeout).
