|j|☆8balljacketguy
|j|☆Almighty Sa'
|t:|1655064471
|gametype|singles
|player|p1|8balljacketguy|red|1520
|player|p2|Almighty Sa'|tabitha-gen3|1636
|teamsize|p1|6
|teamsize|p2|6
|gen|8
|tier|[Gen 8] OU
|rated|
|rule|Sleep Clause Mod: Limit one foe put to sleep
|rule|Species Clause: Limit one of each Pokémon
|rule|OHKO Clause: OHKO moves are banned
|rule|Evasion Moves Clause: Evasion moves are banned
|rule|Endless Battle Clause: Forcing endless battles is banned
|rule|HP Percentage Mod: HP is shown in percentages
|rule|Dynamax Clause: You cannot dynamax
|clearpoke
|poke|p1|Ninetales-Alola, F|
|poke|p1|Kommo-o, M|
|poke|p1|Polteageist|
|poke|p1|Slowbro-Galar, M|
|poke|p1|Zapdos-Galar|
|poke|p1|Shuckle, M|
|poke|p2|Ferrothorn, M|
|poke|p2|Blacephalon|
|poke|p2|Slowbro, F|
|poke|p2|Haxorus, M|
|poke|p2|Landorus-Therian, M|
|poke|p2|Tyranitar, M|
|teampreview
|inactive|Battle timer is ON: inactive players will automatically lose when time's up. (requested by 8balljacketguy)
|j| yb is BETTER
|inactive|Almighty Sa' has 120 seconds left.
|
|t:|1655064510
|start
|switch|p1a: Shuckle|Shuckle, M|100/100
|switch|p2a: Bombaclart|Blacephalon, shiny|100/100
|turn|1
|inactive|Almighty Sa' has 120 seconds left.
|
|t:|1655064547
|move|p2a: Bombaclart|Trick|p1a: Shuckle
|-activate|p2a: Bombaclart|move: Trick|[of] p1a: Shuckle
|-item|p1a: Shuckle|Choice Scarf|[from] move: Trick
|-item|p2a: Bombaclart|Chesto Berry|[from] move: Trick
|move|p1a: Shuckle|Sticky Web|p2a: Bombaclart
|-sidestart|p2: Almighty Sa'|move: Sticky Web
|
|upkeep
|turn|2
|inactive|Almighty Sa' has 120 seconds left.
|
|t:|1655064553
|switch|p1a: Ninetales|Ninetales-Alola, F|100/100
|-weather|Hail|[from] ability: Snow Warning|[of] p1a: Ninetales
|move|p2a: Bombaclart|Shadow Ball|p1a: Ninetales
|-damage|p1a: Ninetales|52/100
|-unboost|p1a: Ninetales|spd|1
|
|-weather|Hail|[upkeep]
|-damage|p2a: Bombaclart|94/100|[from] Hail
|upkeep
|turn|3
|
|t:|1655064556
|move|p1a: Ninetales|Aurora Veil|p1a: Ninetales
|-sidestart|p1: 8balljacketguy|move: Aurora Veil
|move|p2a: Bombaclart|Shadow Ball|p1a: Ninetales
|-damage|p1a: Ninetales|20/100
|-unboost|p1a: Ninetales|spd|1
|
|-weather|Hail|[upkeep]
|-damage|p2a: Bombaclart|88/100|[from] Hail
|upkeep
|turn|4
|
|t:|1655064561
|move|p1a: Ninetales|Safeguard|p1a: Ninetales
|-sidestart|p1: 8balljacketguy|Safeguard
|move|p2a: Bombaclart|Shadow Ball|p1a: Ninetales
|-damage|p1a: Ninetales|0 fnt
|faint|p1a: Ninetales
|-ability|p2a: Bombaclart|Beast Boost|boost
|-boost|p2a: Bombaclart|spa|1
|
|-weather|Hail|[upkeep]
|-damage|p2a: Bombaclart|82/100|[from] Hail
|upkeep
|
|t:|1655064563
|switch|p1a: Kommo-o|Kommo-o, M|100/100
|turn|5
|
|t:|1655064568
|move|p2a: Bombaclart|Shadow Ball|p1a: Kommo-o
|-immune|p1a: Kommo-o|[from] ability: Bulletproof
|move|p1a: Kommo-o|Belly Drum|p1a: Kommo-o
|-damage|p1a: Kommo-o|50/100
|-setboost|p1a: Kommo-o|atk|6|[from] move: Belly Drum
|-enditem|p1a: Kommo-o|Sitrus Berry|[eat]
|-heal|p1a: Kommo-o|75/100|[from] item: Sitrus Berry
|
|-weather|Hail|[upkeep]
|-damage|p2a: Bombaclart|76/100|[from] Hail
|-damage|p1a: Kommo-o|69/100|[from] Hail
|upkeep
|turn|6
|j| CoronaVarus EUW
|
|t:|1655064573
|switch|p2a: Objection|Landorus-Therian, M|100/100
|-ability|p2a: Objection|Intimidate|boost
|-unboost|p1a: Kommo-o|atk|1
|move|p1a: Kommo-o|Scale Shot|p2a: Objection
|-damage|p2a: Objection|59/100
|-damage|p2a: Objection|23/100
|-damage|p2a: Objection|0 fnt
|faint|p2a: Objection
|-hitcount|p2: Objection|3
|-unboost|p1a: Kommo-o|def|1
|-boost|p1a: Kommo-o|spe|1
|
|-weather|none
|upkeep
|
|t:|1655064585
|switch|p2a: Voluptuous|Slowbro, F|100/100
|-activate|p2a: Voluptuous|move: Sticky Web
|-unboost|p2a: Voluptuous|spe|1
|turn|7
|
|t:|1655064587
|move|p1a: Kommo-o|Scale Shot|p2a: Voluptuous|[miss]
|-miss|p1a: Kommo-o|p2a: Voluptuous
|move|p2a: Voluptuous|Future Sight|p1a: Kommo-o
|-start|p2a: Voluptuous|move: Future Sight
|
|upkeep
|turn|8
|
|t:|1655064593
|move|p1a: Kommo-o|Scale Shot|p2a: Voluptuous
|-crit|p2a: Voluptuous
|-damage|p2a: Voluptuous|62/100
|-damage|p2a: Voluptuous|36/100
|-damage|p2a: Voluptuous|13/100
|-hitcount|p2a: Voluptuous|3
|-unboost|p1a: Kommo-o|def|1
|-boost|p1a: Kommo-o|spe|1
|move|p2a: Voluptuous|Teleport|p2a: Voluptuous
|
|t:|1655064597
|switch|p2a: Search Bloc|Tyranitar, M|100/100|[from]move: Teleport
|-activate|p2a: Search Bloc|move: Sticky Web
|-unboost|p2a: Search Bloc|spe|1
|-weather|Sandstorm|[from] ability: Sand Stream|[of] p2a: Search Bloc
|
|-weather|Sandstorm|[upkeep]
|-damage|p1a: Kommo-o|63/100|[from] Sandstorm
|-sideend|p1: 8balljacketguy|Safeguard
|upkeep
|turn|9
|
|t:|1655064602
|switch|p2a: Bombaclart|Blacephalon, shiny|76/100
|-activate|p2a: Bombaclart|move: Sticky Web
|-unboost|p2a: Bombaclart|spe|1
|move|p1a: Kommo-o|Drain Punch|p2a: Bombaclart
|-immune|p2a: Bombaclart
|
|-weather|Sandstorm|[upkeep]
|-damage|p1a: Kommo-o|57/100|[from] Sandstorm
|-damage|p2a: Bombaclart|70/100|[from] Sandstorm
|-end|p1a: Kommo-o|move: Future Sight
|-supereffective|p1a: Kommo-o
|-damage|p1a: Kommo-o|10/100
|upkeep
|turn|10
|
|t:|1655064608
|switch|p2a: Wallstreet|Ferrothorn, M|100/100
|-activate|p2a: Wallstreet|move: Sticky Web
|-unboost|p2a: Wallstreet|spe|1
|move|p1a: Kommo-o|Scale Shot|p2a: Wallstreet
|-resisted|p2a: Wallstreet
|-damage|p2a: Wallstreet|85/100
|-resisted|p2a: Wallstreet
|-damage|p2a: Wallstreet|72/100
|-resisted|p2a: Wallstreet
|-damage|p2a: Wallstreet|58/100
|-resisted|p2a: Wallstreet
|-damage|p2a: Wallstreet|42/100
|-resisted|p2a: Wallstreet
|-damage|p2a: Wallstreet|27/100
|-hitcount|p2a: Wallstreet|5
|-unboost|p1a: Kommo-o|def|1
|-boost|p1a: Kommo-o|spe|1
|
|-weather|Sandstorm|[upkeep]
|-damage|p1a: Kommo-o|4/100|[from] Sandstorm
|-heal|p2a: Wallstreet|34/100|[from] item: Leftovers
|-sideend|p1: 8balljacketguy|move: Aurora Veil
|upkeep
|turn|11
|
|t:|1655064611
|switch|p2a: Bombaclart|Blacephalon, shiny|70/100
|-activate|p2a: Bombaclart|move: Sticky Web
|-unboost|p2a: Bombaclart|spe|1
|move|p1a: Kommo-o|Drain Punch|p2a: Bombaclart
|-immune|p2a: Bombaclart
|
|-weather|Sandstorm|[upkeep]
|-damage|p1a: Kommo-o|0 fnt|[from] Sandstorm
|-damage|p2a: Bombaclart|64/100|[from] Sandstorm
|faint|p1a: Kommo-o
|upkeep
|
|t:|1655064616
|switch|p1a: Zapdos|Zapdos-Galar|100/100
|turn|12
|
|t:|1655064627
|switch|p2a: Wallstreet|Ferrothorn, M|34/100
|-activate|p2a: Wallstreet|move: Sticky Web
|-unboost|p2a: Wallstreet|spe|1
|move|p1a: Zapdos|Brave Bird|p2a: Wallstreet
|-damage|p2a: Wallstreet|0 fnt
|-damage|p1a: Zapdos|88/100|[from] ability: Iron Barbs|[of] p2a: Wallstreet
|faint|p2a: Wallstreet
|-damage|p1a: Zapdos|76/100|[from] Recoil
|
|-weather|none
|upkeep
|
|t:|1655064633
|switch|p2a: Search Bloc|Tyranitar, M|100/100
|-activate|p2a: Search Bloc|move: Sticky Web
|-unboost|p2a: Search Bloc|spe|1
|-weather|Sandstorm|[from] ability: Sand Stream|[of] p2a: Search Bloc
|turn|13
|
|t:|1655064639
|switch|p1a: Shuckle|Shuckle, M|100/100
|move|p2a: Search Bloc|Stone Edge|p1a: Shuckle
|-supereffective|p1a: Shuckle
|-crit|p1a: Shuckle
|-ability|p1a: Shuckle|Sturdy
|-damage|p1a: Shuckle|1/100
|
|-weather|Sandstorm|[upkeep]
|upkeep
|turn|14
|
|t:|1655064642
|switch|p2a: Black Leg|Haxorus, M|100/100
|-activate|p2a: Black Leg|move: Sticky Web
|-unboost|p2a: Black Leg|spe|1
|-ability|p2a: Black Leg|Mold Breaker
|move|p1a: Shuckle|Stealth Rock|p2a: Black Leg
|-sidestart|p2: Almighty Sa'|move: Stealth Rock
|
|-weather|Sandstorm|[upkeep]
|-damage|p2a: Black Leg|94/100|[from] Sandstorm
|upkeep
|turn|15
|
|t:|1655064646
|switch|p1a: Zapdos|Zapdos-Galar|76/100
|move|p2a: Black Leg|Scale Shot|p1a: Zapdos
|-damage|p1a: Zapdos|53/100
|-damage|p1a: Zapdos|26/100
|-damage|p1a: Zapdos|0 fnt
|faint|p1a: Zapdos
|-hitcount|p1: Zapdos|3
|-unboost|p2a: Black Leg|def|1
|-boost|p2a: Black Leg|spe|1
|
|-weather|Sandstorm|[upkeep]
|-damage|p2a: Black Leg|88/100|[from] Sandstorm
|upkeep
|
|t:|1655064648
|switch|p1a: Polteageist|Polteageist|100/100
|turn|16
|
|t:|1655064654
|move|p2a: Black Leg|Scale Shot|p1a: Polteageist
|-damage|p1a: Polteageist|67/100
|-start|p2a: Black Leg|Disable|Scale Shot|[from] ability: Cursed Body|[of] p1a: Polteageist
|-damage|p1a: Polteageist|33/100
|-damage|p1a: Polteageist|0 fnt
|faint|p1a: Polteageist
|-hitcount|p1: Polteageist|3
|-unboost|p2a: Black Leg|def|1
|-boost|p2a: Black Leg|spe|1
|
|-weather|Sandstorm|[upkeep]
|-damage|p2a: Black Leg|82/100|[from] Sandstorm
|upkeep
|
|t:|1655064657
|switch|p1a: Slowbro|Slowbro-Galar, M|100/100
|turn|17
|
|t:|1655064668
|switch|p2a: Search Bloc|Tyranitar, M|100/100
|-activate|p2a: Search Bloc|move: Sticky Web
|-unboost|p2a: Search Bloc|spe|1
|-damage|p2a: Search Bloc|88/100|[from] Stealth Rock
|move|p1a: Slowbro|Drain Punch|p2a: Search Bloc
|-supereffective|p2a: Search Bloc
|-damage|p2a: Search Bloc|0 fnt
|faint|p2a: Search Bloc
|
|-weather|none
|upkeep
|
|t:|1655064671
|switch|p2a: Bombaclart|Blacephalon, shiny|64/100
|-activate|p2a: Bombaclart|move: Sticky Web
|-unboost|p2a: Bombaclart|spe|1
|-damage|p2a: Bombaclart|39/100|[from] Stealth Rock
|turn|18
|-activate|p1a: Slowbro|item: Quick Claw
|
|t:|1655064676
|move|p1a: Slowbro|Zen Headbutt|p2a: Bombaclart
|-damage|p2a: Bombaclart|0 fnt
|faint|p2a: Bombaclart
|
|upkeep
|
|t:|1655064680
|switch|p2a: Black Leg|Haxorus, M|82/100
|-activate|p2a: Black Leg|move: Sticky Web
|-unboost|p2a: Black Leg|spe|1
|-damage|p2a: Black Leg|70/100|[from] Stealth Rock
|-ability|p2a: Black Leg|Mold Breaker
|turn|19
|-activate|p1a: Slowbro|ability: Quick Draw
|
|t:|1655064685
|move|p2a: Black Leg|First Impression|p1a: Slowbro
|-damage|p1a: Slowbro|53/100
|move|p1a: Slowbro|Zen Headbutt|p2a: Black Leg
|-damage|p2a: Black Leg|18/100
|
|upkeep
|turn|20
|
|t:|1655064690
|switch|p2a: Voluptuous|Slowbro, F|47/100
|-activate|p2a: Voluptuous|move: Sticky Web
|-unboost|p2a: Voluptuous|spe|1
|-damage|p2a: Voluptuous|34/100|[from] Stealth Rock
|move|p1a: Slowbro|Shell Side Arm|p2a: Voluptuous|[anim] Shell Side Arm Special
|-damage|p2a: Voluptuous|6/100
|-hint|Special Shell Side Arm
|
|upkeep
|turn|21
|
|t:|1655064693
|move|p1a: Slowbro|Shell Side Arm|p2a: Voluptuous|[anim] Shell Side Arm Special
|-damage|p2a: Voluptuous|0 fnt
|-hint|Special Shell Side Arm
|faint|p2a: Voluptuous
|
|upkeep
|
|t:|1655064695
|switch|p2a: Black Leg|Haxorus, M|18/100
|-activate|p2a: Black Leg|move: Sticky Web
|-unboost|p2a: Black Leg|spe|1
|-damage|p2a: Black Leg|6/100|[from] Stealth Rock
|-ability|p2a: Black Leg|Mold Breaker
|turn|22
|-activate|p1a: Slowbro|ability: Quick Draw
|
|t:|1655064697
|move|p1a: Slowbro|Zen Headbutt|p2a: Black Leg
|-damage|p2a: Black Leg|0 fnt
|faint|p2a: Black Leg
|
|win|8balljacketguy
|raw|8balljacketguy's rating: 1520 &rarr; <strong>1546</strong><br />(+26 for winning)
|raw|Almighty Sa&apos;'s rating: 1636 &rarr; <strong>1610</strong><br />(-26 for losing)
|l|☆Almighty Sa'
|c|☆8balljacketguy|Fuckiny shit
|c|☆8balljacketguy|Gg
||Ladder isn't responding, score probably updated but might not have (Request timeout).
