|html|<div class="broadcast-blue"><strong>[Gen 8] OU is currently suspecting Melmetal! For information on how to participate check out the <a href="https://www.smogon.com/forums/threads/np-ss-ou-suspect-process-round-12-monster-mash.3709234/">suspect thread</a>.</strong></div>
|j|☆Raimei Hakkei
|j|☆Steez Ibanez
|t:|1665817022
|gametype|singles
|player|p1|Raimei Hakkei|266|1746
|player|p2|Steez Ibanez|acetrainer-gen7|1749
|teamsize|p1|6
|teamsize|p2|6
|gen|8
|tier|[Gen 8] OU
|rated|
|rule|Sleep Clause Mod: Limit one foe put to sleep
|rule|Species Clause: Limit one of each Pokémon
|rule|OHKO Clause: OHKO moves are banned
|rule|Evasion Items Clause: Evasion items are banned
|rule|Evasion Moves Clause: Evasion moves are banned
|rule|Endless Battle Clause: Forcing endless battles is banned
|rule|HP Percentage Mod: HP is shown in percentages
|rule|Dynamax Clause: You cannot dynamax
|clearpoke
|poke|p1|Landorus-Therian, M|
|poke|p1|Urshifu-*, M|
|poke|p1|Dragonite, M|
|poke|p1|Tyrantrum, F|
|poke|p1|Aegislash, M|
|poke|p1|Chansey, F|
|poke|p2|Clefable, M|
|poke|p2|Zapdos-Galar|
|poke|p2|Tapu Koko|
|poke|p2|Melmetal|
|poke|p2|Garchomp, M|
|poke|p2|Ferrothorn, M|
|teampreview
|inactive|Battle timer is ON: inactive players will automatically lose when time's up. (requested by Raimei Hakkei)
|
|t:|1665817039
|start
|switch|p1a: Aegislash|Aegislash, M|100/100
|switch|p2a: Kenny Omega|Zapdos-Galar|100/100
|turn|1
|j| Lord Sodium
|
|t:|1665817061
|switch|p2a: Samehada|Garchomp, M|100/100
|-formechange|p1a: Aegislash|Aegislash-Blade||[from] ability: Stance Change
|move|p1a: Aegislash|Shadow Ball|p2a: Samehada
|-damage|p2a: Samehada|50/100
|-unboost|p2a: Samehada|spd|1
|
|-heal|p2a: Samehada|56/100|[from] item: Leftovers
|upkeep
|turn|2
|
|t:|1665817066
|switch|p1a: Landorus|Landorus-Therian, M|100/100
|-ability|p1a: Landorus|Intimidate|boost
|-unboost|p2a: Samehada|atk|1
|move|p2a: Samehada|Earthquake|p1a: Landorus
|-immune|p1a: Landorus
|
|-heal|p2a: Samehada|62/100|[from] item: Leftovers
|upkeep
|turn|3
|
|t:|1665817075
|move|p2a: Samehada|Stealth Rock|p1a: Landorus
|-sidestart|p1: Raimei Hakkei|move: Stealth Rock
|move|p1a: Landorus|Toxic|p2a: Samehada
|-status|p2a: Samehada|tox
|
|-heal|p2a: Samehada|68/100 tox|[from] item: Leftovers
|-damage|p2a: Samehada|62/100 tox|[from] psn
|upkeep
|turn|4
|
|t:|1665817076
|move|p2a: Samehada|Toxic|p1a: Landorus
|-status|p1a: Landorus|tox
|-enditem|p1a: Landorus|Lum Berry|[eat]
|-curestatus|p1a: Landorus|tox|[msg]
|move|p1a: Landorus|Stealth Rock|p2a: Samehada
|-sidestart|p2: Steez Ibanez|move: Stealth Rock
|
|-heal|p2a: Samehada|68/100 tox|[from] item: Leftovers
|-damage|p2a: Samehada|56/100 tox|[from] psn
|upkeep
|turn|5
|
|t:|1665817079
|switch|p2a: Abomination|Ferrothorn, M|100/100
|-damage|p2a: Abomination|95/100|[from] Stealth Rock
|move|p1a: Landorus|Earth Power|p2a: Abomination
|-damage|p2a: Abomination|68/100
|
|upkeep
|turn|6
|
|t:|1665817083
|switch|p1a: Chansey|Chansey, F|100/100
|-damage|p1a: Chansey|88/100|[from] Stealth Rock
|move|p2a: Abomination|Spikes|p1a: Chansey
|-sidestart|p1: Raimei Hakkei|Spikes
|
|upkeep
|turn|7
|
|t:|1665817085
|move|p2a: Abomination|Knock Off|p1a: Chansey
|-damage|p1a: Chansey|73/100
|-enditem|p1a: Chansey|Eviolite|[from] move: Knock Off|[of] p2a: Abomination
|move|p1a: Chansey|Teleport|p1a: Chansey
|
|t:|1665817087
|switch|p1a: Urshifu|Urshifu-Rapid-Strike, M|100/100|[from]move: Teleport
|-damage|p1a: Urshifu|94/100|[from] Stealth Rock
|-damage|p1a: Urshifu|82/100|[from] Spikes
|
|upkeep
|turn|8
|
|t:|1665817090
|switch|p2a: Samehada|Garchomp, M|56/100 tox
|-damage|p2a: Samehada|50/100 tox|[from] Stealth Rock
|move|p1a: Urshifu|Close Combat|p2a: Samehada
|-damage|p2a: Samehada|0 fnt
|-unboost|p1a: Urshifu|def|1
|-unboost|p1a: Urshifu|spd|1
|-damage|p1a: Urshifu|70/100|[from] ability: Rough Skin|[of] p2a: Samehada
|faint|p2a: Samehada
|
|upkeep
|j| fork gaming
|
|t:|1665817095
|switch|p2a: Majinn|Clefable, M|100/100
|turn|9
|
|t:|1665817099
|switch|p1a: Chansey|Chansey, F|73/100
|-damage|p1a: Chansey|61/100|[from] Stealth Rock
|-damage|p1a: Chansey|48/100|[from] Spikes
|move|p2a: Majinn|Trick|p1a: Chansey
|-activate|p2a: Majinn|move: Trick|[of] p1a: Chansey
|-item|p1a: Chansey|Sticky Barb|[from] move: Trick
|-enditem|p2a: Majinn|Sticky Barb|[silent]|[from] move: Trick
|
|-damage|p1a: Chansey|36/100|[from] item: Sticky Barb
|upkeep
|turn|10
|
|t:|1665817102
|switch|p2a: Kenny Omega|Zapdos-Galar|100/100
|-damage|p2a: Kenny Omega|88/100|[from] Stealth Rock
|move|p1a: Chansey|Soft-Boiled|p1a: Chansey
|-heal|p1a: Chansey|86/100
|
|-damage|p1a: Chansey|73/100|[from] item: Sticky Barb
|upkeep
|turn|11
|
|t:|1665817119
|switch|p1a: Dragonite|Dragonite, M|100/100
|move|p2a: Kenny Omega|Brave Bird|p1a: Dragonite
|-damage|p1a: Dragonite|49/100
|-damage|p2a: Kenny Omega|71/100|[from] Recoil
|
|upkeep
|turn|12
|inactive|Steez Ibanez has 120 seconds left.
|
|t:|1665817150
|move|p2a: Kenny Omega|Brave Bird|p1a: Dragonite
|-damage|p1a: Dragonite|0 fnt
|faint|p1a: Dragonite
|-damage|p2a: Kenny Omega|55/100|[from] Recoil
|
|upkeep
|
|t:|1665817152
|switch|p1a: Aegislash|Aegislash, M|100/100
|-damage|p1a: Aegislash|94/100|[from] Stealth Rock
|-damage|p1a: Aegislash|82/100|[from] Spikes
|turn|13
|
|t:|1665817154
|move|p2a: Kenny Omega|Brave Bird|p1a: Aegislash
|-resisted|p1a: Aegislash
|-damage|p1a: Aegislash|30/100
|-damage|p2a: Kenny Omega|41/100|[from] Recoil
|-formechange|p1a: Aegislash|Aegislash-Blade||[from] ability: Stance Change
|move|p1a: Aegislash|Shadow Ball|p2a: Kenny Omega
|-damage|p2a: Kenny Omega|0 fnt
|faint|p2a: Kenny Omega
|
|upkeep
|
|t:|1665817160
|switch|p2a: Birdman|Tapu Koko|100/100
|-damage|p2a: Birdman|88/100|[from] Stealth Rock
|-fieldstart|move: Electric Terrain|[from] ability: Electric Surge|[of] p2a: Birdman
|turn|14
|j| mux stall heh
|
|t:|1665817163
|-formechange|p1a: Aegislash|Aegislash||[from] ability: Stance Change
|move|p1a: Aegislash|King's Shield|p1a: Aegislash
|-singleturn|p1a: Aegislash|Protect
|move|p2a: Birdman|Dazzling Gleam|p1a: Aegislash
|-activate|p1a: Aegislash|move: Protect
|
|upkeep
|turn|15
|j| wdz999
|inactive|Steez Ibanez has 120 seconds left.
|l| fork gaming
|inactive|Steez Ibanez has 90 seconds left.
|
|t:|1665817237
|switch|p2a: Abomination|Ferrothorn, M|68/100
|-damage|p2a: Abomination|62/100|[from] Stealth Rock
|-formechange|p1a: Aegislash|Aegislash-Blade||[from] ability: Stance Change
|move|p1a: Aegislash|Shadow Ball|p2a: Abomination
|-damage|p2a: Abomination|12/100
|
|upkeep
|turn|16
|
|t:|1665817242
|move|p1a: Aegislash|Shadow Ball|p2a: Abomination
|-damage|p2a: Abomination|0 fnt
|faint|p2a: Abomination
|
|upkeep
|
|t:|1665817244
|switch|p2a: Luke Cage|Melmetal|100/100
|-damage|p2a: Luke Cage|94/100|[from] Stealth Rock
|turn|17
|inactive|Raimei Hakkei has 120 seconds left.
|
|t:|1665817278
|move|p1a: Aegislash|Close Combat|p2a: Luke Cage
|-supereffective|p2a: Luke Cage
|-damage|p2a: Luke Cage|45/100
|-unboost|p1a: Aegislash|def|1
|-unboost|p1a: Aegislash|spd|1
|move|p2a: Luke Cage|Double Iron Bash|p1a: Aegislash
|-resisted|p1a: Aegislash
|-damage|p1a: Aegislash|0 fnt
|faint|p1a: Aegislash
|-hitcount|p1: Aegislash|1
|
|upkeep
|inactive|Raimei Hakkei has 120 seconds left.
|
|t:|1665817284
|switch|p1a: Urshifu|Urshifu-Rapid-Strike, M|70/100
|-damage|p1a: Urshifu|64/100|[from] Stealth Rock
|-damage|p1a: Urshifu|51/100|[from] Spikes
|turn|18
|
|t:|1665817288
|move|p1a: Urshifu|Surging Strikes|p2a: Luke Cage
|-crit|p2a: Luke Cage
|-damage|p2a: Luke Cage|28/100
|-crit|p2a: Luke Cage
|-damage|p2a: Luke Cage|9/100
|-crit|p2a: Luke Cage
|-damage|p2a: Luke Cage|0 fnt
|faint|p2a: Luke Cage
|-hitcount|p2: Luke Cage|3
|
|-fieldend|move: Electric Terrain
|upkeep
|
|t:|1665817290
|switch|p2a: Birdman|Tapu Koko|88/100
|-damage|p2a: Birdman|76/100|[from] Stealth Rock
|-fieldstart|move: Electric Terrain|[from] ability: Electric Surge|[of] p2a: Birdman
|turn|19
|
|t:|1665817312
|move|p2a: Birdman|Dazzling Gleam|p1a: Urshifu
|-supereffective|p1a: Urshifu
|-damage|p1a: Urshifu|0 fnt
|faint|p1a: Urshifu
|
|upkeep
|
|t:|1665817314
|switch|p1a: Chansey|Chansey, F|73/100
|-damage|p1a: Chansey|61/100|[from] Stealth Rock
|-damage|p1a: Chansey|48/100|[from] Spikes
|turn|20
|
|t:|1665817322
|move|p2a: Birdman|Dazzling Gleam|p1a: Chansey
|-damage|p1a: Chansey|23/100
|move|p1a: Chansey|Soft-Boiled|p1a: Chansey
|-heal|p1a: Chansey|73/100
|
|-damage|p1a: Chansey|61/100|[from] item: Sticky Barb
|upkeep
|turn|21
|
|t:|1665817324
|switch|p2a: Majinn|Clefable, M|100/100
|move|p1a: Chansey|Soft-Boiled|p1a: Chansey
|-heal|p1a: Chansey|100/100
|
|-damage|p1a: Chansey|88/100|[from] item: Sticky Barb
|upkeep
|turn|22
|
|t:|1665817327
|move|p2a: Majinn|Moonblast|p1a: Chansey
|-damage|p1a: Chansey|74/100
|-unboost|p1a: Chansey|spa|1
|move|p1a: Chansey|Seismic Toss|p2a: Majinn
|-damage|p2a: Majinn|75/100
|
|-damage|p1a: Chansey|62/100|[from] item: Sticky Barb
|upkeep
|turn|23
|
|t:|1665817331
|move|p2a: Majinn|Moonblast|p1a: Chansey
|-damage|p1a: Chansey|47/100
|move|p1a: Chansey|Soft-Boiled|p1a: Chansey
|-heal|p1a: Chansey|97/100
|
|-fieldend|move: Electric Terrain
|-damage|p1a: Chansey|85/100|[from] item: Sticky Barb
|upkeep
|turn|24
|
|t:|1665817338
|move|p2a: Majinn|Soft-Boiled|p2a: Majinn
|-heal|p2a: Majinn|100/100
|move|p1a: Chansey|Soft-Boiled|p1a: Chansey
|-heal|p1a: Chansey|100/100
|
|-damage|p1a: Chansey|88/100|[from] item: Sticky Barb
|upkeep
|turn|25
|
|t:|1665817346
|move|p2a: Majinn|Moonblast|p1a: Chansey
|-damage|p1a: Chansey|72/100
|move|p1a: Chansey|Seismic Toss|p2a: Majinn
|-damage|p2a: Majinn|75/100
|
|-damage|p1a: Chansey|60/100|[from] item: Sticky Barb
|upkeep
|turn|26
|
|t:|1665817350
|move|p2a: Majinn|Moonblast|p1a: Chansey
|-damage|p1a: Chansey|45/100
|move|p1a: Chansey|Soft-Boiled|p1a: Chansey
|-heal|p1a: Chansey|95/100
|
|-damage|p1a: Chansey|82/100|[from] item: Sticky Barb
|upkeep
|turn|27
|
|t:|1665817354
|move|p2a: Majinn|Thunder Wave|p1a: Chansey
|-status|p1a: Chansey|par
|move|p1a: Chansey|Soft-Boiled|p1a: Chansey
|-heal|p1a: Chansey|100/100 par
|
|-damage|p1a: Chansey|88/100 par|[from] item: Sticky Barb
|upkeep
|turn|28
|
|t:|1665817357
|move|p2a: Majinn|Soft-Boiled|p2a: Majinn
|-heal|p2a: Majinn|100/100
|move|p1a: Chansey|Teleport|p1a: Chansey
|
|t:|1665817359
|-curestatus|p1a: Chansey|par|[from] ability: Natural Cure
|switch|p1a: Landorus|Landorus-Therian, M|100/100|[from]move: Teleport
|-damage|p1a: Landorus|88/100|[from] Stealth Rock
|-ability|p1a: Landorus|Intimidate|boost
|-unboost|p2a: Majinn|atk|1
|
|upkeep
|turn|29
|inactive|Steez Ibanez has 120 seconds left.
|
|t:|1665817398
|move|p1a: Landorus|Defog|p2a: Majinn
|-unboost|p2a: Majinn|evasion|1
|-sideend|p2: Steez Ibanez|Stealth Rock|[from] move: Defog|[of] p1a: Landorus
|-sideend|p1: Raimei Hakkei|Spikes|[from] move: Defog|[of] p1a: Landorus
|-sideend|p1: Raimei Hakkei|Stealth Rock|[from] move: Defog|[of] p1a: Landorus
|move|p2a: Majinn|Moonblast|p1a: Landorus
|-damage|p1a: Landorus|53/100
|
|upkeep
|turn|30
|inactive|Steez Ibanez has 120 seconds left.
|
|t:|1665817404
|switch|p1a: Chansey|Chansey, F|88/100
|move|p2a: Majinn|Moonblast|p1a: Chansey
|-damage|p1a: Chansey|74/100
|
|-damage|p1a: Chansey|61/100|[from] item: Sticky Barb
|upkeep
|turn|31
|
|t:|1665817408
|move|p2a: Majinn|Thunder Wave|p1a: Chansey|[miss]
|-miss|p2a: Majinn|p1a: Chansey
|move|p1a: Chansey|Seismic Toss|p2a: Majinn
|-damage|p2a: Majinn|75/100
|
|-damage|p1a: Chansey|49/100|[from] item: Sticky Barb
|upkeep
|turn|32
|
|t:|1665817412
|move|p2a: Majinn|Thunder Wave|p1a: Chansey
|-status|p1a: Chansey|par
|move|p1a: Chansey|Teleport|p1a: Chansey
|
|t:|1665817413
|-curestatus|p1a: Chansey|par|[from] ability: Natural Cure
|switch|p1a: Tyrantrum|Tyrantrum, F|100/100|[from]move: Teleport
|
|upkeep
|turn|33
|
|t:|1665817415
|move|p1a: Tyrantrum|Head Smash|p2a: Majinn
|-damage|p2a: Majinn|0 fnt
|faint|p2a: Majinn
|
|upkeep
|
|t:|1665817417
|switch|p2a: Birdman|Tapu Koko|76/100
|-fieldstart|move: Electric Terrain|[from] ability: Electric Surge|[of] p2a: Birdman
|turn|34
|
|t:|1665817419
|move|p2a: Birdman|Dazzling Gleam|p1a: Tyrantrum
|-supereffective|p1a: Tyrantrum
|-damage|p1a: Tyrantrum|0 fnt
|faint|p1a: Tyrantrum
|
|upkeep
|
|t:|1665817420
|switch|p1a: Chansey|Chansey, F|49/100
|turn|35
|
|t:|1665817422
|move|p2a: Birdman|Dazzling Gleam|p1a: Chansey
|-damage|p1a: Chansey|27/100
|move|p1a: Chansey|Soft-Boiled|p1a: Chansey
|-heal|p1a: Chansey|77/100
|
|-damage|p1a: Chansey|64/100|[from] item: Sticky Barb
|upkeep
|turn|36
|
|t:|1665817424
|move|p2a: Birdman|Dazzling Gleam|p1a: Chansey
|-damage|p1a: Chansey|39/100
|move|p1a: Chansey|Soft-Boiled|p1a: Chansey
|-heal|p1a: Chansey|89/100
|
|-damage|p1a: Chansey|76/100|[from] item: Sticky Barb
|upkeep
|turn|37
|
|t:|1665817426
|move|p2a: Birdman|Dazzling Gleam|p1a: Chansey
|-damage|p1a: Chansey|53/100
|move|p1a: Chansey|Toxic|p2a: Birdman
|-status|p2a: Birdman|tox
|
|-damage|p2a: Birdman|70/100 tox|[from] psn
|-damage|p1a: Chansey|40/100|[from] item: Sticky Barb
|upkeep
|turn|38
|inactive|Steez Ibanez has 120 seconds left.
|-message|Steez Ibanez forfeited.
|
|win|Raimei Hakkei
|raw|Raimei Hakkei's rating: 1746 &rarr; <strong>1768</strong><br />(+22 for winning)
|raw|Steez Ibanez's rating: 1787 &rarr; <strong>1765</strong><br />(-22 for losing)
|l|☆Steez Ibanez
|c|☆Raimei Hakkei|gg lil boy
|l|☆Raimei Hakkei
