|j|☆Philein
|j|☆yung_iznamakin
|t:|1650559491
|gametype|singles
|player|p1|Philein|lucas|1663
|player|p2|yung_iznamakin|brendan-gen3|1661
|teamsize|p1|6
|teamsize|p2|6
|gen|8
|tier|[Gen 8] OU
|rated|
|rule|Sleep Clause Mod: Limit one foe put to sleep
|rule|Species Clause: Limit one of each Pokémon
|rule|OHKO Clause: OHKO moves are banned
|rule|Evasion Moves Clause: Evasion moves are banned
|rule|Endless Battle Clause: Forcing endless battles is banned
|rule|HP Percentage Mod: HP is shown in percentages
|rule|Dynamax Clause: You cannot dynamax
|clearpoke
|poke|p1|Melmetal|
|poke|p1|Tornadus-Therian, M|
|poke|p1|Tyranitar, M|
|poke|p1|Nidoking, M|
|poke|p1|Slowking, F|
|poke|p1|Buzzwole|
|poke|p2|Tyranitar, F|
|poke|p2|Slowbro, M|
|poke|p2|Gengar, M|
|poke|p2|Excadrill, M|
|poke|p2|Dracozolt|
|poke|p2|Corviknight, M|
|teampreview
|j| THEqwerty09
|
|t:|1650559508
|start
|switch|p1a: Tornadus|Tornadus-Therian, M, shiny|100/100
|switch|p2a: Tyranitar|Tyranitar, F|100/100
|-weather|Sandstorm|[from] ability: Sand Stream|[of] p2a: Tyranitar
|turn|1
|
|t:|1650559515
|move|p1a: Tornadus|Knock Off|p2a: Tyranitar
|-resisted|p2a: Tyranitar
|-damage|p2a: Tyranitar|95/100
|-enditem|p2a: Tyranitar|Smooth Rock|[from] move: Knock Off|[of] p1a: Tornadus
|move|p2a: Tyranitar|Stealth Rock|p1a: Tornadus
|-sidestart|p1: Philein|move: Stealth Rock
|
|-weather|Sandstorm|[upkeep]
|-damage|p1a: Tornadus|94/100|[from] Sandstorm
|upkeep
|turn|2
|
|t:|1650559522
|move|p1a: Tornadus|Defog|p2a: Tyranitar
|-unboost|p2a: Tyranitar|evasion|1
|-sideend|p1: Philein|Stealth Rock|[from] move: Defog|[of] p1a: Tornadus
|move|p2a: Tyranitar|Dragon Dance|p2a: Tyranitar
|-boost|p2a: Tyranitar|atk|1
|-boost|p2a: Tyranitar|spe|1
|
|-weather|Sandstorm|[upkeep]
|-damage|p1a: Tornadus|88/100|[from] Sandstorm
|upkeep
|turn|3
|
|t:|1650559529
|switch|p1a: Micheline|Buzzwole, shiny|100/100
|move|p2a: Tyranitar|Dragon Dance|p2a: Tyranitar
|-boost|p2a: Tyranitar|atk|1
|-boost|p2a: Tyranitar|spe|1
|
|-weather|Sandstorm|[upkeep]
|-damage|p1a: Micheline|94/100|[from] Sandstorm
|upkeep
|turn|4
|
|t:|1650559536
|move|p2a: Tyranitar|Fire Punch|p1a: Micheline
|-supereffective|p1a: Micheline
|-damage|p1a: Micheline|51/100
|move|p1a: Micheline|Close Combat|p2a: Tyranitar
|-supereffective|p2a: Tyranitar
|-damage|p2a: Tyranitar|0 fnt
|-unboost|p1a: Micheline|def|1
|-unboost|p1a: Micheline|spd|1
|faint|p2a: Tyranitar
|-ability|p1a: Micheline|Beast Boost|boost
|-boost|p1a: Micheline|def|1
|
|-weather|Sandstorm|[upkeep]
|-damage|p1a: Micheline|45/100|[from] Sandstorm
|upkeep
|
|t:|1650559547
|switch|p2a: Gengar|Gengar, M|100/100
|turn|5
|
|t:|1650559553
|switch|p2a: Excadrill|Excadrill, M|100/100
|switch|p1a: Tyranitar|Tyranitar, M|100/100
|
|-weather|Sandstorm|[upkeep]
|upkeep
|turn|6
|
|t:|1650559559
|switch|p1a: Tornadus|Tornadus-Therian, M, shiny|100/100
|move|p2a: Excadrill|Rapid Spin|p1a: Tornadus
|-damage|p1a: Tornadus|74/100
|-boost|p2a: Excadrill|spe|1
|-damage|p2a: Excadrill|91/100|[from] item: Life Orb
|
|-weather|Sandstorm|[upkeep]
|-damage|p1a: Tornadus|68/100|[from] Sandstorm
|upkeep
|turn|7
|
|t:|1650559568
|move|p2a: Excadrill|Iron Head|p1a: Tornadus
|-damage|p1a: Tornadus|9/100
|-damage|p2a: Excadrill|81/100|[from] item: Life Orb
|move|p1a: Tornadus|U-turn|p2a: Excadrill
|-resisted|p2a: Excadrill
|-damage|p2a: Excadrill|71/100
|
|t:|1650559580
|switch|p1a: Raphaële|Slowking, F|100/100|[from]move: U-turn
|
|-weather|Sandstorm|[upkeep]
|-damage|p1a: Raphaële|94/100|[from] Sandstorm
|upkeep
|turn|8
|j| Unstoppable donuts
|l| Unstoppable donuts
|
|t:|1650559585
|move|p2a: Excadrill|Swords Dance|p2a: Excadrill
|-boost|p2a: Excadrill|atk|2
|move|p1a: Raphaële|Scald|p2a: Excadrill
|-supereffective|p2a: Excadrill
|-damage|p2a: Excadrill|0 fnt
|faint|p2a: Excadrill
|
|-weather|none
|upkeep
|
|t:|1650559592
|switch|p2a: Dracozolt|Dracozolt|100/100
|turn|9
|
|t:|1650559602
|move|p2a: Dracozolt|Earthquake|p1a: Raphaële
|-damage|p1a: Raphaële|48/100
|move|p1a: Raphaële|Teleport|p1a: Raphaële
|j| MoonWeasel
|
|t:|1650559610
|switch|p1a: Nihils|Nidoking, M|100/100|[from]move: Teleport
|
|upkeep
|turn|10
|
|t:|1650559614
|switch|p2a: Slowbro|Slowbro, M|100/100
|move|p1a: Nihils|Earth Power|p2a: Slowbro
|-damage|p2a: Slowbro|42/100
|
|upkeep
|turn|11
|-message|yung_iznamakin forfeited.
|
|win|Philein
|raw|Philein's rating: 1663 &rarr; <strong>1683</strong><br />(+20 for winning)
|raw|yung_iznamakin's rating: 1661 &rarr; <strong>1641</strong><br />(-20 for losing)
|l|☆yung_iznamakin
|l| THEqwerty09
||Ladder isn't responding, score probably updated but might not have (Request timeout).
