|j|☆order 66
|j|☆WonderGuardScizor
|t:|1653358512
|gametype|singles
|player|p1|order 66|1|1586
|player|p2|WonderGuardScizor|169|1594
|teamsize|p1|6
|teamsize|p2|6
|gen|8
|tier|[Gen 8] OU
|rated|
|rule|Sleep Clause Mod: Limit one foe put to sleep
|rule|Species Clause: Limit one of each Pokémon
|rule|OHKO Clause: OHKO moves are banned
|rule|Evasion Moves Clause: Evasion moves are banned
|rule|Endless Battle Clause: Forcing endless battles is banned
|rule|HP Percentage Mod: HP is shown in percentages
|rule|Dynamax Clause: You cannot dynamax
|clearpoke
|poke|p1|Excadrill, F|
|poke|p1|Gigalith, M|
|poke|p1|Mandibuzz, F|
|poke|p1|Slowking-Galar, F|
|poke|p1|Dracozolt|
|poke|p1|Tapu Fini|
|poke|p2|Garchomp, M|
|poke|p2|Blaziken, M|
|poke|p2|Ninetales-Alola, F|
|poke|p2|Arctozolt|
|poke|p2|Dragapult, M|
|poke|p2|Heatran, M|
|teampreview
|
|t:|1653358566
|start
|switch|p1a: Tapu Fini|Tapu Fini|100/100
|switch|p2a: Blaziken|Blaziken, M|100/100
|-item|p2a: Blaziken|Air Balloon
|-fieldstart|move: Misty Terrain|[from] ability: Misty Surge|[of] p1a: Tapu Fini
|turn|1
|
|t:|1653358574
|switch|p2a: Heatran|Heatran, M|100/100
|-item|p2a: Heatran|Air Balloon
|move|p1a: Tapu Fini|Scald|p2a: Heatran
|-supereffective|p2a: Heatran
|-damage|p2a: Heatran|47/100
|-enditem|p2a: Heatran|Air Balloon
|
|upkeep
|turn|2
|
|t:|1653358580
|move|p2a: Heatran|Stealth Rock|p1a: Tapu Fini
|-sidestart|p1: order 66|move: Stealth Rock
|move|p1a: Tapu Fini|Scald|p2a: Heatran
|-supereffective|p2a: Heatran
|-damage|p2a: Heatran|0 fnt
|faint|p2a: Heatran
|
|upkeep
|
|t:|1653358585
|switch|p2a: Ninetales|Ninetales-Alola, F|100/100
|-weather|Hail|[from] ability: Snow Warning|[of] p2a: Ninetales
|turn|3
|
|t:|1653358588
|switch|p2a: Garchomp|Garchomp, M|100/100
|switch|p1a: Gigalith|Gigalith, M|100/100
|-damage|p1a: Gigalith|88/100|[from] Stealth Rock
|-weather|Sandstorm|[from] ability: Sand Stream|[of] p1a: Gigalith
|
|-weather|Sandstorm|[upkeep]
|upkeep
|turn|4
|
|t:|1653358601
|switch|p1a: Mandibuzz|Mandibuzz, F|100/100
|move|p2a: Garchomp|Swords Dance|p2a: Garchomp
|-boost|p2a: Garchomp|atk|2
|
|-weather|Sandstorm|[upkeep]
|upkeep
|turn|5
|
|t:|1653358607
|move|p2a: Garchomp|Aqua Tail|p1a: Mandibuzz|[miss]
|-miss|p2a: Garchomp|p1a: Mandibuzz
|move|p1a: Mandibuzz|Foul Play|p2a: Garchomp
|-damage|p2a: Garchomp|10/100
|-damage|p1a: Mandibuzz|88/100|[from] ability: Rough Skin|[of] p2a: Garchomp
|
|-weather|Sandstorm|[upkeep]
|-fieldend|Misty Terrain
|upkeep
|turn|6
|
|t:|1653358616
|move|p2a: Garchomp|Aqua Tail|p1a: Mandibuzz
|-damage|p1a: Mandibuzz|52/100
|move|p1a: Mandibuzz|Foul Play|p2a: Garchomp
|-damage|p2a: Garchomp|0 fnt
|-damage|p1a: Mandibuzz|40/100|[from] ability: Rough Skin|[of] p2a: Garchomp
|faint|p2a: Garchomp
|
|-weather|Sandstorm|[upkeep]
|upkeep
|
|t:|1653358621
|switch|p2a: Ninetales|Ninetales-Alola, F|100/100
|-weather|Hail|[from] ability: Snow Warning|[of] p2a: Ninetales
|turn|7
|
|t:|1653358624
|switch|p2a: Blaziken|Blaziken, M|100/100
|-item|p2a: Blaziken|Air Balloon
|switch|p1a: Gigalith|Gigalith, M|88/100
|-damage|p1a: Gigalith|76/100|[from] Stealth Rock
|-weather|Sandstorm|[from] ability: Sand Stream|[of] p1a: Gigalith
|
|-weather|Sandstorm|[upkeep]
|-damage|p2a: Blaziken|95/100|[from] Sandstorm
|upkeep
|turn|8
|inactive|Battle timer is ON: inactive players will automatically lose when time's up. (requested by WonderGuardScizor)
|
|t:|1653358681
|switch|p1a: Dracozolt|Dracozolt|100/100
|-damage|p1a: Dracozolt|88/100|[from] Stealth Rock
|move|p2a: Blaziken|Swords Dance|p2a: Blaziken
|-boost|p2a: Blaziken|atk|2
|
|-weather|Sandstorm|[upkeep]
|-damage|p2a: Blaziken|89/100|[from] Sandstorm
|-ability|p2a: Blaziken|Speed Boost|boost
|-boost|p2a: Blaziken|spe|1
|upkeep
|turn|9
|
|t:|1653358688
|move|p1a: Dracozolt|Bolt Beak|p2a: Blaziken
|-damage|p2a: Blaziken|0 fnt
|-enditem|p2a: Blaziken|Air Balloon
|faint|p2a: Blaziken
|-damage|p1a: Dracozolt|78/100|[from] item: Life Orb
|
|-weather|Sandstorm|[upkeep]
|upkeep
|-message|WonderGuardScizor forfeited.
|
|win|order 66
|raw|order 66's rating: 1586 &rarr; <strong>1606</strong><br />(+20 for winning)
|raw|WonderGuardScizor's rating: 1594 &rarr; <strong>1574</strong><br />(-20 for losing)
|l|☆WonderGuardScizor
||Ladder isn't responding, score probably updated but might not have (Request timeout).
