|j|☆Chikami
|j|☆BOX MUNCHER
|t:|1656458512
|gametype|singles
|player|p1|Chikami|nate|1545
|player|p2|BOX MUNCHER|scientist|1575
|teamsize|p1|6
|teamsize|p2|6
|gen|8
|tier|[Gen 8] OU
|rated|
|rule|Sleep Clause Mod: Limit one foe put to sleep
|rule|Species Clause: Limit one of each Pokémon
|rule|OHKO Clause: OHKO moves are banned
|rule|Evasion Moves Clause: Evasion moves are banned
|rule|Endless Battle Clause: Forcing endless battles is banned
|rule|HP Percentage Mod: HP is shown in percentages
|rule|Dynamax Clause: You cannot dynamax
|clearpoke
|poke|p1|Scolipede, F|
|poke|p1|Magnezone|
|poke|p1|Rillaboom, M|
|poke|p1|Regieleki|
|poke|p1|Zapdos-Galar|
|poke|p1|Heatran, F|
|poke|p2|Heliolisk, M|
|poke|p2|Golurk|
|poke|p2|Shedinja|
|poke|p2|Heatran, M|
|poke|p2|Weezing-Galar, M|
|poke|p2|Terrakion|
|teampreview
|
|t:|1656458566
|start
|switch|p1a: Rillaboom|Rillaboom, M|100/100
|switch|p2a: Golurk|Golurk|100/100
|-fieldstart|move: Grassy Terrain|[from] ability: Grassy Surge|[of] p1a: Rillaboom
|turn|1
|
|t:|1656458585
|switch|p2a: Weezing|Weezing-Galar, M|100/100
|move|p1a: Rillaboom|Knock Off|p2a: Weezing
|-resisted|p2a: Weezing
|-damage|p2a: Weezing|84/100
|-enditem|p2a: Weezing|Black Sludge|[from] move: Knock Off|[of] p1a: Rillaboom
|
|upkeep
|turn|2
|
|t:|1656458595
|switch|p1a: Heatran|Heatran, F|100/100
|move|p2a: Weezing|Toxic Spikes|p1a: Heatran
|-sidestart|p1: Chikami|move: Toxic Spikes
|
|upkeep
|turn|3
|
|t:|1656458602
|switch|p2a: Heatran|Heatran, M|100/100
|-item|p2a: Heatran|Air Balloon
|move|p1a: Heatran|Stealth Rock|p2a: Heatran
|-sidestart|p2: BOX MUNCHER|move: Stealth Rock
|
|upkeep
|turn|4
|
|t:|1656458610
|switch|p1a: Zapdos|Zapdos-Galar|100/100
|move|p2a: Heatran|Eruption|p1a: Zapdos
|-damage|p1a: Zapdos|6/100
|
|upkeep
|turn|5
|inactive|Battle timer is ON: inactive players will automatically lose when time's up. (requested by BOX MUNCHER)
|
|t:|1656458637
|switch|p2a: Weezing|Weezing-Galar, M|84/100
|-damage|p2a: Weezing|72/100|[from] Stealth Rock
|move|p1a: Zapdos|Brave Bird|p2a: Weezing
|-damage|p2a: Weezing|32/100
|-damage|p1a: Zapdos|0 fnt|[from] Recoil
|faint|p1a: Zapdos
|
|-fieldend|move: Grassy Terrain
|upkeep
|inactive|Chikami has 120 seconds left.
|inactive|Chikami has 90 seconds left.
|
|t:|1656458722
|switch|p1a: Scolipede|Scolipede, F|100/100
|-sideend|p1: Chikami|move: Toxic Spikes|[of] p1a: Scolipede
|turn|6
|inactive|BOX MUNCHER has 120 seconds left.
|inactive|BOX MUNCHER has 90 seconds left.
|
|t:|1656458788
|switch|p2a: Golurk|Golurk|100/100
|-damage|p2a: Golurk|94/100|[from] Stealth Rock
|move|p1a: Scolipede|Poison Jab|p2a: Golurk
|-resisted|p2a: Golurk
|-crit|p2a: Golurk
|-damage|p2a: Golurk|77/100
|-status|p2a: Golurk|psn
|-damage|p1a: Scolipede|91/100|[from] item: Life Orb
|
|-damage|p2a: Golurk|65/100 psn|[from] psn
|-ability|p1a: Scolipede|Speed Boost|boost
|-boost|p1a: Scolipede|spe|1
|upkeep
|turn|7
|inactive|BOX MUNCHER has 90 seconds left.
|inactive|Chikami has 60 seconds left.
|
|t:|1656458820
|switch|p1a: Rillaboom|Rillaboom, M|100/100
|-fieldstart|move: Grassy Terrain|[from] ability: Grassy Surge|[of] p1a: Rillaboom
|move|p2a: Golurk|Poltergeist|p1a: Rillaboom
|-activate|p1a: Rillaboom|move: Poltergeist|Choice Band
|-damage|p1a: Rillaboom|9/100
|
|-heal|p1a: Rillaboom|15/100|[from] Grassy Terrain
|-heal|p2a: Golurk|71/100 psn|[from] Grassy Terrain
|-damage|p2a: Golurk|59/100 psn|[from] psn
|upkeep
|turn|8
|inactive|Chikami has 60 seconds left.
|inactive|BOX MUNCHER has 90 seconds left.
|
|t:|1656458848
|switch|p2a: Terrakion|Terrakion|100/100
|-damage|p2a: Terrakion|94/100|[from] Stealth Rock
|move|p1a: Rillaboom|Grassy Glide|p2a: Terrakion
|-supereffective|p2a: Terrakion
|-damage|p2a: Terrakion|0 fnt
|faint|p2a: Terrakion
|
|-heal|p1a: Rillaboom|21/100|[from] Grassy Terrain
|upkeep
|
|t:|1656458856
|switch|p2a: Shedinja|Shedinja|100/100
|turn|9
|inactive|Chikami has 60 seconds left.
|
|t:|1656458865
|switch|p1a: Heatran|Heatran, F|100/100
|move|p2a: Shedinja|Poltergeist|p1a: Heatran
|-activate|p1a: Heatran|move: Poltergeist|Leftovers
|-damage|p1a: Heatran|59/100
|
|-heal|p1a: Heatran|66/100|[from] Grassy Terrain
|-heal|p1a: Heatran|72/100|[from] item: Leftovers
|upkeep
|turn|10
|inactive|Chikami has 60 seconds left.
|inactive|Chikami has 30 seconds left.
|inactive|Chikami has 20 seconds left.
|
|t:|1656458919
|switch|p1a: Regieleki|Regieleki|100/100
|switch|p2a: Heatran|Heatran, M|100/100
|-damage|p2a: Heatran|88/100|[from] Stealth Rock
|-item|p2a: Heatran|Air Balloon
|
|upkeep
|turn|11
|inactive|Chikami has 30 seconds left this turn.
|inactive|BOX MUNCHER has 90 seconds left.
|
|t:|1656458929
|switch|p1a: Rillaboom|Rillaboom, M|21/100
|switch|p2a: Golurk|Golurk|59/100 psn
|-damage|p2a: Golurk|53/100 psn|[from] Stealth Rock
|
|-heal|p1a: Rillaboom|27/100|[from] Grassy Terrain
|-heal|p2a: Golurk|59/100 psn|[from] Grassy Terrain
|-damage|p2a: Golurk|46/100 psn|[from] psn
|-fieldend|move: Grassy Terrain
|upkeep
|turn|12
|inactive|Chikami has 30 seconds left.
|inactive|BOX MUNCHER has 90 seconds left.
|
|t:|1656458941
|switch|p2a: Weezing|Weezing-Galar, M|32/100
|-damage|p2a: Weezing|20/100|[from] Stealth Rock
|move|p1a: Rillaboom|Knock Off|p2a: Weezing
|-resisted|p2a: Weezing
|-damage|p2a: Weezing|8/100
|
|upkeep
|turn|13
|inactive|BOX MUNCHER has 90 seconds left.
|
|t:|1656458954
|move|p1a: Rillaboom|Knock Off|p2a: Weezing
|-resisted|p2a: Weezing
|-damage|p2a: Weezing|0 fnt
|faint|p2a: Weezing
|
|upkeep
|
|t:|1656458957
|switch|p2a: Heatran|Heatran, M|88/100
|-damage|p2a: Heatran|76/100|[from] Stealth Rock
|-item|p2a: Heatran|Air Balloon
|turn|14
|
|t:|1656458967
|switch|p1a: Magnezone|Magnezone|100/100
|move|p2a: Heatran|Stealth Rock|p1a: Magnezone
|-sidestart|p1: Chikami|move: Stealth Rock
|
|upkeep
|turn|15
|
|t:|1656458978
|move|p2a: Heatran|Eruption|p1a: Magnezone
|-supereffective|p1a: Magnezone
|-damage|p1a: Magnezone|0 fnt
|faint|p1a: Magnezone
|
|upkeep
|inactive|Chikami has 30 seconds left.
|
|t:|1656459008
|switch|p1a: Regieleki|Regieleki|100/100
|turn|16
|
|t:|1656459020
|switch|p2a: Shedinja|Shedinja|100/100
|move|p1a: Regieleki|Rapid Spin|p2a: Shedinja
|-immune|p2a: Shedinja|[from] ability: Wonder Guard
|
|upkeep
|turn|17
|inactive|Chikami has 30 seconds left.
|inactive|Chikami has 20 seconds left.
|inactive|Chikami has 15 seconds left.
|
|t:|1656459051
|switch|p1a: Heatran|Heatran, F|72/100
|-damage|p1a: Heatran|59/100|[from] Stealth Rock
|move|p2a: Shedinja|Poltergeist|p1a: Heatran
|-activate|p1a: Heatran|move: Poltergeist|Leftovers
|-damage|p1a: Heatran|19/100
|
|-heal|p1a: Heatran|26/100|[from] item: Leftovers
|upkeep
|turn|18
|inactive|Chikami has 25 seconds left this turn.
|inactive|Chikami has 20 seconds left.
|inactive|BOX MUNCHER has 120 seconds left.
|inactive|Chikami has 15 seconds left.
|inactive|Chikami has 10 seconds left.
|inactive|Chikami has 5 seconds left.
|
|t:|1656459072
|switch|p1a: Rillaboom|Rillaboom, M|27/100
|-damage|p1a: Rillaboom|15/100|[from] Stealth Rock
|-fieldstart|move: Grassy Terrain|[from] ability: Grassy Surge|[of] p1a: Rillaboom
|switch|p2a: Heatran|Heatran, M|76/100
|-damage|p2a: Heatran|63/100|[from] Stealth Rock
|-item|p2a: Heatran|Air Balloon
|
|-heal|p1a: Rillaboom|21/100|[from] Grassy Terrain
|upkeep
|turn|19
|inactive|Chikami has 15 seconds left this turn.
|inactive|BOX MUNCHER has 120 seconds left.
|
|t:|1656459082
|switch|p2a: Heliolisk|Heliolisk, M|100/100
|move|p1a: Rillaboom|Grassy Glide|p2a: Heliolisk
|-damage|p2a: Heliolisk|0 fnt
|faint|p2a: Heliolisk
|
|-heal|p1a: Rillaboom|27/100|[from] Grassy Terrain
|upkeep
|inactive|Chikami has 20 seconds left this turn.
|inactive|BOX MUNCHER has 120 seconds left.
|
|t:|1656459088
|switch|p2a: Shedinja|Shedinja|100/100
|turn|20
|inactive|Chikami has 30 seconds left this turn.
|
|t:|1656459092
|switch|p1a: Heatran|Heatran, F|26/100
|-damage|p1a: Heatran|13/100|[from] Stealth Rock
|move|p2a: Shedinja|Swords Dance|p2a: Shedinja
|-boost|p2a: Shedinja|atk|2
|
|-heal|p1a: Heatran|19/100|[from] Grassy Terrain
|-heal|p1a: Heatran|26/100|[from] item: Leftovers
|upkeep
|turn|21
|inactive|BOX MUNCHER has 120 seconds left.
|
|t:|1656459114
|switch|p2a: Heatran|Heatran, M|63/100
|-damage|p2a: Heatran|51/100|[from] Stealth Rock
|-item|p2a: Heatran|Air Balloon
|move|p1a: Heatran|Magma Storm|p2a: Heatran
|-start|p2a: Heatran|ability: Flash Fire
|
|-heal|p1a: Heatran|32/100|[from] Grassy Terrain
|-heal|p1a: Heatran|38/100|[from] item: Leftovers
|upkeep
|turn|22
|
|t:|1656459122
|move|p2a: Heatran|Earth Power|p1a: Heatran
|-supereffective|p1a: Heatran
|-damage|p1a: Heatran|0 fnt
|faint|p1a: Heatran
|
|-fieldend|move: Grassy Terrain
|upkeep
|
|t:|1656459137
|switch|p1a: Rillaboom|Rillaboom, M|27/100
|-damage|p1a: Rillaboom|15/100|[from] Stealth Rock
|-fieldstart|move: Grassy Terrain|[from] ability: Grassy Surge|[of] p1a: Rillaboom
|turn|23
|
|t:|1656459145
|-end|p2a: Heatran|ability: Flash Fire|[silent]
|switch|p2a: Golurk|Golurk|46/100 psn
|-damage|p2a: Golurk|40/100 psn|[from] Stealth Rock
|move|p1a: Rillaboom|Knock Off|p2a: Golurk
|-supereffective|p2a: Golurk
|-damage|p2a: Golurk|0 fnt
|-enditem|p2a: Golurk|Choice Band|[from] move: Knock Off|[of] p1a: Rillaboom
|faint|p2a: Golurk
|
|-heal|p1a: Rillaboom|21/100|[from] Grassy Terrain
|upkeep
|
|t:|1656459151
|switch|p2a: Heatran|Heatran, M|51/100
|-damage|p2a: Heatran|39/100|[from] Stealth Rock
|-item|p2a: Heatran|Air Balloon
|turn|24
|
|t:|1656459156
|switch|p1a: Regieleki|Regieleki|100/100
|move|p2a: Heatran|Eruption|p1a: Regieleki
|-damage|p1a: Regieleki|38/100
|
|-heal|p1a: Regieleki|44/100|[from] Grassy Terrain
|upkeep
|turn|25
|inactive|Chikami has 60 seconds left.
|
|t:|1656459163
|switch|p2a: Shedinja|Shedinja|100/100
|move|p1a: Regieleki|Explosion|p2a: Shedinja
|-immune|p2a: Shedinja|[from] ability: Wonder Guard
|faint|p1a: Regieleki
|
|upkeep
|
|t:|1656459168
|switch|p1a: Rillaboom|Rillaboom, M|21/100
|-damage|p1a: Rillaboom|9/100|[from] Stealth Rock
|turn|26
|
|t:|1656459176
|move|p2a: Shedinja|Shadow Sneak|p1a: Rillaboom
|-damage|p1a: Rillaboom|0 fnt
|faint|p1a: Rillaboom
|
|upkeep
|
|t:|1656459178
|switch|p1a: Scolipede|Scolipede, F|91/100
|-damage|p1a: Scolipede|66/100|[from] Stealth Rock
|turn|27
|
|t:|1656459193
|move|p1a: Scolipede|Megahorn|p2a: Shedinja
|-immune|p2a: Shedinja|[from] ability: Wonder Guard
|move|p2a: Shedinja|Poltergeist|p1a: Scolipede
|-activate|p1a: Scolipede|move: Poltergeist|Life Orb
|-damage|p1a: Scolipede|0 fnt
|faint|p1a: Scolipede
|
|win|BOX MUNCHER
|raw|Chikami's rating: 1545 &rarr; <strong>1527</strong><br />(-18 for losing)
|raw|BOX MUNCHER's rating: 1575 &rarr; <strong>1593</strong><br />(+18 for winning)
|l|☆Chikami
||Ladder isn't responding, score probably updated but might not have (Request timeout).
