|j|☆Thederpa
|j|☆FENDINI
|t:|1649945857
|gametype|singles
|player|p1|Thederpa|1|1584
|player|p2|FENDINI|n|1701
|teamsize|p1|6
|teamsize|p2|6
|gen|8
|tier|[Gen 8] OU
|rated|
|rule|Sleep Clause Mod: Limit one foe put to sleep
|rule|Species Clause: Limit one of each Pokémon
|rule|OHKO Clause: OHKO moves are banned
|rule|Evasion Moves Clause: Evasion moves are banned
|rule|Endless Battle Clause: Forcing endless battles is banned
|rule|HP Percentage Mod: HP is shown in percentages
|rule|Dynamax Clause: You cannot dynamax
|clearpoke
|poke|p1|Blacephalon|
|poke|p1|Hippowdon, M|
|poke|p1|Dracozolt|
|poke|p1|Corviknight, F|
|poke|p1|Dragapult, F|
|poke|p1|Zapdos-Galar|
|poke|p2|Weavile, M|
|poke|p2|Garchomp, M|
|poke|p2|Tornadus-Therian, M|
|poke|p2|Clefable, F|
|poke|p2|Rotom-Wash|
|poke|p2|Ferrothorn, M|
|teampreview
|inactive|Battle timer is ON: inactive players will automatically lose when time's up. (requested by FENDINI)
|
|t:|1649945894
|start
|switch|p1a: Blacephalon|Blacephalon|100/100
|switch|p2a: Tornadus|Tornadus-Therian, M|100/100
|turn|1
|
|t:|1649945912
|move|p1a: Blacephalon|Mind Blown|p2a: Tornadus
|-damage|p2a: Tornadus|15/100
|-damage|p1a: Blacephalon|50/100|[from] mindblown
|move|p2a: Tornadus|Knock Off|p1a: Blacephalon
|-supereffective|p1a: Blacephalon
|-damage|p1a: Blacephalon|0 fnt
|-enditem|p1a: Blacephalon|Choice Scarf|[from] move: Knock Off|[of] p2a: Tornadus
|faint|p1a: Blacephalon
|
|upkeep
|
|t:|1649945917
|switch|p1a: Hippowdon|Hippowdon, M|100/100
|-weather|Sandstorm|[from] ability: Sand Stream|[of] p1a: Hippowdon
|turn|2
|
|t:|1649945922
|move|p2a: Tornadus|Taunt|p1a: Hippowdon
|-start|p1a: Hippowdon|move: Taunt
|cant|p1a: Hippowdon|move: Taunt|Stealth Rock
|
|-weather|Sandstorm|[upkeep]
|-damage|p2a: Tornadus|9/100|[from] Sandstorm
|upkeep
|turn|3
|
|t:|1649945936
|switch|p2a: Garchomp|Garchomp, M|100/100
|move|p1a: Hippowdon|Earthquake|p2a: Garchomp
|-damage|p2a: Garchomp|59/100
|
|-weather|Sandstorm|[upkeep]
|-heal|p2a: Garchomp|65/100|[from] item: Leftovers
|upkeep
|turn|4
|
|t:|1649945939
|move|p2a: Garchomp|Stealth Rock|p1a: Hippowdon
|-sidestart|p1: Thederpa|move: Stealth Rock
|move|p1a: Hippowdon|Earthquake|p2a: Garchomp
|-damage|p2a: Garchomp|24/100
|
|-weather|Sandstorm|[upkeep]
|-heal|p2a: Garchomp|30/100|[from] item: Leftovers
|-end|p1a: Hippowdon|move: Taunt
|upkeep
|turn|5
|
|t:|1649945944
|move|p2a: Garchomp|Swords Dance|p2a: Garchomp
|-boost|p2a: Garchomp|atk|2
|move|p1a: Hippowdon|Stealth Rock|p2a: Garchomp
|-sidestart|p2: FENDINI|move: Stealth Rock
|
|-weather|Sandstorm|[upkeep]
|-heal|p2a: Garchomp|36/100|[from] item: Leftovers
|upkeep
|turn|6
|
|t:|1649945947
|move|p2a: Garchomp|Earthquake|p1a: Hippowdon
|-damage|p1a: Hippowdon|47/100
|move|p1a: Hippowdon|Earthquake|p2a: Garchomp
|-damage|p2a: Garchomp|0 fnt
|faint|p2a: Garchomp
|
|-weather|Sandstorm|[upkeep]
|upkeep
|
|t:|1649945954
|switch|p2a: Weavile|Weavile, M|100/100
|-damage|p2a: Weavile|76/100|[from] Stealth Rock
|-ability|p2a: Weavile|Pressure
|turn|7
|
|t:|1649945965
|switch|p1a: Corviknight|Corviknight, F|100/100
|-damage|p1a: Corviknight|88/100|[from] Stealth Rock
|-ability|p1a: Corviknight|Pressure
|move|p2a: Weavile|Icicle Crash|p1a: Corviknight
|-damage|p1a: Corviknight|32/100
|
|-weather|Sandstorm|[upkeep]
|-damage|p2a: Weavile|70/100|[from] Sandstorm
|-heal|p1a: Corviknight|38/100|[from] item: Leftovers
|upkeep
|turn|8
|
|t:|1649945970
|move|p2a: Weavile|Icicle Crash|p1a: Corviknight
|-damage|p1a: Corviknight|0 fnt
|faint|p1a: Corviknight
|
|-weather|Sandstorm|[upkeep]
|-damage|p2a: Weavile|63/100|[from] Sandstorm
|upkeep
|
|t:|1649945980
|switch|p1a: Dragapult|Dragapult, F|100/100
|-damage|p1a: Dragapult|88/100|[from] Stealth Rock
|turn|9
|
|t:|1649945988
|switch|p2a: Clefable|Clefable, F|100/100
|move|p1a: Dragapult|U-turn|p2a: Clefable
|-resisted|p2a: Clefable
|-damage|p2a: Clefable|94/100
|
|t:|1649945992
|switch|p1a: Dracozolt|Dracozolt|100/100|[from]move: U-turn
|-damage|p1a: Dracozolt|88/100|[from] Stealth Rock
|
|-weather|none
|upkeep
|turn|10
|
|t:|1649945998
|move|p1a: Dracozolt|Bolt Beak|p2a: Clefable
|-damage|p2a: Clefable|10/100
|-damage|p1a: Dracozolt|78/100|[from] item: Life Orb
|move|p2a: Clefable|Moonblast|p1a: Dracozolt
|-supereffective|p1a: Dracozolt
|-damage|p1a: Dracozolt|0 fnt
|faint|p1a: Dracozolt
|
|upkeep
|
|t:|1649946008
|switch|p1a: Dragapult|Dragapult, F|88/100
|-damage|p1a: Dragapult|76/100|[from] Stealth Rock
|turn|11
|
|t:|1649946016
|move|p1a: Dragapult|Shadow Ball|p2a: Clefable
|-crit|p2a: Clefable
|-damage|p2a: Clefable|0 fnt
|faint|p2a: Clefable
|
|upkeep
|
|t:|1649946023
|switch|p2a: Weavile|Weavile, M|63/100
|-damage|p2a: Weavile|39/100|[from] Stealth Rock
|-ability|p2a: Weavile|Pressure
|turn|12
|
|t:|1649946038
|move|p2a: Weavile|Ice Shard|p1a: Dragapult
|-supereffective|p1a: Dragapult
|-damage|p1a: Dragapult|0 fnt
|faint|p1a: Dragapult
|
|upkeep
|
|t:|1649946047
|switch|p1a: Zapdos|Zapdos-Galar|100/100
|-damage|p1a: Zapdos|88/100|[from] Stealth Rock
|turn|13
|
|t:|1649946057
|move|p2a: Weavile|Ice Shard|p1a: Zapdos
|-supereffective|p1a: Zapdos
|-damage|p1a: Zapdos|13/100
|move|p1a: Zapdos|Close Combat|p2a: Weavile
|-supereffective|p2a: Weavile
|-damage|p2a: Weavile|0 fnt
|-unboost|p1a: Zapdos|def|1
|-unboost|p1a: Zapdos|spd|1
|faint|p2a: Weavile
|
|upkeep
|
|t:|1649946075
|switch|p2a: Tornadus|Tornadus-Therian, M|42/100
|turn|14
|
|t:|1649946078
|move|p2a: Tornadus|Knock Off|p1a: Zapdos
|-resisted|p1a: Zapdos
|-damage|p1a: Zapdos|0 fnt
|-enditem|p1a: Zapdos|Choice Band|[from] move: Knock Off|[of] p2a: Tornadus
|faint|p1a: Zapdos
|
|upkeep
|-message|Thederpa forfeited.
|
|win|FENDINI
|raw|Thederpa's rating: 1584 &rarr; <strong>1570</strong><br />(-14 for losing)
|raw|FENDINI's rating: 1701 &rarr; <strong>1715</strong><br />(+14 for winning)
|l|☆Thederpa
||Ladder isn't responding, score probably updated but might not have (Request timeout).
