|raw|<div class="broadcast-blue"><strong>This battle is required to be public due to a player having a name starting with 'LT74PF'.</div>
|j|☆ezwz
|j|☆LT74PF KS
|t:|1600702815
|player|p1|ezwz|youngster-gen4|1904
|player|p2|LT74PF KS|2|1838
|teamsize|p1|6
|teamsize|p2|6
|gametype|singles
|gen|8
|tier|[Gen 8] OU
|rated|
|html|<div class="broadcast-blue"><strong>OU is currently suspecting Cinderace! For information on how to participate check out the <a href="https://www.smogon.com/forums/threads/3670532/">suspect thread</a>.</strong></div>
|clearpoke
|poke|p1|Excadrill, M|
|poke|p1|Tangrowth, F|
|poke|p1|Arcanine, M|
|poke|p1|Dragapult, M|
|poke|p1|Clefable, F|
|poke|p1|Urshifu-*, F|
|poke|p2|Clefable, M|
|poke|p2|Kyurem|
|poke|p2|Hippowdon, F|
|poke|p2|Primarina, F|
|poke|p2|Cinderace, M|
|poke|p2|Zeraora|
|rule|Sleep Clause Mod: Limit one foe put to sleep
|rule|Species Clause: Limit one of each Pokémon
|rule|OHKO Clause: OHKO moves are banned
|rule|Evasion Moves Clause: Evasion moves are banned
|rule|Endless Battle Clause: Forcing endless battles is banned
|rule|HP Percentage Mod: HP is shown in percentages
|rule|Dynamax Clause: You cannot dynamax
|teampreview
|
|t:|1600702839
|start
|switch|p1a: Arcanine|Arcanine, M|100/100
|switch|p2a: Primarina|Primarina, F|100/100
|-ability|p1a: Arcanine|Intimidate|boost
|-unboost|p2a: Primarina|atk|1
|turn|1
|
|t:|1600702845
|move|p1a: Arcanine|Toxic|p2a: Primarina
|-status|p2a: Primarina|tox
|move|p2a: Primarina|Scald|p1a: Arcanine
|-supereffective|p1a: Arcanine
|-damage|p1a: Arcanine|0 fnt
|faint|p1a: Arcanine
|
|-damage|p2a: Primarina|94/100 tox|[from] psn
|upkeep
|j| DragonHunter994
|l| DragonHunter994
|
|t:|1600702881
|switch|p1a: Tangrowth|Tangrowth, F|100/100
|turn|2
|
|t:|1600702908
|switch|p2a: Kyurem|Kyurem|100/100
|-ability|p2a: Kyurem|Pressure
|move|p1a: Tangrowth|Giga Drain|p2a: Kyurem
|-resisted|p2a: Kyurem
|-damage|p2a: Kyurem|88/100
|
|upkeep
|turn|3
|
|t:|1600702915
|switch|p1a: Urshifu|Urshifu, F|100/100
|move|p2a: Kyurem|Ice Beam|p1a: Urshifu
|-damage|p1a: Urshifu|10/100
|-status|p1a: Urshifu|frz
|-damage|p2a: Kyurem|78/100|[from] item: Life Orb
|
|upkeep
|turn|4
|j| u8huhuiji
|
|t:|1600702921
|switch|p2a: Hippowdon|Hippowdon, F|100/100
|-weather|Sandstorm|[from] ability: Sand Stream|[of] p2a: Hippowdon
|cant|p1a: Urshifu|frz
|
|-weather|Sandstorm|[upkeep]
|-damage|p1a: Urshifu|4/100 frz|[from] Sandstorm
|upkeep
|turn|5
|
|t:|1600702926
|switch|p1a: Tangrowth|Tangrowth, F|100/100
|move|p2a: Hippowdon|Stealth Rock|p1a: Tangrowth
|-sidestart|p1: ezwz|move: Stealth Rock
|
|-weather|Sandstorm|[upkeep]
|-damage|p1a: Tangrowth|94/100|[from] Sandstorm
|upkeep
|turn|6
|
|t:|1600702933
|switch|p2a: Primarina|Primarina, F|94/100 tox
|move|p1a: Tangrowth|Sleep Powder||[still]
|-fail|p1a: Tangrowth
|
|-weather|Sandstorm|[upkeep]
|-damage|p2a: Primarina|88/100 tox|[from] Sandstorm
|-damage|p1a: Tangrowth|88/100|[from] Sandstorm
|-damage|p2a: Primarina|82/100 tox|[from] psn
|upkeep
|turn|7
|
|t:|1600702935
|switch|p1a: Excadrill|Excadrill, M|100/100
|-damage|p1a: Excadrill|97/100|[from] Stealth Rock
|-ability|p1a: Excadrill|Mold Breaker
|move|p2a: Primarina|Moonblast|p1a: Excadrill
|-resisted|p1a: Excadrill
|-damage|p1a: Excadrill|66/100
|-unboost|p1a: Excadrill|spa|1
|
|-weather|Sandstorm|[upkeep]
|-damage|p2a: Primarina|76/100 tox|[from] Sandstorm
|-heal|p1a: Excadrill|72/100|[from] item: Leftovers
|-damage|p2a: Primarina|64/100 tox|[from] psn
|upkeep
|turn|8
|
|t:|1600702942
|switch|p2a: Hippowdon|Hippowdon, F|100/100
|move|p1a: Excadrill|Stealth Rock|p2a: Hippowdon
|-sidestart|p2: LT74PF KS|move: Stealth Rock
|
|-weather|none
|-heal|p1a: Excadrill|78/100|[from] item: Leftovers
|upkeep
|turn|9
|
|t:|1600702944
|switch|p1a: Tangrowth|Tangrowth, F|100/100
|-damage|p1a: Tangrowth|88/100|[from] Stealth Rock
|move|p2a: Hippowdon|Toxic|p1a: Tangrowth
|-status|p1a: Tangrowth|tox
|
|-damage|p1a: Tangrowth|82/100 tox|[from] psn
|upkeep
|turn|10
|
|t:|1600702953
|switch|p2a: Kyurem|Kyurem|78/100
|-damage|p2a: Kyurem|53/100|[from] Stealth Rock
|-ability|p2a: Kyurem|Pressure
|move|p1a: Tangrowth|Sludge Bomb|p2a: Kyurem
|-damage|p2a: Kyurem|33/100
|
|-damage|p1a: Tangrowth|70/100 tox|[from] psn
|upkeep
|turn|11
|
|t:|1600702957
|switch|p1a: Urshifu|Urshifu, F|4/100 frz
|-damage|p1a: Urshifu|0 fnt|[from] Stealth Rock
|faint|p1a: Urshifu
|move|p2a: Kyurem|Ice Beam|p1: Urshifu|[notarget]
|-fail|p2a: Kyurem
|
|upkeep
|
|t:|1600702959
|switch|p1a: Dragapult|Dragapult, M|100/100
|-damage|p1a: Dragapult|88/100|[from] Stealth Rock
|turn|12
|j| slobadd
|
|t:|1600702977
|switch|p2a: Zeraora|Zeraora|100/100
|-damage|p2a: Zeraora|88/100|[from] Stealth Rock
|move|p1a: Dragapult|Substitute|p1a: Dragapult
|-start|p1a: Dragapult|Substitute
|-damage|p1a: Dragapult|63/100
|
|-heal|p1a: Dragapult|69/100|[from] item: Leftovers
|upkeep
|turn|13
|
|t:|1600702981
|move|p2a: Zeraora|Knock Off|p1a: Dragapult
|-supereffective|p1a: Dragapult
|-end|p1a: Dragapult|Substitute
|move|p1a: Dragapult|Will-O-Wisp|p2a: Zeraora
|-status|p2a: Zeraora|brn
|
|-heal|p1a: Dragapult|75/100|[from] item: Leftovers
|-damage|p2a: Zeraora|82/100 brn|[from] brn
|upkeep
|turn|14
|
|t:|1600702984
|switch|p1a: Tangrowth|Tangrowth, F|100/100 tox
|-damage|p1a: Tangrowth|88/100 tox|[from] Stealth Rock
|move|p2a: Zeraora|Knock Off|p1a: Tangrowth
|-damage|p1a: Tangrowth|79/100 tox
|-damage|p2a: Zeraora|66/100 brn|[from] item: Rocky Helmet|[of] p1a: Tangrowth
|-enditem|p1a: Tangrowth|Rocky Helmet|[from] move: Knock Off|[of] p2a: Zeraora
|
|-damage|p2a: Zeraora|60/100 brn|[from] brn
|-damage|p1a: Tangrowth|73/100 tox|[from] psn
|upkeep
|turn|15
|
|t:|1600702991
|move|p2a: Zeraora|Knock Off|p1a: Tangrowth
|-damage|p1a: Tangrowth|65/100 tox
|move|p1a: Tangrowth|Giga Drain|p2a: Zeraora
|-damage|p2a: Zeraora|23/100 brn
|-heal|p1a: Tangrowth|80/100 tox|[from] drain|[of] p2a: Zeraora
|
|-damage|p2a: Zeraora|17/100 brn|[from] brn
|-damage|p1a: Tangrowth|67/100 tox|[from] psn
|upkeep
|turn|16
|
|t:|1600702994
|move|p2a: Zeraora|Blaze Kick|p1a: Tangrowth
|-supereffective|p1a: Tangrowth
|-damage|p1a: Tangrowth|53/100 tox
|move|p1a: Tangrowth|Giga Drain|p2a: Zeraora
|-damage|p2a: Zeraora|0 fnt
|-heal|p1a: Tangrowth|59/100 tox|[from] drain|[of] p2a: Zeraora
|faint|p2a: Zeraora
|
|-damage|p1a: Tangrowth|41/100 tox|[from] psn
|upkeep
|
|t:|1600702998
|switch|p2a: Kyurem|Kyurem|33/100
|-damage|p2a: Kyurem|9/100|[from] Stealth Rock
|-ability|p2a: Kyurem|Pressure
|turn|17
|
|t:|1600703008
|move|p2a: Kyurem|Ice Beam|p1a: Tangrowth
|-supereffective|p1a: Tangrowth
|-damage|p1a: Tangrowth|0 fnt
|-damage|p2a: Kyurem|0 fnt|[from] item: Life Orb
|faint|p1a: Tangrowth
|faint|p2a: Kyurem
|
|upkeep
|j| Lenape
|j| DragonHunter994
|inactive|Battle timer is ON: inactive players will automatically lose when time's up. (requested by ezwz)
|
|t:|1600703062
|switch|p2a: Hippowdon|Hippowdon, F|100/100
|switch|p1a: Dragapult|Dragapult, M|75/100
|-damage|p1a: Dragapult|63/100|[from] Stealth Rock
|-damage|p2a: Hippowdon|94/100|[from] Stealth Rock
|-weather|Sandstorm|[from] ability: Sand Stream|[of] p2a: Hippowdon
|turn|18
|
|t:|1600703084
|switch|p1a: Clefable|Clefable, F|100/100
|move|p2a: Hippowdon|Earthquake|p1a: Clefable
|-damage|p1a: Clefable|67/100
|
|-weather|Sandstorm|[upkeep]
|-heal|p1a: Clefable|73/100|[from] item: Leftovers
|upkeep
|turn|19
|
|t:|1600703092
|switch|p2a: Clefable|Clefable, M|100/100
|-damage|p2a: Clefable|88/100|[from] Stealth Rock
|move|p1a: Clefable|Thunder Wave|p2a: Clefable
|-status|p2a: Clefable|par
|
|-weather|Sandstorm|[upkeep]
|-damage|p2a: Clefable|82/100 par|[from] Sandstorm
|-heal|p1a: Clefable|79/100|[from] item: Leftovers
|-heal|p2a: Clefable|88/100 par|[from] item: Leftovers
|upkeep
|turn|20
|
|t:|1600703100
|move|p1a: Clefable|Calm Mind|p1a: Clefable
|-boost|p1a: Clefable|spa|1
|-boost|p1a: Clefable|spd|1
|cant|p2a: Clefable|par
|
|-weather|Sandstorm|[upkeep]
|-damage|p2a: Clefable|82/100 par|[from] Sandstorm
|-heal|p1a: Clefable|85/100|[from] item: Leftovers
|-heal|p2a: Clefable|88/100 par|[from] item: Leftovers
|upkeep
|turn|21
|
|t:|1600703103
|move|p1a: Clefable|Moonblast|p2a: Clefable
|-damage|p2a: Clefable|60/100 par
|move|p2a: Clefable|Teleport|p2a: Clefable
|
|t:|1600703109
|switch|p2a: Cinderace|Cinderace, M|100/100|[from]move: Teleport
|
|-weather|Sandstorm|[upkeep]
|-damage|p2a: Cinderace|95/100|[from] Sandstorm
|-heal|p1a: Clefable|91/100|[from] item: Leftovers
|upkeep
|turn|22
|
|t:|1600703120
|move|p2a: Cinderace|Gunk Shot|p1a: Clefable
|-start|p2a: Cinderace|typechange|Poison|[from] ability: Libero
|-supereffective|p1a: Clefable
|-damage|p1a: Clefable|0 fnt
|faint|p1a: Clefable
|
|-weather|none
|upkeep
|
|t:|1600703125
|switch|p1a: Dragapult|Dragapult, M|63/100
|-damage|p1a: Dragapult|51/100|[from] Stealth Rock
|turn|23
|
|t:|1600703130
|switch|p2a: Clefable|Clefable, M|60/100 par
|-damage|p2a: Clefable|47/100 par|[from] Stealth Rock
|move|p1a: Dragapult|Will-O-Wisp||[still]
|-fail|p1a: Dragapult
|
|-heal|p1a: Dragapult|57/100|[from] item: Leftovers
|-heal|p2a: Clefable|53/100 par|[from] item: Leftovers
|upkeep
|turn|24
|
|t:|1600703133
|move|p1a: Dragapult|Hex|p2a: Clefable
|-damage|p2a: Clefable|0 fnt
|faint|p2a: Clefable
|
|-heal|p1a: Dragapult|63/100|[from] item: Leftovers
|upkeep
|
|t:|1600703140
|switch|p2a: Primarina|Primarina, F|64/100 tox
|-damage|p2a: Primarina|52/100 tox|[from] Stealth Rock
|turn|25
|
|t:|1600703157
|move|p1a: Dragapult|Hex|p2a: Primarina
|-damage|p2a: Primarina|0 fnt
|faint|p2a: Primarina
|
|-heal|p1a: Dragapult|69/100|[from] item: Leftovers
|upkeep
|
|t:|1600703166
|switch|p2a: Cinderace|Cinderace, M|95/100
|turn|26
|
|t:|1600703176
|move|p1a: Dragapult|Dragon Darts|p2a: Cinderace
|-damage|p2a: Cinderace|65/100
|-anim|p1a: Dragapult|Dragon Darts|p2a: Cinderace
|-damage|p2a: Cinderace|35/100
|move|p2a: Cinderace|Pyro Ball|p1a: Dragapult|[miss]
|-miss|p2a: Cinderace|p1a: Dragapult
|
|-heal|p1a: Dragapult|75/100|[from] item: Leftovers
|upkeep
|turn|27
|
|t:|1600703182
|move|p1a: Dragapult|Substitute|p1a: Dragapult
|-start|p1a: Dragapult|Substitute
|-damage|p1a: Dragapult|50/100
|move|p2a: Cinderace|Pyro Ball|p1a: Dragapult
|-resisted|p1a: Dragapult
|-end|p1a: Dragapult|Substitute
|
|-heal|p1a: Dragapult|56/100|[from] item: Leftovers
|upkeep
|turn|28
|
|t:|1600703185
|move|p1a: Dragapult|Hex|p2a: Cinderace
|-damage|p2a: Cinderace|0 fnt
|faint|p2a: Cinderace
|
|-heal|p1a: Dragapult|62/100|[from] item: Leftovers
|upkeep
|
|t:|1600703187
|switch|p2a: Hippowdon|Hippowdon, F|94/100
|-damage|p2a: Hippowdon|88/100|[from] Stealth Rock
|-weather|Sandstorm|[from] ability: Sand Stream|[of] p2a: Hippowdon
|turn|29
|
|t:|1600703194
|move|p1a: Dragapult|Will-O-Wisp|p2a: Hippowdon
|-status|p2a: Hippowdon|brn
|move|p2a: Hippowdon|Earthquake|p1a: Dragapult
|-damage|p1a: Dragapult|33/100
|
|-weather|Sandstorm|[upkeep]
|-damage|p1a: Dragapult|27/100|[from] Sandstorm
|-heal|p1a: Dragapult|33/100|[from] item: Leftovers
|-damage|p2a: Hippowdon|82/100 brn|[from] brn
|upkeep
|turn|30
|
|t:|1600703197
|move|p1a: Dragapult|Hex|p2a: Hippowdon
|-damage|p2a: Hippowdon|16/100 brn
|move|p2a: Hippowdon|Earthquake|p1a: Dragapult
|-damage|p1a: Dragapult|3/100
|
|-weather|Sandstorm|[upkeep]
|-damage|p1a: Dragapult|0 fnt|[from] Sandstorm
|faint|p1a: Dragapult
|-damage|p2a: Hippowdon|10/100 brn|[from] brn
|upkeep
|
|t:|1600703200
|switch|p1a: Excadrill|Excadrill, M|78/100
|-damage|p1a: Excadrill|75/100|[from] Stealth Rock
|-ability|p1a: Excadrill|Mold Breaker
|turn|31
|
|t:|1600703203
|move|p1a: Excadrill|Earthquake|p2a: Hippowdon
|-damage|p2a: Hippowdon|0 fnt
|faint|p2a: Hippowdon
|
|win|ezwz
|l|☆LT74PF KS
