|j|☆Delibird Heart
|j|☆smokey jail
|t:|1662328726
|gametype|singles
|player|p1|Delibird Heart|guitarist-gen4|1509
|player|p2|smokey jail|pokemaniac|1573
|teamsize|p1|6
|teamsize|p2|6
|gen|8
|tier|[Gen 8] OU
|rated|
|rule|Sleep Clause Mod: Limit one foe put to sleep
|rule|Species Clause: Limit one of each Pokémon
|rule|OHKO Clause: OHKO moves are banned
|rule|Evasion Items Clause: Evasion items are banned
|rule|Evasion Moves Clause: Evasion moves are banned
|rule|Endless Battle Clause: Forcing endless battles is banned
|rule|HP Percentage Mod: HP is shown in percentages
|rule|Dynamax Clause: You cannot dynamax
|clearpoke
|poke|p1|Ninetales-Alola, F|
|poke|p1|Arctozolt|
|poke|p1|Blissey, F|
|poke|p1|Zapdos|
|poke|p1|Garchomp, M|
|poke|p1|Ferrothorn, F|
|poke|p2|Rillaboom, M|
|poke|p2|Tornadus-Therian, M|
|poke|p2|Blaziken, F|
|poke|p2|Melmetal|
|poke|p2|Garchomp, M|
|poke|p2|Slowbro, M|
|teampreview
|inactive|Battle timer is ON: inactive players will automatically lose when time's up. (requested by Delibird Heart)
|inactive|smokey jail has 120 seconds left.
|
|t:|1662328775
|start
|switch|p1a: Garchomp|Garchomp, M|100/100
|switch|p2a: Melmetal|Melmetal|100/100
|turn|1
|
|t:|1662328783
|switch|p1a: Ferrothorn|Ferrothorn, F|100/100
|switch|p2a: Tornadus|Tornadus-Therian, M|100/100
|
|upkeep
|turn|2
|
|t:|1662328802
|switch|p1a: Blissey|Blissey, F|100/100
|move|p2a: Tornadus|Heat Wave|p1a: Blissey
|-damage|p1a: Blissey|92/100
|
|upkeep
|turn|3
|
|t:|1662328810
|switch|p2a: Melmetal|Melmetal|100/100
|move|p1a: Blissey|Teleport|p1a: Blissey
|inactive|Delibird Heart has 120 seconds left.
|
|t:|1662328838
|switch|p1a: Zapdos|Zapdos|100/100|[from]move: Teleport
|
|upkeep
|turn|4
|inactive|Delibird Heart has 120 seconds left.
|
|t:|1662328860
|switch|p1a: Ferrothorn|Ferrothorn, F|100/100
|switch|p2a: Garchomp|Garchomp, M|100/100
|
|upkeep
|turn|5
|inactive|Delibird Heart has 120 seconds left.
|
|t:|1662328891
|switch|p1a: Ninetales|Ninetales-Alola, F|100/100
|-weather|Hail|[from] ability: Snow Warning|[of] p1a: Ninetales
|move|p2a: Garchomp|Stealth Rock|p1a: Ninetales
|-sidestart|p1: Delibird Heart|move: Stealth Rock
|
|-weather|Hail|[upkeep]
|-damage|p2a: Garchomp|94/100|[from] Hail
|-heal|p2a: Garchomp|100/100|[from] item: Leftovers
|upkeep
|turn|6
|
|t:|1662328898
|switch|p2a: Melmetal|Melmetal|100/100
|move|p1a: Ninetales|Blizzard|p2a: Melmetal
|-resisted|p2a: Melmetal
|-damage|p2a: Melmetal|82/100
|
|-weather|Hail|[upkeep]
|-damage|p2a: Melmetal|76/100|[from] Hail
|-heal|p2a: Melmetal|82/100|[from] item: Leftovers
|upkeep
|turn|7
|
|t:|1662328900
|switch|p1a: Zapdos|Zapdos|100/100
|move|p2a: Melmetal|Double Iron Bash|p1a: Zapdos
|-resisted|p1a: Zapdos
|-damage|p1a: Zapdos|86/100
|-resisted|p1a: Zapdos
|-damage|p1a: Zapdos|69/100
|-hitcount|p1a: Zapdos|2
|
|-weather|Hail|[upkeep]
|-damage|p1a: Zapdos|63/100|[from] Hail
|-damage|p2a: Melmetal|76/100|[from] Hail
|-heal|p2a: Melmetal|82/100|[from] item: Leftovers
|upkeep
|turn|8
|
|t:|1662328910
|move|p1a: Zapdos|Defog|p2a: Melmetal
|-unboost|p2a: Melmetal|evasion|1
|-sideend|p1: Delibird Heart|Stealth Rock|[from] move: Defog|[of] p1a: Zapdos
|move|p2a: Melmetal|Thunder Punch|p1a: Zapdos
|-damage|p1a: Zapdos|35/100
|-status|p2a: Melmetal|par|[from] ability: Static|[of] p1a: Zapdos
|
|-weather|Hail|[upkeep]
|-damage|p1a: Zapdos|29/100|[from] Hail
|-damage|p2a: Melmetal|76/100 par|[from] Hail
|-heal|p2a: Melmetal|82/100 par|[from] item: Leftovers
|upkeep
|turn|9
|
|t:|1662328913
|move|p1a: Zapdos|Roost|p1a: Zapdos
|-heal|p1a: Zapdos|79/100
|-singleturn|p1a: Zapdos|move: Roost
|move|p2a: Melmetal|Thunder Punch|p1a: Zapdos
|-resisted|p1a: Zapdos
|-damage|p1a: Zapdos|67/100
|
|-weather|Hail|[upkeep]
|-damage|p1a: Zapdos|61/100|[from] Hail
|-damage|p2a: Melmetal|76/100 par|[from] Hail
|-heal|p2a: Melmetal|82/100 par|[from] item: Leftovers
|upkeep
|turn|10
|
|t:|1662328945
|switch|p1a: Ferrothorn|Ferrothorn, F|100/100
|switch|p2a: Garchomp|Garchomp, M|100/100
|
|-weather|Hail|[upkeep]
|-damage|p2a: Garchomp|94/100|[from] Hail
|-damage|p1a: Ferrothorn|95/100|[from] Hail
|-heal|p2a: Garchomp|100/100|[from] item: Leftovers
|-heal|p1a: Ferrothorn|100/100|[from] item: Leftovers
|upkeep
|turn|11
|
|t:|1662328959
|move|p2a: Garchomp|Stealth Rock|p1a: Ferrothorn
|-sidestart|p1: Delibird Heart|move: Stealth Rock
|move|p1a: Ferrothorn|Spikes|p2a: Garchomp
|-sidestart|p2: smokey jail|Spikes
|
|-weather|Hail|[upkeep]
|-damage|p2a: Garchomp|94/100|[from] Hail
|-damage|p1a: Ferrothorn|95/100|[from] Hail
|-heal|p2a: Garchomp|100/100|[from] item: Leftovers
|-heal|p1a: Ferrothorn|100/100|[from] item: Leftovers
|upkeep
|turn|12
|
|t:|1662328964
|switch|p2a: Tornadus|Tornadus-Therian, M|100/100
|move|p1a: Ferrothorn|Knock Off|p2a: Tornadus
|-damage|p2a: Tornadus|76/100
|-enditem|p2a: Tornadus|Heavy-Duty Boots|[from] move: Knock Off|[of] p1a: Ferrothorn
|
|-weather|none
|upkeep
|turn|13
|
|t:|1662328973
|move|p2a: Tornadus|Heat Wave|p1a: Ferrothorn
|-supereffective|p1a: Ferrothorn
|-damage|p1a: Ferrothorn|21/100
|move|p1a: Ferrothorn|Gyro Ball|p2a: Tornadus
|-damage|p2a: Tornadus|23/100
|
|-heal|p1a: Ferrothorn|27/100|[from] item: Leftovers
|upkeep
|turn|14
|
|t:|1662328997
|switch|p1a: Zapdos|Zapdos|61/100
|move|p2a: Tornadus|Heat Wave|p1a: Zapdos
|-damage|p1a: Zapdos|37/100
|
|upkeep
|turn|15
|
|t:|1662329004
|switch|p2a: Garchomp|Garchomp, M|100/100
|-damage|p2a: Garchomp|88/100|[from] Spikes
|move|p1a: Zapdos|Roost|p1a: Zapdos
|-heal|p1a: Zapdos|87/100
|-singleturn|p1a: Zapdos|move: Roost
|
|-heal|p2a: Garchomp|94/100|[from] item: Leftovers
|upkeep
|turn|16
|
|t:|1662329019
|switch|p1a: Garchomp|Garchomp, M|100/100
|-damage|p1a: Garchomp|94/100|[from] Stealth Rock
|move|p2a: Garchomp|Toxic|p1a: Garchomp
|-status|p1a: Garchomp|tox
|
|-heal|p2a: Garchomp|100/100|[from] item: Leftovers
|-damage|p1a: Garchomp|88/100 tox|[from] psn
|upkeep
|turn|17
|
|t:|1662329028
|move|p2a: Garchomp|Protect|p2a: Garchomp
|-singleturn|p2a: Garchomp|Protect
|move|p1a: Garchomp|Toxic|p2a: Garchomp
|-activate|p2a: Garchomp|move: Protect
|
|-damage|p1a: Garchomp|76/100 tox|[from] psn
|upkeep
|turn|18
|
|t:|1662329034
|switch|p2a: Tornadus|Tornadus-Therian, M|56/100
|move|p1a: Garchomp|Stealth Rock|p2a: Tornadus
|-sidestart|p2: smokey jail|move: Stealth Rock
|
|-damage|p1a: Garchomp|57/100 tox|[from] psn
|upkeep
|turn|19
|
|t:|1662329038
|move|p2a: Tornadus|Defog|p1a: Garchomp
|-unboost|p1a: Garchomp|evasion|1
|-sideend|p1: Delibird Heart|Stealth Rock|[from] move: Defog|[of] p2a: Tornadus
|-sideend|p2: smokey jail|Spikes|[from] move: Defog|[of] p2a: Tornadus
|-sideend|p2: smokey jail|Stealth Rock|[from] move: Defog|[of] p2a: Tornadus
|move|p1a: Garchomp|Rest|p1a: Garchomp
|-status|p1a: Garchomp|slp|[from] move: Rest
|-heal|p1a: Garchomp|100/100 slp|[silent]
|
|upkeep
|turn|20
|
|t:|1662329049
|move|p2a: Tornadus|Knock Off|p1a: Garchomp
|-damage|p1a: Garchomp|87/100 slp
|-damage|p2a: Tornadus|44/100|[from] ability: Rough Skin|[of] p1a: Garchomp
|-damage|p2a: Tornadus|27/100|[from] item: Rocky Helmet|[of] p1a: Garchomp
|-enditem|p1a: Garchomp|Rocky Helmet|[from] move: Knock Off|[of] p2a: Tornadus
|cant|p1a: Garchomp|slp
|
|upkeep
|turn|21
|
|t:|1662329057
|switch|p2a: Slowbro|Slowbro, M|100/100
|cant|p1a: Garchomp|slp
|
|upkeep
|turn|22
|
|t:|1662329062
|-curestatus|p1a: Garchomp|slp|[msg]
|move|p1a: Garchomp|Stealth Rock|p2a: Slowbro
|-sidestart|p2: smokey jail|move: Stealth Rock
|move|p2a: Slowbro|Future Sight|p1a: Garchomp
|-start|p2a: Slowbro|move: Future Sight
|
|upkeep
|turn|23
|
|t:|1662329068
|move|p1a: Garchomp|Toxic|p2a: Slowbro
|-status|p2a: Slowbro|tox
|move|p2a: Slowbro|Teleport|p2a: Slowbro
|
|t:|1662329076
|switch|p2a: Tornadus|Tornadus-Therian, M|60/100|[from]move: Teleport
|-damage|p2a: Tornadus|36/100|[from] Stealth Rock
|
|upkeep
|turn|24
|
|t:|1662329086
|move|p2a: Tornadus|Defog|p1a: Garchomp
|-unboost|p1a: Garchomp|evasion|1
|-sideend|p2: smokey jail|Stealth Rock|[from] move: Defog|[of] p2a: Tornadus
|move|p1a: Garchomp|Toxic|p2a: Tornadus
|-status|p2a: Tornadus|tox
|
|-end|p1a: Garchomp|move: Future Sight
|-damage|p1a: Garchomp|50/100
|-damage|p2a: Tornadus|30/100 tox|[from] psn
|upkeep
|turn|25
|inactive|Delibird Heart has 120 seconds left.
|inactive|smokey jail has 120 seconds left.
|
|t:|1662329139
|switch|p2a: Rillaboom|Rillaboom, M|100/100
|-fieldstart|move: Grassy Terrain|[from] ability: Grassy Surge|[of] p2a: Rillaboom
|move|p1a: Garchomp|Stealth Rock|p2a: Rillaboom
|-sidestart|p2: smokey jail|move: Stealth Rock
|
|-heal|p1a: Garchomp|56/100|[from] Grassy Terrain
|upkeep
|turn|26
|inactive|smokey jail has 120 seconds left.
|
|t:|1662329156
|switch|p2a: Garchomp|Garchomp, M|100/100
|-damage|p2a: Garchomp|94/100|[from] Stealth Rock
|move|p1a: Garchomp|Toxic|p2a: Garchomp
|-status|p2a: Garchomp|tox
|
|-heal|p1a: Garchomp|63/100|[from] Grassy Terrain
|-heal|p2a: Garchomp|100/100 tox|[from] Grassy Terrain
|-damage|p2a: Garchomp|94/100 tox|[from] psn
|upkeep
|turn|27
|inactive|smokey jail has 120 seconds left.
|
|t:|1662329169
|switch|p1a: Ninetales|Ninetales-Alola, F|100/100
|-weather|Hail|[from] ability: Snow Warning|[of] p1a: Ninetales
|move|p2a: Garchomp|Toxic|p1a: Ninetales
|-status|p1a: Ninetales|tox
|
|-weather|Hail|[upkeep]
|-damage|p2a: Garchomp|88/100 tox|[from] Hail
|-heal|p2a: Garchomp|94/100 tox|[from] Grassy Terrain
|-heal|p2a: Garchomp|100/100 tox|[from] item: Leftovers
|-damage|p1a: Ninetales|95/100 tox|[from] psn
|-damage|p2a: Garchomp|88/100 tox|[from] psn
|upkeep
|turn|28
|inactive|smokey jail has 120 seconds left.
|
|t:|1662329182
|switch|p2a: Melmetal|Melmetal|82/100 par
|-damage|p2a: Melmetal|76/100 par|[from] Stealth Rock
|move|p1a: Ninetales|Blizzard|p2a: Melmetal
|-resisted|p2a: Melmetal
|-damage|p2a: Melmetal|56/100 par
|
|-weather|Hail|[upkeep]
|-damage|p2a: Melmetal|50/100 par|[from] Hail
|-heal|p1a: Ninetales|100/100 tox|[from] Grassy Terrain
|-heal|p2a: Melmetal|56/100 par|[from] Grassy Terrain
|-heal|p2a: Melmetal|62/100 par|[from] item: Leftovers
|-damage|p1a: Ninetales|89/100 tox|[from] psn
|upkeep
|turn|29
|inactive|smokey jail has 120 seconds left.
|
|t:|1662329196
|switch|p1a: Ferrothorn|Ferrothorn, F|27/100
|move|p2a: Melmetal|Double Iron Bash|p1a: Ferrothorn
|-resisted|p1a: Ferrothorn
|-crit|p1a: Ferrothorn
|-damage|p1a: Ferrothorn|6/100
|-damage|p2a: Melmetal|50/100 par|[from] ability: Iron Barbs|[of] p1a: Ferrothorn
|-resisted|p1a: Ferrothorn
|-damage|p1a: Ferrothorn|0 fnt
|-damage|p2a: Melmetal|38/100 par|[from] ability: Iron Barbs|[of] p1a: Ferrothorn
|faint|p1a: Ferrothorn
|-hitcount|p1: Ferrothorn|2
|
|-weather|Hail|[upkeep]
|-damage|p2a: Melmetal|32/100 par|[from] Hail
|-heal|p2a: Melmetal|38/100 par|[from] Grassy Terrain
|-heal|p2a: Melmetal|44/100 par|[from] item: Leftovers
|-fieldend|move: Grassy Terrain
|upkeep
|
|t:|1662329217
|switch|p1a: Arctozolt|Arctozolt|100/100
|turn|30
|
|t:|1662329227
|move|p2a: Melmetal|Protect|p2a: Melmetal
|-singleturn|p2a: Melmetal|Protect
|move|p1a: Arctozolt|Bolt Beak|p2a: Melmetal
|-activate|p2a: Melmetal|move: Protect
|
|-weather|Hail|[upkeep]
|-damage|p2a: Melmetal|38/100 par|[from] Hail
|-heal|p2a: Melmetal|44/100 par|[from] item: Leftovers
|upkeep
|turn|31
|
|t:|1662329233
|move|p1a: Arctozolt|Bolt Beak|p2a: Melmetal
|-damage|p2a: Melmetal|0 fnt
|faint|p2a: Melmetal
|-damage|p1a: Arctozolt|91/100|[from] item: Life Orb
|
|-weather|Hail|[upkeep]
|upkeep
|inactive|smokey jail has 120 seconds left.
|
|t:|1662329279
|switch|p2a: Blaziken|Blaziken, F|100/100
|-damage|p2a: Blaziken|88/100|[from] Stealth Rock
|turn|32
|inactive|Delibird Heart has 120 seconds left.
|inactive|Delibird Heart has 90 seconds left.
|inactive|smokey jail has 90 seconds left.
|
|t:|1662329346
|move|p2a: Blaziken|Protect|p2a: Blaziken
|-singleturn|p2a: Blaziken|Protect
|move|p1a: Arctozolt|Bolt Beak|p2a: Blaziken
|-activate|p2a: Blaziken|move: Protect
|
|-weather|Hail|[upkeep]
|-damage|p2a: Blaziken|82/100|[from] Hail
|-heal|p2a: Blaziken|88/100|[from] item: Leftovers
|-ability|p2a: Blaziken|Speed Boost|boost
|-boost|p2a: Blaziken|spe|1
|upkeep
|turn|33
|
|t:|1662329359
|switch|p2a: Garchomp|Garchomp, M|88/100 tox
|-damage|p2a: Garchomp|82/100 tox|[from] Stealth Rock
|move|p1a: Arctozolt|Bolt Beak|p2a: Garchomp
|-immune|p2a: Garchomp
|
|-weather|Hail|[upkeep]
|-damage|p2a: Garchomp|76/100 tox|[from] Hail
|-heal|p2a: Garchomp|82/100 tox|[from] item: Leftovers
|-damage|p2a: Garchomp|76/100 tox|[from] psn
|upkeep
|turn|34
|
|t:|1662329366
|move|p2a: Garchomp|Protect|p2a: Garchomp
|-singleturn|p2a: Garchomp|Protect
|move|p1a: Arctozolt|Icicle Crash|p2a: Garchomp
|-activate|p2a: Garchomp|move: Protect
|
|-weather|none
|-heal|p2a: Garchomp|82/100 tox|[from] item: Leftovers
|-damage|p2a: Garchomp|69/100 tox|[from] psn
|upkeep
|turn|35
|inactive|Delibird Heart has 90 seconds left.
|inactive|smokey jail has 60 seconds left.
|
|t:|1662329425
|switch|p2a: Rillaboom|Rillaboom, M|100/100
|-damage|p2a: Rillaboom|88/100|[from] Stealth Rock
|-fieldstart|move: Grassy Terrain|[from] ability: Grassy Surge|[of] p2a: Rillaboom
|switch|p1a: Blissey|Blissey, F|92/100
|
|-heal|p2a: Rillaboom|94/100|[from] Grassy Terrain
|-heal|p2a: Rillaboom|100/100|[from] item: Leftovers
|-heal|p1a: Blissey|98/100|[from] Grassy Terrain
|upkeep
|turn|36
|
|t:|1662329454
|switch|p1a: Zapdos|Zapdos|87/100
|move|p2a: Rillaboom|Knock Off|p1a: Zapdos
|-damage|p1a: Zapdos|62/100
|-enditem|p1a: Zapdos|Heavy-Duty Boots|[from] move: Knock Off|[of] p2a: Rillaboom
|
|upkeep
|turn|37
|inactive|smokey jail has 30 seconds left.
|
|t:|1662329471
|switch|p2a: Garchomp|Garchomp, M|69/100 tox
|-damage|p2a: Garchomp|63/100 tox|[from] Stealth Rock
|move|p1a: Zapdos|Roost|p1a: Zapdos
|-heal|p1a: Zapdos|100/100
|-singleturn|p1a: Zapdos|move: Roost
|
|-heal|p2a: Garchomp|69/100 tox|[from] Grassy Terrain
|-heal|p2a: Garchomp|76/100 tox|[from] item: Leftovers
|-damage|p2a: Garchomp|69/100 tox|[from] psn
|upkeep
|turn|38
|inactive|Delibird Heart has 60 seconds left.
|inactive|smokey jail has 30 seconds left.
|
|t:|1662329511
|move|p2a: Garchomp|Earthquake|p1a: Zapdos
|-immune|p1a: Zapdos
|move|p1a: Zapdos|Heat Wave|p2a: Garchomp
|-resisted|p2a: Garchomp
|-damage|p2a: Garchomp|61/100 tox
|
|-heal|p2a: Garchomp|67/100 tox|[from] Grassy Terrain
|-heal|p2a: Garchomp|73/100 tox|[from] item: Leftovers
|-damage|p2a: Garchomp|61/100 tox|[from] psn
|upkeep
|turn|39
|inactive|smokey jail has 30 seconds left.
|inactive|smokey jail has 20 seconds left.
|
|t:|1662329528
|switch|p1a: Ninetales|Ninetales-Alola, F|89/100 tox
|-weather|Hail|[from] ability: Snow Warning|[of] p1a: Ninetales
|move|p2a: Garchomp|Toxic|p1a: Ninetales
|-fail|p1a: Ninetales|tox
|
|-weather|Hail|[upkeep]
|-damage|p2a: Garchomp|54/100 tox|[from] Hail
|-heal|p1a: Ninetales|95/100 tox|[from] Grassy Terrain
|-heal|p2a: Garchomp|61/100 tox|[from] Grassy Terrain
|-heal|p2a: Garchomp|67/100 tox|[from] item: Leftovers
|-damage|p1a: Ninetales|89/100 tox|[from] psn
|-damage|p2a: Garchomp|48/100 tox|[from] psn
|-fieldend|move: Grassy Terrain
|upkeep
|turn|40
|inactive|smokey jail has 30 seconds left this turn.
|
|t:|1662329538
|switch|p2a: Slowbro|Slowbro, M|100/100 tox
|-damage|p2a: Slowbro|88/100 tox|[from] Stealth Rock
|move|p1a: Ninetales|Moonblast|p2a: Slowbro
|-damage|p2a: Slowbro|50/100 tox
|-unboost|p2a: Slowbro|spa|1
|
|-weather|Hail|[upkeep]
|-damage|p2a: Slowbro|44/100 tox|[from] Hail
|-damage|p1a: Ninetales|77/100 tox|[from] psn
|-damage|p2a: Slowbro|38/100 tox|[from] psn
|upkeep
|turn|41
|inactive|smokey jail has 30 seconds left.
|
|t:|1662329545
|move|p1a: Ninetales|Moonblast|p2a: Slowbro
|-damage|p2a: Slowbro|0 fnt
|faint|p2a: Slowbro
|
|-weather|Hail|[upkeep]
|-damage|p1a: Ninetales|59/100 tox|[from] psn
|upkeep
|inactive|smokey jail has 30 seconds left.
|inactive|smokey jail has 20 seconds left.
|inactive|smokey jail has 15 seconds left.
|
|t:|1662329567
|switch|p2a: Blaziken|Blaziken, F|88/100
|-damage|p2a: Blaziken|76/100|[from] Stealth Rock
|turn|42
|inactive|smokey jail has 25 seconds left this turn.
|inactive|Delibird Heart has 60 seconds left.
|inactive|smokey jail has 20 seconds left.
|inactive|Delibird Heart has 30 seconds left.
|inactive|smokey jail has 15 seconds left.
|
|t:|1662329617
|switch|p1a: Zapdos|Zapdos|100/100
|move|p2a: Blaziken|Flare Blitz|p1a: Zapdos
|-damage|p1a: Zapdos|56/100
|-status|p1a: Zapdos|brn
|-damage|p2a: Blaziken|59/100|[from] Recoil
|
|-weather|Hail|[upkeep]
|-damage|p1a: Zapdos|50/100 brn|[from] Hail
|-damage|p2a: Blaziken|53/100|[from] Hail
|-heal|p2a: Blaziken|59/100|[from] item: Leftovers
|-damage|p1a: Zapdos|44/100 brn|[from] brn
|-ability|p2a: Blaziken|Speed Boost|boost
|-boost|p2a: Blaziken|spe|1
|upkeep
|turn|43
|inactive|smokey jail has 25 seconds left this turn.
|inactive|Delibird Heart has 30 seconds left.
|inactive|smokey jail has 20 seconds left.
|inactive|smokey jail has 15 seconds left.
|inactive|smokey jail has 10 seconds left.
|
|t:|1662329635
|switch|p2a: Tornadus|Tornadus-Therian, M|63/100 tox
|-damage|p2a: Tornadus|38/100 tox|[from] Stealth Rock
|move|p1a: Zapdos|Volt Switch|p2a: Tornadus
|-supereffective|p2a: Tornadus
|-damage|p2a: Tornadus|0 fnt
|faint|p2a: Tornadus
|inactive|smokey jail has 15 seconds left this turn.
|inactive|Delibird Heart has 30 seconds left.
|inactive|Delibird Heart has 20 seconds left.
|inactive|Delibird Heart has 15 seconds left.
|
|t:|1662329658
|switch|p1a: Arctozolt|Arctozolt|91/100|[from]move: Volt Switch
|
|-weather|Hail|[upkeep]
|upkeep
|inactive|Delibird Heart has 20 seconds left this turn.
|inactive|smokey jail has 20 seconds left this turn.
|inactive|smokey jail has 15 seconds left.
|inactive|smokey jail has 10 seconds left.
|
|t:|1662329670
|switch|p2a: Rillaboom|Rillaboom, M|100/100
|-damage|p2a: Rillaboom|88/100|[from] Stealth Rock
|-fieldstart|move: Grassy Terrain|[from] ability: Grassy Surge|[of] p2a: Rillaboom
|turn|44
|inactive|Delibird Heart has 30 seconds left this turn.
|inactive|smokey jail has 20 seconds left this turn.
|inactive|Delibird Heart has 20 seconds left.
|
|t:|1662329682
|move|p1a: Arctozolt|Icicle Crash|p2a: Rillaboom
|-supereffective|p2a: Rillaboom
|-crit|p2a: Rillaboom
|-damage|p2a: Rillaboom|0 fnt
|faint|p2a: Rillaboom
|-damage|p1a: Arctozolt|81/100|[from] item: Life Orb
|
|-weather|Hail|[upkeep]
|-heal|p1a: Arctozolt|87/100|[from] Grassy Terrain
|upkeep
|inactive|Delibird Heart has 25 seconds left this turn.
|inactive|smokey jail has 25 seconds left this turn.
|inactive|smokey jail has 20 seconds left.
|
|t:|1662329690
|switch|p2a: Blaziken|Blaziken, F|59/100
|-damage|p2a: Blaziken|47/100|[from] Stealth Rock
|turn|45
|inactive|smokey jail has 30 seconds left this turn.
|inactive|Delibird Heart has 30 seconds left.
|
|t:|1662329700
|move|p1a: Arctozolt|Bolt Beak|p2a: Blaziken
|-damage|p2a: Blaziken|0 fnt
|faint|p2a: Blaziken
|-damage|p1a: Arctozolt|77/100|[from] item: Life Orb
|
|-weather|Hail|[upkeep]
|-heal|p1a: Arctozolt|83/100|[from] Grassy Terrain
|upkeep
|inactive|smokey jail has 30 seconds left this turn.
|-message|smokey jail forfeited.
|
|win|Delibird Heart
|inactive|smokey jail has 30 seconds left this turn.
|raw|Delibird Heart's rating: 1509 &rarr; <strong>1533</strong><br />(+24 for winning)
|raw|smokey jail's rating: 1573 &rarr; <strong>1549</strong><br />(-24 for losing)
|l|☆smokey jail
||Ladder isn't responding, score probably updated but might not have (Request timeout).
