|html|<div class="broadcast-blue"><strong>[Gen 8] OU is currently suspecting Spectrier! For information on how to participate check out the <a href="https://www.smogon.com/forums/threads/np-ss-ou-suspect-process-round-9-old-town-road.3676744/">suspect thread</a>.</strong></div>
|j|☆damorush
|j|☆Zmon8426
|t:|1612426842
|player|p1|damorush|steven|1448
|player|p2|Zmon8426|2|1456
|teamsize|p1|6
|teamsize|p2|6
|gametype|singles
|gen|8
|tier|[Gen 8] OU
|rated|
|clearpoke
|poke|p1|Urshifu-*, F|
|poke|p1|Spectrier|
|poke|p1|Heatran, F|
|poke|p1|Tapu Koko|
|poke|p1|Shuckle, M|
|poke|p1|Hawlucha, M|
|poke|p2|Tapu Koko|
|poke|p2|Raichu-Alola, F|
|poke|p2|Buzzwole|
|poke|p2|Victini|
|poke|p2|Rotom-Wash|
|poke|p2|Landorus-Therian, M|
|rule|Sleep Clause Mod: Limit one foe put to sleep
|rule|Species Clause: Limit one of each Pokémon
|rule|OHKO Clause: OHKO moves are banned
|rule|Evasion Moves Clause: Evasion moves are banned
|rule|Endless Battle Clause: Forcing endless battles is banned
|rule|HP Percentage Mod: HP is shown in percentages
|rule|Dynamax Clause: You cannot dynamax
|teampreview
|inactive|Battle timer is ON: inactive players will automatically lose when time's up. (requested by Zmon8426)
|j| SkyQueen
|
|t:|1612426856
|start
|switch|p1a: Shuckle|Shuckle, M|100/100
|switch|p2a: Tapu Koko|Tapu Koko|100/100
|-fieldstart|move: Electric Terrain|[from] ability: Electric Surge|[of] p2a: Tapu Koko
|turn|1
|
|t:|1612426871
|move|p2a: Tapu Koko|Thunderbolt|p1a: Shuckle
|-damage|p1a: Shuckle|66/100
|-status|p1a: Shuckle|par
|-enditem|p1a: Shuckle|Red Card|[of] p2a: Tapu Koko
|drag|p2a: Raichu|Raichu-Alola, F|100/100
|move|p1a: Shuckle|Sticky Web|p2a: Raichu
|-sidestart|p2: Zmon8426|move: Sticky Web
|
|upkeep
|turn|2
|
|t:|1612426881
|move|p2a: Raichu|Rising Voltage|p1a: Shuckle
|-damage|p1a: Shuckle|0 fnt
|faint|p1a: Shuckle
|
|upkeep
|
|t:|1612426893
|switch|p1a: Heatran|Heatran, F|100/100
|turn|3
|
|t:|1612426899
|move|p2a: Raichu|Rising Voltage|p1a: Heatran
|-damage|p1a: Heatran|0 fnt
|faint|p1a: Heatran
|
|upkeep
|
|t:|1612426905
|switch|p1a: Tapu Koko|Tapu Koko|100/100
|turn|4
|
|t:|1612426908
|move|p2a: Raichu|Rising Voltage|p1a: Tapu Koko
|-resisted|p1a: Tapu Koko
|-damage|p1a: Tapu Koko|25/100
|move|p1a: Tapu Koko|U-turn|p2a: Raichu
|-supereffective|p2a: Raichu
|-damage|p2a: Raichu|24/100
|
|t:|1612426914
|switch|p1a: Urshifu|Urshifu-Rapid-Strike, F|100/100|[from]move: U-turn
|
|upkeep
|turn|5
|
|t:|1612426921
|switch|p2a: Buzzwole|Buzzwole|100/100
|-activate|p2a: Buzzwole|move: Sticky Web
|-unboost|p2a: Buzzwole|spe|1
|move|p1a: Urshifu|Aqua Jet|p2a: Buzzwole
|-damage|p2a: Buzzwole|87/100
|-damage|p1a: Urshifu|84/100|[from] item: Rocky Helmet|[of] p2a: Buzzwole
|-damage|p1a: Urshifu|74/100|[from] item: Life Orb
|
|upkeep
|turn|6
|
|t:|1612426934
|switch|p1a: Hawlucha|Hawlucha, M|100/100
|-enditem|p1a: Hawlucha|Electric Seed
|-boost|p1a: Hawlucha|def|1|[from] item: Electric Seed
|switch|p2a: Rotom|Rotom-Wash|100/100
|
|upkeep
|turn|7
|
|t:|1612426941
|move|p1a: Hawlucha|Close Combat|p2a: Rotom
|-damage|p2a: Rotom|48/100
|-unboost|p1a: Hawlucha|def|1
|-unboost|p1a: Hawlucha|spd|1
|move|p2a: Rotom|Discharge|p1a: Hawlucha
|-supereffective|p1a: Hawlucha
|-damage|p1a: Hawlucha|0 fnt
|faint|p1a: Hawlucha
|
|upkeep
|
|t:|1612426950
|switch|p1a: Spectrier|Spectrier|100/100
|turn|8
|
|t:|1612426954
|move|p1a: Spectrier|Shadow Ball|p2a: Rotom
|-damage|p2a: Rotom|9/100
|move|p2a: Rotom|Volt Switch|p1a: Spectrier
|-damage|p1a: Spectrier|68/100
|
|t:|1612426965
|switch|p2a: Landorus|Landorus-Therian, M|100/100|[from]move: Volt Switch
|-ability|p2a: Landorus|Intimidate|boost
|-unboost|p1a: Spectrier|atk|1
|
|-fieldend|move: Electric Terrain
|upkeep
|turn|9
|
|t:|1612426972
|move|p1a: Spectrier|Shadow Ball|p2a: Landorus
|-damage|p2a: Landorus|33/100
|move|p2a: Landorus|Knock Off|p1a: Spectrier
|-supereffective|p1a: Spectrier
|-damage|p1a: Spectrier|0 fnt
|-enditem|p1a: Spectrier|Choice Specs|[from] move: Knock Off|[of] p2a: Landorus
|faint|p1a: Spectrier
|
|upkeep
|-message|damorush forfeited.
|
|win|Zmon8426
|l|☆damorush
