|j|☆Kikoobuster
|j|☆unhinged play
|t:|1648300114
|gametype|singles
|player|p1|Kikoobuster|170|1632
|player|p2|unhinged play|lucas|1880
|teamsize|p1|6
|teamsize|p2|6
|gen|8
|tier|[Gen 8] OU
|rated|
|rule|Sleep Clause Mod: Limit one foe put to sleep
|rule|Species Clause: Limit one of each Pokémon
|rule|OHKO Clause: OHKO moves are banned
|rule|Evasion Moves Clause: Evasion moves are banned
|rule|Endless Battle Clause: Forcing endless battles is banned
|rule|HP Percentage Mod: HP is shown in percentages
|rule|Dynamax Clause: You cannot dynamax
|clearpoke
|poke|p1|Lycanroc-Dusk, F|
|poke|p1|Excadrill, F|
|poke|p1|Hawlucha, F|
|poke|p1|Azumarill, F|
|poke|p1|Zeraora|
|poke|p1|Rillaboom, M|
|poke|p2|Dragonite, M|
|poke|p2|Ferrothorn, F|
|poke|p2|Landorus-Therian, M|
|poke|p2|Tapu Koko|
|poke|p2|Heatran, M|
|poke|p2|Clefable, M|
|teampreview
|inactive|Battle timer is ON: inactive players will automatically lose when time's up. (requested by Kikoobuster)
|
|t:|1648300127
|start
|switch|p1a: Lycanroc|Lycanroc-Dusk, F|100/100
|switch|p2a: Landorus|Landorus-Therian, M|100/100
|-ability|p2a: Landorus|Intimidate|boost
|-unboost|p1a: Lycanroc|atk|1
|turn|1
|
|t:|1648300131
|switch|p2a: Ferrothorn|Ferrothorn, F|100/100
|move|p1a: Lycanroc|Stealth Rock|p2a: Ferrothorn
|-sidestart|p2: unhinged play|move: Stealth Rock
|
|upkeep
|turn|2
|
|t:|1648300135
|move|p1a: Lycanroc|Taunt|p2a: Ferrothorn
|-start|p2a: Ferrothorn|move: Taunt
|move|p2a: Ferrothorn|Body Press|p1a: Lycanroc
|-supereffective|p1a: Lycanroc
|-crit|p1a: Lycanroc
|-enditem|p1a: Lycanroc|Focus Sash
|-damage|p1a: Lycanroc|1/100
|
|upkeep
|turn|3
|
|t:|1648300139
|move|p1a: Lycanroc|Endeavor|p2a: Ferrothorn
|-damage|p2a: Ferrothorn|1/100
|-damage|p1a: Lycanroc|0 fnt|[from] ability: Iron Barbs|[of] p2a: Ferrothorn
|faint|p1a: Lycanroc
|move|p2a: Ferrothorn|Knock Off|p1: Lycanroc|[notarget]
|-fail|p2a: Ferrothorn
|
|upkeep
|
|t:|1648300146
|switch|p1a: Rillaboom|Rillaboom, M|100/100
|-fieldstart|move: Grassy Terrain|[from] ability: Grassy Surge|[of] p1a: Rillaboom
|turn|4
|
|t:|1648300150
|move|p1a: Rillaboom|U-turn|p2a: Ferrothorn
|-damage|p2a: Ferrothorn|0 fnt
|-damage|p1a: Rillaboom|88/100|[from] ability: Iron Barbs|[of] p2a: Ferrothorn
|-damage|p1a: Rillaboom|72/100|[from] item: Rocky Helmet|[of] p2a: Ferrothorn
|faint|p2a: Ferrothorn
|
|t:|1648300162
|switch|p1a: Zeraora|Zeraora|100/100|[from]move: U-turn
|
|upkeep
|
|t:|1648300165
|switch|p2a: Landorus|Landorus-Therian, M|100/100
|-damage|p2a: Landorus|88/100|[from] Stealth Rock
|-ability|p2a: Landorus|Intimidate|boost
|-unboost|p1a: Zeraora|atk|1
|turn|5
|
|t:|1648300168
|move|p1a: Zeraora|Taunt|p2a: Landorus
|-start|p2a: Landorus|move: Taunt
|cant|p2a: Landorus|move: Taunt|Stealth Rock
|
|-heal|p2a: Landorus|94/100|[from] item: Leftovers
|upkeep
|turn|6
|
|t:|1648300174
|switch|p1a: Hawlucha|Hawlucha, F|100/100
|-enditem|p1a: Hawlucha|Grassy Seed
|-boost|p1a: Hawlucha|def|1|[from] item: Grassy Seed
|move|p2a: Landorus|Knock Off|p1a: Hawlucha
|-resisted|p1a: Hawlucha
|-damage|p1a: Hawlucha|89/100
|
|-heal|p2a: Landorus|99/100|[from] item: Leftovers
|upkeep
|turn|7
|
|t:|1648300180
|move|p1a: Hawlucha|Swords Dance|p1a: Hawlucha
|-boost|p1a: Hawlucha|atk|2
|move|p2a: Landorus|U-turn|p1a: Hawlucha
|-resisted|p1a: Hawlucha
|-damage|p1a: Hawlucha|83/100
|
|t:|1648300197
|switch|p2a: Clefable|Clefable, M, shiny|100/100|[from]move: U-turn
|
|upkeep
|turn|8
|
|t:|1648300200
|switch|p2a: Landorus|Landorus-Therian, M|99/100
|-damage|p2a: Landorus|88/100|[from] Stealth Rock
|-ability|p2a: Landorus|Intimidate|boost
|-unboost|p1a: Hawlucha|atk|1
|move|p1a: Hawlucha|Acrobatics|p2a: Landorus
|-damage|p2a: Landorus|17/100
|
|-heal|p2a: Landorus|23/100|[from] item: Leftovers
|-fieldend|move: Grassy Terrain
|upkeep
|turn|9
|
|t:|1648300205
|move|p1a: Hawlucha|Swords Dance|p1a: Hawlucha
|-boost|p1a: Hawlucha|atk|2
|move|p2a: Landorus|U-turn|p1a: Hawlucha
|-resisted|p1a: Hawlucha
|-damage|p1a: Hawlucha|77/100
|
|t:|1648300207
|switch|p2a: Clefable|Clefable, M, shiny|100/100|[from]move: U-turn
|
|upkeep
|turn|10
|
|t:|1648300213
|move|p1a: Hawlucha|Acrobatics|p2a: Clefable
|-damage|p2a: Clefable|0 fnt
|faint|p2a: Clefable
|
|-damage|p1a: Hawlucha|65/100|[from] item: Sticky Barb
|upkeep
|c|☆unhinged play|gg
|-message|unhinged play forfeited.
|
|win|Kikoobuster
|raw|Kikoobuster's rating: 1632 &rarr; <strong>1664</strong><br />(+32 for winning)
|raw|unhinged play's rating: 1880 &rarr; <strong>1848</strong><br />(-32 for losing)
|l|☆unhinged play
|c|☆Kikoobuster|gg
