|j|☆2(H2O)
|j|☆Libski
|t:|1653333009
|gametype|singles
|player|p1|2(H2O)|viola|1657
|player|p2|Libski|bianca-pwt|1675
|teamsize|p1|6
|teamsize|p2|6
|gen|8
|tier|[Gen 8] OU
|rated|
|rule|Sleep Clause Mod: Limit one foe put to sleep
|rule|Species Clause: Limit one of each Pokémon
|rule|OHKO Clause: OHKO moves are banned
|rule|Evasion Moves Clause: Evasion moves are banned
|rule|Endless Battle Clause: Forcing endless battles is banned
|rule|HP Percentage Mod: HP is shown in percentages
|rule|Dynamax Clause: You cannot dynamax
|clearpoke
|poke|p1|Mamoswine, M|
|poke|p1|Rillaboom, M|
|poke|p1|Aegislash, M|
|poke|p1|Dragapult, M|
|poke|p1|Mandibuzz, F|
|poke|p1|Toxapex, M|
|poke|p2|Regidrago|
|poke|p2|Cobalion|
|poke|p2|Slowbro, M|
|poke|p2|Blissey, F|
|poke|p2|Hatterene, F|
|poke|p2|Garchomp, M|
|teampreview
|inactive|Battle timer is ON: inactive players will automatically lose when time's up. (requested by 2(H2O))
|
|t:|1653333016
|start
|switch|p1a: Mamoswine|Mamoswine, M|100/100
|switch|p2a: On God Tho|Slowbro, M|100/100
|turn|1
|c|☆2(H2O)|glhf
|c|☆Libski|u2
|
|t:|1653333022
|move|p1a: Mamoswine|Stealth Rock|p2a: On God Tho
|-sidestart|p2: Libski|move: Stealth Rock
|move|p2a: On God Tho|Scald|p1a: Mamoswine
|-supereffective|p1a: Mamoswine
|-damage|p1a: Mamoswine|24/100
|-status|p1a: Mamoswine|brn
|
|-damage|p1a: Mamoswine|18/100 brn|[from] brn
|upkeep
|turn|2
|
|t:|1653333042
|switch|p1a: Dragapult|Dragapult, M|100/100
|move|p2a: On God Tho|Future Sight|p1a: Dragapult
|-start|p2a: On God Tho|move: Future Sight
|
|upkeep
|turn|3
|
|t:|1653333046
|switch|p2a: Rifk's mom|Blissey, F|100/100
|move|p1a: Dragapult|U-turn|p2a: Rifk's mom
|-damage|p2a: Rifk's mom|69/100
|
|t:|1653333054
|switch|p1a: Mamoswine|Mamoswine, M|18/100 brn|[from]move: U-turn
|
|-damage|p1a: Mamoswine|12/100 brn|[from] brn
|upkeep
|turn|4
|
|t:|1653333060
|switch|p2a: On God Tho|Slowbro, M|100/100
|-damage|p2a: On God Tho|88/100|[from] Stealth Rock
|move|p1a: Mamoswine|Icicle Crash|p2a: On God Tho
|-resisted|p2a: On God Tho
|-damage|p2a: On God Tho|81/100
|
|-end|p1a: Mamoswine|move: Future Sight
|-damage|p1a: Mamoswine|0 fnt
|faint|p1a: Mamoswine
|upkeep
|
|t:|1653333069
|switch|p1a: Dragapult|Dragapult, M|100/100
|turn|5
|
|t:|1653333076
|switch|p2a: Dingle|Cobalion|100/100
|-damage|p2a: Dingle|97/100|[from] Stealth Rock
|move|p1a: Dragapult|U-turn|p2a: Dingle
|-resisted|p2a: Dingle
|-damage|p2a: Dingle|92/100
|
|t:|1653333082
|switch|p1a: Aegislash|Aegislash, M|100/100|[from]move: U-turn
|
|-heal|p2a: Dingle|98/100|[from] item: Leftovers
|upkeep
|turn|6
|
|t:|1653333087
|move|p2a: Dingle|Volt Switch|p1a: Aegislash
|-crit|p1a: Aegislash
|-damage|p1a: Aegislash|84/100
|
|t:|1653333091
|switch|p2a: Rifk's mom|Blissey, F|69/100|[from]move: Volt Switch
|-formechange|p1a: Aegislash|Aegislash-Blade||[from] ability: Stance Change
|move|p1a: Aegislash|Shadow Ball|p2a: Rifk's mom
|-immune|p2a: Rifk's mom
|
|upkeep
|turn|7
|
|t:|1653333098
|switch|p1a: Rillaboom|Rillaboom, M|100/100
|-fieldstart|move: Grassy Terrain|[from] ability: Grassy Surge|[of] p1a: Rillaboom
|-enditem|p1a: Rillaboom|Grassy Seed
|-boost|p1a: Rillaboom|def|1|[from] item: Grassy Seed
|move|p2a: Rifk's mom|Teleport|p2a: Rifk's mom
|
|t:|1653333102
|switch|p2a: GoofyAHHUncle|Regidrago|100/100|[from]move: Teleport
|-damage|p2a: GoofyAHHUncle|88/100|[from] Stealth Rock
|
|-heal|p2a: GoofyAHHUncle|94/100|[from] Grassy Terrain
|upkeep
|turn|8
|
|t:|1653333108
|switch|p1a: Toxapex|Toxapex, M, shiny|100/100
|move|p2a: GoofyAHHUncle|Draco Meteor|p1a: Toxapex
|-damage|p1a: Toxapex|0 fnt
|-unboost|p2a: GoofyAHHUncle|spa|2
|faint|p1a: Toxapex
|
|-heal|p2a: GoofyAHHUncle|99/100|[from] Grassy Terrain
|upkeep
|
|t:|1653333117
|switch|p1a: Dragapult|Dragapult, M|100/100
|turn|9
|
|t:|1653333120
|switch|p2a: Rifk's mom|Blissey, F|69/100
|move|p1a: Dragapult|U-turn|p2a: Rifk's mom
|-damage|p2a: Rifk's mom|41/100
|
|t:|1653333125
|switch|p1a: Rillaboom|Rillaboom, M|100/100|[from]move: U-turn
|
|-heal|p2a: Rifk's mom|48/100|[from] Grassy Terrain
|upkeep
|turn|10
|
|t:|1653333129
|move|p1a: Rillaboom|Swords Dance|p1a: Rillaboom
|-boost|p1a: Rillaboom|atk|2
|move|p2a: Rifk's mom|Toxic|p1a: Rillaboom
|-status|p1a: Rillaboom|tox
|
|-heal|p2a: Rifk's mom|54/100|[from] Grassy Terrain
|-damage|p1a: Rillaboom|94/100 tox|[from] psn
|upkeep
|turn|11
|
|t:|1653333138
|switch|p2a: On God Tho|Slowbro, M|100/100
|-damage|p2a: On God Tho|88/100|[from] Stealth Rock
|move|p1a: Rillaboom|Grassy Glide|p2a: On God Tho
|-supereffective|p2a: On God Tho
|-enditem|p2a: On God Tho|Rindo Berry|[eat]
|-enditem|p2a: On God Tho|Rindo Berry|[weaken]
|-damage|p2a: On God Tho|34/100
|
|-heal|p1a: Rillaboom|100/100 tox|[from] Grassy Terrain
|-heal|p2a: On God Tho|40/100|[from] Grassy Terrain
|-damage|p1a: Rillaboom|88/100 tox|[from] psn
|-fieldend|move: Grassy Terrain
|upkeep
|turn|12
|
|t:|1653333149
|move|p1a: Rillaboom|Grassy Glide|p2a: On God Tho
|-supereffective|p2a: On God Tho
|-damage|p2a: On God Tho|0 fnt
|faint|p2a: On God Tho
|
|-damage|p1a: Rillaboom|70/100 tox|[from] psn
|upkeep
|
|t:|1653333169
|switch|p2a: Actual Menace|Garchomp, M|100/100
|-damage|p2a: Actual Menace|94/100|[from] Stealth Rock
|turn|13
|
|t:|1653333174
|switch|p1a: Mandibuzz|Mandibuzz, F|100/100
|move|p2a: Actual Menace|Poison Jab|p1a: Mandibuzz
|-damage|p1a: Mandibuzz|78/100
|-damage|p2a: Actual Menace|85/100|[from] item: Life Orb
|
|upkeep
|turn|14
|
|t:|1653333181
|switch|p2a: Dingle|Cobalion|98/100
|-damage|p2a: Dingle|95/100|[from] Stealth Rock
|move|p1a: Mandibuzz|U-turn|p2a: Dingle
|-resisted|p2a: Dingle
|-damage|p2a: Dingle|93/100
|
|t:|1653333187
|switch|p1a: Aegislash|Aegislash, M|84/100|[from]move: U-turn
|
|-heal|p2a: Dingle|99/100|[from] item: Leftovers
|upkeep
|turn|15
|
|t:|1653333191
|move|p2a: Dingle|Volt Switch|p1a: Aegislash
|-damage|p1a: Aegislash|73/100
|
|t:|1653333193
|switch|p2a: Femboy Libra|Hatterene, F|100/100|[from]move: Volt Switch
|-damage|p2a: Femboy Libra|88/100|[from] Stealth Rock
|-formechange|p1a: Aegislash|Aegislash-Blade||[from] ability: Stance Change
|move|p1a: Aegislash|Close Combat|p2a: Femboy Libra
|-resisted|p2a: Femboy Libra
|-damage|p2a: Femboy Libra|80/100
|-unboost|p1a: Aegislash|def|1
|-unboost|p1a: Aegislash|spd|1
|
|-heal|p2a: Femboy Libra|87/100|[from] item: Leftovers
|upkeep
|turn|16
|
|t:|1653333205
|switch|p1a: Rillaboom|Rillaboom, M|70/100 tox
|-fieldstart|move: Grassy Terrain|[from] ability: Grassy Surge|[of] p1a: Rillaboom
|move|p2a: Femboy Libra|Calm Mind|p2a: Femboy Libra
|-boost|p2a: Femboy Libra|spa|1
|-boost|p2a: Femboy Libra|spd|1
|
|-heal|p1a: Rillaboom|76/100 tox|[from] Grassy Terrain
|-heal|p2a: Femboy Libra|93/100|[from] Grassy Terrain
|-heal|p2a: Femboy Libra|99/100|[from] item: Leftovers
|-damage|p1a: Rillaboom|70/100 tox|[from] psn
|upkeep
|turn|17
|
|t:|1653333216
|move|p1a: Rillaboom|Grassy Glide|p2a: Femboy Libra
|-crit|p2a: Femboy Libra
|-damage|p2a: Femboy Libra|39/100
|move|p2a: Femboy Libra|Draining Kiss|p1a: Rillaboom
|-damage|p1a: Rillaboom|27/100 tox
|-heal|p2a: Femboy Libra|75/100|[from] drain|[of] p1a: Rillaboom
|
|-heal|p1a: Rillaboom|34/100 tox|[from] Grassy Terrain
|-heal|p2a: Femboy Libra|81/100|[from] Grassy Terrain
|-heal|p2a: Femboy Libra|87/100|[from] item: Leftovers
|-damage|p1a: Rillaboom|21/100 tox|[from] psn
|upkeep
|turn|18
|
|t:|1653333227
|move|p1a: Rillaboom|Grassy Glide|p2a: Femboy Libra
|-damage|p2a: Femboy Libra|47/100
|move|p2a: Femboy Libra|Draining Kiss|p1a: Rillaboom
|-crit|p1a: Rillaboom
|-damage|p1a: Rillaboom|0 fnt
|-heal|p2a: Femboy Libra|64/100|[from] drain|[of] p1a: Rillaboom
|faint|p1a: Rillaboom
|
|-heal|p2a: Femboy Libra|70/100|[from] Grassy Terrain
|-heal|p2a: Femboy Libra|76/100|[from] item: Leftovers
|upkeep
|
|t:|1653333237
|switch|p1a: Aegislash|Aegislash, M|73/100
|turn|19
|
|t:|1653333257
|switch|p2a: Actual Menace|Garchomp, M|85/100
|-damage|p2a: Actual Menace|78/100|[from] Stealth Rock
|-formechange|p1a: Aegislash|Aegislash-Blade||[from] ability: Stance Change
|move|p1a: Aegislash|Close Combat|p2a: Actual Menace
|-damage|p2a: Actual Menace|40/100
|-unboost|p1a: Aegislash|def|1
|-unboost|p1a: Aegislash|spd|1
|-damage|p1a: Aegislash|61/100|[from] ability: Rough Skin|[of] p2a: Actual Menace
|
|-heal|p2a: Actual Menace|46/100|[from] Grassy Terrain
|-heal|p1a: Aegislash|67/100|[from] Grassy Terrain
|upkeep
|turn|20
|
|t:|1653333270
|switch|p1a: Mandibuzz|Mandibuzz, F|78/100
|move|p2a: Actual Menace|Swords Dance|p2a: Actual Menace
|-boost|p2a: Actual Menace|atk|2
|
|-heal|p2a: Actual Menace|52/100|[from] Grassy Terrain
|-fieldend|move: Grassy Terrain
|upkeep
|turn|21
|
|t:|1653333276
|move|p2a: Actual Menace|Aqua Tail|p1a: Mandibuzz
|-damage|p1a: Mandibuzz|21/100
|-damage|p2a: Actual Menace|43/100|[from] item: Life Orb
|move|p1a: Mandibuzz|Foul Play|p2a: Actual Menace
|-damage|p2a: Actual Menace|0 fnt
|-damage|p1a: Mandibuzz|9/100|[from] ability: Rough Skin|[of] p2a: Actual Menace
|faint|p2a: Actual Menace
|
|upkeep
|
|t:|1653333286
|switch|p2a: Dingle|Cobalion|99/100
|-damage|p2a: Dingle|97/100|[from] Stealth Rock
|turn|22
|
|t:|1653333291
|move|p2a: Dingle|Volt Switch|p1a: Mandibuzz
|-supereffective|p1a: Mandibuzz
|-damage|p1a: Mandibuzz|0 fnt
|faint|p1a: Mandibuzz
|
|t:|1653333298
|switch|p2a: GoofyAHHUncle|Regidrago|99/100|[from]move: Volt Switch
|-damage|p2a: GoofyAHHUncle|88/100|[from] Stealth Rock
|
|upkeep
|
|t:|1653333303
|switch|p1a: Dragapult|Dragapult, M|100/100
|turn|23
|
|t:|1653333310
|move|p1a: Dragapult|Dragon Darts|p2a: GoofyAHHUncle
|-supereffective|p2a: GoofyAHHUncle
|-damage|p2a: GoofyAHHUncle|5/100
|-anim|p1a: Dragapult|Dragon Darts|p2a: GoofyAHHUncle
|-supereffective|p2a: GoofyAHHUncle
|-damage|p2a: GoofyAHHUncle|0 fnt
|faint|p2a: GoofyAHHUncle
|
|upkeep
|
|t:|1653333314
|switch|p2a: Femboy Libra|Hatterene, F|76/100
|-damage|p2a: Femboy Libra|64/100|[from] Stealth Rock
|turn|24
|
|t:|1653333318
|switch|p1a: Aegislash|Aegislash, M|67/100
|move|p2a: Femboy Libra|Mystical Fire|p1a: Aegislash
|-supereffective|p1a: Aegislash
|-damage|p1a: Aegislash|33/100
|-unboost|p1a: Aegislash|spa|1
|
|-heal|p2a: Femboy Libra|70/100|[from] item: Leftovers
|upkeep
|turn|25
|
|t:|1653333326
|switch|p2a: Rifk's mom|Blissey, F|54/100
|-formechange|p1a: Aegislash|Aegislash-Blade||[from] ability: Stance Change
|move|p1a: Aegislash|Shadow Ball|p2a: Rifk's mom
|-immune|p2a: Rifk's mom
|
|upkeep
|turn|26
|
|t:|1653333333
|switch|p1a: Dragapult|Dragapult, M|100/100
|move|p2a: Rifk's mom|Teleport|p2a: Rifk's mom
|
|t:|1653333335
|switch|p2a: Dingle|Cobalion|97/100|[from]move: Teleport
|-damage|p2a: Dingle|93/100|[from] Stealth Rock
|
|-heal|p2a: Dingle|99/100|[from] item: Leftovers
|upkeep
|turn|27
|
|t:|1653333347
|move|p1a: Dragapult|Dragon Darts|p2a: Dingle
|-resisted|p2a: Dingle
|-crit|p2a: Dingle
|-damage|p2a: Dingle|82/100
|-anim|p1a: Dragapult|Dragon Darts|p2a: Dingle
|-resisted|p2a: Dingle
|-crit|p2a: Dingle
|-damage|p2a: Dingle|65/100
|move|p2a: Dingle|Iron Head|p1a: Dragapult
|-crit|p1a: Dragapult
|-damage|p1a: Dragapult|35/100
|
|-heal|p2a: Dingle|71/100|[from] item: Leftovers
|upkeep
|turn|28
|c|☆Libski|Lmao
|c|☆Libski|What a turn xD
|
|t:|1653333357
|move|p1a: Dragapult|Dragon Darts|p2a: Dingle
|-resisted|p2a: Dingle
|-damage|p2a: Dingle|60/100
|-anim|p1a: Dragapult|Dragon Darts|p2a: Dingle
|-resisted|p2a: Dingle
|-damage|p2a: Dingle|48/100
|move|p2a: Dingle|Iron Head|p1a: Dragapult
|-damage|p1a: Dragapult|0 fnt
|faint|p1a: Dragapult
|
|-heal|p2a: Dingle|54/100|[from] item: Leftovers
|upkeep
|c|☆2(H2O)|XD
|
|t:|1653333367
|switch|p1a: Aegislash|Aegislash, M|33/100
|turn|29
|
|t:|1653333380
|move|p2a: Dingle|Iron Head|p1a: Aegislash
|-resisted|p1a: Aegislash
|-damage|p1a: Aegislash|21/100
|-formechange|p1a: Aegislash|Aegislash-Blade||[from] ability: Stance Change
|move|p1a: Aegislash|Close Combat|p2a: Dingle
|-supereffective|p2a: Dingle
|-damage|p2a: Dingle|9/100
|-unboost|p1a: Aegislash|def|1
|-unboost|p1a: Aegislash|spd|1
|
|-heal|p2a: Dingle|15/100|[from] item: Leftovers
|upkeep
|turn|30
|c|☆Libski|gg
|
|t:|1653333390
|move|p2a: Dingle|Iron Head|p1a: Aegislash
|-resisted|p1a: Aegislash
|-damage|p1a: Aegislash|0 fnt
|faint|p1a: Aegislash
|
|win|Libski
|raw|2(H2O)'s rating: 1657 &rarr; <strong>1638</strong><br />(-19 for losing)
|raw|Libski's rating: 1675 &rarr; <strong>1694</strong><br />(+19 for winning)
|l|☆2(H2O)
