|j|☆Kwaga
|j|☆jawabarat
|t:|1660850830
|gametype|singles
|player|p1|Kwaga|bruno-gen3|1528
|player|p2|jawabarat|artist-gen4|1603
|teamsize|p1|6
|teamsize|p2|6
|gen|8
|tier|[Gen 8] OU
|rated|
|rule|Sleep Clause Mod: Limit one foe put to sleep
|rule|Species Clause: Limit one of each Pokémon
|rule|OHKO Clause: OHKO moves are banned
|rule|Evasion Items Clause: Evasion items are banned
|rule|Evasion Moves Clause: Evasion moves are banned
|rule|Endless Battle Clause: Forcing endless battles is banned
|rule|HP Percentage Mod: HP is shown in percentages
|rule|Dynamax Clause: You cannot dynamax
|clearpoke
|poke|p1|Rillaboom, M|
|poke|p1|Weavile, F|
|poke|p1|Magnezone|
|poke|p1|Gastrodon-East, M|
|poke|p1|Clefable, F|
|poke|p1|Zapdos|
|poke|p2|Zapdos|
|poke|p2|Melmetal|
|poke|p2|Tapu Lele|
|poke|p2|Kartana|
|poke|p2|Garchomp, M|
|poke|p2|Volcarona, M|
|teampreview
|inactive|Battle timer is ON: inactive players will automatically lose when time's up. (requested by Kwaga)
|
|t:|1660850844
|start
|switch|p1a: Gastrodon|Gastrodon-East, M|100/100
|switch|p2a: WAX WITCH|Tapu Lele|100/100
|-fieldstart|move: Psychic Terrain|[from] ability: Psychic Surge|[of] p2a: WAX WITCH
|turn|1
|
|t:|1660850853
|move|p1a: Gastrodon|Protect|p1a: Gastrodon
|-singleturn|p1a: Gastrodon|Protect
|move|p2a: WAX WITCH|Psychic|p1a: Gastrodon
|-activate|p1a: Gastrodon|move: Protect
|
|upkeep
|turn|2
|
|t:|1660850863
|switch|p2a: EMPEROR KELLANVED|Kartana|100/100
|move|p1a: Gastrodon|Scald|p2a: EMPEROR KELLANVED
|-resisted|p2a: EMPEROR KELLANVED
|-damage|p2a: EMPEROR KELLANVED|62/100
|
|upkeep
|turn|3
|
|t:|1660850874
|switch|p2a: WAX WITCH|Tapu Lele|100/100
|switch|p1a: Zapdos|Zapdos|100/100
|
|upkeep
|turn|4
|
|t:|1660850884
|switch|p1a: Gastrodon|Gastrodon-East, M|100/100
|move|p2a: WAX WITCH|Moonblast|p1a: Gastrodon
|-damage|p1a: Gastrodon|44/100
|
|-heal|p1a: Gastrodon|50/100|[from] item: Leftovers
|upkeep
|turn|5
|
|t:|1660850889
|move|p1a: Gastrodon|Protect|p1a: Gastrodon
|-singleturn|p1a: Gastrodon|Protect
|move|p2a: WAX WITCH|Moonblast|p1a: Gastrodon
|-activate|p1a: Gastrodon|move: Protect
|
|-heal|p1a: Gastrodon|56/100|[from] item: Leftovers
|-fieldend|move: Psychic Terrain
|upkeep
|turn|6
|
|t:|1660850898
|move|p2a: WAX WITCH|Moonblast|p1a: Gastrodon
|-damage|p1a: Gastrodon|5/100
|move|p1a: Gastrodon|Recover|p1a: Gastrodon
|-heal|p1a: Gastrodon|55/100
|
|-heal|p1a: Gastrodon|61/100|[from] item: Leftovers
|upkeep
|turn|7
|
|t:|1660850905
|move|p2a: WAX WITCH|Moonblast|p1a: Gastrodon
|-damage|p1a: Gastrodon|11/100
|move|p1a: Gastrodon|Recover|p1a: Gastrodon
|-heal|p1a: Gastrodon|61/100
|
|-heal|p1a: Gastrodon|67/100|[from] item: Leftovers
|upkeep
|turn|8
|
|t:|1660850915
|move|p2a: WAX WITCH|Moonblast|p1a: Gastrodon
|-damage|p1a: Gastrodon|10/100
|move|p1a: Gastrodon|Recover|p1a: Gastrodon
|-heal|p1a: Gastrodon|60/100
|
|-heal|p1a: Gastrodon|66/100|[from] item: Leftovers
|upkeep
|turn|9
|
|t:|1660850923
|move|p1a: Gastrodon|Protect|p1a: Gastrodon
|-singleturn|p1a: Gastrodon|Protect
|move|p2a: WAX WITCH|Moonblast|p1a: Gastrodon
|-activate|p1a: Gastrodon|move: Protect
|
|-heal|p1a: Gastrodon|72/100|[from] item: Leftovers
|upkeep
|turn|10
|
|t:|1660850926
|move|p2a: WAX WITCH|Moonblast|p1a: Gastrodon
|-damage|p1a: Gastrodon|16/100
|move|p1a: Gastrodon|Toxic|p2a: WAX WITCH
|-status|p2a: WAX WITCH|tox
|
|-heal|p1a: Gastrodon|22/100|[from] item: Leftovers
|-damage|p2a: WAX WITCH|94/100 tox|[from] psn
|upkeep
|turn|11
|
|t:|1660850931
|move|p1a: Gastrodon|Protect|p1a: Gastrodon
|-singleturn|p1a: Gastrodon|Protect
|move|p2a: WAX WITCH|Moonblast|p1a: Gastrodon
|-activate|p1a: Gastrodon|move: Protect
|
|-heal|p1a: Gastrodon|28/100|[from] item: Leftovers
|-damage|p2a: WAX WITCH|82/100 tox|[from] psn
|upkeep
|turn|12
|
|t:|1660850957
|move|p2a: WAX WITCH|Moonblast|p1a: Gastrodon
|-damage|p1a: Gastrodon|0 fnt
|faint|p1a: Gastrodon
|
|-damage|p2a: WAX WITCH|64/100 tox|[from] psn
|upkeep
|
|t:|1660850965
|switch|p1a: Rillaboom|Rillaboom, M|100/100
|-fieldstart|move: Grassy Terrain|[from] ability: Grassy Surge|[of] p1a: Rillaboom
|turn|13
|
|t:|1660850974
|switch|p2a: MATRON CRONE|Zapdos|100/100
|move|p1a: Rillaboom|Knock Off|p2a: MATRON CRONE
|-damage|p2a: MATRON CRONE|32/100
|-status|p1a: Rillaboom|par|[from] ability: Static|[of] p2a: MATRON CRONE
|-enditem|p2a: MATRON CRONE|Heavy-Duty Boots|[from] move: Knock Off|[of] p1a: Rillaboom
|
|upkeep
|turn|14
|
|t:|1660850985
|switch|p1a: Weavile|Weavile, F|100/100
|-ability|p1a: Weavile|Pressure
|move|p2a: MATRON CRONE|Volt Switch|p1a: Weavile
|-crit|p1a: Weavile
|-damage|p1a: Weavile|32/100
|
|t:|1660850999
|switch|p2a: JAGHUT TYRANT|Melmetal|100/100|[from]move: Volt Switch
|
|-heal|p1a: Weavile|38/100|[from] Grassy Terrain
|upkeep
|turn|15
|
|t:|1660851005
|switch|p1a: Magnezone|Magnezone|100/100
|move|p2a: JAGHUT TYRANT|Substitute|p2a: JAGHUT TYRANT
|-start|p2a: JAGHUT TYRANT|Substitute
|-damage|p2a: JAGHUT TYRANT|76/100
|
|-heal|p2a: JAGHUT TYRANT|82/100|[from] Grassy Terrain
|upkeep
|turn|16
|
|t:|1660851010
|move|p2a: JAGHUT TYRANT|Earthquake|p1a: Magnezone
|-supereffective|p1a: Magnezone
|-damage|p1a: Magnezone|48/100
|move|p1a: Magnezone|Iron Defense|p1a: Magnezone
|-boost|p1a: Magnezone|def|2
|
|-heal|p2a: JAGHUT TYRANT|88/100|[from] Grassy Terrain
|-heal|p1a: Magnezone|55/100|[from] Grassy Terrain
|-heal|p1a: Magnezone|61/100|[from] item: Leftovers
|upkeep
|turn|17
|
|t:|1660851015
|move|p2a: JAGHUT TYRANT|Earthquake|p1a: Magnezone
|-supereffective|p1a: Magnezone
|-damage|p1a: Magnezone|36/100
|move|p1a: Magnezone|Magnet Rise|p1a: Magnezone
|-start|p1a: Magnezone|Magnet Rise
|
|-heal|p2a: JAGHUT TYRANT|94/100|[from] Grassy Terrain
|-heal|p1a: Magnezone|42/100|[from] item: Leftovers
|-fieldend|move: Grassy Terrain
|upkeep
|turn|18
|
|t:|1660851020
|move|p2a: JAGHUT TYRANT|Double Iron Bash|p1a: Magnezone
|-resisted|p1a: Magnezone
|-damage|p1a: Magnezone|39/100
|-resisted|p1a: Magnezone
|-damage|p1a: Magnezone|35/100
|-hitcount|p1a: Magnezone|2
|move|p1a: Magnezone|Iron Defense|p1a: Magnezone
|-boost|p1a: Magnezone|def|2
|
|-heal|p1a: Magnezone|42/100|[from] item: Leftovers
|upkeep
|turn|19
|
|t:|1660851027
|move|p2a: JAGHUT TYRANT|Double Iron Bash|p1a: Magnezone
|-resisted|p1a: Magnezone
|-damage|p1a: Magnezone|39/100
|-resisted|p1a: Magnezone
|-damage|p1a: Magnezone|37/100
|-hitcount|p1a: Magnezone|2
|move|p1a: Magnezone|Body Press|p2a: JAGHUT TYRANT
|-supereffective|p2a: JAGHUT TYRANT
|-end|p2a: JAGHUT TYRANT|Substitute
|
|-heal|p1a: Magnezone|43/100|[from] item: Leftovers
|upkeep
|turn|20
|
|t:|1660851030
|move|p2a: JAGHUT TYRANT|Double Iron Bash|p1a: Magnezone
|-resisted|p1a: Magnezone
|-damage|p1a: Magnezone|41/100
|-resisted|p1a: Magnezone
|-damage|p1a: Magnezone|39/100
|-hitcount|p1a: Magnezone|2
|cant|p1a: Magnezone|flinch
|
|-heal|p1a: Magnezone|45/100|[from] item: Leftovers
|upkeep
|turn|21
|
|t:|1660851039
|move|p2a: JAGHUT TYRANT|Double Iron Bash|p1a: Magnezone
|-resisted|p1a: Magnezone
|-damage|p1a: Magnezone|43/100
|-resisted|p1a: Magnezone
|-damage|p1a: Magnezone|41/100
|-hitcount|p1a: Magnezone|2
|move|p1a: Magnezone|Body Press|p2a: JAGHUT TYRANT
|-supereffective|p2a: JAGHUT TYRANT
|-damage|p2a: JAGHUT TYRANT|0 fnt
|faint|p2a: JAGHUT TYRANT
|
|-heal|p1a: Magnezone|47/100|[from] item: Leftovers
|-end|p1a: Magnezone|Magnet Rise
|upkeep
|
|t:|1660851046
|switch|p2a: FIRES OF Y'GHATAN|Volcarona, M|100/100
|turn|22
|
|t:|1660851060
|switch|p1a: Zapdos|Zapdos|100/100
|move|p2a: FIRES OF Y'GHATAN|Fiery Dance|p1a: Zapdos
|-damage|p1a: Zapdos|56/100
|-boost|p2a: FIRES OF Y'GHATAN|spa|1
|
|upkeep
|turn|23
|
|t:|1660851072
|move|p2a: FIRES OF Y'GHATAN|Fiery Dance|p1a: Zapdos
|-damage|p1a: Zapdos|0 fnt
|-boost|p2a: FIRES OF Y'GHATAN|spa|1
|faint|p1a: Zapdos
|
|upkeep
|
|t:|1660851079
|switch|p1a: Weavile|Weavile, F|38/100
|-ability|p1a: Weavile|Pressure
|turn|24
|
|t:|1660851086
|switch|p2a: OTATARAL DRAGON|Garchomp, M|100/100
|move|p1a: Weavile|Knock Off|p2a: OTATARAL DRAGON
|-damage|p2a: OTATARAL DRAGON|43/100
|-damage|p1a: Weavile|25/100|[from] ability: Rough Skin|[of] p2a: OTATARAL DRAGON
|-damage|p1a: Weavile|9/100|[from] item: Rocky Helmet|[of] p2a: OTATARAL DRAGON
|-enditem|p2a: OTATARAL DRAGON|Rocky Helmet|[from] move: Knock Off|[of] p1a: Weavile
|
|upkeep
|turn|25
|
|t:|1660851091
|move|p1a: Weavile|Ice Shard|p2a: OTATARAL DRAGON
|-supereffective|p2a: OTATARAL DRAGON
|-damage|p2a: OTATARAL DRAGON|0 fnt
|faint|p2a: OTATARAL DRAGON
|
|upkeep
|
|t:|1660851099
|switch|p2a: EMPEROR KELLANVED|Kartana|62/100
|turn|26
|
|t:|1660851115
|switch|p1a: Clefable|Clefable, F|100/100
|move|p2a: EMPEROR KELLANVED|Knock Off|p1a: Clefable
|-resisted|p1a: Clefable
|-damage|p1a: Clefable|85/100
|-damage|p2a: EMPEROR KELLANVED|46/100|[from] item: Rocky Helmet|[of] p1a: Clefable
|-enditem|p1a: Clefable|Rocky Helmet|[from] move: Knock Off|[of] p2a: EMPEROR KELLANVED
|
|upkeep
|turn|27
|
|t:|1660851133
|switch|p2a: MATRON CRONE|Zapdos|32/100
|move|p1a: Clefable|Thunder Wave|p2a: MATRON CRONE
|-immune|p2a: MATRON CRONE
|
|upkeep
|turn|28
|
|t:|1660851142
|move|p2a: MATRON CRONE|Discharge|p1a: Clefable
|-damage|p1a: Clefable|49/100
|move|p1a: Clefable|Stealth Rock|p2a: MATRON CRONE
|-sidestart|p2: jawabarat|move: Stealth Rock
|
|upkeep
|turn|29
|
|t:|1660851148
|move|p2a: MATRON CRONE|Defog|p1a: Clefable
|-unboost|p1a: Clefable|evasion|1
|-sideend|p2: jawabarat|Stealth Rock|[from] move: Defog|[of] p2a: MATRON CRONE
|move|p1a: Clefable|Soft-Boiled|p1a: Clefable
|-heal|p1a: Clefable|99/100
|
|upkeep
|turn|30
|
|t:|1660851154
|move|p2a: MATRON CRONE|Discharge|p1a: Clefable
|-damage|p1a: Clefable|61/100
|move|p1a: Clefable|Moonblast|p2a: MATRON CRONE
|-damage|p2a: MATRON CRONE|0 fnt
|faint|p2a: MATRON CRONE
|
|upkeep
|
|t:|1660851161
|switch|p2a: WAX WITCH|Tapu Lele|64/100 tox
|-fieldstart|move: Psychic Terrain|[from] ability: Psychic Surge|[of] p2a: WAX WITCH
|turn|31
|
|t:|1660851172
|move|p2a: WAX WITCH|Moonblast|p1a: Clefable
|-damage|p1a: Clefable|0 fnt
|faint|p1a: Clefable
|
|-damage|p2a: WAX WITCH|58/100 tox|[from] psn
|upkeep
|
|t:|1660851180
|switch|p1a: Weavile|Weavile, F|9/100
|-ability|p1a: Weavile|Pressure
|turn|32
|
|t:|1660851188
|move|p1a: Weavile|Knock Off|p2a: WAX WITCH
|-damage|p2a: WAX WITCH|0 fnt
|-enditem|p2a: WAX WITCH|Choice Specs|[from] move: Knock Off|[of] p1a: Weavile
|faint|p2a: WAX WITCH
|
|upkeep
|
|t:|1660851191
|switch|p2a: EMPEROR KELLANVED|Kartana|46/100
|turn|33
|
|t:|1660851201
|switch|p1a: Rillaboom|Rillaboom, M|100/100 par
|-fieldstart|move: Grassy Terrain|[from] ability: Grassy Surge|[of] p1a: Rillaboom
|move|p2a: EMPEROR KELLANVED|Sacred Sword|p1a: Rillaboom
|-damage|p1a: Rillaboom|63/100 par
|
|-heal|p2a: EMPEROR KELLANVED|52/100|[from] Grassy Terrain
|-heal|p1a: Rillaboom|69/100 par|[from] Grassy Terrain
|upkeep
|turn|34
|
|t:|1660851210
|move|p2a: EMPEROR KELLANVED|Sacred Sword|p1a: Rillaboom
|-damage|p1a: Rillaboom|28/100 par
|move|p1a: Rillaboom|U-turn|p2a: EMPEROR KELLANVED
|-damage|p2a: EMPEROR KELLANVED|14/100
|
|t:|1660851212
|switch|p1a: Weavile|Weavile, F|9/100|[from]move: U-turn
|-ability|p1a: Weavile|Pressure
|
|-heal|p2a: EMPEROR KELLANVED|21/100|[from] Grassy Terrain
|-heal|p1a: Weavile|15/100|[from] Grassy Terrain
|upkeep
|turn|35
|
|t:|1660851223
|switch|p2a: FIRES OF Y'GHATAN|Volcarona, M|100/100
|move|p1a: Weavile|Ice Shard|p2a: FIRES OF Y'GHATAN
|-resisted|p2a: FIRES OF Y'GHATAN
|-damage|p2a: FIRES OF Y'GHATAN|85/100
|
|-heal|p1a: Weavile|21/100|[from] Grassy Terrain
|-heal|p2a: FIRES OF Y'GHATAN|91/100|[from] Grassy Terrain
|upkeep
|turn|36
|
|t:|1660851228
|move|p1a: Weavile|Knock Off|p2a: FIRES OF Y'GHATAN
|-damage|p2a: FIRES OF Y'GHATAN|10/100
|-status|p1a: Weavile|brn|[from] ability: Flame Body|[of] p2a: FIRES OF Y'GHATAN
|-enditem|p2a: FIRES OF Y'GHATAN|Heavy-Duty Boots|[from] move: Knock Off|[of] p1a: Weavile
|move|p2a: FIRES OF Y'GHATAN|Fiery Dance|p1a: Weavile
|-supereffective|p1a: Weavile
|-damage|p1a: Weavile|0 fnt
|-boost|p2a: FIRES OF Y'GHATAN|spa|1
|faint|p1a: Weavile
|
|-heal|p2a: FIRES OF Y'GHATAN|16/100|[from] Grassy Terrain
|upkeep
|
|t:|1660851231
|switch|p1a: Rillaboom|Rillaboom, M|28/100 par
|turn|37
|
|t:|1660851236
|move|p1a: Rillaboom|Grassy Glide|p2a: FIRES OF Y'GHATAN
|-resisted|p2a: FIRES OF Y'GHATAN
|-damage|p2a: FIRES OF Y'GHATAN|0 fnt
|faint|p2a: FIRES OF Y'GHATAN
|
|-heal|p1a: Rillaboom|34/100 par|[from] Grassy Terrain
|-fieldend|move: Grassy Terrain
|upkeep
|
|t:|1660851240
|switch|p2a: EMPEROR KELLANVED|Kartana|21/100
|turn|38
|
|t:|1660851248
|switch|p1a: Magnezone|Magnezone|47/100
|move|p2a: EMPEROR KELLANVED|Sacred Sword|p1a: Magnezone
|-supereffective|p1a: Magnezone
|-damage|p1a: Magnezone|0 fnt
|faint|p1a: Magnezone
|-ability|p2a: EMPEROR KELLANVED|Beast Boost|boost
|-boost|p2a: EMPEROR KELLANVED|atk|1
|
|upkeep
|
|t:|1660851265
|switch|p1a: Rillaboom|Rillaboom, M|34/100 par
|-fieldstart|move: Grassy Terrain|[from] ability: Grassy Surge|[of] p1a: Rillaboom
|turn|39
|
|t:|1660851268
|move|p1a: Rillaboom|Grassy Glide|p2a: EMPEROR KELLANVED
|-resisted|p2a: EMPEROR KELLANVED
|-damage|p2a: EMPEROR KELLANVED|0 fnt
|faint|p2a: EMPEROR KELLANVED
|
|win|Kwaga
|raw|Kwaga's rating: 1528 &rarr; <strong>1552</strong><br />(+24 for winning)
|raw|jawabarat's rating: 1603 &rarr; <strong>1579</strong><br />(-24 for losing)
