|j|☆Maitredouard2
|j|☆whocanunravelme
|t:|1656060304
|gametype|singles
|player|p1|Maitredouard2|lance|1559
|player|p2|whocanunravelme|steven|1621
|teamsize|p1|6
|teamsize|p2|6
|gen|8
|tier|[Gen 8] OU
|rated|
|rule|Sleep Clause Mod: Limit one foe put to sleep
|rule|Species Clause: Limit one of each Pokémon
|rule|OHKO Clause: OHKO moves are banned
|rule|Evasion Moves Clause: Evasion moves are banned
|rule|Endless Battle Clause: Forcing endless battles is banned
|rule|HP Percentage Mod: HP is shown in percentages
|rule|Dynamax Clause: You cannot dynamax
|clearpoke
|poke|p1|Mandibuzz, F|
|poke|p1|Landorus-Therian, M|
|poke|p1|Blissey, F|
|poke|p1|Heatran, M|
|poke|p1|Toxapex, M|
|poke|p1|Tapu Lele|
|poke|p2|Toxapex, F|
|poke|p2|Clefable, M|
|poke|p2|Scizor, M|
|poke|p2|Reuniclus, F|
|poke|p2|Skarmory, M|
|poke|p2|Zeraora|
|teampreview
|inactive|Battle timer is ON: inactive players will automatically lose when time's up. (requested by whocanunravelme)
|
|t:|1656060333
|start
|switch|p1a: Landorus|Landorus-Therian, M|100/100
|switch|p2a: Toxapex|Toxapex, F|100/100
|-ability|p1a: Landorus|Intimidate|boost
|-unboost|p2a: Toxapex|atk|1
|turn|1
|
|t:|1656060341
|move|p1a: Landorus|Knock Off|p2a: Toxapex
|-damage|p2a: Toxapex|75/100
|-enditem|p2a: Toxapex|Shed Shell|[from] move: Knock Off|[of] p1a: Landorus
|move|p2a: Toxapex|Light Screen|p2a: Toxapex
|-sidestart|p2: whocanunravelme|move: Light Screen
|
|upkeep
|turn|2
|
|t:|1656060350
|switch|p1a: Blissey|Blissey, F|100/100
|switch|p2a: Skarmory|Skarmory, M|100/100
|
|upkeep
|turn|3
|
|t:|1656060357
|switch|p1a: Heatran|Heatran, M|100/100
|-item|p1a: Heatran|Air Balloon
|move|p2a: Skarmory|Spikes|p1a: Heatran
|-sidestart|p1: Maitredouard2|Spikes
|
|upkeep
|turn|4
|
|t:|1656060363
|switch|p2a: Reuniclus|Reuniclus, F|100/100
|move|p1a: Heatran|Magma Storm|p2a: Reuniclus
|-damage|p2a: Reuniclus|81/100
|-activate|p2a: Reuniclus|move: Magma Storm|[of] p1a: Heatran
|
|upkeep
|turn|5
|
|t:|1656060370
|move|p1a: Heatran|Taunt|p2a: Reuniclus
|-start|p2a: Reuniclus|move: Taunt
|cant|p2a: Reuniclus|move: Taunt|Calm Mind
|
|-sideend|p2: whocanunravelme|move: Light Screen
|upkeep
|turn|6
|
|t:|1656060377
|switch|p1a: Landorus|Landorus-Therian, M|100/100
|-ability|p1a: Landorus|Intimidate|boost
|-unboost|p2a: Reuniclus|atk|1
|move|p2a: Reuniclus|Focus Blast|p1a: Landorus|[miss]
|-miss|p2a: Reuniclus|p1a: Landorus
|
|-end|p2a: Reuniclus|Magma Storm|[partiallytrapped]|[silent]
|upkeep
|turn|7
|
|t:|1656060385
|switch|p2a: Skarmory|Skarmory, M|100/100
|move|p1a: Landorus|Knock Off|p2a: Skarmory
|-crit|p2a: Skarmory
|-damage|p2a: Skarmory|66/100
|-damage|p1a: Landorus|84/100|[from] item: Rocky Helmet|[of] p2a: Skarmory
|-enditem|p2a: Skarmory|Rocky Helmet|[from] move: Knock Off|[of] p1a: Landorus
|
|upkeep
|turn|8
|
|t:|1656060396
|switch|p1a: Heatran|Heatran, M|100/100
|-item|p1a: Heatran|Air Balloon
|move|p2a: Skarmory|Body Press|p1a: Heatran
|-supereffective|p1a: Heatran
|-damage|p1a: Heatran|45/100
|-enditem|p1a: Heatran|Air Balloon
|
|upkeep
|turn|9
|
|t:|1656060411
|switch|p2a: Reuniclus|Reuniclus, F|81/100
|move|p1a: Heatran|Magma Storm|p2a: Reuniclus
|-damage|p2a: Reuniclus|44/100
|-activate|p2a: Reuniclus|move: Magma Storm|[of] p1a: Heatran
|
|upkeep
|turn|10
|j| ShinyDialga1234
|
|t:|1656060418
|move|p1a: Heatran|Magma Storm|p2a: Reuniclus
|-damage|p2a: Reuniclus|6/100
|move|p2a: Reuniclus|Focus Blast|p1a: Heatran
|-supereffective|p1a: Heatran
|-damage|p1a: Heatran|0 fnt
|faint|p1a: Heatran
|
|-end|p2a: Reuniclus|Magma Storm|[partiallytrapped]|[silent]
|upkeep
|
|t:|1656060427
|switch|p1a: Mandibuzz|Mandibuzz, F|100/100
|turn|11
|
|t:|1656060454
|switch|p2a: Clefable|Clefable, M|100/100
|move|p1a: Mandibuzz|Foul Play|p2a: Clefable
|-resisted|p2a: Clefable
|-damage|p2a: Clefable|94/100
|
|upkeep
|turn|12
|
|t:|1656060461
|move|p1a: Mandibuzz|Taunt|p2a: Clefable
|-start|p2a: Clefable|move: Taunt
|cant|p2a: Clefable|move: Taunt|Stealth Rock
|
|upkeep
|turn|13
|
|t:|1656060467
|switch|p2a: Toxapex|Toxapex, F|100/100
|move|p1a: Mandibuzz|Toxic|p2a: Toxapex
|-immune|p2a: Toxapex
|
|upkeep
|turn|14
|
|t:|1656060474
|switch|p1a: Tapu Lele|Tapu Lele|100/100
|-damage|p1a: Tapu Lele|88/100|[from] Spikes
|-fieldstart|move: Psychic Terrain|[from] ability: Psychic Surge|[of] p1a: Tapu Lele
|move|p2a: Toxapex|Scald|p1a: Tapu Lele
|-damage|p1a: Tapu Lele|70/100
|
|upkeep
|turn|15
|
|t:|1656060484
|switch|p2a: Scizor|Scizor, M|100/100
|move|p1a: Tapu Lele|Focus Blast|p2a: Scizor
|-damage|p2a: Scizor|48/100
|
|upkeep
|turn|16
|
|t:|1656060492
|switch|p2a: Toxapex|Toxapex, F|100/100
|move|p1a: Tapu Lele|Focus Blast|p2a: Toxapex
|-resisted|p2a: Toxapex
|-damage|p2a: Toxapex|77/100
|
|upkeep
|turn|17
|
|t:|1656060500
|switch|p1a: Landorus|Landorus-Therian, M|84/100
|-ability|p1a: Landorus|Intimidate|boost
|-unboost|p2a: Toxapex|atk|1
|move|p2a: Toxapex|Light Screen|p2a: Toxapex
|-sidestart|p2: whocanunravelme|move: Light Screen
|
|upkeep
|turn|18
|
|t:|1656060506
|switch|p2a: Skarmory|Skarmory, M|66/100
|move|p1a: Landorus|Earthquake|p2a: Skarmory
|-immune|p2a: Skarmory
|
|-fieldend|move: Psychic Terrain
|upkeep
|turn|19
|
|t:|1656060513
|switch|p1a: Toxapex|Toxapex, M|100/100
|-damage|p1a: Toxapex|88/100|[from] Spikes
|move|p2a: Skarmory|Spikes|p1a: Toxapex
|-sidestart|p1: Maitredouard2|Spikes
|
|upkeep
|turn|20
|
|t:|1656060520
|move|p1a: Toxapex|Scald|p2a: Skarmory
|-damage|p2a: Skarmory|54/100
|move|p2a: Skarmory|Whirlwind|p1a: Toxapex
|drag|p1a: Tapu Lele|Tapu Lele|70/100
|-damage|p1a: Tapu Lele|53/100|[from] Spikes
|-fieldstart|move: Psychic Terrain|[from] ability: Psychic Surge|[of] p1a: Tapu Lele
|
|upkeep
|turn|21
|
|t:|1656060532
|switch|p2a: Reuniclus|Reuniclus, F|6/100
|move|p1a: Tapu Lele|Focus Blast|p2a: Reuniclus
|-resisted|p2a: Reuniclus
|-crit|p2a: Reuniclus
|-damage|p2a: Reuniclus|0 fnt
|faint|p2a: Reuniclus
|
|-sideend|p2: whocanunravelme|move: Light Screen
|upkeep
|
|t:|1656060537
|switch|p2a: Toxapex|Toxapex, F|100/100
|turn|22
|
|t:|1656060544
|switch|p1a: Landorus|Landorus-Therian, M|84/100
|-ability|p1a: Landorus|Intimidate|boost
|-unboost|p2a: Toxapex|atk|1
|move|p2a: Toxapex|Light Screen|p2a: Toxapex
|-sidestart|p2: whocanunravelme|move: Light Screen
|
|upkeep
|turn|23
|
|t:|1656060550
|move|p1a: Landorus|U-turn|p2a: Toxapex
|-resisted|p2a: Toxapex
|-damage|p2a: Toxapex|91/100
|
|t:|1656060553
|switch|p1a: Toxapex|Toxapex, M|100/100|[from]move: U-turn
|-damage|p1a: Toxapex|84/100|[from] Spikes
|move|p2a: Toxapex|Scald|p1a: Toxapex
|-resisted|p1a: Toxapex
|-damage|p1a: Toxapex|78/100
|
|upkeep
|turn|24
|
|t:|1656060562
|switch|p2a: Clefable|Clefable, M|94/100
|move|p1a: Toxapex|Scald|p2a: Clefable
|-damage|p2a: Clefable|86/100
|
|-fieldend|move: Psychic Terrain
|upkeep
|turn|25
|
|t:|1656060573
|switch|p2a: Scizor|Scizor, M|48/100
|move|p1a: Toxapex|Toxic|p2a: Scizor
|-immune|p2a: Scizor
|
|upkeep
|turn|26
|
|t:|1656060579
|move|p2a: Scizor|Roost|p2a: Scizor
|-heal|p2a: Scizor|98/100
|-singleturn|p2a: Scizor|move: Roost
|move|p1a: Toxapex|Scald|p2a: Scizor
|-damage|p2a: Scizor|92/100
|-status|p2a: Scizor|brn
|
|-damage|p2a: Scizor|86/100 brn|[from] brn
|-sideend|p2: whocanunravelme|move: Light Screen
|upkeep
|turn|27
|
|t:|1656060589
|switch|p2a: Clefable|Clefable, M|86/100
|move|p1a: Toxapex|Toxic|p2a: Clefable
|-status|p2a: Clefable|tox
|
|-damage|p2a: Clefable|80/100 tox|[from] psn
|upkeep
|turn|28
|
|t:|1656060597
|move|p2a: Clefable|Heal Bell|p2a: Clefable
|-activate|p2a: Clefable|move: Heal Bell
|-curestatus|p2a: Clefable|tox|[msg]
|-curestatus|p2: Scizor|brn|[msg]
|move|p1a: Toxapex|Scald|p2a: Clefable
|-damage|p2a: Clefable|63/100
|
|upkeep
|turn|29
|
|t:|1656060605
|move|p2a: Clefable|Stealth Rock|p1a: Toxapex
|-sidestart|p1: Maitredouard2|move: Stealth Rock
|move|p1a: Toxapex|Toxic|p2a: Clefable
|-status|p2a: Clefable|tox
|
|-damage|p2a: Clefable|57/100 tox|[from] psn
|upkeep
|turn|30
|
|t:|1656060613
|move|p2a: Clefable|Soft-Boiled|p2a: Clefable
|-heal|p2a: Clefable|100/100 tox
|move|p1a: Toxapex|Scald|p2a: Clefable
|-damage|p2a: Clefable|84/100 tox
|
|-damage|p2a: Clefable|72/100 tox|[from] psn
|upkeep
|turn|31
|
|t:|1656060621
|move|p2a: Clefable|Heal Bell|p2a: Clefable
|-activate|p2a: Clefable|move: Heal Bell
|-curestatus|p2a: Clefable|tox|[msg]
|move|p1a: Toxapex|Toxic|p2a: Clefable
|-status|p2a: Clefable|tox
|
|-damage|p2a: Clefable|65/100 tox|[from] psn
|upkeep
|turn|32
|
|t:|1656060630
|move|p2a: Clefable|Heal Bell|p2a: Clefable
|-activate|p2a: Clefable|move: Heal Bell
|-curestatus|p2a: Clefable|tox|[msg]
|move|p1a: Toxapex|Scald|p2a: Clefable
|-damage|p2a: Clefable|50/100
|
|upkeep
|turn|33
|
|t:|1656060638
|move|p2a: Clefable|Soft-Boiled|p2a: Clefable
|-heal|p2a: Clefable|99/100
|move|p1a: Toxapex|Scald|p2a: Clefable
|-damage|p2a: Clefable|85/100
|-status|p2a: Clefable|brn
|
|-damage|p2a: Clefable|79/100 brn|[from] brn
|upkeep
|turn|34
|
|t:|1656060650
|switch|p2a: Toxapex|Toxapex, F|100/100
|switch|p1a: Blissey|Blissey, F|100/100
|
|upkeep
|turn|35
|
|t:|1656060656
|move|p1a: Blissey|Seismic Toss|p2a: Toxapex
|-damage|p2a: Toxapex|68/100
|move|p2a: Toxapex|Light Screen|p2a: Toxapex
|-sidestart|p2: whocanunravelme|move: Light Screen
|
|upkeep
|turn|36
|
|t:|1656060663
|switch|p2a: Skarmory|Skarmory, M|54/100
|move|p1a: Blissey|Toxic|p2a: Skarmory
|-immune|p2a: Skarmory
|
|upkeep
|turn|37
|
|t:|1656060669
|switch|p1a: Toxapex|Toxapex, M|100/100
|-damage|p1a: Toxapex|84/100|[from] Spikes
|-damage|p1a: Toxapex|72/100|[from] Stealth Rock
|move|p2a: Skarmory|Whirlwind|p1a: Toxapex
|drag|p1a: Mandibuzz|Mandibuzz, F|100/100
|
|upkeep
|turn|38
|
|t:|1656060689
|switch|p2a: Toxapex|Toxapex, F|100/100
|move|p1a: Mandibuzz|Taunt|p2a: Toxapex
|-start|p2a: Toxapex|move: Taunt
|
|upkeep
|turn|39
|
|t:|1656060696
|switch|p1a: Blissey|Blissey, F|100/100
|move|p2a: Toxapex|Scald|p1a: Blissey
|-damage|p1a: Blissey|94/100
|-status|p1a: Blissey|brn
|
|-damage|p1a: Blissey|88/100 brn|[from] brn
|-sideend|p2: whocanunravelme|move: Light Screen
|upkeep
|turn|40
|
|t:|1656060706
|switch|p2a: Skarmory|Skarmory, M|54/100
|move|p1a: Blissey|Teleport|p1a: Blissey
|
|t:|1656060710
|-curestatus|p1a: Blissey|brn|[from] ability: Natural Cure
|switch|p1a: Tapu Lele|Tapu Lele|53/100|[from]move: Teleport
|-damage|p1a: Tapu Lele|37/100|[from] Spikes
|-damage|p1a: Tapu Lele|24/100|[from] Stealth Rock
|-fieldstart|move: Psychic Terrain|[from] ability: Psychic Surge|[of] p1a: Tapu Lele
|
|upkeep
|turn|41
|
|t:|1656060720
|switch|p2a: Scizor|Scizor, M|86/100
|move|p1a: Tapu Lele|Psyshock|p2a: Scizor
|-resisted|p2a: Scizor
|-crit|p2a: Scizor
|-damage|p2a: Scizor|23/100
|
|upkeep
|turn|42
|
|t:|1656060727
|switch|p2a: Skarmory|Skarmory, M|54/100
|move|p1a: Tapu Lele|Psyshock|p2a: Skarmory
|-resisted|p2a: Skarmory
|-damage|p2a: Skarmory|32/100
|
|upkeep
|turn|43
|
|t:|1656060734
|move|p1a: Tapu Lele|Psyshock|p2a: Skarmory
|-resisted|p2a: Skarmory
|-damage|p2a: Skarmory|8/100
|move|p2a: Skarmory|Roost|p2a: Skarmory
|-heal|p2a: Skarmory|58/100
|-singleturn|p2a: Skarmory|move: Roost
|
|upkeep
|turn|44
|
|t:|1656060741
|move|p1a: Tapu Lele|Psyshock|p2a: Skarmory
|-resisted|p2a: Skarmory
|-damage|p2a: Skarmory|36/100
|move|p2a: Skarmory|Roost|p2a: Skarmory
|-heal|p2a: Skarmory|86/100
|-singleturn|p2a: Skarmory|move: Roost
|
|-fieldend|move: Psychic Terrain
|upkeep
|turn|45
|
|t:|1656060750
|move|p1a: Tapu Lele|Psyshock|p2a: Skarmory
|-resisted|p2a: Skarmory
|-damage|p2a: Skarmory|69/100
|move|p2a: Skarmory|Whirlwind|p1a: Tapu Lele
|drag|p1a: Toxapex|Toxapex, M|100/100
|-damage|p1a: Toxapex|84/100|[from] Spikes
|-damage|p1a: Toxapex|72/100|[from] Stealth Rock
|
|upkeep
|turn|46
|
|t:|1656060759
|switch|p2a: Toxapex|Toxapex, F|100/100
|move|p1a: Toxapex|Scald|p2a: Toxapex
|-resisted|p2a: Toxapex
|-damage|p2a: Toxapex|95/100
|
|upkeep
|turn|47
|
|t:|1656060766
|move|p1a: Toxapex|Scald|p2a: Toxapex
|-resisted|p2a: Toxapex
|-damage|p2a: Toxapex|88/100
|-status|p2a: Toxapex|brn
|move|p2a: Toxapex|Light Screen|p2a: Toxapex
|-sidestart|p2: whocanunravelme|move: Light Screen
|
|-damage|p2a: Toxapex|82/100 brn|[from] brn
|upkeep
|turn|48
|
|t:|1656060775
|switch|p1a: Landorus|Landorus-Therian, M|84/100
|-damage|p1a: Landorus|71/100|[from] Stealth Rock
|-ability|p1a: Landorus|Intimidate|boost
|-unboost|p2a: Toxapex|atk|1
|move|p2a: Toxapex|Scald|p1a: Landorus
|-supereffective|p1a: Landorus
|-damage|p1a: Landorus|30/100
|
|-damage|p2a: Toxapex|75/100 brn|[from] brn
|upkeep
|turn|49
|-message|Maitredouard2 forfeited.
|
|win|whocanunravelme
|raw|Maitredouard2's rating: 1559 &rarr; <strong>1543</strong><br />(-16 for losing)
|raw|whocanunravelme's rating: 1621 &rarr; <strong>1637</strong><br />(+16 for winning)
|l|☆Maitredouard2
