|j|☆Stads
|j|☆Bumpf92
|t:|1663700847
|gametype|singles
|player|p1|Stads|170|1777
|player|p2|Bumpf92|roxie|1818
|teamsize|p1|6
|teamsize|p2|6
|gen|8
|tier|[Gen 8] OU
|rated|
|rule|Sleep Clause Mod: Limit one foe put to sleep
|rule|Species Clause: Limit one of each Pokémon
|rule|OHKO Clause: OHKO moves are banned
|rule|Evasion Items Clause: Evasion items are banned
|rule|Evasion Moves Clause: Evasion moves are banned
|rule|Endless Battle Clause: Forcing endless battles is banned
|rule|HP Percentage Mod: HP is shown in percentages
|rule|Dynamax Clause: You cannot dynamax
|clearpoke
|poke|p1|Tornadus-Therian, M|
|poke|p1|Corviknight, M|
|poke|p1|Kartana|
|poke|p1|Toxapex, F|
|poke|p1|Hippowdon, M|
|poke|p1|Heatran, F|
|poke|p2|Ninetales-Alola, F|
|poke|p2|Arctozolt|
|poke|p2|Moltres|
|poke|p2|Swampert, M|
|poke|p2|Latias, F|
|poke|p2|Urshifu-*, M|
|teampreview
|inactive|Battle timer is ON: inactive players will automatically lose when time's up. (requested by Stads)
|j| Jongruenwald
|j| Kyurem
|
|t:|1663700859
|start
|switch|p1a: Tornadus|Tornadus-Therian, M|100/100
|switch|p2a: Urshifu|Urshifu-Rapid-Strike, M|100/100
|turn|1
|j| WeirdHamster
|j| nobrulcn
|
|t:|1663700876
|switch|p2a: Swampert|Swampert, M|100/100
|move|p1a: Tornadus|Hurricane|p2a: Swampert
|-damage|p2a: Swampert|71/100
|
|-heal|p2a: Swampert|77/100|[from] item: Leftovers
|upkeep
|turn|2
|l| nobrulcn
|
|t:|1663700884
|move|p1a: Tornadus|Knock Off|p2a: Swampert
|-crit|p2a: Swampert
|-damage|p2a: Swampert|50/100
|-enditem|p2a: Swampert|Leftovers|[from] move: Knock Off|[of] p1a: Tornadus
|move|p2a: Swampert|Stealth Rock|p1a: Tornadus
|-sidestart|p1: Stads|move: Stealth Rock
|
|upkeep
|turn|3
|
|t:|1663700890
|move|p1a: Tornadus|Hurricane|p2a: Swampert
|-damage|p2a: Swampert|18/100
|move|p2a: Swampert|Toxic|p1a: Tornadus
|-status|p1a: Tornadus|tox
|
|-damage|p1a: Tornadus|94/100 tox|[from] psn
|upkeep
|turn|4
|j| BolsoMiteiro
|
|t:|1663700899
|switch|p2a: Ninetales|Ninetales-Alola, F|100/100
|-weather|Hail|[from] ability: Snow Warning|[of] p2a: Ninetales
|move|p1a: Tornadus|Hurricane|p2a: Ninetales
|-damage|p2a: Ninetales|41/100
|-start|p2a: Ninetales|confusion
|
|-weather|Hail|[upkeep]
|-damage|p1a: Tornadus|88/100 tox|[from] Hail
|-damage|p1a: Tornadus|76/100 tox|[from] psn
|upkeep
|turn|5
|
|t:|1663700913
|switch|p2a: Arctozolt|Arctozolt|100/100
|move|p1a: Tornadus|U-turn|p2a: Arctozolt
|-damage|p2a: Arctozolt|85/100
|
|t:|1663700915
|switch|p1a: Hippowdon|Hippowdon, M|100/100|[from]move: U-turn
|-damage|p1a: Hippowdon|94/100|[from] Stealth Rock
|-weather|Sandstorm|[from] ability: Sand Stream|[of] p1a: Hippowdon
|
|-weather|Sandstorm|[upkeep]
|-damage|p2a: Arctozolt|79/100|[from] Sandstorm
|-heal|p1a: Hippowdon|100/100|[from] item: Leftovers
|upkeep
|turn|6
|
|t:|1663700926
|switch|p1a: Corviknight|Corviknight, M|100/100
|-damage|p1a: Corviknight|88/100|[from] Stealth Rock
|-ability|p1a: Corviknight|Pressure
|move|p2a: Arctozolt|Icicle Crash|p1a: Corviknight
|-damage|p1a: Corviknight|56/100
|-damage|p2a: Arctozolt|69/100|[from] item: Life Orb
|
|-weather|Sandstorm|[upkeep]
|-damage|p2a: Arctozolt|63/100|[from] Sandstorm
|-heal|p1a: Corviknight|62/100|[from] item: Leftovers
|upkeep
|turn|7
|
|t:|1663700938
|move|p2a: Arctozolt|Bolt Beak|p1a: Corviknight
|-supereffective|p1a: Corviknight
|-damage|p1a: Corviknight|0 fnt
|faint|p1a: Corviknight
|-damage|p2a: Arctozolt|53/100|[from] item: Life Orb
|
|-weather|Sandstorm|[upkeep]
|-damage|p2a: Arctozolt|47/100|[from] Sandstorm
|upkeep
|j| Piesol
|
|t:|1663700941
|switch|p1a: Kartana|Kartana|100/100
|-damage|p1a: Kartana|94/100|[from] Stealth Rock
|turn|8
|
|t:|1663700948
|switch|p2a: Moltres|Moltres|100/100
|move|p1a: Kartana|Knock Off|p2a: Moltres
|-crit|p2a: Moltres
|-damage|p2a: Moltres|54/100
|-enditem|p2a: Moltres|Heavy-Duty Boots|[from] move: Knock Off|[of] p1a: Kartana
|
|-weather|Sandstorm|[upkeep]
|-damage|p2a: Moltres|48/100|[from] Sandstorm
|upkeep
|turn|9
|
|t:|1663700957
|switch|p1a: Heatran|Heatran, F|100/100
|-damage|p1a: Heatran|88/100|[from] Stealth Rock
|move|p2a: Moltres|Roost|p2a: Moltres
|-heal|p2a: Moltres|98/100
|-singleturn|p2a: Moltres|move: Roost
|
|-weather|none
|-heal|p1a: Heatran|94/100|[from] item: Leftovers
|upkeep
|turn|10
|
|t:|1663700968
|switch|p2a: Urshifu|Urshifu-Rapid-Strike, M|100/100
|move|p1a: Heatran|Toxic|p2a: Urshifu
|-status|p2a: Urshifu|tox
|
|-heal|p1a: Heatran|100/100|[from] item: Leftovers
|-damage|p2a: Urshifu|94/100 tox|[from] psn
|upkeep
|turn|11
|
|t:|1663700976
|switch|p1a: Toxapex|Toxapex, F|100/100
|-damage|p1a: Toxapex|88/100|[from] Stealth Rock
|move|p2a: Urshifu|U-turn|p1a: Toxapex
|-resisted|p1a: Toxapex
|-damage|p1a: Toxapex|77/100
|
|t:|1663700982
|switch|p2a: Arctozolt|Arctozolt|47/100|[from]move: U-turn
|
|upkeep
|turn|12
|
|t:|1663700986
|switch|p1a: Heatran|Heatran, F|100/100
|-damage|p1a: Heatran|88/100|[from] Stealth Rock
|move|p2a: Arctozolt|Icicle Crash|p1a: Heatran
|-resisted|p1a: Heatran
|-damage|p1a: Heatran|77/100
|-damage|p2a: Arctozolt|37/100|[from] item: Life Orb
|
|-heal|p1a: Heatran|83/100|[from] item: Leftovers
|upkeep
|turn|13
|
|t:|1663701000
|switch|p2a: Urshifu|Urshifu-Rapid-Strike, M|94/100 tox
|switch|p1a: Hippowdon|Hippowdon, M|100/100
|-damage|p1a: Hippowdon|94/100|[from] Stealth Rock
|-weather|Sandstorm|[from] ability: Sand Stream|[of] p1a: Hippowdon
|
|-weather|Sandstorm|[upkeep]
|-damage|p2a: Urshifu|88/100 tox|[from] Sandstorm
|-heal|p1a: Hippowdon|100/100|[from] item: Leftovers
|-damage|p2a: Urshifu|82/100 tox|[from] psn
|upkeep
|turn|14
|
|t:|1663701012
|switch|p1a: Toxapex|Toxapex, F|100/100
|-damage|p1a: Toxapex|88/100|[from] Stealth Rock
|move|p2a: Urshifu|U-turn|p1a: Toxapex
|-resisted|p1a: Toxapex
|-damage|p1a: Toxapex|77/100
|
|t:|1663701020
|switch|p2a: Latias|Latias, F|100/100|[from]move: U-turn
|
|-weather|Sandstorm|[upkeep]
|-damage|p2a: Latias|95/100|[from] Sandstorm
|-damage|p1a: Toxapex|71/100|[from] Sandstorm
|upkeep
|turn|15
|
|t:|1663701026
|switch|p1a: Heatran|Heatran, F|83/100
|-damage|p1a: Heatran|71/100|[from] Stealth Rock
|move|p2a: Latias|Trick|p1a: Heatran
|-activate|p2a: Latias|move: Trick|[of] p1a: Heatran
|-item|p1a: Heatran|Choice Scarf|[from] move: Trick
|-item|p2a: Latias|Leftovers|[from] move: Trick
|
|-weather|Sandstorm|[upkeep]
|-damage|p2a: Latias|89/100|[from] Sandstorm
|-heal|p2a: Latias|95/100|[from] item: Leftovers
|upkeep
|turn|16
|
|t:|1663701036
|switch|p2a: Urshifu|Urshifu-Rapid-Strike, M|82/100 tox
|move|p1a: Heatran|Toxic|p2a: Urshifu
|-fail|p2a: Urshifu|tox
|
|-weather|Sandstorm|[upkeep]
|-damage|p2a: Urshifu|76/100 tox|[from] Sandstorm
|-damage|p2a: Urshifu|70/100 tox|[from] psn
|upkeep
|turn|17
|
|t:|1663701045
|switch|p1a: Toxapex|Toxapex, F|100/100
|-damage|p1a: Toxapex|88/100|[from] Stealth Rock
|move|p2a: Urshifu|U-turn|p1a: Toxapex
|-resisted|p1a: Toxapex
|-damage|p1a: Toxapex|77/100
|
|t:|1663701051
|switch|p2a: Arctozolt|Arctozolt|37/100|[from]move: U-turn
|
|-weather|none
|upkeep
|turn|18
|
|t:|1663701057
|switch|p1a: Heatran|Heatran, F|71/100
|-damage|p1a: Heatran|59/100|[from] Stealth Rock
|move|p2a: Arctozolt|Bolt Beak|p1a: Heatran
|-damage|p1a: Heatran|0 fnt
|faint|p1a: Heatran
|-damage|p2a: Arctozolt|27/100|[from] item: Life Orb
|
|upkeep
|
|t:|1663701060
|switch|p1a: Hippowdon|Hippowdon, M|100/100
|-damage|p1a: Hippowdon|94/100|[from] Stealth Rock
|-weather|Sandstorm|[from] ability: Sand Stream|[of] p1a: Hippowdon
|turn|19
|
|t:|1663701074
|switch|p2a: Latias|Latias, F|95/100
|move|p1a: Hippowdon|Stealth Rock|p2a: Latias
|-sidestart|p2: Bumpf92|move: Stealth Rock
|
|-weather|Sandstorm|[upkeep]
|-damage|p2a: Latias|89/100|[from] Sandstorm
|-heal|p2a: Latias|95/100|[from] item: Leftovers
|-heal|p1a: Hippowdon|100/100|[from] item: Leftovers
|upkeep
|turn|20
|
|t:|1663701087
|move|p2a: Latias|Psychic|p1a: Hippowdon
|-damage|p1a: Hippowdon|70/100
|move|p1a: Hippowdon|Toxic|p2a: Latias
|-status|p2a: Latias|tox
|
|-weather|Sandstorm|[upkeep]
|-damage|p2a: Latias|89/100 tox|[from] Sandstorm
|-heal|p2a: Latias|95/100 tox|[from] item: Leftovers
|-heal|p1a: Hippowdon|76/100|[from] item: Leftovers
|-damage|p2a: Latias|89/100 tox|[from] psn
|upkeep
|turn|21
|l| BolsoMiteiro
|j| Minihercules
|
|t:|1663701110
|move|p2a: Latias|Draco Meteor|p1a: Hippowdon
|-damage|p1a: Hippowdon|32/100
|-unboost|p2a: Latias|spa|2
|move|p1a: Hippowdon|Slack Off|p1a: Hippowdon
|-heal|p1a: Hippowdon|82/100
|
|-weather|Sandstorm|[upkeep]
|-damage|p2a: Latias|83/100 tox|[from] Sandstorm
|-heal|p2a: Latias|89/100 tox|[from] item: Leftovers
|-heal|p1a: Hippowdon|89/100|[from] item: Leftovers
|-damage|p2a: Latias|77/100 tox|[from] psn
|upkeep
|turn|22
|j| KappaHalo
|
|t:|1663701124
|switch|p2a: Swampert|Swampert, M|18/100
|-damage|p2a: Swampert|12/100|[from] Stealth Rock
|move|p1a: Hippowdon|Earthquake|p2a: Swampert
|-damage|p2a: Swampert|0 fnt
|faint|p2a: Swampert
|
|-weather|Sandstorm|[upkeep]
|-heal|p1a: Hippowdon|95/100|[from] item: Leftovers
|upkeep
|
|t:|1663701133
|switch|p2a: Urshifu|Urshifu-Rapid-Strike, M|70/100 tox
|-damage|p2a: Urshifu|64/100 tox|[from] Stealth Rock
|turn|23
|
|t:|1663701138
|switch|p1a: Toxapex|Toxapex, F|100/100
|-damage|p1a: Toxapex|88/100|[from] Stealth Rock
|move|p2a: Urshifu|Surging Strikes|p1a: Toxapex
|-resisted|p1a: Toxapex
|-crit|p1a: Toxapex
|-damage|p1a: Toxapex|80/100
|-resisted|p1a: Toxapex
|-crit|p1a: Toxapex
|-damage|p1a: Toxapex|71/100
|-resisted|p1a: Toxapex
|-crit|p1a: Toxapex
|-damage|p1a: Toxapex|63/100
|-hitcount|p1a: Toxapex|3
|
|-weather|none
|-damage|p2a: Urshifu|57/100 tox|[from] psn
|upkeep
|turn|24
|
|t:|1663701151
|switch|p2a: Latias|Latias, F|77/100 tox
|-damage|p2a: Latias|64/100 tox|[from] Stealth Rock
|move|p1a: Toxapex|Scald|p2a: Latias
|-resisted|p2a: Latias
|-damage|p2a: Latias|56/100 tox
|
|-heal|p2a: Latias|62/100 tox|[from] item: Leftovers
|-damage|p2a: Latias|56/100 tox|[from] psn
|upkeep
|turn|25
|
|t:|1663701171
|switch|p1a: Hippowdon|Hippowdon, M|95/100
|-damage|p1a: Hippowdon|89/100|[from] Stealth Rock
|-weather|Sandstorm|[from] ability: Sand Stream|[of] p1a: Hippowdon
|move|p2a: Latias|Draco Meteor|p1a: Hippowdon
|-damage|p1a: Hippowdon|45/100
|-unboost|p2a: Latias|spa|2
|
|-weather|Sandstorm|[upkeep]
|-damage|p2a: Latias|50/100 tox|[from] Sandstorm
|-heal|p2a: Latias|56/100 tox|[from] item: Leftovers
|-heal|p1a: Hippowdon|52/100|[from] item: Leftovers
|-damage|p2a: Latias|44/100 tox|[from] psn
|upkeep
|turn|26
|
|t:|1663701186
|move|p2a: Latias|Healing Wish|p2a: Latias
|faint|p2a: Latias
|move|p1a: Hippowdon|Slack Off|p1a: Hippowdon
|-heal|p1a: Hippowdon|100/100
|
|-weather|Sandstorm|[upkeep]
|upkeep
|
|t:|1663701192
|switch|p2a: Arctozolt|Arctozolt|27/100
|-heal|p2a: Arctozolt|100/100|[from] move: Healing Wish
|-damage|p2a: Arctozolt|76/100|[from] Stealth Rock
|turn|27
|
|t:|1663701199
|switch|p2a: Moltres|Moltres|98/100
|-damage|p2a: Moltres|48/100|[from] Stealth Rock
|move|p1a: Hippowdon|Earthquake|p2a: Moltres
|-immune|p2a: Moltres
|
|-weather|Sandstorm|[upkeep]
|-damage|p2a: Moltres|42/100|[from] Sandstorm
|upkeep
|turn|28
|
|t:|1663701209
|move|p2a: Moltres|Defog|p1a: Hippowdon
|-unboost|p1a: Hippowdon|evasion|1
|-sideend|p1: Stads|Stealth Rock|[from] move: Defog|[of] p2a: Moltres
|-sideend|p2: Bumpf92|Stealth Rock|[from] move: Defog|[of] p2a: Moltres
|move|p1a: Hippowdon|Toxic|p2a: Moltres
|-status|p2a: Moltres|tox
|
|-weather|Sandstorm|[upkeep]
|-damage|p2a: Moltres|36/100 tox|[from] Sandstorm
|-damage|p2a: Moltres|30/100 tox|[from] psn
|upkeep
|turn|29
|
|t:|1663701218
|move|p2a: Moltres|U-turn|p1a: Hippowdon
|-damage|p1a: Hippowdon|90/100
|
|t:|1663701222
|switch|p2a: Urshifu|Urshifu-Rapid-Strike, M|57/100 tox|[from]move: U-turn
|move|p1a: Hippowdon|Stealth Rock|p2a: Urshifu
|-sidestart|p2: Bumpf92|move: Stealth Rock
|
|-weather|none
|-heal|p1a: Hippowdon|96/100|[from] item: Leftovers
|-damage|p2a: Urshifu|51/100 tox|[from] psn
|upkeep
|turn|30
|
|t:|1663701229
|switch|p1a: Tornadus|Tornadus-Therian, M|100/100 tox
|move|p2a: Urshifu|U-turn|p1a: Tornadus
|-resisted|p1a: Tornadus
|-damage|p1a: Tornadus|75/100 tox
|
|t:|1663701235
|switch|p2a: Ninetales|Ninetales-Alola, F|41/100|[from]move: U-turn
|-damage|p2a: Ninetales|16/100|[from] Stealth Rock
|-weather|Hail|[from] ability: Snow Warning|[of] p2a: Ninetales
|
|-weather|Hail|[upkeep]
|-damage|p1a: Tornadus|68/100 tox|[from] Hail
|-damage|p1a: Tornadus|62/100 tox|[from] psn
|upkeep
|turn|31
|
|t:|1663701250
|move|p1a: Tornadus|Heat Wave|p2a: Ninetales
|-supereffective|p2a: Ninetales
|-damage|p2a: Ninetales|0 fnt
|faint|p2a: Ninetales
|
|-weather|Hail|[upkeep]
|-damage|p1a: Tornadus|56/100 tox|[from] Hail
|-damage|p1a: Tornadus|44/100 tox|[from] psn
|upkeep
|
|t:|1663701265
|switch|p2a: Arctozolt|Arctozolt|76/100
|-damage|p2a: Arctozolt|51/100|[from] Stealth Rock
|turn|32
|
|t:|1663701270
|move|p2a: Arctozolt|Icicle Crash|p1a: Tornadus
|-supereffective|p1a: Tornadus
|-damage|p1a: Tornadus|0 fnt
|faint|p1a: Tornadus
|-damage|p2a: Arctozolt|41/100|[from] item: Life Orb
|
|-weather|Hail|[upkeep]
|upkeep
|
|t:|1663701272
|switch|p1a: Hippowdon|Hippowdon, M|96/100
|-weather|Sandstorm|[from] ability: Sand Stream|[of] p1a: Hippowdon
|turn|33
|
|t:|1663701282
|move|p2a: Arctozolt|Icicle Crash|p1a: Hippowdon
|-supereffective|p1a: Hippowdon
|-damage|p1a: Hippowdon|25/100
|-damage|p2a: Arctozolt|31/100|[from] item: Life Orb
|move|p1a: Hippowdon|Earthquake|p2a: Arctozolt
|-supereffective|p2a: Arctozolt
|-damage|p2a: Arctozolt|0 fnt
|faint|p2a: Arctozolt
|
|-weather|Sandstorm|[upkeep]
|-heal|p1a: Hippowdon|31/100|[from] item: Leftovers
|upkeep
|-message|Bumpf92 forfeited.
|
|win|Stads
|raw|Stads's rating: 1777 &rarr; <strong>1799</strong><br />(+22 for winning)
|raw|Bumpf92's rating: 1818 &rarr; <strong>1796</strong><br />(-22 for losing)
|l|☆Bumpf92
|l|☆Stads
|l| Piesol
