|j|☆Meracx
|j|☆Blue chen
|player|p1|Meracx|thorton|1794
|player|p2|Blue chen|karen|1747
|teamsize|p1|6
|teamsize|p2|6
|gametype|singles
|gen|8
|tier|[Gen 8] OU
|rated|
|clearpoke
|poke|p1|Chandelure, M|
|poke|p1|Azumarill, M|
|poke|p1|Hydreigon, F|
|poke|p1|Mandibuzz, F|
|poke|p1|Ferrothorn, M|
|poke|p1|Slowbro, M|
|poke|p2|Accelgor, M|
|poke|p2|Magearna|
|poke|p2|Urshifu-*, M|
|poke|p2|Dracozolt|
|poke|p2|Azumarill, M|
|poke|p2|Volcarona, M|
|rule|Sleep Clause Mod: Limit one foe put to sleep
|rule|Species Clause: Limit one of each Pokémon
|rule|OHKO Clause: OHKO moves are banned
|rule|Evasion Moves Clause: Evasion moves are banned
|rule|Endless Battle Clause: Forcing endless battles is banned
|rule|HP Percentage Mod: HP is shown in percentages
|rule|Dynamax Clause: You cannot dynamax
|teampreview
|j| OilyBootySpex
|j| Wahax
|
|start
|switch|p1a: Chandelure|Chandelure, M|100/100
|switch|p2a: Accelgor|Accelgor, M|100/100
|turn|1
|j| arr22
|
|move|p2a: Accelgor|Toxic Spikes|p1a: Chandelure
|-sidestart|p1: Meracx|move: Toxic Spikes
|move|p1a: Chandelure|Flamethrower|p2a: Accelgor
|-supereffective|p2a: Accelgor
|-enditem|p2a: Accelgor|Focus Sash
|-damage|p2a: Accelgor|1/100
|
|upkeep
|turn|2
|
|move|p2a: Accelgor|Spikes|p1a: Chandelure
|-sidestart|p1: Meracx|Spikes
|move|p1a: Chandelure|Flamethrower|p2a: Accelgor
|-supereffective|p2a: Accelgor
|-crit|p2a: Accelgor
|-damage|p2a: Accelgor|0 fnt
|faint|p2a: Accelgor
|
|upkeep
|
|switch|p2a: Dracozolt|Dracozolt|100/100
|turn|3
|
|switch|p1a: Ferrothorn|Ferrothorn, M|100/100
|-damage|p1a: Ferrothorn|88/100|[from] Spikes
|move|p2a: Dracozolt|Bolt Beak|p1a: Ferrothorn|[miss]
|-miss|p2a: Dracozolt|p1a: Ferrothorn
|
|-heal|p1a: Ferrothorn|94/100|[from] item: Leftovers
|upkeep
|turn|4
|j| NigaJuice
|
|move|p2a: Dracozolt|Bolt Beak|p1a: Ferrothorn
|-resisted|p1a: Ferrothorn
|-damage|p1a: Ferrothorn|50/100
|-damage|p2a: Dracozolt|88/100|[from] ability: Iron Barbs|[of] p1a: Ferrothorn
|move|p1a: Ferrothorn|Knock Off|p2a: Dracozolt
|-damage|p2a: Dracozolt|62/100
|-enditem|p2a: Dracozolt|Wide Lens|[from] move: Knock Off|[of] p1a: Ferrothorn
|
|-heal|p1a: Ferrothorn|57/100|[from] item: Leftovers
|upkeep
|turn|5
|
|move|p2a: Dracozolt|Bolt Beak|p1a: Ferrothorn
|-resisted|p1a: Ferrothorn
|-damage|p1a: Ferrothorn|16/100
|-damage|p2a: Dracozolt|50/100|[from] ability: Iron Barbs|[of] p1a: Ferrothorn
|move|p1a: Ferrothorn|Leech Seed|p2a: Dracozolt
|-start|p2a: Dracozolt|move: Leech Seed
|
|-heal|p1a: Ferrothorn|22/100|[from] item: Leftovers
|-damage|p2a: Dracozolt|37/100|[from] Leech Seed|[of] p1a: Ferrothorn
|-heal|p1a: Ferrothorn|33/100|[silent]
|upkeep
|turn|6
|l| NigaJuice
|
|move|p2a: Dracozolt|Bolt Beak|p1a: Ferrothorn
|-resisted|p1a: Ferrothorn
|-damage|p1a: Ferrothorn|0 fnt
|-damage|p2a: Dracozolt|25/100|[from] ability: Iron Barbs|[of] p1a: Ferrothorn
|faint|p1a: Ferrothorn
|
|upkeep
|
|switch|p1a: Hydreigon|Hydreigon, F|100/100
|turn|7
|
|move|p1a: Hydreigon|Dark Pulse|p2a: Dracozolt
|-damage|p2a: Dracozolt|0 fnt
|-damage|p1a: Hydreigon|91/100|[from] item: Life Orb
|faint|p2a: Dracozolt
|
|upkeep
|j| omgatree6
|l| Wahax
|
|switch|p2a: Volcarona|Volcarona, M|100/100
|turn|8
|
|switch|p1a: Mandibuzz|Mandibuzz, F|100/100
|move|p2a: Volcarona|Bug Buzz|p1a: Mandibuzz
|-damage|p1a: Mandibuzz|59/100
|-unboost|p1a: Mandibuzz|spd|1
|
|upkeep
|turn|9
|
|move|p2a: Volcarona|Fire Blast|p1a: Mandibuzz
|-damage|p1a: Mandibuzz|0 fnt
|faint|p1a: Mandibuzz
|
|upkeep
|
|switch|p1a: Chandelure|Chandelure, M|100/100
|-damage|p1a: Chandelure|88/100|[from] Spikes
|-status|p1a: Chandelure|psn
|turn|10
|j| REDEYESplayer
|
|move|p2a: Volcarona|Quiver Dance|p2a: Volcarona
|-boost|p2a: Volcarona|spa|1
|-boost|p2a: Volcarona|spd|1
|-boost|p2a: Volcarona|spe|1
|move|p1a: Chandelure|Calm Mind|p1a: Chandelure
|-boost|p1a: Chandelure|spa|1
|-boost|p1a: Chandelure|spd|1
|
|-heal|p1a: Chandelure|94/100 psn|[from] item: Leftovers
|-damage|p1a: Chandelure|82/100 psn|[from] psn
|upkeep
|turn|11
|j| Hosta Mahogy
|
|move|p2a: Volcarona|Quiver Dance|p2a: Volcarona
|-boost|p2a: Volcarona|spa|1
|-boost|p2a: Volcarona|spd|1
|-boost|p2a: Volcarona|spe|1
|move|p1a: Chandelure|Flamethrower|p2a: Volcarona
|-damage|p2a: Volcarona|57/100
|
|-heal|p1a: Chandelure|88/100 psn|[from] item: Leftovers
|-damage|p1a: Chandelure|76/100 psn|[from] psn
|upkeep
|turn|12
|
|move|p2a: Volcarona|Psychic|p1a: Chandelure
|-damage|p1a: Chandelure|24/100 psn
|move|p1a: Chandelure|Flamethrower|p2a: Volcarona
|-damage|p2a: Volcarona|14/100
|
|-heal|p1a: Chandelure|30/100 psn|[from] item: Leftovers
|-damage|p1a: Chandelure|18/100 psn|[from] psn
|upkeep
|turn|13
|-message|Meracx forfeited.
|
|win|Blue chen
|l|☆Meracx
|raw|Meracx's rating: 1794 &rarr; <strong>1771</strong><br />(-23 for losing)
|raw|Blue chen's rating: 1747 &rarr; <strong>1769</strong><br />(+22 for winning)
|l|☆Blue chen
|l| arr22
|l| REDEYESplayer
|l| OilyBootySpex
