|j|☆Korkskrew
|j|☆Elite4Donovan
|t:|1658885226
|gametype|singles
|player|p1|Korkskrew|adaman|1569
|player|p2|Elite4Donovan|lucas|1641
|teamsize|p1|6
|teamsize|p2|6
|gen|8
|tier|[Gen 8] OU
|rated|
|rule|Sleep Clause Mod: Limit one foe put to sleep
|rule|Species Clause: Limit one of each Pokémon
|rule|OHKO Clause: OHKO moves are banned
|rule|Evasion Moves Clause: Evasion moves are banned
|rule|Endless Battle Clause: Forcing endless battles is banned
|rule|HP Percentage Mod: HP is shown in percentages
|rule|Dynamax Clause: You cannot dynamax
|clearpoke
|poke|p1|Dragapult, M|
|poke|p1|Tapu Fini|
|poke|p1|Blacephalon|
|poke|p1|Tapu Lele|
|poke|p1|Landorus-Therian, M|
|poke|p1|Melmetal|
|poke|p2|Lilligant, F|
|poke|p2|Magnezone|
|poke|p2|Garchomp, M|
|poke|p2|Mandibuzz, F|
|poke|p2|Buzzwole|
|poke|p2|Tapu Lele|
|teampreview
|
|t:|1658885243
|start
|switch|p1a: Dragapult|Dragapult, M|100/100
|switch|p2a: Magnezone|Magnezone|100/100
|turn|1
|
|t:|1658885245
|move|p1a: Dragapult|Flamethrower|p2a: Magnezone
|-supereffective|p2a: Magnezone
|-damage|p2a: Magnezone|42/100
|move|p2a: Magnezone|Mirror Coat|p1a: Dragapult
|-damage|p1a: Dragapult|0 fnt
|faint|p1a: Dragapult
|
|upkeep
|
|t:|1658885250
|switch|p1a: Blacephalon|Blacephalon|100/100
|turn|2
|
|t:|1658885255
|switch|p2a: Garchomp|Garchomp, M|100/100
|move|p1a: Blacephalon|Flamethrower|p2a: Garchomp
|-resisted|p2a: Garchomp
|-damage|p2a: Garchomp|58/100
|
|upkeep
|turn|3
|
|t:|1658885267
|switch|p1a: Landorus|Landorus-Therian, M|100/100
|-ability|p1a: Landorus|Intimidate|boost
|-unboost|p2a: Garchomp|atk|1
|move|p2a: Garchomp|Stealth Rock|p1a: Landorus
|-sidestart|p1: Korkskrew|move: Stealth Rock
|
|upkeep
|turn|4
|
|t:|1658885276
|move|p2a: Garchomp|Draco Meteor|p1a: Landorus
|-damage|p1a: Landorus|54/100
|-unboost|p2a: Garchomp|spa|2
|-damage|p2a: Garchomp|48/100|[from] item: Life Orb
|move|p1a: Landorus|Toxic|p2a: Garchomp
|-status|p2a: Garchomp|tox
|
|-heal|p1a: Landorus|60/100|[from] item: Leftovers
|-damage|p2a: Garchomp|42/100 tox|[from] psn
|upkeep
|turn|5
|
|t:|1658885281
|switch|p2a: Tapu Lele|Tapu Lele|100/100
|-fieldstart|move: Psychic Terrain|[from] ability: Psychic Surge|[of] p2a: Tapu Lele
|move|p1a: Landorus|Stealth Rock|p2a: Tapu Lele
|-sidestart|p2: Elite4Donovan|move: Stealth Rock
|
|-heal|p1a: Landorus|66/100|[from] item: Leftovers
|upkeep
|turn|6
|
|t:|1658885285
|switch|p1a: Melmetal|Melmetal|100/100
|-damage|p1a: Melmetal|94/100|[from] Stealth Rock
|move|p2a: Tapu Lele|Psyshock|p1a: Melmetal
|-resisted|p1a: Melmetal
|-damage|p1a: Melmetal|78/100
|
|-heal|p1a: Melmetal|84/100|[from] item: Leftovers
|upkeep
|turn|7
|
|t:|1658885293
|switch|p2a: Buzzwole|Buzzwole|100/100
|-damage|p2a: Buzzwole|88/100|[from] Stealth Rock
|switch|p1a: Landorus|Landorus-Therian, M|66/100
|-damage|p1a: Landorus|54/100|[from] Stealth Rock
|-ability|p1a: Landorus|Intimidate|boost
|-unboost|p2a: Buzzwole|atk|1
|
|-heal|p1a: Landorus|60/100|[from] item: Leftovers
|upkeep
|turn|8
|
|t:|1658885298
|switch|p2a: Lilligant|Lilligant, F|100/100
|-damage|p2a: Lilligant|88/100|[from] Stealth Rock
|switch|p1a: Tapu Fini|Tapu Fini|100/100
|-damage|p1a: Tapu Fini|88/100|[from] Stealth Rock
|-fieldstart|move: Misty Terrain|[from] ability: Misty Surge|[of] p1a: Tapu Fini
|
|-heal|p1a: Tapu Fini|94/100|[from] item: Leftovers
|upkeep
|turn|9
|
|t:|1658885303
|switch|p1a: Melmetal|Melmetal|84/100
|-damage|p1a: Melmetal|78/100|[from] Stealth Rock
|move|p2a: Lilligant|Giga Drain|p1a: Melmetal
|-resisted|p1a: Melmetal
|-damage|p1a: Melmetal|60/100
|-heal|p2a: Lilligant|100/100|[from] drain|[of] p1a: Melmetal
|
|-heal|p1a: Melmetal|66/100|[from] item: Leftovers
|upkeep
|turn|10
|
|t:|1658885311
|switch|p2a: Buzzwole|Buzzwole|88/100
|-damage|p2a: Buzzwole|76/100|[from] Stealth Rock
|switch|p1a: Landorus|Landorus-Therian, M|60/100
|-damage|p1a: Landorus|48/100|[from] Stealth Rock
|-ability|p1a: Landorus|Intimidate|boost
|-unboost|p2a: Buzzwole|atk|1
|
|-heal|p1a: Landorus|54/100|[from] item: Leftovers
|upkeep
|turn|11
|
|t:|1658885314
|switch|p1a: Tapu Fini|Tapu Fini|94/100
|-damage|p1a: Tapu Fini|82/100|[from] Stealth Rock
|move|p2a: Buzzwole|Ice Punch|p1a: Tapu Fini
|-resisted|p1a: Tapu Fini
|-damage|p1a: Tapu Fini|75/100
|
|-heal|p1a: Tapu Fini|82/100|[from] item: Leftovers
|upkeep
|turn|12
|
|t:|1658885322
|switch|p2a: Magnezone|Magnezone|42/100
|-damage|p2a: Magnezone|36/100|[from] Stealth Rock
|move|p1a: Tapu Fini|Nature's Madness|p2a: Magnezone
|-damage|p2a: Magnezone|18/100
|
|-heal|p1a: Tapu Fini|88/100|[from] item: Leftovers
|-fieldend|Misty Terrain
|upkeep
|turn|13
|
|t:|1658885338
|switch|p1a: Landorus|Landorus-Therian, M|54/100
|-damage|p1a: Landorus|41/100|[from] Stealth Rock
|-ability|p1a: Landorus|Intimidate|boost
|-unboost|p2a: Magnezone|atk|1
|move|p2a: Magnezone|Flash Cannon|p1a: Landorus
|-damage|p1a: Landorus|10/100
|
|-heal|p1a: Landorus|16/100|[from] item: Leftovers
|upkeep
|turn|14
|
|t:|1658885340
|move|p1a: Landorus|Earthquake|p2a: Magnezone
|-supereffective|p2a: Magnezone
|-damage|p2a: Magnezone|0 fnt
|faint|p2a: Magnezone
|
|-heal|p1a: Landorus|22/100|[from] item: Leftovers
|upkeep
|
|t:|1658885349
|switch|p2a: Garchomp|Garchomp, M|42/100 tox
|-damage|p2a: Garchomp|36/100 tox|[from] Stealth Rock
|turn|15
|
|t:|1658885367
|move|p2a: Garchomp|Earthquake|p1a: Landorus
|-immune|p1a: Landorus
|move|p1a: Landorus|Earthquake|p2a: Garchomp
|-damage|p2a: Garchomp|0 fnt
|faint|p2a: Garchomp
|
|-heal|p1a: Landorus|28/100|[from] item: Leftovers
|upkeep
|
|t:|1658885376
|switch|p2a: Buzzwole|Buzzwole|76/100
|-damage|p2a: Buzzwole|63/100|[from] Stealth Rock
|turn|16
|
|t:|1658885381
|switch|p1a: Tapu Fini|Tapu Fini|88/100
|-damage|p1a: Tapu Fini|75/100|[from] Stealth Rock
|-fieldstart|move: Misty Terrain|[from] ability: Misty Surge|[of] p1a: Tapu Fini
|move|p2a: Buzzwole|Poison Jab|p1a: Tapu Fini
|-supereffective|p1a: Tapu Fini
|-damage|p1a: Tapu Fini|31/100
|
|-heal|p1a: Tapu Fini|37/100|[from] item: Leftovers
|upkeep
|turn|17
|
|t:|1658885384
|move|p2a: Buzzwole|Poison Jab|p1a: Tapu Fini
|-supereffective|p1a: Tapu Fini
|-damage|p1a: Tapu Fini|0 fnt
|faint|p1a: Tapu Fini
|-ability|p2a: Buzzwole|Beast Boost|boost
|-boost|p2a: Buzzwole|atk|1
|
|upkeep
|
|t:|1658885389
|switch|p1a: Tapu Lele|Tapu Lele|100/100
|-damage|p1a: Tapu Lele|88/100|[from] Stealth Rock
|-fieldstart|move: Psychic Terrain|[from] ability: Psychic Surge|[of] p1a: Tapu Lele
|turn|18
|
|t:|1658885397
|move|p1a: Tapu Lele|Moonblast|p2a: Buzzwole
|-supereffective|p2a: Buzzwole
|-damage|p2a: Buzzwole|0 fnt
|faint|p2a: Buzzwole
|
|upkeep
|
|t:|1658885404
|switch|p2a: Tapu Lele|Tapu Lele|100/100
|-damage|p2a: Tapu Lele|88/100|[from] Stealth Rock
|turn|19
|
|t:|1658885450
|switch|p1a: Melmetal|Melmetal|66/100
|-damage|p1a: Melmetal|60/100|[from] Stealth Rock
|move|p2a: Tapu Lele|Moonblast|p1a: Melmetal
|-resisted|p1a: Melmetal
|-crit|p1a: Melmetal
|-damage|p1a: Melmetal|28/100
|-unboost|p1a: Melmetal|spa|1
|
|-heal|p1a: Melmetal|34/100|[from] item: Leftovers
|upkeep
|turn|20
|
|t:|1658885462
|move|p2a: Tapu Lele|Moonblast|p1a: Melmetal
|-resisted|p1a: Melmetal
|-damage|p1a: Melmetal|14/100
|move|p1a: Melmetal|Double Iron Bash|p2a: Tapu Lele
|-supereffective|p2a: Tapu Lele
|-damage|p2a: Tapu Lele|0 fnt
|faint|p2a: Tapu Lele
|-hitcount|p2: Tapu Lele|1
|
|-heal|p1a: Melmetal|20/100|[from] item: Leftovers
|upkeep
|
|t:|1658885464
|switch|p2a: Lilligant|Lilligant, F|100/100
|-damage|p2a: Lilligant|88/100|[from] Stealth Rock
|turn|21
|
|t:|1658885465
|move|p2a: Lilligant|Sleep Powder|p1a: Melmetal
|-status|p1a: Melmetal|slp|[from] move: Sleep Powder
|cant|p1a: Melmetal|slp
|
|-heal|p1a: Melmetal|26/100 slp|[from] item: Leftovers
|upkeep
|turn|22
|
|t:|1658885472
|switch|p1a: Tapu Lele|Tapu Lele|88/100
|-damage|p1a: Tapu Lele|76/100|[from] Stealth Rock
|move|p2a: Lilligant|Quiver Dance|p2a: Lilligant
|-boost|p2a: Lilligant|spa|1
|-boost|p2a: Lilligant|spd|1
|-boost|p2a: Lilligant|spe|1
|
|-fieldend|move: Psychic Terrain
|upkeep
|turn|23
|
|t:|1658885477
|move|p1a: Tapu Lele|Psyshock|p2a: Lilligant
|-damage|p2a: Lilligant|18/100
|move|p2a: Lilligant|Quiver Dance|p2a: Lilligant
|-boost|p2a: Lilligant|spa|1
|-boost|p2a: Lilligant|spd|1
|-boost|p2a: Lilligant|spe|1
|
|upkeep
|turn|24
|
|t:|1658885484
|move|p2a: Lilligant|Petal Dance|p1a: Tapu Lele
|-damage|p1a: Tapu Lele|0 fnt
|faint|p1a: Tapu Lele
|
|upkeep
|
|t:|1658885507
|switch|p1a: Blacephalon|Blacephalon|100/100
|-damage|p1a: Blacephalon|76/100|[from] Stealth Rock
|turn|25
|
|t:|1658885509
|move|p2a: Lilligant|Petal Dance|p1a: Blacephalon|[from]lockedmove
|-resisted|p1a: Blacephalon
|-damage|p1a: Blacephalon|0 fnt
|faint|p1a: Blacephalon
|
|upkeep
|
|t:|1658885512
|switch|p1a: Melmetal|Melmetal|26/100 slp
|-damage|p1a: Melmetal|20/100 slp|[from] Stealth Rock
|turn|26
|
|t:|1658885514
|move|p2a: Lilligant|Petal Dance|p1a: Melmetal|[from]lockedmove
|-resisted|p1a: Melmetal
|-damage|p1a: Melmetal|0 fnt
|faint|p1a: Melmetal
|
|upkeep
|
|t:|1658885516
|switch|p1a: Landorus|Landorus-Therian, M|28/100
|-damage|p1a: Landorus|15/100|[from] Stealth Rock
|-ability|p1a: Landorus|Intimidate|boost
|-fail|p2a: Lilligant|unboost|Attack|[from] ability: Own Tempo|[of] p2a: Lilligant
|turn|27
|
|t:|1658885519
|move|p2a: Lilligant|Petal Dance|p1a: Landorus
|-damage|p1a: Landorus|0 fnt
|faint|p1a: Landorus
|
|win|Elite4Donovan
|raw|Korkskrew's rating: 1566 &rarr; <strong>1550</strong><br />(-16 for losing)
|raw|Elite4Donovan's rating: 1641 &rarr; <strong>1657</strong><br />(+16 for winning)
|l|☆Korkskrew
|c|☆Elite4Donovan|gg
||Ladder isn't responding, score probably updated but might not have (Request timeout).
