|j|☆Lulu93290
|j|☆Darkman64
|t:|1661786150
|gametype|singles
|player|p1|Lulu93290|benga|1534
|player|p2|Darkman64|juan|1585
|teamsize|p1|6
|teamsize|p2|6
|gen|8
|tier|[Gen 8] OU
|rated|
|rule|Sleep Clause Mod: Limit one foe put to sleep
|rule|Species Clause: Limit one of each Pokémon
|rule|OHKO Clause: OHKO moves are banned
|rule|Evasion Items Clause: Evasion items are banned
|rule|Evasion Moves Clause: Evasion moves are banned
|rule|Endless Battle Clause: Forcing endless battles is banned
|rule|HP Percentage Mod: HP is shown in percentages
|rule|Dynamax Clause: You cannot dynamax
|clearpoke
|poke|p1|Regieleki|
|poke|p1|Tapu Koko|
|poke|p1|Victini|
|poke|p1|Slowbro, F|
|poke|p1|Landorus-Therian, M|
|poke|p1|Mandibuzz, F|
|poke|p2|Weavile, M|
|poke|p2|Slowbro, M|
|poke|p2|Landorus-Therian, M|
|poke|p2|Urshifu-*, M|
|poke|p2|Ferrothorn, F|
|poke|p2|Clefable, M|
|teampreview
|inactive|Battle timer is ON: inactive players will automatically lose when time's up. (requested by Lulu93290)
|
|t:|1661786176
|start
|switch|p1a: Regieleki|Regieleki|100/100
|switch|p2a: Weavile|Weavile, M|100/100
|-ability|p2a: Weavile|Pressure
|turn|1
|
|t:|1661786186
|switch|p2a: Landorus|Landorus-Therian, M|100/100
|-ability|p2a: Landorus|Intimidate|boost
|-unboost|p1a: Regieleki|atk|1
|move|p1a: Regieleki|Volt Switch|p2a: Landorus
|-immune|p2a: Landorus
|
|upkeep
|turn|2
|j| Sinnoh=trash
|
|t:|1661786201
|switch|p1a: Landorus|Landorus-Therian, M|100/100
|-ability|p1a: Landorus|Intimidate|boost
|-unboost|p2a: Landorus|atk|1
|move|p2a: Landorus|Toxic|p1a: Landorus
|-status|p1a: Landorus|tox
|
|-damage|p1a: Landorus|95/100 tox|[from] psn
|upkeep
|turn|3
|
|t:|1661786221
|switch|p2a: Ferrothorn|Ferrothorn, F|100/100
|move|p1a: Landorus|Knock Off|p2a: Ferrothorn
|-crit|p2a: Ferrothorn
|-damage|p2a: Ferrothorn|68/100
|-damage|p1a: Landorus|82/100 tox|[from] ability: Iron Barbs|[of] p2a: Ferrothorn
|-enditem|p2a: Ferrothorn|Leftovers|[from] move: Knock Off|[of] p1a: Landorus
|
|-heal|p1a: Landorus|88/100 tox|[from] item: Leftovers
|-damage|p1a: Landorus|76/100 tox|[from] psn
|upkeep
|turn|4
|
|t:|1661786233
|switch|p1a: Victini|Victini|100/100
|move|p2a: Ferrothorn|Knock Off|p1a: Victini
|-supereffective|p1a: Victini
|-damage|p1a: Victini|61/100
|-enditem|p1a: Victini|Ring Target|[from] move: Knock Off|[of] p2a: Ferrothorn
|
|upkeep
|turn|5
|l| Sinnoh=trash
|
|t:|1661786241
|switch|p2a: Slowbro|Slowbro, M|100/100
|move|p1a: Victini|U-turn|p2a: Slowbro
|-supereffective|p2a: Slowbro
|-damage|p2a: Slowbro|79/100
|
|t:|1661786247
|switch|p1a: Regieleki|Regieleki|100/100|[from]move: U-turn
|
|upkeep
|turn|6
|
|t:|1661786256
|switch|p2a: Ferrothorn|Ferrothorn, F|68/100
|move|p1a: Regieleki|Ancient Power|p2a: Ferrothorn
|-resisted|p2a: Ferrothorn
|-damage|p2a: Ferrothorn|56/100
|
|upkeep
|turn|7
|
|t:|1661786264
|switch|p1a: Landorus|Landorus-Therian, M|76/100 tox
|-ability|p1a: Landorus|Intimidate|boost
|-unboost|p2a: Ferrothorn|atk|1
|move|p2a: Ferrothorn|Leech Seed|p1a: Landorus|[miss]
|-miss|p2a: Ferrothorn|p1a: Landorus
|
|-heal|p1a: Landorus|82/100 tox|[from] item: Leftovers
|-damage|p1a: Landorus|76/100 tox|[from] psn
|upkeep
|turn|8
|
|t:|1661786275
|move|p1a: Landorus|Stealth Rock|p2a: Ferrothorn
|-sidestart|p2: Darkman64|move: Stealth Rock
|move|p2a: Ferrothorn|Leech Seed|p1a: Landorus|[miss]
|-miss|p2a: Ferrothorn|p1a: Landorus
|
|-heal|p1a: Landorus|82/100 tox|[from] item: Leftovers
|-damage|p1a: Landorus|70/100 tox|[from] psn
|upkeep
|turn|9
|c|☆Darkman64|lets gooooooooooo
|
|t:|1661786287
|move|p1a: Landorus|Earthquake|p2a: Ferrothorn
|-damage|p2a: Ferrothorn|20/100
|move|p2a: Ferrothorn|Leech Seed|p1a: Landorus
|-start|p1a: Landorus|move: Leech Seed
|
|-heal|p1a: Landorus|76/100 tox|[from] item: Leftovers
|-damage|p1a: Landorus|64/100 tox|[from] Leech Seed|[of] p2a: Ferrothorn
|-heal|p2a: Ferrothorn|31/100|[silent]
|-damage|p1a: Landorus|46/100 tox|[from] psn
|upkeep
|turn|10
|
|t:|1661786298
|switch|p2a: Slowbro|Slowbro, M|100/100
|move|p1a: Landorus|U-turn|p2a: Slowbro
|-supereffective|p2a: Slowbro
|-damage|p2a: Slowbro|65/100
|
|t:|1661786303
|switch|p1a: Tapu Koko|Tapu Koko|100/100|[from]move: U-turn
|-fieldstart|move: Electric Terrain|[from] ability: Electric Surge|[of] p1a: Tapu Koko
|
|upkeep
|turn|11
|
|t:|1661786309
|switch|p2a: Landorus|Landorus-Therian, M|100/100
|-damage|p2a: Landorus|88/100|[from] Stealth Rock
|-ability|p2a: Landorus|Intimidate|boost
|-unboost|p1a: Tapu Koko|atk|1
|move|p1a: Tapu Koko|Thunderbolt|p2a: Landorus
|-immune|p2a: Landorus
|
|-heal|p2a: Landorus|94/100|[from] item: Leftovers
|upkeep
|turn|12
|
|t:|1661786326
|switch|p1a: Landorus|Landorus-Therian, M|46/100 tox
|-ability|p1a: Landorus|Intimidate|boost
|-unboost|p2a: Landorus|atk|1
|move|p2a: Landorus|Defog|p1a: Landorus
|-unboost|p1a: Landorus|evasion|1
|-sideend|p2: Darkman64|Stealth Rock|[from] move: Defog|[of] p2a: Landorus
|-fieldend|move: Electric Terrain
|
|-heal|p1a: Landorus|52/100 tox|[from] item: Leftovers
|-heal|p2a: Landorus|99/100|[from] item: Leftovers
|-damage|p1a: Landorus|46/100 tox|[from] psn
|upkeep
|turn|13
|inactive|Darkman64 has 120 seconds left.
|
|t:|1661786359
|switch|p2a: Clefable|Clefable, M|100/100
|move|p1a: Landorus|Stealth Rock|p2a: Clefable
|-sidestart|p2: Darkman64|move: Stealth Rock
|
|-heal|p1a: Landorus|52/100 tox|[from] item: Leftovers
|-damage|p1a: Landorus|40/100 tox|[from] psn
|upkeep
|turn|14
|
|t:|1661786374
|switch|p1a: Victini|Victini|61/100
|move|p2a: Clefable|Wish|p2a: Clefable
|
|upkeep
|turn|15
|
|t:|1661786383
|move|p1a: Victini|V-create|p2a: Clefable
|-damage|p2a: Clefable|51/100
|-unboost|p1a: Victini|spe|1
|-unboost|p1a: Victini|def|1
|-unboost|p1a: Victini|spd|1
|move|p2a: Clefable|Teleport|p2a: Clefable
|
|t:|1661786386
|switch|p2a: Ferrothorn|Ferrothorn, F|31/100|[from]move: Teleport
|-damage|p2a: Ferrothorn|25/100|[from] Stealth Rock
|
|-heal|p2a: Ferrothorn|81/100|[from] move: Wish|[wisher] Clefable
|upkeep
|turn|16
|
|t:|1661786398
|switch|p2a: Slowbro|Slowbro, M|99/100
|move|p1a: Victini|U-turn|p2a: Slowbro
|-supereffective|p2a: Slowbro
|-damage|p2a: Slowbro|74/100
|
|t:|1661786404
|switch|p1a: Tapu Koko|Tapu Koko|100/100|[from]move: U-turn
|-fieldstart|move: Electric Terrain|[from] ability: Electric Surge|[of] p1a: Tapu Koko
|
|upkeep
|turn|17
|inactive|Darkman64 has 120 seconds left.
|inactive|Darkman64 has 90 seconds left.
|
|t:|1661786476
|switch|p2a: Landorus|Landorus-Therian, M|99/100
|-damage|p2a: Landorus|88/100|[from] Stealth Rock
|-ability|p2a: Landorus|Intimidate|boost
|-unboost|p1a: Tapu Koko|atk|1
|move|p1a: Tapu Koko|Dazzling Gleam|p2a: Landorus
|-damage|p2a: Landorus|64/100
|
|-heal|p2a: Landorus|70/100|[from] item: Leftovers
|upkeep
|turn|18
|
|t:|1661786487
|move|p1a: Tapu Koko|Taunt|p2a: Landorus
|-start|p2a: Landorus|move: Taunt
|cant|p2a: Landorus|move: Taunt|Defog
|
|-heal|p2a: Landorus|76/100|[from] item: Leftovers
|upkeep
|turn|19
|
|t:|1661786494
|switch|p1a: Mandibuzz|Mandibuzz, F|100/100
|move|p2a: Landorus|U-turn|p1a: Mandibuzz
|-damage|p1a: Mandibuzz|82/100
|
|t:|1661786498
|switch|p2a: Weavile|Weavile, M|100/100|[from]move: U-turn
|-damage|p2a: Weavile|76/100|[from] Stealth Rock
|-ability|p2a: Weavile|Pressure
|
|upkeep
|turn|20
|
|t:|1661786505
|move|p2a: Weavile|Knock Off|p1a: Mandibuzz
|-resisted|p1a: Mandibuzz
|-damage|p1a: Mandibuzz|54/100
|-enditem|p1a: Mandibuzz|Heavy-Duty Boots|[from] move: Knock Off|[of] p2a: Weavile
|move|p1a: Mandibuzz|U-turn|p2a: Weavile
|-supereffective|p2a: Weavile
|-damage|p2a: Weavile|36/100
|
|t:|1661786512
|switch|p1a: Regieleki|Regieleki|100/100|[from]move: U-turn
|
|upkeep
|turn|21
|
|t:|1661786517
|switch|p2a: Ferrothorn|Ferrothorn, F|81/100
|-damage|p2a: Ferrothorn|75/100|[from] Stealth Rock
|move|p1a: Regieleki|Ancient Power|p2a: Ferrothorn
|-resisted|p2a: Ferrothorn
|-damage|p2a: Ferrothorn|63/100
|-boost|p1a: Regieleki|atk|1
|-boost|p1a: Regieleki|def|1
|-boost|p1a: Regieleki|spa|1
|-boost|p1a: Regieleki|spd|1
|-boost|p1a: Regieleki|spe|1
|
|upkeep
|turn|22
|
|t:|1661786529
|switch|p1a: Victini|Victini|61/100
|move|p2a: Ferrothorn|Leech Seed|p1a: Victini
|-start|p1a: Victini|move: Leech Seed
|
|-damage|p1a: Victini|49/100|[from] Leech Seed|[of] p2a: Ferrothorn
|-heal|p2a: Ferrothorn|75/100|[silent]
|upkeep
|turn|23
|
|t:|1661786542
|move|p1a: Victini|U-turn|p2a: Ferrothorn
|-damage|p2a: Ferrothorn|65/100
|-damage|p1a: Victini|37/100|[from] ability: Iron Barbs|[of] p2a: Ferrothorn
|
|t:|1661786548
|switch|p1a: Regieleki|Regieleki|100/100|[from]move: U-turn
|move|p2a: Ferrothorn|Knock Off|p1a: Regieleki
|-damage|p1a: Regieleki|60/100
|-enditem|p1a: Regieleki|Choice Specs|[from] move: Knock Off|[of] p2a: Ferrothorn
|
|-fieldend|move: Electric Terrain
|upkeep
|turn|24
|
|t:|1661786559
|move|p1a: Regieleki|Volt Switch|p2a: Ferrothorn
|-resisted|p2a: Ferrothorn
|-damage|p2a: Ferrothorn|44/100
|
|t:|1661786563
|switch|p1a: Victini|Victini|37/100|[from]move: Volt Switch
|move|p2a: Ferrothorn|Leech Seed|p1a: Victini
|-start|p1a: Victini|move: Leech Seed
|
|-damage|p1a: Victini|24/100|[from] Leech Seed|[of] p2a: Ferrothorn
|-heal|p2a: Ferrothorn|56/100|[silent]
|upkeep
|turn|25
|
|t:|1661786582
|switch|p2a: Slowbro|Slowbro, M|100/100
|move|p1a: Victini|U-turn|p2a: Slowbro
|-supereffective|p2a: Slowbro
|-damage|p2a: Slowbro|76/100
|
|t:|1661786588
|switch|p1a: Tapu Koko|Tapu Koko|100/100|[from]move: U-turn
|-fieldstart|move: Electric Terrain|[from] ability: Electric Surge|[of] p1a: Tapu Koko
|
|upkeep
|turn|26
|
|t:|1661786596
|move|p1a: Tapu Koko|Taunt|p2a: Slowbro
|-start|p2a: Slowbro|move: Taunt
|cant|p2a: Slowbro|move: Taunt|Teleport
|
|upkeep
|turn|27
|
|t:|1661786609
|switch|p2a: Urshifu|Urshifu-Rapid-Strike, M|100/100
|-damage|p2a: Urshifu|94/100|[from] Stealth Rock
|move|p1a: Tapu Koko|Dazzling Gleam|p2a: Urshifu
|-supereffective|p2a: Urshifu
|-damage|p2a: Urshifu|0 fnt
|faint|p2a: Urshifu
|
|upkeep
|
|t:|1661786616
|switch|p2a: Ferrothorn|Ferrothorn, F|56/100
|-damage|p2a: Ferrothorn|50/100|[from] Stealth Rock
|turn|28
|
|t:|1661786637
|move|p1a: Tapu Koko|Taunt|p2a: Ferrothorn
|-start|p2a: Ferrothorn|move: Taunt
|move|p2a: Ferrothorn|Knock Off|p1a: Tapu Koko
|-resisted|p1a: Tapu Koko
|-damage|p1a: Tapu Koko|86/100
|-enditem|p1a: Tapu Koko|Terrain Extender|[from] move: Knock Off|[of] p2a: Ferrothorn
|
|upkeep
|turn|29
|
|t:|1661786645
|move|p1a: Tapu Koko|U-turn|p2a: Ferrothorn
|-crit|p2a: Ferrothorn
|-damage|p2a: Ferrothorn|35/100
|-damage|p1a: Tapu Koko|74/100|[from] ability: Iron Barbs|[of] p2a: Ferrothorn
|
|t:|1661786650
|switch|p1a: Victini|Victini|24/100|[from]move: U-turn
|move|p2a: Ferrothorn|Knock Off|p1a: Victini
|-supereffective|p1a: Victini
|-damage|p1a: Victini|1/100
|
|upkeep
|turn|30
|
|t:|1661786659
|switch|p2a: Slowbro|Slowbro, M|100/100
|move|p1a: Victini|V-create|p2a: Slowbro
|-resisted|p2a: Slowbro
|-damage|p2a: Slowbro|81/100
|-unboost|p1a: Victini|spe|1
|-unboost|p1a: Victini|def|1
|-unboost|p1a: Victini|spd|1
|
|upkeep
|turn|31
|
|t:|1661786667
|move|p1a: Victini|Bolt Strike|p2a: Slowbro
|-supereffective|p2a: Slowbro
|-damage|p2a: Slowbro|27/100
|-status|p2a: Slowbro|par
|move|p2a: Slowbro|Teleport|p2a: Slowbro
|
|t:|1661786684
|switch|p2a: Weavile|Weavile, M|36/100|[from]move: Teleport
|-damage|p2a: Weavile|12/100|[from] Stealth Rock
|-ability|p2a: Weavile|Pressure
|
|upkeep
|turn|32
|
|t:|1661786696
|move|p2a: Weavile|Knock Off|p1a: Victini
|-supereffective|p1a: Victini
|-damage|p1a: Victini|0 fnt
|faint|p1a: Victini
|
|-fieldend|move: Electric Terrain
|upkeep
|
|t:|1661786702
|switch|p1a: Mandibuzz|Mandibuzz, F|54/100
|turn|33
|
|t:|1661786709
|switch|p2a: Ferrothorn|Ferrothorn, F|35/100
|-damage|p2a: Ferrothorn|29/100|[from] Stealth Rock
|move|p1a: Mandibuzz|U-turn|p2a: Ferrothorn
|-damage|p2a: Ferrothorn|22/100
|-damage|p1a: Mandibuzz|42/100|[from] ability: Iron Barbs|[of] p2a: Ferrothorn
|
|t:|1661786717
|switch|p1a: Regieleki|Regieleki|60/100|[from]move: U-turn
|
|upkeep
|turn|34
|
|t:|1661786725
|move|p1a: Regieleki|Thunderbolt|p2a: Ferrothorn
|-resisted|p2a: Ferrothorn
|-damage|p2a: Ferrothorn|0 fnt
|faint|p2a: Ferrothorn
|
|upkeep
|
|t:|1661786730
|switch|p2a: Landorus|Landorus-Therian, M|76/100
|-damage|p2a: Landorus|64/100|[from] Stealth Rock
|-ability|p2a: Landorus|Intimidate|boost
|-unboost|p1a: Regieleki|atk|1
|turn|35
|
|t:|1661786737
|switch|p1a: Landorus|Landorus-Therian, M|40/100 tox
|-ability|p1a: Landorus|Intimidate|boost
|-unboost|p2a: Landorus|atk|1
|move|p2a: Landorus|Defog|p1a: Landorus
|-unboost|p1a: Landorus|evasion|1
|-sideend|p2: Darkman64|Stealth Rock|[from] move: Defog|[of] p2a: Landorus
|
|-heal|p1a: Landorus|46/100 tox|[from] item: Leftovers
|-heal|p2a: Landorus|70/100|[from] item: Leftovers
|-damage|p1a: Landorus|40/100 tox|[from] psn
|upkeep
|turn|36
|inactive|Darkman64 has 120 seconds left.
|inactive|Darkman64 has 90 seconds left.
|
|t:|1661786799
|move|p1a: Landorus|Stealth Rock|p2a: Landorus
|-sidestart|p2: Darkman64|move: Stealth Rock
|move|p2a: Landorus|Defog|p1a: Landorus
|-unboost|p1a: Landorus|evasion|1
|-sideend|p2: Darkman64|Stealth Rock|[from] move: Defog|[of] p2a: Landorus
|
|-heal|p1a: Landorus|46/100 tox|[from] item: Leftovers
|-heal|p2a: Landorus|76/100|[from] item: Leftovers
|-damage|p1a: Landorus|34/100 tox|[from] psn
|upkeep
|turn|37
|
|t:|1661786810
|switch|p2a: Clefable|Clefable, M|51/100
|move|p1a: Landorus|Stealth Rock|p2a: Clefable
|-sidestart|p2: Darkman64|move: Stealth Rock
|
|-heal|p1a: Landorus|40/100 tox|[from] item: Leftovers
|-heal|p2a: Clefable|57/100|[from] item: Leftovers
|-damage|p1a: Landorus|22/100 tox|[from] psn
|upkeep
|turn|38
|
|t:|1661786819
|move|p1a: Landorus|Knock Off|p2a: Clefable
|-resisted|p2a: Clefable
|-damage|p2a: Clefable|44/100
|-enditem|p2a: Clefable|Leftovers|[from] move: Knock Off|[of] p1a: Landorus
|move|p2a: Clefable|Wish|p2a: Clefable
|
|-heal|p1a: Landorus|28/100 tox|[from] item: Leftovers
|-damage|p1a: Landorus|5/100 tox|[from] psn
|upkeep
|turn|39
|
|t:|1661786829
|move|p2a: Clefable|Protect|p2a: Clefable
|-singleturn|p2a: Clefable|Protect
|move|p1a: Landorus|Earthquake|p2a: Clefable
|-activate|p2a: Clefable|move: Protect
|
|-heal|p2a: Clefable|94/100|[from] move: Wish|[wisher] Clefable
|-heal|p1a: Landorus|11/100 tox|[from] item: Leftovers
|-damage|p1a: Landorus|0 fnt|[from] psn
|faint|p1a: Landorus
|upkeep
|
|t:|1661786845
|switch|p1a: Slowbro|Slowbro, F|100/100
|turn|40
|inactive|Darkman64 has 120 seconds left.
|
|t:|1661786859
|move|p2a: Clefable|Wish|p2a: Clefable
|move|p1a: Slowbro|Future Sight|p2a: Clefable
|-start|p1a: Slowbro|move: Future Sight
|
|upkeep
|turn|41
|
|t:|1661786864
|move|p1a: Slowbro|Scald|p2a: Clefable
|-damage|p2a: Clefable|67/100
|move|p2a: Clefable|Teleport|p2a: Clefable
|
|t:|1661786867
|switch|p2a: Landorus|Landorus-Therian, M|76/100|[from]move: Teleport
|-damage|p2a: Landorus|64/100|[from] Stealth Rock
|-ability|p2a: Landorus|Intimidate|boost
|-unboost|p1a: Slowbro|atk|1
|
|-heal|p2a: Landorus|100/100|[from] move: Wish|[wisher] Clefable
|upkeep
|turn|42
|
|t:|1661786878
|move|p2a: Landorus|U-turn|p1a: Slowbro
|-supereffective|p1a: Slowbro
|-damage|p1a: Slowbro|76/100
|
|t:|1661786908
|switch|p2a: Slowbro|Slowbro, M|61/100 par|[from]move: U-turn
|move|p1a: Slowbro|Scald|p2a: Slowbro
|-resisted|p2a: Slowbro
|-damage|p2a: Slowbro|48/100 par
|
|-end|p2a: Slowbro|move: Future Sight
|-resisted|p2a: Slowbro
|-damage|p2a: Slowbro|27/100 par
|-heal|p1a: Slowbro|82/100|[from] item: Leftovers
|upkeep
|turn|43
|
|t:|1661786920
|move|p1a: Slowbro|Future Sight|p2a: Slowbro
|-start|p1a: Slowbro|move: Future Sight
|move|p2a: Slowbro|Future Sight|p1a: Slowbro
|-start|p2a: Slowbro|move: Future Sight
|
|-heal|p1a: Slowbro|88/100|[from] item: Leftovers
|upkeep
|turn|44
|inactive|Darkman64 has 120 seconds left.
|inactive|Darkman64 has 90 seconds left.
|inactive|Darkman64 has 60 seconds left.
|l|☆Darkman64
|inactive|Darkman64 disconnected and has a minute to reconnect!
|player|p2|
|inactive|Darkman64 has 30 seconds to reconnect!
|inactive|Darkman64 has 20 seconds to reconnect!
|inactive|Darkman64 has 15 seconds to reconnect!
|inactive|Darkman64 has 10 seconds to reconnect!
|inactive|Darkman64 has 5 seconds to reconnect!
|-message|Darkman64 lost due to inactivity.
|
|win|Lulu93290
|raw|Lulu93290's rating: 1534 &rarr; <strong>1557</strong><br />(+23 for winning)
|raw|Darkman64's rating: 1585 &rarr; <strong>1562</strong><br />(-23 for losing)
