|j|‽folded like shirts
|j|☆TheonReekGreyjoy
|t:|1629976698
|gametype|singles
|player|p1|folded like shirts|2|1665
|player|p2|TheonReekGreyjoy|7|1914
|teamsize|p1|6
|teamsize|p2|6
|gen|8
|tier|[Gen 8] OU
|rated|
|rule|Sleep Clause Mod: Limit one foe put to sleep
|rule|Species Clause: Limit one of each Pokémon
|rule|OHKO Clause: OHKO moves are banned
|rule|Evasion Moves Clause: Evasion moves are banned
|rule|Endless Battle Clause: Forcing endless battles is banned
|rule|HP Percentage Mod: HP is shown in percentages
|rule|Dynamax Clause: You cannot dynamax
|clearpoke
|poke|p1|Celesteela|
|poke|p1|Slowking-Galar, M|
|poke|p1|Weavile, M|
|poke|p1|Garchomp, M|
|poke|p1|Ferrothorn, M|
|poke|p1|Tapu Fini|
|poke|p2|Melmetal|
|poke|p2|Dragapult, M|
|poke|p2|Ninetales-Alola, F|
|poke|p2|Vanilluxe, M|
|poke|p2|Arctozolt|
|poke|p2|Landorus-Therian, M|
|teampreview
|inactive|Battle timer is ON: inactive players will automatically lose when time's up. (requested by folded like shirts)
|
|t:|1629976727
|start
|switch|p1a: Tapu Fini|Tapu Fini|100/100
|switch|p2a: Ninetales|Ninetales-Alola, F|100/100
|-fieldstart|move: Misty Terrain|[from] ability: Misty Surge|[of] p1a: Tapu Fini
|-weather|Hail|[from] ability: Snow Warning|[of] p2a: Ninetales
|turn|1
|j| jeanmilapipe
|
|t:|1629976730
|move|p1a: Tapu Fini|Trick|p2a: Ninetales
|-activate|p1a: Tapu Fini|move: Trick|[of] p2a: Ninetales
|-item|p2a: Ninetales|Choice Scarf|[from] move: Trick
|-item|p1a: Tapu Fini|Light Clay|[from] move: Trick
|move|p2a: Ninetales|Aurora Veil|p2a: Ninetales
|-sidestart|p2: TheonReekGreyjoy|move: Aurora Veil
|
|-weather|Hail|[upkeep]
|-damage|p1a: Tapu Fini|94/100|[from] Hail
|upkeep
|turn|2
|
|t:|1629976735
|switch|p2a: Arctozolt|Arctozolt|100/100
|move|p1a: Tapu Fini|Defog|p2a: Arctozolt
|-unboost|p2a: Arctozolt|evasion|1
|-sideend|p2: TheonReekGreyjoy|move: Aurora Veil
|-fieldend|Misty Terrain
|
|-weather|Hail|[upkeep]
|-damage|p1a: Tapu Fini|88/100|[from] Hail
|upkeep
|turn|3
|
|t:|1629976744
|switch|p1a: Ferrothorn|Ferrothorn, M|100/100
|move|p2a: Arctozolt|Substitute|p2a: Arctozolt
|-start|p2a: Arctozolt|Substitute
|-damage|p2a: Arctozolt|76/100
|
|-weather|Hail|[upkeep]
|-damage|p1a: Ferrothorn|95/100|[from] Hail
|upkeep
|turn|4
|
|t:|1629976748
|move|p2a: Arctozolt|Blizzard|p1a: Ferrothorn
|-damage|p1a: Ferrothorn|72/100
|move|p1a: Ferrothorn|Knock Off|p2a: Arctozolt
|-end|p2a: Arctozolt|Substitute
|
|-weather|Hail|[upkeep]
|-damage|p1a: Ferrothorn|66/100|[from] Hail
|upkeep
|turn|5
|
|t:|1629976756
|switch|p2a: Landorus|Landorus-Therian, M|100/100
|-ability|p2a: Landorus|Intimidate|boost
|-unboost|p1a: Ferrothorn|atk|1
|move|p1a: Ferrothorn|Power Whip|p2a: Landorus
|-damage|p2a: Landorus|80/100
|-damage|p1a: Ferrothorn|50/100|[from] item: Rocky Helmet|[of] p2a: Landorus
|
|-weather|none
|upkeep
|turn|6
|
|t:|1629976766
|switch|p1a: Celesteela|Celesteela|100/100
|move|p2a: Landorus|Stealth Rock|p1a: Celesteela
|-sidestart|p1: folded like shirts|move: Stealth Rock
|
|upkeep
|turn|7
|
|t:|1629976772
|move|p2a: Landorus|U-turn|p1a: Celesteela
|-resisted|p1a: Celesteela
|-damage|p1a: Celesteela|97/100
|
|t:|1629976778
|switch|p2a: Ninetales|Ninetales-Alola, F|100/100|[from]move: U-turn
|-weather|Hail|[from] ability: Snow Warning|[of] p2a: Ninetales
|move|p1a: Celesteela|Flamethrower|p2a: Ninetales
|-supereffective|p2a: Ninetales
|-damage|p2a: Ninetales|57/100
|
|-weather|Hail|[upkeep]
|-damage|p1a: Celesteela|91/100|[from] Hail
|-heal|p1a: Celesteela|97/100|[from] item: Leftovers
|upkeep
|turn|8
|
|t:|1629976792
|switch|p2a: Landorus|Landorus-Therian, M|80/100
|-ability|p2a: Landorus|Intimidate|boost
|-unboost|p1a: Celesteela|atk|1
|switch|p1a: Tapu Fini|Tapu Fini|88/100
|-damage|p1a: Tapu Fini|76/100|[from] Stealth Rock
|-fieldstart|move: Misty Terrain|[from] ability: Misty Surge|[of] p1a: Tapu Fini
|
|-weather|Hail|[upkeep]
|-damage|p1a: Tapu Fini|70/100|[from] Hail
|-damage|p2a: Landorus|74/100|[from] Hail
|upkeep
|turn|9
|
|t:|1629976802
|switch|p2a: Arctozolt|Arctozolt|76/100
|move|p1a: Tapu Fini|Defog|p2a: Arctozolt
|-unboost|p2a: Arctozolt|evasion|1
|-sideend|p1: folded like shirts|Stealth Rock|[from] move: Defog|[of] p1a: Tapu Fini
|-fieldend|Misty Terrain
|
|-weather|Hail|[upkeep]
|-damage|p1a: Tapu Fini|64/100|[from] Hail
|upkeep
|turn|10
|
|t:|1629976813
|switch|p1a: Ferrothorn|Ferrothorn, M|50/100
|move|p2a: Arctozolt|Bolt Beak|p1a: Ferrothorn
|-resisted|p1a: Ferrothorn
|-damage|p1a: Ferrothorn|24/100
|-damage|p2a: Arctozolt|63/100|[from] ability: Iron Barbs|[of] p1a: Ferrothorn
|-damage|p2a: Arctozolt|47/100|[from] item: Rocky Helmet|[of] p1a: Ferrothorn
|
|-weather|Hail|[upkeep]
|-damage|p1a: Ferrothorn|18/100|[from] Hail
|upkeep
|turn|11
|
|t:|1629976822
|switch|p1a: Slowking|Slowking-Galar, M|100/100
|move|p2a: Arctozolt|Blizzard|p1a: Slowking
|-damage|p1a: Slowking|85/100
|
|-weather|none
|upkeep
|turn|12
|
|t:|1629976832
|switch|p2a: Landorus|Landorus-Therian, M|74/100
|-ability|p2a: Landorus|Intimidate|boost
|-unboost|p1a: Slowking|atk|1
|move|p1a: Slowking|Scald|p2a: Landorus
|-supereffective|p2a: Landorus
|-damage|p2a: Landorus|33/100
|
|upkeep
|turn|13
|
|t:|1629976837
|switch|p1a: Tapu Fini|Tapu Fini|64/100
|-fieldstart|move: Misty Terrain|[from] ability: Misty Surge|[of] p1a: Tapu Fini
|move|p2a: Landorus|Stealth Rock|p1a: Tapu Fini
|-sidestart|p1: folded like shirts|move: Stealth Rock
|
|upkeep
|turn|14
|
|t:|1629976841
|switch|p2a: Vanilluxe|Vanilluxe, M|100/100
|-weather|Hail|[from] ability: Snow Warning|[of] p2a: Vanilluxe
|move|p1a: Tapu Fini|Defog|p2a: Vanilluxe
|-unboost|p2a: Vanilluxe|evasion|1
|-sideend|p1: folded like shirts|Stealth Rock|[from] move: Defog|[of] p1a: Tapu Fini
|-fieldend|Misty Terrain
|
|-weather|Hail|[upkeep]
|-damage|p1a: Tapu Fini|58/100|[from] Hail
|upkeep
|turn|15
|
|t:|1629976852
|move|p1a: Tapu Fini|Moonblast|p2a: Vanilluxe
|-damage|p2a: Vanilluxe|50/100
|move|p2a: Vanilluxe|Freeze-Dry|p1a: Tapu Fini
|-supereffective|p1a: Tapu Fini
|-damage|p1a: Tapu Fini|0 fnt
|faint|p1a: Tapu Fini
|
|-weather|Hail|[upkeep]
|upkeep
|
|t:|1629976873
|switch|p1a: Garchomp|Garchomp, M|100/100
|turn|16
|j| yinshang
|inactive|TheonReekGreyjoy has 120 seconds left.
|inactive|TheonReekGreyjoy has 90 seconds left.
|j| 8(MeVSHax)8
|
|t:|1629976946
|switch|p2a: Landorus|Landorus-Therian, M|33/100
|-ability|p2a: Landorus|Intimidate|boost
|-unboost|p1a: Garchomp|atk|1
|move|p1a: Garchomp|Stealth Rock|p2a: Landorus
|-sidestart|p2: TheonReekGreyjoy|move: Stealth Rock
|
|-weather|Hail|[upkeep]
|-damage|p1a: Garchomp|94/100|[from] Hail
|-damage|p2a: Landorus|26/100|[from] Hail
|upkeep
|turn|17
|
|t:|1629976969
|move|p1a: Garchomp|Draco Meteor|p2a: Landorus
|-damage|p2a: Landorus|0 fnt
|-unboost|p1a: Garchomp|spa|2
|faint|p2a: Landorus
|-damage|p1a: Garchomp|85/100|[from] item: Life Orb
|
|-weather|Hail|[upkeep]
|-damage|p1a: Garchomp|78/100|[from] Hail
|upkeep
|
|t:|1629976978
|switch|p2a: Arctozolt|Arctozolt|47/100
|turn|18
|
|t:|1629976983
|switch|p1a: Slowking|Slowking-Galar, M|100/100
|move|p2a: Arctozolt|Blizzard|p1a: Slowking
|-damage|p1a: Slowking|84/100
|
|-weather|none
|upkeep
|turn|19
|inactive|TheonReekGreyjoy has 90 seconds left.
|
|t:|1629977004
|switch|p2a: Dragapult|Dragapult, M|100/100
|-damage|p2a: Dragapult|88/100|[from] Stealth Rock
|move|p1a: Slowking|Flamethrower|p2a: Dragapult
|-resisted|p2a: Dragapult
|-damage|p2a: Dragapult|69/100
|
|-heal|p2a: Dragapult|75/100|[from] item: Leftovers
|upkeep
|turn|20
|inactive|TheonReekGreyjoy has 90 seconds left.
|
|t:|1629977012
|switch|p1a: Ferrothorn|Ferrothorn, M|18/100
|move|p2a: Dragapult|Substitute|p2a: Dragapult
|-start|p2a: Dragapult|Substitute
|-damage|p2a: Dragapult|50/100
|
|-heal|p2a: Dragapult|56/100|[from] item: Leftovers
|upkeep
|turn|21
|
|t:|1629977017
|move|p2a: Dragapult|Dragon Darts|p1a: Ferrothorn
|-resisted|p1a: Ferrothorn
|-damage|p1a: Ferrothorn|10/100
|-anim|p2a: Dragapult|Dragon Darts|p1a: Ferrothorn
|-resisted|p1a: Ferrothorn
|-damage|p1a: Ferrothorn|1/100
|move|p1a: Ferrothorn|Knock Off|p2a: Dragapult
|-supereffective|p2a: Dragapult
|-end|p2a: Dragapult|Substitute
|
|-heal|p2a: Dragapult|62/100|[from] item: Leftovers
|upkeep
|turn|22
|
|t:|1629977027
|move|p2a: Dragapult|Dragon Darts|p1a: Ferrothorn
|-resisted|p1a: Ferrothorn
|-damage|p1a: Ferrothorn|0 fnt
|faint|p1a: Ferrothorn
|
|-heal|p2a: Dragapult|68/100|[from] item: Leftovers
|upkeep
|
|t:|1629977032
|switch|p1a: Weavile|Weavile, M|100/100
|-ability|p1a: Weavile|Pressure
|turn|23
|
|t:|1629977042
|switch|p2a: Vanilluxe|Vanilluxe, M|50/100
|-damage|p2a: Vanilluxe|25/100|[from] Stealth Rock
|-weather|Hail|[from] ability: Snow Warning|[of] p2a: Vanilluxe
|switch|p1a: Garchomp|Garchomp, M|78/100
|
|-weather|Hail|[upkeep]
|-damage|p1a: Garchomp|72/100|[from] Hail
|upkeep
|turn|24
|
|t:|1629977048
|move|p2a: Vanilluxe|Ice Shard|p1a: Garchomp
|-supereffective|p1a: Garchomp
|-damage|p1a: Garchomp|15/100
|move|p1a: Garchomp|Earthquake|p2a: Vanilluxe
|-damage|p2a: Vanilluxe|0 fnt
|faint|p2a: Vanilluxe
|-damage|p1a: Garchomp|5/100|[from] item: Life Orb
|
|-weather|Hail|[upkeep]
|-damage|p1a: Garchomp|0 fnt|[from] Hail
|faint|p1a: Garchomp
|upkeep
|inactive|TheonReekGreyjoy has 120 seconds left.
|j| desxter
|
|t:|1629977069
|switch|p1a: Celesteela|Celesteela|97/100
|switch|p2a: Dragapult|Dragapult, M|68/100
|-damage|p2a: Dragapult|56/100|[from] Stealth Rock
|turn|25
|
|t:|1629977075
|move|p2a: Dragapult|Phantom Force||[still]
|-prepare|p2a: Dragapult|Phantom Force
|move|p1a: Celesteela|Heavy Slam|p2a: Dragapult|[miss]
|-miss|p1a: Celesteela|p2a: Dragapult
|
|-weather|Hail|[upkeep]
|-damage|p2a: Dragapult|50/100|[from] Hail
|-damage|p1a: Celesteela|91/100|[from] Hail
|-heal|p2a: Dragapult|56/100|[from] item: Leftovers
|-heal|p1a: Celesteela|97/100|[from] item: Leftovers
|upkeep
|turn|26
|
|t:|1629977080
|move|p2a: Dragapult|Phantom Force|p1a: Celesteela|[from]lockedmove
|-damage|p1a: Celesteela|69/100
|move|p1a: Celesteela|Heavy Slam|p2a: Dragapult
|-damage|p2a: Dragapult|0 fnt
|faint|p2a: Dragapult
|-ability|p1a: Celesteela|Beast Boost|boost
|-boost|p1a: Celesteela|def|1
|
|-weather|Hail|[upkeep]
|-damage|p1a: Celesteela|63/100|[from] Hail
|-heal|p1a: Celesteela|69/100|[from] item: Leftovers
|upkeep
|inactive|TheonReekGreyjoy has 120 seconds left.
|
|t:|1629977085
|switch|p2a: Arctozolt|Arctozolt|47/100
|turn|27
|
|t:|1629977088
|move|p2a: Arctozolt|Bolt Beak|p1a: Celesteela
|-supereffective|p1a: Celesteela
|-damage|p1a: Celesteela|13/100
|move|p1a: Celesteela|Flamethrower|p2a: Arctozolt
|-supereffective|p2a: Arctozolt
|-crit|p2a: Arctozolt
|-damage|p2a: Arctozolt|0 fnt
|faint|p2a: Arctozolt
|-ability|p1a: Celesteela|Beast Boost|boost
|-boost|p1a: Celesteela|def|1
|
|-weather|none
|-heal|p1a: Celesteela|19/100|[from] item: Leftovers
|upkeep
|
|t:|1629977095
|switch|p2a: Ninetales|Ninetales-Alola, F|57/100
|-damage|p2a: Ninetales|32/100|[from] Stealth Rock
|-weather|Hail|[from] ability: Snow Warning|[of] p2a: Ninetales
|turn|28
|
|t:|1629977098
|move|p1a: Celesteela|Protect|p1a: Celesteela
|-singleturn|p1a: Celesteela|Protect
|move|p2a: Ninetales|Moonblast|p1a: Celesteela
|-activate|p1a: Celesteela|move: Protect
|
|-weather|Hail|[upkeep]
|-damage|p1a: Celesteela|13/100|[from] Hail
|-heal|p1a: Celesteela|19/100|[from] item: Leftovers
|upkeep
|turn|29
|
|t:|1629977103
|move|p2a: Ninetales|Moonblast|p1a: Celesteela
|-resisted|p1a: Celesteela
|-damage|p1a: Celesteela|8/100
|-unboost|p1a: Celesteela|spa|1
|move|p1a: Celesteela|Heavy Slam|p2a: Ninetales
|-supereffective|p2a: Ninetales
|-damage|p2a: Ninetales|0 fnt
|faint|p2a: Ninetales
|-ability|p1a: Celesteela|Beast Boost|boost
|-boost|p1a: Celesteela|def|1
|
|-weather|Hail|[upkeep]
|-damage|p1a: Celesteela|2/100|[from] Hail
|-heal|p1a: Celesteela|8/100|[from] item: Leftovers
|upkeep
|
|t:|1629977107
|switch|p2a: Melmetal|Melmetal|100/100
|-damage|p2a: Melmetal|94/100|[from] Stealth Rock
|turn|30
|
|t:|1629977113
|move|p1a: Celesteela|Flamethrower|p2a: Melmetal
|-supereffective|p2a: Melmetal
|-damage|p2a: Melmetal|66/100
|move|p2a: Melmetal|Double Iron Bash|p1a: Celesteela
|-resisted|p1a: Celesteela
|-damage|p1a: Celesteela|3/100
|-resisted|p1a: Celesteela
|-damage|p1a: Celesteela|0 fnt
|faint|p1a: Celesteela
|-hitcount|p1: Celesteela|2
|
|-weather|Hail|[upkeep]
|-damage|p2a: Melmetal|60/100|[from] Hail
|-heal|p2a: Melmetal|66/100|[from] item: Leftovers
|upkeep
|
|t:|1629977122
|switch|p1a: Slowking|Slowking-Galar, M|100/100
|turn|31
|
|t:|1629977126
|move|p2a: Melmetal|Protect|p2a: Melmetal
|-singleturn|p2a: Melmetal|Protect
|move|p1a: Slowking|Flamethrower|p2a: Melmetal
|-activate|p2a: Melmetal|move: Protect
|
|-weather|Hail|[upkeep]
|-damage|p2a: Melmetal|60/100|[from] Hail
|-damage|p1a: Slowking|94/100|[from] Hail
|-heal|p2a: Melmetal|66/100|[from] item: Leftovers
|upkeep
|turn|32
|
|t:|1629977132
|move|p2a: Melmetal|Double Iron Bash|p1a: Slowking
|-damage|p1a: Slowking|51/100
|-damage|p1a: Slowking|5/100
|-hitcount|p1a: Slowking|2
|cant|p1a: Slowking|flinch
|
|-weather|none
|-heal|p2a: Melmetal|72/100|[from] item: Leftovers
|upkeep
|turn|33
|
|t:|1629977139
|move|p2a: Melmetal|Earthquake|p1a: Slowking
|-supereffective|p1a: Slowking
|-damage|p1a: Slowking|0 fnt
|faint|p1a: Slowking
|
|-heal|p2a: Melmetal|78/100|[from] item: Leftovers
|upkeep
|
|t:|1629977141
|switch|p1a: Weavile|Weavile, M|100/100
|-ability|p1a: Weavile|Pressure
|turn|34
|
|t:|1629977145
|move|p1a: Weavile|Knock Off|p2a: Melmetal
|-damage|p2a: Melmetal|37/100
|-enditem|p2a: Melmetal|Leftovers|[from] move: Knock Off|[of] p1a: Weavile
|-damage|p1a: Weavile|91/100|[from] item: Life Orb
|move|p2a: Melmetal|Double Iron Bash|p1a: Weavile
|-supereffective|p1a: Weavile
|-damage|p1a: Weavile|0 fnt
|faint|p1a: Weavile
|-hitcount|p1: Weavile|1
|
|win|TheonReekGreyjoy
|raw|folded like shirts's rating: 1665 &rarr; <strong>1657</strong><br />(-8 for losing)
|raw|TheonReekGreyjoy's rating: 1914 &rarr; <strong>1922</strong><br />(+8 for winning)
|l|‽folded like shirts
