|j|☆Contorted Lies
|j|☆JordanJenko
|t:|1606082042
|player|p1|Contorted Lies|1|1884
|player|p2|JordanJenko|hilbert-dueldisk|1807
|teamsize|p1|6
|teamsize|p2|6
|gametype|singles
|gen|8
|tier|[Gen 8] OU
|rated|
|clearpoke
|poke|p1|Pheromosa|
|poke|p1|Tapu Lele|
|poke|p1|Heatran, M|
|poke|p1|Slowbro, M|
|poke|p1|Landorus-Therian, M|
|poke|p1|Kartana|
|poke|p2|Heatran, M|
|poke|p2|Melmetal|
|poke|p2|Buzzwole|
|poke|p2|Tapu Fini|
|poke|p2|Zapdos|
|poke|p2|Landorus-Therian, M|
|rule|Sleep Clause Mod: Limit one foe put to sleep
|rule|Species Clause: Limit one of each Pokémon
|rule|OHKO Clause: OHKO moves are banned
|rule|Evasion Moves Clause: Evasion moves are banned
|rule|Endless Battle Clause: Forcing endless battles is banned
|rule|HP Percentage Mod: HP is shown in percentages
|rule|Dynamax Clause: You cannot dynamax
|teampreview
|j| GWShark101
|j| Mike mence
|j| Vessev
|j| roltr
|
|t:|1606082072
|start
|switch|p1a: Tapu Lele|Tapu Lele|100/100
|switch|p2a: Tapu Fini|Tapu Fini|100/100
|-fieldstart|move: Psychic Terrain|[from] ability: Psychic Surge|[of] p1a: Tapu Lele
|-fieldstart|move: Misty Terrain|[from] ability: Misty Surge|[of] p2a: Tapu Fini
|turn|1
|j| Kiwakawa
|j| subgenio
|
|t:|1606082110
|move|p1a: Tapu Lele|Psychic|p2a: Tapu Fini
|-damage|p2a: Tapu Fini|48/100
|move|p2a: Tapu Fini|Calm Mind|p2a: Tapu Fini
|-boost|p2a: Tapu Fini|spa|1
|-boost|p2a: Tapu Fini|spd|1
|
|-heal|p2a: Tapu Fini|54/100|[from] item: Leftovers
|upkeep
|turn|2
|j| Z1067
|
|t:|1606082114
|move|p1a: Tapu Lele|Psychic|p2a: Tapu Fini
|-damage|p2a: Tapu Fini|21/100
|-unboost|p2a: Tapu Fini|spd|1
|move|p2a: Tapu Fini|Draining Kiss|p1a: Tapu Lele
|-damage|p1a: Tapu Lele|75/100
|-heal|p2a: Tapu Fini|37/100|[from] drain|[of] p1a: Tapu Lele
|
|-heal|p2a: Tapu Fini|43/100|[from] item: Leftovers
|upkeep
|turn|3
|j| jtaquille
|
|t:|1606082122
|switch|p2a: Heatran|Heatran, M|100/100
|move|p1a: Tapu Lele|Psychic|p2a: Heatran
|-resisted|p2a: Heatran
|-damage|p2a: Heatran|78/100
|
|-heal|p2a: Heatran|84/100|[from] item: Leftovers
|upkeep
|turn|4
|
|t:|1606082127
|switch|p1a: Slowbro|Slowbro, M|100/100
|move|p2a: Heatran|Stealth Rock|p1a: Slowbro
|-sidestart|p1: Contorted Lies|move: Stealth Rock
|
|-heal|p2a: Heatran|90/100|[from] item: Leftovers
|upkeep
|turn|5
|
|t:|1606082131
|move|p2a: Heatran|Toxic|p1a: Slowbro
|-activate|p1a: Slowbro|move: Misty Terrain
|move|p1a: Slowbro|Scald|p2a: Heatran
|-supereffective|p2a: Heatran
|-damage|p2a: Heatran|57/100
|
|-heal|p2a: Heatran|64/100|[from] item: Leftovers
|-fieldend|Misty Terrain
|upkeep
|turn|6
|j| BeakyFaff
|
|t:|1606082143
|switch|p2a: Zapdos|Zapdos|100/100
|move|p1a: Slowbro|Scald|p2a: Zapdos
|-crit|p2a: Zapdos
|-damage|p2a: Zapdos|58/100
|
|upkeep
|turn|7
|j| blessed days
|
|t:|1606082149
|switch|p1a: Heatran|Heatran, M|100/100
|-damage|p1a: Heatran|88/100|[from] Stealth Rock
|move|p2a: Zapdos|Roost|p2a: Zapdos
|-heal|p2a: Zapdos|100/100
|-singleturn|p2a: Zapdos|move: Roost
|
|-heal|p1a: Heatran|94/100|[from] item: Leftovers
|upkeep
|turn|8
|
|t:|1606082153
|switch|p2a: Landorus|Landorus-Therian, M|100/100
|-ability|p2a: Landorus|Intimidate|boost
|-unboost|p1a: Heatran|atk|1
|move|p1a: Heatran|Magma Storm|p2a: Landorus
|-damage|p2a: Landorus|44/100
|-activate|p2a: Landorus|move: Magma Storm|[of] p1a: Heatran
|
|-heal|p1a: Heatran|100/100|[from] item: Leftovers
|-damage|p2a: Landorus|32/100|[from] move: Magma Storm|[partiallytrapped]
|upkeep
|turn|9
|
|t:|1606082157
|move|p1a: Heatran|Protect|p1a: Heatran
|-singleturn|p1a: Heatran|Protect
|move|p2a: Landorus|U-turn|p1a: Heatran
|-activate|p1a: Heatran|move: Protect
|
|-damage|p2a: Landorus|19/100|[from] move: Magma Storm|[partiallytrapped]
|upkeep
|turn|10
|
|t:|1606082163
|move|p2a: Landorus|U-turn|p1a: Heatran
|-resisted|p1a: Heatran
|-damage|p1a: Heatran|95/100
|
|t:|1606082166
|switch|p2a: Heatran|Heatran, M|64/100|[from]move: U-turn
|move|p1a: Heatran|Earth Power|p2a: Heatran
|-supereffective|p2a: Heatran
|-damage|p2a: Heatran|0 fnt
|faint|p2a: Heatran
|
|-heal|p1a: Heatran|100/100|[from] item: Leftovers
|upkeep
|
|t:|1606082175
|switch|p2a: Tapu Fini|Tapu Fini|43/100
|-fieldstart|move: Misty Terrain|[from] ability: Misty Surge|[of] p2a: Tapu Fini
|turn|11
|j| ILikeTheDonald
|
|t:|1606082181
|move|p2a: Tapu Fini|Surf|p1a: Heatran
|-supereffective|p1a: Heatran
|-damage|p1a: Heatran|61/100
|move|p1a: Heatran|Taunt|p2a: Tapu Fini
|-start|p2a: Tapu Fini|move: Taunt
|
|-heal|p2a: Tapu Fini|49/100|[from] item: Leftovers
|-heal|p1a: Heatran|67/100|[from] item: Leftovers
|upkeep
|turn|12
|
|t:|1606082186
|move|p2a: Tapu Fini|Surf|p1a: Heatran
|-supereffective|p1a: Heatran
|-damage|p1a: Heatran|30/100
|move|p1a: Heatran|Magma Storm|p2a: Tapu Fini|[miss]
|-miss|p1a: Heatran|p2a: Tapu Fini
|
|-heal|p2a: Tapu Fini|55/100|[from] item: Leftovers
|-heal|p1a: Heatran|36/100|[from] item: Leftovers
|upkeep
|turn|13
|
|t:|1606082190
|move|p1a: Heatran|Protect|p1a: Heatran
|-singleturn|p1a: Heatran|Protect
|move|p2a: Tapu Fini|Surf|p1a: Heatran
|-activate|p1a: Heatran|move: Protect
|
|-heal|p2a: Tapu Fini|61/100|[from] item: Leftovers
|-heal|p1a: Heatran|42/100|[from] item: Leftovers
|upkeep
|turn|14
|
|t:|1606082193
|move|p2a: Tapu Fini|Surf|p1a: Heatran
|-supereffective|p1a: Heatran
|-damage|p1a: Heatran|6/100
|move|p1a: Heatran|Magma Storm|p2a: Tapu Fini
|-resisted|p2a: Tapu Fini
|-damage|p2a: Tapu Fini|46/100
|-activate|p2a: Tapu Fini|move: Magma Storm|[of] p1a: Heatran
|
|-heal|p2a: Tapu Fini|52/100|[from] item: Leftovers
|-heal|p1a: Heatran|13/100|[from] item: Leftovers
|-damage|p2a: Tapu Fini|40/100|[from] move: Magma Storm|[partiallytrapped]
|-end|p2a: Tapu Fini|move: Taunt
|upkeep
|turn|15
|j| Jefozz
|j| Trunx
|
|t:|1606082198
|move|p1a: Heatran|Protect|p1a: Heatran
|-singleturn|p1a: Heatran|Protect
|move|p2a: Tapu Fini|Surf|p1a: Heatran
|-activate|p1a: Heatran|move: Protect
|
|-heal|p2a: Tapu Fini|46/100|[from] item: Leftovers
|-heal|p1a: Heatran|19/100|[from] item: Leftovers
|-damage|p2a: Tapu Fini|33/100|[from] move: Magma Storm|[partiallytrapped]
|-fieldend|Misty Terrain
|upkeep
|turn|16
|
|t:|1606082200
|move|p2a: Tapu Fini|Surf|p1a: Heatran
|-supereffective|p1a: Heatran
|-damage|p1a: Heatran|0 fnt
|faint|p1a: Heatran
|
|-heal|p2a: Tapu Fini|39/100|[from] item: Leftovers
|-end|p2a: Tapu Fini|Magma Storm|[partiallytrapped]|[silent]
|upkeep
|
|t:|1606082206
|switch|p1a: Tapu Lele|Tapu Lele|75/100
|-damage|p1a: Tapu Lele|62/100|[from] Stealth Rock
|-fieldstart|move: Psychic Terrain|[from] ability: Psychic Surge|[of] p1a: Tapu Lele
|turn|17
|
|t:|1606082212
|move|p1a: Tapu Lele|Psychic|p2a: Tapu Fini
|-crit|p2a: Tapu Fini
|-damage|p2a: Tapu Fini|0 fnt
|faint|p2a: Tapu Fini
|
|upkeep
|
|t:|1606082215
|switch|p2a: Melmetal|Melmetal|100/100
|turn|18
|
|t:|1606082224
|switch|p1a: Slowbro|Slowbro, M|100/100
|-damage|p1a: Slowbro|88/100|[from] Stealth Rock
|move|p2a: Melmetal|Double Iron Bash|p1a: Slowbro
|-resisted|p1a: Slowbro
|-damage|p1a: Slowbro|69/100
|-damage|p2a: Melmetal|84/100|[from] item: Rocky Helmet|[of] p1a: Slowbro
|-resisted|p1a: Slowbro
|-damage|p1a: Slowbro|48/100
|-damage|p2a: Melmetal|67/100|[from] item: Rocky Helmet|[of] p1a: Slowbro
|-hitcount|p1a: Slowbro|2
|
|upkeep
|turn|19
|l| Mike mence
|
|t:|1606082232
|switch|p2a: Zapdos|Zapdos|100/100
|move|p1a: Slowbro|Teleport|p1a: Slowbro
|
|t:|1606082236
|switch|p1a: Tapu Lele|Tapu Lele|62/100|[from]move: Teleport
|-damage|p1a: Tapu Lele|50/100|[from] Stealth Rock
|
|upkeep
|turn|20
|
|t:|1606082242
|move|p1a: Tapu Lele|Psychic|p2a: Zapdos
|-damage|p2a: Zapdos|10/100
|-unboost|p2a: Zapdos|spd|1
|move|p2a: Zapdos|Roost|p2a: Zapdos
|-heal|p2a: Zapdos|60/100
|-singleturn|p2a: Zapdos|move: Roost
|
|upkeep
|turn|21
|
|t:|1606082247
|move|p1a: Tapu Lele|Psychic|p2a: Zapdos
|-damage|p2a: Zapdos|0 fnt
|faint|p2a: Zapdos
|
|-fieldend|move: Psychic Terrain
|upkeep
|
|t:|1606082248
|switch|p2a: Melmetal|Melmetal|67/100
|turn|22
|
|t:|1606082252
|switch|p1a: Slowbro|Slowbro, M|81/100
|-damage|p1a: Slowbro|69/100|[from] Stealth Rock
|move|p2a: Melmetal|Thunder Punch|p1a: Slowbro
|-supereffective|p1a: Slowbro
|-damage|p1a: Slowbro|5/100
|-damage|p2a: Melmetal|50/100|[from] item: Rocky Helmet|[of] p1a: Slowbro
|
|upkeep
|turn|23
|
|t:|1606082256
|switch|p2a: Buzzwole|Buzzwole|100/100
|switch|p1a: Landorus|Landorus-Therian, M|100/100
|-damage|p1a: Landorus|88/100|[from] Stealth Rock
|-ability|p1a: Landorus|Intimidate|boost
|-unboost|p2a: Buzzwole|atk|1
|
|upkeep
|turn|24
|
|t:|1606082263
|move|p1a: Landorus|Stealth Rock|p2a: Buzzwole
|-sidestart|p2: JordanJenko|move: Stealth Rock
|move|p2a: Buzzwole|Bulk Up|p2a: Buzzwole
|-boost|p2a: Buzzwole|atk|1
|-boost|p2a: Buzzwole|def|1
|
|upkeep
|turn|25
|
|t:|1606082267
|move|p1a: Landorus|Knock Off|p2a: Buzzwole
|-resisted|p2a: Buzzwole
|-damage|p2a: Buzzwole|95/100
|-damage|p1a: Landorus|72/100|[from] item: Rocky Helmet|[of] p2a: Buzzwole
|-enditem|p2a: Buzzwole|Rocky Helmet|[from] move: Knock Off|[of] p1a: Landorus
|move|p2a: Buzzwole|Ice Punch|p1a: Landorus
|-supereffective|p1a: Landorus
|-damage|p1a: Landorus|0 fnt
|faint|p1a: Landorus
|-ability|p2a: Buzzwole|Beast Boost|boost
|-boost|p2a: Buzzwole|def|1
|
|upkeep
|j| Rion Tac
|
|t:|1606082271
|switch|p1a: Tapu Lele|Tapu Lele|50/100
|-damage|p1a: Tapu Lele|37/100|[from] Stealth Rock
|-fieldstart|move: Psychic Terrain|[from] ability: Psychic Surge|[of] p1a: Tapu Lele
|turn|26
|j| zamcforou
|
|t:|1606082281
|switch|p2a: Melmetal|Melmetal|50/100
|-damage|p2a: Melmetal|44/100|[from] Stealth Rock
|move|p1a: Tapu Lele|Psychic|p2a: Melmetal
|-resisted|p2a: Melmetal
|-damage|p2a: Melmetal|0 fnt
|faint|p2a: Melmetal
|
|upkeep
|
|t:|1606082284
|switch|p2a: Landorus|Landorus-Therian, M|19/100
|-damage|p2a: Landorus|7/100|[from] Stealth Rock
|-ability|p2a: Landorus|Intimidate|boost
|-unboost|p1a: Tapu Lele|atk|1
|turn|27
|
|t:|1606082287
|switch|p1a: Slowbro|Slowbro, M|38/100
|-damage|p1a: Slowbro|26/100|[from] Stealth Rock
|move|p2a: Landorus|Earthquake|p1a: Slowbro
|-damage|p1a: Slowbro|0 fnt
|faint|p1a: Slowbro
|
|upkeep
|
|t:|1606082292
|switch|p1a: Kartana|Kartana|100/100
|-damage|p1a: Kartana|94/100|[from] Stealth Rock
|turn|28
|
|t:|1606082295
|move|p1a: Kartana|Smart Strike|p2a: Landorus
|-damage|p2a: Landorus|0 fnt
|faint|p2a: Landorus
|-ability|p1a: Kartana|Beast Boost|boost
|-boost|p1a: Kartana|atk|1
|
|upkeep
|
|t:|1606082296
|switch|p2a: Buzzwole|Buzzwole|95/100
|-damage|p2a: Buzzwole|83/100|[from] Stealth Rock
|turn|29
|
|t:|1606082300
|move|p1a: Kartana|Smart Strike|p2a: Buzzwole
|-damage|p2a: Buzzwole|47/100
|move|p2a: Buzzwole|Bulk Up|p2a: Buzzwole
|-boost|p2a: Buzzwole|atk|1
|-boost|p2a: Buzzwole|def|1
|
|upkeep
|turn|30
|j| what is eating you
|
|t:|1606082302
|move|p1a: Kartana|Smart Strike|p2a: Buzzwole
|-damage|p2a: Buzzwole|26/100
|move|p2a: Buzzwole|Bulk Up|p2a: Buzzwole
|-boost|p2a: Buzzwole|atk|1
|-boost|p2a: Buzzwole|def|1
|
|-fieldend|move: Psychic Terrain
|upkeep
|turn|31
|
|t:|1606082310
|move|p1a: Kartana|Smart Strike|p2a: Buzzwole
|-damage|p2a: Buzzwole|9/100
|move|p2a: Buzzwole|Roost|p2a: Buzzwole
|-heal|p2a: Buzzwole|59/100
|-singleturn|p2a: Buzzwole|move: Roost
|
|upkeep
|turn|32
|
|t:|1606082313
|move|p1a: Kartana|Smart Strike|p2a: Buzzwole
|-damage|p2a: Buzzwole|41/100
|move|p2a: Buzzwole|Roost|p2a: Buzzwole
|-heal|p2a: Buzzwole|91/100
|-singleturn|p2a: Buzzwole|move: Roost
|
|upkeep
|turn|33
|-message|JordanJenko forfeited.
|
|win|Contorted Lies
|l|☆JordanJenko
