|j|☆galarian drakloak
|j|☆A3720
|t:|1650249631
|gametype|singles
|player|p1|galarian drakloak|169|1729
|player|p2|A3720|1|1668
|teamsize|p1|6
|teamsize|p2|6
|gen|8
|tier|[Gen 8] OU
|rated|
|rule|Sleep Clause Mod: Limit one foe put to sleep
|rule|Species Clause: Limit one of each Pokémon
|rule|OHKO Clause: OHKO moves are banned
|rule|Evasion Moves Clause: Evasion moves are banned
|rule|Endless Battle Clause: Forcing endless battles is banned
|rule|HP Percentage Mod: HP is shown in percentages
|rule|Dynamax Clause: You cannot dynamax
|clearpoke
|poke|p1|Dragapult, F|
|poke|p1|Blacephalon|
|poke|p1|Clefable, M|
|poke|p1|Toxapex, F|
|poke|p1|Aegislash, F|
|poke|p1|Landorus-Therian, M|
|poke|p2|Tapu Koko|
|poke|p2|Victini|
|poke|p2|Ferrothorn, M|
|poke|p2|Landorus-Therian, M|
|poke|p2|Slowbro, M|
|poke|p2|Bisharp, M|
|teampreview
|inactive|Battle timer is ON: inactive players will automatically lose when time's up. (requested by galarian drakloak)
|
|t:|1650249647
|start
|switch|p1a: Landorus|Landorus-Therian, M|100/100
|switch|p2a: Landorus|Landorus-Therian, M|100/100
|-ability|p1a: Landorus|Intimidate|boost
|-unboost|p2a: Landorus|atk|1
|-ability|p2a: Landorus|Intimidate|boost
|-unboost|p1a: Landorus|atk|1
|turn|1
|
|t:|1650249657
|move|p1a: Landorus|Toxic|p2a: Landorus
|-status|p2a: Landorus|tox
|move|p2a: Landorus|Toxic|p1a: Landorus
|-status|p1a: Landorus|tox
|
|-damage|p1a: Landorus|94/100 tox|[from] psn
|-damage|p2a: Landorus|94/100 tox|[from] psn
|upkeep
|turn|2
|
|t:|1650249663
|move|p1a: Landorus|Defog|p2a: Landorus
|-unboost|p2a: Landorus|evasion|1
|move|p2a: Landorus|Stealth Rock|p1a: Landorus
|-sidestart|p1: galarian drakloak|move: Stealth Rock
|
|-heal|p1a: Landorus|100/100 tox|[from] item: Leftovers
|-heal|p2a: Landorus|100/100 tox|[from] item: Leftovers
|-damage|p1a: Landorus|88/100 tox|[from] psn
|-damage|p2a: Landorus|88/100 tox|[from] psn
|upkeep
|turn|3
|j| Eldor01
|
|t:|1650249673
|move|p1a: Landorus|Defog|p2a: Landorus
|-unboost|p2a: Landorus|evasion|1
|-sideend|p1: galarian drakloak|Stealth Rock|[from] move: Defog|[of] p1a: Landorus
|move|p2a: Landorus|U-turn|p1a: Landorus
|-resisted|p1a: Landorus
|-damage|p1a: Landorus|82/100 tox
|
|t:|1650249678
|switch|p2a: Slowbro|Slowbro, M|100/100|[from]move: U-turn
|
|-heal|p1a: Landorus|88/100 tox|[from] item: Leftovers
|-damage|p1a: Landorus|70/100 tox|[from] psn
|upkeep
|turn|4
|
|t:|1650249697
|switch|p1a: Blacephalon|Blacephalon, shiny|100/100
|switch|p2a: Landorus|Landorus-Therian, M|88/100 tox
|-ability|p2a: Landorus|Intimidate|boost
|-unboost|p1a: Blacephalon|atk|1
|
|-heal|p2a: Landorus|94/100 tox|[from] item: Leftovers
|-damage|p2a: Landorus|88/100 tox|[from] psn
|upkeep
|turn|5
|
|t:|1650249707
|switch|p1a: Landorus|Landorus-Therian, M|70/100 tox
|-ability|p1a: Landorus|Intimidate|boost
|-unboost|p2a: Landorus|atk|1
|move|p2a: Landorus|Stealth Rock|p1a: Landorus
|-sidestart|p1: galarian drakloak|move: Stealth Rock
|
|-heal|p1a: Landorus|76/100 tox|[from] item: Leftovers
|-heal|p2a: Landorus|94/100 tox|[from] item: Leftovers
|-damage|p1a: Landorus|70/100 tox|[from] psn
|-damage|p2a: Landorus|82/100 tox|[from] psn
|upkeep
|turn|6
|
|t:|1650249712
|move|p1a: Landorus|Defog|p2a: Landorus
|-unboost|p2a: Landorus|evasion|1
|-sideend|p1: galarian drakloak|Stealth Rock|[from] move: Defog|[of] p1a: Landorus
|move|p2a: Landorus|U-turn|p1a: Landorus
|-resisted|p1a: Landorus
|-damage|p1a: Landorus|63/100 tox
|
|t:|1650249738
|switch|p2a: Slowbro|Slowbro, M|100/100|[from]move: U-turn
|
|-heal|p1a: Landorus|69/100 tox|[from] item: Leftovers
|-damage|p1a: Landorus|57/100 tox|[from] psn
|upkeep
|turn|7
|
|t:|1650249741
|switch|p1a: Toxapex|Toxapex, F, shiny|100/100
|move|p2a: Slowbro|Scald|p1a: Toxapex
|-resisted|p1a: Toxapex
|-damage|p1a: Toxapex|91/100
|-enditem|p1a: Toxapex|Eject Button
|
|t:|1650249743
|switch|p1a: Blacephalon|Blacephalon, shiny|100/100
|
|upkeep
|turn|8
|
|t:|1650249773
|switch|p2a: Ferrothorn|Ferrothorn, M|100/100
|move|p1a: Blacephalon|Shadow Ball|p2a: Ferrothorn
|-damage|p2a: Ferrothorn|37/100
|
|upkeep
|turn|9
|
|t:|1650249780
|move|p1a: Blacephalon|Shadow Ball|p2a: Ferrothorn
|-damage|p2a: Ferrothorn|0 fnt
|faint|p2a: Ferrothorn
|-ability|p1a: Blacephalon|Beast Boost|boost
|-boost|p1a: Blacephalon|spa|1
|
|upkeep
|
|t:|1650249783
|switch|p2a: Bisharp|Bisharp, M|100/100
|turn|10
|
|t:|1650249790
|switch|p1a: Toxapex|Toxapex, F, shiny|100/100
|move|p2a: Bisharp|Swords Dance|p2a: Bisharp
|-boost|p2a: Bisharp|atk|2
|
|upkeep
|turn|11
|
|t:|1650249802
|move|p2a: Bisharp|Knock Off|p1a: Toxapex
|-damage|p1a: Toxapex|36/100
|move|p1a: Toxapex|Scald|p2a: Bisharp
|-damage|p2a: Bisharp|76/100
|
|upkeep
|turn|12
|
|t:|1650249823
|move|p2a: Bisharp|Knock Off|p1a: Toxapex
|-damage|p1a: Toxapex|0 fnt
|faint|p1a: Toxapex
|
|upkeep
|
|t:|1650249825
|switch|p1a: Clefable|Clefable, M, shiny|100/100
|turn|13
|
|t:|1650249827
|move|p2a: Bisharp|Iron Head|p1a: Clefable
|-supereffective|p1a: Clefable
|-damage|p1a: Clefable|27/100
|move|p1a: Clefable|Flamethrower|p2a: Bisharp
|-supereffective|p2a: Bisharp
|-damage|p2a: Bisharp|12/100
|
|upkeep
|turn|14
|
|t:|1650249840
|move|p2a: Bisharp|Iron Head|p1a: Clefable
|-supereffective|p1a: Clefable
|-damage|p1a: Clefable|0 fnt
|faint|p1a: Clefable
|
|upkeep
|
|t:|1650249842
|switch|p1a: Dragapult|Dragapult, F, shiny|100/100
|turn|15
|
|t:|1650249845
|move|p1a: Dragapult|Sucker Punch|p2a: Bisharp
|-resisted|p2a: Bisharp
|-damage|p2a: Bisharp|0 fnt
|faint|p2a: Bisharp
|
|upkeep
|inactive|A3720 has 120 seconds left.
|
|t:|1650249886
|switch|p2a: Tapu Koko|Tapu Koko|100/100
|-fieldstart|move: Electric Terrain|[from] ability: Electric Surge|[of] p2a: Tapu Koko
|turn|16
|
|t:|1650249894
|switch|p1a: Landorus|Landorus-Therian, M|57/100 tox
|-ability|p1a: Landorus|Intimidate|boost
|-unboost|p2a: Tapu Koko|atk|1
|move|p2a: Tapu Koko|Thunderbolt|p1a: Landorus
|-immune|p1a: Landorus
|
|-heal|p1a: Landorus|63/100 tox|[from] item: Leftovers
|-damage|p1a: Landorus|57/100 tox|[from] psn
|upkeep
|turn|17
|
|t:|1650249896
|move|p2a: Tapu Koko|U-turn|p1a: Landorus
|-resisted|p1a: Landorus
|-damage|p1a: Landorus|52/100 tox
|
|t:|1650249902
|switch|p2a: Landorus|Landorus-Therian, M|82/100 tox|[from]move: U-turn
|-ability|p2a: Landorus|Intimidate|boost
|-unboost|p1a: Landorus|atk|1
|move|p1a: Landorus|U-turn|p2a: Landorus
|-resisted|p2a: Landorus
|-damage|p2a: Landorus|76/100 tox
|j| Alejndro Sosa
|inactive|galarian drakloak has 120 seconds left.
|
|t:|1650249935
|switch|p1a: Blacephalon|Blacephalon, shiny|100/100|[from]move: U-turn
|
|-heal|p2a: Landorus|82/100 tox|[from] item: Leftovers
|-damage|p2a: Landorus|76/100 tox|[from] psn
|upkeep
|turn|18
|
|t:|1650249944
|move|p1a: Blacephalon|Overheat|p2a: Landorus
|-damage|p2a: Landorus|0 fnt
|-unboost|p1a: Blacephalon|spa|2
|faint|p2a: Landorus
|-ability|p1a: Blacephalon|Beast Boost|boost
|-boost|p1a: Blacephalon|spa|1
|
|upkeep
|
|t:|1650249969
|switch|p2a: Slowbro|Slowbro, M|100/100
|turn|19
|
|t:|1650249975
|switch|p1a: Dragapult|Dragapult, F, shiny|100/100
|move|p2a: Slowbro|Scald|p1a: Dragapult
|-resisted|p1a: Dragapult
|-damage|p1a: Dragapult|83/100
|
|upkeep
|turn|20
|
|t:|1650249984
|move|p1a: Dragapult|Phantom Force||[still]
|-prepare|p1a: Dragapult|Phantom Force
|move|p2a: Slowbro|Scald|p1a: Dragapult|[miss]
|-miss|p2a: Slowbro|p1a: Dragapult
|
|-fieldend|move: Electric Terrain
|upkeep
|turn|21
|
|t:|1650249994
|move|p1a: Dragapult|Phantom Force|p2a: Slowbro|[from]lockedmove
|-supereffective|p2a: Slowbro
|-crit|p2a: Slowbro
|-damage|p2a: Slowbro|0 fnt
|faint|p2a: Slowbro
|
|upkeep
|
|t:|1650250006
|switch|p2a: Tapu Koko|Tapu Koko|100/100
|-fieldstart|move: Electric Terrain|[from] ability: Electric Surge|[of] p2a: Tapu Koko
|turn|22
|
|t:|1650250009
|move|p2a: Tapu Koko|Dazzling Gleam|p1a: Dragapult
|-supereffective|p1a: Dragapult
|-damage|p1a: Dragapult|0 fnt
|faint|p1a: Dragapult
|
|upkeep
|
|t:|1650250012
|switch|p1a: Landorus|Landorus-Therian, M|52/100 tox
|-ability|p1a: Landorus|Intimidate|boost
|-unboost|p2a: Tapu Koko|atk|1
|turn|23
|
|t:|1650250017
|move|p2a: Tapu Koko|U-turn|p1a: Landorus
|-resisted|p1a: Landorus
|-damage|p1a: Landorus|46/100 tox
|
|t:|1650250019
|switch|p2a: Victini|Victini|100/100|[from]move: U-turn
|move|p1a: Landorus|Earthquake|p2a: Victini
|-supereffective|p2a: Victini
|-damage|p2a: Victini|0 fnt
|faint|p2a: Victini
|
|-heal|p1a: Landorus|52/100 tox|[from] item: Leftovers
|-damage|p1a: Landorus|46/100 tox|[from] psn
|upkeep
|
|t:|1650250022
|switch|p2a: Tapu Koko|Tapu Koko|100/100
|turn|24
|
|t:|1650250024
|move|p2a: Tapu Koko|Dazzling Gleam|p1a: Landorus
|-damage|p1a: Landorus|21/100 tox
|move|p1a: Landorus|Earthquake|p2a: Tapu Koko
|-supereffective|p2a: Tapu Koko
|-damage|p2a: Tapu Koko|0 fnt
|faint|p2a: Tapu Koko
|
|win|galarian drakloak
|raw|galarian drakloak's rating: 1729 &rarr; <strong>1746</strong><br />(+17 for winning)
|raw|A3720's rating: 1668 &rarr; <strong>1651</strong><br />(-17 for losing)
|l|☆galarian drakloak
|l|☆A3720
||Ladder isn't responding, score probably updated but might not have (Request timeout).
