|j|☆xyhjbb
|j|☆HQSFun
|t:|1667909534
|gametype|singles
|player|p1|xyhjbb|caitlin|1630
|player|p2|HQSFun|veteranf|1687
|teamsize|p1|6
|teamsize|p2|6
|gen|8
|tier|[Gen 8] OU
|rated|
|rule|Sleep Clause Mod: Limit one foe put to sleep
|rule|Species Clause: Limit one of each Pokémon
|rule|OHKO Clause: OHKO moves are banned
|rule|Evasion Items Clause: Evasion items are banned
|rule|Evasion Moves Clause: Evasion moves are banned
|rule|Endless Battle Clause: Forcing endless battles is banned
|rule|HP Percentage Mod: HP is shown in percentages
|rule|Dynamax Clause: You cannot dynamax
|clearpoke
|poke|p1|Landorus-Therian, M|
|poke|p1|Weavile, F|
|poke|p1|Heatran, M|
|poke|p1|Zapdos|
|poke|p1|Urshifu-*, M|
|poke|p1|Tapu Bulu|
|poke|p2|Blaziken, M|
|poke|p2|Rillaboom, M|
|poke|p2|Landorus-Therian, M|
|poke|p2|Nihilego|
|poke|p2|Bisharp, F|
|poke|p2|Dragonite, M|
|teampreview
|inactive|Battle timer is ON: inactive players will automatically lose when time's up. (requested by HQSFun)
|
|t:|1667909560
|start
|switch|p1a: Weavile|Weavile, F|100/100
|switch|p2a: Bisharp|Bisharp, F|100/100
|-ability|p1a: Weavile|Pressure
|turn|1
|
|t:|1667909567
|switch|p1a: Heatran|Heatran, M|100/100
|move|p2a: Bisharp|Stealth Rock|p1a: Heatran
|-sidestart|p1: xyhjbb|move: Stealth Rock
|
|upkeep
|turn|2
|
|t:|1667909575
|move|p2a: Bisharp|Thunder Wave|p1a: Heatran
|-status|p1a: Heatran|par
|cant|p1a: Heatran|par
|
|upkeep
|turn|3
|
|t:|1667909579
|move|p2a: Bisharp|Taunt|p1a: Heatran
|-start|p1a: Heatran|move: Taunt
|cant|p1a: Heatran|move: Taunt|Stealth Rock
|
|upkeep
|turn|4
|
|t:|1667909583
|move|p2a: Bisharp|Knock Off|p1a: Heatran
|-damage|p1a: Heatran|68/100 par
|-enditem|p1a: Heatran|Leftovers|[from] move: Knock Off|[of] p2a: Bisharp
|cant|p1a: Heatran|par
|
|upkeep
|turn|5
|
|t:|1667909588
|move|p2a: Bisharp|Knock Off|p1a: Heatran
|-damage|p1a: Heatran|48/100 par
|move|p1a: Heatran|Body Press|p2a: Bisharp
|-supereffective|p2a: Bisharp
|-enditem|p2a: Bisharp|Focus Sash
|-damage|p2a: Bisharp|1/100
|
|-end|p1a: Heatran|move: Taunt
|upkeep
|turn|6
|
|t:|1667909596
|move|p2a: Bisharp|Taunt|p1a: Heatran
|-start|p1a: Heatran|move: Taunt
|move|p1a: Heatran|Magma Storm|p2a: Bisharp|[miss]
|-miss|p1a: Heatran|p2a: Bisharp
|
|upkeep
|turn|7
|
|t:|1667909600
|move|p2a: Bisharp|Knock Off|p1a: Heatran
|-damage|p1a: Heatran|26/100 par
|cant|p1a: Heatran|par
|
|upkeep
|turn|8
|
|t:|1667909604
|move|p2a: Bisharp|Knock Off|p1a: Heatran
|-damage|p1a: Heatran|5/100 par
|move|p1a: Heatran|Body Press|p2a: Bisharp
|-supereffective|p2a: Bisharp
|-damage|p2a: Bisharp|0 fnt
|faint|p2a: Bisharp
|
|-end|p1a: Heatran|move: Taunt
|upkeep
|
|t:|1667909618
|switch|p2a: Nihilego|Nihilego|100/100
|turn|9
|
|t:|1667909621
|move|p2a: Nihilego|Power Gem|p1a: Heatran
|-damage|p1a: Heatran|0 fnt
|faint|p1a: Heatran
|-ability|p2a: Nihilego|Beast Boost|boost
|-boost|p2a: Nihilego|spe|1
|
|upkeep
|
|t:|1667909627
|switch|p1a: Urshifu|Urshifu-Rapid-Strike, M|100/100
|-damage|p1a: Urshifu|94/100|[from] Stealth Rock
|turn|10
|
|t:|1667909629
|switch|p2a: Rillaboom|Rillaboom, M|100/100
|-fieldstart|move: Grassy Terrain|[from] ability: Grassy Surge|[of] p2a: Rillaboom
|move|p1a: Urshifu|Surging Strikes|p2a: Rillaboom
|-resisted|p2a: Rillaboom
|-crit|p2a: Rillaboom
|-damage|p2a: Rillaboom|90/100
|-resisted|p2a: Rillaboom
|-crit|p2a: Rillaboom
|-damage|p2a: Rillaboom|79/100
|-resisted|p2a: Rillaboom
|-crit|p2a: Rillaboom
|-damage|p2a: Rillaboom|68/100
|-hitcount|p2a: Rillaboom|3
|
|-heal|p1a: Urshifu|100/100|[from] Grassy Terrain
|-heal|p2a: Rillaboom|74/100|[from] Grassy Terrain
|upkeep
|turn|11
|
|t:|1667909637
|switch|p1a: Tapu Bulu|Tapu Bulu, shiny|100/100
|-damage|p1a: Tapu Bulu|88/100|[from] Stealth Rock
|move|p2a: Rillaboom|Swords Dance|p2a: Rillaboom
|-boost|p2a: Rillaboom|atk|2
|
|-heal|p2a: Rillaboom|80/100|[from] Grassy Terrain
|-heal|p1a: Tapu Bulu|94/100|[from] Grassy Terrain
|upkeep
|turn|12
|
|t:|1667909641
|move|p2a: Rillaboom|Knock Off|p1a: Tapu Bulu
|-resisted|p1a: Tapu Bulu
|-damage|p1a: Tapu Bulu|45/100
|-enditem|p1a: Tapu Bulu|Choice Band|[from] move: Knock Off|[of] p2a: Rillaboom
|-damage|p2a: Rillaboom|70/100|[from] item: Life Orb
|move|p1a: Tapu Bulu|Horn Leech|p2a: Rillaboom
|-resisted|p2a: Rillaboom
|-damage|p2a: Rillaboom|42/100
|-heal|p1a: Tapu Bulu|61/100|[from] drain|[of] p2a: Rillaboom
|
|-heal|p2a: Rillaboom|48/100|[from] Grassy Terrain
|-heal|p1a: Tapu Bulu|68/100|[from] Grassy Terrain
|upkeep
|turn|13
|
|t:|1667909659
|move|p2a: Rillaboom|Grassy Glide|p1a: Tapu Bulu
|-resisted|p1a: Tapu Bulu
|-damage|p1a: Tapu Bulu|0 fnt
|faint|p1a: Tapu Bulu
|-damage|p2a: Rillaboom|38/100|[from] item: Life Orb
|
|-heal|p2a: Rillaboom|44/100|[from] Grassy Terrain
|upkeep
|
|t:|1667909669
|switch|p1a: Weavile|Weavile, F|100/100
|-damage|p1a: Weavile|76/100|[from] Stealth Rock
|-ability|p1a: Weavile|Pressure
|turn|14
|
|t:|1667909674
|switch|p2a: Blaziken|Blaziken, M|100/100
|move|p1a: Weavile|Ice Shard|p2a: Blaziken
|-resisted|p2a: Blaziken
|-damage|p2a: Blaziken|76/100
|
|-heal|p1a: Weavile|82/100|[from] Grassy Terrain
|-heal|p2a: Blaziken|83/100|[from] Grassy Terrain
|-heal|p2a: Blaziken|89/100|[from] item: Leftovers
|-fieldend|move: Grassy Terrain
|upkeep
|turn|15
|
|t:|1667909686
|switch|p1a: Landorus|Landorus-Therian, M, shiny|100/100
|-damage|p1a: Landorus|88/100|[from] Stealth Rock
|-ability|p1a: Landorus|Intimidate|boost
|-unboost|p2a: Blaziken|atk|1
|move|p2a: Blaziken|Swords Dance|p2a: Blaziken
|-boost|p2a: Blaziken|atk|2
|
|-heal|p2a: Blaziken|95/100|[from] item: Leftovers
|-heal|p1a: Landorus|94/100|[from] item: Leftovers
|-ability|p2a: Blaziken|Speed Boost|boost
|-boost|p2a: Blaziken|spe|1
|upkeep
|turn|16
|
|t:|1667909692
|move|p2a: Blaziken|Flare Blitz|p1a: Landorus
|-damage|p1a: Landorus|0 fnt
|faint|p1a: Landorus
|-damage|p2a: Blaziken|60/100|[from] Recoil
|
|-heal|p2a: Blaziken|66/100|[from] item: Leftovers
|-ability|p2a: Blaziken|Speed Boost|boost
|-boost|p2a: Blaziken|spe|1
|upkeep
|
|t:|1667909697
|switch|p1a: Urshifu|Urshifu-Rapid-Strike, M|100/100
|-damage|p1a: Urshifu|94/100|[from] Stealth Rock
|turn|17
|
|t:|1667909702
|move|p1a: Urshifu|Surging Strikes|p2a: Blaziken
|-supereffective|p2a: Blaziken
|-crit|p2a: Blaziken
|-damage|p2a: Blaziken|9/100
|-supereffective|p2a: Blaziken
|-crit|p2a: Blaziken
|-damage|p2a: Blaziken|0 fnt
|faint|p2a: Blaziken
|-hitcount|p2: Blaziken|2
|
|upkeep
|
|t:|1667909725
|switch|p2a: Rillaboom|Rillaboom, M|44/100
|-fieldstart|move: Grassy Terrain|[from] ability: Grassy Surge|[of] p2a: Rillaboom
|turn|18
|
|t:|1667909729
|switch|p1a: Zapdos|Zapdos, shiny|100/100
|-damage|p1a: Zapdos|76/100|[from] Stealth Rock
|move|p2a: Rillaboom|Swords Dance|p2a: Rillaboom
|-boost|p2a: Rillaboom|atk|2
|
|-heal|p2a: Rillaboom|50/100|[from] Grassy Terrain
|upkeep
|turn|19
|
|t:|1667909735
|move|p2a: Rillaboom|Grassy Glide|p1a: Zapdos
|-resisted|p1a: Zapdos
|-damage|p1a: Zapdos|0 fnt
|-status|p2a: Rillaboom|par|[from] ability: Static|[of] p1a: Zapdos
|faint|p1a: Zapdos
|-damage|p2a: Rillaboom|40/100 par|[from] item: Life Orb
|
|-heal|p2a: Rillaboom|47/100 par|[from] Grassy Terrain
|upkeep
|
|t:|1667909740
|switch|p1a: Weavile|Weavile, F|82/100
|-damage|p1a: Weavile|57/100|[from] Stealth Rock
|-ability|p1a: Weavile|Pressure
|turn|20
|
|t:|1667909744
|move|p1a: Weavile|Ice Shard|p2a: Rillaboom
|-supereffective|p2a: Rillaboom
|-crit|p2a: Rillaboom
|-damage|p2a: Rillaboom|0 fnt
|faint|p2a: Rillaboom
|
|-heal|p1a: Weavile|63/100|[from] Grassy Terrain
|upkeep
|
|t:|1667909747
|switch|p2a: Nihilego|Nihilego|100/100
|turn|21
|
|t:|1667909757
|switch|p1a: Urshifu|Urshifu-Rapid-Strike, M|94/100
|-damage|p1a: Urshifu|88/100|[from] Stealth Rock
|move|p2a: Nihilego|Meteor Beam||[still]
|-prepare|p2a: Nihilego|Meteor Beam
|-boost|p2a: Nihilego|spa|1
|-enditem|p2a: Nihilego|Power Herb
|-anim|p2a: Nihilego|Meteor Beam|p1a: Urshifu
|-resisted|p1a: Urshifu
|-damage|p1a: Urshifu|18/100
|
|-heal|p1a: Urshifu|24/100|[from] Grassy Terrain
|upkeep
|turn|22
|
|t:|1667909765
|move|p1a: Urshifu|Ice Punch|p2a: Nihilego
|-damage|p2a: Nihilego|56/100
|move|p2a: Nihilego|Power Gem|p1a: Urshifu
|-resisted|p1a: Urshifu
|-damage|p1a: Urshifu|0 fnt
|faint|p1a: Urshifu
|-ability|p2a: Nihilego|Beast Boost|boost
|-boost|p2a: Nihilego|spe|1
|
|-heal|p2a: Nihilego|62/100|[from] Grassy Terrain
|-fieldend|move: Grassy Terrain
|upkeep
|-message|xyhjbb forfeited.
|
|win|HQSFun
|raw|xyhjbb's rating: 1630 &rarr; <strong>1613</strong><br />(-17 for losing)
|raw|HQSFun's rating: 1687 &rarr; <strong>1704</strong><br />(+17 for winning)
|l|☆xyhjbb
||Ladder isn't responding, score probably updated but might not have (Request timeout).
