|j|☆SPYDERRO
|j|☆ArcanineSquad
|t:|1600531718
|player|p1|SPYDERRO|firebreather|1381
|player|p2|ArcanineSquad|cynthia-gen4|1370
|teamsize|p1|6
|teamsize|p2|6
|gametype|singles
|gen|8
|tier|[Gen 8] OU
|rated|
|html|<div class="broadcast-blue"><strong>OU is currently suspecting Cinderace! For information on how to participate check out the <a href="https://www.smogon.com/forums/threads/3670532/">suspect thread</a>.</strong></div>
|clearpoke
|poke|p1|Terrakion|
|poke|p1|Conkeldurr, F|
|poke|p1|Gengar, M|
|poke|p1|Azumarill, F|
|poke|p1|Rotom-Heat|
|poke|p1|Roserade, F|
|poke|p2|Azumarill, M|
|poke|p2|Urshifu-*, M|
|poke|p2|Dragalge, F|
|poke|p2|Cinderace, F|
|poke|p2|Aegislash, M|
|poke|p2|Terrakion|
|rule|Sleep Clause Mod: Limit one foe put to sleep
|rule|Species Clause: Limit one of each Pokémon
|rule|OHKO Clause: OHKO moves are banned
|rule|Evasion Moves Clause: Evasion moves are banned
|rule|Endless Battle Clause: Forcing endless battles is banned
|rule|HP Percentage Mod: HP is shown in percentages
|rule|Dynamax Clause: You cannot dynamax
|teampreview
|inactive|Battle timer is ON: inactive players will automatically lose when time's up. (requested by ArcanineSquad)
|
|t:|1600531739
|start
|switch|p1a: Conkeldurr|Conkeldurr, F|100/100
|switch|p2a: Urshifu|Urshifu, M|100/100
|turn|1
|
|t:|1600531753
|switch|p2a: Dragalge|Dragalge, F|100/100
|move|p1a: Conkeldurr|Drain Punch|p2a: Dragalge
|-resisted|p2a: Dragalge
|-damage|p2a: Dragalge|75/100
|
|-status|p1a: Conkeldurr|brn|[from] item: Flame Orb
|upkeep
|turn|2
|
|t:|1600531761
|move|p1a: Conkeldurr|Earthquake|p2a: Dragalge
|-supereffective|p2a: Dragalge
|-damage|p2a: Dragalge|0 fnt
|faint|p2a: Dragalge
|
|-damage|p1a: Conkeldurr|95/100 brn|[from] brn
|upkeep
|
|t:|1600531767
|switch|p2a: Azumarill|Azumarill, M, shiny|100/100
|turn|3
|
|t:|1600531771
|move|p2a: Azumarill|Belly Drum|p2a: Azumarill
|-damage|p2a: Azumarill|50/100
|-setboost|p2a: Azumarill|atk|6|[from] move: Belly Drum
|-enditem|p2a: Azumarill|Sitrus Berry|[eat]
|-heal|p2a: Azumarill|75/100|[from] item: Sitrus Berry
|move|p1a: Conkeldurr|Facade|p2a: Azumarill
|-damage|p2a: Azumarill|0 fnt
|faint|p2a: Azumarill
|
|-damage|p1a: Conkeldurr|89/100 brn|[from] brn
|upkeep
|
|t:|1600531782
|switch|p2a: Cinderace|Cinderace, F|100/100
|turn|4
|
|t:|1600531785
|move|p2a: Cinderace|Zen Headbutt|p1a: Conkeldurr
|-start|p2a: Cinderace|typechange|Psychic|[from] ability: Libero
|-supereffective|p1a: Conkeldurr
|-damage|p1a: Conkeldurr|1/100 brn
|move|p1a: Conkeldurr|Facade|p2a: Cinderace
|-damage|p2a: Cinderace|0 fnt
|faint|p2a: Cinderace
|
|-damage|p1a: Conkeldurr|0 fnt|[from] brn
|faint|p1a: Conkeldurr
|upkeep
|
|t:|1600531796
|switch|p2a: Terrakion|Terrakion, shiny|100/100
|switch|p1a: Azumarill|Azumarill, F|100/100
|turn|5
|
|t:|1600531803
|move|p1a: Azumarill|Aqua Jet|p2a: Terrakion
|-supereffective|p2a: Terrakion
|-damage|p2a: Terrakion|44/100
|move|p2a: Terrakion|Stone Edge|p1a: Azumarill
|-damage|p1a: Azumarill|33/100
|-enditem|p1a: Azumarill|Sitrus Berry|[eat]
|-heal|p1a: Azumarill|58/100|[from] item: Sitrus Berry
|
|upkeep
|turn|6
|
|t:|1600531811
|move|p1a: Azumarill|Aqua Jet|p2a: Terrakion
|-supereffective|p2a: Terrakion
|-damage|p2a: Terrakion|0 fnt
|faint|p2a: Terrakion
|
|upkeep
|
|t:|1600531815
|switch|p2a: Urshifu|Urshifu, M|100/100
|turn|7
|
|t:|1600531819
|move|p2a: Urshifu|Close Combat|p1a: Azumarill
|-resisted|p1a: Azumarill
|-damage|p1a: Azumarill|0 fnt
|-unboost|p2a: Urshifu|def|1
|-unboost|p2a: Urshifu|spd|1
|faint|p1a: Azumarill
|
|upkeep
|
|t:|1600531824
|switch|p1a: Roserade|Roserade, F|100/100
|turn|8
|
|t:|1600531832
|move|p2a: Urshifu|Close Combat|p1a: Roserade
|-resisted|p1a: Roserade
|-damage|p1a: Roserade|13/100
|-unboost|p2a: Urshifu|def|1
|-unboost|p2a: Urshifu|spd|1
|move|p1a: Roserade|Energy Ball|p2a: Urshifu
|-damage|p2a: Urshifu|0 fnt
|faint|p2a: Urshifu
|
|upkeep
|
|t:|1600531840
|switch|p2a: Aegislash|Aegislash, M, shiny|100/100
|turn|9
|
|t:|1600531845
|move|p1a: Roserade|Energy Ball|p2a: Aegislash
|-resisted|p2a: Aegislash
|-damage|p2a: Aegislash|71/100
|-formechange|p2a: Aegislash|Aegislash-Blade||[from] ability: Stance Change
|move|p2a: Aegislash|Shadow Ball|p1a: Roserade
|-damage|p1a: Roserade|0 fnt
|faint|p1a: Roserade
|
|upkeep
|
|t:|1600531850
|switch|p1a: Gengar|Gengar, M|100/100
|turn|10
|
|t:|1600531855
|move|p1a: Gengar|Shadow Ball|p2a: Aegislash
|-supereffective|p2a: Aegislash
|-damage|p2a: Aegislash|0 fnt
|faint|p2a: Aegislash
|
|win|SPYDERRO
|l|☆ArcanineSquad
|raw|SPYDERRO's rating: 1381 &rarr; <strong>1401</strong><br />(+20 for winning)
|raw|ArcanineSquad's rating: 1392 &rarr; <strong>1372</strong><br />(-20 for losing)
