|j|☆Rheinmetal
|j|☆NMZS Antilope
|player|p1|Rheinmetal|cynthia|1595
|player|p2|NMZS Antilope|veteran|1611
|teamsize|p1|6
|teamsize|p2|6
|gametype|singles
|gen|8
|tier|[Gen 8] OU
|rated|
|html|<div class="broadcast-blue"><strong>OU is currently suspecting Dracovish! For information on how to participate check out the <a href="https://www.smogon.com/forums/threads/3664521/">suspect thread</a>.</strong></div>
|clearpoke
|poke|p1|Mew|
|poke|p1|Bisharp, F|
|poke|p1|Conkeldurr, M|
|poke|p1|Excadrill, M|
|poke|p1|Dragapult, F|
|poke|p1|Dracovish|
|poke|p2|Haxorus, F|
|poke|p2|Grimmsnarl, M|
|poke|p2|Slurpuff, M|
|poke|p2|Polteageist|
|poke|p2|Bisharp, M|
|poke|p2|Hawlucha, M|
|rule|Sleep Clause Mod: Limit one foe put to sleep
|rule|Species Clause: Limit one of each Pokémon
|rule|OHKO Clause: OHKO moves are banned
|rule|Evasion Moves Clause: Evasion moves are banned
|rule|Endless Battle Clause: Forcing endless battles is banned
|rule|HP Percentage Mod: HP is shown in percentages
|rule|Dynamax Clause: You cannot dynamax
|teampreview
|inactive|Battle timer is ON: inactive players will automatically lose when time's up. (requested by Rheinmetal)
|
|start
|switch|p1a: Mew|Mew, shiny|100/100
|switch|p2a: Haxorus|Haxorus, F, shiny|100/100
|-ability|p2a: Haxorus|Mold Breaker
|turn|1
|
|move|p1a: Mew|Stealth Rock|p2a: Haxorus
|-sidestart|p2: NMZS Antilope|move: Stealth Rock
|move|p2a: Haxorus|Dragon Dance|p2a: Haxorus
|-boost|p2a: Haxorus|atk|1
|-boost|p2a: Haxorus|spe|1
|
|upkeep
|turn|2
|
|move|p2a: Haxorus|Dragon Claw|p1a: Mew
|-damage|p1a: Mew|31/100
|-enditem|p1a: Mew|Red Card|[of] p2a: Haxorus
|drag|p2a: Bisharp|Bisharp, M|100/100
|-damage|p2a: Bisharp|95/100|[from] Stealth Rock
|move|p1a: Mew|Taunt|p2a: Bisharp
|-start|p2a: Bisharp|move: Taunt
|
|upkeep
|turn|3
|
|switch|p1a: Morning Star|Conkeldurr, M|100/100
|move|p2a: Bisharp|Knock Off|p1a: Morning Star
|-resisted|p1a: Morning Star
|-damage|p1a: Morning Star|76/100
|-enditem|p1a: Morning Star|Flame Orb|[from] move: Knock Off|[of] p2a: Bisharp
|-heal|p2a: Bisharp|98/100|[from] item: Shell Bell|[of] p1a: Morning Star
|
|upkeep
|turn|4
|
|move|p2a: Bisharp|Iron Head|p1a: Morning Star
|-damage|p1a: Morning Star|33/100
|-heal|p2a: Bisharp|100/100|[from] item: Shell Bell|[of] p1a: Morning Star
|move|p1a: Morning Star|Drain Punch|p2a: Bisharp
|-supereffective|p2a: Bisharp
|-damage|p2a: Bisharp|0 fnt
|-heal|p1a: Morning Star|72/100|[from] drain|[of] p2a: Bisharp
|faint|p2a: Bisharp
|
|upkeep
|
|switch|p2a: Polteageist|Polteageist|100/100
|-damage|p2a: Polteageist|88/100|[from] Stealth Rock
|turn|5
|
|move|p2a: Polteageist|Shadow Ball|p1a: Morning Star
|-damage|p1a: Morning Star|15/100
|-unboost|p1a: Morning Star|spd|1
|move|p1a: Morning Star|Earthquake|p2a: Polteageist
|-damage|p2a: Polteageist|17/100
|-ability|p2a: Polteageist|Weak Armor|boost
|-unboost|p2a: Polteageist|def|1
|-boost|p2a: Polteageist|spe|2
|
|upkeep
|turn|6
|
|switch|p1a: Black Viper|Bisharp, F, shiny|100/100
|move|p2a: Polteageist|Shadow Ball|p1a: Black Viper
|-resisted|p1a: Black Viper
|-damage|p1a: Black Viper|66/100
|
|upkeep
|turn|7
|
|switch|p2a: Hawlucha|Hawlucha, M, shiny|100/100
|-damage|p2a: Hawlucha|88/100|[from] Stealth Rock
|move|p1a: Black Viper|Sucker Punch||[still]
|-fail|p1a: Black Viper
|
|upkeep
|turn|8
|
|move|p1a: Black Viper|Sucker Punch||[still]
|-fail|p1a: Black Viper
|move|p2a: Hawlucha|Substitute|p2a: Hawlucha
|-start|p2a: Hawlucha|Substitute
|-damage|p2a: Hawlucha|63/100
|
|upkeep
|turn|9
|
|move|p2a: Hawlucha|Swords Dance|p2a: Hawlucha
|-boost|p2a: Hawlucha|atk|2
|move|p1a: Black Viper|Knock Off|p2a: Hawlucha
|-resisted|p2a: Hawlucha
|-end|p2a: Hawlucha|Substitute
|
|upkeep
|turn|10
|
|move|p2a: Hawlucha|High Jump Kick|p1a: Black Viper
|-supereffective|p1a: Black Viper
|-damage|p1a: Black Viper|0 fnt
|faint|p1a: Black Viper
|
|upkeep
|
|switch|p1a: Abyssal Wings|Dragapult, F|100/100
|turn|11
|
|move|p1a: Abyssal Wings|Shadow Ball|p2a: Hawlucha
|-damage|p2a: Hawlucha|0 fnt
|faint|p2a: Hawlucha
|
|upkeep
|
|switch|p2a: Grimmsnarl|Grimmsnarl, M|100/100
|-damage|p2a: Grimmsnarl|88/100|[from] Stealth Rock
|turn|12
|
|switch|p1a: Morning Star|Conkeldurr, M|15/100
|move|p2a: Grimmsnarl|Light Screen|p2a: Grimmsnarl
|-sidestart|p2: NMZS Antilope|move: Light Screen
|
|upkeep
|turn|13
|
|move|p2a: Grimmsnarl|Reflect|p2a: Grimmsnarl
|-sidestart|p2: NMZS Antilope|Reflect
|move|p1a: Morning Star|Earthquake|p2a: Grimmsnarl
|-damage|p2a: Grimmsnarl|71/100
|
|upkeep
|turn|14
|
|switch|p2a: Polteageist|Polteageist|17/100
|-damage|p2a: Polteageist|5/100|[from] Stealth Rock
|move|p1a: Morning Star|Earthquake|p2a: Polteageist
|-damage|p2a: Polteageist|0 fnt
|faint|p2a: Polteageist
|
|upkeep
|
|switch|p2a: Slurpuff|Slurpuff, M, shiny|100/100
|-damage|p2a: Slurpuff|88/100|[from] Stealth Rock
|turn|15
|
|switch|p1a: Mew|Mew, shiny|31/100
|move|p2a: Slurpuff|Cotton Guard|p2a: Slurpuff
|-boost|p2a: Slurpuff|def|3
|
|upkeep
|turn|16
|
|move|p1a: Mew|Taunt|p2a: Slurpuff
|-start|p2a: Slurpuff|move: Taunt
|cant|p2a: Slurpuff|move: Taunt|Belly Drum
|
|upkeep
|turn|17
|
|move|p1a: Mew|Spikes|p2a: Slurpuff
|-sidestart|p2: NMZS Antilope|Spikes
|move|p2a: Slurpuff|Play Rough|p1a: Mew
|-damage|p1a: Mew|2/100
|
|upkeep
|turn|18
|
|move|p1a: Mew|Spikes|p2a: Slurpuff
|-sidestart|p2: NMZS Antilope|Spikes
|move|p2a: Slurpuff|Drain Punch|p1a: Mew
|-resisted|p1a: Mew
|-damage|p1a: Mew|0 fnt
|-heal|p2a: Slurpuff|89/100|[from] drain|[of] p1a: Mew
|faint|p1a: Mew
|
|-end|p2a: Slurpuff|move: Taunt
|upkeep
|
|switch|p1a: Ban|Dracovish|100/100
|turn|19
|
|move|p1a: Ban|Fishious Rend|p2a: Slurpuff
|-damage|p2a: Slurpuff|47/100
|-enditem|p2a: Slurpuff|Sitrus Berry|[eat]
|-heal|p2a: Slurpuff|71/100|[from] item: Sitrus Berry
|move|p2a: Slurpuff|Belly Drum|p2a: Slurpuff
|-damage|p2a: Slurpuff|21/100
|-setboost|p2a: Slurpuff|atk|6|[from] move: Belly Drum
|
|-sideend|p2: NMZS Antilope|move: Light Screen
|upkeep
|turn|20
|
|move|p2a: Slurpuff|Drain Punch|p1a: Ban
|-damage|p1a: Ban|25/100
|-heal|p2a: Slurpuff|61/100|[from] drain|[of] p1a: Ban
|move|p1a: Ban|Fishious Rend|p2a: Slurpuff
|-damage|p2a: Slurpuff|41/100
|
|-sideend|p2: NMZS Antilope|Reflect
|upkeep
|turn|21
|
|move|p2a: Slurpuff|Drain Punch|p1a: Ban
|-damage|p1a: Ban|0 fnt
|-heal|p2a: Slurpuff|54/100|[from] drain|[of] p1a: Ban
|faint|p1a: Ban
|
|upkeep
|
|switch|p1a: Abyssal Wings|Dragapult, F|100/100
|turn|22
|
|move|p2a: Slurpuff|Play Rough|p1a: Abyssal Wings
|-supereffective|p1a: Abyssal Wings
|-damage|p1a: Abyssal Wings|0 fnt
|faint|p1a: Abyssal Wings
|
|upkeep
|-message|Rheinmetal forfeited.
|
|win|NMZS Antilope
|l|☆Rheinmetal
