|j|☆Q114
|j|☆Kaleor
|player|p1|Q114|102|1736
|player|p2|Kaleor|hiker-gen4|1723
|teamsize|p1|6
|teamsize|p2|6
|gametype|singles
|gen|8
|tier|[Gen 8] OU
|rated|
|clearpoke
|poke|p1|Toxapex, M|
|poke|p1|Ferrothorn, M|
|poke|p1|Seismitoad, F|
|poke|p1|Tyranitar, F|
|poke|p1|Clefable, M|
|poke|p1|Corviknight, M|
|poke|p2|Kyurem|
|poke|p2|Toxapex, F|
|poke|p2|Corviknight, M|
|poke|p2|Tyranitar, M|
|poke|p2|Excadrill, F|
|poke|p2|Hippowdon, F|
|rule|Sleep Clause Mod: Limit one foe put to sleep
|rule|Species Clause: Limit one of each Pokémon
|rule|OHKO Clause: OHKO moves are banned
|rule|Evasion Moves Clause: Evasion moves are banned
|rule|Endless Battle Clause: Forcing endless battles is banned
|rule|HP Percentage Mod: HP is shown in percentages
|rule|Dynamax Clause: You cannot dynamax
|teampreview
|inactive|Battle timer is ON: inactive players will automatically lose when time's up. (requested by Kaleor)
|j| HeavenStar
|j| Ihaychew
|
|start
|switch|p1a: Toxapex|Toxapex, M|100/100
|switch|p2a: Kyurem|Kyurem|100/100
|-ability|p2a: Kyurem|Pressure
|turn|1
|c| HeavenStar|you ask for a hamburger
|
|switch|p1a: Ferrothorn|Ferrothorn, M|100/100
|move|p2a: Kyurem|Freeze-Dry|p1a: Ferrothorn
|-damage|p1a: Ferrothorn|67/100
|
|-heal|p1a: Ferrothorn|73/100|[from] item: Leftovers
|upkeep
|turn|2
|c| HeavenStar|i give you a hamburger
|j| active dry yeast
|
|switch|p2a: Corviknight|Corviknight, M|100/100
|-ability|p2a: Corviknight|Pressure
|move|p1a: Ferrothorn|Leech Seed|p2a: Corviknight
|-start|p2a: Corviknight|move: Leech Seed
|
|-heal|p1a: Ferrothorn|79/100|[from] item: Leftovers
|-damage|p2a: Corviknight|88/100|[from] Leech Seed|[of] p1a: Ferrothorn
|-heal|p1a: Ferrothorn|93/100|[silent]
|upkeep
|turn|3
|c| Ihaychew|ask for a 100 turn game
|
|switch|p2a: Tyranitar|Tyranitar, M|100/100
|-weather|Sandstorm|[from] ability: Sand Stream|[of] p2a: Tyranitar
|switch|p1a: Toxapex|Toxapex, M|100/100
|
|-weather|Sandstorm|[upkeep]
|-damage|p1a: Toxapex|95/100|[from] Sandstorm
|-heal|p1a: Toxapex|100/100|[from] item: Black Sludge
|upkeep
|turn|4
|
|move|p2a: Tyranitar|Stone Edge|p1a: Toxapex
|-damage|p1a: Toxapex|51/100
|move|p1a: Toxapex|Scald|p2a: Tyranitar
|-supereffective|p2a: Tyranitar
|-damage|p2a: Tyranitar|82/100
|
|-weather|Sandstorm|[upkeep]
|-damage|p1a: Toxapex|45/100|[from] Sandstorm
|-heal|p1a: Toxapex|51/100|[from] item: Black Sludge
|upkeep
|turn|5
|
|switch|p1a: Seismitoad|Seismitoad, F|100/100
|move|p2a: Tyranitar|Stone Edge|p1a: Seismitoad
|-resisted|p1a: Seismitoad
|-damage|p1a: Seismitoad|70/100
|
|-weather|Sandstorm|[upkeep]
|-heal|p1a: Seismitoad|76/100|[from] item: Leftovers
|upkeep
|turn|6
|c| Ihaychew|man scald makes me cringe every time
|
|switch|p2a: Kyurem|Kyurem|100/100
|-ability|p2a: Kyurem|Pressure
|move|p1a: Seismitoad|Stealth Rock|p2a: Kyurem
|-sidestart|p2: Kaleor|move: Stealth Rock
|
|-weather|Sandstorm|[upkeep]
|-damage|p2a: Kyurem|94/100|[from] Sandstorm
|-heal|p1a: Seismitoad|82/100|[from] item: Leftovers
|upkeep
|turn|7
|
|switch|p1a: Ferrothorn|Ferrothorn, M|93/100
|move|p2a: Kyurem|Earth Power|p1a: Ferrothorn
|-damage|p1a: Ferrothorn|63/100
|
|-weather|none
|-heal|p1a: Ferrothorn|69/100|[from] item: Leftovers
|upkeep
|turn|8
|j| myjava
|j| Dat my food
|
|switch|p2a: Corviknight|Corviknight, M|88/100
|-damage|p2a: Corviknight|75/100|[from] Stealth Rock
|-ability|p2a: Corviknight|Pressure
|move|p1a: Ferrothorn|Leech Seed|p2a: Corviknight
|-start|p2a: Corviknight|move: Leech Seed
|
|-heal|p2a: Corviknight|82/100|[from] item: Leftovers
|-heal|p1a: Ferrothorn|75/100|[from] item: Leftovers
|-damage|p2a: Corviknight|69/100|[from] Leech Seed|[of] p1a: Ferrothorn
|-heal|p1a: Ferrothorn|89/100|[silent]
|upkeep
|turn|9
|
|move|p2a: Corviknight|Defog|p1a: Ferrothorn
|-unboost|p1a: Ferrothorn|evasion|1
|-sideend|p2: Kaleor|Stealth Rock|[from] move: Defog|[of] p2a: Corviknight
|move|p1a: Ferrothorn|Knock Off|p2a: Corviknight
|-damage|p2a: Corviknight|57/100
|-enditem|p2a: Corviknight|Leftovers|[from] move: Knock Off|[of] p1a: Ferrothorn
|
|-heal|p1a: Ferrothorn|95/100|[from] item: Leftovers
|-damage|p2a: Corviknight|45/100|[from] Leech Seed|[of] p1a: Ferrothorn
|-heal|p1a: Ferrothorn|100/100|[silent]
|upkeep
|turn|10
|l| Dat my food
|
|switch|p2a: Kyurem|Kyurem|94/100
|-ability|p2a: Kyurem|Pressure
|switch|p1a: Toxapex|Toxapex, M|84/100
|
|-heal|p1a: Toxapex|90/100|[from] item: Black Sludge
|upkeep
|turn|11
|
|switch|p1a: Ferrothorn|Ferrothorn, M|100/100
|move|p2a: Kyurem|Ice Beam|p1a: Ferrothorn
|-damage|p1a: Ferrothorn|53/100
|
|-heal|p1a: Ferrothorn|59/100|[from] item: Leftovers
|upkeep
|turn|12
|l|myjava
|
|move|p1a: Ferrothorn|Protect|p1a: Ferrothorn
|-singleturn|p1a: Ferrothorn|Protect
|move|p2a: Kyurem|Ice Beam|p1a: Ferrothorn
|-activate|p1a: Ferrothorn|move: Protect
|
|-heal|p1a: Ferrothorn|65/100|[from] item: Leftovers
|upkeep
|turn|13
|
|switch|p2a: Hippowdon|Hippowdon, F|100/100
|-weather|Sandstorm|[from] ability: Sand Stream|[of] p2a: Hippowdon
|switch|p1a: Toxapex|Toxapex, M|100/100
|
|-weather|Sandstorm|[upkeep]
|-damage|p1a: Toxapex|95/100|[from] Sandstorm
|-heal|p1a: Toxapex|100/100|[from] item: Black Sludge
|upkeep
|turn|14
|
|switch|p1a: Corviknight|Corviknight, M|100/100
|-ability|p1a: Corviknight|Pressure
|move|p2a: Hippowdon|Stealth Rock|p1a: Corviknight
|-sidestart|p1: Q114|move: Stealth Rock
|
|-weather|Sandstorm|[upkeep]
|upkeep
|turn|15
|j| prem1932
|
|switch|p2a: Kyurem|Kyurem|94/100
|-ability|p2a: Kyurem|Pressure
|move|p1a: Corviknight|Defog|p2a: Kyurem
|-unboost|p2a: Kyurem|evasion|1
|-sideend|p1: Q114|Stealth Rock|[from] move: Defog|[of] p1a: Corviknight
|
|-weather|Sandstorm|[upkeep]
|-damage|p2a: Kyurem|88/100|[from] Sandstorm
|upkeep
|turn|16
|
|switch|p1a: Tyranitar|Tyranitar, F|100/100
|move|p2a: Kyurem|Ice Beam|p1a: Tyranitar
|-crit|p1a: Tyranitar
|-damage|p1a: Tyranitar|71/100
|
|-weather|Sandstorm|[upkeep]
|-damage|p2a: Kyurem|82/100|[from] Sandstorm
|upkeep
|turn|17
|j| Peter97
|
|switch|p2a: Corviknight|Corviknight, M|45/100
|-ability|p2a: Corviknight|Pressure
|switch|p1a: Clefable|Clefable, M|100/100
|
|-weather|Sandstorm|[upkeep]
|-damage|p1a: Clefable|94/100|[from] Sandstorm
|-heal|p1a: Clefable|100/100|[from] item: Leftovers
|upkeep
|turn|18
|l| Peter97
|j| Glazou
|l| prem1932
|
|move|p2a: Corviknight|Roost|p2a: Corviknight
|-heal|p2a: Corviknight|95/100
|-singleturn|p2a: Corviknight|move: Roost
|move|p1a: Clefable|Wish|p1a: Clefable
|
|-weather|Sandstorm|[upkeep]
|-damage|p1a: Clefable|94/100|[from] Sandstorm
|-heal|p1a: Clefable|100/100|[from] item: Leftovers
|upkeep
|turn|19
|
|switch|p1a: Ferrothorn|Ferrothorn, M|65/100
|move|p2a: Corviknight|U-turn|p1a: Ferrothorn
|-damage|p1a: Ferrothorn|53/100
|-damage|p2a: Corviknight|82/100|[from] ability: Iron Barbs|[of] p1a: Ferrothorn
|
|switch|p2a: Tyranitar|Tyranitar, M|82/100|[from]move: U-turn
|
|-weather|Sandstorm|[upkeep]
|-heal|p1a: Ferrothorn|100/100|[from] move: Wish|[wisher] Clefable
|upkeep
|turn|20
|
|move|p1a: Ferrothorn|Protect|p1a: Ferrothorn
|-singleturn|p1a: Ferrothorn|Protect
|move|p2a: Tyranitar|Fire Punch|p1a: Ferrothorn
|-activate|p1a: Ferrothorn|move: Protect
|
|-weather|none
|upkeep
|turn|21
|
|switch|p2a: Hippowdon|Hippowdon, F|100/100
|-weather|Sandstorm|[from] ability: Sand Stream|[of] p2a: Hippowdon
|switch|p1a: Clefable|Clefable, M|100/100
|
|-weather|Sandstorm|[upkeep]
|-damage|p1a: Clefable|94/100|[from] Sandstorm
|-heal|p1a: Clefable|100/100|[from] item: Leftovers
|upkeep
|turn|22
|
|switch|p1a: Corviknight|Corviknight, M|100/100
|-ability|p1a: Corviknight|Pressure
|move|p2a: Hippowdon|Stealth Rock|p1a: Corviknight
|-sidestart|p1: Q114|move: Stealth Rock
|
|-weather|Sandstorm|[upkeep]
|upkeep
|turn|23
|
|switch|p2a: Kyurem|Kyurem|82/100
|-ability|p2a: Kyurem|Pressure
|move|p1a: Corviknight|Defog|p2a: Kyurem
|-unboost|p2a: Kyurem|evasion|1
|-sideend|p1: Q114|Stealth Rock|[from] move: Defog|[of] p1a: Corviknight
|
|-weather|Sandstorm|[upkeep]
|-damage|p2a: Kyurem|76/100|[from] Sandstorm
|upkeep
|turn|24
|j| Drunk Draco
|
|move|p2a: Kyurem|Ice Beam|p1a: Corviknight
|-damage|p1a: Corviknight|36/100
|-status|p1a: Corviknight|frz
|cant|p1a: Corviknight|frz
|
|-weather|Sandstorm|[upkeep]
|-damage|p2a: Kyurem|70/100|[from] Sandstorm
|upkeep
|turn|25
|
|switch|p1a: Toxapex|Toxapex, M|100/100
|move|p2a: Kyurem|Ice Beam|p1a: Toxapex
|-resisted|p1a: Toxapex
|-damage|p1a: Toxapex|70/100
|
|-weather|Sandstorm|[upkeep]
|-damage|p2a: Kyurem|64/100|[from] Sandstorm
|-damage|p1a: Toxapex|65/100|[from] Sandstorm
|-heal|p1a: Toxapex|70/100|[from] item: Black Sludge
|upkeep
|turn|26
|
|switch|p2a: Excadrill|Excadrill, F|100/100
|move|p1a: Toxapex|Knock Off|p2a: Excadrill
|-crit|p2a: Excadrill
|-damage|p2a: Excadrill|70/100
|-enditem|p2a: Excadrill|Life Orb|[from] move: Knock Off|[of] p1a: Toxapex
|
|-weather|Sandstorm|[upkeep]
|-damage|p1a: Toxapex|65/100|[from] Sandstorm
|-heal|p1a: Toxapex|70/100|[from] item: Black Sludge
|upkeep
|turn|27
|
|move|p2a: Excadrill|Swords Dance|p2a: Excadrill
|-boost|p2a: Excadrill|atk|2
|move|p1a: Toxapex|Scald|p2a: Excadrill
|-supereffective|p2a: Excadrill
|-damage|p2a: Excadrill|27/100
|
|-weather|Sandstorm|[upkeep]
|-damage|p1a: Toxapex|65/100|[from] Sandstorm
|-heal|p1a: Toxapex|70/100|[from] item: Black Sludge
|upkeep
|turn|28
|
|switch|p1a: Corviknight|Corviknight, M|36/100 frz
|-ability|p1a: Corviknight|Pressure
|move|p2a: Excadrill|Earthquake|p1a: Corviknight
|-immune|p1a: Corviknight
|
|-weather|none
|upkeep
|turn|29
|
|move|p2a: Excadrill|Rock Slide|p1a: Corviknight
|-damage|p1a: Corviknight|0 fnt
|faint|p1a: Corviknight
|
|upkeep
|inactive|Q114 has 120 seconds left.
|
|switch|p1a: Clefable|Clefable, M|100/100
|turn|30
|j| Botez Fan Club
|l| Drunk Draco
|l| Botez Fan Club
|
|move|p2a: Excadrill|Earthquake|p1a: Clefable
|-damage|p1a: Clefable|59/100
|move|p1a: Clefable|Moonblast|p2a: Excadrill
|-resisted|p2a: Excadrill
|-damage|p2a: Excadrill|4/100
|-unboost|p2a: Excadrill|spa|1
|
|-heal|p1a: Clefable|65/100|[from] item: Leftovers
|upkeep
|turn|31
|
|move|p1a: Clefable|Protect|p1a: Clefable
|-singleturn|p1a: Clefable|Protect
|move|p2a: Excadrill|Iron Head|p1a: Clefable
|-activate|p1a: Clefable|move: Protect
|
|-heal|p1a: Clefable|71/100|[from] item: Leftovers
|upkeep
|turn|32
|
|move|p2a: Excadrill|Iron Head|p1a: Clefable
|-supereffective|p1a: Clefable
|-damage|p1a: Clefable|1/100
|cant|p1a: Clefable|flinch
|
|-heal|p1a: Clefable|7/100|[from] item: Leftovers
|upkeep
|turn|33
|inactive|Q114 has 120 seconds left.
|inactive|Q114 has 90 seconds left.
|inactive|Q114 has 60 seconds left.
|l| Glazou
|inactive|Q114 has 30 seconds left.
|inactive|Q114 has 20 seconds left.
|inactive|Q114 has 15 seconds left.
|inactive|Q114 has 10 seconds left.
|inactive|Q114 has 5 seconds left.
|-message|Q114 lost due to inactivity.
|
|win|Kaleor
|raw|Q114's rating: 1712 &rarr; <strong>1693</strong><br />(-19 for losing)
|raw|Kaleor's rating: 1723 &rarr; <strong>1743</strong><br />(+20 for winning)
|l| active dry yeast
|l|☆Kaleor
