|j|☆Kaleor
|j|☆precious jimmy
|t:|1665389214
|gametype|singles
|player|p1|Kaleor|swimmer-gen4dp|1787
|player|p2|precious jimmy|harlequin|1787
|teamsize|p1|6
|teamsize|p2|6
|gen|8
|tier|[Gen 8] OU
|rated|
|rule|Sleep Clause Mod: Limit one foe put to sleep
|rule|Species Clause: Limit one of each Pokémon
|rule|OHKO Clause: OHKO moves are banned
|rule|Evasion Items Clause: Evasion items are banned
|rule|Evasion Moves Clause: Evasion moves are banned
|rule|Endless Battle Clause: Forcing endless battles is banned
|rule|HP Percentage Mod: HP is shown in percentages
|rule|Dynamax Clause: You cannot dynamax
|clearpoke
|poke|p1|Excadrill, F|
|poke|p1|Volcarona, F|
|poke|p1|Polteageist|
|poke|p1|Moltres-Galar|
|poke|p1|Kartana|
|poke|p1|Dragapult, F|
|poke|p2|Weavile, M|
|poke|p2|Silvally-*|
|poke|p2|Magnezone|
|poke|p2|Rillaboom, M|
|poke|p2|Landorus-Therian, M|
|poke|p2|Swampert, F|
|teampreview
|inactive|Battle timer is ON: inactive players will automatically lose when time's up. (requested by precious jimmy)
|
|t:|1665389225
|start
|switch|p1a: Excadrill|Excadrill, F|100/100
|switch|p2a: Weavile|Weavile, M|100/100
|-ability|p2a: Weavile|Pressure
|-ability|p1a: Excadrill|Mold Breaker
|turn|1
|
|t:|1665389232
|move|p2a: Weavile|Beat Up|p1a: Excadrill
|-damage|p1a: Excadrill|78/100
|-damage|p1a: Excadrill|59/100
|-damage|p1a: Excadrill|44/100
|-damage|p1a: Excadrill|21/100
|-damage|p1a: Excadrill|0 fnt
|faint|p1a: Excadrill
|-hitcount|p1: Excadrill|5
|
|upkeep
|
|t:|1665389237
|switch|p1a: Moltres|Moltres-Galar|100/100
|turn|2
|
|t:|1665389244
|switch|p2a: Silvally|Silvally-Fairy|100/100
|move|p1a: Moltres|Nasty Plot|p1a: Moltres
|-boost|p1a: Moltres|spa|2
|
|upkeep
|turn|3
|
|t:|1665389250
|move|p2a: Silvally|Multi-Attack|p1a: Moltres
|-supereffective|p1a: Moltres
|-damage|p1a: Moltres|0 fnt
|faint|p1a: Moltres
|
|upkeep
|
|t:|1665389255
|switch|p1a: Volcarona|Volcarona, F|100/100
|turn|4
|
|t:|1665389256
|move|p1a: Volcarona|Quiver Dance|p1a: Volcarona
|-boost|p1a: Volcarona|spa|1
|-boost|p1a: Volcarona|spd|1
|-boost|p1a: Volcarona|spe|1
|move|p2a: Silvally|Rock Slide|p1a: Volcarona
|-supereffective|p1a: Volcarona
|-damage|p1a: Volcarona|0 fnt
|faint|p1a: Volcarona
|
|upkeep
|
|t:|1665389261
|switch|p1a: Kartana|Kartana|100/100
|turn|5
|
|t:|1665389268
|move|p1a: Kartana|Swords Dance|p1a: Kartana
|-boost|p1a: Kartana|atk|2
|move|p2a: Silvally|Flame Charge|p1a: Kartana
|-supereffective|p1a: Kartana
|-damage|p1a: Kartana|31/100
|-boost|p2a: Silvally|spe|1
|
|upkeep
|turn|6
|
|t:|1665389276
|move|p2a: Silvally|Flame Charge|p1a: Kartana
|-supereffective|p1a: Kartana
|-damage|p1a: Kartana|0 fnt
|-boost|p2a: Silvally|spe|1
|faint|p1a: Kartana
|
|upkeep
|
|t:|1665389281
|switch|p1a: Polteageist|Polteageist|100/100
|turn|7
|
|t:|1665389284
|move|p2a: Silvally|Rock Slide|p1a: Polteageist
|-damage|p1a: Polteageist|59/100
|-ability|p1a: Polteageist|Weak Armor|boost
|-unboost|p1a: Polteageist|def|1
|-boost|p1a: Polteageist|spe|2
|move|p1a: Polteageist|Shell Smash|p1a: Polteageist
|-unboost|p1a: Polteageist|def|1
|-unboost|p1a: Polteageist|spd|1
|-boost|p1a: Polteageist|atk|2
|-boost|p1a: Polteageist|spa|2
|-boost|p1a: Polteageist|spe|2
|
|upkeep
|turn|8
|
|t:|1665389294
|switch|p2a: Magnezone|Magnezone|100/100
|move|p1a: Polteageist|Stored Power|p2a: Magnezone
|-resisted|p2a: Magnezone
|-damage|p2a: Magnezone|14/100
|
|upkeep
|turn|9
|
|t:|1665389298
|move|p1a: Polteageist|Shadow Ball|p2a: Magnezone
|-damage|p2a: Magnezone|0 fnt
|faint|p2a: Magnezone
|
|upkeep
|
|t:|1665389302
|switch|p2a: Rillaboom|Rillaboom, M|100/100
|-fieldstart|move: Grassy Terrain|[from] ability: Grassy Surge|[of] p2a: Rillaboom
|turn|10
|j| Vivemouah
|
|t:|1665389306
|move|p2a: Rillaboom|Grassy Glide|p1a: Polteageist
|-damage|p1a: Polteageist|0 fnt
|faint|p1a: Polteageist
|-damage|p2a: Rillaboom|90/100|[from] item: Life Orb
|
|-heal|p2a: Rillaboom|97/100|[from] Grassy Terrain
|upkeep
|
|t:|1665389308
|switch|p1a: Dragapult|Dragapult, F|100/100
|turn|11
|
|t:|1665389312
|move|p1a: Dragapult|Dragon Darts|p2a: Rillaboom
|-damage|p2a: Rillaboom|58/100
|-anim|p1a: Dragapult|Dragon Darts|p2a: Rillaboom
|-damage|p2a: Rillaboom|19/100
|move|p2a: Rillaboom|Knock Off|p1a: Dragapult
|-supereffective|p1a: Dragapult
|-damage|p1a: Dragapult|0 fnt
|-enditem|p1a: Dragapult|Choice Band|[from] move: Knock Off|[of] p2a: Rillaboom
|faint|p1a: Dragapult
|-damage|p2a: Rillaboom|9/100|[from] item: Life Orb
|
|win|precious jimmy
|raw|Kaleor's rating: 1787 &rarr; <strong>1767</strong><br />(-20 for losing)
|raw|precious jimmy's rating: 1787 &rarr; <strong>1807</strong><br />(+20 for winning)
|l|☆Kaleor
