|j|☆LT91BB MDB2
|j|☆j_albacino023
|t:|1659539468
|gametype|singles
|player|p1|LT91BB MDB2|1|2054
|player|p2|j_albacino023|170|1992
|teamsize|p1|6
|teamsize|p2|6
|gen|8
|tier|[Gen 8] OU
|rated|
|rule|Sleep Clause Mod: Limit one foe put to sleep
|rule|Species Clause: Limit one of each Pokémon
|rule|OHKO Clause: OHKO moves are banned
|rule|Evasion Moves Clause: Evasion moves are banned
|rule|Endless Battle Clause: Forcing endless battles is banned
|rule|HP Percentage Mod: HP is shown in percentages
|rule|Dynamax Clause: You cannot dynamax
|clearpoke
|poke|p1|Slowking, M|
|poke|p1|Dragonite, F|
|poke|p1|Clefable, F|
|poke|p1|Corviknight, M|
|poke|p1|Gastrodon-East, F|
|poke|p1|Toxapex, M|
|poke|p2|Ferrothorn, M|
|poke|p2|Rotom-Wash|
|poke|p2|Tyranitar, F|
|poke|p2|Excadrill, M|
|poke|p2|Clefable, F|
|poke|p2|Dragapult, F|
|teampreview
|j| YoSoyElxokas
|j| Lemon to Aid
|l| Lemon to Aid
|
|t:|1659539512
|start
|switch|p1a: Slowking|Slowking, M|100/100
|switch|p2a: Clefable|Clefable, F|100/100
|turn|1
|
|t:|1659539527
|switch|p1a: Toxapex|Toxapex, M|100/100
|move|p2a: Clefable|Knock Off|p1a: Toxapex
|-damage|p1a: Toxapex|90/100
|-enditem|p1a: Toxapex|Shed Shell|[from] move: Knock Off|[of] p2a: Clefable
|
|upkeep
|turn|2
|j| lt91bb mind
|
|t:|1659539530
|move|p2a: Clefable|Stealth Rock|p1a: Toxapex
|-sidestart|p1: LT91BB MDB2|move: Stealth Rock
|move|p1a: Toxapex|Block|p2a: Clefable
|-activate|p2a: Clefable|trapped
|
|upkeep
|turn|3
|j| regnite ◕‿◕
|j| LT91BB Livio
|j| Zokuru
|j| balls2004
|j| LT91BB Tace
|c|☆j_albacino023|rude
|j| LT91BB Originality
|
|t:|1659539536
|move|p2a: Clefable|Knock Off|p1a: Toxapex
|-damage|p1a: Toxapex|83/100
|move|p1a: Toxapex|Knock Off|p2a: Clefable
|-resisted|p2a: Clefable
|-damage|p2a: Clefable|95/100
|-damage|p1a: Toxapex|66/100|[from] item: Rocky Helmet|[of] p2a: Clefable
|-enditem|p2a: Clefable|Rocky Helmet|[from] move: Knock Off|[of] p1a: Toxapex
|
|upkeep
|turn|4
|j| egal★vanc
|
|t:|1659539542
|move|p2a: Clefable|Knock Off|p1a: Toxapex
|-damage|p1a: Toxapex|58/100
|move|p1a: Toxapex|Spite|p2a: Clefable
|-activate|p2a: Clefable|move: Spite|Knock Off|4
|
|upkeep
|turn|5
|j| 11fridgemagnets
|j| LT91BB Ox
|
|t:|1659539548
|move|p2a: Clefable|Knock Off|p1a: Toxapex
|-damage|p1a: Toxapex|50/100
|move|p1a: Toxapex|Spite|p2a: Clefable
|-activate|p2a: Clefable|move: Spite|Knock Off|4
|
|upkeep
|turn|6
|
|t:|1659539552
|move|p2a: Clefable|Knock Off|p1a: Toxapex
|-damage|p1a: Toxapex|42/100
|move|p1a: Toxapex|Spite|p2a: Clefable
|-activate|p2a: Clefable|move: Spite|Knock Off|4
|
|upkeep
|turn|7
|j| tired of new gens
|
|t:|1659539557
|move|p2a: Clefable|Knock Off|p1a: Toxapex
|-damage|p1a: Toxapex|34/100
|move|p1a: Toxapex|Spite|p2a: Clefable
|-activate|p2a: Clefable|move: Spite|Knock Off|4
|
|upkeep
|turn|8
|
|t:|1659539560
|move|p2a: Clefable|Stealth Rock||[still]
|-fail|p2a: Clefable
|move|p1a: Toxapex|Recover|p1a: Toxapex
|-heal|p1a: Toxapex|85/100
|
|upkeep
|turn|9
|j| pepsi
|
|t:|1659539565
|move|p2a: Clefable|Stealth Rock||[still]
|-fail|p2a: Clefable
|move|p1a: Toxapex|Spite|p2a: Clefable
|-activate|p2a: Clefable|move: Spite|Stealth Rock|4
|
|upkeep
|turn|10
|j| LT91BB Empo
|j|+pichus
|
|t:|1659539568
|move|p2a: Clefable|Moonblast|p1a: Toxapex
|-resisted|p1a: Toxapex
|-damage|p1a: Toxapex|75/100
|move|p1a: Toxapex|Spite|p2a: Clefable
|-activate|p2a: Clefable|move: Spite|Moonblast|4
|
|upkeep
|turn|11
|j| rfgvbdtfgb
|j| miss groves
|l| LT91BB Tace
|
|t:|1659539575
|move|p2a: Clefable|Moonblast|p1a: Toxapex
|-resisted|p1a: Toxapex
|-crit|p1a: Toxapex
|-damage|p1a: Toxapex|60/100
|-unboost|p1a: Toxapex|spa|1
|move|p1a: Toxapex|Spite|p2a: Clefable
|-activate|p2a: Clefable|move: Spite|Moonblast|4
|
|upkeep
|turn|12
|
|t:|1659539578
|move|p2a: Clefable|Knock Off|p1a: Toxapex
|-damage|p1a: Toxapex|52/100
|move|p1a: Toxapex|Spite|p2a: Clefable
|-activate|p2a: Clefable|move: Spite|Knock Off|4
|
|upkeep
|turn|13
|
|t:|1659539584
|move|p2a: Clefable|Moonblast|p1a: Toxapex
|-resisted|p1a: Toxapex
|-damage|p1a: Toxapex|41/100
|move|p1a: Toxapex|Spite|p2a: Clefable
|-activate|p2a: Clefable|move: Spite|Moonblast|4
|
|upkeep
|turn|14
|j| samurott champloo
|j| Jimmy Powka
|j| Zirpurze
|j| whoghohou
|
|t:|1659539631
|move|p2a: Clefable|Moonblast|p1a: Toxapex
|-resisted|p1a: Toxapex
|-damage|p1a: Toxapex|31/100
|move|p1a: Toxapex|Spite|p2a: Clefable
|-activate|p2a: Clefable|move: Spite|Moonblast|4
|
|upkeep
|turn|15
|l| whoghohou
|j| Friends is ghosts
|
|t:|1659539640
|move|p2a: Clefable|Stealth Rock||[still]
|-fail|p2a: Clefable
|move|p1a: Toxapex|Recover|p1a: Toxapex
|-heal|p1a: Toxapex|81/100
|
|upkeep
|turn|16
|j| LT91BB 69
|j| ourghostingduties
|j| Empo1
|n| 11 fridge magnets|11fridgemagnets
|
|t:|1659539658
|move|p2a: Clefable|Stealth Rock||[still]
|-fail|p2a: Clefable
|move|p1a: Toxapex|Spite|p2a: Clefable
|-activate|p2a: Clefable|move: Spite|Stealth Rock|4
|
|upkeep
|turn|17
|
|t:|1659539661
|move|p2a: Clefable|Stealth Rock||[still]
|-fail|p2a: Clefable
|move|p1a: Toxapex|Spite|p2a: Clefable
|-activate|p2a: Clefable|move: Spite|Stealth Rock|4
|
|upkeep
|turn|18
|
|t:|1659539664
|move|p2a: Clefable|Stealth Rock||[still]
|-fail|p2a: Clefable
|move|p1a: Toxapex|Spite|p2a: Clefable
|-activate|p2a: Clefable|move: Spite|Stealth Rock|4
|
|upkeep
|turn|19
|
|t:|1659539666
|move|p2a: Clefable|Stealth Rock||[still]
|-fail|p2a: Clefable
|move|p1a: Toxapex|Spite|p2a: Clefable
|-activate|p2a: Clefable|move: Spite|Stealth Rock|4
|
|upkeep
|turn|20
|
|t:|1659539673
|move|p2a: Clefable|Stealth Rock||[still]
|-fail|p2a: Clefable
|move|p1a: Toxapex|Block||[still]
|-fail|p1a: Toxapex
|
|upkeep
|turn|21
|
|t:|1659539678
|move|p2a: Clefable|Stealth Rock||[still]
|-fail|p2a: Clefable
|move|p1a: Toxapex|Knock Off|p2a: Clefable
|-resisted|p2a: Clefable
|-damage|p2a: Clefable|91/100
|
|upkeep
|turn|22
|
|t:|1659539686
|move|p2a: Clefable|Knock Off|p1a: Toxapex
|-damage|p1a: Toxapex|73/100
|move|p1a: Toxapex|Knock Off|p2a: Clefable
|-resisted|p2a: Clefable
|-damage|p2a: Clefable|87/100
|
|upkeep
|turn|23
|
|t:|1659539693
|move|p2a: Clefable|Knock Off|p1a: Toxapex
|-damage|p1a: Toxapex|66/100
|move|p1a: Toxapex|Block||[still]
|-fail|p1a: Toxapex
|
|upkeep
|turn|24
|
|t:|1659539697
|move|p2a: Clefable|Knock Off|p1a: Toxapex
|-damage|p1a: Toxapex|59/100
|move|p1a: Toxapex|Block||[still]
|-fail|p1a: Toxapex
|
|upkeep
|turn|25
|
|t:|1659539703
|move|p2a: Clefable|Moonblast|p1a: Toxapex
|-resisted|p1a: Toxapex
|-damage|p1a: Toxapex|48/100
|move|p1a: Toxapex|Recover|p1a: Toxapex
|-heal|p1a: Toxapex|98/100
|
|upkeep
|turn|26
|j| lt91bb star
|c|☆j_albacino023|im bored
|-message|j_albacino023 forfeited.
|
|win|LT91BB MDB2
|raw|LT91BB MDB2's rating: 2054 &rarr; <strong>2069</strong><br />(+15 for winning)
|raw|j_albacino023's rating: 1971 &rarr; <strong>1956</strong><br />(-15 for losing)
|l|☆j_albacino023
|l|☆LT91BB MDB2
|l| LT91BB Livio
|j| irgendwasmitmeeem
|j| Prinz
|l|+pichus
|l| Prinz
|l| Zirpurze
|l| Jimmy Powka
|j| IPF
||Ladder isn't responding, score probably updated but might not have (Request timeout).
|l| regnite ◕‿◕
|l| IPF
|l| 11 fridge magnets
|l| YoSoyElxokas
|l| irgendwasmitmeeem
|j| Lt91bb quartos
|j| LT91BB Storm
|l| Lt91bb quartos
|l| rfgvbdtfgb
|l| samurott champloo
|l| Zokuru
|n| hump|lt91bb69
|j| Lt91bb quartos
|l| Lt91bb quartos
|j| horsehunter
|l| horsehunter
|l| LT91BB Empo
