|j|☆Dr. Elite
|j|☆RETURN NIRVANA
|inactive|Battle timer is ON: inactive players will automatically lose when time's up.
|t:|1650529933
|gametype|singles
|player|p1|Dr. Elite|#drelite|
|player|p2|RETURN NIRVANA|gambler-gen1|
|teamsize|p1|6
|teamsize|p2|6
|gen|8
|tier|[Gen 8] OU
|rated|Tournament battle
|rule|Sleep Clause Mod: Limit one foe put to sleep
|rule|Species Clause: Limit one of each Pokémon
|rule|OHKO Clause: OHKO moves are banned
|rule|Evasion Moves Clause: Evasion moves are banned
|rule|Endless Battle Clause: Forcing endless battles is banned
|rule|HP Percentage Mod: HP is shown in percentages
|rule|Dynamax Clause: You cannot dynamax
|clearpoke
|poke|p1|Primarina, F|
|poke|p1|Clefable, F|
|poke|p1|Togekiss, M|
|poke|p1|Hatterene, F|
|poke|p1|Ninetales-Alola, F|
|poke|p1|Klefki, F|
|poke|p2|Xurkitree|
|poke|p2|Ninetales-Alola, F|
|poke|p2|Heatran, F|
|poke|p2|Landorus-Therian, M|
|poke|p2|Kartana|
|poke|p2|Rillaboom, M|
|teampreview
|j| faunazon
|j| vkhss
|c|☆RETURN NIRVANA|bro do you not use any other team
|l| vkhss
|j| X-Wing Fighter
|c|☆Dr. Elite|I only have one team.
|j| Echo2615
|inactive|Dr. Elite has 120 seconds left.
|c| faunazon|you should be terrified of anyone who says that
|j|+storm zone
|c|☆Dr. Elite|No, you can relax.
|j| Prince Zenaku
|c|☆Dr. Elite|You got this.
|c|☆Dr. Elite|Just focus.
|c| Echo2615|u do not
|inactive|Dr. Elite has 90 seconds left.
|c| Echo2615|be worried
|c| X-Wing Fighter|why u speaking in proper grammar
|
|t:|1650529997
|start
|switch|p1a: Goodness|Klefki, F|100/100
|switch|p2a: Kartana|Kartana|100/100
|turn|1
|
|t:|1650530000
|switch|p2a: Landorus|Landorus-Therian, M|100/100
|-ability|p2a: Landorus|Intimidate|boost
|-unboost|p1a: Goodness|atk|1
|move|p1a: Goodness|Thunder Wave|p2a: Landorus
|-immune|p2a: Landorus
|
|upkeep
|turn|2
|
|t:|1650530006
|move|p1a: Goodness|Reflect|p1a: Goodness
|-sidestart|p1: Dr. Elite|Reflect
|move|p2a: Landorus|Earthquake|p1a: Goodness
|-supereffective|p1a: Goodness
|-damage|p1a: Goodness|53/100
|
|upkeep
|turn|3
|
|t:|1650530010
|switch|p1a: Patience|Hatterene, F|100/100
|move|p2a: Landorus|Earthquake|p1a: Patience
|-damage|p1a: Patience|80/100
|
|upkeep
|turn|4
|
|t:|1650530015
|switch|p2a: Heatran|Heatran, F|100/100
|-item|p2a: Heatran|Air Balloon
|move|p1a: Patience|Calm Mind|p1a: Patience
|-boost|p1a: Patience|spa|1
|-boost|p1a: Patience|spd|1
|
|upkeep
|turn|5
|
|t:|1650530018
|move|p2a: Heatran|Flash Cannon|p1a: Patience
|-supereffective|p1a: Patience
|-damage|p1a: Patience|19/100
|-enditem|p1a: Patience|Wiki Berry|[eat]
|-heal|p1a: Patience|51/100|[from] item: Wiki Berry
|move|p1a: Patience|Calm Mind|p1a: Patience
|-boost|p1a: Patience|spa|1
|-boost|p1a: Patience|spd|1
|
|upkeep
|turn|6
|
|t:|1650530021
|move|p2a: Heatran|Flash Cannon|p1a: Patience
|-supereffective|p1a: Patience
|-damage|p1a: Patience|6/100
|move|p1a: Patience|Trick Room|p1a: Patience
|-fieldstart|move: Trick Room|[of] p1a: Patience
|
|-sideend|p1: Dr. Elite|Reflect
|upkeep
|turn|7
|
|t:|1650530024
|move|p1a: Patience|Stored Power|p2a: Heatran
|-resisted|p2a: Heatran
|-damage|p2a: Heatran|58/100
|-enditem|p2a: Heatran|Air Balloon
|move|p2a: Heatran|Flash Cannon|p1a: Patience
|-supereffective|p1a: Patience
|-damage|p1a: Patience|0 fnt
|faint|p1a: Patience
|
|upkeep
|
|t:|1650530028
|switch|p1a: Love|Primarina, F|100/100
|turn|8
|
|t:|1650530030
|switch|p2a: Rillaboom|Rillaboom, M|100/100
|-fieldstart|move: Grassy Terrain|[from] ability: Grassy Surge|[of] p2a: Rillaboom
|move|p1a: Love|Scald|p2a: Rillaboom
|-resisted|p2a: Rillaboom
|-damage|p2a: Rillaboom|77/100
|
|-heal|p2a: Rillaboom|83/100|[from] Grassy Terrain
|upkeep
|turn|9
|
|t:|1650530035
|switch|p1a: Goodness|Klefki, F|53/100
|move|p2a: Rillaboom|Grassy Glide|p1a: Goodness
|-resisted|p1a: Goodness
|-damage|p1a: Goodness|28/100
|-damage|p2a: Rillaboom|73/100|[from] item: Life Orb
|
|-heal|p1a: Goodness|34/100|[from] Grassy Terrain
|-heal|p2a: Rillaboom|79/100|[from] Grassy Terrain
|upkeep
|turn|10
|
|t:|1650530041
|switch|p2a: Landorus|Landorus-Therian, M|100/100
|-ability|p2a: Landorus|Intimidate|boost
|-unboost|p1a: Goodness|atk|1
|move|p1a: Goodness|Switcheroo|p2a: Landorus
|-activate|p1a: Goodness|move: Trick|[of] p2a: Landorus
|-item|p2a: Landorus|Full Incense|[from] move: Switcheroo
|-item|p1a: Goodness|Rocky Helmet|[from] move: Switcheroo
|
|-heal|p1a: Goodness|40/100|[from] Grassy Terrain
|-fieldend|move: Trick Room
|upkeep
|turn|11
|
|t:|1650530045
|move|p1a: Goodness|Reflect|p1a: Goodness
|-sidestart|p1: Dr. Elite|Reflect
|move|p2a: Landorus|Knock Off|p1a: Goodness
|-resisted|p1a: Goodness
|-damage|p1a: Goodness|32/100
|-damage|p2a: Landorus|84/100|[from] item: Rocky Helmet|[of] p1a: Goodness
|-enditem|p1a: Goodness|Rocky Helmet|[from] move: Knock Off|[of] p2a: Landorus
|
|-heal|p1a: Goodness|38/100|[from] Grassy Terrain
|upkeep
|turn|12
|
|t:|1650530052
|switch|p1a: Peace|Togekiss, M|100/100
|move|p2a: Landorus|Defog|p1a: Peace
|-unboost|p1a: Peace|evasion|1
|-sideend|p1: Dr. Elite|Reflect
|-fieldend|move: Grassy Terrain
|
|upkeep
|turn|13
|
|t:|1650530058
|switch|p2a: Ninetales|Ninetales-Alola, F|100/100
|-weather|Hail|[from] ability: Snow Warning|[of] p2a: Ninetales
|move|p1a: Peace|Nasty Plot|p1a: Peace
|-boost|p1a: Peace|spa|2
|
|-weather|Hail|[upkeep]
|-damage|p1a: Peace|94/100|[from] Hail
|upkeep
|turn|14
|j| Grand Empress
|
|t:|1650530062
|move|p2a: Ninetales|Blizzard|p1a: Peace
|-supereffective|p1a: Peace
|-damage|p1a: Peace|17/100
|move|p1a: Peace|Flamethrower|p2a: Ninetales
|-supereffective|p2a: Ninetales
|-crit|p2a: Ninetales
|-damage|p2a: Ninetales|0 fnt
|faint|p2a: Ninetales
|
|-weather|Hail|[upkeep]
|-damage|p1a: Peace|11/100|[from] Hail
|upkeep
|
|t:|1650530065
|switch|p2a: Kartana|Kartana|100/100
|turn|15
|
|t:|1650530079
|move|p2a: Kartana|Smart Strike|p1a: Peace
|-supereffective|p1a: Peace
|-damage|p1a: Peace|0 fnt
|faint|p1a: Peace
|-ability|p2a: Kartana|Beast Boost|boost
|-boost|p2a: Kartana|atk|1
|
|-weather|Hail|[upkeep]
|-damage|p2a: Kartana|94/100|[from] Hail
|upkeep
|
|t:|1650530081
|switch|p1a: Goodness|Klefki, F|38/100
|turn|16
|
|t:|1650530094
|switch|p2a: Landorus|Landorus-Therian, M|84/100
|-ability|p2a: Landorus|Intimidate|boost
|-unboost|p1a: Goodness|atk|1
|move|p1a: Goodness|Reflect|p1a: Goodness
|-sidestart|p1: Dr. Elite|Reflect
|
|-weather|Hail|[upkeep]
|-damage|p2a: Landorus|78/100|[from] Hail
|-damage|p1a: Goodness|32/100|[from] Hail
|upkeep
|turn|17
|
|t:|1650530108
|switch|p1a: Love|Primarina, F|100/100
|move|p2a: Landorus|Defog|p1a: Love
|-unboost|p1a: Love|evasion|1
|-sideend|p1: Dr. Elite|Reflect
|
|-weather|none
|upkeep
|turn|18
|
|t:|1650530113
|move|p1a: Love|Scald|p2a: Landorus
|-supereffective|p2a: Landorus
|-damage|p2a: Landorus|0 fnt
|faint|p2a: Landorus
|
|upkeep
|
|t:|1650530117
|switch|p2a: Xurkitree|Xurkitree|100/100
|turn|19
|
|t:|1650530124
|move|p2a: Xurkitree|Zap Cannon|p1a: Love
|-supereffective|p1a: Love
|-damage|p1a: Love|0 fnt
|faint|p1a: Love
|-ability|p2a: Xurkitree|Beast Boost|boost
|-boost|p2a: Xurkitree|spa|1
|
|upkeep
|
|t:|1650530130
|switch|p1a: Goodness|Klefki, F|32/100
|turn|20
|
|t:|1650530135
|move|p1a: Goodness|Light Screen|p1a: Goodness
|-sidestart|p1: Dr. Elite|move: Light Screen
|move|p2a: Xurkitree|Zap Cannon|p1a: Goodness
|-damage|p1a: Goodness|0 fnt
|faint|p1a: Goodness
|-ability|p2a: Xurkitree|Beast Boost|boost
|-boost|p2a: Xurkitree|spa|1
|
|upkeep
|
|t:|1650530143
|switch|p1a: Kindness|Ninetales-Alola, F|100/100
|-weather|Hail|[from] ability: Snow Warning|[of] p1a: Kindness
|turn|21
|l|+storm zone
|
|t:|1650530148
|move|p1a: Kindness|Aurora Veil|p1a: Kindness
|-sidestart|p1: Dr. Elite|move: Aurora Veil
|move|p2a: Xurkitree|Zap Cannon|p1a: Kindness
|-damage|p1a: Kindness|0 fnt
|faint|p1a: Kindness
|-ability|p2a: Xurkitree|Beast Boost|boost
|-boost|p2a: Xurkitree|spa|1
|
|-weather|Hail|[upkeep]
|-damage|p2a: Xurkitree|94/100|[from] Hail
|upkeep
|
|t:|1650530151
|switch|p1a: Joy|Clefable, F|100/100
|turn|22
|j|+storm zone
|
|t:|1650530155
|move|p2a: Xurkitree|Zap Cannon|p1a: Joy
|-damage|p1a: Joy|0 fnt
|faint|p1a: Joy
|
|win|RETURN NIRVANA
|n|☆Dr. Elite|drelite
|n|☆RETURN NIRVANA|returnnirvana
|n| faunazon|faunazon
|n| X-Wing Fighter|xwingfighter
|n| Echo2615|echo2615
|n| Prince Zenaku|princezenaku
|n| Grand Empress|grandempress
|n| storm zone|stormzone
|c|☆Dr. Elite|Wonderful work.
|c|☆RETURN NIRVANA|zap cannon sweep
|c|☆RETURN NIRVANA|gg
|l| storm zone
|c|☆Dr. Elite|You did great.
|l|☆RETURN NIRVANA
|l| Prince Zenaku
|l| faunazon
|l|☆Dr. Elite
|l| Echo2615
