|j|☆RIPReckful
|j|☆Mimi Strdst Stan69
|inactive|Battle timer is ON: inactive players will automatically lose when time's up.
|t:|1643039991
|gametype|singles
|player|p1|RIPReckful|furisodegirl-black|
|player|p2|Mimi Strdst Stan69|dawn-gen4pt|
|teamsize|p1|6
|teamsize|p2|6
|gen|8
|tier|[Gen 8] OU
|rated|Tournament battle
|rule|Sleep Clause Mod: Limit one foe put to sleep
|rule|Species Clause: Limit one of each Pokémon
|rule|OHKO Clause: OHKO moves are banned
|rule|Evasion Moves Clause: Evasion moves are banned
|rule|Endless Battle Clause: Forcing endless battles is banned
|rule|HP Percentage Mod: HP is shown in percentages
|rule|Dynamax Clause: You cannot dynamax
|clearpoke
|poke|p1|Glastrier|
|poke|p1|Dragapult, F|
|poke|p1|Zapdos|
|poke|p1|Heatran, F|
|poke|p1|Landorus-Therian, M|
|poke|p1|Toxapex, F|
|poke|p2|Regice|
|poke|p2|Regidrago|
|poke|p2|Regieleki|
|poke|p2|Blacephalon|
|poke|p2|Regirock|
|poke|p2|Registeel|
|teampreview
|inactive|RIPReckful also wants the timer to be on.
|j| Freezerman2.22
|j|@azure nights
|c|☆Mimi Strdst Stan69|for the record i didnt open the paste
|c|@azure nights|sus blace
|j| Spectralized
|c|☆Mimi Strdst Stan69|but i brought this just in case
|c|☆RIPReckful|u can ifu want idc
|inactive|RIPReckful has 120 seconds left.
|inactive|Mimi Strdst Stan69 has 120 seconds left.
|c|@azure nights|glastrier teams look badass
|j| snsdlive
|c|@azure nights|only dons use that mon
|inactive|RIPReckful has 90 seconds left.
|c| Freezerman2.22|It's horseshit lol
|c|@azure nights|but
|c|@azure nights|it looks badass
|j| AlIoutdragadarts
|c| Freezerman2.22|that's tru
|c|@azure nights|also idk
|
|t:|1643040074
|start
|switch|p1a: Dragapult|Dragapult, F|100/100
|switch|p2a: micaham|Regidrago|100/100
|turn|1
|
|t:|1643040079
|switch|p1a: Toxapex|Toxapex, F|100/100
|move|p2a: micaham|Dragon Energy|p1a: Toxapex
|-damage|p1a: Toxapex|32/100
|-enditem|p1a: Toxapex|Eject Button
|c|@azure nights|i ran into someone using screens custap glast
|c|@azure nights|which is actually a rly cool idea
|c| Spectralized|oof
|inactive|RIPReckful has 120 seconds left.
|c| Spectralized|eject button?
|c| Spectralized|why
|inactive|RIPReckful has 90 seconds left.
|
|t:|1643040141
|switch|p1a: Heatran|Heatran, F|100/100
|
|upkeep
|turn|2
|inactive|RIPReckful has 90 seconds left.
|
|t:|1643040147
|switch|p2a: zReptar|Regirock|100/100
|move|p1a: Heatran|Earth Power|p2a: zReptar
|-supereffective|p2a: zReptar
|-damage|p2a: zReptar|50/100
|
|upkeep
|turn|3
|
|t:|1643040151
|move|p1a: Heatran|Earth Power|p2a: zReptar
|-supereffective|p2a: zReptar
|-damage|p2a: zReptar|0 fnt
|faint|p2a: zReptar
|
|upkeep
|
|t:|1643040155
|switch|p2a: Reg1g1gas|Blacephalon|100/100
|turn|4
|c| Spectralized|OH i thought it was red card for a second lol
|
|t:|1643040158
|move|p2a: Reg1g1gas|Shadow Ball|p1a: Heatran
|-damage|p1a: Heatran|59/100
|move|p1a: Heatran|Earth Power|p2a: Reg1g1gas
|-supereffective|p2a: Reg1g1gas
|-damage|p2a: Reg1g1gas|7/100
|
|-heal|p1a: Heatran|65/100|[from] item: Leftovers
|upkeep
|turn|5
|inactive|RIPReckful has 120 seconds left.
|inactive|RIPReckful has 90 seconds left.
|c|☆RIPReckful|sorry glastrier
|j| CD95Revenge
|
|t:|1643040199
|switch|p1a: Glastrier|Glastrier|100/100
|move|p2a: Reg1g1gas|Shadow Ball|p1a: Glastrier
|-damage|p1a: Glastrier|37/100
|
|upkeep
|turn|6
|inactive|RIPReckful has 90 seconds left.
|
|t:|1643040205
|move|p2a: Reg1g1gas|Shadow Ball|p1a: Glastrier
|-damage|p1a: Glastrier|0 fnt
|faint|p1a: Glastrier
|-ability|p2a: Reg1g1gas|Beast Boost|boost
|-boost|p2a: Reg1g1gas|spa|1
|
|upkeep
|inactive|RIPReckful has 90 seconds left.
|
|t:|1643040214
|switch|p1a: Dragapult|Dragapult, F|100/100
|turn|7
|
|t:|1643040217
|switch|p2a: knexhawk2|Regice|100/100
|move|p1a: Dragapult|U-turn|p2a: knexhawk2
|-damage|p2a: knexhawk2|81/100
|
|t:|1643040222
|switch|p1a: Heatran|Heatran, F|65/100|[from]move: U-turn
|
|-heal|p1a: Heatran|71/100|[from] item: Leftovers
|upkeep
|turn|8
|
|t:|1643040224
|move|p2a: knexhawk2|Focus Blast|p1a: Heatran
|-supereffective|p1a: Heatran
|-damage|p1a: Heatran|10/100
|-damage|p2a: knexhawk2|71/100|[from] item: Life Orb
|move|p1a: Heatran|Magma Storm|p2a: knexhawk2
|-supereffective|p2a: knexhawk2
|-damage|p2a: knexhawk2|18/100
|-activate|p2a: knexhawk2|move: Magma Storm|[of] p1a: Heatran
|
|-heal|p1a: Heatran|17/100|[from] item: Leftovers
|-damage|p2a: knexhawk2|6/100|[from] move: Magma Storm|[partiallytrapped]
|upkeep
|turn|9
|
|t:|1643040230
|move|p2a: knexhawk2|Thunder|p1a: Heatran
|-damage|p1a: Heatran|0 fnt
|faint|p1a: Heatran
|-damage|p2a: knexhawk2|0 fnt|[from] item: Life Orb
|faint|p2a: knexhawk2
|
|upkeep
|inactive|RIPReckful has 120 seconds left.
|
|t:|1643040236
|switch|p2a: micaham|Regidrago|100/100
|switch|p1a: Toxapex|Toxapex, F|65/100
|turn|10
|c| Spectralized|dang
|c|☆RIPReckful|now i lose
|c| Spectralized|regi team putting in some work
|inactive|RIPReckful has 120 seconds left.
|
|t:|1643040251
|switch|p1a: Zapdos|Zapdos|100/100
|move|p2a: micaham|Dragon Energy|p1a: Zapdos
|-damage|p1a: Zapdos|7/100
|
|upkeep
|turn|11
|
|t:|1643040257
|move|p2a: micaham|Dragon Energy|p1a: Zapdos
|-damage|p1a: Zapdos|0 fnt
|faint|p1a: Zapdos
|
|upkeep
|
|t:|1643040259
|switch|p1a: Toxapex|Toxapex, F|99/100
|turn|12
|
|t:|1643040262
|switch|p2a: Weaselfie|Regieleki|100/100
|move|p1a: Toxapex|Knock Off|p2a: Weaselfie
|-damage|p2a: Weaselfie|73/100
|-enditem|p2a: Weaselfie|Choice Specs|[from] move: Knock Off|[of] p1a: Toxapex
|
|upkeep
|turn|13
|
|t:|1643040267
|switch|p2a: Reg1g1gas|Blacephalon|7/100
|switch|p1a: Landorus|Landorus-Therian, M|100/100
|-ability|p1a: Landorus|Intimidate|boost
|-unboost|p2a: Reg1g1gas|atk|1
|
|upkeep
|turn|14
|
|t:|1643040272
|move|p2a: Reg1g1gas|Shadow Ball|p1a: Landorus
|-damage|p1a: Landorus|48/100
|move|p1a: Landorus|U-turn|p2a: Reg1g1gas
|-resisted|p2a: Reg1g1gas
|-damage|p2a: Reg1g1gas|0 fnt
|faint|p2a: Reg1g1gas
|
|t:|1643040275
|switch|p1a: Toxapex|Toxapex, F|100/100|[from]move: U-turn
|
|upkeep
|
|t:|1643040278
|switch|p2a: Weaselfie|Regieleki|73/100
|turn|15
|
|t:|1643040282
|switch|p2a: micaham|Regidrago|100/100
|switch|p1a: Landorus|Landorus-Therian, M|48/100
|-ability|p1a: Landorus|Intimidate|boost
|-unboost|p2a: micaham|atk|1
|
|-heal|p1a: Landorus|54/100|[from] item: Leftovers
|upkeep
|turn|16
|
|t:|1643040287
|switch|p1a: Dragapult|Dragapult, F|100/100
|move|p2a: micaham|Dragon Energy|p1a: Dragapult
|-supereffective|p1a: Dragapult
|-damage|p1a: Dragapult|0 fnt
|faint|p1a: Dragapult
|
|upkeep
|
|t:|1643040290
|switch|p1a: Toxapex|Toxapex, F|100/100
|turn|17
|
|t:|1643040296
|switch|p1a: Landorus|Landorus-Therian, M|54/100
|-ability|p1a: Landorus|Intimidate|boost
|-unboost|p2a: micaham|atk|1
|move|p2a: micaham|Dragon Energy|p1a: Landorus
|-damage|p1a: Landorus|0 fnt
|faint|p1a: Landorus
|
|upkeep
|c|☆RIPReckful|gg
|c|☆Mimi Strdst Stan69|gg
|
|t:|1643040300
|switch|p1a: Toxapex|Toxapex, F|100/100
|turn|18
|
|t:|1643040303
|move|p2a: micaham|Dragon Energy|p1a: Toxapex
|-damage|p1a: Toxapex|33/100
|move|p1a: Toxapex|Knock Off|p2a: micaham
|-damage|p2a: micaham|86/100
|-enditem|p2a: micaham|Choice Scarf|[from] move: Knock Off|[of] p1a: Toxapex
|
|upkeep
|turn|19
|
|t:|1643040306
|move|p2a: micaham|Dragon Energy|p1a: Toxapex
|-damage|p1a: Toxapex|0 fnt
|faint|p1a: Toxapex
|
|win|Mimi Strdst Stan69
|n|☆RIPReckful|ripreckful
|n|☆Mimi Strdst Stan69|mimistrdststan69
|n| Freezerman2.22|freezerman222
|n|+azure nights|azurenights
|n| Spectralized|spectralized
|n| snsdlive|snsdlive
|n| AlIoutdragadarts|alioutdragadarts
|n| CD95Revenge|cd95revenge
|l| Spectralized
|l| snsdlive
|l|☆RIPReckful
|l| CD95Revenge
