|j|☆ezwz
|j|☆Captain Mantime
|inactive|Battle timer is ON: inactive players will automatically lose when time's up.
|t:|1610417187
|player|p1|ezwz|youngster-gen4|
|player|p2|Captain Mantime|pilot|
|teamsize|p1|6
|teamsize|p2|6
|gametype|singles
|gen|8
|tier|[Gen 8] OU
|rated|Tournament battle
|clearpoke
|poke|p1|Hippowdon, F|
|poke|p1|Excadrill, M|
|poke|p1|Ferrothorn, M|
|poke|p1|Toxapex, F|
|poke|p1|Spectrier|
|poke|p1|Mandibuzz, F|
|poke|p2|Dracozolt|
|poke|p2|Corviknight, M|
|poke|p2|Excadrill, M|
|poke|p2|Latias, F|
|poke|p2|Tyranitar, M|
|poke|p2|Clefable, F|
|rule|Sleep Clause Mod: Limit one foe put to sleep
|rule|Species Clause: Limit one of each Pokémon
|rule|OHKO Clause: OHKO moves are banned
|rule|Evasion Moves Clause: Evasion moves are banned
|rule|Endless Battle Clause: Forcing endless battles is banned
|rule|HP Percentage Mod: HP is shown in percentages
|rule|Dynamax Clause: You cannot dynamax
|teampreview
|j| 8IU
|c|☆Captain Mantime|gl hf
|j| xxduminduxx
|c|☆ezwz|glhf
|j| Mel0nL0rd
|c| 8IU|test
|j| Hehe67
|
|t:|1610417237
|start
|switch|p1a: Hippowdon|Hippowdon, F|100/100
|switch|p2a: Latias|Latias, F, shiny|100/100
|-weather|Sandstorm|[from] ability: Sand Stream|[of] p1a: Hippowdon
|turn|1
|j| assddff
|
|t:|1610417255
|move|p2a: Latias|Trick|p1a: Hippowdon
|-activate|p2a: Latias|move: Trick|[of] p1a: Hippowdon
|-item|p1a: Hippowdon|Ring Target|[from] move: Trick
|-item|p2a: Latias|Smooth Rock|[from] move: Trick
|move|p1a: Hippowdon|Toxic|p2a: Latias
|-status|p2a: Latias|tox
|
|-weather|Sandstorm|[upkeep]
|-damage|p2a: Latias|95/100 tox|[from] Sandstorm
|-damage|p2a: Latias|89/100 tox|[from] psn
|upkeep
|turn|2
|j| Bloody alfa
|c| Mel0nL0rd|oop
|j|@Skypenguin
|
|t:|1610417273
|switch|p2a: Corviknight|Corviknight, M, shiny|100/100
|-ability|p2a: Corviknight|Pressure
|move|p1a: Hippowdon|Stealth Rock|p2a: Corviknight
|-sidestart|p2: Captain Mantime|move: Stealth Rock
|
|-weather|Sandstorm|[upkeep]
|upkeep
|turn|3
|c|☆ezwz|ring target aight then
|j| volte
|c| Mel0nL0rd|dracozolt stuff
|
|t:|1610417283
|switch|p1a: Spectrier|Spectrier|100/100
|move|p2a: Corviknight|Defog|p1a: Spectrier
|-unboost|p1a: Spectrier|evasion|1
|-sideend|p2: Captain Mantime|Stealth Rock|[from] move: Defog|[of] p2a: Corviknight
|
|-weather|Sandstorm|[upkeep]
|-damage|p1a: Spectrier|94/100|[from] Sandstorm
|-heal|p1a: Spectrier|100/100|[from] item: Leftovers
|upkeep
|turn|4
|l| Hehe67
|c| 8IU|bolt beak still does less
|c| Mel0nL0rd|wat about excadrill tho
|
|t:|1610417306
|switch|p2a: Tyranitar|Tyranitar, M|100/100
|move|p1a: Spectrier|Will-O-Wisp|p2a: Tyranitar
|-status|p2a: Tyranitar|brn
|
|-weather|Sandstorm|[upkeep]
|-damage|p1a: Spectrier|94/100|[from] Sandstorm
|-heal|p1a: Spectrier|100/100|[from] item: Leftovers
|-damage|p2a: Tyranitar|94/100 brn|[from] brn
|upkeep
|turn|5
|
|t:|1610417320
|switch|p1a: Ferrothorn|Ferrothorn, M|100/100
|switch|p2a: Clefable|Clefable, F|100/100
|
|-weather|Sandstorm|[upkeep]
|-damage|p2a: Clefable|94/100|[from] Sandstorm
|-heal|p2a: Clefable|100/100|[from] item: Leftovers
|upkeep
|turn|6
|
|t:|1610417326
|switch|p1a: Toxapex|Toxapex, F|100/100
|move|p2a: Clefable|Aromatherapy|p2a: Clefable
|-activate|p2a: Clefable|move: Aromatherapy
|-curestatus|p2: Latias|tox|[msg]
|-curestatus|p2: Tyranitar|brn|[msg]
|
|-weather|Sandstorm|[upkeep]
|-damage|p2a: Clefable|94/100|[from] Sandstorm
|-damage|p1a: Toxapex|94/100|[from] Sandstorm
|-heal|p2a: Clefable|100/100|[from] item: Leftovers
|upkeep
|turn|7
|
|t:|1610417340
|switch|p2a: Dracozolt|Dracozolt, shiny|100/100
|move|p1a: Toxapex|Knock Off|p2a: Dracozolt
|-damage|p2a: Dracozolt|79/100
|-enditem|p2a: Dracozolt|Life Orb|[from] move: Knock Off|[of] p1a: Toxapex
|
|-weather|Sandstorm|[upkeep]
|-damage|p1a: Toxapex|88/100|[from] Sandstorm
|upkeep
|turn|8
|c|@Skypenguin|why do people use aromatherapy
|inactive|ezwz has 120 seconds left.
|c|@Skypenguin|no fear of ditto + mr mime
|inactive|Captain Mantime has 120 seconds left.
|c|☆Captain Mantime|what do ditto and mr mime do
|j| Hehe67
|c|@Skypenguin|well kommo gets soundproof actually
|c|@Skypenguin|if ditto copies clef
|c| assddff|heal bell right
|c|@Skypenguin|it can't heal soundproof mons with heal bell
|c|@Skypenguin|so it's a superior move
|c| assddff|nah lance said that about how heal bell is better than aromatherapy
|c|☆Captain Mantime|ohhhh
|inactive|Captain Mantime has 90 seconds left.
|c|@Skypenguin|like roost > recover on lati
|c| assddff|but i think he was wrong
|c|☆Captain Mantime|intresting
|
|t:|1610417422
|switch|p1a: Excadrill|Excadrill, M|100/100
|move|p2a: Dracozolt|Substitute|p2a: Dracozolt
|-start|p2a: Dracozolt|Substitute
|-damage|p2a: Dracozolt|54/100
|
|-weather|none
|upkeep
|turn|9
|c| assddff|soundproof doesn't actually work against heal bell
|c|@Skypenguin|wait
|c|@Skypenguin|i've been lied to?
|inactive|ezwz has 90 seconds left.
|
|t:|1610417441
|switch|p1a: Hippowdon|Hippowdon, F|100/100
|-weather|Sandstorm|[from] ability: Sand Stream|[of] p1a: Hippowdon
|move|p2a: Dracozolt|Fire Blast|p1a: Hippowdon
|-damage|p1a: Hippowdon|80/100
|
|-weather|Sandstorm|[upkeep]
|upkeep
|turn|10
|c|@Skypenguin|wtf
|c| assddff|maybe
|inactive|Captain Mantime has 90 seconds left.
|
|t:|1610417450
|move|p2a: Dracozolt|Bolt Beak|p1a: Hippowdon
|-damage|p1a: Hippowdon|24/100
|move|p1a: Hippowdon|Slack Off|p1a: Hippowdon
|-heal|p1a: Hippowdon|74/100
|
|-weather|Sandstorm|[upkeep]
|upkeep
|turn|11
|c| assddff|thats what i read somewhere
|l| assddff
|
|t:|1610417507
|move|p2a: Dracozolt|Bolt Beak|p1a: Hippowdon
|-damage|p1a: Hippowdon|21/100
|move|p1a: Hippowdon|Slack Off|p1a: Hippowdon
|-heal|p1a: Hippowdon|71/100
|
|-weather|Sandstorm|[upkeep]
|upkeep
|turn|12
|c|@Skypenguin|assddff can you chal; can't open ps in another browser fsr
|
|t:|1610417521
|switch|p1a: Excadrill|Excadrill, M|100/100
|move|p2a: Dracozolt|Fire Blast|p1a: Excadrill
|-supereffective|p1a: Excadrill
|-damage|p1a: Excadrill|30/100
|
|-weather|Sandstorm|[upkeep]
|-heal|p1a: Excadrill|36/100|[from] item: Leftovers
|upkeep
|turn|13
|c| 8IU|we aint got time i drive my demons out out my mind
|c|@Skypenguin|just use anything
|
|t:|1610417573
|move|p1a: Excadrill|Earthquake|p2a: Dracozolt
|-supereffective|p2a: Dracozolt
|-end|p2a: Dracozolt|Substitute
|move|p2a: Dracozolt|Fire Blast|p1a: Excadrill
|-supereffective|p1a: Excadrill
|-damage|p1a: Excadrill|0 fnt
|faint|p1a: Excadrill
|
|-weather|none
|upkeep
|
|t:|1610417582
|switch|p1a: Spectrier|Spectrier|100/100
|turn|14
|
|t:|1610417586
|switch|p2a: Tyranitar|Tyranitar, M|94/100
|-weather|Sandstorm|[from] ability: Sand Stream|[of] p2a: Tyranitar
|move|p1a: Spectrier|Will-O-Wisp|p2a: Tyranitar
|-status|p2a: Tyranitar|brn
|
|-weather|Sandstorm|[upkeep]
|-damage|p1a: Spectrier|94/100|[from] Sandstorm
|-heal|p1a: Spectrier|100/100|[from] item: Leftovers
|-damage|p2a: Tyranitar|88/100 brn|[from] brn
|upkeep
|turn|15
|j| assddff
|inactive|ezwz has 120 seconds left.
|
|t:|1610417595
|switch|p1a: Ferrothorn|Ferrothorn, M|100/100
|move|p2a: Tyranitar|Stealth Rock|p1a: Ferrothorn
|-sidestart|p1: ezwz|move: Stealth Rock
|
|-weather|Sandstorm|[upkeep]
|-damage|p2a: Tyranitar|82/100 brn|[from] brn
|upkeep
|turn|16
|inactive|Captain Mantime has 120 seconds left.
|
|t:|1610417613
|switch|p2a: Latias|Latias, F, shiny|89/100
|move|p1a: Ferrothorn|Spikes|p2a: Latias
|-sidestart|p2: Captain Mantime|Spikes
|
|-weather|Sandstorm|[upkeep]
|-damage|p2a: Latias|83/100|[from] Sandstorm
|upkeep
|turn|17
|inactive|ezwz has 120 seconds left.
|
|t:|1610417655
|move|p2a: Latias|Mystical Fire|p1a: Ferrothorn
|-supereffective|p1a: Ferrothorn
|-damage|p1a: Ferrothorn|22/100
|-unboost|p1a: Ferrothorn|spa|1
|move|p1a: Ferrothorn|Leech Seed|p2a: Latias
|-start|p2a: Latias|move: Leech Seed
|
|-weather|Sandstorm|[upkeep]
|-damage|p2a: Latias|77/100|[from] Sandstorm
|-heal|p1a: Ferrothorn|28/100|[from] item: Leftovers
|-damage|p2a: Latias|64/100|[from] Leech Seed|[of] p1a: Ferrothorn
|-heal|p1a: Ferrothorn|39/100|[silent]
|upkeep
|turn|18
|
|t:|1610417669
|switch|p2a: Dracozolt|Dracozolt, shiny|54/100
|-damage|p2a: Dracozolt|42/100|[from] Spikes
|switch|p1a: Hippowdon|Hippowdon, F|71/100
|-damage|p1a: Hippowdon|65/100|[from] Stealth Rock
|
|-weather|Sandstorm|[upkeep]
|upkeep
|turn|19
|
|t:|1610417684
|switch|p2a: Latias|Latias, F, shiny|64/100
|move|p1a: Hippowdon|Earthquake|p2a: Latias
|-immune|p2a: Latias|[from] ability: Levitate
|
|-weather|Sandstorm|[upkeep]
|-damage|p2a: Latias|58/100|[from] Sandstorm
|upkeep
|turn|20
|
|t:|1610417701
|move|p2a: Latias|Mystical Fire|p1a: Hippowdon
|-damage|p1a: Hippowdon|49/100
|-unboost|p1a: Hippowdon|spa|1
|move|p1a: Hippowdon|Slack Off|p1a: Hippowdon
|-heal|p1a: Hippowdon|99/100
|
|-weather|Sandstorm|[upkeep]
|-damage|p2a: Latias|52/100|[from] Sandstorm
|upkeep
|turn|21
|l|assddff
|c|@Skypenguin|i just tested and soundproof doesn't matter
|j| xgqacy
|
|t:|1610417716
|move|p2a: Latias|Psychic|p1a: Hippowdon
|-crit|p1a: Hippowdon
|-damage|p1a: Hippowdon|56/100
|move|p1a: Hippowdon|Stealth Rock|p2a: Latias
|-sidestart|p2: Captain Mantime|move: Stealth Rock
|
|-weather|none
|upkeep
|turn|22
|
|t:|1610417732
|switch|p2a: Corviknight|Corviknight, M, shiny|100/100
|-damage|p2a: Corviknight|88/100|[from] Stealth Rock
|-ability|p2a: Corviknight|Pressure
|move|p1a: Hippowdon|Slack Off|p1a: Hippowdon
|-heal|p1a: Hippowdon|100/100
|
|upkeep
|turn|23
|
|t:|1610417778
|move|p2a: Corviknight|Defog|p1a: Hippowdon
|-unboost|p1a: Hippowdon|evasion|1
|-sideend|p1: ezwz|Stealth Rock|[from] move: Defog|[of] p2a: Corviknight
|-sideend|p2: Captain Mantime|Spikes|[from] move: Defog|[of] p2a: Corviknight
|-sideend|p2: Captain Mantime|Stealth Rock|[from] move: Defog|[of] p2a: Corviknight
|move|p1a: Hippowdon|Stealth Rock|p2a: Corviknight
|-sidestart|p2: Captain Mantime|move: Stealth Rock
|
|upkeep
|turn|24
|
|t:|1610417796
|switch|p1a: Spectrier|Spectrier|100/100
|move|p2a: Corviknight|Defog|p1a: Spectrier
|-unboost|p1a: Spectrier|evasion|1
|-sideend|p2: Captain Mantime|Stealth Rock|[from] move: Defog|[of] p2a: Corviknight
|
|upkeep
|turn|25
|
|t:|1610417805
|switch|p2a: Tyranitar|Tyranitar, M|82/100 brn
|-weather|Sandstorm|[from] ability: Sand Stream|[of] p2a: Tyranitar
|move|p1a: Spectrier|Hex|p2a: Tyranitar
|-resisted|p2a: Tyranitar
|-damage|p2a: Tyranitar|67/100 brn
|
|-weather|Sandstorm|[upkeep]
|-damage|p1a: Spectrier|94/100|[from] Sandstorm
|-heal|p1a: Spectrier|100/100|[from] item: Leftovers
|-damage|p2a: Tyranitar|61/100 brn|[from] brn
|upkeep
|turn|26
|
|t:|1610417811
|switch|p1a: Ferrothorn|Ferrothorn, M|39/100
|move|p2a: Tyranitar|Stealth Rock|p1a: Ferrothorn
|-sidestart|p1: ezwz|move: Stealth Rock
|
|-weather|Sandstorm|[upkeep]
|-heal|p1a: Ferrothorn|45/100|[from] item: Leftovers
|-damage|p2a: Tyranitar|55/100 brn|[from] brn
|upkeep
|turn|27
|j| Shitpoststatuts pn
|inactive|Captain Mantime has 120 seconds left.
|
|t:|1610417818
|switch|p2a: Dracozolt|Dracozolt, shiny|42/100
|move|p1a: Ferrothorn|Leech Seed|p2a: Dracozolt
|-start|p2a: Dracozolt|move: Leech Seed
|
|-weather|Sandstorm|[upkeep]
|-heal|p1a: Ferrothorn|51/100|[from] item: Leftovers
|-damage|p2a: Dracozolt|29/100|[from] Leech Seed|[of] p1a: Ferrothorn
|-heal|p1a: Ferrothorn|63/100|[silent]
|upkeep
|turn|28
|inactive|Captain Mantime has 120 seconds left.
|j| venson04
|
|t:|1610417850
|switch|p2a: Latias|Latias, F, shiny|52/100
|switch|p1a: Hippowdon|Hippowdon, F|100/100
|-damage|p1a: Hippowdon|94/100|[from] Stealth Rock
|
|-weather|Sandstorm|[upkeep]
|-damage|p2a: Latias|46/100|[from] Sandstorm
|upkeep
|turn|29
|inactive|Captain Mantime has 120 seconds left.
|
|t:|1610417872
|switch|p2a: Excadrill|Excadrill, M|100/100
|-item|p2a: Excadrill|Air Balloon
|move|p1a: Hippowdon|Toxic|p2a: Excadrill
|-immune|p2a: Excadrill
|
|-weather|Sandstorm|[upkeep]
|upkeep
|turn|30
|inactive|Captain Mantime has 120 seconds left.
|
|t:|1610417878
|switch|p1a: Mandibuzz|Mandibuzz, F|100/100
|move|p2a: Excadrill|Swords Dance|p2a: Excadrill
|-boost|p2a: Excadrill|atk|2
|
|-weather|Sandstorm|[upkeep]
|upkeep
|turn|31
|
|t:|1610417882
|move|p2a: Excadrill|Rock Slide|p1a: Mandibuzz
|-supereffective|p1a: Mandibuzz
|-damage|p1a: Mandibuzz|41/100
|move|p1a: Mandibuzz|Foul Play|p2a: Excadrill
|-damage|p2a: Excadrill|0 fnt
|-enditem|p2a: Excadrill|Air Balloon
|faint|p2a: Excadrill
|
|-weather|Sandstorm|[upkeep]
|upkeep
|
|t:|1610417889
|switch|p2a: Dracozolt|Dracozolt, shiny|29/100
|turn|32
|
|t:|1610417897
|move|p2a: Dracozolt|Bolt Beak|p1a: Mandibuzz
|-supereffective|p1a: Mandibuzz
|-damage|p1a: Mandibuzz|0 fnt
|faint|p1a: Mandibuzz
|
|-weather|none
|upkeep
|
|t:|1610417902
|switch|p1a: Spectrier|Spectrier|100/100
|-damage|p1a: Spectrier|88/100|[from] Stealth Rock
|turn|33
|
|t:|1610417928
|switch|p2a: Clefable|Clefable, F|100/100
|move|p1a: Spectrier|Hex|p2a: Clefable
|-damage|p2a: Clefable|69/100
|
|-heal|p1a: Spectrier|94/100|[from] item: Leftovers
|-heal|p2a: Clefable|75/100|[from] item: Leftovers
|upkeep
|turn|34
|
|t:|1610417946
|switch|p1a: Hippowdon|Hippowdon, F|94/100
|-damage|p1a: Hippowdon|88/100|[from] Stealth Rock
|-weather|Sandstorm|[from] ability: Sand Stream|[of] p1a: Hippowdon
|move|p2a: Clefable|Aromatherapy|p2a: Clefable
|-activate|p2a: Clefable|move: Aromatherapy
|-curestatus|p2: Tyranitar|brn|[msg]
|
|-weather|Sandstorm|[upkeep]
|-damage|p2a: Clefable|69/100|[from] Sandstorm
|-heal|p2a: Clefable|75/100|[from] item: Leftovers
|upkeep
|turn|35
|inactive|Captain Mantime has 120 seconds left.
|
|t:|1610417977
|switch|p2a: Corviknight|Corviknight, M, shiny|88/100
|-ability|p2a: Corviknight|Pressure
|move|p1a: Hippowdon|Stealth Rock|p2a: Corviknight
|-sidestart|p2: Captain Mantime|move: Stealth Rock
|
|-weather|Sandstorm|[upkeep]
|upkeep
|turn|36
|inactive|Captain Mantime has 120 seconds left.
|
|t:|1610417990
|move|p2a: Corviknight|Defog|p1a: Hippowdon
|-unboost|p1a: Hippowdon|evasion|1
|-sideend|p1: ezwz|Stealth Rock|[from] move: Defog|[of] p2a: Corviknight
|-sideend|p2: Captain Mantime|Stealth Rock|[from] move: Defog|[of] p2a: Corviknight
|move|p1a: Hippowdon|Stealth Rock|p2a: Corviknight
|-sidestart|p2: Captain Mantime|move: Stealth Rock
|
|-weather|Sandstorm|[upkeep]
|upkeep
|turn|37
|inactive|Captain Mantime has 120 seconds left.
|
|t:|1610417995
|switch|p1a: Spectrier|Spectrier|94/100
|move|p2a: Corviknight|Defog|p1a: Spectrier
|-unboost|p1a: Spectrier|evasion|1
|-sideend|p2: Captain Mantime|Stealth Rock|[from] move: Defog|[of] p2a: Corviknight
|
|-weather|Sandstorm|[upkeep]
|-damage|p1a: Spectrier|88/100|[from] Sandstorm
|-heal|p1a: Spectrier|94/100|[from] item: Leftovers
|upkeep
|turn|38
|l| Shitpoststatuts pn
|
|t:|1610417999
|switch|p2a: Tyranitar|Tyranitar, M|55/100
|move|p1a: Spectrier|Will-O-Wisp|p2a: Tyranitar|[miss]
|-miss|p1a: Spectrier|p2a: Tyranitar
|
|-weather|none
|-heal|p1a: Spectrier|100/100|[from] item: Leftovers
|upkeep
|turn|39
|inactive|Captain Mantime has 120 seconds left.
|
|t:|1610418020
|switch|p1a: Ferrothorn|Ferrothorn, M|63/100
|switch|p2a: Latias|Latias, F, shiny|46/100
|
|-heal|p1a: Ferrothorn|69/100|[from] item: Leftovers
|upkeep
|turn|40
|inactive|Captain Mantime has 120 seconds left.
|
|t:|1610418047
|switch|p1a: Hippowdon|Hippowdon, F|88/100
|-weather|Sandstorm|[from] ability: Sand Stream|[of] p1a: Hippowdon
|move|p2a: Latias|Healing Wish|p2a: Latias
|faint|p2a: Latias
|
|-weather|Sandstorm|[upkeep]
|upkeep
|
|t:|1610418055
|switch|p2a: Dracozolt|Dracozolt, shiny|29/100
|-heal|p2a: Dracozolt|100/100|[from] move: Healing Wish
|turn|41
|
|t:|1610418065
|move|p2a: Dracozolt|Bolt Beak|p1a: Hippowdon
|-damage|p1a: Hippowdon|39/100
|move|p1a: Hippowdon|Earthquake|p2a: Dracozolt
|-supereffective|p2a: Dracozolt
|-damage|p2a: Dracozolt|6/100
|
|-weather|Sandstorm|[upkeep]
|upkeep
|turn|42
|l| Hehe67
|inactive|Captain Mantime has 90 seconds left.
|
|t:|1610418098
|switch|p2a: Clefable|Clefable, F|75/100
|move|p1a: Hippowdon|Earthquake|p2a: Clefable
|-damage|p2a: Clefable|46/100
|
|-weather|Sandstorm|[upkeep]
|-damage|p2a: Clefable|40/100|[from] Sandstorm
|-heal|p2a: Clefable|46/100|[from] item: Leftovers
|upkeep
|turn|43
|inactive|Captain Mantime has 90 seconds left.
|c|☆Captain Mantime|i fucked that one up
|c|☆Captain Mantime|gg
|c|☆ezwz|gg
|-message|Captain Mantime forfeited.
|
|win|ezwz
|n|☆ezwz|ezwz
|n|☆Captain Mantime|captainmantime
|n| 8IU|8iu
|n| xxduminduxx|xxduminduxx
|n| Mel0nL0rd|mel0nl0rd
|n| Bloody alfa|bloodyalfa
|n| Skypenguin|skypenguin
|n| volte|volte
|n| xgqacy|xgqacy
|n| venson04|venson04
