|j|☆chansey and lulu
|j|☆d18l
|t:|1663381131
|gametype|singles
|player|p1|chansey and lulu|hooligans|1680
|player|p2|d18l|backpacker|1741
|teamsize|p1|6
|teamsize|p2|6
|gen|8
|tier|[Gen 8] OU
|rated|
|rule|Sleep Clause Mod: Limit one foe put to sleep
|rule|Species Clause: Limit one of each Pokémon
|rule|OHKO Clause: OHKO moves are banned
|rule|Evasion Items Clause: Evasion items are banned
|rule|Evasion Moves Clause: Evasion moves are banned
|rule|Endless Battle Clause: Forcing endless battles is banned
|rule|HP Percentage Mod: HP is shown in percentages
|rule|Dynamax Clause: You cannot dynamax
|clearpoke
|poke|p1|Garchomp, F|
|poke|p1|Ferrothorn, F|
|poke|p1|Clefable, M|
|poke|p1|Rotom-Wash|
|poke|p1|Tornadus-Therian, M|
|poke|p1|Weavile, F|
|poke|p2|Tapu Koko|
|poke|p2|Victini|
|poke|p2|Landorus-Therian, M|
|poke|p2|Tornadus-Therian, M|
|poke|p2|Rotom-Wash|
|poke|p2|Ferrothorn, F|
|teampreview
|
|t:|1663381148
|start
|switch|p1a: Rotom|Rotom-Wash|100/100
|switch|p2a: Tapu Koko|Tapu Koko|100/100
|-fieldstart|move: Electric Terrain|[from] ability: Electric Surge|[of] p2a: Tapu Koko
|turn|1
|
|t:|1663381155
|move|p2a: Tapu Koko|Volt Switch|p1a: Rotom
|-damage|p1a: Rotom|52/100
|
|t:|1663381169
|switch|p2a: Rotom|Rotom-Wash|100/100|[from]move: Volt Switch
|move|p1a: Rotom|Pain Split|p2a: Rotom
|-sethp|p2a: Rotom|76/100|[from] move: Pain Split|[silent]
|-sethp|p1a: Rotom|76/100|[from] move: Pain Split
|
|-heal|p1a: Rotom|82/100|[from] item: Leftovers
|-heal|p2a: Rotom|82/100|[from] item: Leftovers
|upkeep
|turn|2
|
|t:|1663381179
|move|p1a: Rotom|Volt Switch|p2a: Rotom
|-damage|p2a: Rotom|56/100
|
|t:|1663381186
|switch|p1a: Ferrothorn|Ferrothorn, F|100/100|[from]move: Volt Switch
|move|p2a: Rotom|Will-O-Wisp|p1a: Ferrothorn
|-status|p1a: Ferrothorn|brn
|
|-heal|p2a: Rotom|62/100|[from] item: Leftovers
|-damage|p1a: Ferrothorn|95/100 brn|[from] brn
|upkeep
|turn|3
|
|t:|1663381196
|move|p2a: Rotom|Volt Switch|p1a: Ferrothorn
|-resisted|p1a: Ferrothorn
|-damage|p1a: Ferrothorn|84/100 brn
|
|t:|1663381198
|switch|p2a: Tornadus|Tornadus-Therian, M|100/100|[from]move: Volt Switch
|move|p1a: Ferrothorn|Knock Off|p2a: Tornadus
|-damage|p2a: Tornadus|90/100
|-enditem|p2a: Tornadus|Assault Vest|[from] move: Knock Off|[of] p1a: Ferrothorn
|
|-heal|p1a: Ferrothorn|90/100 brn|[from] item: Leftovers
|-damage|p1a: Ferrothorn|84/100 brn|[from] brn
|upkeep
|turn|4
|
|t:|1663381212
|switch|p1a: Rotom|Rotom-Wash|82/100
|move|p2a: Tornadus|Heat Wave|p1a: Rotom
|-resisted|p1a: Rotom
|-damage|p1a: Rotom|73/100
|
|-heal|p1a: Rotom|79/100|[from] item: Leftovers
|upkeep
|turn|5
|
|t:|1663381221
|move|p2a: Tornadus|Knock Off|p1a: Rotom
|-damage|p1a: Rotom|58/100
|-enditem|p1a: Rotom|Leftovers|[from] move: Knock Off|[of] p2a: Tornadus
|move|p1a: Rotom|Volt Switch|p2a: Tornadus
|-supereffective|p2a: Tornadus
|-damage|p2a: Tornadus|43/100
|
|t:|1663381228
|switch|p1a: Weavile|Weavile, F|100/100|[from]move: Volt Switch
|-ability|p1a: Weavile|Pressure
|
|-fieldend|move: Electric Terrain
|upkeep
|turn|6
|
|t:|1663381234
|switch|p2a: Ferrothorn|Ferrothorn, F|100/100
|move|p1a: Weavile|Knock Off|p2a: Ferrothorn
|-damage|p2a: Ferrothorn|56/100
|-damage|p1a: Weavile|88/100|[from] ability: Iron Barbs|[of] p2a: Ferrothorn
|-damage|p1a: Weavile|72/100|[from] item: Rocky Helmet|[of] p2a: Ferrothorn
|-enditem|p2a: Ferrothorn|Rocky Helmet|[from] move: Knock Off|[of] p1a: Weavile
|
|upkeep
|turn|7
|
|t:|1663381246
|switch|p1a: Ferrothorn|Ferrothorn, F|84/100 brn
|move|p2a: Ferrothorn|Stealth Rock|p1a: Ferrothorn
|-sidestart|p1: chansey and lulu|move: Stealth Rock
|
|-heal|p1a: Ferrothorn|90/100 brn|[from] item: Leftovers
|-damage|p1a: Ferrothorn|84/100 brn|[from] brn
|upkeep
|turn|8
|
|t:|1663381256
|switch|p2a: Tornadus|Tornadus-Therian, M|76/100
|move|p1a: Ferrothorn|Spikes|p2a: Tornadus
|-sidestart|p2: d18l|Spikes
|
|-heal|p1a: Ferrothorn|90/100 brn|[from] item: Leftovers
|-damage|p1a: Ferrothorn|84/100 brn|[from] brn
|upkeep
|turn|9
|
|t:|1663381270
|switch|p1a: Rotom|Rotom-Wash|58/100
|-damage|p1a: Rotom|46/100|[from] Stealth Rock
|move|p2a: Tornadus|U-turn|p1a: Rotom
|-damage|p1a: Rotom|31/100
|
|t:|1663381324
|switch|p2a: Tapu Koko|Tapu Koko|100/100|[from]move: U-turn
|-damage|p2a: Tapu Koko|88/100|[from] Spikes
|-fieldstart|move: Electric Terrain|[from] ability: Electric Surge|[of] p2a: Tapu Koko
|
|upkeep
|turn|10
|
|t:|1663381331
|move|p2a: Tapu Koko|Dazzling Gleam|p1a: Rotom
|-damage|p1a: Rotom|0 fnt
|faint|p1a: Rotom
|
|upkeep
|
|t:|1663381346
|switch|p1a: Clefable|Clefable, M|100/100
|turn|11
|
|t:|1663381351
|switch|p2a: Rotom|Rotom-Wash|62/100
|move|p1a: Clefable|Calm Mind|p1a: Clefable
|-boost|p1a: Clefable|spa|1
|-boost|p1a: Clefable|spd|1
|
|-heal|p2a: Rotom|68/100|[from] item: Leftovers
|upkeep
|turn|12
|
|t:|1663381358
|move|p2a: Rotom|Volt Switch|p1a: Clefable
|-damage|p1a: Clefable|86/100
|
|t:|1663381360
|switch|p2a: Victini|Victini|100/100|[from]move: Volt Switch
|move|p1a: Clefable|Calm Mind|p1a: Clefable
|-boost|p1a: Clefable|spa|1
|-boost|p1a: Clefable|spd|1
|
|upkeep
|turn|13
|
|t:|1663381374
|move|p2a: Victini|Taunt|p1a: Clefable
|-start|p1a: Clefable|move: Taunt
|cant|p1a: Clefable|move: Taunt|Soft-Boiled
|
|-fieldend|move: Electric Terrain
|upkeep
|turn|14
|
|t:|1663381397
|move|p2a: Victini|Bolt Strike|p1a: Clefable
|-damage|p1a: Clefable|57/100
|-status|p1a: Clefable|par
|move|p1a: Clefable|Thunder|p2a: Victini
|-damage|p2a: Victini|33/100
|
|upkeep
|turn|15
|
|t:|1663381405
|switch|p1a: Garchomp|Garchomp, F|100/100
|-damage|p1a: Garchomp|94/100|[from] Stealth Rock
|move|p2a: Victini|V-create|p1a: Garchomp
|-resisted|p1a: Garchomp
|-damage|p1a: Garchomp|53/100
|-unboost|p2a: Victini|spe|1
|-unboost|p2a: Victini|def|1
|-unboost|p2a: Victini|spd|1
|-damage|p2a: Victini|21/100|[from] ability: Rough Skin|[of] p1a: Garchomp
|
|-heal|p1a: Garchomp|59/100|[from] item: Leftovers
|upkeep
|turn|16
|
|t:|1663381419
|switch|p2a: Landorus|Landorus-Therian, M|100/100
|-ability|p2a: Landorus|Intimidate|boost
|-unboost|p1a: Garchomp|atk|1
|move|p1a: Garchomp|Stealth Rock|p2a: Landorus
|-sidestart|p2: d18l|move: Stealth Rock
|
|-heal|p1a: Garchomp|65/100|[from] item: Leftovers
|upkeep
|turn|17
|
|t:|1663381430
|move|p1a: Garchomp|Swords Dance|p1a: Garchomp
|-boost|p1a: Garchomp|atk|2
|move|p2a: Landorus|Toxic|p1a: Garchomp
|-status|p1a: Garchomp|tox
|
|-heal|p1a: Garchomp|71/100 tox|[from] item: Leftovers
|-damage|p1a: Garchomp|65/100 tox|[from] psn
|upkeep
|turn|18
|
|t:|1663381439
|move|p1a: Garchomp|Scale Shot|p2a: Landorus
|-damage|p2a: Landorus|82/100
|-damage|p2a: Landorus|65/100
|-hitcount|p2a: Landorus|2
|-unboost|p1a: Garchomp|def|1
|-boost|p1a: Garchomp|spe|1
|move|p2a: Landorus|U-turn|p1a: Garchomp
|-damage|p1a: Garchomp|32/100 tox
|-damage|p2a: Landorus|53/100|[from] ability: Rough Skin|[of] p1a: Garchomp
|
|t:|1663381467
|switch|p2a: Tornadus|Tornadus-Therian, M|100/100|[from]move: U-turn
|-damage|p2a: Tornadus|76/100|[from] Stealth Rock
|
|-heal|p1a: Garchomp|38/100 tox|[from] item: Leftovers
|-damage|p1a: Garchomp|26/100 tox|[from] psn
|upkeep
|turn|19
|
|t:|1663381478
|switch|p2a: Landorus|Landorus-Therian, M|53/100
|-damage|p2a: Landorus|41/100|[from] Stealth Rock
|-ability|p2a: Landorus|Intimidate|boost
|-unboost|p1a: Garchomp|atk|1
|move|p1a: Garchomp|Earthquake|p2a: Landorus
|-immune|p2a: Landorus
|
|-heal|p1a: Garchomp|32/100 tox|[from] item: Leftovers
|-heal|p2a: Landorus|47/100|[from] item: Leftovers
|-damage|p1a: Garchomp|14/100 tox|[from] psn
|upkeep
|turn|20
|
|t:|1663381491
|move|p1a: Garchomp|Scale Shot|p2a: Landorus
|-damage|p2a: Landorus|33/100
|-damage|p2a: Landorus|20/100
|-hitcount|p2a: Landorus|2
|-unboost|p1a: Garchomp|def|1
|-boost|p1a: Garchomp|spe|1
|move|p2a: Landorus|Defog|p1a: Garchomp
|-unboost|p1a: Garchomp|evasion|1
|-sideend|p1: chansey and lulu|Stealth Rock|[from] move: Defog|[of] p2a: Landorus
|-sideend|p2: d18l|Spikes|[from] move: Defog|[of] p2a: Landorus
|-sideend|p2: d18l|Stealth Rock|[from] move: Defog|[of] p2a: Landorus
|
|-heal|p1a: Garchomp|20/100 tox|[from] item: Leftovers
|-heal|p2a: Landorus|26/100|[from] item: Leftovers
|-damage|p1a: Garchomp|0 fnt|[from] psn
|faint|p1a: Garchomp
|upkeep
|
|t:|1663381507
|switch|p1a: Weavile|Weavile, F|72/100
|-ability|p1a: Weavile|Pressure
|turn|21
|
|t:|1663381513
|move|p1a: Weavile|Icicle Crash|p2a: Landorus
|-supereffective|p2a: Landorus
|-damage|p2a: Landorus|0 fnt
|faint|p2a: Landorus
|
|upkeep
|
|t:|1663381515
|switch|p2a: Tapu Koko|Tapu Koko|88/100
|-fieldstart|move: Electric Terrain|[from] ability: Electric Surge|[of] p2a: Tapu Koko
|turn|22
|
|t:|1663381524
|switch|p1a: Clefable|Clefable, M|57/100 par
|move|p2a: Tapu Koko|Volt Switch|p1a: Clefable
|-damage|p1a: Clefable|2/100 par
|
|t:|1663381527
|switch|p2a: Victini|Victini|21/100|[from]move: Volt Switch
|
|upkeep
|turn|23
|
|t:|1663381532
|move|p2a: Victini|U-turn|p1a: Clefable
|-resisted|p1a: Clefable
|-damage|p1a: Clefable|0 fnt
|faint|p1a: Clefable
|
|t:|1663381552
|switch|p2a: Tapu Koko|Tapu Koko|88/100|[from]move: U-turn
|
|upkeep
|
|t:|1663381558
|switch|p1a: Ferrothorn|Ferrothorn, F|84/100 brn
|turn|24
|
|t:|1663381562
|move|p2a: Tapu Koko|Volt Switch|p1a: Ferrothorn
|-resisted|p1a: Ferrothorn
|-damage|p1a: Ferrothorn|58/100 brn
|
|t:|1663381565
|switch|p2a: Ferrothorn|Ferrothorn, F|56/100|[from]move: Volt Switch
|move|p1a: Ferrothorn|Leech Seed|p2a: Ferrothorn
|-immune|p2a: Ferrothorn
|
|-heal|p1a: Ferrothorn|64/100 brn|[from] item: Leftovers
|-damage|p1a: Ferrothorn|58/100 brn|[from] brn
|upkeep
|turn|25
|
|t:|1663381575
|move|p1a: Ferrothorn|Spikes|p2a: Ferrothorn
|-sidestart|p2: d18l|Spikes
|move|p2a: Ferrothorn|Body Press|p1a: Ferrothorn
|-supereffective|p1a: Ferrothorn
|-damage|p1a: Ferrothorn|25/100 brn
|-damage|p2a: Ferrothorn|44/100|[from] ability: Iron Barbs|[of] p1a: Ferrothorn
|
|-heal|p1a: Ferrothorn|31/100 brn|[from] item: Leftovers
|-damage|p1a: Ferrothorn|25/100 brn|[from] brn
|upkeep
|turn|26
|
|t:|1663381585
|move|p1a: Ferrothorn|Spikes|p2a: Ferrothorn
|-sidestart|p2: d18l|Spikes
|move|p2a: Ferrothorn|Body Press|p1a: Ferrothorn
|-supereffective|p1a: Ferrothorn
|-damage|p1a: Ferrothorn|0 fnt
|-damage|p2a: Ferrothorn|32/100|[from] ability: Iron Barbs|[of] p1a: Ferrothorn
|faint|p1a: Ferrothorn
|
|-fieldend|move: Electric Terrain
|upkeep
|
|t:|1663381593
|switch|p1a: Tornadus|Tornadus-Therian, M|100/100
|turn|27
|
|t:|1663381598
|move|p1a: Tornadus|Hurricane|p2a: Ferrothorn
|-damage|p2a: Ferrothorn|0 fnt
|faint|p2a: Ferrothorn
|
|upkeep
|
|t:|1663381603
|switch|p2a: Tapu Koko|Tapu Koko|88/100
|-damage|p2a: Tapu Koko|72/100|[from] Spikes
|-fieldstart|move: Electric Terrain|[from] ability: Electric Surge|[of] p2a: Tapu Koko
|turn|28
|
|t:|1663381610
|move|p2a: Tapu Koko|Thunderbolt|p1a: Tornadus
|-supereffective|p1a: Tornadus
|-damage|p1a: Tornadus|0 fnt
|faint|p1a: Tornadus
|
|upkeep
|
|t:|1663381614
|switch|p1a: Weavile|Weavile, F|72/100
|-ability|p1a: Weavile|Pressure
|turn|29
|
|t:|1663381620
|move|p2a: Tapu Koko|Thunderbolt|p1a: Weavile
|-damage|p1a: Weavile|0 fnt
|faint|p1a: Weavile
|
|win|d18l
|raw|chansey and lulu's rating: 1680 &rarr; <strong>1663</strong><br />(-17 for losing)
|raw|d18l's rating: 1741 &rarr; <strong>1758</strong><br />(+17 for winning)
|l|☆chansey and lulu
