|raw|<div class="broadcast-blue"><strong>This battle is required to be public due to a player having a name starting with 'lt94je'.</div>
|j|☆Kanye is batman
|j|☆lt94je cuzzie
|t:|1661630778
|gametype|singles
|player|p1|Kanye is batman|silver|1810
|player|p2|lt94je cuzzie|266|1756
|teamsize|p1|6
|teamsize|p2|6
|gen|8
|tier|[Gen 8] OU
|rated|
|rule|Sleep Clause Mod: Limit one foe put to sleep
|rule|Species Clause: Limit one of each Pokémon
|rule|OHKO Clause: OHKO moves are banned
|rule|Evasion Items Clause: Evasion items are banned
|rule|Evasion Moves Clause: Evasion moves are banned
|rule|Endless Battle Clause: Forcing endless battles is banned
|rule|HP Percentage Mod: HP is shown in percentages
|rule|Dynamax Clause: You cannot dynamax
|clearpoke
|poke|p1|Pelipper, F|
|poke|p1|Barraskewda, F|
|poke|p1|Ferrothorn, M|
|poke|p1|Seismitoad, M|
|poke|p1|Tapu Koko|
|poke|p1|Tornadus-Therian, M|
|poke|p2|Mew|
|poke|p2|Tapu Fini|
|poke|p2|Weavile, F|
|poke|p2|Blacephalon|
|poke|p2|Skarmory, F|
|poke|p2|Excadrill, F|
|teampreview
|inactive|Battle timer is ON: inactive players will automatically lose when time's up. (requested by lt94je cuzzie)
|inactive|Kanye is batman also wants the timer to be on.
|
|t:|1661630789
|start
|switch|p1a: Speed Overdose|Tapu Koko|100/100
|switch|p2a: Skarmory|Skarmory, F|100/100
|-fieldstart|move: Electric Terrain|[from] ability: Electric Surge|[of] p1a: Speed Overdose
|turn|1
|
|t:|1661630794
|move|p1a: Speed Overdose|Volt Switch|p2a: Skarmory
|-supereffective|p2a: Skarmory
|-ability|p2a: Skarmory|Sturdy
|-damage|p2a: Skarmory|1/100
|
|t:|1661630799
|switch|p1a: Big Gulp sponsor|Pelipper, F|100/100|[from]move: Volt Switch
|-weather|RainDance|[from] ability: Drizzle|[of] p1a: Big Gulp sponsor
|move|p2a: Skarmory|Stealth Rock|p1a: Big Gulp sponsor
|-sidestart|p1: Kanye is batman|move: Stealth Rock
|
|-weather|RainDance|[upkeep]
|upkeep
|turn|2
|-enditem|p2a: Skarmory|Custap Berry|[eat]
|-activate|p2a: Skarmory|item: Custap Berry|[consumed]
|
|t:|1661630803
|move|p2a: Skarmory|Taunt|p1a: Big Gulp sponsor
|-start|p1a: Big Gulp sponsor|move: Taunt
|cant|p1a: Big Gulp sponsor|move: Taunt|Roost
|
|-weather|RainDance|[upkeep]
|upkeep
|turn|3
|
|t:|1661630808
|move|p2a: Skarmory|Spikes|p1a: Big Gulp sponsor
|-sidestart|p1: Kanye is batman|Spikes
|move|p1a: Big Gulp sponsor|Scald|p2a: Skarmory
|-damage|p2a: Skarmory|0 fnt
|faint|p2a: Skarmory
|
|-weather|RainDance|[upkeep]
|upkeep
|
|t:|1661630818
|switch|p2a: Blacephalon|Blacephalon|100/100
|turn|4
|
|t:|1661630823
|switch|p1a: Lando Black sheep|Tornadus-Therian, M|100/100
|move|p2a: Blacephalon|Shadow Ball|p1a: Lando Black sheep
|-damage|p1a: Lando Black sheep|48/100
|
|-weather|RainDance|[upkeep]
|upkeep
|turn|5
|
|t:|1661630828
|move|p1a: Lando Black sheep|Defog|p2a: Blacephalon
|-unboost|p2a: Blacephalon|evasion|1
|-sideend|p1: Kanye is batman|Spikes|[from] move: Defog|[of] p1a: Lando Black sheep
|-sideend|p1: Kanye is batman|Stealth Rock|[from] move: Defog|[of] p1a: Lando Black sheep
|-fieldend|move: Electric Terrain
|move|p2a: Blacephalon|Shadow Ball|p1a: Lando Black sheep
|-damage|p1a: Lando Black sheep|0 fnt
|faint|p1a: Lando Black sheep
|-ability|p2a: Blacephalon|Beast Boost|boost
|-boost|p2a: Blacephalon|spa|1
|
|-weather|RainDance|[upkeep]
|upkeep
|
|t:|1661630831
|switch|p1a: One fish two fish|Barraskewda, F|100/100
|turn|6
|
|t:|1661630833
|move|p1a: One fish two fish|Flip Turn|p2a: Blacephalon
|-supereffective|p2a: Blacephalon
|-enditem|p2a: Blacephalon|Focus Sash
|-damage|p2a: Blacephalon|1/100
|
|t:|1661630840
|switch|p1a: Agent ¥|Seismitoad, M, shiny|100/100|[from]move: Flip Turn
|move|p2a: Blacephalon|Shadow Ball|p1a: Agent ¥
|-damage|p1a: Agent ¥|11/100
|-unboost|p1a: Agent ¥|spd|1
|
|-weather|RainDance|[upkeep]
|upkeep
|turn|7
|
|t:|1661630845
|move|p1a: Agent ¥|Weather Ball|p2a: Blacephalon
|-supereffective|p2a: Blacephalon
|-damage|p2a: Blacephalon|0 fnt
|faint|p2a: Blacephalon
|-damage|p1a: Agent ¥|1/100|[from] item: Life Orb
|
|-weather|RainDance|[upkeep]
|upkeep
|
|t:|1661630850
|switch|p2a: Excadrill|Excadrill, F|100/100
|-ability|p2a: Excadrill|Mold Breaker
|turn|8
|
|t:|1661630854
|move|p1a: Agent ¥|Weather Ball|p2a: Excadrill
|-supereffective|p2a: Excadrill
|-enditem|p2a: Excadrill|Focus Sash
|-damage|p2a: Excadrill|1/100
|-damage|p1a: Agent ¥|0 fnt|[from] item: Life Orb
|faint|p1a: Agent ¥
|move|p2a: Excadrill|Rapid Spin|p1: Agent ¥|[notarget]
|-fail|p2a: Excadrill
|
|-weather|none
|upkeep
|
|t:|1661630863
|switch|p1a: One fish two fish|Barraskewda, F|100/100
|turn|9
|
|t:|1661630865
|switch|p2a: Tapu Fini|Tapu Fini|100/100
|-fieldstart|move: Misty Terrain|[from] ability: Misty Surge|[of] p2a: Tapu Fini
|move|p1a: One fish two fish|Flip Turn|p2a: Tapu Fini
|-resisted|p2a: Tapu Fini
|-damage|p2a: Tapu Fini|83/100
|
|t:|1661630870
|switch|p1a: Speed Overdose|Tapu Koko|100/100|[from]move: Flip Turn
|-fieldstart|move: Electric Terrain|[from] ability: Electric Surge|[of] p1a: Speed Overdose
|
|-heal|p2a: Tapu Fini|89/100|[from] item: Leftovers
|upkeep
|turn|10
|
|t:|1661630874
|switch|p2a: Excadrill|Excadrill, F|1/100
|-ability|p2a: Excadrill|Mold Breaker
|move|p1a: Speed Overdose|Volt Switch|p2a: Excadrill
|-immune|p2a: Excadrill
|
|upkeep
|turn|11
|
|t:|1661630897
|switch|p1a: Big Gulp sponsor|Pelipper, F|100/100
|-weather|RainDance|[from] ability: Drizzle|[of] p1a: Big Gulp sponsor
|switch|p2a: Mew|Mew|100/100
|
|-weather|RainDance|[upkeep]
|upkeep
|turn|12
|
|t:|1661630917
|move|p2a: Mew|Cosmic Power|p2a: Mew
|-boost|p2a: Mew|def|1
|-boost|p2a: Mew|spd|1
|move|p1a: Big Gulp sponsor|U-turn|p2a: Mew
|-supereffective|p2a: Mew
|-damage|p2a: Mew|91/100
|-enditem|p2a: Mew|Weakness Policy
|-boost|p2a: Mew|atk|2|[from] item: Weakness Policy
|-boost|p2a: Mew|spa|2|[from] item: Weakness Policy
|
|t:|1661630920
|switch|p1a: One fish two fish|Barraskewda, F|100/100|[from]move: U-turn
|
|-weather|RainDance|[upkeep]
|upkeep
|turn|13
|
|t:|1661630924
|move|p1a: One fish two fish|Liquidation|p2a: Mew
|-damage|p2a: Mew|30/100
|move|p2a: Mew|Stored Power|p1a: One fish two fish
|-damage|p1a: One fish two fish|0 fnt
|faint|p1a: One fish two fish
|
|-weather|RainDance|[upkeep]
|-fieldend|move: Electric Terrain
|upkeep
|
|t:|1661630930
|switch|p1a: Speed Overdose|Tapu Koko|100/100
|-fieldstart|move: Electric Terrain|[from] ability: Electric Surge|[of] p1a: Speed Overdose
|turn|14
|
|t:|1661630937
|switch|p2a: Excadrill|Excadrill, F|1/100
|-ability|p2a: Excadrill|Mold Breaker
|move|p1a: Speed Overdose|Dazzling Gleam|p2a: Excadrill
|-resisted|p2a: Excadrill
|-damage|p2a: Excadrill|0 fnt
|faint|p2a: Excadrill
|
|-weather|RainDance|[upkeep]
|upkeep
|
|t:|1661630944
|switch|p2a: Tapu Fini|Tapu Fini|89/100
|-fieldstart|move: Misty Terrain|[from] ability: Misty Surge|[of] p2a: Tapu Fini
|turn|15
|
|t:|1661630958
|switch|p1a: Hates rain|Ferrothorn, M|100/100
|move|p2a: Tapu Fini|Calm Mind|p2a: Tapu Fini
|-boost|p2a: Tapu Fini|spa|1
|-boost|p2a: Tapu Fini|spd|1
|
|-weather|RainDance|[upkeep]
|-heal|p2a: Tapu Fini|96/100|[from] item: Leftovers
|upkeep
|turn|16
|
|t:|1661630962
|move|p2a: Tapu Fini|Taunt|p1a: Hates rain
|-start|p1a: Hates rain|move: Taunt
|move|p1a: Hates rain|Gyro Ball|p2a: Tapu Fini
|-damage|p2a: Tapu Fini|65/100
|
|-weather|RainDance|[upkeep]
|-heal|p2a: Tapu Fini|71/100|[from] item: Leftovers
|upkeep
|turn|17
|
|t:|1661630967
|move|p2a: Tapu Fini|Calm Mind|p2a: Tapu Fini
|-boost|p2a: Tapu Fini|spa|1
|-boost|p2a: Tapu Fini|spd|1
|move|p1a: Hates rain|Gyro Ball|p2a: Tapu Fini
|-damage|p2a: Tapu Fini|40/100
|
|-weather|RainDance|[upkeep]
|-heal|p2a: Tapu Fini|46/100|[from] item: Leftovers
|upkeep
|turn|18
|
|t:|1661630970
|move|p2a: Tapu Fini|Scald|p1a: Hates rain
|-resisted|p1a: Hates rain
|-damage|p1a: Hates rain|67/100
|move|p1a: Hates rain|Gyro Ball|p2a: Tapu Fini
|-damage|p2a: Tapu Fini|16/100
|
|-weather|none
|-heal|p2a: Tapu Fini|22/100|[from] item: Leftovers
|-heal|p1a: Hates rain|73/100|[from] item: Leftovers
|-end|p1a: Hates rain|move: Taunt
|upkeep
|turn|19
|
|t:|1661630977
|switch|p1a: Big Gulp sponsor|Pelipper, F|100/100
|-weather|RainDance|[from] ability: Drizzle|[of] p1a: Big Gulp sponsor
|move|p2a: Tapu Fini|Scald|p1a: Big Gulp sponsor
|-resisted|p1a: Big Gulp sponsor
|-damage|p1a: Big Gulp sponsor|48/100
|-status|p1a: Big Gulp sponsor|brn
|
|-weather|RainDance|[upkeep]
|-heal|p2a: Tapu Fini|28/100|[from] item: Leftovers
|-damage|p1a: Big Gulp sponsor|42/100 brn|[from] brn
|-fieldend|Misty Terrain
|upkeep
|turn|20
|
|t:|1661630983
|move|p2a: Tapu Fini|Draining Kiss|p1a: Big Gulp sponsor
|-damage|p1a: Big Gulp sponsor|0 fnt
|-heal|p2a: Tapu Fini|57/100|[from] drain|[of] p1a: Big Gulp sponsor
|faint|p1a: Big Gulp sponsor
|
|-weather|RainDance|[upkeep]
|-heal|p2a: Tapu Fini|64/100|[from] item: Leftovers
|upkeep
|
|t:|1661630986
|switch|p1a: Speed Overdose|Tapu Koko|100/100
|-fieldstart|move: Electric Terrain|[from] ability: Electric Surge|[of] p1a: Speed Overdose
|turn|21
|
|t:|1661630991
|move|p1a: Speed Overdose|Thunder|p2a: Tapu Fini
|-supereffective|p2a: Tapu Fini
|-damage|p2a: Tapu Fini|0 fnt
|faint|p2a: Tapu Fini
|
|-weather|RainDance|[upkeep]
|upkeep
|
|t:|1661630995
|switch|p2a: Weavile|Weavile, F|100/100
|-ability|p2a: Weavile|Pressure
|turn|22
|
|t:|1661631001
|move|p1a: Speed Overdose|Thunder|p2a: Weavile
|-damage|p2a: Weavile|0 fnt
|faint|p2a: Weavile
|
|-weather|RainDance|[upkeep]
|upkeep
|c|☆lt94je cuzzie|gg
|-message|lt94je cuzzie forfeited.
|
|win|Kanye is batman
|raw|Kanye is batman's rating: 1810 &rarr; <strong>1827</strong><br />(+17 for winning)
|raw|lt94je cuzzie's rating: 1756 &rarr; <strong>1739</strong><br />(-17 for losing)
|l|☆lt94je cuzzie
|c|☆Kanye is batman|Gg
||Ladder isn't responding, score probably updated but might not have (Request timeout).
