|j|☆NA Weezing
|j|☆Candice
|t:|1663661793
|gametype|singles
|player|p1|NA Weezing|266|1715
|player|p2|Candice|psychicf-gen4|1671
|teamsize|p1|6
|teamsize|p2|6
|gen|8
|tier|[Gen 8] OU
|rated|
|rule|Sleep Clause Mod: Limit one foe put to sleep
|rule|Species Clause: Limit one of each Pokémon
|rule|OHKO Clause: OHKO moves are banned
|rule|Evasion Items Clause: Evasion items are banned
|rule|Evasion Moves Clause: Evasion moves are banned
|rule|Endless Battle Clause: Forcing endless battles is banned
|rule|HP Percentage Mod: HP is shown in percentages
|rule|Dynamax Clause: You cannot dynamax
|clearpoke
|poke|p1|Volcanion|
|poke|p1|Rillaboom, F|
|poke|p1|Blissey, F|
|poke|p1|Zeraora|
|poke|p1|Corviknight, F|
|poke|p1|Tapu Fini|
|poke|p2|Kommo-o, F|
|poke|p2|Tapu Koko|
|poke|p2|Victini|
|poke|p2|Weavile, F|
|poke|p2|Rotom-Wash|
|poke|p2|Ferrothorn, F|
|teampreview
|
|t:|1663661826
|start
|switch|p1a: Tapu Fini|Tapu Fini|100/100
|switch|p2a: Kokoriko|Tapu Koko|100/100
|-fieldstart|move: Misty Terrain|[from] ability: Misty Surge|[of] p1a: Tapu Fini
|-fieldstart|move: Electric Terrain|[from] ability: Electric Surge|[of] p2a: Kokoriko
|turn|1
|j| JaspionZ
|
|t:|1663661850
|move|p1a: Tapu Fini|Moonblast|p2a: Kokoriko
|-damage|p2a: Kokoriko|52/100
|move|p2a: Kokoriko|U-turn|p1a: Tapu Fini
|-resisted|p1a: Tapu Fini
|-damage|p1a: Tapu Fini|93/100
|
|t:|1663661872
|switch|p2a: Azula|Victini|100/100|[from]move: U-turn
|
|upkeep
|turn|2
|
|t:|1663661888
|switch|p1a: Blissey|Blissey, F|100/100
|move|p2a: Azula|Bolt Strike|p1a: Blissey
|-damage|p1a: Blissey|57/100
|
|upkeep
|turn|3
|
|t:|1663661893
|switch|p1a: Tapu Fini|Tapu Fini|93/100
|-fieldstart|move: Misty Terrain|[from] ability: Misty Surge|[of] p1a: Tapu Fini
|move|p2a: Azula|V-create|p1a: Tapu Fini
|-resisted|p1a: Tapu Fini
|-damage|p1a: Tapu Fini|56/100
|-unboost|p2a: Azula|spe|1
|-unboost|p2a: Azula|def|1
|-unboost|p2a: Azula|spd|1
|
|upkeep
|turn|4
|
|t:|1663661910
|switch|p2a: Tom|Rotom-Wash|100/100
|move|p1a: Tapu Fini|Trick|p2a: Tom
|-activate|p1a: Tapu Fini|move: Trick|[of] p2a: Tom
|-item|p2a: Tom|Choice Scarf|[from] move: Trick
|-item|p1a: Tapu Fini|Leftovers|[from] move: Trick
|
|-heal|p1a: Tapu Fini|62/100|[from] item: Leftovers
|upkeep
|turn|5
|
|t:|1663661921
|switch|p1a: Zeraora|Zeraora|100/100
|move|p2a: Tom|Volt Switch|p1a: Zeraora
|-immune|p1a: Zeraora|[from] ability: Volt Absorb
|
|upkeep
|turn|6
|
|t:|1663661928
|switch|p2a: Loop|Kommo-o, F|100/100
|move|p1a: Zeraora|Knock Off|p2a: Loop
|-resisted|p2a: Loop
|-damage|p2a: Loop|91/100
|-enditem|p2a: Loop|Leftovers|[from] move: Knock Off|[of] p1a: Zeraora
|
|upkeep
|turn|7
|
|t:|1663661940
|move|p1a: Zeraora|Close Combat|p2a: Loop
|-damage|p2a: Loop|65/100
|-unboost|p1a: Zeraora|def|1
|-unboost|p1a: Zeraora|spd|1
|move|p2a: Loop|Stealth Rock|p1a: Zeraora
|-sidestart|p1: NA Weezing|move: Stealth Rock
|
|-fieldend|Misty Terrain
|upkeep
|turn|8
|
|t:|1663661950
|switch|p1a: Corviknight|Corviknight, F|100/100
|-damage|p1a: Corviknight|88/100|[from] Stealth Rock
|-ability|p1a: Corviknight|Pressure
|switch|p2a: Kokoriko|Tapu Koko|52/100
|-fieldstart|move: Electric Terrain|[from] ability: Electric Surge|[of] p2a: Kokoriko
|
|upkeep
|turn|9
|
|t:|1663661955
|move|p2a: Kokoriko|Thunderbolt|p1a: Corviknight
|-supereffective|p1a: Corviknight
|-damage|p1a: Corviknight|8/100
|move|p1a: Corviknight|Defog|p2a: Kokoriko
|-unboost|p2a: Kokoriko|evasion|1
|-sideend|p1: NA Weezing|Stealth Rock|[from] move: Defog|[of] p1a: Corviknight
|-fieldend|move: Electric Terrain
|
|upkeep
|turn|10
|
|t:|1663661981
|move|p2a: Kokoriko|Dazzling Gleam|p1a: Corviknight
|-resisted|p1a: Corviknight
|-damage|p1a: Corviknight|0 fnt
|faint|p1a: Corviknight
|
|upkeep
|
|t:|1663661992
|switch|p1a: Rillaboom|Rillaboom, F|100/100
|-fieldstart|move: Grassy Terrain|[from] ability: Grassy Surge|[of] p1a: Rillaboom
|turn|11
|
|t:|1663662004
|switch|p2a: Ortie|Ferrothorn, F|100/100
|move|p1a: Rillaboom|U-turn|p2a: Ortie
|-damage|p2a: Ortie|79/100
|-damage|p1a: Rillaboom|88/100|[from] ability: Iron Barbs|[of] p2a: Ortie
|-damage|p1a: Rillaboom|72/100|[from] item: Rocky Helmet|[of] p2a: Ortie
|
|t:|1663662006
|switch|p1a: Volcanion|Volcanion|100/100|[from]move: U-turn
|
|-heal|p2a: Ortie|85/100|[from] Grassy Terrain
|upkeep
|turn|12
|
|t:|1663662018
|switch|p1a: Blissey|Blissey, F|57/100
|switch|p2a: Tom|Rotom-Wash|100/100
|
|-heal|p1a: Blissey|64/100|[from] Grassy Terrain
|upkeep
|turn|13
|
|t:|1663662021
|move|p2a: Tom|Volt Switch|p1a: Blissey
|-damage|p1a: Blissey|54/100
|
|t:|1663662028
|switch|p2a: Ortie|Ferrothorn, F|85/100|[from]move: Volt Switch
|move|p1a: Blissey|Stealth Rock|p2a: Ortie
|-sidestart|p2: Candice|move: Stealth Rock
|
|-heal|p1a: Blissey|60/100|[from] Grassy Terrain
|-heal|p2a: Ortie|91/100|[from] Grassy Terrain
|upkeep
|turn|14
|
|t:|1663662031
|switch|p1a: Volcanion|Volcanion|100/100
|move|p2a: Ortie|Spikes|p1a: Volcanion
|-sidestart|p1: NA Weezing|Spikes
|
|-heal|p2a: Ortie|97/100|[from] Grassy Terrain
|upkeep
|turn|15
|
|t:|1663662040
|switch|p2a: Tom|Rotom-Wash|100/100
|-damage|p2a: Tom|88/100|[from] Stealth Rock
|move|p1a: Volcanion|Steam Eruption|p2a: Tom
|-resisted|p2a: Tom
|-damage|p2a: Tom|58/100
|
|-fieldend|move: Grassy Terrain
|upkeep
|turn|16
|
|t:|1663662054
|switch|p1a: Blissey|Blissey, F|60/100
|move|p2a: Tom|Toxic|p1a: Blissey
|-status|p1a: Blissey|tox
|
|-damage|p1a: Blissey|54/100 tox|[from] psn
|upkeep
|turn|17
|
|t:|1663662058
|switch|p2a: Loop|Kommo-o, F|65/100
|-damage|p2a: Loop|59/100|[from] Stealth Rock
|move|p1a: Blissey|Teleport|p1a: Blissey
|
|t:|1663662068
|-curestatus|p1a: Blissey|tox|[from] ability: Natural Cure
|switch|p1a: Volcanion|Volcanion|100/100|[from]move: Teleport
|
|upkeep
|turn|18
|
|t:|1663662073
|move|p2a: Loop|Protect|p2a: Loop
|-singleturn|p2a: Loop|Protect
|move|p1a: Volcanion|Steam Eruption|p2a: Loop
|-activate|p2a: Loop|move: Protect
|
|upkeep
|turn|19
|
|t:|1663662076
|move|p1a: Volcanion|Steam Eruption|p2a: Loop
|-resisted|p2a: Loop
|-damage|p2a: Loop|34/100
|move|p2a: Loop|Toxic|p1a: Volcanion
|-status|p1a: Volcanion|tox
|
|-damage|p1a: Volcanion|95/100 tox|[from] psn
|upkeep
|turn|20
|j| Bionic Redneck
|
|t:|1663662082
|move|p1a: Volcanion|Steam Eruption|p2a: Loop
|-resisted|p2a: Loop
|-damage|p2a: Loop|7/100
|move|p2a: Loop|Stealth Rock|p1a: Volcanion
|-sidestart|p1: NA Weezing|move: Stealth Rock
|
|-damage|p1a: Volcanion|83/100 tox|[from] psn
|upkeep
|turn|21
|
|t:|1663662088
|switch|p1a: Zeraora|Zeraora|100/100
|move|p2a: Loop|Protect||[still]
|-fail|p2a: Loop
|
|upkeep
|turn|22
|
|t:|1663662098
|move|p1a: Zeraora|Close Combat|p2a: Loop
|-damage|p2a: Loop|0 fnt
|-unboost|p1a: Zeraora|def|1
|-unboost|p1a: Zeraora|spd|1
|faint|p2a: Loop
|
|upkeep
|
|t:|1663662116
|switch|p2a: Kokoriko|Tapu Koko|52/100
|-fieldstart|move: Electric Terrain|[from] ability: Electric Surge|[of] p2a: Kokoriko
|turn|23
|
|t:|1663662134
|switch|p1a: Blissey|Blissey, F|54/100
|move|p2a: Kokoriko|Dazzling Gleam|p1a: Blissey
|-damage|p1a: Blissey|42/100
|
|upkeep
|turn|24
|
|t:|1663662140
|move|p2a: Kokoriko|Taunt|p1a: Blissey
|-start|p1a: Blissey|move: Taunt
|move|p1a: Blissey|Seismic Toss|p2a: Kokoriko
|-damage|p2a: Kokoriko|17/100
|
|upkeep
|turn|25
|
|t:|1663662142
|move|p2a: Kokoriko|U-turn|p1a: Blissey
|-damage|p1a: Blissey|29/100
|
|t:|1663662148
|switch|p2a: Ortie|Ferrothorn, F|97/100|[from]move: U-turn
|-damage|p2a: Ortie|91/100|[from] Stealth Rock
|move|p1a: Blissey|Seismic Toss|p2a: Ortie
|-damage|p2a: Ortie|62/100
|-damage|p1a: Blissey|16/100|[from] ability: Iron Barbs|[of] p2a: Ortie
|-damage|p1a: Blissey|0 fnt|[from] item: Rocky Helmet|[of] p2a: Ortie
|faint|p1a: Blissey
|
|upkeep
|
|t:|1663662164
|switch|p1a: Volcanion|Volcanion|83/100 tox
|turn|26
|
|t:|1663662169
|switch|p2a: Tom|Rotom-Wash|58/100
|-damage|p2a: Tom|46/100|[from] Stealth Rock
|move|p1a: Volcanion|Flamethrower|p2a: Tom
|-resisted|p2a: Tom
|-damage|p2a: Tom|20/100
|
|-damage|p1a: Volcanion|77/100 tox|[from] psn
|upkeep
|turn|27
|
|t:|1663662173
|move|p2a: Tom|Hydro Pump|p1a: Volcanion
|-heal|p1a: Volcanion|100/100 tox|[from] ability: Water Absorb|[of] p2a: Tom
|move|p1a: Volcanion|Flamethrower|p2a: Tom
|-resisted|p2a: Tom
|-damage|p2a: Tom|0 fnt
|faint|p2a: Tom
|
|-damage|p1a: Volcanion|89/100 tox|[from] psn
|-fieldend|move: Electric Terrain
|upkeep
|
|t:|1663662177
|switch|p2a: Kokoriko|Tapu Koko|17/100
|-fieldstart|move: Electric Terrain|[from] ability: Electric Surge|[of] p2a: Kokoriko
|turn|28
|
|t:|1663662183
|move|p2a: Kokoriko|Thunderbolt|p1a: Volcanion
|-supereffective|p1a: Volcanion
|-damage|p1a: Volcanion|0 fnt
|faint|p1a: Volcanion
|
|upkeep
|
|t:|1663662184
|switch|p1a: Zeraora|Zeraora|100/100
|turn|29
|inactive|Battle timer is ON: inactive players will automatically lose when time's up. (requested by NA Weezing)
|j| M0reSalt
|
|t:|1663662245
|move|p1a: Zeraora|Bulk Up|p1a: Zeraora
|-boost|p1a: Zeraora|atk|1
|-boost|p1a: Zeraora|def|1
|move|p2a: Kokoriko|Dazzling Gleam|p1a: Zeraora
|-damage|p1a: Zeraora|58/100
|
|upkeep
|turn|30
|j| ggnhax
|
|t:|1663662254
|move|p1a: Zeraora|Close Combat|p2a: Kokoriko
|-resisted|p2a: Kokoriko
|-damage|p2a: Kokoriko|0 fnt
|-unboost|p1a: Zeraora|def|1
|-unboost|p1a: Zeraora|spd|1
|faint|p2a: Kokoriko
|
|upkeep
|
|t:|1663662262
|switch|p2a: Ortie|Ferrothorn, F|62/100
|-damage|p2a: Ortie|56/100|[from] Stealth Rock
|turn|31
|j| KMNg99
|j| FunkyTeam
|inactive|Candice has 120 seconds left.
|
|t:|1663662292
|move|p1a: Zeraora|Close Combat|p2a: Ortie
|-supereffective|p2a: Ortie
|-damage|p2a: Ortie|0 fnt
|-unboost|p1a: Zeraora|def|1
|-unboost|p1a: Zeraora|spd|1
|-damage|p1a: Zeraora|46/100|[from] ability: Iron Barbs|[of] p2a: Ortie
|-damage|p1a: Zeraora|29/100|[from] item: Rocky Helmet|[of] p2a: Ortie
|faint|p2a: Ortie
|
|upkeep
|j| TwoTreesWaiting
|inactive|Candice has 120 seconds left.
|
|t:|1663662300
|switch|p2a: Mimive|Weavile, F|100/100
|-ability|p2a: Mimive|Pressure
|turn|32
|
|t:|1663662310
|switch|p1a: Tapu Fini|Tapu Fini|62/100
|-damage|p1a: Tapu Fini|50/100|[from] Spikes
|-damage|p1a: Tapu Fini|38/100|[from] Stealth Rock
|-fieldstart|move: Misty Terrain|[from] ability: Misty Surge|[of] p1a: Tapu Fini
|move|p2a: Mimive|Ice Shard|p1a: Tapu Fini
|-resisted|p1a: Tapu Fini
|-damage|p1a: Tapu Fini|29/100
|
|-heal|p1a: Tapu Fini|35/100|[from] item: Leftovers
|upkeep
|turn|33
|inactive|Candice has 120 seconds left.
|
|t:|1663662336
|move|p2a: Mimive|Swords Dance|p2a: Mimive
|-boost|p2a: Mimive|atk|2
|move|p1a: Tapu Fini|Moonblast|p2a: Mimive
|-supereffective|p2a: Mimive
|-crit|p2a: Mimive
|-damage|p2a: Mimive|0 fnt
|faint|p2a: Mimive
|
|-heal|p1a: Tapu Fini|41/100|[from] item: Leftovers
|upkeep
|c|☆Candice|:(
|
|t:|1663662347
|switch|p2a: Azula|Victini|100/100
|turn|34
|inactive|NA Weezing has 120 seconds left.
|c|☆NA Weezing|228 SpA Tapu Fini Moonblast vs. 0 HP / 4 SpD Weavile: 282-332 (100.3 - 118.1%) -- guaranteed OHKO
|
|t:|1663662388
|move|p2a: Azula|Bolt Strike|p1a: Tapu Fini
|-supereffective|p1a: Tapu Fini
|-damage|p1a: Tapu Fini|0 fnt
|faint|p1a: Tapu Fini
|
|upkeep
|
|t:|1663662397
|switch|p1a: Zeraora|Zeraora|29/100
|turn|35
|j| yuwenzhao
|inactive|Candice has 120 seconds left.
|c|☆Candice|oh you were full spAtk
|c|☆Candice|never mind then
|
|t:|1663662432
|move|p1a: Zeraora|Knock Off|p2a: Azula
|-supereffective|p2a: Azula
|-damage|p2a: Azula|34/100
|-enditem|p2a: Azula|Heavy-Duty Boots|[from] move: Knock Off|[of] p1a: Zeraora
|move|p2a: Azula|Will-O-Wisp|p1a: Zeraora
|-activate|p1a: Zeraora|move: Misty Terrain
|
|upkeep
|turn|36
|j| lanfz
|c|☆Candice|:D
|
|t:|1663662443
|move|p1a: Zeraora|Plasma Fists|p2a: Azula
|-damage|p2a: Azula|0 fnt
|-fieldactivate|move: Ion Deluge
|-hint|Normal-type moves become Electric-type after using Plasma Fists.
|faint|p2a: Azula
|
|win|NA Weezing
|raw|NA Weezing's rating: 1715 &rarr; <strong>1732</strong><br />(+17 for winning)
|raw|Candice's rating: 1671 &rarr; <strong>1654</strong><br />(-17 for losing)
|l|☆Candice
|c|☆NA Weezing|gg
