|j|☆hh66tt
|j|☆big boss 447
|t:|1648001210
|gametype|singles
|player|p1|hh66tt|169|1742
|player|p2|big boss 447|harlequin|1822
|teamsize|p1|6
|teamsize|p2|6
|gen|8
|tier|[Gen 8] OU
|rated|
|rule|Sleep Clause Mod: Limit one foe put to sleep
|rule|Species Clause: Limit one of each Pokémon
|rule|OHKO Clause: OHKO moves are banned
|rule|Evasion Moves Clause: Evasion moves are banned
|rule|Endless Battle Clause: Forcing endless battles is banned
|rule|HP Percentage Mod: HP is shown in percentages
|rule|Dynamax Clause: You cannot dynamax
|clearpoke
|poke|p1|Tapu Lele|
|poke|p1|Polteageist|
|poke|p1|Espeon, F|
|poke|p1|Hawlucha, M|
|poke|p1|Cloyster, M|
|poke|p1|Omastar, F|
|poke|p2|Garchomp, F|
|poke|p2|Tapu Koko|
|poke|p2|Urshifu-*, M|
|poke|p2|Tornadus-Therian, M|
|poke|p2|Heatran, M|
|poke|p2|Ferrothorn, F|
|teampreview
|inactive|Battle timer is ON: inactive players will automatically lose when time's up. (requested by big boss 447)
|l|☆big boss 447
|inactive|big boss 447 disconnected and has a minute to reconnect!
|player|p2|
|j|☆big boss 447
|inactive|big boss 447 reconnected and has 115 seconds left.
|player|p2|big boss 447|harlequin
|
|t:|1648001253
|start
|switch|p1a: Tapu Lele|Tapu Lele, shiny|100/100
|switch|p2a: Heatran|Heatran, M|100/100
|-item|p2a: Heatran|Air Balloon
|-fieldstart|move: Psychic Terrain|[from] ability: Psychic Surge|[of] p1a: Tapu Lele
|turn|1
|j| AlIoutdragadarts
|l| AlIoutdragadarts
|
|t:|1648001263
|switch|p1a: Espeon|Espeon, F|100/100
|move|p2a: Heatran|Eruption|p1a: Espeon
|-damage|p1a: Espeon|0 fnt
|faint|p1a: Espeon
|
|upkeep
|
|t:|1648001286
|switch|p1a: Omastar|Omastar, F|100/100
|turn|2
|
|t:|1648001291
|move|p2a: Heatran|Taunt|p1a: Omastar
|-start|p1a: Omastar|move: Taunt
|cant|p1a: Omastar|move: Taunt|Shell Smash
|
|upkeep
|turn|3
|
|t:|1648001314
|switch|p2a: Ferrothorn|Ferrothorn, F|100/100
|switch|p1a: Hawlucha|Hawlucha, M|100/100
|-enditem|p1a: Hawlucha|Psychic Seed
|-boost|p1a: Hawlucha|spd|1|[from] item: Psychic Seed
|
|upkeep
|turn|4
|
|t:|1648001320
|switch|p2a: Tapu Koko|Tapu Koko|100/100
|-fieldstart|move: Electric Terrain|[from] ability: Electric Surge|[of] p2a: Tapu Koko
|move|p1a: Hawlucha|Close Combat|p2a: Tapu Koko
|-resisted|p2a: Tapu Koko
|-damage|p2a: Tapu Koko|66/100
|-unboost|p1a: Hawlucha|def|1
|-unboost|p1a: Hawlucha|spd|1
|
|upkeep
|turn|5
|
|t:|1648001328
|move|p1a: Hawlucha|Close Combat|p2a: Tapu Koko
|-resisted|p2a: Tapu Koko
|-damage|p2a: Tapu Koko|31/100
|-unboost|p1a: Hawlucha|def|1
|-unboost|p1a: Hawlucha|spd|1
|move|p2a: Tapu Koko|Volt Switch|p1a: Hawlucha
|-supereffective|p1a: Hawlucha
|-damage|p1a: Hawlucha|0 fnt
|faint|p1a: Hawlucha
|
|t:|1648001342
|switch|p2a: Heatran|Heatran, M|100/100|[from]move: Volt Switch
|-item|p2a: Heatran|Air Balloon
|
|upkeep
|
|t:|1648001346
|switch|p1a: Tapu Lele|Tapu Lele, shiny|100/100
|-fieldstart|move: Psychic Terrain|[from] ability: Psychic Surge|[of] p1a: Tapu Lele
|turn|6
|
|t:|1648001366
|move|p2a: Heatran|Eruption|p1a: Tapu Lele
|-damage|p1a: Tapu Lele|17/100
|move|p1a: Tapu Lele|Light Screen|p1a: Tapu Lele
|-sidestart|p1: hh66tt|move: Light Screen
|
|upkeep
|turn|7
|
|t:|1648001391
|move|p2a: Heatran|Eruption|p1a: Tapu Lele
|-damage|p1a: Tapu Lele|0 fnt
|faint|p1a: Tapu Lele
|
|upkeep
|inactive|hh66tt has 120 seconds left.
|
|t:|1648001413
|switch|p1a: Omastar|Omastar, F|100/100
|turn|8
|
|t:|1648001423
|move|p2a: Heatran|Taunt|p1a: Omastar
|-start|p1a: Omastar|move: Taunt
|move|p1a: Omastar|Surf|p2a: Heatran
|-supereffective|p2a: Heatran
|-damage|p2a: Heatran|9/100
|-enditem|p2a: Heatran|Air Balloon
|
|upkeep
|turn|9
|
|t:|1648001430
|switch|p2a: Ferrothorn|Ferrothorn, F|100/100
|move|p1a: Omastar|Surf|p2a: Ferrothorn
|-resisted|p2a: Ferrothorn
|-damage|p2a: Ferrothorn|86/100
|
|-heal|p2a: Ferrothorn|93/100|[from] item: Leftovers
|upkeep
|turn|10
|
|t:|1648001437
|move|p1a: Omastar|Ice Beam|p2a: Ferrothorn
|-damage|p2a: Ferrothorn|74/100
|move|p2a: Ferrothorn|Stealth Rock|p1a: Omastar
|-sidestart|p1: hh66tt|move: Stealth Rock
|
|-heal|p2a: Ferrothorn|81/100|[from] item: Leftovers
|-end|p1a: Omastar|move: Taunt
|-sideend|p1: hh66tt|move: Light Screen
|upkeep
|turn|11
|
|t:|1648001452
|move|p1a: Omastar|Shell Smash|p1a: Omastar
|-unboost|p1a: Omastar|def|1
|-unboost|p1a: Omastar|spd|1
|-boost|p1a: Omastar|atk|2
|-boost|p1a: Omastar|spa|2
|-boost|p1a: Omastar|spe|2
|move|p2a: Ferrothorn|Leech Seed|p1a: Omastar
|-start|p1a: Omastar|move: Leech Seed
|
|-heal|p2a: Ferrothorn|87/100|[from] item: Leftovers
|-damage|p1a: Omastar|88/100|[from] Leech Seed|[of] p2a: Ferrothorn
|-heal|p2a: Ferrothorn|97/100|[silent]
|upkeep
|turn|12
|
|t:|1648001467
|move|p1a: Omastar|Ice Beam|p2a: Ferrothorn
|-damage|p2a: Ferrothorn|63/100
|-status|p2a: Ferrothorn|frz
|-curestatus|p2a: Ferrothorn|frz|[msg]
|move|p2a: Ferrothorn|Body Press|p1a: Omastar
|-supereffective|p1a: Omastar
|-damage|p1a: Omastar|17/100
|-ability|p1a: Omastar|Weak Armor|boost
|-unboost|p1a: Omastar|def|1
|-boost|p1a: Omastar|spe|2
|
|-heal|p2a: Ferrothorn|69/100|[from] item: Leftovers
|-damage|p1a: Omastar|4/100|[from] Leech Seed|[of] p2a: Ferrothorn
|-heal|p2a: Ferrothorn|79/100|[silent]
|upkeep
|turn|13
|inactive|big boss 447 has 120 seconds left.
|
|t:|1648001504
|move|p1a: Omastar|Earth Power|p2a: Ferrothorn
|-damage|p2a: Ferrothorn|41/100
|move|p2a: Ferrothorn|Stealth Rock||[still]
|-fail|p2a: Ferrothorn
|
|-heal|p2a: Ferrothorn|48/100|[from] item: Leftovers
|-damage|p1a: Omastar|0 fnt|[from] Leech Seed|[of] p2a: Ferrothorn
|-heal|p2a: Ferrothorn|51/100|[silent]
|faint|p1a: Omastar
|-fieldend|move: Psychic Terrain
|upkeep
|
|t:|1648001513
|switch|p1a: Polteageist|Polteageist, shiny|100/100
|-damage|p1a: Polteageist|88/100|[from] Stealth Rock
|turn|14
|inactive|big boss 447 has 120 seconds left.
|
|t:|1648001525
|move|p1a: Polteageist|Shell Smash|p1a: Polteageist
|-unboost|p1a: Polteageist|def|1
|-unboost|p1a: Polteageist|spd|1
|-boost|p1a: Polteageist|atk|2
|-boost|p1a: Polteageist|spa|2
|-boost|p1a: Polteageist|spe|2
|move|p2a: Ferrothorn|Knock Off|p1a: Polteageist
|-supereffective|p1a: Polteageist
|-damage|p1a: Polteageist|0 fnt
|-enditem|p1a: Polteageist|Focus Sash|[from] move: Knock Off|[of] p2a: Ferrothorn
|faint|p1a: Polteageist
|
|-heal|p2a: Ferrothorn|57/100|[from] item: Leftovers
|upkeep
|-message|hh66tt forfeited.
|
|win|big boss 447
|raw|hh66tt's rating: 1742 &rarr; <strong>1727</strong><br />(-15 for losing)
|raw|big boss 447's rating: 1822 &rarr; <strong>1837</strong><br />(+15 for winning)
|l|☆hh66tt
