|raw|<div class="broadcast-blue"><strong>This battle is required to be public due to a player having a name starting with 'lt91bb'.</div>
|j|☆LT91BB N
|j|☆antarctozolt
|t:|1659001927
|gametype|singles
|player|p1|LT91BB N|blue-gen3|1830
|player|p2|antarctozolt|skier|1902
|teamsize|p1|6
|teamsize|p2|6
|gen|8
|tier|[Gen 8] OU
|rated|
|rule|Sleep Clause Mod: Limit one foe put to sleep
|rule|Species Clause: Limit one of each Pokémon
|rule|OHKO Clause: OHKO moves are banned
|rule|Evasion Moves Clause: Evasion moves are banned
|rule|Endless Battle Clause: Forcing endless battles is banned
|rule|HP Percentage Mod: HP is shown in percentages
|rule|Dynamax Clause: You cannot dynamax
|clearpoke
|poke|p1|Dragapult, F|
|poke|p1|Mew|
|poke|p1|Scizor, F|
|poke|p1|Blaziken, F|
|poke|p1|Garchomp, F|
|poke|p1|Weavile, F|
|poke|p2|Mew|
|poke|p2|Weavile, F|
|poke|p2|Celesteela|
|poke|p2|Crawdaunt, F|
|poke|p2|Garchomp, F|
|poke|p2|Blacephalon|
|teampreview
|j| Mimikyu Stardust
|j| supahotnicememe
|
|t:|1659001947
|start
|switch|p1a: Dragapult|Dragapult, F|100/100
|switch|p2a: リード|Mew, shiny|100/100
|turn|1
|j| IcyHalls
|
|t:|1659001950
|move|p1a: Dragapult|Shadow Ball|p2a: リード
|-supereffective|p2a: リード
|-crit|p2a: リード
|-damage|p2a: リード|0 fnt
|faint|p2a: リード
|
|upkeep
|j| Lunarr
|
|t:|1659001961
|switch|p2a: 攻撃＃5|Blacephalon, shiny|100/100
|turn|2
|j| Barracades
|
|t:|1659001968
|switch|p1a: Weavile|Weavile, F|100/100
|-ability|p1a: Weavile|Pressure
|move|p2a: 攻撃＃5|Shadow Ball|p1a: Weavile
|-resisted|p1a: Weavile
|-damage|p1a: Weavile|65/100
|
|upkeep
|turn|3
|
|t:|1659001976
|switch|p2a: 攻撃＃3|Crawdaunt, F, shiny|100/100
|move|p1a: Weavile|Knock Off|p2a: 攻撃＃3
|-resisted|p2a: 攻撃＃3
|-damage|p2a: 攻撃＃3|53/100
|-enditem|p2a: 攻撃＃3|Life Orb|[from] move: Knock Off|[of] p1a: Weavile
|-damage|p1a: Weavile|55/100|[from] item: Life Orb
|
|upkeep
|turn|4
|j| Krispie creams
|l| IcyHalls
|
|t:|1659001986
|move|p1a: Weavile|Triple Axel|p2a: 攻撃＃3
|-resisted|p2a: 攻撃＃3
|-damage|p2a: 攻撃＃3|43/100
|-resisted|p2a: 攻撃＃3
|-damage|p2a: 攻撃＃3|25/100
|-resisted|p2a: 攻撃＃3
|-damage|p2a: 攻撃＃3|0 fnt
|faint|p2a: 攻撃＃3
|-hitcount|p2: 攻撃＃3|3
|-damage|p1a: Weavile|45/100|[from] item: Life Orb
|
|upkeep
|j| LT91BB uomo bomba
|
|t:|1659001989
|switch|p2a: 攻撃＃1|Weavile, F, shiny|100/100
|-ability|p2a: 攻撃＃1|Pressure
|turn|5
|
|t:|1659001997
|move|p1a: Weavile|Triple Axel|p2a: 攻撃＃1
|-resisted|p2a: 攻撃＃1
|-damage|p2a: 攻撃＃1|89/100
|-resisted|p2a: 攻撃＃1
|-damage|p2a: 攻撃＃1|68/100
|-resisted|p2a: 攻撃＃1
|-damage|p2a: 攻撃＃1|38/100
|-hitcount|p2a: 攻撃＃1|3
|-damage|p1a: Weavile|35/100|[from] item: Life Orb
|move|p2a: 攻撃＃1|Knock Off|p1a: Weavile
|-resisted|p1a: Weavile
|-damage|p1a: Weavile|0 fnt
|-enditem|p1a: Weavile|Life Orb|[from] move: Knock Off|[of] p2a: 攻撃＃1
|faint|p1a: Weavile
|-damage|p2a: 攻撃＃1|28/100|[from] item: Life Orb
|
|upkeep
|j| goats counter
|
|t:|1659002010
|switch|p1a: Blaziken|Blaziken, F|100/100
|-item|p1a: Blaziken|Air Balloon
|turn|6
|
|t:|1659002013
|move|p2a: 攻撃＃1|Triple Axel|p1a: Blaziken
|-resisted|p1a: Blaziken
|-damage|p1a: Blaziken|89/100
|-enditem|p1a: Blaziken|Air Balloon
|-resisted|p1a: Blaziken
|-damage|p1a: Blaziken|69/100
|-resisted|p1a: Blaziken
|-damage|p1a: Blaziken|36/100
|-hitcount|p1a: Blaziken|3
|-damage|p2a: 攻撃＃1|18/100|[from] item: Life Orb
|move|p1a: Blaziken|Swords Dance|p1a: Blaziken
|-boost|p1a: Blaziken|atk|2
|
|-ability|p1a: Blaziken|Speed Boost|boost
|-boost|p1a: Blaziken|spe|1
|upkeep
|turn|7
|
|t:|1659002023
|move|p2a: 攻撃＃1|Ice Shard|p1a: Blaziken
|-resisted|p1a: Blaziken
|-damage|p1a: Blaziken|15/100
|-damage|p2a: 攻撃＃1|8/100|[from] item: Life Orb
|move|p1a: Blaziken|Thunder Punch|p2a: 攻撃＃1
|-damage|p2a: 攻撃＃1|0 fnt
|faint|p2a: 攻撃＃1
|
|-ability|p1a: Blaziken|Speed Boost|boost
|-boost|p1a: Blaziken|spe|1
|upkeep
|
|t:|1659002033
|switch|p2a: 攻撃＃5|Blacephalon, shiny|100/100
|turn|8
|j| LT91BB Livio
|
|t:|1659002041
|switch|p2a: 攻撃＃4|Garchomp, F, shiny|100/100
|move|p1a: Blaziken|Thunder Punch|p2a: 攻撃＃4
|-immune|p2a: 攻撃＃4
|
|-ability|p1a: Blaziken|Speed Boost|boost
|-boost|p1a: Blaziken|spe|1
|upkeep
|turn|9
|
|t:|1659002044
|move|p1a: Blaziken|Close Combat|p2a: 攻撃＃4
|-damage|p2a: 攻撃＃4|0 fnt
|-unboost|p1a: Blaziken|def|1
|-unboost|p1a: Blaziken|spd|1
|-damage|p1a: Blaziken|3/100|[from] ability: Rough Skin|[of] p2a: 攻撃＃4
|faint|p2a: 攻撃＃4
|
|-ability|p1a: Blaziken|Speed Boost|boost
|-boost|p1a: Blaziken|spe|1
|upkeep
|
|t:|1659002047
|switch|p2a: 攻撃＃2|Celesteela, shiny|100/100
|turn|10
|
|t:|1659002057
|move|p1a: Blaziken|Flare Blitz|p2a: 攻撃＃2
|-supereffective|p2a: 攻撃＃2
|-damage|p2a: 攻撃＃2|0 fnt
|faint|p2a: 攻撃＃2
|-damage|p1a: Blaziken|0 fnt|[from] Recoil
|faint|p1a: Blaziken
|
|upkeep
|
|t:|1659002059
|switch|p1a: Garchomp|Garchomp, F|100/100
|switch|p2a: 攻撃＃5|Blacephalon, shiny|100/100
|turn|11
|
|t:|1659002061
|move|p2a: 攻撃＃5|Shadow Ball|p1a: Garchomp
|-damage|p1a: Garchomp|43/100
|-unboost|p1a: Garchomp|spd|1
|move|p1a: Garchomp|Earthquake|p2a: 攻撃＃5
|-supereffective|p2a: 攻撃＃5
|-damage|p2a: 攻撃＃5|0 fnt
|faint|p2a: 攻撃＃5
|-damage|p1a: Garchomp|33/100|[from] item: Life Orb
|
|win|LT91BB N
|raw|LT91BB N's rating: 1830 &rarr; <strong>1854</strong><br />(+24 for winning)
|raw|antarctozolt's rating: 1902 &rarr; <strong>1878</strong><br />(-24 for losing)
|l|☆antarctozolt
|l| Barracades
|l| LT91BB Livio
|l|☆LT91BB N
|l| Krispie creams
|l| Mimikyu Stardust
|j| JooshP
|l| JooshP
|j| egal★vanc
|l| egal★vanc
|l| supahotnicememe
