|j|☆8balljacketguy
|j|☆iNinety
|t:|1625600121
|gametype|singles
|player|p1|8balljacketguy|red|1437
|player|p2|iNinety|caitlin|1396
|teamsize|p1|6
|teamsize|p2|6
|gen|8
|tier|[Gen 8] OU
|rated|
|rule|Sleep Clause Mod: Limit one foe put to sleep
|rule|Species Clause: Limit one of each Pokémon
|rule|OHKO Clause: OHKO moves are banned
|rule|Evasion Moves Clause: Evasion moves are banned
|rule|Endless Battle Clause: Forcing endless battles is banned
|rule|HP Percentage Mod: HP is shown in percentages
|rule|Dynamax Clause: You cannot dynamax
|clearpoke
|poke|p1|Volcanion|
|poke|p1|Rillaboom, F|
|poke|p1|Hawlucha, F|
|poke|p1|Landorus-Therian, M|
|poke|p1|Tapu Fini|
|poke|p1|Kommo-o, M|
|poke|p2|Rillaboom, F|
|poke|p2|Mew|
|poke|p2|Excadrill, M|
|poke|p2|Volcarona, M|
|poke|p2|Hawlucha, F|
|poke|p2|Nidoking, M|
|teampreview
|inactive|Battle timer is ON: inactive players will automatically lose when time's up. (requested by 8balljacketguy)
|
|t:|1625600139
|start
|switch|p1a: Rillaboom|Rillaboom, F|100/100
|switch|p2a: Nidoking|Nidoking, M|100/100
|-fieldstart|move: Grassy Terrain|[from] ability: Grassy Surge|[of] p1a: Rillaboom
|turn|1
|inactive|8balljacketguy has 120 seconds left.
|
|t:|1625600174
|move|p1a: Rillaboom|Grassy Glide|p2a: Nidoking
|-damage|p2a: Nidoking|15/100
|move|p2a: Nidoking|Sludge Wave|p1a: Rillaboom
|-supereffective|p1a: Rillaboom
|-damage|p1a: Rillaboom|0 fnt
|faint|p1a: Rillaboom
|
|-heal|p2a: Nidoking|21/100|[from] Grassy Terrain
|upkeep
|inactive|8balljacketguy has 120 seconds left.
|
|t:|1625600183
|switch|p1a: Hawlucha|Hawlucha, F|100/100
|-enditem|p1a: Hawlucha|Grassy Seed
|-boost|p1a: Hawlucha|def|1|[from] item: Grassy Seed
|turn|2
|
|t:|1625600192
|move|p1a: Hawlucha|Acrobatics|p2a: Nidoking
|-damage|p2a: Nidoking|0 fnt
|faint|p2a: Nidoking
|
|upkeep
|j| BoiseBear
|inactive|iNinety has 120 seconds left.
|
|t:|1625600227
|switch|p2a: Hawlucha|Hawlucha, F|100/100
|-enditem|p2a: Hawlucha|Grassy Seed
|-boost|p2a: Hawlucha|def|1|[from] item: Grassy Seed
|turn|3
|inactive|iNinety has 120 seconds left.
|
|t:|1625600247
|move|p1a: Hawlucha|Acrobatics|p2a: Hawlucha
|-supereffective|p2a: Hawlucha
|-damage|p2a: Hawlucha|0 fnt
|faint|p2a: Hawlucha
|
|upkeep
|
|t:|1625600255
|switch|p2a: Mew|Mew|100/100
|turn|4
|
|t:|1625600261
|move|p1a: Hawlucha|Acrobatics|p2a: Mew
|-damage|p2a: Mew|59/100
|move|p2a: Mew|Cosmic Power|p2a: Mew
|-boost|p2a: Mew|def|1
|-boost|p2a: Mew|spd|1
|
|-heal|p2a: Mew|65/100|[from] Grassy Terrain
|upkeep
|turn|5
|inactive|iNinety has 120 seconds left.
|inactive|iNinety has 90 seconds left.
|
|t:|1625600297
|move|p1a: Hawlucha|Swords Dance|p1a: Hawlucha
|-boost|p1a: Hawlucha|atk|2
|move|p2a: Mew|Nasty Plot|p2a: Mew
|-boost|p2a: Mew|spa|2
|
|-heal|p2a: Mew|71/100|[from] Grassy Terrain
|-fieldend|move: Grassy Terrain
|upkeep
|turn|6
|
|t:|1625600302
|move|p1a: Hawlucha|Acrobatics|p2a: Mew
|-damage|p2a: Mew|12/100
|move|p2a: Mew|Draining Kiss|p1a: Hawlucha
|-supereffective|p1a: Hawlucha
|-damage|p1a: Hawlucha|30/100
|-heal|p2a: Mew|51/100|[from] drain|[of] p1a: Hawlucha
|
|upkeep
|turn|7
|
|t:|1625600313
|move|p1a: Hawlucha|Acrobatics|p2a: Mew
|-damage|p2a: Mew|0 fnt
|faint|p2a: Mew
|
|upkeep
|
|t:|1625600317
|switch|p2a: Excadrill|Excadrill, M|100/100
|-ability|p2a: Excadrill|Mold Breaker
|turn|8
|
|t:|1625600321
|move|p1a: Hawlucha|Close Combat|p2a: Excadrill
|-supereffective|p2a: Excadrill
|-enditem|p2a: Excadrill|Focus Sash
|-damage|p2a: Excadrill|1/100
|-unboost|p1a: Hawlucha|def|1
|-unboost|p1a: Hawlucha|spd|1
|move|p2a: Excadrill|Iron Head|p1a: Hawlucha
|-damage|p1a: Hawlucha|0 fnt
|faint|p1a: Hawlucha
|
|upkeep
|
|t:|1625600327
|switch|p1a: Tapu Fini|Tapu Fini|100/100
|-fieldstart|move: Misty Terrain|[from] ability: Misty Surge|[of] p1a: Tapu Fini
|turn|9
|
|t:|1625600334
|move|p1a: Tapu Fini|Moonblast|p2a: Excadrill
|-resisted|p2a: Excadrill
|-damage|p2a: Excadrill|0 fnt
|faint|p2a: Excadrill
|
|upkeep
|
|t:|1625600339
|switch|p2a: Volcarona|Volcarona, M|100/100
|turn|10
|
|t:|1625600343
|switch|p1a: Volcanion|Volcanion|100/100
|move|p2a: Volcarona|Quiver Dance|p2a: Volcarona
|-boost|p2a: Volcarona|spa|1
|-boost|p2a: Volcarona|spd|1
|-boost|p2a: Volcarona|spe|1
|
|upkeep
|turn|11
|
|t:|1625600351
|move|p2a: Volcarona|Quiver Dance|p2a: Volcarona
|-boost|p2a: Volcarona|spa|1
|-boost|p2a: Volcarona|spd|1
|-boost|p2a: Volcarona|spe|1
|move|p1a: Volcanion|Haze|p1a: Volcanion
|-clearallboost
|
|upkeep
|turn|12
|
|t:|1625600359
|switch|p2a: Rillaboom|Rillaboom, F, shiny|100/100
|-fieldstart|move: Grassy Terrain|[from] ability: Grassy Surge|[of] p2a: Rillaboom
|move|p1a: Volcanion|Steam Eruption|p2a: Rillaboom
|-resisted|p2a: Rillaboom
|-damage|p2a: Rillaboom|63/100
|-status|p2a: Rillaboom|brn
|
|-heal|p2a: Rillaboom|69/100 brn|[from] Grassy Terrain
|-damage|p2a: Rillaboom|63/100 brn|[from] brn
|upkeep
|turn|13
|
|t:|1625600367
|switch|p1a: Kommo-o|Kommo-o, M|100/100
|move|p2a: Rillaboom|Wood Hammer|p1a: Kommo-o
|-resisted|p1a: Kommo-o
|-damage|p1a: Kommo-o|73/100
|-damage|p2a: Rillaboom|54/100 brn|[from] Recoil
|
|-heal|p2a: Rillaboom|61/100 brn|[from] Grassy Terrain
|-heal|p1a: Kommo-o|79/100|[from] Grassy Terrain
|-damage|p2a: Rillaboom|54/100 brn|[from] brn
|upkeep
|turn|14
|
|t:|1625600371
|switch|p2a: Volcarona|Volcarona, M|100/100
|move|p1a: Kommo-o|Clangorous Soul|p1a: Kommo-o
|-boost|p1a: Kommo-o|atk|1
|-boost|p1a: Kommo-o|def|1
|-boost|p1a: Kommo-o|spa|1
|-boost|p1a: Kommo-o|spd|1
|-boost|p1a: Kommo-o|spe|1
|-damage|p1a: Kommo-o|46/100
|
|-heal|p1a: Kommo-o|52/100|[from] Grassy Terrain
|upkeep
|turn|15
|
|t:|1625600377
|move|p1a: Kommo-o|Boomburst|p2a: Volcarona
|-damage|p2a: Volcarona|40/100
|move|p2a: Volcarona|Quiver Dance|p2a: Volcarona
|-boost|p2a: Volcarona|spa|1
|-boost|p2a: Volcarona|spd|1
|-boost|p2a: Volcarona|spe|1
|
|-heal|p2a: Volcarona|46/100|[from] Grassy Terrain
|-heal|p1a: Kommo-o|58/100|[from] Grassy Terrain
|upkeep
|turn|16
|
|t:|1625600380
|move|p2a: Volcarona|Psychic|p1a: Kommo-o
|-supereffective|p1a: Kommo-o
|-damage|p1a: Kommo-o|12/100
|move|p1a: Kommo-o|Boomburst|p2a: Volcarona
|-damage|p2a: Volcarona|4/100
|
|-heal|p2a: Volcarona|10/100|[from] Grassy Terrain
|-heal|p1a: Kommo-o|18/100|[from] Grassy Terrain
|-fieldend|move: Grassy Terrain
|upkeep
|turn|17
|j| TTV.Artski101
|
|t:|1625600384
|move|p2a: Volcarona|Roost|p2a: Volcarona
|-heal|p2a: Volcarona|60/100
|-singleturn|p2a: Volcarona|move: Roost
|move|p1a: Kommo-o|Boomburst|p2a: Volcarona
|-damage|p2a: Volcarona|19/100
|
|upkeep
|turn|18
|
|t:|1625600388
|move|p2a: Volcarona|Roost|p2a: Volcarona
|-heal|p2a: Volcarona|69/100
|-singleturn|p2a: Volcarona|move: Roost
|move|p1a: Kommo-o|Rest|p1a: Kommo-o
|-status|p1a: Kommo-o|slp|[from] move: Rest
|-heal|p1a: Kommo-o|100/100 slp|[silent]
|-enditem|p1a: Kommo-o|Chesto Berry|[eat]
|-curestatus|p1a: Kommo-o|slp|[msg]
|
|upkeep
|turn|19
|
|t:|1625600391
|move|p2a: Volcarona|Quiver Dance|p2a: Volcarona
|-boost|p2a: Volcarona|spa|1
|-boost|p2a: Volcarona|spd|1
|-boost|p2a: Volcarona|spe|1
|move|p1a: Kommo-o|Clangorous Soul|p1a: Kommo-o
|-boost|p1a: Kommo-o|atk|1
|-boost|p1a: Kommo-o|def|1
|-boost|p1a: Kommo-o|spa|1
|-boost|p1a: Kommo-o|spd|1
|-boost|p1a: Kommo-o|spe|1
|-damage|p1a: Kommo-o|68/100
|
|upkeep
|turn|20
|
|t:|1625600397
|move|p2a: Volcarona|Quiver Dance|p2a: Volcarona
|-boost|p2a: Volcarona|spa|1
|-boost|p2a: Volcarona|spd|1
|-boost|p2a: Volcarona|spe|1
|move|p1a: Kommo-o|Clangorous Soul|p1a: Kommo-o
|-boost|p1a: Kommo-o|atk|1
|-boost|p1a: Kommo-o|def|1
|-boost|p1a: Kommo-o|spa|1
|-boost|p1a: Kommo-o|spd|1
|-boost|p1a: Kommo-o|spe|1
|-damage|p1a: Kommo-o|35/100
|
|upkeep
|turn|21
|
|t:|1625600402
|move|p2a: Volcarona|Psychic|p1a: Kommo-o
|-supereffective|p1a: Kommo-o
|-damage|p1a: Kommo-o|0 fnt
|faint|p1a: Kommo-o
|
|upkeep
|
|t:|1625600406
|switch|p1a: Volcanion|Volcanion|100/100
|turn|22
|
|t:|1625600410
|move|p2a: Volcarona|Psychic|p1a: Volcanion
|-damage|p1a: Volcanion|33/100
|move|p1a: Volcanion|Haze|p1a: Volcanion
|-clearallboost
|
|-heal|p1a: Volcanion|39/100|[from] item: Leftovers
|upkeep
|turn|23
|
|t:|1625600417
|move|p2a: Volcarona|Psychic|p1a: Volcanion
|-damage|p1a: Volcanion|13/100
|move|p1a: Volcanion|Flamethrower|p2a: Volcarona
|-damage|p2a: Volcarona|27/100
|
|-heal|p1a: Volcanion|19/100|[from] item: Leftovers
|upkeep
|turn|24
|
|t:|1625600426
|move|p2a: Volcarona|Psychic|p1a: Volcanion
|-damage|p1a: Volcanion|0 fnt
|faint|p1a: Volcanion
|
|upkeep
|
|t:|1625600428
|switch|p1a: Tapu Fini|Tapu Fini|100/100
|-fieldstart|move: Misty Terrain|[from] ability: Misty Surge|[of] p1a: Tapu Fini
|turn|25
|
|t:|1625600452
|move|p1a: Tapu Fini|Scald|p2a: Volcarona
|-supereffective|p2a: Volcarona
|-damage|p2a: Volcarona|0 fnt
|faint|p2a: Volcarona
|
|upkeep
|
|t:|1625600453
|switch|p2a: Rillaboom|Rillaboom, F, shiny|54/100 brn
|-fieldstart|move: Grassy Terrain|[from] ability: Grassy Surge|[of] p2a: Rillaboom
|turn|26
|
|t:|1625600459
|switch|p1a: Landorus|Landorus-Therian, M|100/100
|-ability|p1a: Landorus|Intimidate|boost
|-unboost|p2a: Rillaboom|atk|1
|move|p2a: Rillaboom|Grassy Glide|p1a: Landorus
|-damage|p1a: Landorus|83/100
|
|-heal|p1a: Landorus|89/100|[from] item: Leftovers
|-heal|p2a: Rillaboom|61/100 brn|[from] Grassy Terrain
|-damage|p2a: Rillaboom|54/100 brn|[from] brn
|upkeep
|turn|27
|
|t:|1625600470
|move|p2a: Rillaboom|Grassy Glide|p1a: Landorus
|-damage|p1a: Landorus|70/100
|move|p1a: Landorus|Stone Edge|p2a: Rillaboom
|-damage|p2a: Rillaboom|26/100 brn
|
|-heal|p1a: Landorus|76/100|[from] item: Leftovers
|-heal|p2a: Rillaboom|32/100 brn|[from] Grassy Terrain
|-damage|p2a: Rillaboom|26/100 brn|[from] brn
|upkeep
|turn|28
|
|t:|1625600473
|move|p2a: Rillaboom|Grassy Glide|p1a: Landorus
|-damage|p1a: Landorus|59/100
|move|p1a: Landorus|Stone Edge|p2a: Rillaboom|[miss]
|-miss|p1a: Landorus|p2a: Rillaboom
|
|-heal|p1a: Landorus|65/100|[from] item: Leftovers
|-heal|p2a: Rillaboom|32/100 brn|[from] Grassy Terrain
|-damage|p2a: Rillaboom|26/100 brn|[from] brn
|upkeep
|turn|29
|
|t:|1625600477
|move|p2a: Rillaboom|Grassy Glide|p1a: Landorus
|-damage|p1a: Landorus|49/100
|move|p1a: Landorus|Stone Edge|p2a: Rillaboom
|-damage|p2a: Rillaboom|0 fnt
|faint|p2a: Rillaboom
|
|win|8balljacketguy
|raw|8balljacketguy's rating: 1437 &rarr; <strong>1455</strong><br />(+18 for winning)
|raw|iNinety's rating: 1396 &rarr; <strong>1378</strong><br />(-18 for losing)
|c|☆8balljacketguy|Gg
|c|☆iNinety|Ggs
|l|☆8balljacketguy
|l| BoiseBear
|l| TTV.Artski101
|j| TTV.Artski101
||Ladder isn't responding, score probably updated but might not have (Request timeout).
