|j|☆I DONT REPLY
|j|☆not mb
|t:|1654061325
|gametype|singles
|player|p1|I DONT REPLY|101|1826
|player|p2|not mb|#wcop2022canada|1800
|teamsize|p1|6
|teamsize|p2|6
|gen|8
|tier|[Gen 8] OU
|rated|
|rule|Sleep Clause Mod: Limit one foe put to sleep
|rule|Species Clause: Limit one of each Pokémon
|rule|OHKO Clause: OHKO moves are banned
|rule|Evasion Moves Clause: Evasion moves are banned
|rule|Endless Battle Clause: Forcing endless battles is banned
|rule|HP Percentage Mod: HP is shown in percentages
|rule|Dynamax Clause: You cannot dynamax
|clearpoke
|poke|p1|Bisharp, F|
|poke|p1|Buzzwole|
|poke|p1|Tornadus-Therian, M|
|poke|p1|Victini|
|poke|p1|Landorus-Therian, M|
|poke|p1|Slowking-Galar, F|
|poke|p2|Nihilego|
|poke|p2|Zapdos-Galar|
|poke|p2|Kartana|
|poke|p2|Celesteela|
|poke|p2|Garchomp, F|
|poke|p2|Tapu Fini|
|teampreview
|j| kamiomaple01
|c|☆not mb|norty :3
|j| atvin
|c|☆I DONT REPLY|its not norton bro
|c| atvin|send me ur team
|c| atvin|norton
|c|☆not mb|zanrock :3
|inactive|Battle timer is ON: inactive players will automatically lose when time's up. (requested by not mb)
|c|☆I DONT REPLY|not corazan too
|
|t:|1654061399
|start
|switch|p1a: Victini|Victini|100/100
|switch|p2a: Nihilego|Nihilego|100/100
|turn|1
|j| GROSS SAMPLE TEAM
|
|t:|1654061420
|move|p1a: Victini|Final Gambit|p2a: Nihilego
|-damage|p2a: Nihilego|0 fnt
|faint|p1a: Victini
|faint|p2a: Nihilego
|
|upkeep
|l| GROSS SAMPLE TEAM
|l| atvin
|c|☆not mb|its me
|inactive|not mb has 120 seconds left.
|
|t:|1654061448
|switch|p2a: Garchomp|Garchomp, F|100/100
|switch|p1a: Tornadus|Tornadus-Therian, M|100/100
|turn|2
|
|t:|1654061453
|move|p1a: Tornadus|U-turn|p2a: Garchomp
|-damage|p2a: Garchomp|88/100
|-damage|p1a: Tornadus|88/100|[from] ability: Rough Skin|[of] p2a: Garchomp
|-damage|p1a: Tornadus|71/100|[from] item: Rocky Helmet|[of] p2a: Garchomp
|
|t:|1654061457
|switch|p1a: Landorus|Landorus-Therian, M|100/100|[from]move: U-turn
|-ability|p1a: Landorus|Intimidate|boost
|-unboost|p2a: Garchomp|atk|1
|move|p2a: Garchomp|Toxic|p1a: Landorus
|-status|p1a: Landorus|tox
|
|-damage|p1a: Landorus|95/100 tox|[from] psn
|upkeep
|turn|3
|
|t:|1654061466
|move|p2a: Garchomp|Stealth Rock|p1a: Landorus
|-sidestart|p1: I DONT REPLY|move: Stealth Rock
|move|p1a: Landorus|Stealth Rock|p2a: Garchomp
|-sidestart|p2: not mb|move: Stealth Rock
|
|-damage|p1a: Landorus|83/100 tox|[from] psn
|upkeep
|turn|4
|inactive|not mb has 120 seconds left.
|
|t:|1654061509
|switch|p2a: Kartana|Kartana|100/100
|-damage|p2a: Kartana|94/100|[from] Stealth Rock
|move|p1a: Landorus|Swords Dance|p1a: Landorus
|-boost|p1a: Landorus|atk|2
|
|-damage|p1a: Landorus|65/100 tox|[from] psn
|upkeep
|turn|5
|
|t:|1654061516
|switch|p1a: Buzzwole|Buzzwole|100/100
|move|p2a: Kartana|Leaf Blade|p1a: Buzzwole
|-resisted|p1a: Buzzwole
|-damage|p1a: Buzzwole|85/100
|
|upkeep
|turn|6
|
|t:|1654061530
|switch|p2a: Tapu Fini|Tapu Fini|100/100
|-damage|p2a: Tapu Fini|88/100|[from] Stealth Rock
|-fieldstart|move: Misty Terrain|[from] ability: Misty Surge|[of] p2a: Tapu Fini
|move|p1a: Buzzwole|Ice Punch|p2a: Tapu Fini
|-resisted|p2a: Tapu Fini
|-damage|p2a: Tapu Fini|80/100
|
|-heal|p2a: Tapu Fini|86/100|[from] item: Leftovers
|upkeep
|turn|7
|j| Kwaga
|
|t:|1654061553
|switch|p2a: Garchomp|Garchomp, F|88/100
|-damage|p2a: Garchomp|81/100|[from] Stealth Rock
|switch|p1a: Slowking|Slowking-Galar, F|100/100
|
|upkeep
|turn|8
|
|t:|1654061562
|switch|p1a: Buzzwole|Buzzwole|85/100
|move|p2a: Garchomp|Earthquake|p1a: Buzzwole
|-resisted|p1a: Buzzwole
|-damage|p1a: Buzzwole|74/100
|
|upkeep
|turn|9
|
|t:|1654061568
|move|p2a: Garchomp|Fire Blast|p1a: Buzzwole
|-supereffective|p1a: Buzzwole
|-damage|p1a: Buzzwole|21/100
|move|p1a: Buzzwole|Roost|p1a: Buzzwole
|-heal|p1a: Buzzwole|71/100
|-singleturn|p1a: Buzzwole|move: Roost
|
|upkeep
|turn|10
|
|t:|1654061575
|move|p2a: Garchomp|Fire Blast|p1a: Buzzwole
|-supereffective|p1a: Buzzwole
|-damage|p1a: Buzzwole|20/100
|move|p1a: Buzzwole|Ice Punch|p2a: Garchomp
|-supereffective|p2a: Garchomp
|-damage|p2a: Garchomp|3/100
|-damage|p1a: Buzzwole|7/100|[from] ability: Rough Skin|[of] p2a: Garchomp
|-damage|p1a: Buzzwole|0 fnt|[from] item: Rocky Helmet|[of] p2a: Garchomp
|faint|p1a: Buzzwole
|
|-fieldend|Misty Terrain
|upkeep
|c|☆not mb|u suck noob
|c|☆not mb|kek
|
|t:|1654061581
|switch|p1a: Tornadus|Tornadus-Therian, M|100/100
|turn|11
|c|☆I DONT REPLY|oh its empo
|c|☆I DONT REPLY|sup
|inactive|not mb has 120 seconds left.
|c|☆not mb|sayuze
|c|☆not mb|sup sayuze
|c|☆I DONT REPLY|sup whoever
|c|☆not mb|i was banned for bigotry
|j| UnBeatableTR26
|c| Kwaga|lol
|inactive|not mb has 90 seconds left.
|c|☆not mb|Why call me stupid qian
|c| UnBeatableTR26|kwaga the other battle ended
|c| Kwaga|who won?
|inactive|not mb has 60 seconds left.
|c| Kwaga|cloud?
|c| UnBeatableTR26|dude got packed out by curse gastro
|c|☆not mb|ur mom
|
|t:|1654061667
|switch|p2a: Tapu Fini|Tapu Fini|86/100
|-damage|p2a: Tapu Fini|74/100|[from] Stealth Rock
|-fieldstart|move: Misty Terrain|[from] ability: Misty Surge|[of] p2a: Tapu Fini
|move|p1a: Tornadus|Heat Wave|p2a: Tapu Fini
|-resisted|p2a: Tapu Fini
|-damage|p2a: Tapu Fini|64/100
|
|-heal|p2a: Tapu Fini|70/100|[from] item: Leftovers
|upkeep
|turn|12
|c| Kwaga|o shit
|c|☆not mb|LOL!
|inactive|not mb has 60 seconds left.
|c| UnBeatableTR26|cloud losr
|c| Kwaga|cloudnine lost
|c| UnBeatableTR26|lost
|c| Kwaga|XD
|
|t:|1654061681
|move|p1a: Tornadus|Knock Off|p2a: Tapu Fini
|-resisted|p2a: Tapu Fini
|-damage|p2a: Tapu Fini|63/100
|-enditem|p2a: Tapu Fini|Leftovers|[from] move: Knock Off|[of] p1a: Tornadus
|move|p2a: Tapu Fini|Scald|p1a: Tornadus
|-damage|p1a: Tornadus|75/100
|
|upkeep
|turn|13
|
|t:|1654061686
|move|p1a: Tornadus|U-turn|p2a: Tapu Fini
|-resisted|p2a: Tapu Fini
|-damage|p2a: Tapu Fini|57/100
|c| Kwaga|he has the most passive pu$$y team ive ever seen
|
|t:|1654061689
|switch|p1a: Slowking|Slowking-Galar, F|100/100|[from]move: U-turn
|move|p2a: Tapu Fini|Scald|p1a: Slowking
|-damage|p1a: Slowking|77/100
|
|upkeep
|turn|14
|c| UnBeatableTR26|facts
|c| UnBeatableTR26|its banned from talking too
|c| UnBeatableTR26|i wonder what he did
|c| Kwaga|he rages a lot
|
|t:|1654061706
|switch|p2a: Kartana|Kartana|94/100
|-damage|p2a: Kartana|88/100|[from] Stealth Rock
|switch|p1a: Tornadus|Tornadus-Therian, M|100/100
|
|upkeep
|turn|15
|c| Kwaga|prob said soemthing
|j| OneTreeWaiting
|c| UnBeatableTR26|is it normal rage?
|
|t:|1654061721
|switch|p2a: Garchomp|Garchomp, F|3/100
|-damage|p2a: Garchomp|0 fnt|[from] Stealth Rock
|faint|p2a: Garchomp
|move|p1a: Tornadus|Heat Wave|p2: Garchomp|[notarget]
|-fail|p1a: Tornadus
|
|-fieldend|Misty Terrain
|upkeep
|
|t:|1654061724
|switch|p2a: Celesteela|Celesteela|100/100
|-damage|p2a: Celesteela|88/100|[from] Stealth Rock
|turn|16
|c| UnBeatableTR26|or does he say racist or homophobic things?
|c| Kwaga|its virgin stall basement dweller rage
|c| UnBeatableTR26|LMAAAOO
|j| pkmn cypher 2013
|
|t:|1654061744
|move|p1a: Tornadus|U-turn|p2a: Celesteela
|-resisted|p2a: Celesteela
|-damage|p2a: Celesteela|84/100
|
|t:|1654061746
|switch|p1a: Slowking|Slowking-Galar, F|100/100|[from]move: U-turn
|move|p2a: Celesteela|Meteor Beam||[still]
|-prepare|p2a: Celesteela|Meteor Beam
|-boost|p2a: Celesteela|spa|1
|-enditem|p2a: Celesteela|Power Herb
|-anim|p2a: Celesteela|Meteor Beam|p1a: Slowking
|-damage|p1a: Slowking|52/100
|
|upkeep
|turn|17
|inactive|not mb has 90 seconds left.
|
|t:|1654061765
|switch|p1a: Landorus|Landorus-Therian, M|65/100 tox
|-damage|p1a: Landorus|53/100 tox|[from] Stealth Rock
|-ability|p1a: Landorus|Intimidate|boost
|-unboost|p2a: Celesteela|atk|1
|move|p2a: Celesteela|Meteor Beam||[still]
|-prepare|p2a: Celesteela|Meteor Beam
|-boost|p2a: Celesteela|spa|1
|
|-damage|p1a: Landorus|47/100 tox|[from] psn
|upkeep
|turn|18
|
|t:|1654061768
|move|p1a: Landorus|Explosion|p2a: Celesteela
|-enditem|p1a: Landorus|Normal Gem|[from] gem
|-resisted|p2a: Celesteela
|-damage|p2a: Celesteela|22/100
|faint|p1a: Landorus
|move|p2a: Celesteela|Meteor Beam|p1: Landorus|[from]lockedmove|[notarget]
|-fail|p2a: Celesteela
|
|upkeep
|
|t:|1654061774
|switch|p1a: Tornadus|Tornadus-Therian, M|100/100
|turn|19
|inactive|not mb has 90 seconds left.
|
|t:|1654061798
|move|p1a: Tornadus|Heat Wave|p2a: Celesteela
|-supereffective|p2a: Celesteela
|-damage|p2a: Celesteela|0 fnt
|faint|p2a: Celesteela
|
|upkeep
|inactive|not mb has 90 seconds left.
|
|t:|1654061809
|switch|p2a: Tapu Fini|Tapu Fini|57/100
|-damage|p2a: Tapu Fini|45/100|[from] Stealth Rock
|-fieldstart|move: Misty Terrain|[from] ability: Misty Surge|[of] p2a: Tapu Fini
|turn|20
|inactive|not mb has 90 seconds left.
|
|t:|1654061820
|move|p1a: Tornadus|Knock Off|p2a: Tapu Fini
|-resisted|p2a: Tapu Fini
|-crit|p2a: Tapu Fini
|-damage|p2a: Tapu Fini|37/100
|move|p2a: Tapu Fini|Scald|p1a: Tornadus
|-damage|p1a: Tornadus|70/100
|
|upkeep
|turn|21
|j| Devilex
|inactive|not mb has 90 seconds left.
|
|t:|1654061834
|switch|p2a: Zapdos|Zapdos-Galar|100/100
|-damage|p2a: Zapdos|88/100|[from] Stealth Rock
|move|p1a: Tornadus|U-turn|p2a: Zapdos
|-resisted|p2a: Zapdos
|-damage|p2a: Zapdos|84/100
|
|t:|1654061842
|switch|p1a: Bisharp|Bisharp, F|100/100|[from]move: U-turn
|-damage|p1a: Bisharp|95/100|[from] Stealth Rock
|
|upkeep
|turn|22
|
|t:|1654061848
|move|p1a: Bisharp|Sucker Punch|p2a: Zapdos
|-resisted|p2a: Zapdos
|-damage|p2a: Zapdos|49/100
|move|p2a: Zapdos|Close Combat|p1a: Bisharp
|-supereffective|p1a: Bisharp
|-damage|p1a: Bisharp|0 fnt
|-unboost|p2a: Zapdos|def|1
|-unboost|p2a: Zapdos|spd|1
|faint|p1a: Bisharp
|
|upkeep
|
|t:|1654061854
|switch|p1a: Slowking|Slowking-Galar, F|85/100
|turn|23
|
|t:|1654061863
|switch|p2a: Kartana|Kartana|88/100
|-damage|p2a: Kartana|82/100|[from] Stealth Rock
|move|p1a: Slowking|Psychic|p2a: Kartana
|-resisted|p2a: Kartana
|-damage|p2a: Kartana|19/100
|-unboost|p2a: Kartana|spd|1
|
|upkeep
|turn|24
|
|t:|1654061871
|switch|p1a: Tornadus|Tornadus-Therian, M|100/100
|move|p2a: Kartana|Knock Off|p1a: Tornadus
|-damage|p1a: Tornadus|51/100
|-enditem|p1a: Tornadus|Heavy-Duty Boots|[from] move: Knock Off|[of] p2a: Kartana
|
|-fieldend|Misty Terrain
|upkeep
|turn|25
|inactive|not mb has 90 seconds left.
|c| Kwaga|if you had hurricane this woul dbe over
|inactive|I DONT REPLY has 120 seconds left.
|c| Kwaga|assuming you hit them
|j| voltorb flipper
|inactive|not mb has 60 seconds left.
|c|☆I DONT REPLY|No shit
|c|☆not mb|Yo rav
|j| KMTQ
|c|☆not mb|sup bro
|c| voltorb flipper|i flip voltorbs for fun
|c|☆not mb|HEHEHEHEHEHHEHEHEHEHEHEHHEE
|c|☆not mb|Dude
|c|☆not mb|HOHOHOHOHOOHOHOOH
|inactive|not mb has 30 seconds left.
|inactive|not mb has 20 seconds left.
|inactive|not mb has 15 seconds left.
|c|☆not mb|Does smart strik kill
|inactive|not mb has 10 seconds left.
|inactive|not mb has 5 seconds left.
|
|t:|1654061988
|switch|p2a: Tapu Fini|Tapu Fini|37/100
|-damage|p2a: Tapu Fini|25/100|[from] Stealth Rock
|-fieldstart|move: Misty Terrain|[from] ability: Misty Surge|[of] p2a: Tapu Fini
|move|p1a: Tornadus|Knock Off|p2a: Tapu Fini
|-resisted|p2a: Tapu Fini
|-damage|p2a: Tapu Fini|20/100
|
|upkeep
|turn|26
|inactive|not mb has 15 seconds left this turn.
|inactive|not mb has 10 seconds left.
|
|t:|1654061995
|move|p1a: Tornadus|Defog|p2a: Tapu Fini
|-unboost|p2a: Tapu Fini|evasion|1
|-sideend|p2: not mb|Stealth Rock|[from] move: Defog|[of] p1a: Tornadus
|-sideend|p1: I DONT REPLY|Stealth Rock|[from] move: Defog|[of] p1a: Tornadus
|-fieldend|Misty Terrain
|move|p2a: Tapu Fini|Scald|p1a: Tornadus
|-damage|p1a: Tornadus|23/100
|-status|p1a: Tornadus|brn
|
|-damage|p1a: Tornadus|17/100 brn|[from] brn
|upkeep
|turn|27
|inactive|not mb has 20 seconds left this turn.
|inactive|not mb has 15 seconds left.
|inactive|not mb has 10 seconds left.
|
|t:|1654062008
|move|p1a: Tornadus|Heat Wave|p2a: Tapu Fini
|-resisted|p2a: Tapu Fini
|-damage|p2a: Tapu Fini|11/100
|-status|p2a: Tapu Fini|brn
|move|p2a: Tapu Fini|Scald|p1a: Tornadus
|-damage|p1a: Tornadus|0 fnt
|faint|p1a: Tornadus
|
|-damage|p2a: Tapu Fini|5/100 brn|[from] brn
|upkeep
|inactive|not mb has 15 seconds left this turn.
|
|t:|1654062010
|switch|p1a: Slowking|Slowking-Galar, F|100/100
|turn|28
|inactive|not mb has 25 seconds left this turn.
|
|t:|1654062015
|move|p2a: Tapu Fini|Scald|p1a: Slowking
|-damage|p1a: Slowking|80/100
|move|p1a: Slowking|Psychic|p2a: Tapu Fini
|-damage|p2a: Tapu Fini|0 fnt
|faint|p2a: Tapu Fini
|
|upkeep
|inactive|not mb has 30 seconds left this turn.
|c|☆I DONT REPLY|gg
|
|t:|1654062021
|switch|p2a: Kartana|Kartana|19/100
|turn|29
|c|☆not mb|Gg
|c|☆not mb|bruh ur TERRIBLE!!
|
|t:|1654062027
|move|p2a: Kartana|Knock Off|p1a: Slowking
|-supereffective|p1a: Slowking
|-damage|p1a: Slowking|0 fnt
|-enditem|p1a: Slowking|Heavy-Duty Boots|[from] move: Knock Off|[of] p2a: Kartana
|faint|p1a: Slowking
|
|win|not mb
|raw|I DONT REPLY's rating: 1826 &rarr; <strong>1806</strong><br />(-20 for losing)
|raw|not mb's rating: 1829 &rarr; <strong>1849</strong><br />(+20 for winning)
|l|☆I DONT REPLY
