|j|☆PQPP214
|j|☆Covidded
|t:|1645710261
|gametype|singles
|player|p1|PQPP214|170|1519
|player|p2|Covidded|workerice|1593
|teamsize|p1|6
|teamsize|p2|6
|gen|8
|tier|[Gen 8] OU
|rated|
|rule|Sleep Clause Mod: Limit one foe put to sleep
|rule|Species Clause: Limit one of each Pokémon
|rule|OHKO Clause: OHKO moves are banned
|rule|Evasion Moves Clause: Evasion moves are banned
|rule|Endless Battle Clause: Forcing endless battles is banned
|rule|HP Percentage Mod: HP is shown in percentages
|rule|Dynamax Clause: You cannot dynamax
|clearpoke
|poke|p1|Landorus-Therian, M|
|poke|p1|Tornadus-Therian, M|
|poke|p1|Zeraora|
|poke|p1|Zapdos-Galar|
|poke|p1|Jirachi|
|poke|p1|Toxapex, M|
|poke|p2|Zeraora|
|poke|p2|Heatran, M|
|poke|p2|Landorus-Therian, M|
|poke|p2|Tapu Fini|
|poke|p2|Tornadus-Therian, M|
|poke|p2|Melmetal|
|teampreview
|inactive|Battle timer is ON: inactive players will automatically lose when time's up. (requested by PQPP214)
|
|t:|1645710268
|start
|switch|p1a: Zapdos|Zapdos-Galar|100/100
|switch|p2a: Tornadus|Tornadus-Therian, M|100/100
|turn|1
|
|t:|1645710276
|switch|p1a: Toxapex|Toxapex, M, shiny|100/100
|move|p2a: Tornadus|Hurricane|p1a: Toxapex
|-damage|p1a: Toxapex|64/100
|
|upkeep
|turn|2
|
|t:|1645710285
|move|p2a: Tornadus|Knock Off|p1a: Toxapex
|-damage|p1a: Toxapex|51/100
|-damage|p2a: Tornadus|84/100|[from] item: Rocky Helmet|[of] p1a: Toxapex
|-enditem|p1a: Toxapex|Rocky Helmet|[from] move: Knock Off|[of] p2a: Tornadus
|move|p1a: Toxapex|Knock Off|p2a: Tornadus
|-damage|p2a: Tornadus|68/100
|-enditem|p2a: Tornadus|Assault Vest|[from] move: Knock Off|[of] p1a: Toxapex
|
|upkeep
|turn|3
|
|t:|1645710293
|move|p2a: Tornadus|U-turn|p1a: Toxapex
|-resisted|p1a: Toxapex
|-damage|p1a: Toxapex|47/100
|
|t:|1645710300
|switch|p2a: Tapu Fini|Tapu Fini|100/100|[from]move: U-turn
|-fieldstart|move: Misty Terrain|[from] ability: Misty Surge|[of] p2a: Tapu Fini
|move|p1a: Toxapex|Scald|p2a: Tapu Fini
|-resisted|p2a: Tapu Fini
|-damage|p2a: Tapu Fini|94/100
|
|-heal|p2a: Tapu Fini|100/100|[from] item: Leftovers
|upkeep
|turn|4
|
|t:|1645710309
|switch|p1a: Jirachi|Jirachi, shiny|100/100
|move|p2a: Tapu Fini|Taunt|p1a: Jirachi
|-start|p1a: Jirachi|move: Taunt
|
|upkeep
|turn|5
|
|t:|1645710314
|switch|p2a: Melmetal|Melmetal|100/100
|move|p1a: Jirachi|U-turn|p2a: Melmetal
|-resisted|p2a: Melmetal
|-damage|p2a: Melmetal|96/100
|
|t:|1645710319
|switch|p1a: Zapdos|Zapdos-Galar|100/100|[from]move: U-turn
|
|-heal|p2a: Melmetal|100/100|[from] item: Leftovers
|upkeep
|turn|6
|
|t:|1645710325
|move|p2a: Melmetal|Protect|p2a: Melmetal
|-singleturn|p2a: Melmetal|Protect
|move|p1a: Zapdos|Close Combat|p2a: Melmetal
|-activate|p2a: Melmetal|move: Protect
|
|upkeep
|turn|7
|
|t:|1645710333
|switch|p2a: Tornadus|Tornadus-Therian, M|100/100
|move|p1a: Zapdos|Close Combat|p2a: Tornadus
|-resisted|p2a: Tornadus
|-damage|p2a: Tornadus|46/100
|-unboost|p1a: Zapdos|def|1
|-unboost|p1a: Zapdos|spd|1
|
|-fieldend|Misty Terrain
|upkeep
|turn|8
|
|t:|1645710343
|switch|p1a: Toxapex|Toxapex, M, shiny|80/100
|move|p2a: Tornadus|Hurricane|p1a: Toxapex
|-damage|p1a: Toxapex|43/100
|-start|p1a: Toxapex|confusion
|
|upkeep
|turn|9
|
|t:|1645710355
|switch|p1a: Landorus|Landorus-Therian, M, shiny|100/100
|-ability|p1a: Landorus|Intimidate|boost
|-unboost|p2a: Tornadus|atk|1
|move|p2a: Tornadus|U-turn|p1a: Landorus
|-resisted|p1a: Landorus
|-damage|p1a: Landorus|96/100
|
|t:|1645710363
|switch|p2a: Tapu Fini|Tapu Fini|100/100|[from]move: U-turn
|-fieldstart|move: Misty Terrain|[from] ability: Misty Surge|[of] p2a: Tapu Fini
|
|-heal|p1a: Landorus|100/100|[from] item: Leftovers
|upkeep
|turn|10
|
|t:|1645710370
|switch|p1a: Jirachi|Jirachi, shiny|100/100
|move|p2a: Tapu Fini|Scald|p1a: Jirachi
|-damage|p1a: Jirachi|84/100
|
|-heal|p1a: Jirachi|90/100|[from] item: Leftovers
|upkeep
|turn|11
|
|t:|1645710377
|move|p1a: Jirachi|U-turn|p2a: Tapu Fini
|-resisted|p2a: Tapu Fini
|-damage|p2a: Tapu Fini|95/100
|
|t:|1645710380
|switch|p1a: Zeraora|Zeraora, shiny|100/100|[from]move: U-turn
|move|p2a: Tapu Fini|Taunt|p1a: Zeraora
|-start|p1a: Zeraora|move: Taunt
|
|-heal|p2a: Tapu Fini|100/100|[from] item: Leftovers
|upkeep
|turn|12
|
|t:|1645710387
|switch|p2a: Landorus|Landorus-Therian, M|100/100
|-ability|p2a: Landorus|Intimidate|boost
|-unboost|p1a: Zeraora|atk|1
|move|p1a: Zeraora|Knock Off|p2a: Landorus
|-damage|p2a: Landorus|82/100
|-enditem|p2a: Landorus|Leftovers|[from] move: Knock Off|[of] p1a: Zeraora
|
|upkeep
|turn|13
|
|t:|1645710395
|switch|p1a: Landorus|Landorus-Therian, M, shiny|100/100
|-ability|p1a: Landorus|Intimidate|boost
|-unboost|p2a: Landorus|atk|1
|move|p2a: Landorus|U-turn|p1a: Landorus
|-resisted|p1a: Landorus
|-damage|p1a: Landorus|93/100
|
|t:|1645710402
|switch|p2a: Melmetal|Melmetal|100/100|[from]move: U-turn
|
|-heal|p1a: Landorus|99/100|[from] item: Leftovers
|-fieldend|Misty Terrain
|upkeep
|turn|14
|
|t:|1645710411
|switch|p1a: Jirachi|Jirachi, shiny|90/100
|move|p2a: Melmetal|Double Iron Bash|p1a: Jirachi
|-resisted|p1a: Jirachi
|-damage|p1a: Jirachi|72/100
|-resisted|p1a: Jirachi
|-damage|p1a: Jirachi|51/100
|-hitcount|p1a: Jirachi|2
|
|-heal|p1a: Jirachi|58/100|[from] item: Leftovers
|upkeep
|turn|15
|
|t:|1645710421
|switch|p1a: Landorus|Landorus-Therian, M, shiny|99/100
|-ability|p1a: Landorus|Intimidate|boost
|-unboost|p2a: Melmetal|atk|1
|move|p2a: Melmetal|Double Iron Bash|p1a: Landorus
|-damage|p1a: Landorus|72/100
|-damage|p1a: Landorus|43/100
|-hitcount|p1a: Landorus|2
|
|-heal|p1a: Landorus|49/100|[from] item: Leftovers
|upkeep
|turn|16
|
|t:|1645710434
|move|p1a: Landorus|U-turn|p2a: Melmetal
|-resisted|p2a: Melmetal
|-damage|p2a: Melmetal|94/100
|
|t:|1645710437
|switch|p1a: Toxapex|Toxapex, M, shiny|77/100|[from]move: U-turn
|move|p2a: Melmetal|Double Iron Bash|p1a: Toxapex
|-resisted|p1a: Toxapex
|-damage|p1a: Toxapex|67/100
|-resisted|p1a: Toxapex
|-damage|p1a: Toxapex|59/100
|-hitcount|p1a: Toxapex|2
|
|-heal|p2a: Melmetal|99/100|[from] item: Leftovers
|upkeep
|turn|17
|
|t:|1645710449
|switch|p1a: Zapdos|Zapdos-Galar|100/100
|move|p2a: Melmetal|Earthquake|p1a: Zapdos
|-immune|p1a: Zapdos
|
|-heal|p2a: Melmetal|100/100|[from] item: Leftovers
|upkeep
|turn|18
|
|t:|1645710456
|move|p2a: Melmetal|Protect|p2a: Melmetal
|-singleturn|p2a: Melmetal|Protect
|move|p1a: Zapdos|Brave Bird|p2a: Melmetal
|-activate|p2a: Melmetal|move: Protect
|
|upkeep
|turn|19
|
|t:|1645710461
|switch|p1a: Toxapex|Toxapex, M, shiny|92/100
|move|p2a: Melmetal|Toxic|p1a: Toxapex
|-immune|p1a: Toxapex
|
|upkeep
|turn|20
|
|t:|1645710467
|move|p2a: Melmetal|Earthquake|p1a: Toxapex
|-supereffective|p1a: Toxapex
|-damage|p1a: Toxapex|60/100
|move|p1a: Toxapex|Knock Off|p2a: Melmetal
|-damage|p2a: Melmetal|91/100
|-enditem|p2a: Melmetal|Leftovers|[from] move: Knock Off|[of] p1a: Toxapex
|
|upkeep
|turn|21
|
|t:|1645710475
|switch|p2a: Tapu Fini|Tapu Fini|100/100
|-fieldstart|move: Misty Terrain|[from] ability: Misty Surge|[of] p2a: Tapu Fini
|move|p1a: Toxapex|Knock Off|p2a: Tapu Fini
|-resisted|p2a: Tapu Fini
|-damage|p2a: Tapu Fini|95/100
|-enditem|p2a: Tapu Fini|Leftovers|[from] move: Knock Off|[of] p1a: Toxapex
|
|upkeep
|turn|22
|
|t:|1645710483
|switch|p1a: Jirachi|Jirachi, shiny|58/100
|move|p2a: Tapu Fini|Taunt|p1a: Jirachi
|-start|p1a: Jirachi|move: Taunt
|
|-heal|p1a: Jirachi|64/100|[from] item: Leftovers
|upkeep
|turn|23
|
|t:|1645710493
|move|p1a: Jirachi|U-turn|p2a: Tapu Fini
|-resisted|p2a: Tapu Fini
|-damage|p2a: Tapu Fini|89/100
|
|t:|1645710496
|switch|p1a: Toxapex|Toxapex, M, shiny|94/100|[from]move: U-turn
|move|p2a: Tapu Fini|Scald|p1a: Toxapex
|-resisted|p1a: Toxapex
|-damage|p1a: Toxapex|83/100
|
|upkeep
|turn|24
|
|t:|1645710504
|switch|p2a: Tornadus|Tornadus-Therian, M|79/100
|move|p1a: Toxapex|Knock Off|p2a: Tornadus
|-damage|p2a: Tornadus|67/100
|
|upkeep
|turn|25
|
|t:|1645710512
|move|p2a: Tornadus|Hurricane|p1a: Toxapex
|-damage|p1a: Toxapex|46/100
|move|p1a: Toxapex|Scald|p2a: Tornadus
|-damage|p2a: Tornadus|52/100
|
|-fieldend|Misty Terrain
|upkeep
|turn|26
|
|t:|1645710520
|switch|p1a: Jirachi|Jirachi, shiny|64/100
|move|p2a: Tornadus|Knock Off|p1a: Jirachi
|-supereffective|p1a: Jirachi
|-damage|p1a: Jirachi|28/100
|-enditem|p1a: Jirachi|Leftovers|[from] move: Knock Off|[of] p2a: Tornadus
|
|upkeep
|turn|27
|
|t:|1645710528
|move|p2a: Tornadus|U-turn|p1a: Jirachi
|-damage|p1a: Jirachi|15/100
|
|t:|1645710531
|switch|p2a: Landorus|Landorus-Therian, M|82/100|[from]move: U-turn
|-ability|p2a: Landorus|Intimidate|boost
|-unboost|p1a: Jirachi|atk|1
|move|p1a: Jirachi|Stealth Rock|p2a: Landorus
|-sidestart|p2: Covidded|move: Stealth Rock
|
|upkeep
|turn|28
|
|t:|1645710541
|switch|p1a: Landorus|Landorus-Therian, M, shiny|49/100
|-ability|p1a: Landorus|Intimidate|boost
|-unboost|p2a: Landorus|atk|1
|move|p2a: Landorus|Toxic|p1a: Landorus
|-status|p1a: Landorus|tox
|
|-heal|p1a: Landorus|55/100 tox|[from] item: Leftovers
|-damage|p1a: Landorus|49/100 tox|[from] psn
|upkeep
|turn|29
|
|t:|1645710551
|move|p1a: Landorus|Toxic|p2a: Landorus
|-status|p2a: Landorus|tox
|move|p2a: Landorus|Defog|p1a: Landorus
|-unboost|p1a: Landorus|evasion|1
|-sideend|p2: Covidded|Stealth Rock|[from] move: Defog|[of] p2a: Landorus
|
|-heal|p1a: Landorus|55/100 tox|[from] item: Leftovers
|-damage|p1a: Landorus|43/100 tox|[from] psn
|-damage|p2a: Landorus|76/100 tox|[from] psn
|upkeep
|turn|30
|
|t:|1645710560
|move|p1a: Landorus|U-turn|p2a: Landorus
|-resisted|p2a: Landorus
|-damage|p2a: Landorus|64/100 tox
|
|t:|1645710565
|switch|p1a: Zapdos|Zapdos-Galar|100/100|[from]move: U-turn
|move|p2a: Landorus|U-turn|p1a: Zapdos
|-resisted|p1a: Zapdos
|-damage|p1a: Zapdos|96/100
|
|t:|1645710571
|switch|p2a: Melmetal|Melmetal|91/100|[from]move: U-turn
|
|upkeep
|turn|31
|
|t:|1645710579
|move|p2a: Melmetal|Protect|p2a: Melmetal
|-singleturn|p2a: Melmetal|Protect
|move|p1a: Zapdos|Close Combat|p2a: Melmetal
|-activate|p2a: Melmetal|move: Protect
|
|upkeep
|turn|32
|
|t:|1645710587
|switch|p2a: Tornadus|Tornadus-Therian, M|86/100
|move|p1a: Zapdos|Close Combat|p2a: Tornadus
|-resisted|p2a: Tornadus
|-damage|p2a: Tornadus|33/100
|-unboost|p1a: Zapdos|def|1
|-unboost|p1a: Zapdos|spd|1
|
|upkeep
|turn|33
|
|t:|1645710594
|switch|p1a: Zeraora|Zeraora, shiny|100/100
|move|p2a: Tornadus|Hurricane|p1a: Zeraora
|-resisted|p1a: Zeraora
|-damage|p1a: Zeraora|76/100
|
|upkeep
|turn|34
|
|t:|1645710603
|switch|p1a: Zapdos|Zapdos-Galar|96/100
|switch|p2a: Landorus|Landorus-Therian, M|64/100 tox
|-ability|p2a: Landorus|Intimidate|boost
|-unboost|p1a: Zapdos|atk|1
|-ability|p1a: Zapdos|Defiant
|-boost|p1a: Zapdos|atk|2
|
|-damage|p2a: Landorus|58/100 tox|[from] psn
|upkeep
|turn|35
|
|t:|1645710616
|move|p1a: Zapdos|Brave Bird|p2a: Landorus
|-damage|p2a: Landorus|0 fnt
|faint|p2a: Landorus
|-damage|p1a: Zapdos|73/100|[from] Recoil
|
|upkeep
|
|t:|1645710621
|switch|p2a: Melmetal|Melmetal|91/100
|turn|36
|
|t:|1645710636
|switch|p1a: Toxapex|Toxapex, M, shiny|79/100
|move|p2a: Melmetal|Double Iron Bash|p1a: Toxapex
|-resisted|p1a: Toxapex
|-damage|p1a: Toxapex|65/100
|-resisted|p1a: Toxapex
|-damage|p1a: Toxapex|51/100
|-hitcount|p1a: Toxapex|2
|
|upkeep
|turn|37
|
|t:|1645710646
|switch|p1a: Tornadus|Tornadus-Therian, M, shiny|100/100
|move|p2a: Melmetal|Earthquake|p1a: Tornadus
|-immune|p1a: Tornadus
|
|upkeep
|turn|38
|
|t:|1645710653
|move|p1a: Tornadus|U-turn|p2a: Melmetal
|-resisted|p2a: Melmetal
|-damage|p2a: Melmetal|86/100
|
|t:|1645710658
|switch|p1a: Toxapex|Toxapex, M, shiny|85/100|[from]move: U-turn
|move|p2a: Melmetal|Toxic|p1a: Toxapex
|-immune|p1a: Toxapex
|
|upkeep
|turn|39
|
|t:|1645710664
|move|p2a: Melmetal|Earthquake|p1a: Toxapex
|-supereffective|p1a: Toxapex
|-damage|p1a: Toxapex|38/100
|move|p1a: Toxapex|Scald|p2a: Melmetal
|-damage|p2a: Melmetal|70/100
|
|upkeep
|turn|40
|
|t:|1645710673
|switch|p1a: Tornadus|Tornadus-Therian, M, shiny|100/100
|move|p2a: Melmetal|Double Iron Bash|p1a: Tornadus
|-damage|p1a: Tornadus|58/100
|-damage|p1a: Tornadus|12/100
|-hitcount|p1a: Tornadus|2
|
|upkeep
|turn|41
|
|t:|1645710680
|move|p1a: Tornadus|Heat Wave|p2a: Melmetal
|-supereffective|p2a: Melmetal
|-damage|p2a: Melmetal|31/100
|move|p2a: Melmetal|Double Iron Bash|p1a: Tornadus
|-damage|p1a: Tornadus|0 fnt
|faint|p1a: Tornadus
|-hitcount|p1: Tornadus|1
|
|upkeep
|
|t:|1645710688
|switch|p1a: Zeraora|Zeraora, shiny|76/100
|turn|42
|
|t:|1645710692
|move|p1a: Zeraora|Close Combat|p2a: Melmetal
|-supereffective|p2a: Melmetal
|-damage|p2a: Melmetal|0 fnt
|-unboost|p1a: Zeraora|def|1
|-unboost|p1a: Zeraora|spd|1
|faint|p2a: Melmetal
|
|upkeep
|
|t:|1645710698
|switch|p2a: Zeraora|Zeraora|100/100
|turn|43
|
|t:|1645710705
|switch|p1a: Landorus|Landorus-Therian, M, shiny|43/100 tox
|-ability|p1a: Landorus|Intimidate|boost
|-unboost|p2a: Zeraora|atk|1
|move|p2a: Zeraora|Close Combat|p1a: Landorus
|-resisted|p1a: Landorus
|-damage|p1a: Landorus|31/100 tox
|-unboost|p2a: Zeraora|def|1
|-unboost|p2a: Zeraora|spd|1
|
|-heal|p1a: Landorus|37/100 tox|[from] item: Leftovers
|-damage|p1a: Landorus|31/100 tox|[from] psn
|upkeep
|turn|44
|
|t:|1645710717
|switch|p2a: Tapu Fini|Tapu Fini|89/100
|-fieldstart|move: Misty Terrain|[from] ability: Misty Surge|[of] p2a: Tapu Fini
|move|p1a: Landorus|U-turn|p2a: Tapu Fini
|-resisted|p2a: Tapu Fini
|-damage|p2a: Tapu Fini|82/100
|
|t:|1645710723
|switch|p1a: Jirachi|Jirachi, shiny|15/100|[from]move: U-turn
|
|upkeep
|turn|45
|
|t:|1645710729
|switch|p2a: Tornadus|Tornadus-Therian, M|67/100
|move|p1a: Jirachi|Healing Wish|p1a: Jirachi
|faint|p1a: Jirachi
|
|upkeep
|
|t:|1645710733
|switch|p1a: Landorus|Landorus-Therian, M, shiny|31/100 tox
|-heal|p1a: Landorus|100/100|[from] move: Healing Wish
|-ability|p1a: Landorus|Intimidate|boost
|-unboost|p2a: Tornadus|atk|1
|turn|46
|
|t:|1645710743
|switch|p1a: Zeraora|Zeraora, shiny|76/100
|move|p2a: Tornadus|Hurricane|p1a: Zeraora
|-resisted|p1a: Zeraora
|-crit|p1a: Zeraora
|-damage|p1a: Zeraora|39/100
|
|upkeep
|turn|47
|
|t:|1645710757
|move|p1a: Zeraora|Knock Off|p2a: Tornadus
|-damage|p2a: Tornadus|45/100
|move|p2a: Tornadus|Knock Off|p1a: Zeraora
|-damage|p1a: Zeraora|20/100
|-enditem|p1a: Zeraora|Heavy-Duty Boots|[from] move: Knock Off|[of] p2a: Tornadus
|
|upkeep
|turn|48
|
|t:|1645710763
|switch|p2a: Zeraora|Zeraora|100/100
|move|p1a: Zeraora|Plasma Fists|p2a: Zeraora
|-immune|p2a: Zeraora|[from] ability: Volt Absorb
|
|-fieldend|Misty Terrain
|upkeep
|turn|49
|
|t:|1645710771
|switch|p1a: Landorus|Landorus-Therian, M, shiny|100/100
|-ability|p1a: Landorus|Intimidate|boost
|-unboost|p2a: Zeraora|atk|1
|move|p2a: Zeraora|Knock Off|p1a: Landorus
|-damage|p1a: Landorus|81/100
|-enditem|p1a: Landorus|Leftovers|[from] move: Knock Off|[of] p2a: Zeraora
|
|upkeep
|turn|50
|
|t:|1645710780
|switch|p2a: Tornadus|Tornadus-Therian, M|78/100
|move|p1a: Landorus|Toxic|p2a: Tornadus
|-status|p2a: Tornadus|tox
|
|-damage|p2a: Tornadus|72/100 tox|[from] psn
|upkeep
|turn|51
|
|t:|1645710789
|switch|p1a: Toxapex|Toxapex, M, shiny|72/100
|move|p2a: Tornadus|U-turn|p1a: Toxapex
|-resisted|p1a: Toxapex
|-damage|p1a: Toxapex|67/100
|
|t:|1645710794
|switch|p2a: Heatran|Heatran, M|100/100|[from]move: U-turn
|-item|p2a: Heatran|Air Balloon
|
|upkeep
|turn|52
|
|t:|1645710803
|move|p2a: Heatran|Eruption|p1a: Toxapex
|-resisted|p1a: Toxapex
|-damage|p1a: Toxapex|30/100
|move|p1a: Toxapex|Scald|p2a: Heatran
|-supereffective|p2a: Heatran
|-damage|p2a: Heatran|63/100
|-enditem|p2a: Heatran|Air Balloon
|
|upkeep
|turn|53
|
|t:|1645710812
|move|p2a: Heatran|Stealth Rock|p1a: Toxapex
|-sidestart|p1: PQPP214|move: Stealth Rock
|move|p1a: Toxapex|Recover|p1a: Toxapex
|-heal|p1a: Toxapex|80/100
|
|upkeep
|turn|54
|
|t:|1645710816
|move|p2a: Heatran|Earth Power|p1a: Toxapex
|-supereffective|p1a: Toxapex
|-damage|p1a: Toxapex|28/100
|move|p1a: Toxapex|Scald|p2a: Heatran
|-supereffective|p2a: Heatran
|-damage|p2a: Heatran|32/100
|
|upkeep
|turn|55
|
|t:|1645710823
|move|p2a: Heatran|Earth Power|p1a: Toxapex
|-supereffective|p1a: Toxapex
|-damage|p1a: Toxapex|0 fnt
|faint|p1a: Toxapex
|
|upkeep
|
|t:|1645710833
|switch|p1a: Zapdos|Zapdos-Galar|73/100
|-damage|p1a: Zapdos|61/100|[from] Stealth Rock
|turn|56
|
|t:|1645710838
|switch|p2a: Tornadus|Tornadus-Therian, M|100/100 tox
|move|p1a: Zapdos|Brave Bird|p2a: Tornadus
|-damage|p2a: Tornadus|0 fnt
|faint|p2a: Tornadus
|-damage|p1a: Zapdos|24/100|[from] Recoil
|
|upkeep
|
|t:|1645710845
|switch|p2a: Heatran|Heatran, M|32/100
|turn|57
|
|t:|1645710848
|move|p1a: Zapdos|Brave Bird|p2a: Heatran
|-resisted|p2a: Heatran
|-damage|p2a: Heatran|0 fnt
|faint|p2a: Heatran
|-damage|p1a: Zapdos|14/100|[from] Recoil
|
|upkeep
|
|t:|1645710854
|switch|p2a: Zeraora|Zeraora|100/100
|turn|58
|
|t:|1645710871
|switch|p1a: Landorus|Landorus-Therian, M, shiny|81/100
|-damage|p1a: Landorus|69/100|[from] Stealth Rock
|-ability|p1a: Landorus|Intimidate|boost
|-unboost|p2a: Zeraora|atk|1
|move|p2a: Zeraora|Close Combat|p1a: Landorus
|-resisted|p1a: Landorus
|-damage|p1a: Landorus|58/100
|-unboost|p2a: Zeraora|def|1
|-unboost|p2a: Zeraora|spd|1
|
|upkeep
|turn|59
|
|t:|1645710881
|switch|p2a: Tapu Fini|Tapu Fini|82/100
|-fieldstart|move: Misty Terrain|[from] ability: Misty Surge|[of] p2a: Tapu Fini
|move|p1a: Landorus|Earthquake|p2a: Tapu Fini
|-damage|p2a: Tapu Fini|48/100
|
|upkeep
|turn|60
|inactive|PQPP214 has 120 seconds left.
|
|t:|1645710916
|switch|p1a: Zeraora|Zeraora, shiny|20/100
|-damage|p1a: Zeraora|7/100|[from] Stealth Rock
|move|p2a: Tapu Fini|Scald|p1a: Zeraora
|-crit|p1a: Zeraora
|-damage|p1a: Zeraora|0 fnt
|faint|p1a: Zeraora
|
|upkeep
|
|t:|1645710924
|switch|p1a: Zapdos|Zapdos-Galar|14/100
|-damage|p1a: Zapdos|1/100|[from] Stealth Rock
|turn|61
|inactive|PQPP214 has 120 seconds left.
|
|t:|1645710941
|move|p1a: Zapdos|Stomping Tantrum|p2a: Tapu Fini
|-damage|p2a: Tapu Fini|24/100
|move|p2a: Tapu Fini|Scald|p1a: Zapdos
|-damage|p1a: Zapdos|0 fnt
|faint|p1a: Zapdos
|
|upkeep
|
|t:|1645710946
|switch|p1a: Landorus|Landorus-Therian, M, shiny|58/100
|-damage|p1a: Landorus|45/100|[from] Stealth Rock
|-ability|p1a: Landorus|Intimidate|boost
|-unboost|p2a: Tapu Fini|atk|1
|turn|62
|
|t:|1645710951
|move|p2a: Tapu Fini|Scald|p1a: Landorus
|-supereffective|p1a: Landorus
|-damage|p1a: Landorus|6/100
|move|p1a: Landorus|Earthquake|p2a: Tapu Fini
|-damage|p2a: Tapu Fini|0 fnt
|faint|p2a: Tapu Fini
|
|upkeep
|
|t:|1645710959
|switch|p2a: Zeraora|Zeraora|100/100
|turn|63
|
|t:|1645710962
|move|p2a: Zeraora|Knock Off|p1a: Landorus
|-damage|p1a: Landorus|0 fnt
|faint|p1a: Landorus
|
|win|Covidded
|raw|PQPP214's rating: 1519 &rarr; <strong>1503</strong><br />(-16 for losing)
|raw|Covidded's rating: 1593 &rarr; <strong>1609</strong><br />(+16 for winning)
|c|☆Covidded|gg
|l|☆Covidded
|l|☆PQPP214
|j|☆PQPP214
|player|p1|PQPP214|170
||Ladder isn't responding, score probably updated but might not have (Request timeout).
