|raw|<div class="broadcast-blue"><strong>This battle is required to be public due to a player having a name starting with 'lt93oq'.</div>
|j|☆LT93OQ Nick
|j|☆LudwigFrog
|t:|1660872556
|gametype|singles
|player|p1|LT93OQ Nick|#agplivlionsden|1942
|player|p2|LudwigFrog|hilbert-wonderlauncher|1887
|teamsize|p1|6
|teamsize|p2|6
|gen|8
|tier|[Gen 8] OU
|rated|
|rule|Sleep Clause Mod: Limit one foe put to sleep
|rule|Species Clause: Limit one of each Pokémon
|rule|OHKO Clause: OHKO moves are banned
|rule|Evasion Items Clause: Evasion items are banned
|rule|Evasion Moves Clause: Evasion moves are banned
|rule|Endless Battle Clause: Forcing endless battles is banned
|rule|HP Percentage Mod: HP is shown in percentages
|rule|Dynamax Clause: You cannot dynamax
|clearpoke
|poke|p1|Mew|
|poke|p1|Weavile, M|
|poke|p1|Celesteela|
|poke|p1|Garchomp, M|
|poke|p1|Blacephalon|
|poke|p1|Crawdaunt, F|
|poke|p2|Dragapult, M|
|poke|p2|Tyranitar, F|
|poke|p2|Ferrothorn, M|
|poke|p2|Rillaboom, M|
|poke|p2|Corviknight, M|
|poke|p2|Gastrodon-East, F|
|teampreview
|inactive|Battle timer is ON: inactive players will automatically lose when time's up. (requested by LudwigFrog)
|inactive|LT93OQ Nick also wants the timer to be on.
|
|t:|1660872563
|start
|switch|p1a: Mew|Mew, shiny|100/100
|switch|p2a: Dragapult|Dragapult, M|100/100
|turn|1
|j| reje
|
|t:|1660872566
|move|p2a: Dragapult|Shadow Ball|p1a: Mew
|-supereffective|p1a: Mew
|-damage|p1a: Mew|4/100
|move|p1a: Mew|Thunder Wave|p2a: Dragapult
|-status|p2a: Dragapult|par
|
|upkeep
|turn|2
|
|t:|1660872569
|move|p1a: Mew|Stealth Rock|p2a: Dragapult
|-sidestart|p2: LudwigFrog|move: Stealth Rock
|move|p2a: Dragapult|Shadow Ball|p1a: Mew
|-supereffective|p1a: Mew
|-damage|p1a: Mew|0 fnt
|faint|p1a: Mew
|
|upkeep
|
|t:|1660872585
|switch|p1a: Weavile|Weavile, M, shiny|100/100
|-ability|p1a: Weavile|Pressure
|turn|3
|inactive|LT93OQ Nick has 120 seconds left.
|j| jefo
|
|t:|1660872612
|switch|p2a: Ferrothorn|Ferrothorn, M|100/100
|-damage|p2a: Ferrothorn|94/100|[from] Stealth Rock
|move|p1a: Weavile|Knock Off|p2a: Ferrothorn
|-damage|p2a: Ferrothorn|54/100
|-damage|p1a: Weavile|88/100|[from] ability: Iron Barbs|[of] p2a: Ferrothorn
|-damage|p1a: Weavile|72/100|[from] item: Rocky Helmet|[of] p2a: Ferrothorn
|-enditem|p2a: Ferrothorn|Rocky Helmet|[from] move: Knock Off|[of] p1a: Weavile
|-damage|p1a: Weavile|62/100|[from] item: Life Orb
|
|upkeep
|turn|4
|inactive|LudwigFrog has 120 seconds left.
|inactive|LudwigFrog has 90 seconds left.
|
|t:|1660872661
|move|p1a: Weavile|Triple Axel|p2a: Ferrothorn
|-damage|p2a: Ferrothorn|46/100
|-damage|p1a: Weavile|49/100|[from] ability: Iron Barbs|[of] p2a: Ferrothorn
|-hitcount|p2a: Ferrothorn|1
|-damage|p1a: Weavile|39/100|[from] item: Life Orb
|move|p2a: Ferrothorn|Body Press|p1a: Weavile
|-supereffective|p1a: Weavile
|-damage|p1a: Weavile|0 fnt
|faint|p1a: Weavile
|
|upkeep
|inactive|LT93OQ Nick has 120 seconds left.
|j| paradise cove
|
|t:|1660872700
|switch|p1a: Garchomp|Garchomp, M, shiny|100/100
|turn|5
|
|t:|1660872705
|switch|p2a: Corviknight|Corviknight, M|100/100
|-damage|p2a: Corviknight|88/100|[from] Stealth Rock
|-ability|p2a: Corviknight|Pressure
|move|p1a: Garchomp|Swords Dance|p1a: Garchomp
|-boost|p1a: Garchomp|atk|2
|
|-heal|p2a: Corviknight|94/100|[from] item: Leftovers
|upkeep
|turn|6
|
|t:|1660872708
|move|p1a: Garchomp|Fire Fang|p2a: Corviknight|[miss]
|-miss|p1a: Garchomp|p2a: Corviknight
|move|p2a: Corviknight|Defog|p1a: Garchomp
|-unboost|p1a: Garchomp|evasion|1
|-sideend|p2: LudwigFrog|Stealth Rock|[from] move: Defog|[of] p2a: Corviknight
|
|-heal|p2a: Corviknight|100/100|[from] item: Leftovers
|upkeep
|turn|7
|inactive|LudwigFrog has 120 seconds left.
|
|t:|1660872713
|move|p1a: Garchomp|Fire Fang|p2a: Corviknight
|-supereffective|p2a: Corviknight
|-damage|p2a: Corviknight|43/100
|-status|p2a: Corviknight|brn
|move|p2a: Corviknight|Brave Bird|p1a: Garchomp
|-damage|p1a: Garchomp|82/100
|-damage|p2a: Corviknight|30/100 brn|[from] ability: Rough Skin|[of] p1a: Garchomp
|-damage|p2a: Corviknight|25/100 brn|[from] Recoil
|
|-heal|p2a: Corviknight|31/100 brn|[from] item: Leftovers
|-damage|p2a: Corviknight|25/100 brn|[from] brn
|upkeep
|turn|8
|
|t:|1660872719
|move|p1a: Garchomp|Fire Fang|p2a: Corviknight
|-supereffective|p2a: Corviknight
|-damage|p2a: Corviknight|0 fnt
|faint|p2a: Corviknight
|
|upkeep
|
|t:|1660872730
|switch|p2a: Rillaboom|Rillaboom, M|100/100
|-fieldstart|move: Grassy Terrain|[from] ability: Grassy Surge|[of] p2a: Rillaboom
|turn|9
|
|t:|1660872749
|switch|p2a: Ferrothorn|Ferrothorn, M|46/100
|move|p1a: Garchomp|Fire Fang|p2a: Ferrothorn
|-supereffective|p2a: Ferrothorn
|-damage|p2a: Ferrothorn|0 fnt
|-damage|p1a: Garchomp|70/100|[from] ability: Iron Barbs|[of] p2a: Ferrothorn
|faint|p2a: Ferrothorn
|
|-heal|p1a: Garchomp|76/100|[from] Grassy Terrain
|upkeep
|j| BEST lNTEREST
|
|t:|1660872752
|switch|p2a: Rillaboom|Rillaboom, M|100/100
|turn|10
|
|t:|1660872753
|move|p2a: Rillaboom|Grassy Glide|p1a: Garchomp
|-damage|p1a: Garchomp|7/100
|-damage|p2a: Rillaboom|88/100|[from] ability: Rough Skin|[of] p1a: Garchomp
|-damage|p2a: Rillaboom|78/100|[from] item: Life Orb
|move|p1a: Garchomp|Fire Fang|p2a: Rillaboom
|-supereffective|p2a: Rillaboom
|-damage|p2a: Rillaboom|0 fnt
|faint|p2a: Rillaboom
|
|-heal|p1a: Garchomp|13/100|[from] Grassy Terrain
|upkeep
|-message|LudwigFrog forfeited.
|
|win|LT93OQ Nick
|raw|LT93OQ Nick's rating: 1942 &rarr; <strong>1959</strong><br />(+17 for winning)
|raw|LudwigFrog's rating: 1887 &rarr; <strong>1870</strong><br />(-17 for losing)
|l|☆LudwigFrog
|c|☆LT93OQ Nick|GG
|j| cjkel
|l| reje
|l| BEST lNTEREST
||Ladder isn't responding, score probably updated but might not have (Request timeout).
|l| cjkel
|j| reje
|l| reje
|j| LT93OQ T
|l| LT93OQ T
|l| paradise cove
|j| reje
|l| jefo
|j| pop smoke
|l| pop smoke
|j| Panico a Las 5Am
|l| Panico a Las 5Am
|l| reje
|j| reje
|l| reje
|j| My bebito fiu fiuu
|l| My bebito fiu fiuu
|j| LT93OQ T
|l| LT93OQ T
|j| Pokemh
|l| Pokemh
|j| LT93OQ rej=
|l| LT93OQ rej=
|j| jefo
|l| jefo
|j| Kate
|l| Kate
