|j|☆Sinnoh is trash
|j|☆zKally
|t:|1651138695
|gametype|singles
|player|p1|Sinnoh is trash|fisherman|1517
|player|p2|zKally|2|1546
|teamsize|p1|6
|teamsize|p2|6
|gen|8
|tier|[Gen 8] OU
|rated|
|rule|Sleep Clause Mod: Limit one foe put to sleep
|rule|Species Clause: Limit one of each Pokémon
|rule|OHKO Clause: OHKO moves are banned
|rule|Evasion Moves Clause: Evasion moves are banned
|rule|Endless Battle Clause: Forcing endless battles is banned
|rule|HP Percentage Mod: HP is shown in percentages
|rule|Dynamax Clause: You cannot dynamax
|clearpoke
|poke|p1|Slowking-Galar, M|
|poke|p1|Rillaboom, M|
|poke|p1|Melmetal|
|poke|p1|Tornadus-Therian, M|
|poke|p1|Nidoking, M|
|poke|p1|Hydreigon, F|
|poke|p2|Ferrothorn, M|
|poke|p2|Necrozma|
|poke|p2|Moltres-Galar|
|poke|p2|Garchomp, M|
|poke|p2|Tapu Fini|
|poke|p2|Blaziken, M|
|teampreview
|c|☆Sinnoh is trash|gl
|
|t:|1651138704
|start
|switch|p1a: hello|Hydreigon, F|100/100
|switch|p2a: Garchomp|Garchomp, M|100/100
|turn|1
|inactive|Battle timer is ON: inactive players will automatically lose when time's up. (requested by zKally)
|
|t:|1651138708
|switch|p2a: Tapu Fini|Tapu Fini|100/100
|-fieldstart|move: Misty Terrain|[from] ability: Misty Surge|[of] p2a: Tapu Fini
|move|p1a: hello|Draco Meteor|p2a: Tapu Fini
|-immune|p2a: Tapu Fini
|
|upkeep
|turn|2
|j| AK7007007
|
|t:|1651138714
|switch|p1a: good mon.|Slowking-Galar, M|100/100
|move|p2a: Tapu Fini|Surf|p1a: good mon.
|-damage|p1a: good mon.|83/100
|
|upkeep
|turn|3
|
|t:|1651138721
|switch|p2a: Garchomp|Garchomp, M|100/100
|move|p1a: good mon.|Ice Beam|p2a: Garchomp
|-supereffective|p2a: Garchomp
|-damage|p2a: Garchomp|0 fnt
|faint|p2a: Garchomp
|
|upkeep
|
|t:|1651138733
|switch|p2a: Moltres|Moltres-Galar|100/100
|turn|4
|
|t:|1651138738
|move|p2a: Moltres|Nasty Plot|p2a: Moltres
|-boost|p2a: Moltres|spa|2
|move|p1a: good mon.|Ice Beam|p2a: Moltres
|-supereffective|p2a: Moltres
|-damage|p2a: Moltres|56/100
|
|upkeep
|turn|5
|c| AK7007007|I agree sinnoh is trash
|
|t:|1651138746
|move|p2a: Moltres|Fiery Wrath|p1a: good mon.
|-supereffective|p1a: good mon.
|-damage|p1a: good mon.|0 fnt
|faint|p1a: good mon.
|
|-fieldend|Misty Terrain
|upkeep
|c|☆Sinnoh is trash|lol, neat
|
|t:|1651138765
|switch|p1a: Boid|Tornadus-Therian, M|100/100
|turn|6
|
|t:|1651138769
|move|p1a: Boid|Hurricane|p2a: Moltres|[miss]
|-miss|p1a: Boid|p2a: Moltres
|move|p2a: Moltres|Fiery Wrath|p1a: Boid
|-damage|p1a: Boid|0 fnt
|faint|p1a: Boid
|
|upkeep
|
|t:|1651138772
|switch|p1a: hello|Hydreigon, F|100/100
|turn|7
|
|t:|1651138778
|move|p1a: hello|Draco Meteor|p2a: Moltres
|-damage|p2a: Moltres|3/100
|-unboost|p1a: hello|spa|2
|-ability|p2a: Moltres|Berserk|boost
|-boost|p2a: Moltres|spa|1
|move|p2a: Moltres|Hurricane|p1a: hello|[miss]
|-miss|p2a: Moltres|p1a: hello
|
|upkeep
|turn|8
|
|t:|1651138782
|switch|p2a: Tapu Fini|Tapu Fini|100/100
|-fieldstart|move: Misty Terrain|[from] ability: Misty Surge|[of] p2a: Tapu Fini
|move|p1a: hello|Draco Meteor|p2a: Tapu Fini
|-immune|p2a: Tapu Fini
|
|upkeep
|turn|9
|
|t:|1651138791
|switch|p1a: Reginut|Melmetal|100/100
|switch|p2a: Ferrothorn|Ferrothorn, M|100/100
|
|upkeep
|turn|10
|
|t:|1651138797
|switch|p1a: Royalty|Nidoking, M, shiny|100/100
|move|p2a: Ferrothorn|Iron Defense|p2a: Ferrothorn
|-boost|p2a: Ferrothorn|def|2
|
|upkeep
|turn|11
|
|t:|1651138801
|switch|p2a: Moltres|Moltres-Galar|3/100
|move|p1a: Royalty|Flamethrower|p2a: Moltres
|-damage|p2a: Moltres|0 fnt
|faint|p2a: Moltres
|
|upkeep
|
|t:|1651138811
|switch|p2a: Necrozma|Necrozma|100/100
|turn|12
|
|t:|1651138814
|switch|p1a: hello|Hydreigon, F|100/100
|move|p2a: Necrozma|Meteor Beam||[still]
|-prepare|p2a: Necrozma|Meteor Beam
|-boost|p2a: Necrozma|spa|1
|-enditem|p2a: Necrozma|Power Herb
|-anim|p2a: Necrozma|Meteor Beam|p1a: hello
|-damage|p1a: hello|29/100
|
|-fieldend|Misty Terrain
|upkeep
|turn|13
|
|t:|1651138828
|switch|p2a: Tapu Fini|Tapu Fini|100/100
|-fieldstart|move: Misty Terrain|[from] ability: Misty Surge|[of] p2a: Tapu Fini
|move|p1a: hello|Dark Pulse|p2a: Tapu Fini
|-resisted|p2a: Tapu Fini
|-damage|p2a: Tapu Fini|80/100
|
|upkeep
|turn|14
|
|t:|1651138852
|switch|p1a: Reginut|Melmetal|100/100
|switch|p2a: Ferrothorn|Ferrothorn, M|100/100
|
|upkeep
|turn|15
|
|t:|1651138857
|switch|p1a: Royalty|Nidoking, M, shiny|100/100
|move|p2a: Ferrothorn|Substitute|p2a: Ferrothorn
|-start|p2a: Ferrothorn|Substitute
|-damage|p2a: Ferrothorn|76/100
|
|-heal|p2a: Ferrothorn|82/100|[from] item: Leftovers
|upkeep
|turn|16
|
|t:|1651138861
|move|p1a: Royalty|Flamethrower|p2a: Ferrothorn
|-supereffective|p2a: Ferrothorn
|-end|p2a: Ferrothorn|Substitute
|move|p2a: Ferrothorn|Leech Seed|p1a: Royalty
|-start|p1a: Royalty|move: Leech Seed
|
|-heal|p2a: Ferrothorn|88/100|[from] item: Leftovers
|-damage|p1a: Royalty|88/100|[from] Leech Seed|[of] p2a: Ferrothorn
|-heal|p2a: Ferrothorn|98/100|[silent]
|upkeep
|turn|17
|
|t:|1651138871
|switch|p2a: Necrozma|Necrozma|100/100
|move|p1a: Royalty|Stealth Rock|p2a: Necrozma
|-sidestart|p2: zKally|move: Stealth Rock
|
|-damage|p1a: Royalty|76/100|[from] Leech Seed|[of] p2a: Necrozma
|-fieldend|Misty Terrain
|upkeep
|turn|18
|
|t:|1651138877
|switch|p1a: hello|Hydreigon, F|29/100
|move|p2a: Necrozma|Photon Geyser|p1a: hello
|-immune|p1a: hello
|
|upkeep
|turn|19
|
|t:|1651138886
|move|p1a: hello|Dark Pulse|p2a: Necrozma
|-supereffective|p2a: Necrozma
|-damage|p2a: Necrozma|37/100
|move|p2a: Necrozma|Heat Wave|p1a: hello
|-resisted|p1a: hello
|-damage|p1a: hello|9/100
|
|upkeep
|turn|20
|
|t:|1651138892
|switch|p2a: Tapu Fini|Tapu Fini|80/100
|-damage|p2a: Tapu Fini|68/100|[from] Stealth Rock
|-fieldstart|move: Misty Terrain|[from] ability: Misty Surge|[of] p2a: Tapu Fini
|move|p1a: hello|Dark Pulse|p2a: Tapu Fini
|-resisted|p2a: Tapu Fini
|-damage|p2a: Tapu Fini|48/100
|
|upkeep
|turn|21
|
|t:|1651138901
|move|p1a: hello|Dark Pulse|p2a: Tapu Fini
|-resisted|p2a: Tapu Fini
|-damage|p2a: Tapu Fini|29/100
|move|p2a: Tapu Fini|Defog|p1a: hello
|-unboost|p1a: hello|evasion|1
|-sideend|p2: zKally|Stealth Rock|[from] move: Defog|[of] p2a: Tapu Fini
|-fieldend|Misty Terrain
|
|upkeep
|turn|22
|
|t:|1651138910
|switch|p2a: Ferrothorn|Ferrothorn, M|98/100
|move|p1a: hello|Dark Pulse|p2a: Ferrothorn
|-damage|p2a: Ferrothorn|65/100
|
|-heal|p2a: Ferrothorn|71/100|[from] item: Leftovers
|upkeep
|turn|23
|
|t:|1651138916
|switch|p1a: Royalty|Nidoking, M, shiny|76/100
|move|p2a: Ferrothorn|Leech Seed|p1a: Royalty
|-start|p1a: Royalty|move: Leech Seed
|
|-heal|p2a: Ferrothorn|77/100|[from] item: Leftovers
|-damage|p1a: Royalty|64/100|[from] Leech Seed|[of] p2a: Ferrothorn
|-heal|p2a: Ferrothorn|87/100|[silent]
|upkeep
|turn|24
|
|t:|1651138924
|move|p1a: Royalty|Sludge Wave|p2a: Ferrothorn
|-immune|p2a: Ferrothorn
|move|p2a: Ferrothorn|Substitute|p2a: Ferrothorn
|-start|p2a: Ferrothorn|Substitute
|-damage|p2a: Ferrothorn|63/100
|
|-heal|p2a: Ferrothorn|69/100|[from] item: Leftovers
|-damage|p1a: Royalty|52/100|[from] Leech Seed|[of] p2a: Ferrothorn
|-heal|p2a: Ferrothorn|79/100|[silent]
|upkeep
|turn|25
|
|t:|1651138931
|move|p1a: Royalty|Stealth Rock|p2a: Ferrothorn
|-sidestart|p2: zKally|move: Stealth Rock
|move|p2a: Ferrothorn|Iron Defense|p2a: Ferrothorn
|-boost|p2a: Ferrothorn|def|2
|
|-heal|p2a: Ferrothorn|85/100|[from] item: Leftovers
|-damage|p1a: Royalty|39/100|[from] Leech Seed|[of] p2a: Ferrothorn
|-heal|p2a: Ferrothorn|96/100|[silent]
|upkeep
|turn|26
|
|t:|1651138938
|move|p1a: Royalty|Flamethrower|p2a: Ferrothorn
|-supereffective|p2a: Ferrothorn
|-crit|p2a: Ferrothorn
|-end|p2a: Ferrothorn|Substitute
|move|p2a: Ferrothorn|Body Press|p1a: Royalty
|-resisted|p1a: Royalty
|-damage|p1a: Royalty|0 fnt
|faint|p1a: Royalty
|
|-heal|p2a: Ferrothorn|100/100|[from] item: Leftovers
|upkeep
|
|t:|1651138940
|switch|p1a: hello|Hydreigon, F|9/100
|turn|27
|
|t:|1651138944
|switch|p2a: Tapu Fini|Tapu Fini|29/100
|-damage|p2a: Tapu Fini|17/100|[from] Stealth Rock
|-fieldstart|move: Misty Terrain|[from] ability: Misty Surge|[of] p2a: Tapu Fini
|move|p1a: hello|Fire Blast|p2a: Tapu Fini
|-resisted|p2a: Tapu Fini
|-damage|p2a: Tapu Fini|0 fnt
|faint|p2a: Tapu Fini
|
|upkeep
|
|t:|1651138953
|switch|p2a: Blaziken|Blaziken, M|100/100
|-damage|p2a: Blaziken|88/100|[from] Stealth Rock
|-item|p2a: Blaziken|Air Balloon
|turn|28
|
|t:|1651138964
|switch|p1a: Reginut|Melmetal|100/100
|move|p2a: Blaziken|Flare Blitz|p1a: Reginut
|-supereffective|p1a: Reginut
|-damage|p1a: Reginut|43/100
|-damage|p2a: Blaziken|58/100|[from] Recoil
|
|-heal|p1a: Reginut|49/100|[from] item: Leftovers
|-ability|p2a: Blaziken|Speed Boost|boost
|-boost|p2a: Blaziken|spe|1
|upkeep
|turn|29
|
|t:|1651138971
|move|p2a: Blaziken|Close Combat|p1a: Reginut
|-supereffective|p1a: Reginut
|-damage|p1a: Reginut|0 fnt
|-unboost|p2a: Blaziken|def|1
|-unboost|p2a: Blaziken|spd|1
|faint|p1a: Reginut
|
|-ability|p2a: Blaziken|Speed Boost|boost
|-boost|p2a: Blaziken|spe|1
|upkeep
|
|t:|1651138973
|switch|p1a: Soup|Rillaboom, M|100/100
|-fieldstart|move: Grassy Terrain|[from] ability: Grassy Surge|[of] p1a: Soup
|turn|30
|
|t:|1651138980
|move|p1a: Soup|Grassy Glide|p2a: Blaziken
|-resisted|p2a: Blaziken
|-damage|p2a: Blaziken|0 fnt
|-enditem|p2a: Blaziken|Air Balloon
|faint|p2a: Blaziken
|
|upkeep
|
|t:|1651138984
|switch|p2a: Ferrothorn|Ferrothorn, M|100/100
|-damage|p2a: Ferrothorn|95/100|[from] Stealth Rock
|turn|31
|
|t:|1651138990
|switch|p1a: hello|Hydreigon, F|9/100
|move|p2a: Ferrothorn|Iron Defense|p2a: Ferrothorn
|-boost|p2a: Ferrothorn|def|2
|
|-heal|p2a: Ferrothorn|100/100|[from] Grassy Terrain
|upkeep
|turn|32
|
|t:|1651138995
|switch|p2a: Necrozma|Necrozma|37/100
|-damage|p2a: Necrozma|25/100|[from] Stealth Rock
|move|p1a: hello|Fire Blast|p2a: Necrozma
|-damage|p2a: Necrozma|0 fnt
|faint|p2a: Necrozma
|
|upkeep
|
|t:|1651139000
|switch|p2a: Ferrothorn|Ferrothorn, M|100/100
|-damage|p2a: Ferrothorn|95/100|[from] Stealth Rock
|turn|33
|c|☆Sinnoh is trash|gg
|c| AK7007007|Gg
|
|t:|1651139016
|move|p1a: hello|Fire Blast|p2a: Ferrothorn
|-supereffective|p2a: Ferrothorn
|-damage|p2a: Ferrothorn|0 fnt
|faint|p2a: Ferrothorn
|
|win|Sinnoh is trash
|raw|Sinnoh is trash's rating: 1517 &rarr; <strong>1539</strong><br />(+22 for winning)
|raw|zKally's rating: 1546 &rarr; <strong>1524</strong><br />(-22 for losing)
|l|☆zKally
