|html|<div class="broadcast-blue"><strong>[Gen 8] OU is currently suspecting Kyurem! For information on how to participate check out the <a href="https://www.smogon.com/forums/threads/np-ss-ou-suspect-process-round-11-break-the-ice.3694129/">suspect thread</a>.</strong></div>
|j|☆Chikami
|j|☆outh 4aqours
|t:|1638148950
|gametype|singles
|player|p1|Chikami|ethan|1651
|player|p2|outh 4aqours|winona-gen3|1630
|teamsize|p1|6
|teamsize|p2|6
|gen|8
|tier|[Gen 8] OU
|rated|
|rule|Sleep Clause Mod: Limit one foe put to sleep
|rule|Species Clause: Limit one of each Pokémon
|rule|OHKO Clause: OHKO moves are banned
|rule|Evasion Moves Clause: Evasion moves are banned
|rule|Endless Battle Clause: Forcing endless battles is banned
|rule|HP Percentage Mod: HP is shown in percentages
|rule|Dynamax Clause: You cannot dynamax
|clearpoke
|poke|p1|Landorus-Therian, M|
|poke|p1|Dragapult, F|
|poke|p1|Rillaboom, F|
|poke|p1|Magnezone|
|poke|p1|Heatran, M|
|poke|p1|Scolipede, F|
|poke|p2|Toxapex, F|
|poke|p2|Tornadus-Therian, M|
|poke|p2|Melmetal|
|poke|p2|Dragapult, F|
|poke|p2|Garchomp, F|
|poke|p2|Mew|
|teampreview
|
|t:|1638148962
|start
|switch|p1a: Dragapult|Dragapult, F|100/100
|switch|p2a: Garchomp|Garchomp, F|100/100
|turn|1
|j| Large_Rodent
|
|t:|1638148966
|switch|p2a: Setsu|Toxapex, F, shiny|100/100
|move|p1a: Dragapult|Will-O-Wisp|p2a: Setsu
|-status|p2a: Setsu|brn
|
|-damage|p2a: Setsu|95/100 brn|[from] brn
|upkeep
|turn|2
|
|t:|1638148976
|move|p1a: Dragapult|U-turn|p2a: Setsu
|-resisted|p2a: Setsu
|-damage|p2a: Setsu|87/100 brn
|inactive|Battle timer is ON: inactive players will automatically lose when time's up. (requested by outh 4aqours)
|
|t:|1638148980
|switch|p1a: Landorus|Landorus-Therian, M|100/100|[from]move: U-turn
|-ability|p1a: Landorus|Intimidate|boost
|-unboost|p2a: Setsu|atk|1
|move|p2a: Setsu|Knock Off|p1a: Landorus
|-damage|p1a: Landorus|97/100
|-damage|p2a: Setsu|70/100 brn|[from] item: Rocky Helmet|[of] p1a: Landorus
|-enditem|p1a: Landorus|Rocky Helmet|[from] move: Knock Off|[of] p2a: Setsu
|
|-heal|p2a: Setsu|76/100 brn|[from] item: Black Sludge
|-damage|p2a: Setsu|70/100 brn|[from] brn
|upkeep
|turn|3
|
|t:|1638148986
|move|p1a: Landorus|Stealth Rock|p2a: Setsu
|-sidestart|p2: outh 4aqours|move: Stealth Rock
|move|p2a: Setsu|Toxic|p1a: Landorus
|-status|p1a: Landorus|tox
|
|-heal|p2a: Setsu|76/100 brn|[from] item: Black Sludge
|-damage|p1a: Landorus|91/100 tox|[from] psn
|-damage|p2a: Setsu|70/100 brn|[from] brn
|upkeep
|turn|4
|
|t:|1638148988
|switch|p2a: Garchomp|Garchomp, F|100/100
|-damage|p2a: Garchomp|94/100|[from] Stealth Rock
|move|p1a: Landorus|Knock Off|p2a: Garchomp
|-damage|p2a: Garchomp|76/100
|-damage|p1a: Landorus|78/100 tox|[from] ability: Rough Skin|[of] p2a: Garchomp
|-damage|p1a: Landorus|62/100 tox|[from] item: Rocky Helmet|[of] p2a: Garchomp
|-enditem|p2a: Garchomp|Rocky Helmet|[from] move: Knock Off|[of] p1a: Landorus
|
|-damage|p1a: Landorus|50/100 tox|[from] psn
|upkeep
|turn|5
|
|t:|1638148999
|switch|p1a: Rillaboom|Rillaboom, F|100/100
|-fieldstart|move: Grassy Terrain|[from] ability: Grassy Surge|[of] p1a: Rillaboom
|move|p2a: Garchomp|Stealth Rock|p1a: Rillaboom
|-sidestart|p1: Chikami|move: Stealth Rock
|
|-heal|p2a: Garchomp|82/100|[from] Grassy Terrain
|upkeep
|turn|6
|
|t:|1638149004
|move|p1a: Rillaboom|Wood Hammer|p2a: Garchomp
|-damage|p2a: Garchomp|0 fnt
|-damage|p1a: Rillaboom|88/100|[from] ability: Rough Skin|[of] p2a: Garchomp
|faint|p2a: Garchomp
|-damage|p1a: Rillaboom|55/100|[from] Recoil
|
|-heal|p1a: Rillaboom|61/100|[from] Grassy Terrain
|upkeep
|
|t:|1638149009
|switch|p2a: Dragapult|Dragapult, F, shiny|100/100
|turn|7
|
|t:|1638149012
|switch|p1a: Heatran|Heatran, M|100/100
|-damage|p1a: Heatran|88/100|[from] Stealth Rock
|move|p2a: Dragapult|U-turn|p1a: Heatran
|-resisted|p1a: Heatran
|-damage|p1a: Heatran|85/100
|
|t:|1638149017
|switch|p2a: Tornadus|Tornadus-Therian, M|100/100|[from]move: U-turn
|-damage|p2a: Tornadus|76/100|[from] Stealth Rock
|
|-heal|p1a: Heatran|91/100|[from] Grassy Terrain
|-heal|p1a: Heatran|97/100|[from] item: Leftovers
|upkeep
|turn|8
|
|t:|1638149022
|move|p2a: Tornadus|Knock Off|p1a: Heatran
|-damage|p1a: Heatran|80/100
|-enditem|p1a: Heatran|Leftovers|[from] move: Knock Off|[of] p2a: Tornadus
|move|p1a: Heatran|Magma Storm|p2a: Tornadus
|-damage|p2a: Tornadus|50/100
|-activate|p2a: Tornadus|move: Magma Storm|[of] p1a: Heatran
|
|-heal|p1a: Heatran|86/100|[from] Grassy Terrain
|-damage|p2a: Tornadus|38/100|[from] move: Magma Storm|[partiallytrapped]
|upkeep
|turn|9
|
|t:|1638149027
|move|p2a: Tornadus|U-turn|p1a: Heatran
|-resisted|p1a: Heatran
|-damage|p1a: Heatran|83/100
|
|t:|1638149029
|switch|p2a: Dragapult|Dragapult, F, shiny|100/100|[from]move: U-turn
|move|p1a: Heatran|Magma Storm|p2a: Dragapult
|-resisted|p2a: Dragapult
|-damage|p2a: Dragapult|73/100
|-activate|p2a: Dragapult|move: Magma Storm|[of] p1a: Heatran
|
|-heal|p2a: Dragapult|79/100|[from] Grassy Terrain
|-heal|p1a: Heatran|89/100|[from] Grassy Terrain
|-damage|p2a: Dragapult|67/100|[from] move: Magma Storm|[partiallytrapped]
|-fieldend|move: Grassy Terrain
|upkeep
|turn|10
|
|t:|1638149036
|move|p2a: Dragapult|Hex|p1a: Heatran
|-damage|p1a: Heatran|72/100
|move|p1a: Heatran|Toxic|p2a: Dragapult
|-status|p2a: Dragapult|tox
|
|-damage|p2a: Dragapult|61/100 tox|[from] psn
|-damage|p2a: Dragapult|48/100 tox|[from] move: Magma Storm|[partiallytrapped]
|upkeep
|turn|11
|
|t:|1638149040
|move|p2a: Dragapult|Hex|p1a: Heatran
|-damage|p1a: Heatran|55/100
|move|p1a: Heatran|Earth Power|p2a: Dragapult
|-damage|p2a: Dragapult|14/100 tox
|-unboost|p2a: Dragapult|spd|1
|
|-damage|p2a: Dragapult|2/100 tox|[from] psn
|-damage|p2a: Dragapult|0 fnt|[from] move: Magma Storm|[partiallytrapped]
|faint|p2a: Dragapult
|upkeep
|
|t:|1638149057
|switch|p2a: Mew|Mew|100/100
|-damage|p2a: Mew|88/100|[from] Stealth Rock
|turn|12
|
|t:|1638149063
|move|p2a: Mew|Taunt|p1a: Heatran
|-start|p1a: Heatran|move: Taunt
|cant|p1a: Heatran|move: Taunt|Toxic
|
|-heal|p2a: Mew|94/100|[from] item: Leftovers
|upkeep
|turn|13
|
|t:|1638149072
|switch|p1a: Rillaboom|Rillaboom, F|61/100
|-damage|p1a: Rillaboom|49/100|[from] Stealth Rock
|-fieldstart|move: Grassy Terrain|[from] ability: Grassy Surge|[of] p1a: Rillaboom
|move|p2a: Mew|Cosmic Power|p2a: Mew
|-boost|p2a: Mew|def|1
|-boost|p2a: Mew|spd|1
|
|-heal|p2a: Mew|100/100|[from] Grassy Terrain
|-heal|p1a: Rillaboom|55/100|[from] Grassy Terrain
|upkeep
|turn|14
|
|t:|1638149078
|move|p2a: Mew|Cosmic Power|p2a: Mew
|-boost|p2a: Mew|def|1
|-boost|p2a: Mew|spd|1
|move|p1a: Rillaboom|Wood Hammer|p2a: Mew
|-damage|p2a: Mew|50/100
|-damage|p1a: Rillaboom|35/100|[from] Recoil
|
|-heal|p2a: Mew|56/100|[from] Grassy Terrain
|-heal|p2a: Mew|62/100|[from] item: Leftovers
|-heal|p1a: Rillaboom|42/100|[from] Grassy Terrain
|upkeep
|turn|15
|
|t:|1638149086
|switch|p1a: Dragapult|Dragapult, F|100/100
|move|p2a: Mew|Cosmic Power|p2a: Mew
|-boost|p2a: Mew|def|1
|-boost|p2a: Mew|spd|1
|
|-heal|p2a: Mew|69/100|[from] Grassy Terrain
|-heal|p2a: Mew|75/100|[from] item: Leftovers
|upkeep
|turn|16
|
|t:|1638149089
|move|p1a: Dragapult|Will-O-Wisp|p2a: Mew|[miss]
|-miss|p1a: Dragapult|p2a: Mew
|move|p2a: Mew|Soft-Boiled|p2a: Mew
|-heal|p2a: Mew|100/100
|
|upkeep
|turn|17
|
|t:|1638149091
|move|p1a: Dragapult|Will-O-Wisp|p2a: Mew
|-status|p2a: Mew|brn
|-activate|p2a: Mew|ability: Synchronize
|-status|p1a: Dragapult|brn
|move|p2a: Mew|Stored Power|p1a: Dragapult
|-damage|p1a: Dragapult|23/100 brn
|
|-heal|p1a: Dragapult|29/100 brn|[from] Grassy Terrain
|-damage|p1a: Dragapult|23/100 brn|[from] brn
|-damage|p2a: Mew|94/100 brn|[from] brn
|-fieldend|move: Grassy Terrain
|upkeep
|turn|18
|
|t:|1638149096
|move|p1a: Dragapult|Hex|p2a: Mew
|-supereffective|p2a: Mew
|-damage|p2a: Mew|57/100 brn
|move|p2a: Mew|Stored Power|p1a: Dragapult
|-damage|p1a: Dragapult|0 fnt
|faint|p1a: Dragapult
|
|-heal|p2a: Mew|63/100 brn|[from] item: Leftovers
|-damage|p2a: Mew|57/100 brn|[from] brn
|upkeep
|
|t:|1638149103
|switch|p1a: Landorus|Landorus-Therian, M|50/100 tox
|-damage|p1a: Landorus|37/100 tox|[from] Stealth Rock
|-ability|p1a: Landorus|Intimidate|boost
|-unboost|p2a: Mew|atk|1
|turn|19
|
|t:|1638149109
|move|p2a: Mew|Cosmic Power|p2a: Mew
|-boost|p2a: Mew|def|1
|-boost|p2a: Mew|spd|1
|move|p1a: Landorus|Knock Off|p2a: Mew
|-supereffective|p2a: Mew
|-damage|p2a: Mew|38/100 brn
|-enditem|p2a: Mew|Leftovers|[from] move: Knock Off|[of] p1a: Landorus
|
|-damage|p1a: Landorus|31/100 tox|[from] psn
|-damage|p2a: Mew|32/100 brn|[from] brn
|upkeep
|turn|20
|
|t:|1638149111
|move|p2a: Mew|Soft-Boiled|p2a: Mew
|-heal|p2a: Mew|82/100 brn
|move|p1a: Landorus|U-turn|p2a: Mew
|-supereffective|p2a: Mew
|-damage|p2a: Mew|70/100 brn
|
|t:|1638149120
|switch|p1a: Heatran|Heatran, M|55/100|[from]move: U-turn
|-damage|p1a: Heatran|43/100|[from] Stealth Rock
|
|-damage|p2a: Mew|64/100 brn|[from] brn
|upkeep
|turn|21
|
|t:|1638149123
|move|p2a: Mew|Taunt|p1a: Heatran
|-start|p1a: Heatran|move: Taunt
|move|p1a: Heatran|Magma Storm|p2a: Mew
|-damage|p2a: Mew|52/100 brn
|-activate|p2a: Mew|move: Magma Storm|[of] p1a: Heatran
|
|-damage|p2a: Mew|46/100 brn|[from] brn
|-damage|p2a: Mew|34/100 brn|[from] move: Magma Storm|[partiallytrapped]
|upkeep
|turn|22
|
|t:|1638149129
|move|p2a: Mew|Soft-Boiled|p2a: Mew
|-heal|p2a: Mew|84/100 brn
|move|p1a: Heatran|Earth Power|p2a: Mew
|-damage|p2a: Mew|76/100 brn
|-unboost|p2a: Mew|spd|1
|
|-damage|p2a: Mew|70/100 brn|[from] brn
|-damage|p2a: Mew|57/100 brn|[from] move: Magma Storm|[partiallytrapped]
|upkeep
|turn|23
|
|t:|1638149132
|move|p2a: Mew|Soft-Boiled|p2a: Mew
|-heal|p2a: Mew|100/100 brn
|move|p1a: Heatran|Earth Power|p2a: Mew
|-damage|p2a: Mew|92/100 brn
|
|-damage|p2a: Mew|86/100 brn|[from] brn
|-damage|p2a: Mew|73/100 brn|[from] move: Magma Storm|[partiallytrapped]
|-end|p1a: Heatran|move: Taunt
|upkeep
|turn|24
|
|t:|1638149134
|move|p2a: Mew|Taunt|p1a: Heatran
|-start|p1a: Heatran|move: Taunt
|move|p1a: Heatran|Magma Storm|p2a: Mew
|-damage|p2a: Mew|57/100 brn
|
|-damage|p2a: Mew|51/100 brn|[from] brn
|-damage|p2a: Mew|39/100 brn|[from] move: Magma Storm|[partiallytrapped]
|upkeep
|turn|25
|
|t:|1638149136
|move|p2a: Mew|Soft-Boiled|p2a: Mew
|-heal|p2a: Mew|89/100 brn
|move|p1a: Heatran|Earth Power|p2a: Mew
|-damage|p2a: Mew|80/100 brn
|
|-damage|p2a: Mew|74/100 brn|[from] brn
|-end|p2a: Mew|Magma Storm|[partiallytrapped]
|upkeep
|turn|26
|
|t:|1638149138
|move|p2a: Mew|Cosmic Power|p2a: Mew
|-boost|p2a: Mew|def|1
|-boost|p2a: Mew|spd|1
|move|p1a: Heatran|Earth Power|p2a: Mew
|-damage|p2a: Mew|67/100 brn
|
|-damage|p2a: Mew|60/100 brn|[from] brn
|-end|p1a: Heatran|move: Taunt
|upkeep
|turn|27
|
|t:|1638149144
|move|p2a: Mew|Taunt|p1a: Heatran
|-start|p1a: Heatran|move: Taunt
|move|p1a: Heatran|Magma Storm|p2a: Mew
|-damage|p2a: Mew|48/100 brn
|-activate|p2a: Mew|move: Magma Storm|[of] p1a: Heatran
|
|-damage|p2a: Mew|42/100 brn|[from] brn
|-damage|p2a: Mew|29/100 brn|[from] move: Magma Storm|[partiallytrapped]
|upkeep
|turn|28
|
|t:|1638149146
|move|p2a: Mew|Soft-Boiled|p2a: Mew
|-heal|p2a: Mew|79/100 brn
|move|p1a: Heatran|Earth Power|p2a: Mew
|-damage|p2a: Mew|72/100 brn
|
|-damage|p2a: Mew|66/100 brn|[from] brn
|-damage|p2a: Mew|54/100 brn|[from] move: Magma Storm|[partiallytrapped]
|upkeep
|turn|29
|
|t:|1638149149
|move|p2a: Mew|Soft-Boiled|p2a: Mew
|-heal|p2a: Mew|100/100 brn
|move|p1a: Heatran|Earth Power|p2a: Mew
|-damage|p2a: Mew|94/100 brn
|
|-damage|p2a: Mew|87/100 brn|[from] brn
|-damage|p2a: Mew|75/100 brn|[from] move: Magma Storm|[partiallytrapped]
|-end|p1a: Heatran|move: Taunt
|upkeep
|turn|30
|
|t:|1638149151
|move|p2a: Mew|Cosmic Power|p2a: Mew
|-boost|p2a: Mew|def|1
|-boost|p2a: Mew|spd|1
|move|p1a: Heatran|Magma Storm|p2a: Mew
|-damage|p2a: Mew|64/100 brn
|
|-damage|p2a: Mew|58/100 brn|[from] brn
|-damage|p2a: Mew|45/100 brn|[from] move: Magma Storm|[partiallytrapped]
|upkeep
|turn|31
|
|t:|1638149154
|move|p2a: Mew|Soft-Boiled|p2a: Mew
|-heal|p2a: Mew|95/100 brn
|move|p1a: Heatran|Earth Power|p2a: Mew
|-damage|p2a: Mew|89/100 brn
|
|-damage|p2a: Mew|82/100 brn|[from] brn
|-damage|p2a: Mew|70/100 brn|[from] move: Magma Storm|[partiallytrapped]
|upkeep
|turn|32
|
|t:|1638149160
|move|p2a: Mew|Stored Power|p1a: Heatran
|-resisted|p1a: Heatran
|-damage|p1a: Heatran|18/100
|move|p1a: Heatran|Earth Power|p2a: Mew
|-damage|p2a: Mew|64/100 brn
|
|-damage|p2a: Mew|58/100 brn|[from] brn
|-end|p2a: Mew|Magma Storm|[partiallytrapped]
|upkeep
|turn|33
|
|t:|1638149164
|move|p2a: Mew|Stored Power|p1a: Heatran
|-resisted|p1a: Heatran
|-damage|p1a: Heatran|0 fnt
|faint|p1a: Heatran
|
|-damage|p2a: Mew|52/100 brn|[from] brn
|upkeep
|
|t:|1638149171
|switch|p1a: Magnezone|Magnezone|100/100
|-damage|p1a: Magnezone|94/100|[from] Stealth Rock
|turn|34
|
|t:|1638149179
|move|p2a: Mew|Soft-Boiled|p2a: Mew
|-heal|p2a: Mew|100/100 brn
|move|p1a: Magnezone|Flash Cannon|p2a: Mew
|-damage|p2a: Mew|85/100 brn
|
|-damage|p2a: Mew|79/100 brn|[from] brn
|upkeep
|turn|35
|
|t:|1638149182
|move|p2a: Mew|Stored Power|p1a: Magnezone
|-resisted|p1a: Magnezone
|-damage|p1a: Magnezone|45/100
|move|p1a: Magnezone|Flash Cannon|p2a: Mew
|-damage|p2a: Mew|63/100 brn
|
|-damage|p2a: Mew|57/100 brn|[from] brn
|upkeep
|turn|36
|
|t:|1638149185
|move|p2a: Mew|Stored Power|p1a: Magnezone
|-resisted|p1a: Magnezone
|-damage|p1a: Magnezone|0 fnt
|faint|p1a: Magnezone
|
|-damage|p2a: Mew|50/100 brn|[from] brn
|upkeep
|
|t:|1638149187
|switch|p1a: Scolipede|Scolipede, F|100/100
|turn|37
|
|t:|1638149189
|move|p1a: Scolipede|Megahorn|p2a: Mew
|-supereffective|p2a: Mew
|-damage|p2a: Mew|27/100 brn
|move|p2a: Mew|Stored Power|p1a: Scolipede
|-supereffective|p1a: Scolipede
|-damage|p1a: Scolipede|0 fnt
|faint|p1a: Scolipede
|
|-damage|p2a: Mew|21/100 brn|[from] brn
|upkeep
|
|t:|1638149202
|switch|p1a: Rillaboom|Rillaboom, F|42/100
|-damage|p1a: Rillaboom|29/100|[from] Stealth Rock
|-fieldstart|move: Grassy Terrain|[from] ability: Grassy Surge|[of] p1a: Rillaboom
|turn|38
|j| MiniLarry
|
|t:|1638149228
|move|p1a: Rillaboom|Grassy Glide|p2a: Mew
|-damage|p2a: Mew|5/100 brn
|move|p2a: Mew|Soft-Boiled|p2a: Mew
|-heal|p2a: Mew|55/100 brn
|
|-heal|p2a: Mew|61/100 brn|[from] Grassy Terrain
|-heal|p1a: Rillaboom|35/100|[from] Grassy Terrain
|-damage|p2a: Mew|55/100 brn|[from] brn
|upkeep
|turn|39
|j| LT_Alt1
|
|t:|1638149232
|move|p1a: Rillaboom|Grassy Glide|p2a: Mew
|-damage|p2a: Mew|38/100 brn
|move|p2a: Mew|Stored Power|p1a: Rillaboom
|-damage|p1a: Rillaboom|0 fnt
|faint|p1a: Rillaboom
|
|-heal|p2a: Mew|44/100 brn|[from] Grassy Terrain
|-damage|p2a: Mew|38/100 brn|[from] brn
|upkeep
|-message|Chikami forfeited.
|
|win|outh 4aqours
|raw|Chikami's rating: 1651 &rarr; <strong>1630</strong><br />(-21 for losing)
|raw|outh 4aqours's rating: 1630 &rarr; <strong>1651</strong><br />(+21 for winning)
|l|☆Chikami
|c|☆outh 4aqours|gg
