|html|<div class="broadcast-blue"><strong>[Gen 8] OU is currently suspecting Melmetal! For information on how to participate check out the <a href="https://www.smogon.com/forums/threads/np-ss-ou-suspect-process-round-12-monster-mash.3709234/">suspect thread</a>.</strong></div>
|j|☆gotsnsd
|j|☆toon arctozolt
|t:|1666720340
|gametype|singles
|player|p1|gotsnsd|beauty-gen2jp|1661
|player|p2|toon arctozolt|harlequin|1691
|teamsize|p1|6
|teamsize|p2|6
|gen|8
|tier|[Gen 8] OU
|rated|
|rule|Sleep Clause Mod: Limit one foe put to sleep
|rule|Species Clause: Limit one of each Pokémon
|rule|OHKO Clause: OHKO moves are banned
|rule|Evasion Items Clause: Evasion items are banned
|rule|Evasion Moves Clause: Evasion moves are banned
|rule|Endless Battle Clause: Forcing endless battles is banned
|rule|HP Percentage Mod: HP is shown in percentages
|rule|Dynamax Clause: You cannot dynamax
|clearpoke
|poke|p1|Urshifu-*, M|
|poke|p1|Garchomp, M|
|poke|p1|Heatran, F|
|poke|p1|Tapu Lele|
|poke|p1|Zapdos|
|poke|p1|Kartana|
|poke|p2|Pelipper, F|
|poke|p2|Corviknight, M|
|poke|p2|Inteleon, M|
|poke|p2|Ferrothorn, F|
|poke|p2|Barraskewda, F|
|poke|p2|Seismitoad, F|
|teampreview
|inactive|Battle timer is ON: inactive players will automatically lose when time's up. (requested by toon arctozolt)
|
|t:|1666720356
|start
|switch|p1a: Tapu Lele|Tapu Lele|100/100
|switch|p2a: Ferrothorn|Ferrothorn, F|100/100
|-fieldstart|move: Psychic Terrain|[from] ability: Psychic Surge|[of] p1a: Tapu Lele
|turn|1
|
|t:|1666720363
|switch|p1a: Garchomp|Garchomp, M|100/100
|move|p2a: Ferrothorn|Gyro Ball|p1a: Garchomp
|-damage|p1a: Garchomp|68/100
|-damage|p2a: Ferrothorn|88/100|[from] ability: Rough Skin|[of] p1a: Garchomp
|
|-heal|p1a: Garchomp|74/100|[from] item: Leftovers
|-heal|p2a: Ferrothorn|94/100|[from] item: Leftovers
|upkeep
|turn|2
|
|t:|1666720367
|move|p1a: Garchomp|Stealth Rock|p2a: Ferrothorn
|-sidestart|p2: toon arctozolt|move: Stealth Rock
|move|p2a: Ferrothorn|Stealth Rock|p1a: Garchomp
|-sidestart|p1: gotsnsd|move: Stealth Rock
|
|-heal|p1a: Garchomp|80/100|[from] item: Leftovers
|-heal|p2a: Ferrothorn|99/100|[from] item: Leftovers
|upkeep
|turn|3
|
|t:|1666720372
|switch|p1a: Heatran|Heatran, F|100/100
|-damage|p1a: Heatran|88/100|[from] Stealth Rock
|move|p2a: Ferrothorn|Leech Seed|p1a: Heatran
|-start|p1a: Heatran|move: Leech Seed
|
|-heal|p1a: Heatran|94/100|[from] item: Leftovers
|-heal|p2a: Ferrothorn|100/100|[from] item: Leftovers
|-damage|p1a: Heatran|82/100|[from] Leech Seed|[of] p2a: Ferrothorn
|upkeep
|turn|4
|
|t:|1666720378
|switch|p2a: Pelipper|Pelipper, F|100/100
|-damage|p2a: Pelipper|76/100|[from] Stealth Rock
|-weather|RainDance|[from] ability: Drizzle|[of] p2a: Pelipper
|move|p1a: Heatran|Taunt|p2a: Pelipper
|-start|p2a: Pelipper|move: Taunt
|
|-weather|RainDance|[upkeep]
|-heal|p1a: Heatran|88/100|[from] item: Leftovers
|-damage|p1a: Heatran|76/100|[from] Leech Seed|[of] p2a: Pelipper
|-heal|p2a: Pelipper|91/100|[silent]
|upkeep
|turn|5
|
|t:|1666720384
|move|p1a: Heatran|Protect|p1a: Heatran
|-singleturn|p1a: Heatran|Protect
|move|p2a: Pelipper|Scald|p1a: Heatran
|-activate|p1a: Heatran|move: Protect
|
|-weather|RainDance|[upkeep]
|-heal|p1a: Heatran|82/100|[from] item: Leftovers
|-damage|p1a: Heatran|69/100|[from] Leech Seed|[of] p2a: Pelipper
|-heal|p2a: Pelipper|100/100|[silent]
|-fieldend|move: Psychic Terrain
|upkeep
|turn|6
|
|t:|1666720395
|switch|p1a: Urshifu|Urshifu-Rapid-Strike, M|100/100
|-damage|p1a: Urshifu|94/100|[from] Stealth Rock
|move|p2a: Pelipper|U-turn|p1a: Urshifu
|-resisted|p1a: Urshifu
|-damage|p1a: Urshifu|90/100
|
|t:|1666720400
|switch|p2a: Inteleon|Inteleon, M|100/100|[from]move: U-turn
|-damage|p2a: Inteleon|88/100|[from] Stealth Rock
|
|-weather|RainDance|[upkeep]
|upkeep
|turn|7
|inactive|gotsnsd has 120 seconds left.
|
|t:|1666720449
|move|p2a: Inteleon|Snipe Shot|p1a: Urshifu
|-resisted|p1a: Urshifu
|-crit|p1a: Urshifu
|-damage|p1a: Urshifu|0 fnt
|faint|p1a: Urshifu
|
|-weather|RainDance|[upkeep]
|upkeep
|
|t:|1666720456
|switch|p1a: Kartana|Kartana|100/100
|-damage|p1a: Kartana|94/100|[from] Stealth Rock
|turn|8
|
|t:|1666720467
|switch|p1a: Heatran|Heatran, F|69/100
|-damage|p1a: Heatran|57/100|[from] Stealth Rock
|switch|p2a: Corviknight|Corviknight, M|100/100
|-damage|p2a: Corviknight|88/100|[from] Stealth Rock
|-ability|p2a: Corviknight|Pressure
|
|-weather|RainDance|[upkeep]
|-heal|p1a: Heatran|63/100|[from] item: Leftovers
|upkeep
|turn|9
|
|t:|1666720471
|switch|p2a: Inteleon|Inteleon, M|88/100
|-damage|p2a: Inteleon|76/100|[from] Stealth Rock
|move|p1a: Heatran|Magma Storm|p2a: Inteleon
|-resisted|p2a: Inteleon
|-damage|p2a: Inteleon|59/100
|-activate|p2a: Inteleon|move: Magma Storm|[of] p1a: Heatran
|
|-weather|RainDance|[upkeep]
|-heal|p1a: Heatran|69/100|[from] item: Leftovers
|-damage|p2a: Inteleon|47/100|[from] move: Magma Storm|[partiallytrapped]
|upkeep
|turn|10
|
|t:|1666720475
|move|p1a: Heatran|Protect|p1a: Heatran
|-singleturn|p1a: Heatran|Protect
|move|p2a: Inteleon|Snipe Shot|p1a: Heatran
|-activate|p1a: Heatran|move: Protect
|
|-weather|RainDance|[upkeep]
|-heal|p1a: Heatran|76/100|[from] item: Leftovers
|-damage|p2a: Inteleon|34/100|[from] move: Magma Storm|[partiallytrapped]
|upkeep
|turn|11
|
|t:|1666720481
|move|p1a: Heatran|Protect||[still]
|-fail|p1a: Heatran
|move|p2a: Inteleon|Snipe Shot|p1a: Heatran
|-supereffective|p1a: Heatran
|-crit|p1a: Heatran
|-damage|p1a: Heatran|0 fnt
|faint|p1a: Heatran
|
|-weather|none
|-end|p2a: Inteleon|Magma Storm|[partiallytrapped]|[silent]
|upkeep
|
|t:|1666720486
|switch|p1a: Tapu Lele|Tapu Lele|100/100
|-damage|p1a: Tapu Lele|88/100|[from] Stealth Rock
|-fieldstart|move: Psychic Terrain|[from] ability: Psychic Surge|[of] p1a: Tapu Lele
|turn|12
|
|t:|1666720494
|switch|p2a: Ferrothorn|Ferrothorn, F|100/100
|-damage|p2a: Ferrothorn|95/100|[from] Stealth Rock
|move|p1a: Tapu Lele|Calm Mind|p1a: Tapu Lele
|-boost|p1a: Tapu Lele|spa|1
|-boost|p1a: Tapu Lele|spd|1
|
|-heal|p2a: Ferrothorn|100/100|[from] item: Leftovers
|upkeep
|turn|13
|
|t:|1666720497
|move|p1a: Tapu Lele|Focus Blast|p2a: Ferrothorn
|-supereffective|p2a: Ferrothorn
|-damage|p2a: Ferrothorn|18/100
|move|p2a: Ferrothorn|Gyro Ball|p1a: Tapu Lele
|-supereffective|p1a: Tapu Lele
|-damage|p1a: Tapu Lele|0 fnt
|faint|p1a: Tapu Lele
|
|-heal|p2a: Ferrothorn|24/100|[from] item: Leftovers
|upkeep
|
|t:|1666720509
|switch|p1a: Kartana|Kartana|94/100
|-damage|p1a: Kartana|88/100|[from] Stealth Rock
|turn|14
|
|t:|1666720513
|move|p1a: Kartana|Knock Off|p2a: Ferrothorn
|-crit|p2a: Ferrothorn
|-damage|p2a: Ferrothorn|0 fnt
|-damage|p1a: Kartana|76/100|[from] ability: Iron Barbs|[of] p2a: Ferrothorn
|-enditem|p2a: Ferrothorn|Leftovers|[from] move: Knock Off|[of] p1a: Kartana
|faint|p2a: Ferrothorn
|-ability|p1a: Kartana|Beast Boost|boost
|-boost|p1a: Kartana|atk|1
|
|upkeep
|
|t:|1666720518
|switch|p2a: Corviknight|Corviknight, M|88/100
|-damage|p2a: Corviknight|76/100|[from] Stealth Rock
|-ability|p2a: Corviknight|Pressure
|turn|15
|
|t:|1666720524
|switch|p1a: Zapdos|Zapdos|100/100
|move|p2a: Corviknight|Roost|p2a: Corviknight
|-heal|p2a: Corviknight|100/100
|-singleturn|p2a: Corviknight|move: Roost
|
|upkeep
|turn|16
|j| xSelybea
|
|t:|1666720535
|switch|p2a: Pelipper|Pelipper, F|100/100
|-damage|p2a: Pelipper|76/100|[from] Stealth Rock
|-weather|RainDance|[from] ability: Drizzle|[of] p2a: Pelipper
|move|p1a: Zapdos|Hurricane|p2a: Pelipper
|-damage|p2a: Pelipper|14/100
|
|-weather|RainDance|[upkeep]
|-fieldend|move: Psychic Terrain
|upkeep
|turn|17
|
|t:|1666720541
|move|p1a: Zapdos|Hurricane|p2a: Pelipper
|-damage|p2a: Pelipper|0 fnt
|faint|p2a: Pelipper
|
|-weather|RainDance|[upkeep]
|upkeep
|
|t:|1666720545
|switch|p2a: Inteleon|Inteleon, M|34/100
|-damage|p2a: Inteleon|22/100|[from] Stealth Rock
|turn|18
|
|t:|1666720550
|switch|p1a: Garchomp|Garchomp, M|80/100
|-damage|p1a: Garchomp|74/100|[from] Stealth Rock
|move|p2a: Inteleon|Snipe Shot|p1a: Garchomp
|-crit|p1a: Garchomp
|-damage|p1a: Garchomp|0 fnt
|faint|p1a: Garchomp
|
|-weather|RainDance|[upkeep]
|upkeep
|
|t:|1666720552
|switch|p1a: Kartana|Kartana|76/100
|-damage|p1a: Kartana|70/100|[from] Stealth Rock
|turn|19
|
|t:|1666720560
|switch|p2a: Corviknight|Corviknight, M|100/100
|-damage|p2a: Corviknight|88/100|[from] Stealth Rock
|-ability|p2a: Corviknight|Pressure
|move|p1a: Kartana|Sacred Sword|p2a: Corviknight
|-damage|p2a: Corviknight|64/100
|-damage|p1a: Kartana|53/100|[from] item: Rocky Helmet|[of] p2a: Corviknight
|
|-weather|RainDance|[upkeep]
|upkeep
|turn|20
|
|t:|1666720570
|switch|p1a: Zapdos|Zapdos|100/100
|move|p2a: Corviknight|U-turn|p1a: Zapdos
|-resisted|p1a: Zapdos
|-damage|p1a: Zapdos|96/100
|
|t:|1666720573
|switch|p2a: Inteleon|Inteleon, M|22/100|[from]move: U-turn
|-damage|p2a: Inteleon|9/100|[from] Stealth Rock
|
|-weather|RainDance|[upkeep]
|upkeep
|turn|21
|
|t:|1666720588
|move|p2a: Inteleon|Hydro Cannon|p1a: Zapdos
|-damage|p1a: Zapdos|0 fnt
|-mustrecharge|p2a: Inteleon
|faint|p1a: Zapdos
|
|-weather|RainDance|[upkeep]
|upkeep
|
|t:|1666720591
|switch|p1a: Kartana|Kartana|53/100
|-damage|p1a: Kartana|47/100|[from] Stealth Rock
|turn|22
|l| xSelybea
|
|t:|1666720600
|move|p1a: Kartana|Knock Off|p2a: Inteleon
|-damage|p2a: Inteleon|0 fnt
|-enditem|p2a: Inteleon|Scope Lens|[from] move: Knock Off|[of] p1a: Kartana
|faint|p2a: Inteleon
|-ability|p1a: Kartana|Beast Boost|boost
|-boost|p1a: Kartana|atk|1
|
|-weather|RainDance|[upkeep]
|upkeep
|c|☆toon arctozolt|the cannon
|
|t:|1666720607
|switch|p2a: Barraskewda|Barraskewda, F|100/100
|-damage|p2a: Barraskewda|88/100|[from] Stealth Rock
|turn|23
|
|t:|1666720610
|move|p2a: Barraskewda|Close Combat|p1a: Kartana
|-supereffective|p1a: Kartana
|-damage|p1a: Kartana|0 fnt
|-unboost|p2a: Barraskewda|def|1
|-unboost|p2a: Barraskewda|spd|1
|faint|p1a: Kartana
|
|win|toon arctozolt
|raw|gotsnsd's rating: 1661 &rarr; <strong>1643</strong><br />(-18 for losing)
|raw|toon arctozolt's rating: 1691 &rarr; <strong>1709</strong><br />(+18 for winning)
|l|☆gotsnsd
