|j|☆vagmak
|j|☆stan yuna
|t:|1643159470
|gametype|singles
|player|p1|vagmak|brawly|1755
|player|p2|stan yuna|266|1814
|teamsize|p1|6
|teamsize|p2|6
|gen|8
|tier|[Gen 8] OU
|rated|
|rule|Sleep Clause Mod: Limit one foe put to sleep
|rule|Species Clause: Limit one of each Pokémon
|rule|OHKO Clause: OHKO moves are banned
|rule|Evasion Moves Clause: Evasion moves are banned
|rule|Endless Battle Clause: Forcing endless battles is banned
|rule|HP Percentage Mod: HP is shown in percentages
|rule|Dynamax Clause: You cannot dynamax
|clearpoke
|poke|p1|Garchomp, M|
|poke|p1|Melmetal|
|poke|p1|Zeraora|
|poke|p1|Zapdos|
|poke|p1|Kartana|
|poke|p1|Mamoswine, M|
|poke|p2|Zapdos|
|poke|p2|Ferrothorn, M|
|poke|p2|Tapu Fini|
|poke|p2|Garchomp, F|
|poke|p2|Slowking-Galar, F|
|poke|p2|Weavile, M|
|teampreview
|inactive|Battle timer is ON: inactive players will automatically lose when time's up. (requested by vagmak)
|j| Water ghosts
|c|☆stan yuna|hf
|inactive|stan yuna has 120 seconds left.
|
|t:|1643159509
|start
|switch|p1a: Kartana|Kartana|100/100
|switch|p2a: Ferrothorn|Ferrothorn, M|100/100
|turn|1
|j|+ATTRIBUTE
|
|t:|1643159518
|move|p1a: Kartana|Swords Dance|p1a: Kartana
|-boost|p1a: Kartana|atk|2
|move|p2a: Ferrothorn|Body Press|p1a: Kartana
|-supereffective|p1a: Kartana
|-damage|p1a: Kartana|45/100
|
|upkeep
|turn|2
|j| closecombatblissey
|j| sl*wking
|l| sl*wking
|
|t:|1643159527
|switch|p2a: Slowking|Slowking-Galar, F|100/100
|move|p1a: Kartana|Sacred Sword|p2a: Slowking
|-resisted|p2a: Slowking
|-damage|p2a: Slowking|77/100
|-damage|p1a: Kartana|35/100|[from] item: Life Orb
|
|upkeep
|turn|3
|
|t:|1643159535
|move|p1a: Kartana|Knock Off|p2a: Slowking
|-supereffective|p2a: Slowking
|-damage|p2a: Slowking|0 fnt
|-enditem|p2a: Slowking|Assault Vest|[from] move: Knock Off|[of] p1a: Kartana
|faint|p2a: Slowking
|-ability|p1a: Kartana|Beast Boost|boost
|-boost|p1a: Kartana|atk|1
|-damage|p1a: Kartana|25/100|[from] item: Life Orb
|
|upkeep
|
|t:|1643159538
|switch|p2a: Weavile|Weavile, M|100/100
|-ability|p2a: Weavile|Pressure
|turn|4
|
|t:|1643159547
|switch|p1a: Melmetal|Melmetal|100/100
|move|p2a: Weavile|Knock Off|p1a: Melmetal
|-damage|p1a: Melmetal|71/100
|-enditem|p1a: Melmetal|Assault Vest|[from] move: Knock Off|[of] p2a: Weavile
|
|upkeep
|turn|5
|j| grookeyfan24
|inactive|stan yuna has 120 seconds left.
|
|t:|1643159594
|switch|p1a: Zapdos|Zapdos|100/100
|move|p2a: Weavile|Knock Off|p1a: Zapdos
|-damage|p1a: Zapdos|36/100
|-enditem|p1a: Zapdos|Heavy-Duty Boots|[from] move: Knock Off|[of] p2a: Weavile
|
|upkeep
|turn|6
|
|t:|1643159603
|switch|p1a: Melmetal|Melmetal|71/100
|move|p2a: Weavile|Knock Off|p1a: Melmetal
|-damage|p1a: Melmetal|51/100
|
|upkeep
|turn|7
|j| Rocket's Snorlax
|
|t:|1643159617
|switch|p2a: Zapdos|Zapdos|100/100
|move|p1a: Melmetal|Double Iron Bash|p2a: Zapdos
|-resisted|p2a: Zapdos
|-damage|p2a: Zapdos|72/100
|-status|p1a: Melmetal|par|[from] ability: Static|[of] p2a: Zapdos
|-resisted|p2a: Zapdos
|-damage|p2a: Zapdos|47/100
|-hitcount|p2a: Zapdos|2
|
|upkeep
|turn|8
|
|t:|1643159627
|switch|p1a: Mamoswine|Mamoswine, M|100/100
|move|p2a: Zapdos|Heat Wave|p1a: Mamoswine
|-supereffective|p1a: Mamoswine
|-damage|p1a: Mamoswine|56/100
|
|upkeep
|turn|9
|
|t:|1643159633
|switch|p2a: Tapu Fini|Tapu Fini|100/100
|-fieldstart|move: Misty Terrain|[from] ability: Misty Surge|[of] p2a: Tapu Fini
|move|p1a: Mamoswine|Icicle Crash|p2a: Tapu Fini
|-resisted|p2a: Tapu Fini
|-damage|p2a: Tapu Fini|82/100
|
|-heal|p2a: Tapu Fini|89/100|[from] item: Leftovers
|upkeep
|turn|10
|j| ppev
|
|t:|1643159644
|switch|p1a: Melmetal|Melmetal|51/100 par
|move|p2a: Tapu Fini|Scald|p1a: Melmetal
|-damage|p1a: Melmetal|30/100 par
|
|-heal|p2a: Tapu Fini|95/100|[from] item: Leftovers
|upkeep
|turn|11
|
|t:|1643159654
|switch|p2a: Ferrothorn|Ferrothorn, M|100/100
|switch|p1a: Kartana|Kartana|25/100
|
|upkeep
|turn|12
|
|t:|1643159661
|move|p1a: Kartana|Sacred Sword|p2a: Ferrothorn
|-supereffective|p2a: Ferrothorn
|-damage|p2a: Ferrothorn|35/100
|-damage|p1a: Kartana|13/100|[from] ability: Iron Barbs|[of] p2a: Ferrothorn
|-damage|p1a: Kartana|3/100|[from] item: Life Orb
|move|p2a: Ferrothorn|Stealth Rock|p1a: Kartana
|-sidestart|p1: vagmak|move: Stealth Rock
|
|-heal|p2a: Ferrothorn|42/100|[from] item: Leftovers
|upkeep
|turn|13
|
|t:|1643159675
|switch|p2a: Zapdos|Zapdos|47/100
|move|p1a: Kartana|Knock Off|p2a: Zapdos
|-damage|p2a: Zapdos|0 fnt
|-enditem|p2a: Zapdos|Heavy-Duty Boots|[from] move: Knock Off|[of] p1a: Kartana
|faint|p2a: Zapdos
|-ability|p1a: Kartana|Beast Boost|boost
|-boost|p1a: Kartana|atk|1
|-damage|p1a: Kartana|0 fnt|[from] item: Life Orb
|faint|p1a: Kartana
|
|-fieldend|Misty Terrain
|upkeep
|j| SevenSeven
|
|t:|1643159693
|switch|p1a: Zeraora|Zeraora|100/100
|switch|p2a: Garchomp|Garchomp, F|100/100
|-damage|p1a: Zeraora|88/100|[from] Stealth Rock
|turn|14
|
|t:|1643159702
|move|p1a: Zeraora|Outrage|p2a: Garchomp
|-supereffective|p2a: Garchomp
|-damage|p2a: Garchomp|0 fnt
|-damage|p1a: Zeraora|76/100|[from] ability: Rough Skin|[of] p2a: Garchomp
|faint|p2a: Garchomp
|
|upkeep
|
|t:|1643159708
|switch|p2a: Ferrothorn|Ferrothorn, M|42/100
|turn|15
|l| ppev
|
|t:|1643159711
|move|p1a: Zeraora|Outrage|p2a: Ferrothorn|[from]lockedmove
|-resisted|p2a: Ferrothorn
|-damage|p2a: Ferrothorn|23/100
|-damage|p1a: Zeraora|64/100|[from] ability: Iron Barbs|[of] p2a: Ferrothorn
|-start|p1a: Zeraora|confusion|[fatigue]
|move|p2a: Ferrothorn|Body Press|p1a: Zeraora
|-damage|p1a: Zeraora|27/100
|
|-heal|p2a: Ferrothorn|29/100|[from] item: Leftovers
|upkeep
|turn|16
|j| ppev
|
|t:|1643159723
|switch|p1a: Zapdos|Zapdos|36/100
|-damage|p1a: Zapdos|11/100|[from] Stealth Rock
|move|p2a: Ferrothorn|Leech Seed|p1a: Zapdos
|-start|p1a: Zapdos|move: Leech Seed
|
|-heal|p2a: Ferrothorn|36/100|[from] item: Leftovers
|-damage|p1a: Zapdos|0 fnt|[from] Leech Seed|[of] p2a: Ferrothorn
|-heal|p2a: Ferrothorn|46/100|[silent]
|faint|p1a: Zapdos
|upkeep
|
|t:|1643159733
|switch|p1a: Garchomp|Garchomp, M|100/100
|-damage|p1a: Garchomp|94/100|[from] Stealth Rock
|turn|17
|
|t:|1643159738
|move|p1a: Garchomp|Earthquake|p2a: Ferrothorn
|-damage|p2a: Ferrothorn|0 fnt
|faint|p2a: Ferrothorn
|-damage|p1a: Garchomp|85/100|[from] item: Life Orb
|
|upkeep
|
|t:|1643159755
|switch|p2a: Weavile|Weavile, M|100/100
|-ability|p2a: Weavile|Pressure
|turn|18
|inactive|stan yuna has 120 seconds left.
|
|t:|1643159790
|move|p2a: Weavile|Triple Axel|p1a: Garchomp
|-supereffective|p1a: Garchomp
|-damage|p1a: Garchomp|38/100
|-damage|p2a: Weavile|88/100|[from] ability: Rough Skin|[of] p1a: Garchomp
|-supereffective|p1a: Garchomp
|-damage|p1a: Garchomp|0 fnt
|-damage|p2a: Weavile|76/100|[from] ability: Rough Skin|[of] p1a: Garchomp
|faint|p1a: Garchomp
|-hitcount|p1: Garchomp|2
|
|upkeep
|l| SevenSeven
|
|t:|1643159805
|switch|p1a: Melmetal|Melmetal|30/100 par
|-damage|p1a: Melmetal|24/100 par|[from] Stealth Rock
|turn|19
|
|t:|1643159808
|switch|p2a: Tapu Fini|Tapu Fini|95/100
|-fieldstart|move: Misty Terrain|[from] ability: Misty Surge|[of] p2a: Tapu Fini
|move|p1a: Melmetal|Double Iron Bash|p2a: Tapu Fini
|-damage|p2a: Tapu Fini|63/100
|-damage|p2a: Tapu Fini|29/100
|-hitcount|p2a: Tapu Fini|2
|
|-heal|p2a: Tapu Fini|35/100|[from] item: Leftovers
|upkeep
|turn|20
|
|t:|1643159818
|move|p2a: Tapu Fini|Scald|p1a: Melmetal
|-crit|p1a: Melmetal
|-damage|p1a: Melmetal|0 fnt
|faint|p1a: Melmetal
|
|-heal|p2a: Tapu Fini|41/100|[from] item: Leftovers
|upkeep
|j| YTY.PM
|
|t:|1643159828
|switch|p1a: Zeraora|Zeraora|27/100
|-damage|p1a: Zeraora|15/100|[from] Stealth Rock
|turn|21
|
|t:|1643159832
|move|p1a: Zeraora|Plasma Fists|p2a: Tapu Fini
|-supereffective|p2a: Tapu Fini
|-damage|p2a: Tapu Fini|0 fnt
|-fieldactivate|move: Ion Deluge
|-hint|Normal-type moves become Electric-type after using Plasma Fists.
|faint|p2a: Tapu Fini
|
|upkeep
|
|t:|1643159834
|switch|p2a: Weavile|Weavile, M|76/100
|-ability|p2a: Weavile|Pressure
|turn|22
|l| YTY.PM
|
|t:|1643159841
|move|p2a: Weavile|Ice Shard|p1a: Zeraora
|-crit|p1a: Zeraora
|-damage|p1a: Zeraora|0 fnt
|faint|p1a: Zeraora
|
|upkeep
|
|t:|1643159845
|switch|p1a: Mamoswine|Mamoswine, M|56/100
|-damage|p1a: Mamoswine|44/100|[from] Stealth Rock
|turn|23
|c|☆vagmak|gg
|c|☆stan yuna|gg
|
|t:|1643159851
|move|p2a: Weavile|Knock Off|p1a: Mamoswine
|-damage|p1a: Mamoswine|0 fnt
|-enditem|p1a: Mamoswine|Focus Sash|[from] move: Knock Off|[of] p2a: Weavile
|faint|p1a: Mamoswine
|
|win|stan yuna
|raw|vagmak's rating: 1755 &rarr; <strong>1738</strong><br />(-17 for losing)
|raw|stan yuna's rating: 1814 &rarr; <strong>1831</strong><br />(+17 for winning)
|l| Rocket's Snorlax
|l|☆vagmak
|l| closecombatblissey
||Ladder isn't responding, score probably updated but might not have (Request timeout).
