|raw|<div class="broadcast-blue"><strong>This battle is required to be public due to a player having a name prefixed by 'LT71LX'.</div>
|j|☆Shootingwolf
|j|☆LT71LX Newal
|t:|1596713774
|player|p1|Shootingwolf|erika|1584
|player|p2|LT71LX Newal|hilbert|1524
|teamsize|p1|6
|teamsize|p2|6
|gametype|singles
|gen|8
|tier|[Gen 8] OU
|rated|
|clearpoke
|poke|p1|Excadrill, M|
|poke|p1|Hippowdon, M|
|poke|p1|Kyurem|
|poke|p1|Mandibuzz, F|
|poke|p1|Amoonguss, M|
|poke|p1|Crawdaunt, M|
|poke|p2|Clefable, F|
|poke|p2|Chansey, F|
|poke|p2|Quagsire, F|
|poke|p2|Rotom-Heat|
|poke|p2|Amoonguss, F|
|poke|p2|Mandibuzz, F|
|rule|Sleep Clause Mod: Limit one foe put to sleep
|rule|Species Clause: Limit one of each Pokémon
|rule|OHKO Clause: OHKO moves are banned
|rule|Evasion Moves Clause: Evasion moves are banned
|rule|Endless Battle Clause: Forcing endless battles is banned
|rule|HP Percentage Mod: HP is shown in percentages
|rule|Dynamax Clause: You cannot dynamax
|teampreview
|inactive|Battle timer is ON: inactive players will automatically lose when time's up. (requested by LT71LX Newal)
|j| LT71LX RGNT
|c| LT71LX RGNT|como te va la ladder bro
|inactive|Shootingwolf has 120 seconds left.
|c|☆LT71LX Newal|mal
|c|☆LT71LX Newal|jajajajajajajaj
|
|t:|1596713815
|start
|switch|p1a: Kyurem|Kyurem|100/100
|switch|p2a: Clefable|Clefable, F|100/100
|-ability|p1a: Kyurem|Pressure
|turn|1
|c| LT71LX RGNT|f
|c| LT71LX RGNT|jajajaja
|c|☆LT71LX Newal|esto es insufrible loco
|
|t:|1596713825
|move|p1a: Kyurem|Flash Cannon|p2a: Clefable
|-supereffective|p2a: Clefable
|-damage|p2a: Clefable|22/100
|move|p2a: Clefable|Moonblast|p1a: Kyurem
|-supereffective|p1a: Kyurem
|-damage|p1a: Kyurem|25/100
|-unboost|p1a: Kyurem|spa|1
|
|upkeep
|turn|2
|c| LT71LX RGNT|ya
|
|t:|1596713830
|switch|p1a: Crawdaunt|Crawdaunt, M|100/100
|switch|p2a: Chansey|Chansey, F|100/100
|
|upkeep
|turn|3
|c| LT71LX RGNT|te entran ganas de pegarte un tiro en la sien
|c|☆LT71LX Newal|q asco
|
|t:|1596713839
|switch|p2a: Amoonguss|Amoonguss, F|100/100
|move|p1a: Crawdaunt|Swords Dance|p1a: Crawdaunt
|-boost|p1a: Crawdaunt|atk|2
|
|upkeep
|turn|4
|c|☆LT71LX Newal|me cago en la virgen
|
|t:|1596713846
|move|p1a: Crawdaunt|Knock Off|p2a: Amoonguss
|-damage|p2a: Amoonguss|0 fnt
|-damage|p1a: Crawdaunt|84/100|[from] item: Rocky Helmet|[of] p2a: Amoonguss
|-enditem|p2a: Amoonguss|Rocky Helmet|[from] move: Knock Off|[of] p1a: Crawdaunt
|-damage|p1a: Crawdaunt|74/100|[from] item: Life Orb
|faint|p2a: Amoonguss
|
|upkeep
|c|☆LT71LX Newal|a tomar por culo
|c|☆LT71LX Newal|JAJAJAJ
|
|t:|1596713856
|switch|p2a: Quagsire|Quagsire, F|100/100
|turn|5
|c| LT71LX RGNT|XD
|c| LT71LX RGNT|va no te desconcentro
|c| LT71LX RGNT|gl
|
|t:|1596713869
|switch|p1a: Amoonguss|Amoonguss, M|100/100
|move|p2a: Quagsire|Toxic|p1a: Amoonguss
|-immune|p1a: Amoonguss
|
|upkeep
|turn|6
|c|☆LT71LX Newal|same en el tour bro
|
|t:|1596713874
|switch|p2a: Rotom|Rotom-Heat|100/100
|move|p1a: Amoonguss|Toxic|p2a: Rotom
|-status|p2a: Rotom|tox
|
|-damage|p2a: Rotom|95/100 tox|[from] psn
|upkeep
|turn|7
|
|t:|1596713891
|switch|p1a: Landrous|Hippowdon, M|100/100
|-weather|Sandstorm|[from] ability: Sand Stream|[of] p1a: Landrous
|move|p2a: Rotom|Nasty Plot|p2a: Rotom
|-boost|p2a: Rotom|spa|2
|
|-weather|Sandstorm|[upkeep]
|-damage|p2a: Rotom|89/100 tox|[from] Sandstorm
|-damage|p2a: Rotom|77/100 tox|[from] psn
|upkeep
|turn|8
|
|t:|1596713912
|switch|p1a: Landorustwo|Mandibuzz, F|100/100
|move|p2a: Rotom|Overheat|p1a: Landorustwo
|-damage|p1a: Landorustwo|19/100
|-unboost|p2a: Rotom|spa|2
|
|-weather|Sandstorm|[upkeep]
|-damage|p2a: Rotom|71/100 tox|[from] Sandstorm
|-damage|p2a: Rotom|53/100 tox|[from] psn
|upkeep
|turn|9
|
|t:|1596713922
|switch|p2a: Clefable|Clefable, F|22/100
|move|p1a: Landorustwo|U-turn|p2a: Clefable
|-resisted|p2a: Clefable
|-damage|p2a: Clefable|18/100
|
|t:|1596713931
|switch|p1a: Crawdaunt|Crawdaunt, M|74/100|[from]move: U-turn
|
|-weather|Sandstorm|[upkeep]
|-damage|p1a: Crawdaunt|68/100|[from] Sandstorm
|upkeep
|turn|10
|
|t:|1596713935
|switch|p2a: Quagsire|Quagsire, F|100/100
|move|p1a: Crawdaunt|Knock Off|p2a: Quagsire
|-damage|p2a: Quagsire|33/100
|-enditem|p2a: Quagsire|Sitrus Berry|[from] move: Knock Off|[of] p1a: Crawdaunt
|-damage|p1a: Crawdaunt|59/100|[from] item: Life Orb
|
|-weather|Sandstorm|[upkeep]
|-damage|p1a: Crawdaunt|53/100|[from] Sandstorm
|upkeep
|turn|11
|
|t:|1596713944
|move|p1a: Crawdaunt|Liquidation|p2a: Quagsire
|-damage|p2a: Quagsire|0 fnt
|-damage|p1a: Crawdaunt|43/100|[from] item: Life Orb
|faint|p2a: Quagsire
|
|-weather|Sandstorm|[upkeep]
|-damage|p1a: Crawdaunt|37/100|[from] Sandstorm
|upkeep
|c|☆LT71LX Newal|gg
|-message|LT71LX Newal forfeited.
|
|win|Shootingwolf
|l|☆LT71LX Newal
|raw|Shootingwolf's rating: 1584 &rarr; <strong>1601</strong><br />(+17 for winning)
|raw|LT71LX Newal's rating: 1524 &rarr; <strong>1508</strong><br />(-16 for losing)
