|j|☆mamaw31180
|j|☆fdfdddddddd
|t:|1624808329
|gametype|singles
|player|p1|mamaw31180|acetrainersnow|1759
|player|p2|fdfdddddddd|102|1830
|teamsize|p1|6
|teamsize|p2|6
|gen|8
|tier|[Gen 8] OU
|rated|
|rule|Sleep Clause Mod: Limit one foe put to sleep
|rule|Species Clause: Limit one of each Pokémon
|rule|OHKO Clause: OHKO moves are banned
|rule|Evasion Moves Clause: Evasion moves are banned
|rule|Endless Battle Clause: Forcing endless battles is banned
|rule|HP Percentage Mod: HP is shown in percentages
|rule|Dynamax Clause: You cannot dynamax
|clearpoke
|poke|p1|Hawlucha, F|
|poke|p1|Tapu Koko|
|poke|p1|Urshifu-*, M|
|poke|p1|Heatran, M|
|poke|p1|Landorus-Therian, M|
|poke|p1|Toxapex, F|
|poke|p2|Ferrothorn, M|
|poke|p2|Toxapex, F|
|poke|p2|Garchomp, M|
|poke|p2|Sigilyph, F|
|poke|p2|Tyranitar, F|
|poke|p2|Aegislash, F|
|teampreview
|j| Zombini62
|inactive|Battle timer is ON: inactive players will automatically lose when time's up. (requested by fdfdddddddd)
|
|t:|1624808335
|start
|switch|p1a: Tapu Koko|Tapu Koko|100/100
|switch|p2a: Sigilyph|Sigilyph, F|100/100
|-fieldstart|move: Electric Terrain|[from] ability: Electric Surge|[of] p1a: Tapu Koko
|turn|1
|
|t:|1624808343
|switch|p2a: Garchomp|Garchomp, M|100/100
|move|p1a: Tapu Koko|Volt Switch|p2a: Garchomp
|-immune|p2a: Garchomp
|
|upkeep
|turn|2
|
|t:|1624808345
|switch|p1a: Landorus|Landorus-Therian, M|100/100
|-ability|p1a: Landorus|Intimidate|boost
|-unboost|p2a: Garchomp|atk|1
|switch|p2a: Sigilyph|Sigilyph, F|100/100
|
|upkeep
|turn|3
|
|t:|1624808353
|switch|p1a: Tapu Koko|Tapu Koko|100/100
|move|p2a: Sigilyph|Ice Beam|p1a: Tapu Koko
|-damage|p1a: Tapu Koko|44/100
|
|upkeep
|turn|4
|
|t:|1624808357
|switch|p2a: Ferrothorn|Ferrothorn, M|100/100
|move|p1a: Tapu Koko|Volt Switch|p2a: Ferrothorn
|-resisted|p2a: Ferrothorn
|-damage|p2a: Ferrothorn|78/100
|
|t:|1624808363
|switch|p1a: Heatran|Heatran, M|100/100|[from]move: Volt Switch
|
|upkeep
|turn|5
|
|t:|1624808370
|switch|p2a: Tyranitar|Tyranitar, F|100/100
|-weather|Sandstorm|[from] ability: Sand Stream|[of] p2a: Tyranitar
|move|p1a: Heatran|Stealth Rock|p2a: Tyranitar
|-sidestart|p2: fdfdddddddd|move: Stealth Rock
|
|-weather|Sandstorm|[upkeep]
|-fieldend|move: Electric Terrain
|upkeep
|turn|6
|
|t:|1624808373
|switch|p1a: Landorus|Landorus-Therian, M|100/100
|-ability|p1a: Landorus|Intimidate|boost
|-unboost|p2a: Tyranitar|atk|1
|move|p2a: Tyranitar|Toxic|p1a: Landorus
|-status|p1a: Landorus|tox
|
|-weather|Sandstorm|[upkeep]
|-damage|p1a: Landorus|94/100 tox|[from] psn
|upkeep
|turn|7
|j| Priape is my gode
|
|t:|1624808379
|switch|p2a: Ferrothorn|Ferrothorn, M|78/100
|-damage|p2a: Ferrothorn|72/100|[from] Stealth Rock
|move|p1a: Landorus|U-turn|p2a: Ferrothorn
|-damage|p2a: Ferrothorn|59/100
|-damage|p1a: Landorus|82/100 tox|[from] ability: Iron Barbs|[of] p2a: Ferrothorn
|-damage|p1a: Landorus|66/100 tox|[from] item: Rocky Helmet|[of] p2a: Ferrothorn
|
|t:|1624808382
|switch|p1a: Urshifu|Urshifu-Rapid-Strike, M|100/100|[from]move: U-turn
|
|-weather|Sandstorm|[upkeep]
|-damage|p1a: Urshifu|94/100|[from] Sandstorm
|upkeep
|turn|8
|
|t:|1624808386
|switch|p2a: Toxapex|Toxapex, F|100/100
|-damage|p2a: Toxapex|88/100|[from] Stealth Rock
|move|p1a: Urshifu|U-turn|p2a: Toxapex
|-resisted|p2a: Toxapex
|-damage|p2a: Toxapex|74/100
|-damage|p1a: Urshifu|78/100|[from] item: Rocky Helmet|[of] p2a: Toxapex
|j| pliang838
|
|t:|1624808392
|switch|p1a: Tapu Koko|Tapu Koko|44/100|[from]move: U-turn
|-fieldstart|move: Electric Terrain|[from] ability: Electric Surge|[of] p1a: Tapu Koko
|
|-weather|Sandstorm|[upkeep]
|-damage|p1a: Tapu Koko|38/100|[from] Sandstorm
|-damage|p2a: Toxapex|68/100|[from] Sandstorm
|upkeep
|turn|9
|
|t:|1624808398
|switch|p2a: Garchomp|Garchomp, M|100/100
|-damage|p2a: Garchomp|94/100|[from] Stealth Rock
|move|p1a: Tapu Koko|Volt Switch|p2a: Garchomp
|-immune|p2a: Garchomp
|
|-weather|none
|upkeep
|turn|10
|
|t:|1624808404
|switch|p1a: Landorus|Landorus-Therian, M|66/100 tox
|-ability|p1a: Landorus|Intimidate|boost
|-unboost|p2a: Garchomp|atk|1
|move|p2a: Garchomp|Swords Dance|p2a: Garchomp
|-boost|p2a: Garchomp|atk|2
|
|-heal|p1a: Landorus|72/100 tox|[from] item: Leftovers
|-damage|p1a: Landorus|66/100 tox|[from] psn
|upkeep
|turn|11
|j| Count Riario
|j| dogletsuperstar999
|
|t:|1624808412
|switch|p1a: Tapu Koko|Tapu Koko|38/100
|move|p2a: Garchomp|Scale Shot|p1a: Tapu Koko
|-immune|p1a: Tapu Koko
|
|upkeep
|turn|12
|
|t:|1624808416
|switch|p2a: Toxapex|Toxapex, F|100/100
|-damage|p2a: Toxapex|88/100|[from] Stealth Rock
|move|p1a: Tapu Koko|Dazzling Gleam|p2a: Toxapex
|-resisted|p2a: Toxapex
|-crit|p2a: Toxapex
|-damage|p2a: Toxapex|61/100
|
|-fieldend|move: Electric Terrain
|upkeep
|turn|13
|
|t:|1624808426
|switch|p1a: Heatran|Heatran, M|100/100
|switch|p2a: Sigilyph|Sigilyph, F|100/100
|
|upkeep
|turn|14
|
|t:|1624808432
|switch|p2a: Tyranitar|Tyranitar, F|100/100
|-damage|p2a: Tyranitar|88/100|[from] Stealth Rock
|-weather|Sandstorm|[from] ability: Sand Stream|[of] p2a: Tyranitar
|move|p1a: Heatran|Taunt|p2a: Tyranitar
|-start|p2a: Tyranitar|move: Taunt
|
|-weather|Sandstorm|[upkeep]
|-heal|p2a: Tyranitar|94/100|[from] item: Leftovers
|upkeep
|turn|15
|
|t:|1624808436
|switch|p1a: Landorus|Landorus-Therian, M|66/100 tox
|-ability|p1a: Landorus|Intimidate|boost
|-unboost|p2a: Tyranitar|atk|1
|move|p2a: Tyranitar|Rock Blast|p1a: Landorus
|-crit|p1a: Landorus
|-damage|p1a: Landorus|53/100 tox
|-damage|p1a: Landorus|47/100 tox
|-damage|p1a: Landorus|41/100 tox
|-hitcount|p1a: Landorus|3
|
|-weather|Sandstorm|[upkeep]
|-heal|p1a: Landorus|47/100 tox|[from] item: Leftovers
|-heal|p2a: Tyranitar|100/100|[from] item: Leftovers
|-damage|p1a: Landorus|41/100 tox|[from] psn
|upkeep
|turn|16
|
|t:|1624808441
|switch|p2a: Sigilyph|Sigilyph, F|100/100
|move|p1a: Landorus|U-turn|p2a: Sigilyph
|-damage|p2a: Sigilyph|67/100
|
|t:|1624808449
|switch|p1a: Tapu Koko|Tapu Koko|38/100|[from]move: U-turn
|-fieldstart|move: Electric Terrain|[from] ability: Electric Surge|[of] p1a: Tapu Koko
|
|-weather|Sandstorm|[upkeep]
|-damage|p1a: Tapu Koko|31/100|[from] Sandstorm
|upkeep
|turn|17
|
|t:|1624808454
|switch|p2a: Ferrothorn|Ferrothorn, M|59/100
|-damage|p2a: Ferrothorn|53/100|[from] Stealth Rock
|move|p1a: Tapu Koko|Dazzling Gleam|p2a: Ferrothorn
|-resisted|p2a: Ferrothorn
|-damage|p2a: Ferrothorn|33/100
|
|-weather|Sandstorm|[upkeep]
|-damage|p1a: Tapu Koko|25/100|[from] Sandstorm
|upkeep
|turn|18
|
|t:|1624808461
|switch|p1a: Heatran|Heatran, M|100/100
|move|p2a: Ferrothorn|Body Press|p1a: Heatran
|-supereffective|p1a: Heatran
|-damage|p1a: Heatran|49/100
|
|-weather|none
|-heal|p1a: Heatran|55/100|[from] item: Leftovers
|upkeep
|turn|19
|
|t:|1624808467
|move|p1a: Heatran|Magma Storm|p2a: Ferrothorn|[miss]
|-miss|p1a: Heatran|p2a: Ferrothorn
|move|p2a: Ferrothorn|Body Press|p1a: Heatran
|-supereffective|p1a: Heatran
|-damage|p1a: Heatran|2/100
|
|-heal|p1a: Heatran|8/100|[from] item: Leftovers
|upkeep
|turn|20
|
|t:|1624808472
|switch|p2a: Tyranitar|Tyranitar, F|100/100
|-damage|p2a: Tyranitar|88/100|[from] Stealth Rock
|-weather|Sandstorm|[from] ability: Sand Stream|[of] p2a: Tyranitar
|move|p1a: Heatran|Earth Power|p2a: Tyranitar
|-supereffective|p2a: Tyranitar
|-damage|p2a: Tyranitar|66/100
|-unboost|p2a: Tyranitar|spd|1
|
|-weather|Sandstorm|[upkeep]
|-heal|p1a: Heatran|14/100|[from] item: Leftovers
|-heal|p2a: Tyranitar|72/100|[from] item: Leftovers
|-fieldend|move: Electric Terrain
|upkeep
|turn|21
|l| Zombini62
|
|t:|1624808483
|switch|p1a: Landorus|Landorus-Therian, M|41/100 tox
|-ability|p1a: Landorus|Intimidate|boost
|-unboost|p2a: Tyranitar|atk|1
|move|p2a: Tyranitar|Rock Blast|p1a: Landorus|[miss]
|-miss|p2a: Tyranitar|p1a: Landorus
|
|-weather|Sandstorm|[upkeep]
|-heal|p1a: Landorus|47/100 tox|[from] item: Leftovers
|-heal|p2a: Tyranitar|79/100|[from] item: Leftovers
|-damage|p1a: Landorus|41/100 tox|[from] psn
|upkeep
|turn|22
|
|t:|1624808487
|move|p1a: Landorus|U-turn|p2a: Tyranitar
|-supereffective|p2a: Tyranitar
|-damage|p2a: Tyranitar|47/100
|
|t:|1624808491
|switch|p1a: Toxapex|Toxapex, F|100/100|[from]move: U-turn
|move|p2a: Tyranitar|Stealth Rock|p1a: Toxapex
|-sidestart|p1: mamaw31180|move: Stealth Rock
|
|-weather|Sandstorm|[upkeep]
|-damage|p1a: Toxapex|94/100|[from] Sandstorm
|-heal|p2a: Tyranitar|53/100|[from] item: Leftovers
|upkeep
|turn|23
|
|t:|1624808498
|switch|p2a: Ferrothorn|Ferrothorn, M|33/100
|-damage|p2a: Ferrothorn|27/100|[from] Stealth Rock
|move|p1a: Toxapex|Knock Off|p2a: Ferrothorn
|-damage|p2a: Ferrothorn|19/100
|-damage|p1a: Toxapex|82/100|[from] ability: Iron Barbs|[of] p2a: Ferrothorn
|-damage|p1a: Toxapex|65/100|[from] item: Rocky Helmet|[of] p2a: Ferrothorn
|-enditem|p2a: Ferrothorn|Rocky Helmet|[from] move: Knock Off|[of] p1a: Toxapex
|
|-weather|Sandstorm|[upkeep]
|-damage|p1a: Toxapex|59/100|[from] Sandstorm
|upkeep
|turn|24
|
|t:|1624808503
|move|p1a: Toxapex|Scald|p2a: Ferrothorn
|-resisted|p2a: Ferrothorn
|-damage|p2a: Ferrothorn|12/100
|move|p2a: Ferrothorn|Leech Seed|p1a: Toxapex
|-start|p1a: Toxapex|move: Leech Seed
|
|-weather|none
|-damage|p1a: Toxapex|47/100|[from] Leech Seed|[of] p2a: Ferrothorn
|-heal|p2a: Ferrothorn|23/100|[silent]
|upkeep
|turn|25
|
|t:|1624808508
|switch|p1a: Landorus|Landorus-Therian, M|41/100 tox
|-damage|p1a: Landorus|29/100 tox|[from] Stealth Rock
|-ability|p1a: Landorus|Intimidate|boost
|-unboost|p2a: Ferrothorn|atk|1
|move|p2a: Ferrothorn|Knock Off|p1a: Landorus
|-damage|p1a: Landorus|18/100 tox
|-enditem|p1a: Landorus|Leftovers|[from] move: Knock Off|[of] p2a: Ferrothorn
|
|-damage|p1a: Landorus|12/100 tox|[from] psn
|upkeep
|turn|26
|
|t:|1624808513
|move|p1a: Landorus|Defog|p2a: Ferrothorn
|-unboost|p2a: Ferrothorn|evasion|1
|-sideend|p2: fdfdddddddd|Stealth Rock|[from] move: Defog|[of] p1a: Landorus
|-sideend|p1: mamaw31180|Stealth Rock|[from] move: Defog|[of] p1a: Landorus
|move|p2a: Ferrothorn|Spikes|p1a: Landorus
|-sidestart|p1: mamaw31180|Spikes
|
|-damage|p1a: Landorus|0 fnt|[from] psn
|faint|p1a: Landorus
|upkeep
|l| pliang838
|
|t:|1624808518
|switch|p1a: Urshifu|Urshifu-Rapid-Strike, M|78/100
|-damage|p1a: Urshifu|66/100|[from] Spikes
|turn|27
|
|t:|1624808525
|move|p1a: Urshifu|U-turn|p2a: Ferrothorn
|-damage|p2a: Ferrothorn|1/100
|-damage|p1a: Urshifu|53/100|[from] ability: Iron Barbs|[of] p2a: Ferrothorn
|
|t:|1624808530
|switch|p1a: Heatran|Heatran, M|14/100|[from]move: U-turn
|-damage|p1a: Heatran|2/100|[from] Spikes
|move|p2a: Ferrothorn|Spikes|p1a: Heatran
|-sidestart|p1: mamaw31180|Spikes
|
|-heal|p1a: Heatran|8/100|[from] item: Leftovers
|upkeep
|turn|28
|
|t:|1624808539
|switch|p2a: Sigilyph|Sigilyph, F|67/100
|move|p1a: Heatran|Stealth Rock|p2a: Sigilyph
|-sidestart|p2: fdfdddddddd|move: Stealth Rock
|
|-heal|p1a: Heatran|14/100|[from] item: Leftovers
|upkeep
|turn|29
|
|t:|1624808543
|move|p2a: Sigilyph|Psyshock|p1a: Heatran
|-resisted|p1a: Heatran
|-damage|p1a: Heatran|0 fnt
|faint|p1a: Heatran
|
|upkeep
|
|t:|1624808548
|switch|p1a: Tapu Koko|Tapu Koko|25/100
|-damage|p1a: Tapu Koko|9/100|[from] Spikes
|-fieldstart|move: Electric Terrain|[from] ability: Electric Surge|[of] p1a: Tapu Koko
|turn|30
|
|t:|1624808555
|switch|p2a: Ferrothorn|Ferrothorn, M|1/100
|-damage|p2a: Ferrothorn|0 fnt|[from] Stealth Rock
|faint|p2a: Ferrothorn
|move|p1a: Tapu Koko|Volt Switch|p2: Ferrothorn|[notarget]
|-fail|p1a: Tapu Koko
|
|upkeep
|
|t:|1624808565
|switch|p2a: Garchomp|Garchomp, M|94/100
|-damage|p2a: Garchomp|88/100|[from] Stealth Rock
|turn|31
|j| Powerpunch2006
|
|t:|1624808571
|switch|p1a: Hawlucha|Hawlucha, F|100/100
|-enditem|p1a: Hawlucha|Electric Seed
|-boost|p1a: Hawlucha|def|1|[from] item: Electric Seed
|move|p2a: Garchomp|Swords Dance|p2a: Garchomp
|-boost|p2a: Garchomp|atk|2
|
|upkeep
|turn|32
|
|t:|1624808576
|move|p1a: Hawlucha|Swords Dance|p1a: Hawlucha
|-boost|p1a: Hawlucha|atk|2
|move|p2a: Garchomp|Scale Shot|p1a: Hawlucha|[miss]
|-miss|p2a: Garchomp|p1a: Hawlucha
|
|upkeep
|turn|33
|
|t:|1624808590
|move|p1a: Hawlucha|Acrobatics|p2a: Garchomp
|-damage|p2a: Garchomp|0 fnt
|-damage|p1a: Hawlucha|88/100|[from] ability: Rough Skin|[of] p2a: Garchomp
|faint|p2a: Garchomp
|
|upkeep
|
|t:|1624808594
|switch|p2a: Aegislash|Aegislash, F|100/100
|-damage|p2a: Aegislash|94/100|[from] Stealth Rock
|turn|34
|
|t:|1624808602
|switch|p1a: Toxapex|Toxapex, F|80/100
|-damage|p1a: Toxapex|63/100|[from] Spikes
|move|p2a: Aegislash|King's Shield||[still]
|-fail|p2a: Aegislash
|
|-heal|p2a: Aegislash|100/100|[from] item: Leftovers
|-fieldend|move: Electric Terrain
|upkeep
|turn|35
|
|t:|1624808613
|switch|p2a: Toxapex|Toxapex, F|95/100
|-damage|p2a: Toxapex|82/100|[from] Stealth Rock
|move|p1a: Toxapex|Knock Off|p2a: Toxapex
|-damage|p2a: Toxapex|72/100
|-damage|p1a: Toxapex|47/100|[from] item: Rocky Helmet|[of] p2a: Toxapex
|-enditem|p2a: Toxapex|Rocky Helmet|[from] move: Knock Off|[of] p1a: Toxapex
|
|upkeep
|turn|36
|
|t:|1624808617
|move|p1a: Toxapex|Recover|p1a: Toxapex
|-heal|p1a: Toxapex|97/100
|move|p2a: Toxapex|Knock Off|p1a: Toxapex
|-damage|p1a: Toxapex|87/100
|-damage|p2a: Toxapex|55/100|[from] item: Rocky Helmet|[of] p1a: Toxapex
|-enditem|p1a: Toxapex|Rocky Helmet|[from] move: Knock Off|[of] p2a: Toxapex
|
|upkeep
|turn|37
|
|t:|1624808625
|switch|p2a: Tyranitar|Tyranitar, F|53/100
|-damage|p2a: Tyranitar|41/100|[from] Stealth Rock
|-weather|Sandstorm|[from] ability: Sand Stream|[of] p2a: Tyranitar
|move|p1a: Toxapex|Scald|p2a: Tyranitar
|-supereffective|p2a: Tyranitar
|-damage|p2a: Tyranitar|27/100
|
|-weather|Sandstorm|[upkeep]
|-damage|p1a: Toxapex|81/100|[from] Sandstorm
|-heal|p2a: Tyranitar|33/100|[from] item: Leftovers
|upkeep
|turn|38
|
|t:|1624808630
|move|p2a: Tyranitar|Stealth Rock|p1a: Toxapex
|-sidestart|p1: mamaw31180|move: Stealth Rock
|move|p1a: Toxapex|Scald|p2a: Tyranitar
|-supereffective|p2a: Tyranitar
|-damage|p2a: Tyranitar|19/100
|-status|p2a: Tyranitar|brn
|
|-weather|Sandstorm|[upkeep]
|-damage|p1a: Toxapex|75/100|[from] Sandstorm
|-heal|p2a: Tyranitar|25/100 brn|[from] item: Leftovers
|-damage|p2a: Tyranitar|19/100 brn|[from] brn
|upkeep
|turn|39
|
|t:|1624808639
|switch|p2a: Toxapex|Toxapex, F|89/100
|-damage|p2a: Toxapex|76/100|[from] Stealth Rock
|move|p1a: Toxapex|Knock Off|p2a: Toxapex
|-damage|p2a: Toxapex|70/100
|
|-weather|Sandstorm|[upkeep]
|-damage|p1a: Toxapex|68/100|[from] Sandstorm
|-damage|p2a: Toxapex|64/100|[from] Sandstorm
|upkeep
|turn|40
|
|t:|1624808644
|move|p1a: Toxapex|Scald|p2a: Toxapex
|-resisted|p2a: Toxapex
|-damage|p2a: Toxapex|58/100
|move|p2a: Toxapex|Scald|p1a: Toxapex
|-resisted|p1a: Toxapex
|-damage|p1a: Toxapex|61/100
|-status|p1a: Toxapex|brn
|
|-weather|Sandstorm|[upkeep]
|-damage|p1a: Toxapex|55/100 brn|[from] Sandstorm
|-damage|p2a: Toxapex|51/100|[from] Sandstorm
|-damage|p1a: Toxapex|49/100 brn|[from] brn
|upkeep
|turn|41
|j| abraz.bashar
|
|t:|1624808647
|switch|p2a: Sigilyph|Sigilyph, F|67/100
|move|p1a: Toxapex|Scald|p2a: Sigilyph
|-damage|p2a: Sigilyph|41/100
|-status|p2a: Sigilyph|brn
|
|-weather|none
|-damage|p1a: Toxapex|43/100 brn|[from] brn
|upkeep
|turn|42
|
|t:|1624808652
|move|p2a: Sigilyph|Psyshock|p1a: Toxapex
|-supereffective|p1a: Toxapex
|-damage|p1a: Toxapex|0 fnt
|faint|p1a: Toxapex
|
|upkeep
|
|t:|1624808659
|switch|p1a: Urshifu|Urshifu-Rapid-Strike, M|53/100
|-damage|p1a: Urshifu|37/100|[from] Spikes
|-damage|p1a: Urshifu|31/100|[from] Stealth Rock
|turn|43
|
|t:|1624808663
|switch|p2a: Toxapex|Toxapex, F|85/100
|-damage|p2a: Toxapex|72/100|[from] Stealth Rock
|move|p1a: Urshifu|Surging Strikes|p2a: Toxapex
|-resisted|p2a: Toxapex
|-crit|p2a: Toxapex
|-damage|p2a: Toxapex|61/100
|-resisted|p2a: Toxapex
|-crit|p2a: Toxapex
|-damage|p2a: Toxapex|51/100
|-resisted|p2a: Toxapex
|-crit|p2a: Toxapex
|-damage|p2a: Toxapex|39/100
|-hitcount|p2a: Toxapex|3
|
|upkeep
|turn|44
|
|t:|1624808670
|move|p1a: Urshifu|Surging Strikes|p2a: Toxapex
|-resisted|p2a: Toxapex
|-crit|p2a: Toxapex
|-damage|p2a: Toxapex|29/100
|-resisted|p2a: Toxapex
|-crit|p2a: Toxapex
|-damage|p2a: Toxapex|18/100
|-resisted|p2a: Toxapex
|-crit|p2a: Toxapex
|-damage|p2a: Toxapex|6/100
|-hitcount|p2a: Toxapex|3
|move|p2a: Toxapex|Recover|p2a: Toxapex
|-heal|p2a: Toxapex|56/100
|
|upkeep
|turn|45
|
|t:|1624808681
|switch|p1a: Tapu Koko|Tapu Koko|9/100
|-damage|p1a: Tapu Koko|0 fnt|[from] Spikes
|faint|p1a: Tapu Koko
|move|p2a: Toxapex|Recover|p2a: Toxapex
|-heal|p2a: Toxapex|100/100
|
|upkeep
|
|t:|1624808684
|switch|p1a: Hawlucha|Hawlucha, F|88/100
|-damage|p1a: Hawlucha|76/100|[from] Stealth Rock
|turn|46
|
|t:|1624808691
|move|p1a: Hawlucha|Swords Dance|p1a: Hawlucha
|-boost|p1a: Hawlucha|atk|2
|move|p2a: Toxapex|Toxic|p1a: Hawlucha
|-status|p1a: Hawlucha|tox
|
|-damage|p1a: Hawlucha|70/100 tox|[from] psn
|upkeep
|turn|47
|
|t:|1624808717
|move|p1a: Hawlucha|Swords Dance|p1a: Hawlucha
|-boost|p1a: Hawlucha|atk|2
|move|p2a: Toxapex|Recover||[still]
|-fail|p2a: Toxapex|heal
|
|-damage|p1a: Hawlucha|57/100 tox|[from] psn
|upkeep
|turn|48
|
|t:|1624808724
|switch|p2a: Tyranitar|Tyranitar, F|19/100 brn
|-damage|p2a: Tyranitar|7/100 brn|[from] Stealth Rock
|-weather|Sandstorm|[from] ability: Sand Stream|[of] p2a: Tyranitar
|move|p1a: Hawlucha|Acrobatics|p2a: Tyranitar
|-resisted|p2a: Tyranitar
|-damage|p2a: Tyranitar|0 fnt
|faint|p2a: Tyranitar
|
|-weather|Sandstorm|[upkeep]
|-damage|p1a: Hawlucha|51/100 tox|[from] Sandstorm
|-damage|p1a: Hawlucha|33/100 tox|[from] psn
|upkeep
|
|t:|1624808736
|switch|p2a: Aegislash|Aegislash, F|100/100
|-damage|p2a: Aegislash|94/100|[from] Stealth Rock
|turn|49
|
|t:|1624808739
|move|p2a: Aegislash|King's Shield|p2a: Aegislash
|-singleturn|p2a: Aegislash|Protect
|move|p1a: Hawlucha|Acrobatics|p2a: Aegislash
|-activate|p2a: Aegislash|move: Protect
|-unboost|p1a: Hawlucha|atk|1
|
|-weather|Sandstorm|[upkeep]
|-damage|p1a: Hawlucha|27/100 tox|[from] Sandstorm
|-heal|p2a: Aegislash|100/100|[from] item: Leftovers
|-damage|p1a: Hawlucha|3/100 tox|[from] psn
|upkeep
|turn|50
|
|t:|1624808749
|-formechange|p2a: Aegislash|Aegislash-Blade||[from] ability: Stance Change
|move|p2a: Aegislash|Shadow Sneak|p1a: Hawlucha
|-damage|p1a: Hawlucha|0 fnt
|faint|p1a: Hawlucha
|
|-weather|Sandstorm|[upkeep]
|upkeep
|-message|mamaw31180 forfeited.
|
|win|fdfdddddddd
|raw|mamaw31180's rating: 1759 &rarr; <strong>1743</strong><br />(-16 for losing)
|raw|fdfdddddddd's rating: 1830 &rarr; <strong>1846</strong><br />(+16 for winning)
|l|☆mamaw31180
|l| dogletsuperstar999
|l| abraz.bashar
|l|☆fdfdddddddd
