|html|<div class="broadcast-blue"><strong>[Gen 8] OU is currently suspecting Melmetal! For information on how to participate check out the <a href="https://www.smogon.com/forums/threads/np-ss-ou-suspect-process-round-12-monster-mash.3709234/">suspect thread</a>.</strong></div>
|j|☆Versalius
|j|☆ChandosH
|t:|1666810239
|gametype|singles
|player|p1|Versalius|2|1627
|player|p2|ChandosH|n-masters|1663
|teamsize|p1|6
|teamsize|p2|6
|gen|8
|tier|[Gen 8] OU
|rated|
|rule|Sleep Clause Mod: Limit one foe put to sleep
|rule|Species Clause: Limit one of each Pokémon
|rule|OHKO Clause: OHKO moves are banned
|rule|Evasion Items Clause: Evasion items are banned
|rule|Evasion Moves Clause: Evasion moves are banned
|rule|Endless Battle Clause: Forcing endless battles is banned
|rule|HP Percentage Mod: HP is shown in percentages
|rule|Dynamax Clause: You cannot dynamax
|clearpoke
|poke|p1|Pelipper, M|
|poke|p1|Barraskewda, M|
|poke|p1|Zapdos|
|poke|p1|Ferrothorn, F|
|poke|p1|Landorus-Therian, M|
|poke|p1|Volcanion|
|poke|p2|Toxapex, F|
|poke|p2|Skarmory, M|
|poke|p2|Clefable, M|
|poke|p2|Tapu Koko|
|poke|p2|Hippowdon, F|
|poke|p2|Reuniclus, M|
|teampreview
|inactive|Battle timer is ON: inactive players will automatically lose when time's up. (requested by Versalius)
|
|t:|1666810275
|start
|switch|p1a: Pelipper|Pelipper, M|100/100
|switch|p2a: Reuniclus|Reuniclus, M|100/100
|-weather|RainDance|[from] ability: Drizzle|[of] p1a: Pelipper
|turn|1
|c|☆Versalius|Lets go
|
|t:|1666810280
|move|p1a: Pelipper|U-turn|p2a: Reuniclus
|-supereffective|p2a: Reuniclus
|-damage|p2a: Reuniclus|87/100
|
|t:|1666810284
|switch|p1a: Volcanion|Volcanion|100/100|[from]move: U-turn
|move|p2a: Reuniclus|Psyshock|p1a: Volcanion
|-damage|p1a: Volcanion|76/100
|
|-weather|RainDance|[upkeep]
|-heal|p2a: Reuniclus|93/100|[from] item: Leftovers
|upkeep
|turn|2
|inactive|ChandosH has 120 seconds left.
|
|t:|1666810319
|switch|p2a: Toxapex|Toxapex, F|100/100
|move|p1a: Volcanion|Steam Eruption|p2a: Toxapex|[miss]
|-miss|p1a: Volcanion|p2a: Toxapex
|
|-weather|RainDance|[upkeep]
|upkeep
|turn|3
|inactive|ChandosH has 120 seconds left.
|
|t:|1666810330
|move|p1a: Volcanion|Steam Eruption|p2a: Toxapex
|-resisted|p2a: Toxapex
|-damage|p2a: Toxapex|44/100
|-status|p2a: Toxapex|brn
|move|p2a: Toxapex|Knock Off|p1a: Volcanion
|-damage|p1a: Volcanion|70/100
|-enditem|p1a: Volcanion|Choice Specs|[from] move: Knock Off|[of] p2a: Toxapex
|
|-weather|RainDance|[upkeep]
|-damage|p2a: Toxapex|38/100 brn|[from] brn
|upkeep
|turn|4
|inactive|ChandosH has 120 seconds left.
|
|t:|1666810356
|move|p1a: Volcanion|Steam Eruption|p2a: Toxapex
|-resisted|p2a: Toxapex
|-damage|p2a: Toxapex|0 fnt
|faint|p2a: Toxapex
|
|-weather|RainDance|[upkeep]
|upkeep
|j| Ran Kob
|
|t:|1666810364
|switch|p2a: Tapu Koko|Tapu Koko|100/100
|-fieldstart|move: Electric Terrain|[from] ability: Electric Surge|[of] p2a: Tapu Koko
|turn|5
|inactive|ChandosH has 90 seconds left.
|c|☆Versalius|Cmon hurry up
|inactive|ChandosH has 60 seconds left.
|
|t:|1666810414
|switch|p1a: Landorus|Landorus-Therian, M|100/100
|-ability|p1a: Landorus|Intimidate|boost
|-unboost|p2a: Tapu Koko|atk|1
|move|p2a: Tapu Koko|Volt Switch|p1a: Landorus
|-immune|p1a: Landorus
|
|-weather|RainDance|[upkeep]
|upkeep
|turn|6
|
|t:|1666810419
|switch|p2a: Skarmory|Skarmory, M|100/100
|move|p1a: Landorus|U-turn|p2a: Skarmory
|-resisted|p2a: Skarmory
|-damage|p2a: Skarmory|98/100
|-damage|p1a: Landorus|84/100|[from] item: Rocky Helmet|[of] p2a: Skarmory
|
|t:|1666810424
|switch|p1a: Volcanion|Volcanion|70/100|[from]move: U-turn
|
|-weather|RainDance|[upkeep]
|upkeep
|turn|7
|inactive|ChandosH has 60 seconds left.
|
|t:|1666810462
|move|p1a: Volcanion|Steam Eruption|p2a: Skarmory
|-damage|p2a: Skarmory|0 fnt
|faint|p2a: Skarmory
|
|-weather|RainDance|[upkeep]
|upkeep
|
|t:|1666810466
|switch|p2a: Tapu Koko|Tapu Koko|100/100
|turn|8
|inactive|ChandosH has 60 seconds left.
|
|t:|1666810475
|switch|p2a: Clefable|Clefable, M|100/100
|switch|p1a: Landorus|Landorus-Therian, M|84/100
|-ability|p1a: Landorus|Intimidate|boost
|-unboost|p2a: Clefable|atk|1
|
|-weather|none
|-heal|p1a: Landorus|90/100|[from] item: Leftovers
|upkeep
|turn|9
|
|t:|1666810480
|move|p1a: Landorus|U-turn|p2a: Clefable
|-resisted|p2a: Clefable
|-damage|p2a: Clefable|91/100
|
|t:|1666810484
|switch|p1a: Volcanion|Volcanion|70/100|[from]move: U-turn
|move|p2a: Clefable|Calm Mind|p2a: Clefable
|-boost|p2a: Clefable|spa|1
|-boost|p2a: Clefable|spd|1
|
|-heal|p2a: Clefable|97/100|[from] item: Leftovers
|-fieldend|move: Electric Terrain
|upkeep
|turn|10
|
|t:|1666810491
|move|p1a: Volcanion|Sludge Wave|p2a: Clefable
|-supereffective|p2a: Clefable
|-damage|p2a: Clefable|51/100
|move|p2a: Clefable|Calm Mind|p2a: Clefable
|-boost|p2a: Clefable|spa|1
|-boost|p2a: Clefable|spd|1
|
|-heal|p2a: Clefable|57/100|[from] item: Leftovers
|upkeep
|turn|11
|
|t:|1666810500
|switch|p1a: Pelipper|Pelipper, M|100/100
|-weather|RainDance|[from] ability: Drizzle|[of] p1a: Pelipper
|move|p2a: Clefable|Soft-Boiled|p2a: Clefable
|-heal|p2a: Clefable|100/100
|
|-weather|RainDance|[upkeep]
|upkeep
|turn|12
|j| 0zorcNecropHADES
|j| ClimbingMachine3.0
|
|t:|1666810508
|move|p2a: Clefable|Calm Mind|p2a: Clefable
|-boost|p2a: Clefable|spa|1
|-boost|p2a: Clefable|spd|1
|move|p1a: Pelipper|U-turn|p2a: Clefable
|-resisted|p2a: Clefable
|-damage|p2a: Clefable|97/100
|j| The Best Team 5005
|j| Dog treats
|
|t:|1666810512
|switch|p1a: Barraskewda|Barraskewda, M|100/100|[from]move: U-turn
|
|-weather|RainDance|[upkeep]
|-heal|p2a: Clefable|100/100|[from] item: Leftovers
|upkeep
|turn|13
|inactive|ChandosH has 90 seconds left.
|
|t:|1666810532
|move|p1a: Barraskewda|Flip Turn|p2a: Clefable
|-crit|p2a: Clefable
|-damage|p2a: Clefable|12/100
|
|t:|1666810536
|switch|p1a: Landorus|Landorus-Therian, M|90/100|[from]move: Flip Turn
|-ability|p1a: Landorus|Intimidate|boost
|-unboost|p2a: Clefable|atk|1
|move|p2a: Clefable|Moonblast|p1a: Landorus
|-damage|p1a: Landorus|36/100
|-unboost|p1a: Landorus|spa|1
|
|-weather|RainDance|[upkeep]
|-heal|p1a: Landorus|42/100|[from] item: Leftovers
|-heal|p2a: Clefable|18/100|[from] item: Leftovers
|upkeep
|turn|14
|j| dristill
|
|t:|1666810540
|move|p1a: Landorus|Earthquake|p2a: Clefable
|-damage|p2a: Clefable|0 fnt
|faint|p2a: Clefable
|
|-weather|RainDance|[upkeep]
|-heal|p1a: Landorus|48/100|[from] item: Leftovers
|upkeep
|
|t:|1666810546
|switch|p2a: Reuniclus|Reuniclus, M|93/100
|turn|15
|
|t:|1666810553
|move|p1a: Landorus|U-turn|p2a: Reuniclus
|-supereffective|p2a: Reuniclus
|-damage|p2a: Reuniclus|57/100
|
|t:|1666810558
|switch|p1a: Volcanion|Volcanion|70/100|[from]move: U-turn
|move|p2a: Reuniclus|Calm Mind|p2a: Reuniclus
|-boost|p2a: Reuniclus|spa|1
|-boost|p2a: Reuniclus|spd|1
|
|-weather|RainDance|[upkeep]
|-heal|p2a: Reuniclus|63/100|[from] item: Leftovers
|upkeep
|turn|16
|inactive|ChandosH has 120 seconds left.
|
|t:|1666810565
|move|p1a: Volcanion|Steam Eruption|p2a: Reuniclus
|-damage|p2a: Reuniclus|6/100
|-status|p2a: Reuniclus|brn
|move|p2a: Reuniclus|Recover|p2a: Reuniclus
|-heal|p2a: Reuniclus|56/100 brn
|
|-weather|RainDance|[upkeep]
|-heal|p2a: Reuniclus|62/100 brn|[from] item: Leftovers
|upkeep
|turn|17
|
|t:|1666810575
|switch|p1a: Pelipper|Pelipper, M|100/100
|move|p2a: Reuniclus|Recover|p2a: Reuniclus
|-heal|p2a: Reuniclus|100/100 brn
|
|-weather|RainDance|[upkeep]
|upkeep
|turn|18
|
|t:|1666810584
|move|p1a: Pelipper|U-turn|p2a: Reuniclus
|-supereffective|p2a: Reuniclus
|-damage|p2a: Reuniclus|89/100 brn
|
|t:|1666810596
|switch|p1a: Barraskewda|Barraskewda, M|100/100|[from]move: U-turn
|move|p2a: Reuniclus|Thunder|p1a: Barraskewda
|-supereffective|p1a: Barraskewda
|-damage|p1a: Barraskewda|0 fnt
|faint|p1a: Barraskewda
|
|-weather|none
|-heal|p2a: Reuniclus|95/100 brn|[from] item: Leftovers
|upkeep
|
|t:|1666810602
|switch|p1a: Pelipper|Pelipper, M|100/100
|-weather|RainDance|[from] ability: Drizzle|[of] p1a: Pelipper
|turn|19
|c|☆ChandosH|Sweet
|
|t:|1666810610
|switch|p1a: Landorus|Landorus-Therian, M|48/100
|-ability|p1a: Landorus|Intimidate|boost
|-unboost|p2a: Reuniclus|atk|1
|move|p2a: Reuniclus|Calm Mind|p2a: Reuniclus
|-boost|p2a: Reuniclus|spa|1
|-boost|p2a: Reuniclus|spd|1
|
|-weather|RainDance|[upkeep]
|-heal|p1a: Landorus|54/100|[from] item: Leftovers
|-heal|p2a: Reuniclus|100/100 brn|[from] item: Leftovers
|upkeep
|turn|20
|
|t:|1666810623
|move|p1a: Landorus|Earthquake|p2a: Reuniclus
|-damage|p2a: Reuniclus|68/100 brn
|move|p2a: Reuniclus|Calm Mind|p2a: Reuniclus
|-boost|p2a: Reuniclus|spa|1
|-boost|p2a: Reuniclus|spd|1
|
|-weather|RainDance|[upkeep]
|-heal|p1a: Landorus|60/100|[from] item: Leftovers
|-heal|p2a: Reuniclus|75/100 brn|[from] item: Leftovers
|upkeep
|turn|21
|
|t:|1666810628
|move|p1a: Landorus|U-turn|p2a: Reuniclus
|-supereffective|p2a: Reuniclus
|-damage|p2a: Reuniclus|44/100 brn
|
|t:|1666810632
|switch|p1a: Ferrothorn|Ferrothorn, F|100/100|[from]move: U-turn
|move|p2a: Reuniclus|Recover|p2a: Reuniclus
|-heal|p2a: Reuniclus|94/100 brn
|
|-weather|RainDance|[upkeep]
|-heal|p2a: Reuniclus|100/100 brn|[from] item: Leftovers
|upkeep
|turn|22
|
|t:|1666810643
|move|p2a: Reuniclus|Calm Mind|p2a: Reuniclus
|-boost|p2a: Reuniclus|spa|1
|-boost|p2a: Reuniclus|spd|1
|move|p1a: Ferrothorn|Knock Off|p2a: Reuniclus
|-supereffective|p2a: Reuniclus
|-damage|p2a: Reuniclus|72/100 brn
|-enditem|p2a: Reuniclus|Leftovers|[from] move: Knock Off|[of] p1a: Ferrothorn
|
|-weather|RainDance|[upkeep]
|upkeep
|turn|23
|
|t:|1666810665
|switch|p1a: Landorus|Landorus-Therian, M|60/100
|-ability|p1a: Landorus|Intimidate|boost
|-unboost|p2a: Reuniclus|atk|1
|move|p2a: Reuniclus|Recover|p2a: Reuniclus
|-heal|p2a: Reuniclus|100/100 brn
|
|-weather|RainDance|[upkeep]
|-heal|p1a: Landorus|66/100|[from] item: Leftovers
|upkeep
|turn|24
|
|t:|1666810676
|move|p1a: Landorus|Earthquake|p2a: Reuniclus
|-damage|p2a: Reuniclus|65/100 brn
|move|p2a: Reuniclus|Psyshock|p1a: Landorus
|-damage|p1a: Landorus|0 fnt
|faint|p1a: Landorus
|
|-weather|RainDance|[upkeep]
|upkeep
|
|t:|1666810685
|switch|p1a: Zapdos|Zapdos|100/100
|turn|25
|
|t:|1666810691
|move|p1a: Zapdos|Thunder|p2a: Reuniclus
|-damage|p2a: Reuniclus|46/100 brn
|move|p2a: Reuniclus|Recover|p2a: Reuniclus
|-heal|p2a: Reuniclus|96/100 brn
|
|-weather|RainDance|[upkeep]
|upkeep
|turn|26
|-message|Versalius forfeited.
|
|win|ChandosH
|raw|Versalius's rating: 1627 &rarr; <strong>1609</strong><br />(-18 for losing)
|raw|ChandosH's rating: 1663 &rarr; <strong>1681</strong><br />(+18 for winning)
|l|☆Versalius
|c|☆ChandosH|Gg
|l| The Best Team 5005
|l| Dog treats
||Ladder isn't responding, score probably updated but might not have (Request timeout).
