|j|☆da2018
|j|☆Colonel Rivai
|t:|1647707611
|gametype|singles
|player|p1|da2018|1|1606
|player|p2|Colonel Rivai|2|1647
|teamsize|p1|6
|teamsize|p2|6
|gen|8
|tier|[Gen 8] OU
|rated|
|rule|Sleep Clause Mod: Limit one foe put to sleep
|rule|Species Clause: Limit one of each Pokémon
|rule|OHKO Clause: OHKO moves are banned
|rule|Evasion Moves Clause: Evasion moves are banned
|rule|Endless Battle Clause: Forcing endless battles is banned
|rule|HP Percentage Mod: HP is shown in percentages
|rule|Dynamax Clause: You cannot dynamax
|clearpoke
|poke|p1|Tapu Lele|
|poke|p1|Dragapult, M|
|poke|p1|Landorus-Therian, M|
|poke|p1|Weavile, F|
|poke|p1|Tapu Fini|
|poke|p1|Heatran, F|
|poke|p2|Hydreigon, F|
|poke|p2|Kartana|
|poke|p2|Blacephalon|
|poke|p2|Landorus-Therian, M|
|poke|p2|Melmetal|
|poke|p2|Toxapex, F|
|teampreview
|inactive|Battle timer is ON: inactive players will automatically lose when time's up. (requested by Colonel Rivai)
|
|t:|1647707639
|start
|switch|p1a: Landorus|Landorus-Therian, M|100/100
|switch|p2a: Hydreigon|Hydreigon, F|100/100
|-ability|p1a: Landorus|Intimidate|boost
|-unboost|p2a: Hydreigon|atk|1
|turn|1
|
|t:|1647707643
|move|p2a: Hydreigon|Beat Up|p1a: Landorus
|-damage|p1a: Landorus|93/100
|-damage|p1a: Landorus|82/100
|-damage|p1a: Landorus|74/100
|-damage|p1a: Landorus|65/100
|-damage|p1a: Landorus|56/100
|-damage|p1a: Landorus|50/100
|-hitcount|p1a: Landorus|6
|move|p1a: Landorus|Knock Off|p2a: Hydreigon
|-resisted|p2a: Hydreigon
|-damage|p2a: Hydreigon|82/100
|-enditem|p2a: Hydreigon|Choice Band|[from] move: Knock Off|[of] p1a: Landorus
|
|-heal|p1a: Landorus|56/100|[from] item: Leftovers
|upkeep
|turn|2
|
|t:|1647707651
|move|p2a: Hydreigon|U-turn|p1a: Landorus
|-resisted|p1a: Landorus
|-damage|p1a: Landorus|49/100
|
|t:|1647707654
|switch|p2a: Landorus|Landorus-Therian, M|100/100|[from]move: U-turn
|-ability|p2a: Landorus|Intimidate|boost
|-unboost|p1a: Landorus|atk|1
|move|p1a: Landorus|U-turn|p2a: Landorus
|-resisted|p2a: Landorus
|-damage|p2a: Landorus|93/100
|c|☆da2018|band hyreigon is bad bro
|c|☆Colonel Rivai|i agree
|
|t:|1647707676
|switch|p1a: Tapu Lele|Tapu Lele|100/100|[from]move: U-turn
|-fieldstart|move: Psychic Terrain|[from] ability: Psychic Surge|[of] p1a: Tapu Lele
|
|-heal|p2a: Landorus|99/100|[from] item: Leftovers
|upkeep
|turn|3
|
|t:|1647707680
|switch|p2a: Melmetal|Melmetal|100/100
|move|p1a: Tapu Lele|Psychic|p2a: Melmetal
|-resisted|p2a: Melmetal
|-damage|p2a: Melmetal|70/100
|
|upkeep
|turn|4
|
|t:|1647707687
|switch|p1a: Heatran|Heatran, F|100/100
|move|p2a: Melmetal|Superpower|p1a: Heatran
|-supereffective|p1a: Heatran
|-damage|p1a: Heatran|12/100
|-unboost|p2a: Melmetal|atk|1
|-unboost|p2a: Melmetal|def|1
|-status|p2a: Melmetal|brn|[from] ability: Flame Body|[of] p1a: Heatran
|
|-heal|p1a: Heatran|18/100|[from] item: Leftovers
|-damage|p2a: Melmetal|64/100 brn|[from] brn
|upkeep
|turn|5
|
|t:|1647707698
|switch|p2a: Landorus|Landorus-Therian, M|99/100
|-ability|p2a: Landorus|Intimidate|boost
|-unboost|p1a: Heatran|atk|1
|move|p1a: Heatran|Stealth Rock|p2a: Landorus
|-sidestart|p2: Colonel Rivai|move: Stealth Rock
|
|-heal|p2a: Landorus|100/100|[from] item: Leftovers
|-heal|p1a: Heatran|24/100|[from] item: Leftovers
|upkeep
|turn|6
|
|t:|1647707702
|switch|p1a: Landorus|Landorus-Therian, M|49/100
|-ability|p1a: Landorus|Intimidate|boost
|-unboost|p2a: Landorus|atk|1
|move|p2a: Landorus|Defog|p1a: Landorus
|-unboost|p1a: Landorus|evasion|1
|-sideend|p2: Colonel Rivai|Stealth Rock|[from] move: Defog|[of] p2a: Landorus
|-fieldend|move: Psychic Terrain
|
|-heal|p1a: Landorus|55/100|[from] item: Leftovers
|upkeep
|turn|7
|
|t:|1647707706
|move|p2a: Landorus|Stealth Rock|p1a: Landorus
|-sidestart|p1: da2018|move: Stealth Rock
|move|p1a: Landorus|U-turn|p2a: Landorus
|-resisted|p2a: Landorus
|-damage|p2a: Landorus|90/100
|
|t:|1647707713
|switch|p1a: Tapu Lele|Tapu Lele|100/100|[from]move: U-turn
|-damage|p1a: Tapu Lele|88/100|[from] Stealth Rock
|-fieldstart|move: Psychic Terrain|[from] ability: Psychic Surge|[of] p1a: Tapu Lele
|
|-heal|p2a: Landorus|96/100|[from] item: Leftovers
|upkeep
|turn|8
|
|t:|1647707722
|move|p1a: Tapu Lele|Psychic|p2a: Landorus
|-damage|p2a: Landorus|27/100
|move|p2a: Landorus|U-turn|p1a: Tapu Lele
|-damage|p1a: Tapu Lele|66/100
|
|t:|1647707725
|switch|p2a: Hydreigon|Hydreigon, F|82/100|[from]move: U-turn
|
|upkeep
|turn|9
|
|t:|1647707731
|switch|p1a: Heatran|Heatran, F|24/100
|-damage|p1a: Heatran|12/100|[from] Stealth Rock
|move|p2a: Hydreigon|Iron Tail|p1a: Heatran
|-resisted|p1a: Heatran
|-crit|p1a: Heatran
|-damage|p1a: Heatran|3/100
|
|-heal|p1a: Heatran|9/100|[from] item: Leftovers
|upkeep
|turn|10
|
|t:|1647707739
|move|p2a: Hydreigon|Beat Up|p1a: Heatran
|-damage|p1a: Heatran|2/100
|-damage|p1a: Heatran|0 fnt
|faint|p1a: Heatran
|-hitcount|p1: Heatran|2
|
|upkeep
|
|t:|1647707763
|switch|p1a: Weavile|Weavile, F|100/100
|-ability|p1a: Weavile|Pressure
|turn|11
|
|t:|1647707768
|switch|p2a: Toxapex|Toxapex, F|100/100
|move|p1a: Weavile|Triple Axel|p2a: Toxapex
|-resisted|p2a: Toxapex
|-damage|p2a: Toxapex|98/100
|-damage|p1a: Weavile|84/100|[from] item: Rocky Helmet|[of] p2a: Toxapex
|-hitcount|p2a: Toxapex|1
|
|-fieldend|move: Psychic Terrain
|upkeep
|turn|12
|
|t:|1647707773
|move|p1a: Weavile|Knock Off|p2a: Toxapex
|-damage|p2a: Toxapex|68/100
|-damage|p1a: Weavile|68/100|[from] item: Rocky Helmet|[of] p2a: Toxapex
|-enditem|p2a: Toxapex|Rocky Helmet|[from] move: Knock Off|[of] p1a: Weavile
|move|p2a: Toxapex|Toxic|p1a: Weavile
|-status|p1a: Weavile|tox
|
|-damage|p1a: Weavile|62/100 tox|[from] psn
|upkeep
|turn|13
|
|t:|1647707777
|move|p1a: Weavile|Swords Dance|p1a: Weavile
|-boost|p1a: Weavile|atk|2
|move|p2a: Toxapex|Recover|p2a: Toxapex
|-heal|p2a: Toxapex|100/100
|
|-damage|p1a: Weavile|50/100 tox|[from] psn
|upkeep
|turn|14
|
|t:|1647707780
|switch|p1a: Tapu Lele|Tapu Lele|66/100
|-damage|p1a: Tapu Lele|54/100|[from] Stealth Rock
|-fieldstart|move: Psychic Terrain|[from] ability: Psychic Surge|[of] p1a: Tapu Lele
|move|p2a: Toxapex|Haze|p2a: Toxapex
|-clearallboost
|
|upkeep
|turn|15
|
|t:|1647707789
|switch|p2a: Hydreigon|Hydreigon, F|82/100
|move|p1a: Tapu Lele|Moonblast|p2a: Hydreigon
|-supereffective|p2a: Hydreigon
|-damage|p2a: Hydreigon|0 fnt
|faint|p2a: Hydreigon
|
|upkeep
|
|t:|1647707795
|switch|p2a: Blacephalon|Blacephalon|100/100
|turn|16
|
|t:|1647707800
|switch|p1a: Tapu Fini|Tapu Fini|100/100
|-damage|p1a: Tapu Fini|88/100|[from] Stealth Rock
|-fieldstart|move: Misty Terrain|[from] ability: Misty Surge|[of] p1a: Tapu Fini
|move|p2a: Blacephalon|Shadow Ball|p1a: Tapu Fini
|-damage|p1a: Tapu Fini|52/100
|
|-heal|p1a: Tapu Fini|58/100|[from] item: Leftovers
|upkeep
|turn|17
|
|t:|1647707810
|switch|p2a: Melmetal|Melmetal|64/100 brn
|move|p1a: Tapu Fini|Draining Kiss|p2a: Melmetal
|-resisted|p2a: Melmetal
|-damage|p2a: Melmetal|59/100 brn
|-heal|p1a: Tapu Fini|63/100|[from] drain|[of] p2a: Melmetal
|
|-heal|p1a: Tapu Fini|69/100|[from] item: Leftovers
|-damage|p2a: Melmetal|53/100 brn|[from] brn
|upkeep
|turn|18
|
|t:|1647707817
|switch|p1a: Landorus|Landorus-Therian, M|55/100
|-damage|p1a: Landorus|43/100|[from] Stealth Rock
|-ability|p1a: Landorus|Intimidate|boost
|-unboost|p2a: Melmetal|atk|1
|move|p2a: Melmetal|Double Iron Bash|p1a: Landorus
|-damage|p1a: Landorus|30/100
|-damage|p1a: Landorus|14/100
|-hitcount|p1a: Landorus|2
|
|-heal|p1a: Landorus|20/100|[from] item: Leftovers
|-damage|p2a: Melmetal|47/100 brn|[from] brn
|upkeep
|turn|19
|
|t:|1647707825
|move|p1a: Landorus|Defog|p2a: Melmetal
|-unboost|p2a: Melmetal|evasion|1
|-sideend|p1: da2018|Stealth Rock|[from] move: Defog|[of] p1a: Landorus
|-fieldend|Misty Terrain
|move|p2a: Melmetal|Double Iron Bash|p1a: Landorus
|-damage|p1a: Landorus|6/100
|-damage|p1a: Landorus|0 fnt
|faint|p1a: Landorus
|-hitcount|p1: Landorus|2
|
|-damage|p2a: Melmetal|41/100 brn|[from] brn
|upkeep
|
|t:|1647707829
|switch|p1a: Weavile|Weavile, F|50/100 tox
|-ability|p1a: Weavile|Pressure
|turn|20
|
|t:|1647707834
|move|p1a: Weavile|Knock Off|p2a: Melmetal
|-damage|p2a: Melmetal|13/100 brn
|-enditem|p2a: Melmetal|Assault Vest|[from] move: Knock Off|[of] p1a: Weavile
|move|p2a: Melmetal|Double Iron Bash|p1a: Weavile
|-supereffective|p1a: Weavile
|-damage|p1a: Weavile|0 fnt
|faint|p1a: Weavile
|-hitcount|p1: Weavile|1
|
|-damage|p2a: Melmetal|7/100 brn|[from] brn
|upkeep
|
|t:|1647707839
|switch|p1a: Tapu Lele|Tapu Lele|54/100
|-fieldstart|move: Psychic Terrain|[from] ability: Psychic Surge|[of] p1a: Tapu Lele
|turn|21
|
|t:|1647707841
|move|p1a: Tapu Lele|Psychic|p2a: Melmetal
|-resisted|p2a: Melmetal
|-damage|p2a: Melmetal|0 fnt
|faint|p2a: Melmetal
|
|upkeep
|
|t:|1647707843
|switch|p2a: Blacephalon|Blacephalon|100/100
|turn|22
|
|t:|1647707852
|switch|p2a: Kartana|Kartana|100/100
|move|p1a: Tapu Lele|Psychic|p2a: Kartana
|-resisted|p2a: Kartana
|-damage|p2a: Kartana|0 fnt
|faint|p2a: Kartana
|
|upkeep
|
|t:|1647707855
|switch|p2a: Blacephalon|Blacephalon|100/100
|turn|23
|c|☆Colonel Rivai|wtf
|c|☆da2018|hko my fini my only switch in to blace
|
|t:|1647707883
|move|p2a: Blacephalon|Shadow Ball|p1a: Tapu Lele
|-supereffective|p1a: Tapu Lele
|-damage|p1a: Tapu Lele|0 fnt
|faint|p1a: Tapu Lele
|-ability|p2a: Blacephalon|Beast Boost|boost
|-boost|p2a: Blacephalon|spa|1
|
|upkeep
|
|t:|1647707887
|switch|p1a: Tapu Fini|Tapu Fini|69/100
|-fieldstart|move: Misty Terrain|[from] ability: Misty Surge|[of] p1a: Tapu Fini
|turn|24
|
|t:|1647707890
|move|p2a: Blacephalon|Shadow Ball|p1a: Tapu Fini
|-damage|p1a: Tapu Fini|8/100
|move|p1a: Tapu Fini|Calm Mind|p1a: Tapu Fini
|-boost|p1a: Tapu Fini|spa|1
|-boost|p1a: Tapu Fini|spd|1
|
|-heal|p1a: Tapu Fini|14/100|[from] item: Leftovers
|upkeep
|turn|25
|c|☆Colonel Rivai|gg
|-message|da2018 forfeited.
|
|win|Colonel Rivai
|raw|da2018's rating: 1606 &rarr; <strong>1588</strong><br />(-18 for losing)
|raw|Colonel Rivai's rating: 1647 &rarr; <strong>1665</strong><br />(+18 for winning)
|c|☆da2018|gg
|l|☆Colonel Rivai
