|j|☆JooshP
|j|‽djok barra hi
|t:|1649668152
|gametype|singles
|player|p1|JooshP|red|1687
|player|p2|djok barra hi|102|1767
|teamsize|p1|6
|teamsize|p2|6
|gen|8
|tier|[Gen 8] OU
|rated|
|rule|Sleep Clause Mod: Limit one foe put to sleep
|rule|Species Clause: Limit one of each Pokémon
|rule|OHKO Clause: OHKO moves are banned
|rule|Evasion Moves Clause: Evasion moves are banned
|rule|Endless Battle Clause: Forcing endless battles is banned
|rule|HP Percentage Mod: HP is shown in percentages
|rule|Dynamax Clause: You cannot dynamax
|clearpoke
|poke|p1|Dragonite, F|
|poke|p1|Garchomp, F|
|poke|p1|Toxapex, M|
|poke|p1|Zapdos|
|poke|p1|Slowking-Galar, M|
|poke|p1|Tapu Koko|
|poke|p2|Buzzwole|
|poke|p2|Reuniclus, M|
|poke|p2|Toxapex, M|
|poke|p2|Clefable, F|
|poke|p2|Corviknight, M|
|poke|p2|Garchomp, F|
|teampreview
|inactive|Battle timer is ON: inactive players will automatically lose when time's up. (requested by JooshP)
|inactive|djok barra hi has 120 seconds left.
|
|t:|1649668191
|start
|switch|p1a: Tapu Koko|Tapu Koko|100/100
|switch|p2a: Garchomp|Garchomp, F|100/100
|-fieldstart|move: Electric Terrain|[from] ability: Electric Surge|[of] p1a: Tapu Koko
|turn|1
|
|t:|1649668196
|move|p1a: Tapu Koko|U-turn|p2a: Garchomp
|-damage|p2a: Garchomp|88/100
|-damage|p1a: Tapu Koko|88/100|[from] ability: Rough Skin|[of] p2a: Garchomp
|
|t:|1649668203
|switch|p1a: Zapdos|Zapdos|100/100|[from]move: U-turn
|move|p2a: Garchomp|Earthquake|p1a: Zapdos
|-immune|p1a: Zapdos
|
|-heal|p2a: Garchomp|94/100|[from] item: Leftovers
|upkeep
|turn|2
|
|t:|1649668205
|move|p2a: Garchomp|Toxic|p1a: Zapdos
|-status|p1a: Zapdos|tox
|move|p1a: Zapdos|Hurricane|p2a: Garchomp|[miss]
|-miss|p1a: Zapdos|p2a: Garchomp
|
|-heal|p2a: Garchomp|99/100|[from] item: Leftovers
|-damage|p1a: Zapdos|94/100 tox|[from] psn
|upkeep
|turn|3
|
|t:|1649668209
|switch|p1a: Toxapex|Toxapex, M|100/100
|move|p2a: Garchomp|Stealth Rock|p1a: Toxapex
|-sidestart|p1: JooshP|move: Stealth Rock
|
|-heal|p2a: Garchomp|100/100|[from] item: Leftovers
|upkeep
|turn|4
|
|t:|1649668215
|switch|p2a: Toxapex|Toxapex, M|100/100
|move|p1a: Toxapex|Toxic|p2a: Toxapex
|-immune|p2a: Toxapex
|
|upkeep
|turn|5
|
|t:|1649668218
|move|p1a: Toxapex|Knock Off|p2a: Toxapex
|-damage|p2a: Toxapex|89/100
|-enditem|p2a: Toxapex|Shed Shell|[from] move: Knock Off|[of] p1a: Toxapex
|move|p2a: Toxapex|Knock Off|p1a: Toxapex
|-damage|p1a: Toxapex|92/100
|-enditem|p1a: Toxapex|Black Sludge|[from] move: Knock Off|[of] p2a: Toxapex
|
|-fieldend|move: Electric Terrain
|upkeep
|turn|6
|
|t:|1649668220
|switch|p1a: Zapdos|Zapdos|94/100 tox
|move|p2a: Toxapex|Light Screen|p2a: Toxapex
|-sidestart|p2: djok barra hi|move: Light Screen
|
|-damage|p1a: Zapdos|88/100 tox|[from] psn
|upkeep
|turn|7
|
|t:|1649668223
|move|p1a: Zapdos|Defog|p2a: Toxapex
|-unboost|p2a: Toxapex|evasion|1
|-sideend|p2: djok barra hi|move: Light Screen
|-sideend|p1: JooshP|Stealth Rock|[from] move: Defog|[of] p1a: Zapdos
|move|p2a: Toxapex|Knock Off|p1a: Zapdos
|-damage|p1a: Zapdos|78/100 tox
|-status|p2a: Toxapex|par|[from] ability: Static|[of] p1a: Zapdos
|-enditem|p1a: Zapdos|Heavy-Duty Boots|[from] move: Knock Off|[of] p2a: Toxapex
|
|-damage|p1a: Zapdos|66/100 tox|[from] psn
|upkeep
|turn|8
|
|t:|1649668225
|switch|p2a: Garchomp|Garchomp, F|100/100
|move|p1a: Zapdos|Roost|p1a: Zapdos
|-heal|p1a: Zapdos|100/100 tox
|-singleturn|p1a: Zapdos|move: Roost
|
|-damage|p1a: Zapdos|82/100 tox|[from] psn
|upkeep
|turn|9
|
|t:|1649668228
|move|p2a: Garchomp|Stealth Rock|p1a: Zapdos
|-sidestart|p1: JooshP|move: Stealth Rock
|move|p1a: Zapdos|Hurricane|p2a: Garchomp|[miss]
|-miss|p1a: Zapdos|p2a: Garchomp
|
|-damage|p1a: Zapdos|58/100 tox|[from] psn
|upkeep
|turn|10
|
|t:|1649668233
|move|p2a: Garchomp|Earthquake|p1a: Zapdos
|-immune|p1a: Zapdos
|move|p1a: Zapdos|Roost|p1a: Zapdos
|-heal|p1a: Zapdos|100/100 tox
|-singleturn|p1a: Zapdos|move: Roost
|
|-damage|p1a: Zapdos|70/100 tox|[from] psn
|upkeep
|turn|11
|
|t:|1649668235
|move|p2a: Garchomp|Earthquake|p1a: Zapdos
|-immune|p1a: Zapdos
|move|p1a: Zapdos|Defog|p2a: Garchomp
|-unboost|p2a: Garchomp|evasion|1
|-sideend|p1: JooshP|Stealth Rock|[from] move: Defog|[of] p1a: Zapdos
|
|-damage|p1a: Zapdos|34/100 tox|[from] psn
|upkeep
|turn|12
|
|t:|1649668237
|move|p2a: Garchomp|Stealth Rock|p1a: Zapdos
|-sidestart|p1: JooshP|move: Stealth Rock
|move|p1a: Zapdos|Hurricane|p2a: Garchomp
|-damage|p2a: Garchomp|70/100
|
|-heal|p2a: Garchomp|76/100|[from] item: Leftovers
|-damage|p1a: Zapdos|0 fnt|[from] psn
|faint|p1a: Zapdos
|upkeep
|
|t:|1649668244
|switch|p1a: Tapu Koko|Tapu Koko|88/100
|-fieldstart|move: Electric Terrain|[from] ability: Electric Surge|[of] p1a: Tapu Koko
|turn|13
|
|t:|1649668248
|move|p1a: Tapu Koko|Dazzling Gleam|p2a: Garchomp
|-supereffective|p2a: Garchomp
|-damage|p2a: Garchomp|33/100
|move|p2a: Garchomp|Earthquake|p1a: Tapu Koko
|-supereffective|p1a: Tapu Koko
|-damage|p1a: Tapu Koko|0 fnt
|faint|p1a: Tapu Koko
|
|-heal|p2a: Garchomp|39/100|[from] item: Leftovers
|upkeep
|
|t:|1649668252
|switch|p1a: Garchomp|Garchomp, F|100/100
|-damage|p1a: Garchomp|94/100|[from] Stealth Rock
|turn|14
|
|t:|1649668259
|switch|p2a: Buzzwole|Buzzwole|100/100
|move|p1a: Garchomp|Swords Dance|p1a: Garchomp
|-boost|p1a: Garchomp|atk|2
|
|-heal|p1a: Garchomp|100/100|[from] item: Leftovers
|upkeep
|turn|15
|
|t:|1649668261
|move|p1a: Garchomp|Stealth Rock|p2a: Buzzwole
|-sidestart|p2: djok barra hi|move: Stealth Rock
|move|p2a: Buzzwole|Ice Punch|p1a: Garchomp
|-supereffective|p1a: Garchomp
|-damage|p1a: Garchomp|0 fnt
|-damage|p2a: Buzzwole|88/100|[from] ability: Rough Skin|[of] p1a: Garchomp
|faint|p1a: Garchomp
|-ability|p2a: Buzzwole|Beast Boost|boost
|-boost|p2a: Buzzwole|atk|1
|
|upkeep
|
|t:|1649668264
|switch|p1a: Toxapex|Toxapex, M|100/100
|-damage|p1a: Toxapex|88/100|[from] Stealth Rock
|turn|16
|
|t:|1649668272
|switch|p2a: Reuniclus|Reuniclus, M|100/100
|-damage|p2a: Reuniclus|88/100|[from] Stealth Rock
|switch|p1a: Dragonite|Dragonite, F|100/100
|
|upkeep
|turn|17
|
|t:|1649668278
|switch|p2a: Clefable|Clefable, F|100/100
|move|p1a: Dragonite|Dragon Dance|p1a: Dragonite
|-boost|p1a: Dragonite|atk|1
|-boost|p1a: Dragonite|spe|1
|
|-fieldend|move: Electric Terrain
|upkeep
|turn|18
|
|t:|1649668281
|switch|p1a: Slowking|Slowking-Galar, M|100/100
|-damage|p1a: Slowking|88/100|[from] Stealth Rock
|move|p2a: Clefable|Moonblast|p1a: Slowking
|-resisted|p1a: Slowking
|-damage|p1a: Slowking|81/100
|-unboost|p1a: Slowking|spa|1
|
|upkeep
|turn|19
|
|t:|1649668301
|switch|p2a: Reuniclus|Reuniclus, M|100/100
|-damage|p2a: Reuniclus|88/100|[from] Stealth Rock
|move|p1a: Slowking|Future Sight|p2a: Reuniclus
|-start|p1a: Slowking|move: Future Sight
|
|upkeep
|turn|20
|
|t:|1649668305
|switch|p1a: Toxapex|Toxapex, M|100/100
|-damage|p1a: Toxapex|88/100|[from] Stealth Rock
|move|p2a: Reuniclus|Knock Off|p1a: Toxapex
|-damage|p1a: Toxapex|82/100
|
|upkeep
|turn|21
|
|t:|1649668310
|move|p2a: Reuniclus|Psyshock|p1a: Toxapex
|-supereffective|p1a: Toxapex
|-damage|p1a: Toxapex|44/100
|move|p1a: Toxapex|Knock Off|p2a: Reuniclus
|-supereffective|p2a: Reuniclus
|-damage|p2a: Reuniclus|55/100
|-enditem|p2a: Reuniclus|Assault Vest|[from] move: Knock Off|[of] p1a: Toxapex
|
|-end|p2a: Reuniclus|move: Future Sight
|-resisted|p2a: Reuniclus
|-damage|p2a: Reuniclus|40/100
|upkeep
|turn|22
|
|t:|1649668318
|switch|p1a: Slowking|Slowking-Galar, M|100/100
|-damage|p1a: Slowking|88/100|[from] Stealth Rock
|move|p2a: Reuniclus|Infestation|p1a: Slowking
|-damage|p1a: Slowking|86/100
|-activate|p1a: Slowking|move: Infestation|[of] p2a: Reuniclus
|
|-damage|p1a: Slowking|73/100|[from] move: Infestation|[partiallytrapped]
|upkeep
|turn|23
|
|t:|1649668322
|move|p2a: Reuniclus|Knock Off|p1a: Slowking
|-supereffective|p1a: Slowking
|-damage|p1a: Slowking|45/100
|-enditem|p1a: Slowking|Assault Vest|[from] move: Knock Off|[of] p2a: Reuniclus
|move|p1a: Slowking|Future Sight|p2a: Reuniclus
|-start|p1a: Slowking|move: Future Sight
|
|-damage|p1a: Slowking|33/100|[from] move: Infestation|[partiallytrapped]
|upkeep
|turn|24
|
|t:|1649668325
|move|p2a: Reuniclus|Psyshock|p1a: Slowking
|-damage|p1a: Slowking|0 fnt
|faint|p1a: Slowking
|
|upkeep
|
|t:|1649668328
|switch|p1a: Dragonite|Dragonite, F|100/100
|turn|25
|
|t:|1649668338
|move|p1a: Dragonite|Dragon Dance|p1a: Dragonite
|-boost|p1a: Dragonite|atk|1
|-boost|p1a: Dragonite|spe|1
|move|p2a: Reuniclus|Knock Off|p1a: Dragonite
|-damage|p1a: Dragonite|92/100
|-enditem|p1a: Dragonite|Heavy-Duty Boots|[from] move: Knock Off|[of] p2a: Reuniclus
|
|-end|p2a: Reuniclus|move: Future Sight
|-resisted|p2a: Reuniclus
|-damage|p2a: Reuniclus|25/100
|upkeep
|turn|26
|
|t:|1649668347
|switch|p2a: Garchomp|Garchomp, F|39/100
|-damage|p2a: Garchomp|33/100|[from] Stealth Rock
|move|p1a: Dragonite|Dragon Dance|p1a: Dragonite
|-boost|p1a: Dragonite|atk|1
|-boost|p1a: Dragonite|spe|1
|
|-heal|p2a: Garchomp|39/100|[from] item: Leftovers
|upkeep
|turn|27
|
|t:|1649668351
|move|p1a: Dragonite|Earthquake|p2a: Garchomp
|-damage|p2a: Garchomp|0 fnt
|faint|p2a: Garchomp
|
|upkeep
|
|t:|1649668353
|switch|p2a: Clefable|Clefable, F|100/100
|turn|28
|
|t:|1649668360
|move|p1a: Dragonite|Ice Punch|p2a: Clefable
|-crit|p2a: Clefable
|-damage|p2a: Clefable|68/100
|move|p2a: Clefable|Moonblast|p1a: Dragonite
|-supereffective|p1a: Dragonite
|-damage|p1a: Dragonite|29/100
|-unboost|p1a: Dragonite|spa|1
|
|upkeep
|turn|29
|
|t:|1649668364
|move|p1a: Dragonite|Roost|p1a: Dragonite
|-heal|p1a: Dragonite|79/100
|-singleturn|p1a: Dragonite|move: Roost
|move|p2a: Clefable|Moonblast|p1a: Dragonite
|-supereffective|p1a: Dragonite
|-damage|p1a: Dragonite|17/100
|
|upkeep
|turn|30
|
|t:|1649668367
|move|p1a: Dragonite|Ice Punch|p2a: Clefable
|-damage|p2a: Clefable|46/100
|-status|p2a: Clefable|frz
|cant|p2a: Clefable|frz
|
|upkeep
|turn|31
|
|t:|1649668371
|switch|p2a: Buzzwole|Buzzwole|88/100
|-damage|p2a: Buzzwole|76/100|[from] Stealth Rock
|move|p1a: Dragonite|Roost|p1a: Dragonite
|-heal|p1a: Dragonite|67/100
|-singleturn|p1a: Dragonite|move: Roost
|
|upkeep
|turn|32
|
|t:|1649668373
|move|p1a: Dragonite|Ice Punch|p2a: Buzzwole
|-damage|p2a: Buzzwole|43/100
|-damage|p1a: Dragonite|51/100|[from] item: Rocky Helmet|[of] p2a: Buzzwole
|move|p2a: Buzzwole|Ice Punch|p1a: Dragonite
|-supereffective|p1a: Dragonite
|-damage|p1a: Dragonite|0 fnt
|faint|p1a: Dragonite
|-ability|p2a: Buzzwole|Beast Boost|boost
|-boost|p2a: Buzzwole|atk|1
|
|upkeep
|-message|JooshP forfeited.
|
|win|djok barra hi
|raw|JooshP's rating: 1687 &rarr; <strong>1672</strong><br />(-15 for losing)
|raw|djok barra hi's rating: 1767 &rarr; <strong>1782</strong><br />(+15 for winning)
|l|☆JooshP
|c|‽djok barra hi|/log djok barra hi made this room public.
