|j|☆Elite4Donovan
|j|☆chokst du
|t:|1658756993
|gametype|singles
|player|p1|Elite4Donovan|lucas|1738
|player|p2|chokst du|102|1760
|teamsize|p1|6
|teamsize|p2|6
|gen|8
|tier|[Gen 8] OU
|rated|
|rule|Sleep Clause Mod: Limit one foe put to sleep
|rule|Species Clause: Limit one of each Pokémon
|rule|OHKO Clause: OHKO moves are banned
|rule|Evasion Moves Clause: Evasion moves are banned
|rule|Endless Battle Clause: Forcing endless battles is banned
|rule|HP Percentage Mod: HP is shown in percentages
|rule|Dynamax Clause: You cannot dynamax
|clearpoke
|poke|p1|Regieleki|
|poke|p1|Tapu Koko|
|poke|p1|Victini|
|poke|p1|Hawlucha, M|
|poke|p1|Landorus-Therian, M|
|poke|p1|Urshifu-*, F|
|poke|p2|Kartana|
|poke|p2|Magnezone|
|poke|p2|Corviknight, M|
|poke|p2|Dragapult, M|
|poke|p2|Hippowdon, F|
|poke|p2|Tapu Fini|
|teampreview
|
|t:|1658757020
|start
|switch|p1a: Tapu Koko|Tapu Koko|100/100
|switch|p2a: Kartana|Kartana|100/100
|-fieldstart|move: Electric Terrain|[from] ability: Electric Surge|[of] p1a: Tapu Koko
|turn|1
|
|t:|1658757034
|switch|p2a: Hippowdon|Hippowdon, F|100/100
|-weather|Sandstorm|[from] ability: Sand Stream|[of] p2a: Hippowdon
|move|p1a: Tapu Koko|Volt Switch|p2a: Hippowdon
|-immune|p2a: Hippowdon
|
|-weather|Sandstorm|[upkeep]
|-damage|p1a: Tapu Koko|94/100|[from] Sandstorm
|upkeep
|turn|2
|
|t:|1658757037
|move|p1a: Tapu Koko|U-turn|p2a: Hippowdon
|-damage|p2a: Hippowdon|90/100
|
|t:|1658757039
|switch|p1a: Landorus|Landorus-Therian, M|100/100|[from]move: U-turn
|-ability|p1a: Landorus|Intimidate|boost
|-unboost|p2a: Hippowdon|atk|1
|move|p2a: Hippowdon|Stealth Rock|p1a: Landorus
|-sidestart|p1: Elite4Donovan|move: Stealth Rock
|
|-weather|Sandstorm|[upkeep]
|-heal|p2a: Hippowdon|96/100|[from] item: Leftovers
|upkeep
|turn|3
|
|t:|1658757043
|move|p1a: Landorus|Stealth Rock|p2a: Hippowdon
|-sidestart|p2: chokst du|move: Stealth Rock
|move|p2a: Hippowdon|Toxic|p1a: Landorus
|-status|p1a: Landorus|tox
|
|-weather|Sandstorm|[upkeep]
|-heal|p2a: Hippowdon|100/100|[from] item: Leftovers
|-damage|p1a: Landorus|94/100 tox|[from] psn
|upkeep
|turn|4
|
|t:|1658757045
|switch|p2a: Corviknight|Corviknight, M|100/100
|-damage|p2a: Corviknight|88/100|[from] Stealth Rock
|-ability|p2a: Corviknight|Pressure
|move|p1a: Landorus|U-turn|p2a: Corviknight
|-resisted|p2a: Corviknight
|-damage|p2a: Corviknight|84/100
|
|t:|1658757053
|switch|p1a: Tapu Koko|Tapu Koko|94/100|[from]move: U-turn
|
|-weather|Sandstorm|[upkeep]
|-damage|p1a: Tapu Koko|88/100|[from] Sandstorm
|-heal|p2a: Corviknight|90/100|[from] item: Leftovers
|upkeep
|turn|5
|
|t:|1658757056
|move|p1a: Tapu Koko|U-turn|p2a: Corviknight
|-resisted|p2a: Corviknight
|-damage|p2a: Corviknight|88/100
|
|t:|1658757059
|switch|p1a: Victini|Victini|100/100|[from]move: U-turn
|-damage|p1a: Victini|76/100|[from] Stealth Rock
|move|p2a: Corviknight|U-turn|p1a: Victini
|-damage|p1a: Victini|60/100
|j| Zeezo1
|
|t:|1658757063
|switch|p2a: Dragapult|Dragapult, M|100/100|[from]move: U-turn
|-damage|p2a: Dragapult|88/100|[from] Stealth Rock
|
|-weather|none
|-fieldend|move: Electric Terrain
|upkeep
|turn|6
|
|t:|1658757074
|switch|p1a: Landorus|Landorus-Therian, M|94/100 tox
|-damage|p1a: Landorus|82/100 tox|[from] Stealth Rock
|-ability|p1a: Landorus|Intimidate|boost
|-unboost|p2a: Dragapult|atk|1
|move|p2a: Dragapult|Shadow Ball|p1a: Landorus
|-damage|p1a: Landorus|41/100 tox
|
|-heal|p1a: Landorus|47/100 tox|[from] item: Leftovers
|-damage|p1a: Landorus|41/100 tox|[from] psn
|upkeep
|turn|7
|
|t:|1658757077
|move|p2a: Dragapult|Shadow Ball|p1a: Landorus
|-damage|p1a: Landorus|0 fnt
|faint|p1a: Landorus
|
|upkeep
|
|t:|1658757079
|switch|p1a: Tapu Koko|Tapu Koko|88/100
|-fieldstart|move: Electric Terrain|[from] ability: Electric Surge|[of] p1a: Tapu Koko
|turn|8
|
|t:|1658757085
|move|p2a: Dragapult|Shadow Ball|p1a: Tapu Koko
|-damage|p1a: Tapu Koko|3/100
|-unboost|p1a: Tapu Koko|spd|1
|move|p1a: Tapu Koko|Dazzling Gleam|p2a: Dragapult
|-supereffective|p2a: Dragapult
|-damage|p2a: Dragapult|3/100
|
|upkeep
|turn|9
|
|t:|1658757095
|switch|p1a: Victini|Victini|60/100
|-damage|p1a: Victini|35/100|[from] Stealth Rock
|move|p2a: Dragapult|Shadow Ball|p1a: Victini
|-supereffective|p1a: Victini
|-damage|p1a: Victini|0 fnt
|faint|p1a: Victini
|
|upkeep
|j| Hella Rare Pepe
|
|t:|1658757099
|switch|p1a: Urshifu|Urshifu-Rapid-Strike, F|100/100
|-damage|p1a: Urshifu|94/100|[from] Stealth Rock
|turn|10
|
|t:|1658757104
|move|p2a: Dragapult|Shadow Ball|p1a: Urshifu
|-damage|p1a: Urshifu|13/100
|-unboost|p1a: Urshifu|spd|1
|move|p1a: Urshifu|U-turn|p2a: Dragapult
|-resisted|p2a: Dragapult
|-damage|p2a: Dragapult|0 fnt
|faint|p2a: Dragapult
|
|t:|1658757114
|switch|p1a: Hawlucha|Hawlucha, M|100/100|[from]move: U-turn
|-damage|p1a: Hawlucha|88/100|[from] Stealth Rock
|-enditem|p1a: Hawlucha|Electric Seed
|-boost|p1a: Hawlucha|def|1|[from] item: Electric Seed
|
|upkeep
|
|t:|1658757133
|switch|p2a: Magnezone|Magnezone|100/100
|-damage|p2a: Magnezone|94/100|[from] Stealth Rock
|turn|11
|
|t:|1658757136
|move|p1a: Hawlucha|Close Combat|p2a: Magnezone
|-supereffective|p2a: Magnezone
|-enditem|p2a: Magnezone|Chople Berry|[eat]
|-enditem|p2a: Magnezone|Chople Berry|[weaken]
|-damage|p2a: Magnezone|57/100
|-unboost|p1a: Hawlucha|def|1
|-unboost|p1a: Hawlucha|spd|1
|move|p2a: Magnezone|Thunderbolt|p1a: Hawlucha
|-supereffective|p1a: Hawlucha
|-damage|p1a: Hawlucha|0 fnt
|faint|p1a: Hawlucha
|
|upkeep
|c|☆Elite4Donovan|gg
|-message|Elite4Donovan forfeited.
|
|win|chokst du
|raw|Elite4Donovan's rating: 1738 &rarr; <strong>1719</strong><br />(-19 for losing)
|raw|chokst du's rating: 1760 &rarr; <strong>1779</strong><br />(+19 for winning)
|l|☆Elite4Donovan
|c|☆chokst du|gg
|l| Hella Rare Pepe
||Ladder isn't responding, score probably updated but might not have (Request timeout).
|player|p2|chokst du|102
