|j|☆LT72MS Stareal
|j|☆roboPOKE
|t:|1597924358
|player|p1|LT72MS Stareal|unknown|2040
|player|p2|roboPOKE|266|1874
|teamsize|p1|6
|teamsize|p2|6
|gametype|singles
|gen|8
|tier|[Gen 8] OU
|rated|
|clearpoke
|poke|p1|Hippowdon, M|
|poke|p1|Excadrill, F|
|poke|p1|Skarmory, M|
|poke|p1|Clefable, F|
|poke|p1|Toxapex, F|
|poke|p1|Urshifu-*, M|
|poke|p2|Druddigon, F|
|poke|p2|Rillaboom, F|
|poke|p2|Magnezone|
|poke|p2|Dragapult, F|
|poke|p2|Zeraora|
|poke|p2|Lucario, M|
|rule|Sleep Clause Mod: Limit one foe put to sleep
|rule|Species Clause: Limit one of each Pokémon
|rule|OHKO Clause: OHKO moves are banned
|rule|Evasion Moves Clause: Evasion moves are banned
|rule|Endless Battle Clause: Forcing endless battles is banned
|rule|HP Percentage Mod: HP is shown in percentages
|rule|Dynamax Clause: You cannot dynamax
|teampreview
|j| LT72MS EGC
|j|+ShootingStarmie☯
|j| LT72MS Empo
|inactive|Battle timer is ON: inactive players will automatically lose when time's up. (requested by roboPOKE)
|j| RIPReckful
|j| The Brazen Bull
|
|t:|1597924370
|start
|switch|p1a: Clefable|Clefable, F|100/100
|switch|p2a: Druddigon|Druddigon, F|100/100
|-ability|p2a: Druddigon|Mold Breaker
|turn|1
|j| lt72ms leo
|
|t:|1597924372
|move|p2a: Druddigon|Gunk Shot|p1a: Clefable
|-supereffective|p1a: Clefable
|-damage|p1a: Clefable|37/100
|move|p1a: Clefable|Moonblast|p2a: Druddigon
|-supereffective|p2a: Druddigon
|-enditem|p2a: Druddigon|Focus Sash
|-damage|p2a: Druddigon|1/100
|-unboost|p2a: Druddigon|spa|1
|
|upkeep
|turn|2
|j|+Feen
|
|t:|1597924377
|switch|p1a: Hippowdon|Hippowdon, M|100/100
|-weather|Sandstorm|[from] ability: Sand Stream|[of] p1a: Hippowdon
|move|p2a: Druddigon|Glare|p1a: Hippowdon
|-status|p1a: Hippowdon|par
|
|-weather|Sandstorm|[upkeep]
|-damage|p2a: Druddigon|0 fnt|[from] Sandstorm
|faint|p2a: Druddigon
|upkeep
|
|t:|1597924380
|switch|p2a: Rillaboom|Rillaboom, F|100/100
|-fieldstart|move: Grassy Terrain|[from] ability: Grassy Surge|[of] p2a: Rillaboom
|-enditem|p2a: Rillaboom|Grassy Seed
|-boost|p2a: Rillaboom|def|1|[from] item: Grassy Seed
|turn|3
|j| LT72MS Sacri'
|
|t:|1597924385
|move|p2a: Rillaboom|Swords Dance|p2a: Rillaboom
|-boost|p2a: Rillaboom|atk|2
|move|p1a: Hippowdon|Toxic|p2a: Rillaboom
|-status|p2a: Rillaboom|tox
|
|-weather|Sandstorm|[upkeep]
|-damage|p2a: Rillaboom|94/100 tox|[from] Sandstorm
|-heal|p2a: Rillaboom|100/100 tox|[from] Grassy Terrain
|-damage|p2a: Rillaboom|94/100 tox|[from] psn
|upkeep
|turn|4
|
|t:|1597924388
|switch|p1a: Skarmory|Skarmory, M|100/100
|move|p2a: Rillaboom|Knock Off|p1a: Skarmory
|-damage|p1a: Skarmory|58/100
|-damage|p2a: Rillaboom|78/100 tox|[from] item: Rocky Helmet|[of] p1a: Skarmory
|-enditem|p1a: Skarmory|Rocky Helmet|[from] move: Knock Off|[of] p2a: Rillaboom
|
|-weather|Sandstorm|[upkeep]
|-damage|p2a: Rillaboom|72/100 tox|[from] Sandstorm
|-heal|p2a: Rillaboom|78/100 tox|[from] Grassy Terrain
|-damage|p2a: Rillaboom|66/100 tox|[from] psn
|upkeep
|turn|5
|j| 3planes2towers
|
|t:|1597924393
|switch|p2a: Magnezone|Magnezone|100/100
|move|p1a: Skarmory|Roost|p1a: Skarmory
|-heal|p1a: Skarmory|100/100
|-singleturn|p1a: Skarmory|move: Roost
|
|-weather|Sandstorm|[upkeep]
|upkeep
|turn|6
|l| 3planes2towers
|
|t:|1597924398
|move|p1a: Skarmory|Spikes|p2a: Magnezone
|-sidestart|p2: roboPOKE|Spikes
|move|p2a: Magnezone|Discharge|p1a: Skarmory
|-supereffective|p1a: Skarmory
|-damage|p1a: Skarmory|4/100
|-status|p1a: Skarmory|par
|
|-weather|none
|upkeep
|turn|7
|
|t:|1597924404
|move|p2a: Magnezone|Discharge|p1a: Skarmory
|-supereffective|p1a: Skarmory
|-damage|p1a: Skarmory|0 fnt
|faint|p1a: Skarmory
|
|-fieldend|move: Grassy Terrain
|upkeep
|
|t:|1597924405
|switch|p1a: Excadrill|Excadrill, F|100/100
|turn|8
|
|t:|1597924408
|switch|p2a: Rillaboom|Rillaboom, F|66/100 tox
|-damage|p2a: Rillaboom|53/100 tox|[from] Spikes
|-fieldstart|move: Grassy Terrain|[from] ability: Grassy Surge|[of] p2a: Rillaboom
|move|p1a: Excadrill|Iron Head|p2a: Rillaboom
|-damage|p2a: Rillaboom|15/100 tox
|
|-heal|p2a: Rillaboom|21/100 tox|[from] Grassy Terrain
|-damage|p2a: Rillaboom|15/100 tox|[from] psn
|upkeep
|turn|9
|
|t:|1597924412
|switch|p1a: Toxapex|Toxapex, F|100/100
|move|p2a: Rillaboom|Grassy Glide|p1a: Toxapex
|-crit|p1a: Toxapex
|-damage|p1a: Toxapex|55/100
|
|-heal|p2a: Rillaboom|21/100 tox|[from] Grassy Terrain
|-heal|p1a: Toxapex|61/100|[from] item: Black Sludge
|-heal|p1a: Toxapex|67/100|[from] Grassy Terrain
|-damage|p2a: Rillaboom|9/100 tox|[from] psn
|upkeep
|turn|10
|
|t:|1597924416
|switch|p2a: Magnezone|Magnezone|100/100
|-damage|p2a: Magnezone|88/100|[from] Spikes
|move|p1a: Toxapex|Recover|p1a: Toxapex
|-heal|p1a: Toxapex|100/100
|
|-heal|p2a: Magnezone|94/100|[from] item: Leftovers
|-heal|p2a: Magnezone|100/100|[from] Grassy Terrain
|upkeep
|turn|11
|
|t:|1597924419
|switch|p1a: Excadrill|Excadrill, F|100/100
|move|p2a: Magnezone|Iron Defense|p2a: Magnezone
|-boost|p2a: Magnezone|def|2
|
|upkeep
|turn|12
|
|t:|1597924428
|move|p1a: Excadrill|Earthquake|p2a: Magnezone
|-supereffective|p2a: Magnezone
|-damage|p2a: Magnezone|61/100
|move|p2a: Magnezone|Body Press|p1a: Excadrill
|-supereffective|p1a: Excadrill
|-damage|p1a: Excadrill|0 fnt
|faint|p1a: Excadrill
|
|-heal|p2a: Magnezone|67/100|[from] item: Leftovers
|-heal|p2a: Magnezone|73/100|[from] Grassy Terrain
|-fieldend|move: Grassy Terrain
|upkeep
|
|t:|1597924432
|switch|p1a: Hippowdon|Hippowdon, M|100/100 par
|-weather|Sandstorm|[from] ability: Sand Stream|[of] p1a: Hippowdon
|turn|13
|
|t:|1597924438
|move|p2a: Magnezone|Iron Defense|p2a: Magnezone
|-boost|p2a: Magnezone|def|2
|cant|p1a: Hippowdon|par
|
|-weather|Sandstorm|[upkeep]
|-heal|p2a: Magnezone|79/100|[from] item: Leftovers
|upkeep
|turn|14
|
|t:|1597924442
|move|p2a: Magnezone|Iron Defense|p2a: Magnezone
|-boost|p2a: Magnezone|def|2
|move|p1a: Hippowdon|Earthquake|p2a: Magnezone
|-supereffective|p2a: Magnezone
|-damage|p2a: Magnezone|48/100
|
|-weather|Sandstorm|[upkeep]
|-heal|p2a: Magnezone|54/100|[from] item: Leftovers
|upkeep
|turn|15
|
|t:|1597924445
|move|p2a: Magnezone|Body Press|p1a: Hippowdon
|-damage|p1a: Hippowdon|27/100 par
|-damage|p2a: Magnezone|37/100|[from] item: Rocky Helmet|[of] p1a: Hippowdon
|move|p1a: Hippowdon|Earthquake|p2a: Magnezone
|-supereffective|p2a: Magnezone
|-damage|p2a: Magnezone|9/100
|
|-weather|Sandstorm|[upkeep]
|-heal|p2a: Magnezone|15/100|[from] item: Leftovers
|upkeep
|turn|16
|j| 75 sb
|
|t:|1597924458
|switch|p1a: Clefable|Clefable, F|37/100
|move|p2a: Magnezone|Body Press|p1a: Clefable
|-resisted|p1a: Clefable
|-damage|p1a: Clefable|0 fnt
|faint|p1a: Clefable
|
|-weather|Sandstorm|[upkeep]
|-heal|p2a: Magnezone|21/100|[from] item: Leftovers
|upkeep
|
|t:|1597924460
|switch|p1a: Urshifu|Urshifu-Rapid-Strike, M|100/100
|turn|17
|
|t:|1597924467
|move|p1a: Urshifu|Surging Strikes|p2a: Magnezone
|-crit|p2a: Magnezone
|-damage|p2a: Magnezone|0 fnt
|-hitcount|p2a: Magnezone|1
|faint|p2a: Magnezone
|
|-weather|none
|upkeep
|
|t:|1597924472
|switch|p2a: Dragapult|Dragapult, F|100/100
|-damage|p2a: Dragapult|88/100|[from] Spikes
|turn|18
|
|t:|1597924476
|move|p2a: Dragapult|Dragon Darts|p1a: Urshifu
|-damage|p1a: Urshifu|56/100
|-anim|p2a: Dragapult|Dragon Darts|p1a: Urshifu
|-damage|p1a: Urshifu|18/100
|move|p1a: Urshifu|Surging Strikes|p2a: Dragapult
|-resisted|p2a: Dragapult
|-crit|p2a: Dragapult
|-damage|p2a: Dragapult|65/100
|-resisted|p2a: Dragapult
|-crit|p2a: Dragapult
|-damage|p2a: Dragapult|45/100
|-resisted|p2a: Dragapult
|-crit|p2a: Dragapult
|-damage|p2a: Dragapult|24/100
|-hitcount|p2a: Dragapult|3
|
|upkeep
|turn|19
|
|t:|1597924479
|switch|p1a: Toxapex|Toxapex, F|100/100
|move|p2a: Dragapult|Dragon Darts|p1a: Toxapex
|-damage|p1a: Toxapex|78/100
|-anim|p2a: Dragapult|Dragon Darts|p1a: Toxapex
|-damage|p1a: Toxapex|54/100
|
|-heal|p1a: Toxapex|60/100|[from] item: Black Sludge
|upkeep
|turn|20
|
|t:|1597924482
|move|p2a: Dragapult|Dragon Darts|p1a: Toxapex
|-damage|p1a: Toxapex|34/100
|-anim|p2a: Dragapult|Dragon Darts|p1a: Toxapex
|-damage|p1a: Toxapex|12/100
|move|p1a: Toxapex|Knock Off|p2a: Dragapult
|-supereffective|p2a: Dragapult
|-damage|p2a: Dragapult|0 fnt
|-enditem|p2a: Dragapult|Choice Band|[from] move: Knock Off|[of] p1a: Toxapex
|faint|p2a: Dragapult
|
|-heal|p1a: Toxapex|18/100|[from] item: Black Sludge
|upkeep
|
|t:|1597924488
|switch|p2a: Zeraora|Zeraora|100/100
|turn|21
|j| SuperEpicAmpharos
|
|t:|1597924491
|switch|p1a: Hippowdon|Hippowdon, M|27/100 par
|-weather|Sandstorm|[from] ability: Sand Stream|[of] p1a: Hippowdon
|move|p2a: Zeraora|Knock Off|p1a: Hippowdon
|-damage|p1a: Hippowdon|6/100 par
|-damage|p2a: Zeraora|84/100|[from] item: Rocky Helmet|[of] p1a: Hippowdon
|-enditem|p1a: Hippowdon|Rocky Helmet|[from] move: Knock Off|[of] p2a: Zeraora
|
|-weather|Sandstorm|[upkeep]
|-damage|p2a: Zeraora|78/100|[from] Sandstorm
|upkeep
|turn|22
|
|t:|1597924494
|switch|p1a: Toxapex|Toxapex, F|51/100
|move|p2a: Zeraora|Knock Off|p1a: Toxapex
|-damage|p1a: Toxapex|31/100
|-enditem|p1a: Toxapex|Black Sludge|[from] move: Knock Off|[of] p2a: Zeraora
|
|-weather|Sandstorm|[upkeep]
|-damage|p2a: Zeraora|72/100|[from] Sandstorm
|-damage|p1a: Toxapex|25/100|[from] Sandstorm
|upkeep
|turn|23
|
|t:|1597924507
|switch|p1a: Hippowdon|Hippowdon, M|6/100 par
|move|p2a: Zeraora|Close Combat|p1a: Hippowdon
|-damage|p1a: Hippowdon|0 fnt
|-unboost|p2a: Zeraora|def|1
|-unboost|p2a: Zeraora|spd|1
|faint|p1a: Hippowdon
|
|-weather|Sandstorm|[upkeep]
|-damage|p2a: Zeraora|66/100|[from] Sandstorm
|upkeep
|
|t:|1597924515
|switch|p1a: Urshifu|Urshifu-Rapid-Strike, M|18/100
|turn|24
|
|t:|1597924518
|switch|p2a: Rillaboom|Rillaboom, F|9/100 tox
|-damage|p2a: Rillaboom|0 fnt|[from] Spikes
|faint|p2a: Rillaboom
|move|p1a: Urshifu|Aqua Jet|p2: Rillaboom|[notarget]
|-fail|p1a: Urshifu
|
|-weather|Sandstorm|[upkeep]
|-damage|p1a: Urshifu|11/100|[from] Sandstorm
|upkeep
|
|t:|1597924523
|switch|p2a: Lucario|Lucario, M|100/100
|-damage|p2a: Lucario|88/100|[from] Spikes
|turn|25
|
|t:|1597924526
|move|p1a: Urshifu|Aqua Jet|p2a: Lucario
|-damage|p2a: Lucario|41/100
|move|p2a: Lucario|Earthquake|p1a: Urshifu
|-damage|p1a: Urshifu|0 fnt
|faint|p1a: Urshifu
|
|-weather|none
|upkeep
|
|t:|1597924528
|switch|p1a: Toxapex|Toxapex, F|58/100
|turn|26
|
|t:|1597924531
|move|p2a: Lucario|Earthquake|p1a: Toxapex
|-supereffective|p1a: Toxapex
|-damage|p1a: Toxapex|29/100
|move|p1a: Toxapex|Recover|p1a: Toxapex
|-heal|p1a: Toxapex|79/100
|
|upkeep
|turn|27
|
|t:|1597924534
|move|p2a: Lucario|Earthquake|p1a: Toxapex
|-supereffective|p1a: Toxapex
|-damage|p1a: Toxapex|52/100
|move|p1a: Toxapex|Scald|p2a: Lucario
|-damage|p2a: Lucario|22/100
|-status|p2a: Lucario|brn
|
|-damage|p2a: Lucario|16/100 brn|[from] brn
|upkeep
|turn|28
|
|t:|1597924536
|move|p2a: Lucario|Earthquake|p1a: Toxapex
|-supereffective|p1a: Toxapex
|-damage|p1a: Toxapex|36/100
|move|p1a: Toxapex|Recover|p1a: Toxapex
|-heal|p1a: Toxapex|86/100
|
|-damage|p2a: Lucario|10/100 brn|[from] brn
|upkeep
|turn|29
|
|t:|1597924538
|move|p2a: Lucario|Earthquake|p1a: Toxapex
|-supereffective|p1a: Toxapex
|-damage|p1a: Toxapex|70/100
|move|p1a: Toxapex|Recover|p1a: Toxapex
|-heal|p1a: Toxapex|100/100
|
|-damage|p2a: Lucario|4/100 brn|[from] brn
|upkeep
|turn|30
|
|t:|1597924541
|move|p2a: Lucario|Earthquake|p1a: Toxapex
|-supereffective|p1a: Toxapex
|-damage|p1a: Toxapex|85/100
|move|p1a: Toxapex|Recover|p1a: Toxapex
|-heal|p1a: Toxapex|100/100
|
|-damage|p2a: Lucario|0 fnt|[from] brn
|faint|p2a: Lucario
|upkeep
|
|t:|1597924542
|switch|p2a: Zeraora|Zeraora|66/100
|turn|31
|j| azmpla
|
|t:|1597924545
|move|p2a: Zeraora|Plasma Fists|p1a: Toxapex
|-supereffective|p1a: Toxapex
|-damage|p1a: Toxapex|33/100
|-fieldactivate|move: Ion Deluge
|move|p1a: Toxapex|Scald|p2a: Zeraora
|-damage|p2a: Zeraora|45/100
|
|upkeep
|turn|32
|-message|LT72MS Stareal forfeited.
|
|win|roboPOKE
|l|☆LT72MS Stareal
|raw|LT72MS Stareal's rating: 2040 &rarr; <strong>2011</strong><br />(-29 for losing)
|raw|roboPOKE's rating: 1874 &rarr; <strong>1903</strong><br />(+29 for winning)
|l|+Feen
|l| LT72MS Sacri'
|l| azmpla
|l| LT72MS EGC
|l| The Brazen Bull
|l|☆roboPOKE
|l|+ShootingStarmie☯
|l| SuperEpicAmpharos
|j| SuperEpicAmpharos
