|j|☆smollest brian
|j|☆GrandpaTheGreat
|inactive|Battle timer is ON: inactive players will automatically lose when time's up.
|t:|1656354640
|gametype|singles
|player|p1|smollest brian|sonia|
|player|p2|GrandpaTheGreat|hiker|
|teamsize|p1|6
|teamsize|p2|6
|gen|8
|tier|[Gen 8] OU
|rated|Tournament battle
|rule|Sleep Clause Mod: Limit one foe put to sleep
|rule|Species Clause: Limit one of each Pokémon
|rule|OHKO Clause: OHKO moves are banned
|rule|Evasion Moves Clause: Evasion moves are banned
|rule|Endless Battle Clause: Forcing endless battles is banned
|rule|HP Percentage Mod: HP is shown in percentages
|rule|Dynamax Clause: You cannot dynamax
|clearpoke
|poke|p1|Sudowoodo, M|
|poke|p1|Linoone, F|
|poke|p1|Alcremie-Rainbow-Swirl, F|
|poke|p1|Kingdra, F|
|poke|p1|Aggron, F|
|poke|p1|Eldegoss, M|
|poke|p2|Linoone, M|
|poke|p2|Kingdra, F|
|poke|p2|Alcremie, F|
|poke|p2|Aggron, F|
|poke|p2|Eldegoss, F|
|poke|p2|Sudowoodo, F|
|teampreview
|j|*Lady Monita ☀
|j| Alive Toaster
|j| Shaviooo
|c|☆GrandpaTheGreat|Gl, hf!
|c|☆smollest brian|u2
|
|t:|1656354653
|start
|switch|p1a: Sudowoodo|Sudowoodo, M|100/100
|switch|p2a: Sudowoodo|Sudowoodo, F, shiny|100/100
|turn|1
|
|t:|1656354657
|move|p1a: Sudowoodo|Stealth Rock|p2a: Sudowoodo
|-sidestart|p2: GrandpaTheGreat|move: Stealth Rock
|move|p2a: Sudowoodo|Stealth Rock|p1a: Sudowoodo
|-sidestart|p1: smollest brian|move: Stealth Rock
|
|upkeep
|turn|2
|j| debnet
|
|t:|1656354660
|move|p1a: Sudowoodo|Earthquake|p2a: Sudowoodo
|-supereffective|p2a: Sudowoodo
|-crit|p2a: Sudowoodo
|-damage|p2a: Sudowoodo|19/100
|move|p2a: Sudowoodo|Earthquake|p1a: Sudowoodo
|-supereffective|p1a: Sudowoodo
|-damage|p1a: Sudowoodo|23/100
|-damage|p2a: Sudowoodo|10/100|[from] item: Life Orb
|
|upkeep
|turn|3
|j|%Meister Siegfried
|l| debnet
|j| JoeTheBro26
|j| ekin su
|j| Ggreaddy
|
|t:|1656354680
|switch|p1a: Eldegoss|Eldegoss, M|100/100
|-damage|p1a: Eldegoss|88/100|[from] Stealth Rock
|move|p2a: Sudowoodo|Sucker Punch||[still]
|-fail|p2a: Sudowoodo
|
|-heal|p1a: Eldegoss|94/100|[from] item: Leftovers
|upkeep
|turn|4
|
|t:|1656354685
|move|p1a: Eldegoss|Rapid Spin|p2a: Sudowoodo
|-resisted|p2a: Sudowoodo
|-damage|p2a: Sudowoodo|7/100
|-boost|p1a: Eldegoss|spe|1
|-sideend|p1: smollest brian|Stealth Rock|[from] move: Rapid Spin|[of] p1a: Eldegoss
|move|p2a: Sudowoodo|Head Smash|p1a: Eldegoss|[miss]
|-miss|p2a: Sudowoodo|p1a: Eldegoss
|
|-heal|p1a: Eldegoss|100/100|[from] item: Leftovers
|upkeep
|turn|5
|j| Sir AAE
|c|☆GrandpaTheGreat|bruh
|
|t:|1656354694
|move|p1a: Eldegoss|Giga Drain|p2a: Sudowoodo
|-supereffective|p2a: Sudowoodo
|-damage|p2a: Sudowoodo|0 fnt
|faint|p2a: Sudowoodo
|
|upkeep
|
|t:|1656354697
|switch|p2a: Eldegoss|Eldegoss, F, shiny|100/100
|-damage|p2a: Eldegoss|88/100|[from] Stealth Rock
|turn|6
|
|t:|1656354703
|switch|p1a: Sudowoodo|Sudowoodo, M|23/100
|move|p2a: Eldegoss|Pollen Puff|p1a: Sudowoodo
|-damage|p1a: Sudowoodo|0 fnt
|faint|p1a: Sudowoodo
|
|-heal|p2a: Eldegoss|94/100|[from] item: Leftovers
|upkeep
|j| Diossasuke
|
|t:|1656354722
|switch|p1a: Alcremie|Alcremie-Rainbow-Swirl, F|100/100
|turn|7
|
|t:|1656354725
|move|p1a: Alcremie|Mystical Fire|p2a: Eldegoss
|-supereffective|p2a: Eldegoss
|-damage|p2a: Eldegoss|69/100
|-unboost|p2a: Eldegoss|spa|1
|move|p2a: Eldegoss|Sleep Powder|p1a: Alcremie
|-block|p1a: Alcremie|ability: Sweet Veil|[of] p1a: Alcremie
|
|-heal|p2a: Eldegoss|75/100|[from] item: Leftovers
|upkeep
|turn|8
|
|t:|1656354732
|move|p1a: Alcremie|Mystical Fire|p2a: Eldegoss
|-supereffective|p2a: Eldegoss
|-damage|p2a: Eldegoss|52/100
|-unboost|p2a: Eldegoss|spa|1
|move|p2a: Eldegoss|Leech Seed|p1a: Alcremie
|-start|p1a: Alcremie|move: Leech Seed
|
|-heal|p2a: Eldegoss|58/100|[from] item: Leftovers
|-damage|p1a: Alcremie|88/100|[from] Leech Seed|[of] p2a: Eldegoss
|-heal|p2a: Eldegoss|71/100|[silent]
|upkeep
|turn|9
|j|^sundays.n_sundaes
|j| 257m
|l| 257m
|inactive|GrandpaTheGreat has 120 seconds left.
|
|t:|1656354763
|switch|p1a: Eldegoss|Eldegoss, M|100/100
|switch|p2a: Aggron|Aggron, F, shiny|100/100
|-damage|p2a: Aggron|94/100|[from] Stealth Rock
|
|upkeep
|turn|10
|inactive|GrandpaTheGreat has 120 seconds left.
|
|t:|1656354775
|move|p2a: Aggron|Head Smash|p1a: Eldegoss|[miss]
|-miss|p2a: Aggron|p1a: Eldegoss
|move|p1a: Eldegoss|Sleep Powder|p2a: Aggron
|-status|p2a: Aggron|slp|[from] move: Sleep Powder
|
|upkeep
|turn|11
|j| peripheral20
|
|t:|1656354782
|cant|p2a: Aggron|slp
|move|p1a: Eldegoss|Leech Seed|p2a: Aggron
|-start|p2a: Aggron|move: Leech Seed
|
|-damage|p2a: Aggron|82/100 slp|[from] Leech Seed|[of] p1a: Eldegoss
|upkeep
|turn|12
|
|t:|1656354786
|switch|p2a: Eldegoss|Eldegoss, F, shiny|100/100
|-damage|p2a: Eldegoss|88/100|[from] Stealth Rock
|move|p1a: Eldegoss|Giga Drain|p2a: Eldegoss
|-resisted|p2a: Eldegoss
|-damage|p2a: Eldegoss|81/100
|
|-heal|p2a: Eldegoss|88/100|[from] item: Leftovers
|upkeep
|turn|13
|
|t:|1656354789
|switch|p1a: Alcremie|Alcremie-Rainbow-Swirl, F|88/100
|move|p2a: Eldegoss|Pollen Puff|p1a: Alcremie
|-resisted|p1a: Alcremie
|-damage|p1a: Alcremie|82/100
|
|-heal|p2a: Eldegoss|94/100|[from] item: Leftovers
|upkeep
|turn|14
|
|t:|1656354798
|move|p1a: Alcremie|Mystical Fire|p2a: Eldegoss
|-supereffective|p2a: Eldegoss
|-damage|p2a: Eldegoss|66/100
|-unboost|p2a: Eldegoss|spa|1
|move|p2a: Eldegoss|Leech Seed|p1a: Alcremie
|-start|p1a: Alcremie|move: Leech Seed
|
|-heal|p2a: Eldegoss|72/100|[from] item: Leftovers
|-damage|p1a: Alcremie|70/100|[from] Leech Seed|[of] p2a: Eldegoss
|-heal|p2a: Eldegoss|85/100|[silent]
|upkeep
|turn|15
|
|t:|1656354808
|switch|p2a: Linoone|Linoone, M, shiny|100/100
|-damage|p2a: Linoone|88/100|[from] Stealth Rock
|move|p1a: Alcremie|Mystical Fire|p2a: Linoone
|-damage|p2a: Linoone|57/100
|-unboost|p2a: Linoone|spa|1
|
|-damage|p1a: Alcremie|58/100|[from] Leech Seed|[of] p2a: Linoone
|-heal|p2a: Linoone|71/100|[silent]
|upkeep
|turn|16
|l| Sir AAE
|
|t:|1656354819
|move|p2a: Linoone|Belly Drum|p2a: Linoone
|-damage|p2a: Linoone|21/100
|-setboost|p2a: Linoone|atk|6|[from] move: Belly Drum
|-enditem|p2a: Linoone|Figy Berry|[eat]
|-heal|p2a: Linoone|54/100|[from] item: Figy Berry
|move|p1a: Alcremie|Dazzling Gleam|p2a: Linoone
|-damage|p2a: Linoone|5/100
|
|-damage|p1a: Alcremie|45/100|[from] Leech Seed|[of] p2a: Linoone
|-heal|p2a: Linoone|18/100|[silent]
|upkeep
|turn|17
|c|^sundays.n_sundaes|See what I mean when I say eldegoss is good
|
|t:|1656354829
|move|p2a: Linoone|Extreme Speed|p1a: Alcremie
|-damage|p1a: Alcremie|0 fnt
|faint|p1a: Alcremie
|
|upkeep
|
|t:|1656354833
|switch|p1a: Linoone|Linoone, F|100/100
|turn|18
|
|t:|1656354836
|move|p1a: Linoone|Extreme Speed|p2a: Linoone
|-damage|p2a: Linoone|0 fnt
|faint|p2a: Linoone
|
|upkeep
|j| SM4SHB21RN
|
|t:|1656354844
|switch|p2a: Aggron|Aggron, F, shiny|82/100 slp
|-damage|p2a: Aggron|76/100 slp|[from] Stealth Rock
|turn|19
|l| ekin su
|
|t:|1656354853
|move|p1a: Linoone|Belly Drum|p1a: Linoone
|-damage|p1a: Linoone|50/100
|-setboost|p1a: Linoone|atk|6|[from] move: Belly Drum
|-enditem|p1a: Linoone|Sitrus Berry|[eat]
|-heal|p1a: Linoone|75/100|[from] item: Sitrus Berry
|-curestatus|p2a: Aggron|slp|[msg]
|move|p2a: Aggron|Body Press|p1a: Linoone
|-supereffective|p1a: Linoone
|-damage|p1a: Linoone|0 fnt
|faint|p1a: Linoone
|-damage|p2a: Aggron|66/100|[from] item: Life Orb
|
|upkeep
|
|t:|1656354863
|switch|p1a: Kingdra|Kingdra, F|100/100
|turn|20
|
|t:|1656354870
|move|p1a: Kingdra|Draco Meteor|p2a: Aggron|[miss]
|-miss|p1a: Kingdra|p2a: Aggron
|move|p2a: Aggron|Head Smash|p1a: Kingdra
|-damage|p1a: Kingdra|0 fnt
|faint|p1a: Kingdra
|-damage|p2a: Aggron|56/100|[from] item: Life Orb
|
|upkeep
|
|t:|1656354874
|switch|p1a: Eldegoss|Eldegoss, M|100/100
|turn|21
|
|t:|1656354879
|move|p2a: Aggron|Head Smash|p1a: Eldegoss
|-damage|p1a: Eldegoss|9/100
|-damage|p2a: Aggron|46/100|[from] item: Life Orb
|move|p1a: Eldegoss|Sleep Powder|p2a: Aggron
|-status|p2a: Aggron|slp|[from] move: Sleep Powder
|
|-heal|p1a: Eldegoss|15/100|[from] item: Leftovers
|upkeep
|turn|22
|
|t:|1656354886
|switch|p2a: Eldegoss|Eldegoss, F, shiny|100/100
|-damage|p2a: Eldegoss|88/100|[from] Stealth Rock
|move|p1a: Eldegoss|Leech Seed|p2a: Eldegoss
|-immune|p2a: Eldegoss
|
|-heal|p1a: Eldegoss|21/100|[from] item: Leftovers
|-heal|p2a: Eldegoss|94/100|[from] item: Leftovers
|upkeep
|turn|23
|
|t:|1656354893
|move|p2a: Eldegoss|Pollen Puff|p1a: Eldegoss
|-supereffective|p1a: Eldegoss
|-damage|p1a: Eldegoss|0 fnt
|faint|p1a: Eldegoss
|
|-heal|p2a: Eldegoss|100/100|[from] item: Leftovers
|upkeep
|
|t:|1656354895
|switch|p1a: Aggron|Aggron, F|100/100
|turn|24
|
|t:|1656354902
|move|p1a: Aggron|Autotomize|p1a: Aggron
|-boost|p1a: Aggron|spe|2
|-start|p1a: Aggron|Autotomize
|move|p2a: Eldegoss|Sleep Powder|p1a: Aggron
|-status|p1a: Aggron|slp|[from] move: Sleep Powder
|
|upkeep
|turn|25
|
|t:|1656354911
|cant|p1a: Aggron|slp
|move|p2a: Eldegoss|Leech Seed|p1a: Aggron
|-start|p1a: Aggron|move: Leech Seed
|
|-damage|p1a: Aggron|88/100 slp|[from] Leech Seed|[of] p2a: Eldegoss
|upkeep
|turn|26
|j| KoolCreatorX
|
|t:|1656354922
|cant|p1a: Aggron|slp
|move|p2a: Eldegoss|Giga Drain|p1a: Aggron
|-damage|p1a: Aggron|55/100 slp
|
|-damage|p1a: Aggron|43/100 slp|[from] Leech Seed|[of] p2a: Eldegoss
|upkeep
|turn|27
|
|t:|1656354927
|-curestatus|p1a: Aggron|slp|[msg]
|move|p1a: Aggron|Head Smash|p2a: Eldegoss
|-damage|p2a: Eldegoss|0 fnt
|faint|p2a: Eldegoss
|
|upkeep
|
|t:|1656354934
|switch|p2a: Aggron|Aggron, F, shiny|46/100 slp
|-damage|p2a: Aggron|40/100 slp|[from] Stealth Rock
|turn|28
|c|^sundays.n_sundaes|C'mon aggron sweep
|
|t:|1656354941
|switch|p2a: Alcremie|Alcremie, F, shiny|100/100
|-damage|p2a: Alcremie|88/100|[from] Stealth Rock
|move|p1a: Aggron|Earthquake|p2a: Alcremie
|-damage|p2a: Alcremie|59/100
|
|-heal|p2a: Alcremie|65/100|[from] item: Leftovers
|-damage|p1a: Aggron|30/100|[from] Leech Seed|[of] p2a: Alcremie
|-heal|p2a: Alcremie|77/100|[silent]
|upkeep
|turn|29
|
|t:|1656354954
|switch|p2a: Aggron|Aggron, F, shiny|40/100 slp
|-damage|p2a: Aggron|34/100 slp|[from] Stealth Rock
|move|p1a: Aggron|Head Smash|p2a: Aggron
|-resisted|p2a: Aggron
|-damage|p2a: Aggron|4/100 slp
|
|-damage|p1a: Aggron|18/100|[from] Leech Seed|[of] p2a: Aggron
|-heal|p2a: Aggron|18/100 slp|[silent]
|upkeep
|turn|30
|
|t:|1656354965
|move|p1a: Aggron|Head Smash|p2a: Aggron|[miss]
|-miss|p1a: Aggron|p2a: Aggron
|cant|p2a: Aggron|slp
|
|-damage|p1a: Aggron|5/100|[from] Leech Seed|[of] p2a: Aggron
|-heal|p2a: Aggron|31/100 slp|[silent]
|upkeep
|turn|31
|c| KoolCreatorX|no chance
|c|^sundays.n_sundaes|Nooo
|c|^sundays.n_sundaes|gg
|c| Ggreaddy|Naa kingdra exists
|c| KoolCreatorX|unless he has a move that can target 3 pokemon at once
|c|^sundays.n_sundaes|+2 speed aggron
|c|^sundays.n_sundaes|Lol
|inactive|GrandpaTheGreat has 120 seconds left.
|c|☆smollest brian|!showset 5
|c| smollest brian|/raw <div class="infobox">Aggron @ Hard Stone  <br />Ability: Rock Head  <br />EVs: 128 HP &#x2f; 252 Atk &#x2f; 8 SpD &#x2f; 120 Spe  <br />Adamant Nature  <br />- Iron Head  <br />- Head Smash  <br />- Autotomize  <br />- Earthquake  <br /><br /></div>
|c| KoolCreatorX|which i am 100% certain he does not
|
|t:|1656355003
|move|p1a: Aggron|Head Smash|p2a: Aggron
|-resisted|p2a: Aggron
|-damage|p2a: Aggron|0 fnt
|faint|p2a: Aggron
|
|upkeep
|c| Ggreaddy|Yes what move will defeat kingdra
|l| KoolCreatorX
|
|t:|1656355014
|switch|p2a: Kingdra|Kingdra, F, shiny|100/100
|-damage|p2a: Kingdra|88/100|[from] Stealth Rock
|turn|32
|j| KoolCreatorX
|
|t:|1656355019
|move|p1a: Aggron|Head Smash|p2a: Kingdra|[miss]
|-miss|p1a: Aggron|p2a: Kingdra
|move|p2a: Kingdra|Liquidation|p1a: Aggron
|-supereffective|p1a: Aggron
|-damage|p1a: Aggron|0 fnt
|faint|p1a: Aggron
|-damage|p2a: Kingdra|78/100|[from] item: Life Orb
|
|win|GrandpaTheGreat
|n|☆smollest brian|smollestbrian
|n|☆GrandpaTheGreat|grandpathegreat
|n|*Lady Monita ☀|ladymonita
|n| Alive Toaster|alivetoaster
|n| Shaviooo|shaviooo
|n|+Meister Siegfried|meistersiegfried
|n| JoeTheBro26|joethebro26
|n| Ggreaddy|ggreaddy
|n| Diossasuke|diossasuke
|n| sundays.n_sundaes|sundaysnsundaes
|n| peripheral20|peripheral20
|n| SM4SHB21RN|sm4shb21rn
|n| KoolCreatorX|koolcreatorx
|l|*Lady Monita ☀
|c|☆smollest brian|gg
|c|☆GrandpaTheGreat|gg
