|j|☆Lord Xen VII
|j|☆lebanesestinker
|t:|1652038069
|gametype|singles
|player|p1|Lord Xen VII|266|1620
|player|p2|lebanesestinker|li|1708
|teamsize|p1|6
|teamsize|p2|6
|gen|8
|tier|[Gen 8] OU
|rated|
|rule|Sleep Clause Mod: Limit one foe put to sleep
|rule|Species Clause: Limit one of each Pokémon
|rule|OHKO Clause: OHKO moves are banned
|rule|Evasion Moves Clause: Evasion moves are banned
|rule|Endless Battle Clause: Forcing endless battles is banned
|rule|HP Percentage Mod: HP is shown in percentages
|rule|Dynamax Clause: You cannot dynamax
|clearpoke
|poke|p1|Blaziken, F|
|poke|p1|Tapu Lele|
|poke|p1|Melmetal|
|poke|p1|Blissey, F|
|poke|p1|Landorus-Therian, M|
|poke|p1|Slowbro, M|
|poke|p2|Ninetales-Alola, F|
|poke|p2|Arctozolt|
|poke|p2|Volcanion|
|poke|p2|Tornadus-Therian, M|
|poke|p2|Landorus-Therian, M|
|poke|p2|Corviknight, M|
|teampreview
|
|t:|1652038095
|start
|switch|p1a: Melmetal|Melmetal|100/100
|switch|p2a: Volcanion|Volcanion|100/100
|turn|1
|inactive|Battle timer is ON: inactive players will automatically lose when time's up. (requested by lebanesestinker)
|
|t:|1652038108
|switch|p2a: Ninetales|Ninetales-Alola, F|100/100
|-weather|Hail|[from] ability: Snow Warning|[of] p2a: Ninetales
|switch|p1a: Blissey|Blissey, F|100/100
|
|-weather|Hail|[upkeep]
|-damage|p1a: Blissey|94/100|[from] Hail
|upkeep
|turn|2
|
|t:|1652038118
|move|p2a: Ninetales|Aurora Veil|p2a: Ninetales
|-sidestart|p2: lebanesestinker|move: Aurora Veil
|move|p1a: Blissey|Stealth Rock|p2a: Ninetales
|-sidestart|p2: lebanesestinker|move: Stealth Rock
|
|-weather|Hail|[upkeep]
|-damage|p1a: Blissey|88/100|[from] Hail
|upkeep
|turn|3
|
|t:|1652038124
|move|p2a: Ninetales|Encore|p1a: Blissey
|-start|p1a: Blissey|Encore
|move|p1a: Blissey|Stealth Rock||[still]
|-fail|p1a: Blissey
|
|-weather|Hail|[upkeep]
|-damage|p1a: Blissey|82/100|[from] Hail
|upkeep
|turn|4
|
|t:|1652038136
|switch|p2a: Arctozolt|Arctozolt|100/100
|-damage|p2a: Arctozolt|76/100|[from] Stealth Rock
|switch|p1a: Melmetal|Melmetal|100/100
|
|-weather|Hail|[upkeep]
|-damage|p1a: Melmetal|94/100|[from] Hail
|-heal|p2a: Arctozolt|82/100|[from] item: Leftovers
|-heal|p1a: Melmetal|100/100|[from] item: Leftovers
|upkeep
|turn|5
|
|t:|1652038151
|switch|p2a: Corviknight|Corviknight, M|100/100
|-damage|p2a: Corviknight|88/100|[from] Stealth Rock
|-ability|p2a: Corviknight|Pressure
|move|p1a: Melmetal|Thunder Wave|p2a: Corviknight
|-status|p2a: Corviknight|par
|
|-weather|Hail|[upkeep]
|-damage|p1a: Melmetal|94/100|[from] Hail
|-damage|p2a: Corviknight|82/100 par|[from] Hail
|-heal|p1a: Melmetal|100/100|[from] item: Leftovers
|upkeep
|turn|6
|
|t:|1652038155
|move|p1a: Melmetal|Double Iron Bash|p2a: Corviknight
|-resisted|p2a: Corviknight
|-damage|p2a: Corviknight|74/100 par
|-damage|p1a: Melmetal|84/100|[from] item: Rocky Helmet|[of] p2a: Corviknight
|-resisted|p2a: Corviknight
|-damage|p2a: Corviknight|67/100 par
|-damage|p1a: Melmetal|67/100|[from] item: Rocky Helmet|[of] p2a: Corviknight
|-hitcount|p2a: Corviknight|2
|cant|p2a: Corviknight|par
|
|-weather|Hail|[upkeep]
|-damage|p1a: Melmetal|61/100|[from] Hail
|-damage|p2a: Corviknight|60/100 par|[from] Hail
|-heal|p1a: Melmetal|67/100|[from] item: Leftovers
|-sideend|p2: lebanesestinker|move: Aurora Veil
|upkeep
|turn|7
|
|t:|1652038165
|move|p1a: Melmetal|Double Iron Bash|p2a: Corviknight
|-resisted|p2a: Corviknight
|-damage|p2a: Corviknight|47/100 par
|-damage|p1a: Melmetal|51/100|[from] item: Rocky Helmet|[of] p2a: Corviknight
|-resisted|p2a: Corviknight
|-damage|p2a: Corviknight|33/100 par
|-damage|p1a: Melmetal|34/100|[from] item: Rocky Helmet|[of] p2a: Corviknight
|-hitcount|p2a: Corviknight|2
|cant|p2a: Corviknight|flinch
|
|-weather|Hail|[upkeep]
|-damage|p1a: Melmetal|28/100|[from] Hail
|-damage|p2a: Corviknight|27/100 par|[from] Hail
|-heal|p1a: Melmetal|34/100|[from] item: Leftovers
|upkeep
|turn|8
|
|t:|1652038169
|move|p1a: Melmetal|Thunder Punch|p2a: Corviknight
|-supereffective|p2a: Corviknight
|-damage|p2a: Corviknight|0 fnt
|-damage|p1a: Melmetal|18/100|[from] item: Rocky Helmet|[of] p2a: Corviknight
|faint|p2a: Corviknight
|
|-weather|none
|-heal|p1a: Melmetal|24/100|[from] item: Leftovers
|upkeep
|
|t:|1652038180
|switch|p2a: Landorus|Landorus-Therian, M|100/100
|-damage|p2a: Landorus|88/100|[from] Stealth Rock
|-ability|p2a: Landorus|Intimidate|boost
|-unboost|p1a: Melmetal|atk|1
|turn|9
|
|t:|1652038186
|switch|p1a: Landorus|Landorus-Therian, M|100/100
|-ability|p1a: Landorus|Intimidate|boost
|-unboost|p2a: Landorus|atk|1
|move|p2a: Landorus|Stealth Rock|p1a: Landorus
|-sidestart|p1: Lord Xen VII|move: Stealth Rock
|
|-heal|p2a: Landorus|94/100|[from] item: Leftovers
|upkeep
|turn|10
|
|t:|1652038191
|move|p2a: Landorus|Toxic|p1a: Landorus
|-status|p1a: Landorus|tox
|move|p1a: Landorus|Toxic|p2a: Landorus
|-status|p2a: Landorus|tox
|
|-heal|p2a: Landorus|99/100 tox|[from] item: Leftovers
|-damage|p2a: Landorus|94/100 tox|[from] psn
|-damage|p1a: Landorus|94/100 tox|[from] psn
|upkeep
|turn|11
|
|t:|1652038197
|move|p2a: Landorus|U-turn|p1a: Landorus
|-resisted|p1a: Landorus
|-damage|p1a: Landorus|88/100 tox
|
|t:|1652038205
|switch|p2a: Ninetales|Ninetales-Alola, F|100/100|[from]move: U-turn
|-damage|p2a: Ninetales|76/100|[from] Stealth Rock
|-weather|Hail|[from] ability: Snow Warning|[of] p2a: Ninetales
|move|p1a: Landorus|U-turn|p2a: Ninetales
|-resisted|p2a: Ninetales
|-damage|p2a: Ninetales|62/100
|c|☆Lord Xen VII|dt alola ninetails
|
|t:|1652038231
|switch|p1a: Tapu Lele|Tapu Lele|100/100|[from]move: U-turn
|-damage|p1a: Tapu Lele|88/100|[from] Stealth Rock
|-fieldstart|move: Psychic Terrain|[from] ability: Psychic Surge|[of] p1a: Tapu Lele
|
|-weather|Hail|[upkeep]
|-damage|p1a: Tapu Lele|82/100|[from] Hail
|upkeep
|turn|12
|
|t:|1652038236
|move|p1a: Tapu Lele|Psyshock|p2a: Ninetales
|-damage|p2a: Ninetales|0 fnt
|faint|p2a: Ninetales
|
|-weather|Hail|[upkeep]
|-damage|p1a: Tapu Lele|76/100|[from] Hail
|upkeep
|
|t:|1652038245
|switch|p2a: Tornadus|Tornadus-Therian, M|100/100
|-damage|p2a: Tornadus|76/100|[from] Stealth Rock
|turn|13
|
|t:|1652038262
|switch|p1a: Landorus|Landorus-Therian, M|88/100 tox
|-damage|p1a: Landorus|76/100 tox|[from] Stealth Rock
|-ability|p1a: Landorus|Intimidate|boost
|-unboost|p2a: Tornadus|atk|1
|move|p2a: Tornadus|U-turn|p1a: Landorus
|-resisted|p1a: Landorus
|-damage|p1a: Landorus|72/100 tox
|
|t:|1652038266
|switch|p2a: Arctozolt|Arctozolt|82/100|[from]move: U-turn
|-damage|p2a: Arctozolt|57/100|[from] Stealth Rock
|
|-weather|Hail|[upkeep]
|-damage|p1a: Landorus|66/100 tox|[from] Hail
|-heal|p2a: Arctozolt|63/100|[from] item: Leftovers
|-heal|p1a: Landorus|72/100 tox|[from] item: Leftovers
|-damage|p1a: Landorus|66/100 tox|[from] psn
|upkeep
|turn|14
|
|t:|1652038270
|move|p2a: Arctozolt|Substitute|p2a: Arctozolt
|-start|p2a: Arctozolt|Substitute
|-damage|p2a: Arctozolt|38/100
|move|p1a: Landorus|Earthquake|p2a: Arctozolt
|-supereffective|p2a: Arctozolt
|-end|p2a: Arctozolt|Substitute
|
|-weather|Hail|[upkeep]
|-damage|p1a: Landorus|60/100 tox|[from] Hail
|-heal|p2a: Arctozolt|44/100|[from] item: Leftovers
|-heal|p1a: Landorus|66/100 tox|[from] item: Leftovers
|-damage|p1a: Landorus|54/100 tox|[from] psn
|upkeep
|turn|15
|
|t:|1652038275
|move|p2a: Arctozolt|Blizzard|p1a: Landorus
|-supereffective|p1a: Landorus
|-damage|p1a: Landorus|0 fnt
|faint|p1a: Landorus
|
|-weather|Hail|[upkeep]
|-heal|p2a: Arctozolt|51/100|[from] item: Leftovers
|-fieldend|move: Psychic Terrain
|upkeep
|inactive|Lord Xen VII has 120 seconds left.
|j| Bloody alfa
|j| Sauromon
|inactive|Lord Xen VII has 90 seconds left.
|
|t:|1652038347
|switch|p1a: Melmetal|Melmetal|24/100
|-damage|p1a: Melmetal|18/100|[from] Stealth Rock
|turn|16
|
|t:|1652038350
|move|p2a: Arctozolt|Bolt Beak|p1a: Melmetal
|-damage|p1a: Melmetal|0 fnt
|faint|p1a: Melmetal
|
|-weather|Hail|[upkeep]
|-heal|p2a: Arctozolt|57/100|[from] item: Leftovers
|upkeep
|inactive|Lord Xen VII has 90 seconds left.
|inactive|Lord Xen VII has 60 seconds left.
|
|t:|1652038411
|switch|p1a: Blissey|Blissey, F|82/100
|turn|17
|
|t:|1652038417
|move|p2a: Arctozolt|Bolt Beak|p1a: Blissey
|-damage|p1a: Blissey|23/100
|move|p1a: Blissey|Seismic Toss|p2a: Arctozolt
|-damage|p2a: Arctozolt|26/100
|
|-weather|Hail|[upkeep]
|-damage|p1a: Blissey|16/100|[from] Hail
|-heal|p2a: Arctozolt|32/100|[from] item: Leftovers
|upkeep
|turn|18
|
|t:|1652038427
|move|p2a: Arctozolt|Bolt Beak|p1a: Blissey
|-damage|p1a: Blissey|0 fnt
|faint|p1a: Blissey
|
|-weather|none
|-heal|p2a: Arctozolt|38/100|[from] item: Leftovers
|upkeep
|
|t:|1652038435
|switch|p1a: Blaziken|Blaziken, F|100/100
|-damage|p1a: Blaziken|88/100|[from] Stealth Rock
|turn|19
|
|t:|1652038441
|move|p1a: Blaziken|Flare Blitz|p2a: Arctozolt
|-supereffective|p2a: Arctozolt
|-damage|p2a: Arctozolt|0 fnt
|faint|p2a: Arctozolt
|-damage|p1a: Blaziken|75/100|[from] Recoil
|
|-heal|p1a: Blaziken|81/100|[from] item: Leftovers
|-ability|p1a: Blaziken|Speed Boost|boost
|-boost|p1a: Blaziken|spe|1
|upkeep
|
|t:|1652038456
|switch|p2a: Volcanion|Volcanion|100/100
|-damage|p2a: Volcanion|76/100|[from] Stealth Rock
|turn|20
|
|t:|1652038463
|move|p1a: Blaziken|Close Combat|p2a: Volcanion
|-damage|p2a: Volcanion|15/100
|-unboost|p1a: Blaziken|def|1
|-unboost|p1a: Blaziken|spd|1
|move|p2a: Volcanion|Steam Eruption|p1a: Blaziken
|-supereffective|p1a: Blaziken
|-damage|p1a: Blaziken|0 fnt
|faint|p1a: Blaziken
|
|upkeep
|
|t:|1652038485
|switch|p1a: Tapu Lele|Tapu Lele|76/100
|-damage|p1a: Tapu Lele|63/100|[from] Stealth Rock
|-fieldstart|move: Psychic Terrain|[from] ability: Psychic Surge|[of] p1a: Tapu Lele
|turn|21
|j| PuchuSmash
|inactive|lebanesestinker has 120 seconds left.
|
|t:|1652038527
|move|p1a: Tapu Lele|Psyshock|p2a: Volcanion
|-damage|p2a: Volcanion|0 fnt
|faint|p2a: Volcanion
|
|upkeep
|
|t:|1652038529
|switch|p2a: Landorus|Landorus-Therian, M|94/100 tox
|-damage|p2a: Landorus|82/100 tox|[from] Stealth Rock
|-ability|p2a: Landorus|Intimidate|boost
|-unboost|p1a: Tapu Lele|atk|1
|turn|22
|inactive|Lord Xen VII has 60 seconds left.
|
|t:|1652038536
|switch|p1a: Slowbro|Slowbro, M|100/100
|-damage|p1a: Slowbro|88/100|[from] Stealth Rock
|move|p2a: Landorus|Earthquake|p1a: Slowbro
|-damage|p1a: Slowbro|60/100
|
|-heal|p2a: Landorus|88/100 tox|[from] item: Leftovers
|-damage|p2a: Landorus|82/100 tox|[from] psn
|upkeep
|turn|23
|
|t:|1652038543
|switch|p2a: Tornadus|Tornadus-Therian, M|100/100
|-damage|p2a: Tornadus|76/100|[from] Stealth Rock
|move|p1a: Slowbro|Ice Beam|p2a: Tornadus
|-supereffective|p2a: Tornadus
|-damage|p2a: Tornadus|46/100
|
|upkeep
|turn|24
|
|t:|1652038550
|move|p2a: Tornadus|Knock Off|p1a: Slowbro
|-supereffective|p1a: Slowbro
|-enditem|p1a: Slowbro|Colbur Berry|[eat]
|-enditem|p1a: Slowbro|Colbur Berry|[weaken]
|-damage|p1a: Slowbro|48/100
|move|p1a: Slowbro|Ice Beam|p2a: Tornadus
|-supereffective|p2a: Tornadus
|-damage|p2a: Tornadus|20/100
|
|upkeep
|turn|25
|
|t:|1652038559
|move|p2a: Tornadus|Knock Off|p1a: Slowbro
|-supereffective|p1a: Slowbro
|-damage|p1a: Slowbro|31/100
|move|p1a: Slowbro|Ice Beam|p2a: Tornadus
|-supereffective|p2a: Tornadus
|-crit|p2a: Tornadus
|-damage|p2a: Tornadus|0 fnt
|faint|p2a: Tornadus
|
|-fieldend|move: Psychic Terrain
|upkeep
|
|t:|1652038562
|switch|p2a: Landorus|Landorus-Therian, M|82/100 tox
|-damage|p2a: Landorus|70/100 tox|[from] Stealth Rock
|-ability|p2a: Landorus|Intimidate|boost
|-unboost|p1a: Slowbro|atk|1
|turn|26
|
|t:|1652038578
|move|p2a: Landorus|Earthquake|p1a: Slowbro
|-damage|p1a: Slowbro|3/100
|move|p1a: Slowbro|Ice Beam|p2a: Landorus
|-supereffective|p2a: Landorus
|-damage|p2a: Landorus|9/100 tox
|
|-heal|p2a: Landorus|15/100 tox|[from] item: Leftovers
|-damage|p2a: Landorus|9/100 tox|[from] psn
|upkeep
|turn|27
|
|t:|1652038584
|move|p2a: Landorus|Earthquake|p1a: Slowbro
|-damage|p1a: Slowbro|0 fnt
|faint|p1a: Slowbro
|
|-heal|p2a: Landorus|15/100 tox|[from] item: Leftovers
|-damage|p2a: Landorus|3/100 tox|[from] psn
|upkeep
|
|t:|1652038591
|switch|p1a: Tapu Lele|Tapu Lele|63/100
|-damage|p1a: Tapu Lele|51/100|[from] Stealth Rock
|-fieldstart|move: Psychic Terrain|[from] ability: Psychic Surge|[of] p1a: Tapu Lele
|turn|28
|
|t:|1652038594
|move|p1a: Tapu Lele|Psyshock|p2a: Landorus
|-damage|p2a: Landorus|0 fnt
|faint|p2a: Landorus
|
|win|Lord Xen VII
|raw|Lord Xen VII's rating: 1620 &rarr; <strong>1645</strong><br />(+25 for winning)
|raw|lebanesestinker's rating: 1708 &rarr; <strong>1683</strong><br />(-25 for losing)
|l|☆lebanesestinker
||Ladder isn't responding, score probably updated but might not have (Request timeout).
|l| PuchuSmash
