|j|☆The SD sweep
|j|‽okaybears
|t:|1664348912
|gametype|singles
|player|p1|The SD sweep|siebold|1778
|player|p2|okaybears|bugcatcher-gen4dp|1918
|teamsize|p1|6
|teamsize|p2|6
|gen|8
|tier|[Gen 8] OU
|rated|
|rule|Sleep Clause Mod: Limit one foe put to sleep
|rule|Species Clause: Limit one of each Pokémon
|rule|OHKO Clause: OHKO moves are banned
|rule|Evasion Items Clause: Evasion items are banned
|rule|Evasion Moves Clause: Evasion moves are banned
|rule|Endless Battle Clause: Forcing endless battles is banned
|rule|HP Percentage Mod: HP is shown in percentages
|rule|Dynamax Clause: You cannot dynamax
|clearpoke
|poke|p1|Dragapult, M|
|poke|p1|Tapu Lele|
|poke|p1|Landorus-Therian, M|
|poke|p1|Ferrothorn, M|
|poke|p1|Toxapex, M|
|poke|p1|Garchomp, F|
|poke|p2|Heatran, M|
|poke|p2|Venusaur, M|
|poke|p2|Weavile, F|
|poke|p2|Torkoal, F|
|poke|p2|Clefable, F|
|poke|p2|Landorus-Therian, M|
|teampreview
|inactive|Battle timer is ON: inactive players will automatically lose when time's up. (requested by The SD sweep)
|
|t:|1664348927
|start
|switch|p1a: Mean girls|Tapu Lele, shiny|100/100
|switch|p2a: Clefable|Clefable, F|100/100
|-fieldstart|move: Psychic Terrain|[from] ability: Psychic Surge|[of] p1a: Mean girls
|turn|1
|
|t:|1664348932
|move|p1a: Mean girls|Psychic|p2a: Clefable
|-crit|p2a: Clefable
|-damage|p2a: Clefable|0 fnt
|faint|p2a: Clefable
|
|upkeep
|j| Ferenc Liszt
|
|t:|1664348938
|switch|p2a: Weavile|Weavile, F|100/100
|-ability|p2a: Weavile|Pressure
|turn|2
|
|t:|1664348942
|switch|p2a: Torkoal|Torkoal, F|100/100
|-weather|SunnyDay|[from] ability: Drought|[of] p2a: Torkoal
|switch|p1a: Toxapex|Toxapex, M|100/100
|
|-weather|SunnyDay|[upkeep]
|upkeep
|turn|3
|j| EpicBreadGuy
|
|t:|1664348947
|move|p1a: Toxapex|Knock Off|p2a: Torkoal
|-damage|p2a: Torkoal|92/100
|-enditem|p2a: Torkoal|Heat Rock|[from] move: Knock Off|[of] p1a: Toxapex
|move|p2a: Torkoal|Stealth Rock|p1a: Toxapex
|-sidestart|p1: The SD sweep|move: Stealth Rock
|
|-weather|SunnyDay|[upkeep]
|upkeep
|turn|4
|
|t:|1664348951
|switch|p2a: Venusaur|Venusaur, M|100/100
|move|p1a: Toxapex|Scald|p2a: Venusaur
|-resisted|p2a: Venusaur
|-damage|p2a: Venusaur|96/100
|-status|p2a: Venusaur|brn
|
|-weather|SunnyDay|[upkeep]
|-damage|p2a: Venusaur|90/100 brn|[from] brn
|upkeep
|turn|5
|j| vivici
|
|t:|1664348960
|move|p2a: Venusaur|Giga Drain|p1a: Toxapex
|-damage|p1a: Toxapex|65/100
|-heal|p2a: Venusaur|100/100 brn|[from] drain|[of] p1a: Toxapex
|-damage|p2a: Venusaur|91/100 brn|[from] item: Life Orb
|move|p1a: Toxapex|Haze|p1a: Toxapex
|-clearallboost
|
|-weather|SunnyDay|[upkeep]
|-damage|p2a: Venusaur|85/100 brn|[from] brn
|-fieldend|move: Psychic Terrain
|upkeep
|turn|6
|j| yzgcyclone
|l| yzgcyclone
|
|t:|1664348969
|move|p2a: Venusaur|Growth|p2a: Venusaur
|-boost|p2a: Venusaur|atk|2
|-boost|p2a: Venusaur|spa|2
|move|p1a: Toxapex|Recover|p1a: Toxapex
|-heal|p1a: Toxapex|100/100
|
|-weather|SunnyDay|[upkeep]
|-damage|p2a: Venusaur|79/100 brn|[from] brn
|upkeep
|turn|7
|
|t:|1664348972
|switch|p1a: Ferrothorn|Ferrothorn, M|100/100
|-damage|p1a: Ferrothorn|94/100|[from] Stealth Rock
|move|p2a: Venusaur|Giga Drain|p1a: Ferrothorn
|-resisted|p1a: Ferrothorn
|-damage|p1a: Ferrothorn|76/100
|-heal|p2a: Venusaur|90/100 brn|[from] drain|[of] p1a: Ferrothorn
|-damage|p2a: Venusaur|80/100 brn|[from] item: Life Orb
|
|-weather|SunnyDay|[upkeep]
|-heal|p1a: Ferrothorn|82/100|[from] item: Leftovers
|-damage|p2a: Venusaur|74/100 brn|[from] brn
|upkeep
|turn|8
|
|t:|1664348978
|move|p1a: Ferrothorn|Protect|p1a: Ferrothorn
|-singleturn|p1a: Ferrothorn|Protect
|move|p2a: Venusaur|Giga Drain|p1a: Ferrothorn
|-activate|p1a: Ferrothorn|move: Protect
|
|-weather|SunnyDay|[upkeep]
|-heal|p1a: Ferrothorn|88/100|[from] item: Leftovers
|-damage|p2a: Venusaur|68/100 brn|[from] brn
|upkeep
|turn|9
|
|t:|1664348984
|move|p2a: Venusaur|Weather Ball|p1a: Ferrothorn
|-supereffective|p1a: Ferrothorn
|-damage|p1a: Ferrothorn|0 fnt
|faint|p1a: Ferrothorn
|-damage|p2a: Venusaur|58/100 brn|[from] item: Life Orb
|
|-weather|none
|-damage|p2a: Venusaur|52/100 brn|[from] brn
|upkeep
|j| novlovesyou*
|l| Ferenc Liszt
|j| Ferenc Liszt
|l| Ferenc Liszt
|
|t:|1664348998
|switch|p1a: AZRAEL|Dragapult, M, shiny|100/100
|-damage|p1a: AZRAEL|88/100|[from] Stealth Rock
|turn|10
|
|t:|1664349002
|switch|p2a: Landorus|Landorus-Therian, M|100/100
|-ability|p2a: Landorus|Intimidate|boost
|-fail|p1a: AZRAEL|unboost|[from] ability: Clear Body|[of] p1a: AZRAEL
|move|p1a: AZRAEL|Dragon Dance|p1a: AZRAEL
|-boost|p1a: AZRAEL|atk|1
|-boost|p1a: AZRAEL|spe|1
|
|-heal|p1a: AZRAEL|94/100|[from] item: Leftovers
|upkeep
|turn|11
|
|t:|1664349008
|move|p1a: AZRAEL|Dragon Darts|p2a: Landorus
|-damage|p2a: Landorus|70/100
|-anim|p1a: AZRAEL|Dragon Darts|p2a: Landorus
|-damage|p2a: Landorus|41/100
|move|p2a: Landorus|Earthquake|p1a: AZRAEL
|-damage|p1a: AZRAEL|33/100
|
|-heal|p1a: AZRAEL|39/100|[from] item: Leftovers
|-heal|p2a: Landorus|47/100|[from] item: Leftovers
|upkeep
|turn|12
|
|t:|1664349019
|move|p1a: AZRAEL|Dragon Darts|p2a: Landorus
|-damage|p2a: Landorus|18/100
|-anim|p1a: AZRAEL|Dragon Darts|p2a: Landorus
|-damage|p2a: Landorus|0 fnt
|faint|p2a: Landorus
|
|-heal|p1a: AZRAEL|45/100|[from] item: Leftovers
|upkeep
|
|t:|1664349021
|switch|p2a: Weavile|Weavile, F|100/100
|-ability|p2a: Weavile|Pressure
|turn|13
|l| EpicBreadGuy
|
|t:|1664349028
|switch|p1a: Mean girls|Tapu Lele, shiny|100/100
|-damage|p1a: Mean girls|88/100|[from] Stealth Rock
|-fieldstart|move: Psychic Terrain|[from] ability: Psychic Surge|[of] p1a: Mean girls
|move|p2a: Weavile|Swords Dance|p2a: Weavile
|-boost|p2a: Weavile|atk|2
|
|upkeep
|turn|14
|j| EpicBreadGuy
|j| t-yeu
|
|t:|1664349043
|switch|p1a: AZRAEL|Dragapult, M, shiny|45/100
|-damage|p1a: AZRAEL|33/100|[from] Stealth Rock
|move|p2a: Weavile|Knock Off|p1a: AZRAEL
|-supereffective|p1a: AZRAEL
|-damage|p1a: AZRAEL|0 fnt
|-enditem|p1a: AZRAEL|Leftovers|[from] move: Knock Off|[of] p2a: Weavile
|faint|p1a: AZRAEL
|
|upkeep
|
|t:|1664349046
|switch|p1a: Toxapex|Toxapex, M|100/100
|-damage|p1a: Toxapex|88/100|[from] Stealth Rock
|turn|15
|
|t:|1664349051
|move|p2a: Weavile|Knock Off|p1a: Toxapex
|-damage|p1a: Toxapex|29/100
|-damage|p2a: Weavile|84/100|[from] item: Rocky Helmet|[of] p1a: Toxapex
|-enditem|p1a: Toxapex|Rocky Helmet|[from] move: Knock Off|[of] p2a: Weavile
|move|p1a: Toxapex|Haze|p1a: Toxapex
|-clearallboost
|
|upkeep
|turn|16
|
|t:|1664349071
|switch|p2a: Torkoal|Torkoal, F|92/100
|-weather|SunnyDay|[from] ability: Drought|[of] p2a: Torkoal
|move|p1a: Toxapex|Recover|p1a: Toxapex
|-heal|p1a: Toxapex|79/100
|
|-weather|SunnyDay|[upkeep]
|upkeep
|turn|17
|j| down it
|
|t:|1664349081
|switch|p1a: Garchomp|Garchomp, F, shiny|100/100
|-damage|p1a: Garchomp|94/100|[from] Stealth Rock
|switch|p2a: Venusaur|Venusaur, M|52/100 brn
|
|-weather|SunnyDay|[upkeep]
|-heal|p1a: Garchomp|100/100|[from] item: Leftovers
|-damage|p2a: Venusaur|46/100 brn|[from] brn
|-fieldend|move: Psychic Terrain
|upkeep
|turn|18
|
|t:|1664349092
|switch|p2a: Heatran|Heatran, M|100/100
|-item|p2a: Heatran|Air Balloon
|move|p1a: Garchomp|Scale Shot|p2a: Heatran
|-resisted|p2a: Heatran
|-damage|p2a: Heatran|94/100
|-enditem|p2a: Heatran|Air Balloon
|-resisted|p2a: Heatran
|-damage|p2a: Heatran|87/100
|-hitcount|p2a: Heatran|2
|-unboost|p1a: Garchomp|def|1
|-boost|p1a: Garchomp|spe|1
|
|-weather|SunnyDay|[upkeep]
|upkeep
|turn|19
|
|t:|1664349110
|switch|p2a: Torkoal|Torkoal, F|92/100
|move|p1a: Garchomp|Earthquake|p2a: Torkoal
|-supereffective|p2a: Torkoal
|-damage|p2a: Torkoal|33/100
|
|-weather|SunnyDay|[upkeep]
|upkeep
|turn|20
|
|t:|1664349113
|move|p1a: Garchomp|Earthquake|p2a: Torkoal
|-supereffective|p2a: Torkoal
|-damage|p2a: Torkoal|0 fnt
|faint|p2a: Torkoal
|
|-weather|none
|upkeep
|l| EpicBreadGuy
|
|t:|1664349116
|switch|p2a: Weavile|Weavile, F|84/100
|-ability|p2a: Weavile|Pressure
|turn|21
|
|t:|1664349126
|switch|p1a: Toxapex|Toxapex, M|100/100
|-damage|p1a: Toxapex|88/100|[from] Stealth Rock
|switch|p2a: Venusaur|Venusaur, M|46/100 brn
|
|-damage|p2a: Venusaur|40/100 brn|[from] brn
|upkeep
|turn|22
|
|t:|1664349138
|switch|p1a: Mean girls|Tapu Lele, shiny|88/100
|-damage|p1a: Mean girls|76/100|[from] Stealth Rock
|-fieldstart|move: Psychic Terrain|[from] ability: Psychic Surge|[of] p1a: Mean girls
|move|p2a: Venusaur|Giga Drain|p1a: Mean girls
|-damage|p1a: Mean girls|28/100
|-heal|p2a: Venusaur|63/100 brn|[from] drain|[of] p1a: Mean girls
|-damage|p2a: Venusaur|53/100 brn|[from] item: Life Orb
|
|-damage|p2a: Venusaur|47/100 brn|[from] brn
|upkeep
|turn|23
|
|t:|1664349143
|move|p1a: Mean girls|Focus Blast|p2a: Venusaur|[miss]
|-miss|p1a: Mean girls|p2a: Venusaur
|move|p2a: Venusaur|Giga Drain|p1a: Mean girls
|-damage|p1a: Mean girls|0 fnt
|-heal|p2a: Venusaur|60/100 brn|[from] drain|[of] p1a: Mean girls
|faint|p1a: Mean girls
|-damage|p2a: Venusaur|50/100 brn|[from] item: Life Orb
|
|-damage|p2a: Venusaur|44/100 brn|[from] brn
|upkeep
|
|t:|1664349146
|switch|p1a: Garchomp|Garchomp, F, shiny|100/100
|-damage|p1a: Garchomp|94/100|[from] Stealth Rock
|turn|24
|
|t:|1664349151
|move|p1a: Garchomp|Scale Shot|p2a: Venusaur
|-damage|p2a: Venusaur|26/100 brn
|-damage|p2a: Venusaur|10/100 brn
|-damage|p2a: Venusaur|0 fnt
|faint|p2a: Venusaur
|-hitcount|p2: Venusaur|3
|-unboost|p1a: Garchomp|def|1
|-boost|p1a: Garchomp|spe|1
|
|-heal|p1a: Garchomp|100/100|[from] item: Leftovers
|upkeep
|
|t:|1664349154
|switch|p2a: Weavile|Weavile, F|84/100
|-ability|p2a: Weavile|Pressure
|turn|25
|
|t:|1664349157
|move|p1a: Garchomp|Earthquake|p2a: Weavile
|-damage|p2a: Weavile|2/100
|move|p2a: Weavile|Swords Dance|p2a: Weavile
|-boost|p2a: Weavile|atk|2
|
|upkeep
|turn|26
|
|t:|1664349163
|move|p2a: Weavile|Ice Shard|p1a: Garchomp
|-activate|p1a: Garchomp|move: Psychic Terrain
|move|p1a: Garchomp|Earthquake|p2a: Weavile
|-damage|p2a: Weavile|0 fnt
|faint|p2a: Weavile
|
|-fieldend|move: Psychic Terrain
|upkeep
|-message|okaybears forfeited.
|
|win|The SD sweep
|raw|The SD sweep's rating: 1778 &rarr; <strong>1806</strong><br />(+28 for winning)
|raw|okaybears's rating: 1918 &rarr; <strong>1890</strong><br />(-28 for losing)
|l|‽okaybears
|l|☆The SD sweep
|l| down it
|l| novlovesyou*
|l| vivici
|j|☆The SD sweep
|player|p1|The SD sweep|siebold
