|j|☆HOF69
|j|☆Spectre Ace
|t:|1654910362
|gametype|singles
|player|p1|HOF69|red|1737
|player|p2|Spectre Ace|juggler|1765
|teamsize|p1|6
|teamsize|p2|6
|gen|8
|tier|[Gen 8] OU
|rated|
|rule|Sleep Clause Mod: Limit one foe put to sleep
|rule|Species Clause: Limit one of each Pokémon
|rule|OHKO Clause: OHKO moves are banned
|rule|Evasion Moves Clause: Evasion moves are banned
|rule|Endless Battle Clause: Forcing endless battles is banned
|rule|HP Percentage Mod: HP is shown in percentages
|rule|Dynamax Clause: You cannot dynamax
|clearpoke
|poke|p1|Blacephalon|
|poke|p1|Gengar, M|
|poke|p1|Tapu Lele|
|poke|p1|Kartana|
|poke|p1|Landorus-Therian, M|
|poke|p1|Krookodile, M|
|poke|p2|Raichu-Alola, F|
|poke|p2|Tapu Koko|
|poke|p2|Mandibuzz, F|
|poke|p2|Urshifu-*, M|
|poke|p2|Ferrothorn, M|
|poke|p2|Garchomp, M|
|teampreview
|j| DrChompz
|
|t:|1654910375
|start
|switch|p1a: Kartana|Kartana|100/100
|switch|p2a: Urshifu|Urshifu-Rapid-Strike, M|100/100
|turn|1
|
|t:|1654910379
|switch|p1a: Krookodile|Krookodile, M|100/100
|-ability|p1a: Krookodile|Intimidate|boost
|-unboost|p2a: Urshifu|atk|1
|move|p2a: Urshifu|Close Combat|p1a: Krookodile
|-supereffective|p1a: Krookodile
|-enditem|p1a: Krookodile|Focus Sash
|-damage|p1a: Krookodile|1/100
|-unboost|p2a: Urshifu|def|1
|-unboost|p2a: Urshifu|spd|1
|
|upkeep
|turn|2
|
|t:|1654910382
|move|p2a: Urshifu|Close Combat|p1a: Krookodile
|-supereffective|p1a: Krookodile
|-damage|p1a: Krookodile|0 fnt
|-unboost|p2a: Urshifu|def|1
|-unboost|p2a: Urshifu|spd|1
|faint|p1a: Krookodile
|
|upkeep
|
|t:|1654910385
|switch|p1a: Gengar|Gengar, M, shiny|100/100
|turn|3
|j| tachyon paradox
|j| Is♡Forever
|
|t:|1654910389
|switch|p2a: Mandibuzz|Mandibuzz, F|100/100
|move|p1a: Gengar|Focus Blast|p2a: Mandibuzz
|-damage|p2a: Mandibuzz|66/100
|
|upkeep
|turn|4
|
|t:|1654910391
|move|p1a: Gengar|Sludge Wave|p2a: Mandibuzz
|-damage|p2a: Mandibuzz|27/100
|move|p2a: Mandibuzz|U-turn|p1a: Gengar
|-resisted|p1a: Gengar
|-damage|p1a: Gengar|95/100
|
|t:|1654910396
|switch|p2a: Eagle|Tapu Koko|100/100|[from]move: U-turn
|-fieldstart|move: Electric Terrain|[from] ability: Electric Surge|[of] p2a: Eagle
|
|upkeep
|turn|5
|
|t:|1654910401
|move|p2a: Eagle|U-turn|p1a: Gengar
|-resisted|p1a: Gengar
|-damage|p1a: Gengar|87/100
|-start|p2a: Eagle|Disable|U-turn|[from] ability: Cursed Body|[of] p1a: Gengar
|
|t:|1654910405
|switch|p2a: Mandibuzz|Mandibuzz, F|27/100|[from]move: U-turn
|move|p1a: Gengar|Sludge Wave|p2a: Mandibuzz
|-damage|p2a: Mandibuzz|0 fnt
|faint|p2a: Mandibuzz
|
|upkeep
|
|t:|1654910406
|switch|p2a: Valentine|Raichu-Alola, F, shiny|100/100
|turn|6
|
|t:|1654910415
|move|p2a: Valentine|Rising Voltage|p1a: Gengar
|-hint|Rising Voltage's BP doubled on grounded target.
|-damage|p1a: Gengar|0 fnt
|-start|p2a: Valentine|Disable|Rising Voltage|[from] ability: Cursed Body|[of] p1a: Gengar
|faint|p1a: Gengar
|-damage|p2a: Valentine|91/100|[from] item: Life Orb
|
|upkeep
|
|t:|1654910424
|switch|p1a: Tapu Lele|Tapu Lele|100/100
|-fieldstart|move: Psychic Terrain|[from] ability: Psychic Surge|[of] p1a: Tapu Lele
|turn|7
|
|t:|1654910430
|move|p2a: Valentine|Surf|p1a: Tapu Lele
|-damage|p1a: Tapu Lele|63/100
|-damage|p2a: Valentine|81/100|[from] item: Life Orb
|move|p1a: Tapu Lele|Focus Blast|p2a: Valentine
|-resisted|p2a: Valentine
|-damage|p2a: Valentine|50/100
|-unboost|p2a: Valentine|spd|1
|
|upkeep
|turn|8
|l| tachyon paradox
|
|t:|1654910443
|switch|p2a: Sundowner|Ferrothorn, M|100/100
|move|p1a: Tapu Lele|Moonblast|p2a: Sundowner
|-resisted|p2a: Sundowner
|-damage|p2a: Sundowner|83/100
|-unboost|p2a: Sundowner|spa|1
|
|-heal|p2a: Sundowner|90/100|[from] item: Leftovers
|upkeep
|turn|9
|
|t:|1654910447
|move|p1a: Tapu Lele|Focus Blast|p2a: Sundowner
|-supereffective|p2a: Sundowner
|-damage|p2a: Sundowner|32/100
|move|p2a: Sundowner|Gyro Ball|p1a: Tapu Lele
|-supereffective|p1a: Tapu Lele
|-damage|p1a: Tapu Lele|0 fnt
|faint|p1a: Tapu Lele
|
|-heal|p2a: Sundowner|39/100|[from] item: Leftovers
|upkeep
|
|t:|1654910468
|switch|p1a: Kartana|Kartana|100/100
|turn|10
|
|t:|1654910470
|switch|p2a: Eagle|Tapu Koko|100/100
|-fieldstart|move: Electric Terrain|[from] ability: Electric Surge|[of] p2a: Eagle
|move|p1a: Kartana|Sacred Sword|p2a: Eagle
|-resisted|p2a: Eagle
|-damage|p2a: Eagle|73/100
|
|upkeep
|turn|11
|
|t:|1654910482
|move|p2a: Eagle|U-turn|p1a: Kartana
|-damage|p1a: Kartana|84/100
|
|t:|1654910486
|switch|p2a: Sundowner|Ferrothorn, M|39/100|[from]move: U-turn
|move|p1a: Kartana|Leaf Blade|p2a: Sundowner
|-resisted|p2a: Sundowner
|-crit|p2a: Sundowner
|-damage|p2a: Sundowner|24/100
|-activate|p2a: Sundowner|ability: Iron Barbs
|-activate|p1a: Kartana|item: Protective Pads
|
|-heal|p2a: Sundowner|30/100|[from] item: Leftovers
|upkeep
|turn|12
|
|t:|1654910492
|move|p1a: Kartana|Sacred Sword|p2a: Sundowner
|-supereffective|p2a: Sundowner
|-damage|p2a: Sundowner|0 fnt
|-activate|p2a: Sundowner|ability: Iron Barbs
|-activate|p1a: Kartana|item: Protective Pads
|faint|p2a: Sundowner
|-ability|p1a: Kartana|Beast Boost|boost
|-boost|p1a: Kartana|atk|1
|
|upkeep
|
|t:|1654910496
|switch|p2a: Valentine|Raichu-Alola, F, shiny|50/100
|turn|13
|
|t:|1654910499
|switch|p1a: Landorus|Landorus-Therian, M|100/100
|-ability|p1a: Landorus|Intimidate|boost
|-unboost|p2a: Valentine|atk|1
|move|p2a: Valentine|Rising Voltage|p1a: Landorus
|-immune|p1a: Landorus
|
|upkeep
|turn|14
|
|t:|1654910503
|move|p2a: Valentine|Surf|p1a: Landorus
|-supereffective|p1a: Landorus
|-crit|p1a: Landorus
|-damage|p1a: Landorus|29/100
|-damage|p2a: Valentine|40/100|[from] item: Life Orb
|move|p1a: Landorus|Earthquake|p2a: Valentine
|-supereffective|p2a: Valentine
|-damage|p2a: Valentine|0 fnt
|faint|p2a: Valentine
|
|upkeep
|
|t:|1654910512
|switch|p2a: Garchomp|Garchomp, M|100/100
|turn|15
|
|t:|1654910513
|move|p2a: Garchomp|Scale Shot|p1a: Landorus
|-damage|p1a: Landorus|15/100
|-crit|p1a: Landorus
|-damage|p1a: Landorus|0 fnt
|faint|p1a: Landorus
|-hitcount|p1: Landorus|2
|-unboost|p2a: Garchomp|def|1
|-boost|p2a: Garchomp|spe|1
|
|upkeep
|
|t:|1654910518
|switch|p1a: Kartana|Kartana|84/100
|turn|16
|
|t:|1654910520
|move|p2a: Garchomp|Fire Fang|p1a: Kartana|[miss]
|-miss|p2a: Garchomp|p1a: Kartana
|move|p1a: Kartana|Leaf Blade|p2a: Garchomp
|-damage|p2a: Garchomp|11/100
|-activate|p2a: Garchomp|ability: Rough Skin
|-activate|p1a: Kartana|item: Protective Pads
|
|-heal|p2a: Garchomp|18/100|[from] item: Leftovers
|upkeep
|turn|17
|
|t:|1654910535
|switch|p1a: Blacephalon|Blacephalon|100/100
|move|p2a: Garchomp|Fire Fang|p1a: Blacephalon
|-resisted|p1a: Blacephalon
|-damage|p1a: Blacephalon|73/100
|
|-heal|p2a: Garchomp|24/100|[from] item: Leftovers
|-fieldend|move: Electric Terrain
|upkeep
|turn|18
|
|t:|1654910545
|move|p1a: Blacephalon|Shadow Ball|p2a: Garchomp
|-damage|p2a: Garchomp|0 fnt
|faint|p2a: Garchomp
|-ability|p1a: Blacephalon|Beast Boost|boost
|-boost|p1a: Blacephalon|spa|1
|
|upkeep
|
|t:|1654910547
|switch|p2a: Urshifu|Urshifu-Rapid-Strike, M|100/100
|turn|19
|j| NOslowly
|
|t:|1654910560
|switch|p1a: Kartana|Kartana|84/100
|switch|p2a: Eagle|Tapu Koko|73/100
|-fieldstart|move: Electric Terrain|[from] ability: Electric Surge|[of] p2a: Eagle
|
|upkeep
|turn|20
|
|t:|1654910565
|move|p2a: Eagle|Thunderbolt|p1a: Kartana
|-resisted|p1a: Kartana
|-damage|p1a: Kartana|1/100
|move|p1a: Kartana|Leaf Blade|p2a: Eagle
|-damage|p2a: Eagle|0 fnt
|faint|p2a: Eagle
|-ability|p1a: Kartana|Beast Boost|boost
|-boost|p1a: Kartana|atk|1
|
|upkeep
|
|t:|1654910568
|switch|p2a: Urshifu|Urshifu-Rapid-Strike, M|100/100
|turn|21
|
|t:|1654910569
|move|p2a: Urshifu|Aqua Jet|p1a: Kartana
|-resisted|p1a: Kartana
|-damage|p1a: Kartana|0 fnt
|faint|p1a: Kartana
|
|upkeep
|-message|HOF69 forfeited.
|
|win|Spectre Ace
|raw|HOF69's rating: 1737 &rarr; <strong>1719</strong><br />(-18 for losing)
|raw|Spectre Ace's rating: 1765 &rarr; <strong>1783</strong><br />(+18 for winning)
|c|☆Spectre Ace|Ggwp
|l|☆HOF69
|l| Is♡Forever
|l| DrChompz
||Ladder isn't responding, score probably updated but might not have (Request timeout).
