|j|☆mowlawner-bot
|j|☆Eclipse77
|t:|1665353506
|gametype|singles
|player|p1|mowlawner-bot|2|1540
|player|p2|Eclipse77|kahili|1547
|teamsize|p1|6
|teamsize|p2|6
|gen|8
|tier|[Gen 8] OU
|rated|
|rule|Sleep Clause Mod: Limit one foe put to sleep
|rule|Species Clause: Limit one of each Pokémon
|rule|OHKO Clause: OHKO moves are banned
|rule|Evasion Items Clause: Evasion items are banned
|rule|Evasion Moves Clause: Evasion moves are banned
|rule|Endless Battle Clause: Forcing endless battles is banned
|rule|HP Percentage Mod: HP is shown in percentages
|rule|Dynamax Clause: You cannot dynamax
|clearpoke
|poke|p1|Gastrodon, F|
|poke|p1|Blissey, F|
|poke|p1|Slowking-Galar, M|
|poke|p1|Toxapex, F|
|poke|p1|Clefable, M|
|poke|p1|Corviknight, M|
|poke|p2|Urshifu-*, F|
|poke|p2|Tyranitar, M|
|poke|p2|Excadrill, F|
|poke|p2|Zapdos|
|poke|p2|Ferrothorn, M|
|poke|p2|Tapu Lele|
|teampreview
|c|☆mowlawner-bot|Hello! I am a bot created to test my creator's coding ability. I may do some strange things during this battle. I cannot respond to your messages. Good luck and have fun!
|inactive|Battle timer is ON: inactive players will automatically lose when time's up. (requested by mowlawner-bot)
|
|t:|1665353530
|start
|switch|p1a: Armstrong|Clefable, M|100/100
|switch|p2a: Tyranitar|Tyranitar, M|100/100
|-weather|Sandstorm|[from] ability: Sand Stream|[of] p2a: Tyranitar
|turn|1
|
|t:|1665353540
|switch|p2a: Ferrothorn|Ferrothorn, M|100/100
|move|p1a: Armstrong|Moonblast|p2a: Ferrothorn
|-resisted|p2a: Ferrothorn
|-damage|p2a: Ferrothorn|89/100
|-unboost|p2a: Ferrothorn|spa|1
|
|-weather|Sandstorm|[upkeep]
|-damage|p1a: Armstrong|94/100|[from] Sandstorm
|-heal|p1a: Armstrong|100/100|[from] item: Leftovers
|-heal|p2a: Ferrothorn|95/100|[from] item: Leftovers
|upkeep
|turn|2
|
|t:|1665353548
|move|p1a: Armstrong|Calm Mind|p1a: Armstrong
|-boost|p1a: Armstrong|spa|1
|-boost|p1a: Armstrong|spd|1
|move|p2a: Ferrothorn|Knock Off|p1a: Armstrong
|-resisted|p1a: Armstrong
|-damage|p1a: Armstrong|92/100
|-enditem|p1a: Armstrong|Leftovers|[from] move: Knock Off|[of] p2a: Ferrothorn
|
|-weather|Sandstorm|[upkeep]
|-damage|p1a: Armstrong|86/100|[from] Sandstorm
|-heal|p2a: Ferrothorn|100/100|[from] item: Leftovers
|upkeep
|turn|3
|
|t:|1665353553
|switch|p2a: Excadrill|Excadrill, F|100/100
|move|p1a: Armstrong|Soft-Boiled|p1a: Armstrong
|-heal|p1a: Armstrong|100/100
|
|-weather|Sandstorm|[upkeep]
|-damage|p1a: Armstrong|94/100|[from] Sandstorm
|upkeep
|turn|4
|
|t:|1665353559
|switch|p1a: Excalibird|Corviknight, M|100/100
|-ability|p1a: Excalibird|Pressure
|move|p2a: Excadrill|Iron Head|p1a: Excalibird
|-resisted|p1a: Excalibird
|-damage|p1a: Excalibird|79/100
|
|-weather|Sandstorm|[upkeep]
|upkeep
|turn|5
|
|t:|1665353564
|switch|p2a: Zapdos|Zapdos|100/100
|move|p1a: Excalibird|Roost|p1a: Excalibird
|-heal|p1a: Excalibird|100/100
|-singleturn|p1a: Excalibird|move: Roost
|
|-weather|none
|upkeep
|turn|6
|
|t:|1665353571
|switch|p1a: Slug Life|Gastrodon, F|100/100
|move|p2a: Zapdos|Volt Switch|p1a: Slug Life
|-immune|p1a: Slug Life
|
|upkeep
|turn|7
|
|t:|1665353574
|switch|p2a: Ferrothorn|Ferrothorn, M|100/100
|move|p1a: Slug Life|Scald|p2a: Ferrothorn
|-resisted|p2a: Ferrothorn
|-damage|p2a: Ferrothorn|93/100
|-status|p2a: Ferrothorn|brn
|
|-heal|p2a: Ferrothorn|99/100 brn|[from] item: Leftovers
|-damage|p2a: Ferrothorn|93/100 brn|[from] brn
|upkeep
|turn|8
|
|t:|1665353580
|switch|p1a: Excalibird|Corviknight, M|100/100
|-ability|p1a: Excalibird|Pressure
|move|p2a: Ferrothorn|Knock Off|p1a: Excalibird
|-damage|p1a: Excalibird|94/100
|-enditem|p1a: Excalibird|Shed Shell|[from] move: Knock Off|[of] p2a: Ferrothorn
|
|-heal|p2a: Ferrothorn|99/100 brn|[from] item: Leftovers
|-damage|p2a: Ferrothorn|93/100 brn|[from] brn
|upkeep
|turn|9
|
|t:|1665353584
|move|p1a: Excalibird|Roost|p1a: Excalibird
|-heal|p1a: Excalibird|100/100
|-singleturn|p1a: Excalibird|move: Roost
|move|p2a: Ferrothorn|Stealth Rock|p1a: Excalibird
|-sidestart|p1: mowlawner-bot|move: Stealth Rock
|
|-heal|p2a: Ferrothorn|99/100 brn|[from] item: Leftovers
|-damage|p2a: Ferrothorn|93/100 brn|[from] brn
|upkeep
|turn|10
|
|t:|1665353586
|switch|p2a: Zapdos|Zapdos|100/100
|move|p1a: Excalibird|Defog|p2a: Zapdos
|-unboost|p2a: Zapdos|evasion|1
|-sideend|p1: mowlawner-bot|Stealth Rock|[from] move: Defog|[of] p1a: Excalibird
|
|upkeep
|turn|11
|
|t:|1665353589
|switch|p1a: Slug Life|Gastrodon, F|100/100
|move|p2a: Zapdos|Volt Switch|p1a: Slug Life
|-immune|p1a: Slug Life
|
|upkeep
|turn|12
|
|t:|1665353591
|switch|p2a: Ferrothorn|Ferrothorn, M|93/100 brn
|move|p1a: Slug Life|Earthquake|p2a: Ferrothorn
|-damage|p2a: Ferrothorn|71/100 brn
|
|-heal|p2a: Ferrothorn|77/100 brn|[from] item: Leftovers
|-damage|p2a: Ferrothorn|71/100 brn|[from] brn
|upkeep
|turn|13
|
|t:|1665353597
|switch|p1a: Cerebro|Slowking-Galar, M|100/100
|move|p2a: Ferrothorn|Leech Seed|p1a: Cerebro
|-start|p1a: Cerebro|move: Leech Seed
|
|-heal|p2a: Ferrothorn|77/100 brn|[from] item: Leftovers
|-damage|p1a: Cerebro|88/100|[from] Leech Seed|[of] p2a: Ferrothorn
|-heal|p2a: Ferrothorn|91/100 brn|[silent]
|-damage|p2a: Ferrothorn|85/100 brn|[from] brn
|upkeep
|turn|14
|
|t:|1665353603
|switch|p2a: Tyranitar|Tyranitar, M|100/100
|-weather|Sandstorm|[from] ability: Sand Stream|[of] p2a: Tyranitar
|move|p1a: Cerebro|Flamethrower|p2a: Tyranitar
|-resisted|p2a: Tyranitar
|-damage|p2a: Tyranitar|90/100
|
|-weather|Sandstorm|[upkeep]
|-damage|p1a: Cerebro|82/100|[from] Sandstorm
|-damage|p1a: Cerebro|70/100|[from] Leech Seed|[of] p2a: Tyranitar
|-heal|p2a: Tyranitar|100/100|[silent]
|upkeep
|turn|15
|
|t:|1665353609
|switch|p1a: Murchinary|Toxapex, F|100/100
|move|p2a: Tyranitar|Stone Edge|p1a: Murchinary
|-damage|p1a: Murchinary|44/100
|
|-weather|Sandstorm|[upkeep]
|-damage|p1a: Murchinary|38/100|[from] Sandstorm
|upkeep
|turn|16
|
|t:|1665353615
|switch|p1a: Slug Life|Gastrodon, F|100/100
|move|p2a: Tyranitar|Stone Edge|p1a: Slug Life
|-resisted|p1a: Slug Life
|-damage|p1a: Slug Life|52/100
|
|-weather|Sandstorm|[upkeep]
|-heal|p1a: Slug Life|58/100|[from] item: Leftovers
|upkeep
|turn|17
|
|t:|1665353622
|move|p2a: Tyranitar|Stone Edge|p1a: Slug Life
|-resisted|p1a: Slug Life
|-damage|p1a: Slug Life|10/100
|move|p1a: Slug Life|Recover|p1a: Slug Life
|-heal|p1a: Slug Life|60/100
|
|-weather|Sandstorm|[upkeep]
|-heal|p1a: Slug Life|66/100|[from] item: Leftovers
|upkeep
|turn|18
|
|t:|1665353634
|switch|p2a: Excadrill|Excadrill, F|100/100
|move|p1a: Slug Life|Recover|p1a: Slug Life
|-heal|p1a: Slug Life|100/100
|
|-weather|none
|upkeep
|turn|19
|
|t:|1665353637
|switch|p2a: Ferrothorn|Ferrothorn, M|85/100 brn
|move|p1a: Slug Life|Earthquake|p2a: Ferrothorn
|-damage|p2a: Ferrothorn|64/100 brn
|
|-heal|p2a: Ferrothorn|70/100 brn|[from] item: Leftovers
|-damage|p2a: Ferrothorn|64/100 brn|[from] brn
|upkeep
|turn|20
|
|t:|1665353640
|switch|p1a: Cerebro|Slowking-Galar, M|100/100
|move|p2a: Ferrothorn|Leech Seed|p1a: Cerebro
|-start|p1a: Cerebro|move: Leech Seed
|
|-heal|p2a: Ferrothorn|70/100 brn|[from] item: Leftovers
|-damage|p1a: Cerebro|88/100|[from] Leech Seed|[of] p2a: Ferrothorn
|-heal|p2a: Ferrothorn|84/100 brn|[silent]
|-damage|p2a: Ferrothorn|78/100 brn|[from] brn
|upkeep
|turn|21
|
|t:|1665353644
|move|p1a: Cerebro|Flamethrower|p2a: Ferrothorn
|-supereffective|p2a: Ferrothorn
|-damage|p2a: Ferrothorn|0 fnt
|faint|p2a: Ferrothorn
|
|upkeep
|
|t:|1665353649
|switch|p2a: Tyranitar|Tyranitar, M|100/100
|-weather|Sandstorm|[from] ability: Sand Stream|[of] p2a: Tyranitar
|turn|22
|
|t:|1665353654
|switch|p1a: Slug Life|Gastrodon, F|100/100
|move|p2a: Tyranitar|Crunch|p1a: Slug Life
|-damage|p1a: Slug Life|23/100
|
|-weather|Sandstorm|[upkeep]
|-heal|p1a: Slug Life|29/100|[from] item: Leftovers
|upkeep
|turn|23
|
|t:|1665353659
|move|p1a: Slug Life|Protect|p1a: Slug Life
|-singleturn|p1a: Slug Life|Protect
|move|p2a: Tyranitar|Crunch|p1a: Slug Life
|-activate|p1a: Slug Life|move: Protect
|
|-weather|Sandstorm|[upkeep]
|-heal|p1a: Slug Life|35/100|[from] item: Leftovers
|upkeep
|turn|24
|
|t:|1665353661
|switch|p1a: Excalibird|Corviknight, M|100/100
|-ability|p1a: Excalibird|Pressure
|move|p2a: Tyranitar|Crunch|p1a: Excalibird
|-damage|p1a: Excalibird|55/100
|
|-weather|Sandstorm|[upkeep]
|upkeep
|turn|25
|
|t:|1665353664
|switch|p2a: Zapdos|Zapdos|100/100
|move|p1a: Excalibird|Roost|p1a: Excalibird
|-heal|p1a: Excalibird|100/100
|-singleturn|p1a: Excalibird|move: Roost
|
|-weather|Sandstorm|[upkeep]
|-damage|p2a: Zapdos|94/100|[from] Sandstorm
|upkeep
|turn|26
|
|t:|1665353672
|switch|p1a: Slug Life|Gastrodon, F|35/100
|move|p2a: Zapdos|Hurricane|p1a: Slug Life|[miss]
|-miss|p2a: Zapdos|p1a: Slug Life
|
|-weather|none
|-heal|p1a: Slug Life|41/100|[from] item: Leftovers
|upkeep
|turn|27
|
|t:|1665353675
|move|p2a: Zapdos|Hurricane|p1a: Slug Life
|-damage|p1a: Slug Life|11/100
|-start|p1a: Slug Life|confusion
|-activate|p1a: Slug Life|confusion
|move|p1a: Slug Life|Recover|p1a: Slug Life
|-heal|p1a: Slug Life|61/100
|
|-heal|p1a: Slug Life|67/100|[from] item: Leftovers
|upkeep
|turn|28
|
|t:|1665353686
|switch|p2a: Tyranitar|Tyranitar, M|100/100
|-weather|Sandstorm|[from] ability: Sand Stream|[of] p2a: Tyranitar
|-activate|p1a: Slug Life|confusion
|move|p1a: Slug Life|Recover|p1a: Slug Life
|-heal|p1a: Slug Life|100/100
|
|-weather|Sandstorm|[upkeep]
|upkeep
|turn|29
|
|t:|1665353691
|move|p2a: Tyranitar|Crunch|p1a: Slug Life
|-crit|p1a: Slug Life
|-damage|p1a: Slug Life|0 fnt
|faint|p1a: Slug Life
|
|-weather|Sandstorm|[upkeep]
|upkeep
|
|t:|1665353691
|switch|p1a: Armstrong|Clefable, M|94/100
|turn|30
|
|t:|1665353694
|switch|p2a: Excadrill|Excadrill, F|100/100
|move|p1a: Armstrong|Moonblast|p2a: Excadrill
|-resisted|p2a: Excadrill
|-damage|p2a: Excadrill|80/100
|-unboost|p2a: Excadrill|spa|1
|
|-weather|Sandstorm|[upkeep]
|-damage|p1a: Armstrong|88/100|[from] Sandstorm
|upkeep
|turn|31
|
|t:|1665353705
|switch|p1a: Excalibird|Corviknight, M|100/100
|-ability|p1a: Excalibird|Pressure
|move|p2a: Excadrill|Iron Head|p1a: Excalibird
|-resisted|p1a: Excalibird
|-damage|p1a: Excalibird|77/100
|
|-weather|Sandstorm|[upkeep]
|upkeep
|turn|32
|
|t:|1665353707
|switch|p2a: Zapdos|Zapdos|94/100
|move|p1a: Excalibird|Roost|p1a: Excalibird
|-heal|p1a: Excalibird|100/100
|-singleturn|p1a: Excalibird|move: Roost
|
|-weather|none
|upkeep
|turn|33
|
|t:|1665353711
|switch|p1a: Cerebro|Slowking-Galar, M|100/100
|move|p2a: Zapdos|Volt Switch|p1a: Cerebro
|-damage|p1a: Cerebro|85/100
|
|t:|1665353713
|switch|p2a: Tyranitar|Tyranitar, M|100/100|[from]move: Volt Switch
|-weather|Sandstorm|[from] ability: Sand Stream|[of] p2a: Tyranitar
|
|-weather|Sandstorm|[upkeep]
|-damage|p1a: Cerebro|79/100|[from] Sandstorm
|upkeep
|turn|34
|
|t:|1665353716
|switch|p1a: Excalibird|Corviknight, M|100/100
|-ability|p1a: Excalibird|Pressure
|move|p2a: Tyranitar|Crunch|p1a: Excalibird
|-damage|p1a: Excalibird|54/100
|
|-weather|Sandstorm|[upkeep]
|upkeep
|turn|35
|
|t:|1665353719
|switch|p2a: Zapdos|Zapdos|94/100
|move|p1a: Excalibird|Roost|p1a: Excalibird
|-heal|p1a: Excalibird|100/100
|-singleturn|p1a: Excalibird|move: Roost
|
|-weather|Sandstorm|[upkeep]
|-damage|p2a: Zapdos|88/100|[from] Sandstorm
|upkeep
|turn|36
|
|t:|1665353723
|switch|p1a: Cerebro|Slowking-Galar, M|100/100
|move|p2a: Zapdos|Volt Switch|p1a: Cerebro
|-damage|p1a: Cerebro|85/100
|
|t:|1665353725
|switch|p2a: Tyranitar|Tyranitar, M|100/100|[from]move: Volt Switch
|
|-weather|Sandstorm|[upkeep]
|-damage|p1a: Cerebro|79/100|[from] Sandstorm
|upkeep
|turn|37
|
|t:|1665353727
|switch|p1a: Excalibird|Corviknight, M|100/100
|-ability|p1a: Excalibird|Pressure
|move|p2a: Tyranitar|Crunch|p1a: Excalibird
|-damage|p1a: Excalibird|57/100
|
|-weather|none
|upkeep
|turn|38
|
|t:|1665353730
|switch|p2a: Zapdos|Zapdos|88/100
|move|p1a: Excalibird|Roost|p1a: Excalibird
|-heal|p1a: Excalibird|100/100
|-singleturn|p1a: Excalibird|move: Roost
|
|upkeep
|turn|39
|
|t:|1665353733
|switch|p1a: Cerebro|Slowking-Galar, M|100/100
|move|p2a: Zapdos|Volt Switch|p1a: Cerebro
|-crit|p1a: Cerebro
|-damage|p1a: Cerebro|78/100
|
|t:|1665353736
|switch|p2a: Tyranitar|Tyranitar, M|100/100|[from]move: Volt Switch
|-weather|Sandstorm|[from] ability: Sand Stream|[of] p2a: Tyranitar
|
|-weather|Sandstorm|[upkeep]
|-damage|p1a: Cerebro|72/100|[from] Sandstorm
|upkeep
|turn|40
|
|t:|1665353739
|switch|p1a: Excalibird|Corviknight, M|100/100
|-ability|p1a: Excalibird|Pressure
|move|p2a: Tyranitar|Crunch|p1a: Excalibird
|-damage|p1a: Excalibird|57/100
|
|-weather|Sandstorm|[upkeep]
|upkeep
|turn|41
|
|t:|1665353742
|switch|p2a: Zapdos|Zapdos|88/100
|move|p1a: Excalibird|Roost|p1a: Excalibird
|-heal|p1a: Excalibird|100/100
|-singleturn|p1a: Excalibird|move: Roost
|
|-weather|Sandstorm|[upkeep]
|-damage|p2a: Zapdos|82/100|[from] Sandstorm
|upkeep
|turn|42
|
|t:|1665353745
|switch|p1a: Cerebro|Slowking-Galar, M|100/100
|move|p2a: Zapdos|Volt Switch|p1a: Cerebro
|-damage|p1a: Cerebro|85/100
|
|t:|1665353747
|switch|p2a: Tyranitar|Tyranitar, M|100/100|[from]move: Volt Switch
|
|-weather|Sandstorm|[upkeep]
|-damage|p1a: Cerebro|79/100|[from] Sandstorm
|upkeep
|turn|43
|
|t:|1665353750
|switch|p1a: Excalibird|Corviknight, M|100/100
|-ability|p1a: Excalibird|Pressure
|move|p2a: Tyranitar|Crunch|p1a: Excalibird
|-damage|p1a: Excalibird|57/100
|
|-weather|none
|upkeep
|turn|44
|
|t:|1665353752
|switch|p2a: Zapdos|Zapdos|82/100
|move|p1a: Excalibird|Roost|p1a: Excalibird
|-heal|p1a: Excalibird|100/100
|-singleturn|p1a: Excalibird|move: Roost
|
|upkeep
|turn|45
|
|t:|1665353755
|switch|p1a: Cerebro|Slowking-Galar, M|100/100
|move|p2a: Zapdos|Volt Switch|p1a: Cerebro
|-damage|p1a: Cerebro|84/100
|
|t:|1665353758
|switch|p2a: Tyranitar|Tyranitar, M|100/100|[from]move: Volt Switch
|-weather|Sandstorm|[from] ability: Sand Stream|[of] p2a: Tyranitar
|
|-weather|Sandstorm|[upkeep]
|-damage|p1a: Cerebro|78/100|[from] Sandstorm
|upkeep
|turn|46
|
|t:|1665353760
|switch|p1a: Excalibird|Corviknight, M|100/100
|-ability|p1a: Excalibird|Pressure
|move|p2a: Tyranitar|Crunch|p1a: Excalibird
|-damage|p1a: Excalibird|53/100
|
|-weather|Sandstorm|[upkeep]
|upkeep
|turn|47
|
|t:|1665353763
|switch|p2a: Zapdos|Zapdos|82/100
|move|p1a: Excalibird|Roost|p1a: Excalibird
|-heal|p1a: Excalibird|100/100
|-singleturn|p1a: Excalibird|move: Roost
|
|-weather|Sandstorm|[upkeep]
|-damage|p2a: Zapdos|76/100|[from] Sandstorm
|upkeep
|turn|48
|
|t:|1665353767
|switch|p1a: Cerebro|Slowking-Galar, M|100/100
|move|p2a: Zapdos|Volt Switch|p1a: Cerebro
|-damage|p1a: Cerebro|85/100
|
|t:|1665353769
|switch|p2a: Tyranitar|Tyranitar, M|100/100|[from]move: Volt Switch
|
|-weather|Sandstorm|[upkeep]
|-damage|p1a: Cerebro|79/100|[from] Sandstorm
|upkeep
|turn|49
|
|t:|1665353773
|switch|p1a: Excalibird|Corviknight, M|100/100
|-ability|p1a: Excalibird|Pressure
|move|p2a: Tyranitar|Fire Punch|p1a: Excalibird
|-supereffective|p1a: Excalibird
|-damage|p1a: Excalibird|45/100
|
|-weather|none
|upkeep
|turn|50
|
|t:|1665353775
|switch|p2a: Zapdos|Zapdos|76/100
|switch|p1a: Murchinary|Toxapex, F|71/100
|
|upkeep
|turn|51
|
|t:|1665353778
|switch|p1a: Eggy Azalea|Blissey, F|100/100
|move|p2a: Zapdos|Volt Switch|p1a: Eggy Azalea
|-damage|p1a: Eggy Azalea|90/100
|
|t:|1665353782
|switch|p2a: Urshifu|Urshifu-Rapid-Strike, F|100/100|[from]move: Volt Switch
|
|upkeep
|turn|52
|
|t:|1665353785
|switch|p1a: Murchinary|Toxapex, F|100/100
|move|p2a: Urshifu|U-turn|p1a: Murchinary
|-resisted|p1a: Murchinary
|-damage|p1a: Murchinary|94/100
|
|t:|1665353786
|switch|p2a: Zapdos|Zapdos|76/100|[from]move: U-turn
|
|upkeep
|turn|53
|
|t:|1665353789
|switch|p1a: Eggy Azalea|Blissey, F|90/100
|move|p2a: Zapdos|Volt Switch|p1a: Eggy Azalea
|-damage|p1a: Eggy Azalea|81/100
|
|t:|1665353791
|switch|p2a: Urshifu|Urshifu-Rapid-Strike, F|100/100|[from]move: Volt Switch
|
|upkeep
|turn|54
|
|t:|1665353794
|switch|p1a: Murchinary|Toxapex, F|100/100
|move|p2a: Urshifu|U-turn|p1a: Murchinary
|-resisted|p1a: Murchinary
|-damage|p1a: Murchinary|93/100
|
|t:|1665353796
|switch|p2a: Zapdos|Zapdos|76/100|[from]move: U-turn
|
|upkeep
|turn|55
|
|t:|1665353798
|move|p2a: Zapdos|Volt Switch|p1a: Murchinary
|-supereffective|p1a: Murchinary
|-damage|p1a: Murchinary|49/100
|
|t:|1665353803
|switch|p2a: Excadrill|Excadrill, F|80/100|[from]move: Volt Switch
|move|p1a: Murchinary|Recover|p1a: Murchinary
|-heal|p1a: Murchinary|99/100
|
|upkeep
|turn|56
|
|t:|1665353809
|switch|p1a: Excalibird|Corviknight, M|45/100
|-ability|p1a: Excalibird|Pressure
|move|p2a: Excadrill|Earthquake|p1a: Excalibird
|-immune|p1a: Excalibird
|
|upkeep
|turn|57
|
|t:|1665353811
|switch|p2a: Zapdos|Zapdos|76/100
|move|p1a: Excalibird|Roost|p1a: Excalibird
|-heal|p1a: Excalibird|95/100
|-singleturn|p1a: Excalibird|move: Roost
|
|upkeep
|turn|58
|
|t:|1665353814
|switch|p1a: Cerebro|Slowking-Galar, M|100/100
|move|p2a: Zapdos|Volt Switch|p1a: Cerebro
|-damage|p1a: Cerebro|86/100
|
|t:|1665353817
|switch|p2a: Tyranitar|Tyranitar, M|100/100|[from]move: Volt Switch
|-weather|Sandstorm|[from] ability: Sand Stream|[of] p2a: Tyranitar
|
|-weather|Sandstorm|[upkeep]
|-damage|p1a: Cerebro|80/100|[from] Sandstorm
|upkeep
|turn|59
|
|t:|1665353821
|switch|p1a: Murchinary|Toxapex, F|100/100
|move|p2a: Tyranitar|Stone Edge|p1a: Murchinary
|-damage|p1a: Murchinary|49/100
|
|-weather|Sandstorm|[upkeep]
|-damage|p1a: Murchinary|43/100|[from] Sandstorm
|upkeep
|turn|60
|
|t:|1665353826
|switch|p2a: Excadrill|Excadrill, F|80/100
|switch|p1a: Excalibird|Corviknight, M|95/100
|-ability|p1a: Excalibird|Pressure
|
|-weather|Sandstorm|[upkeep]
|upkeep
|turn|61
|
|t:|1665353831
|move|p2a: Excadrill|Rock Slide|p1a: Excalibird
|-damage|p1a: Excalibird|66/100
|move|p1a: Excalibird|Roost|p1a: Excalibird
|-heal|p1a: Excalibird|100/100
|-singleturn|p1a: Excalibird|move: Roost
|
|-weather|Sandstorm|[upkeep]
|upkeep
|turn|62
|
|t:|1665353836
|move|p2a: Excadrill|Rock Slide|p1a: Excalibird
|-damage|p1a: Excalibird|74/100
|cant|p1a: Excalibird|flinch
|
|-weather|none
|upkeep
|turn|63
|
|t:|1665353841
|switch|p2a: Zapdos|Zapdos|76/100
|move|p1a: Excalibird|Roost|p1a: Excalibird
|-heal|p1a: Excalibird|100/100
|-singleturn|p1a: Excalibird|move: Roost
|
|upkeep
|turn|64
|
|t:|1665353844
|switch|p1a: Cerebro|Slowking-Galar, M|100/100
|move|p2a: Zapdos|Volt Switch|p1a: Cerebro
|-damage|p1a: Cerebro|83/100
|
|t:|1665353851
|switch|p2a: Excadrill|Excadrill, F|80/100|[from]move: Volt Switch
|
|upkeep
|turn|65
|
|t:|1665353854
|switch|p1a: Excalibird|Corviknight, M|100/100
|-ability|p1a: Excalibird|Pressure
|move|p2a: Excadrill|Earthquake|p1a: Excalibird
|-immune|p1a: Excalibird
|
|upkeep
|turn|66
|
|t:|1665353857
|switch|p2a: Zapdos|Zapdos|76/100
|move|p1a: Excalibird|Defog|p2a: Zapdos
|-unboost|p2a: Zapdos|evasion|1
|
|upkeep
|turn|67
|
|t:|1665353860
|switch|p1a: Cerebro|Slowking-Galar, M|100/100
|move|p2a: Zapdos|Volt Switch|p1a: Cerebro
|-damage|p1a: Cerebro|84/100
|
|t:|1665353863
|switch|p2a: Tyranitar|Tyranitar, M|100/100|[from]move: Volt Switch
|-weather|Sandstorm|[from] ability: Sand Stream|[of] p2a: Tyranitar
|
|-weather|Sandstorm|[upkeep]
|-damage|p1a: Cerebro|78/100|[from] Sandstorm
|upkeep
|turn|68
|
|t:|1665353865
|switch|p1a: Excalibird|Corviknight, M|100/100
|-ability|p1a: Excalibird|Pressure
|move|p2a: Tyranitar|Crunch|p1a: Excalibird
|-damage|p1a: Excalibird|60/100
|
|-weather|Sandstorm|[upkeep]
|upkeep
|turn|69
|
|t:|1665353868
|switch|p2a: Zapdos|Zapdos|76/100
|move|p1a: Excalibird|Roost|p1a: Excalibird
|-heal|p1a: Excalibird|100/100
|-singleturn|p1a: Excalibird|move: Roost
|
|-weather|Sandstorm|[upkeep]
|-damage|p2a: Zapdos|70/100|[from] Sandstorm
|upkeep
|turn|70
|
|t:|1665353871
|switch|p1a: Cerebro|Slowking-Galar, M|100/100
|move|p2a: Zapdos|Volt Switch|p1a: Cerebro
|-damage|p1a: Cerebro|84/100
|
|t:|1665353874
|switch|p2a: Excadrill|Excadrill, F|80/100|[from]move: Volt Switch
|
|-weather|Sandstorm|[upkeep]
|-damage|p1a: Cerebro|78/100|[from] Sandstorm
|upkeep
|turn|71
|
|t:|1665353877
|switch|p1a: Excalibird|Corviknight, M|100/100
|-ability|p1a: Excalibird|Pressure
|move|p2a: Excadrill|Rock Slide|p1a: Excalibird
|-damage|p1a: Excalibird|75/100
|
|-weather|none
|upkeep
|turn|72
|
|t:|1665353880
|move|p2a: Excadrill|Rock Slide|p1a: Excalibird
|-damage|p1a: Excalibird|47/100
|cant|p1a: Excalibird|flinch
|
|upkeep
|turn|73
|
|t:|1665353883
|move|p2a: Excadrill|Rock Slide|p1a: Excalibird
|-damage|p1a: Excalibird|21/100
|move|p1a: Excalibird|Roost|p1a: Excalibird
|-heal|p1a: Excalibird|71/100
|-singleturn|p1a: Excalibird|move: Roost
|
|upkeep
|turn|74
|
|t:|1665353887
|move|p2a: Excadrill|Rock Slide|p1a: Excalibird
|-damage|p1a: Excalibird|42/100
|move|p1a: Excalibird|Roost|p1a: Excalibird
|-heal|p1a: Excalibird|92/100
|-singleturn|p1a: Excalibird|move: Roost
|
|upkeep
|turn|75
|
|t:|1665353892
|move|p2a: Excadrill|Rock Slide|p1a: Excalibird
|-damage|p1a: Excalibird|65/100
|cant|p1a: Excalibird|flinch
|
|upkeep
|turn|76
|
|t:|1665353896
|move|p2a: Excadrill|Rock Slide|p1a: Excalibird
|-damage|p1a: Excalibird|35/100
|cant|p1a: Excalibird|flinch
|
|upkeep
|turn|77
|
|t:|1665353901
|switch|p2a: Zapdos|Zapdos|70/100
|move|p1a: Excalibird|Roost|p1a: Excalibird
|-heal|p1a: Excalibird|85/100
|-singleturn|p1a: Excalibird|move: Roost
|
|upkeep
|turn|78
|
|t:|1665353904
|switch|p1a: Cerebro|Slowking-Galar, M|100/100
|move|p2a: Zapdos|Volt Switch|p1a: Cerebro
|-damage|p1a: Cerebro|84/100
|
|t:|1665353906
|switch|p2a: Tyranitar|Tyranitar, M|100/100|[from]move: Volt Switch
|-weather|Sandstorm|[from] ability: Sand Stream|[of] p2a: Tyranitar
|
|-weather|Sandstorm|[upkeep]
|-damage|p1a: Cerebro|78/100|[from] Sandstorm
|upkeep
|turn|79
|
|t:|1665353910
|switch|p1a: Excalibird|Corviknight, M|85/100
|-ability|p1a: Excalibird|Pressure
|move|p2a: Tyranitar|Crunch|p1a: Excalibird
|-damage|p1a: Excalibird|40/100
|
|-weather|Sandstorm|[upkeep]
|upkeep
|turn|80
|
|t:|1665353912
|switch|p1a: Armstrong|Clefable, M|88/100
|move|p2a: Tyranitar|Crunch|p1a: Armstrong
|-resisted|p1a: Armstrong
|-damage|p1a: Armstrong|60/100
|
|-weather|Sandstorm|[upkeep]
|-damage|p1a: Armstrong|54/100|[from] Sandstorm
|upkeep
|turn|81
|
|t:|1665353915
|switch|p2a: Excadrill|Excadrill, F|80/100
|move|p1a: Armstrong|Soft-Boiled|p1a: Armstrong
|-heal|p1a: Armstrong|100/100
|
|-weather|Sandstorm|[upkeep]
|-damage|p1a: Armstrong|94/100|[from] Sandstorm
|upkeep
|turn|82
|
|t:|1665353918
|switch|p1a: Excalibird|Corviknight, M|40/100
|-ability|p1a: Excalibird|Pressure
|move|p2a: Excadrill|Iron Head|p1a: Excalibird
|-resisted|p1a: Excalibird
|-damage|p1a: Excalibird|16/100
|
|-weather|none
|upkeep
|turn|83
|
|t:|1665353920
|switch|p1a: Murchinary|Toxapex, F|76/100
|move|p2a: Excadrill|Iron Head|p1a: Murchinary
|-resisted|p1a: Murchinary
|-damage|p1a: Murchinary|55/100
|
|upkeep
|turn|84
|
|t:|1665353922
|switch|p2a: Zapdos|Zapdos|70/100
|move|p1a: Murchinary|Recover|p1a: Murchinary
|-heal|p1a: Murchinary|100/100
|
|upkeep
|turn|85
|
|t:|1665353925
|move|p2a: Zapdos|Volt Switch|p1a: Murchinary
|-supereffective|p1a: Murchinary
|-damage|p1a: Murchinary|54/100
|
|t:|1665353929
|switch|p2a: Tapu Lele|Tapu Lele, shiny|100/100|[from]move: Volt Switch
|-fieldstart|move: Psychic Terrain|[from] ability: Psychic Surge|[of] p2a: Tapu Lele
|move|p1a: Murchinary|Knock Off|p2a: Tapu Lele
|-damage|p2a: Tapu Lele|80/100
|-enditem|p2a: Tapu Lele|Choice Scarf|[from] move: Knock Off|[of] p1a: Murchinary
|
|upkeep
|turn|86
|
|t:|1665353938
|switch|p1a: Cerebro|Slowking-Galar, M|100/100
|move|p2a: Tapu Lele|Psyshock|p1a: Cerebro
|-damage|p1a: Cerebro|42/100
|
|upkeep
|turn|87
|
|t:|1665353940
|move|p2a: Tapu Lele|Psyshock|p1a: Cerebro
|-damage|p1a: Cerebro|0 fnt
|faint|p1a: Cerebro
|
|upkeep
|
|t:|1665353941
|switch|p1a: Eggy Azalea|Blissey, F|81/100
|turn|88
|
|t:|1665353944
|move|p2a: Tapu Lele|Psyshock|p1a: Eggy Azalea
|-damage|p1a: Eggy Azalea|31/100
|move|p1a: Eggy Azalea|Soft-Boiled|p1a: Eggy Azalea
|-heal|p1a: Eggy Azalea|81/100
|
|upkeep
|turn|89
|
|t:|1665353946
|move|p2a: Tapu Lele|Psyshock|p1a: Eggy Azalea
|-damage|p1a: Eggy Azalea|37/100
|move|p1a: Eggy Azalea|Soft-Boiled|p1a: Eggy Azalea
|-heal|p1a: Eggy Azalea|87/100
|
|-fieldend|move: Psychic Terrain
|upkeep
|turn|90
|
|t:|1665353950
|switch|p2a: Urshifu|Urshifu-Rapid-Strike, F|100/100
|move|p1a: Eggy Azalea|Seismic Toss|p2a: Urshifu
|-damage|p2a: Urshifu|71/100
|
|upkeep
|turn|91
|
|t:|1665353954
|switch|p1a: Murchinary|Toxapex, F|88/100
|move|p2a: Urshifu|Surging Strikes|p1a: Murchinary
|-resisted|p1a: Murchinary
|-crit|p1a: Murchinary
|-damage|p1a: Murchinary|82/100
|-resisted|p1a: Murchinary
|-crit|p1a: Murchinary
|-damage|p1a: Murchinary|76/100
|-resisted|p1a: Murchinary
|-crit|p1a: Murchinary
|-damage|p1a: Murchinary|70/100
|-hitcount|p1a: Murchinary|3
|
|upkeep
|turn|92
|
|t:|1665353958
|move|p2a: Urshifu|U-turn|p1a: Murchinary
|-resisted|p1a: Murchinary
|-damage|p1a: Murchinary|63/100
|
|t:|1665353960
|switch|p2a: Tapu Lele|Tapu Lele, shiny|80/100|[from]move: U-turn
|-fieldstart|move: Psychic Terrain|[from] ability: Psychic Surge|[of] p2a: Tapu Lele
|move|p1a: Murchinary|Knock Off|p2a: Tapu Lele
|-damage|p2a: Tapu Lele|65/100
|
|upkeep
|turn|93
|
|t:|1665353962
|switch|p1a: Excalibird|Corviknight, M|16/100
|-ability|p1a: Excalibird|Pressure
|move|p2a: Tapu Lele|Psyshock|p1a: Excalibird
|-resisted|p1a: Excalibird
|-damage|p1a: Excalibird|0 fnt
|faint|p1a: Excalibird
|
|upkeep
|
|t:|1665353963
|switch|p1a: Eggy Azalea|Blissey, F|87/100
|turn|94
|
|t:|1665353965
|switch|p2a: Urshifu|Urshifu-Rapid-Strike, F|71/100
|move|p1a: Eggy Azalea|Soft-Boiled|p1a: Eggy Azalea
|-heal|p1a: Eggy Azalea|100/100
|
|upkeep
|turn|95
|
|t:|1665353981
|switch|p1a: Murchinary|Toxapex, F|96/100
|move|p2a: Urshifu|Close Combat|p1a: Murchinary
|-resisted|p1a: Murchinary
|-damage|p1a: Murchinary|76/100
|-unboost|p2a: Urshifu|def|1
|-unboost|p2a: Urshifu|spd|1
|
|upkeep
|turn|96
|
|t:|1665353987
|move|p2a: Urshifu|U-turn|p1a: Murchinary
|-resisted|p1a: Murchinary
|-damage|p1a: Murchinary|68/100
|
|t:|1665353991
|switch|p2a: Zapdos|Zapdos|70/100|[from]move: U-turn
|move|p1a: Murchinary|Knock Off|p2a: Zapdos
|-damage|p2a: Zapdos|60/100
|-enditem|p2a: Zapdos|Heavy-Duty Boots|[from] move: Knock Off|[of] p1a: Murchinary
|
|-fieldend|move: Psychic Terrain
|upkeep
|turn|97
|
|t:|1665353993
|switch|p1a: Eggy Azalea|Blissey, F|100/100
|move|p2a: Zapdos|Volt Switch|p1a: Eggy Azalea
|-damage|p1a: Eggy Azalea|89/100
|
|t:|1665353997
|switch|p2a: Tyranitar|Tyranitar, M|100/100|[from]move: Volt Switch
|-weather|Sandstorm|[from] ability: Sand Stream|[of] p2a: Tyranitar
|
|-weather|Sandstorm|[upkeep]
|-damage|p1a: Eggy Azalea|83/100|[from] Sandstorm
|upkeep
|turn|98
|
|t:|1665353998
|move|p2a: Tyranitar|Stone Edge|p1a: Eggy Azalea
|-damage|p1a: Eggy Azalea|0 fnt
|faint|p1a: Eggy Azalea
|
|-weather|Sandstorm|[upkeep]
|upkeep
|
|t:|1665353999
|switch|p1a: Armstrong|Clefable, M|94/100
|turn|99
|
|t:|1665354002
|move|p2a: Tyranitar|Stone Edge|p1a: Armstrong
|-damage|p1a: Armstrong|23/100
|move|p1a: Armstrong|Moonblast|p2a: Tyranitar
|-supereffective|p2a: Tyranitar
|-damage|p2a: Tyranitar|55/100
|
|-weather|Sandstorm|[upkeep]
|-damage|p1a: Armstrong|17/100|[from] Sandstorm
|upkeep
|turn|100
|
|t:|1665354005
|move|p2a: Tyranitar|Stone Edge|p1a: Armstrong
|-damage|p1a: Armstrong|0 fnt
|faint|p1a: Armstrong
|
|-weather|Sandstorm|[upkeep]
|upkeep
|
|t:|1665354005
|switch|p1a: Murchinary|Toxapex, F|100/100
|turn|101
|c|☆Eclipse77|2 easy
|
|t:|1665354009
|move|p2a: Tyranitar|Stone Edge|p1a: Murchinary
|-damage|p1a: Murchinary|42/100
|move|p1a: Murchinary|Toxic Spikes|p2a: Tyranitar
|-sidestart|p2: Eclipse77|move: Toxic Spikes
|
|-weather|none
|upkeep
|turn|102
|
|t:|1665354013
|switch|p2a: Zapdos|Zapdos|60/100
|move|p1a: Murchinary|Recover|p1a: Murchinary
|-heal|p1a: Murchinary|92/100
|
|upkeep
|turn|103
|
|t:|1665354015
|move|p2a: Zapdos|Volt Switch|p1a: Murchinary
|-supereffective|p1a: Murchinary
|-damage|p1a: Murchinary|46/100
|
|t:|1665354018
|switch|p2a: Tyranitar|Tyranitar, M|55/100|[from]move: Volt Switch
|-status|p2a: Tyranitar|psn
|-weather|Sandstorm|[from] ability: Sand Stream|[of] p2a: Tyranitar
|move|p1a: Murchinary|Toxic Spikes|p2a: Tyranitar
|-sidestart|p2: Eclipse77|move: Toxic Spikes
|
|-weather|Sandstorm|[upkeep]
|-damage|p1a: Murchinary|40/100|[from] Sandstorm
|-damage|p2a: Tyranitar|42/100 psn|[from] psn
|upkeep
|turn|104
|
|t:|1665354020
|move|p2a: Tyranitar|Crunch|p1a: Murchinary
|-damage|p1a: Murchinary|0 fnt
|faint|p1a: Murchinary
|
|win|Eclipse77
|raw|mowlawner-bot's rating: 1540 &rarr; <strong>1520</strong><br />(-20 for losing)
|raw|Eclipse77's rating: 1547 &rarr; <strong>1567</strong><br />(+20 for winning)
|c|☆mowlawner-bot|Thanks for playing against me!
