|j|☆minimax_ai
|j|☆jly8
|t:|1665534471
|gametype|singles
|player|p1|minimax_ai|lusamine-nihilego|1499
|player|p2|jly8|volkner|1623
|teamsize|p1|6
|teamsize|p2|6
|gen|8
|tier|[Gen 8] OU
|rated|
|rule|Sleep Clause Mod: Limit one foe put to sleep
|rule|Species Clause: Limit one of each Pokémon
|rule|OHKO Clause: OHKO moves are banned
|rule|Evasion Items Clause: Evasion items are banned
|rule|Evasion Moves Clause: Evasion moves are banned
|rule|Endless Battle Clause: Forcing endless battles is banned
|rule|HP Percentage Mod: HP is shown in percentages
|rule|Dynamax Clause: You cannot dynamax
|clearpoke
|poke|p1|Rotom-Wash|
|poke|p1|Weavile, F|
|poke|p1|Landorus-Therian, M|
|poke|p1|Heatran, M|
|poke|p1|Tangrowth, M|
|poke|p1|Melmetal|
|poke|p2|Rillaboom, M|
|poke|p2|Blaziken, F|
|poke|p2|Melmetal|
|poke|p2|Garchomp, M|
|poke|p2|Slowbro, F|
|poke|p2|Tapu Lele|
|teampreview
|c|☆minimax_ai|hf
|inactive|Battle timer is ON: inactive players will automatically lose when time's up. (requested by minimax_ai)
|
|t:|1665534485
|start
|switch|p1a: landorustherian|Landorus-Therian, M|100/100
|switch|p2a: Tapu Lele|Tapu Lele|100/100
|-fieldstart|move: Psychic Terrain|[from] ability: Psychic Surge|[of] p2a: Tapu Lele
|-ability|p1a: landorustherian|Intimidate|boost
|-unboost|p2a: Tapu Lele|atk|1
|turn|1
|
|t:|1665534492
|move|p2a: Tapu Lele|Psychic|p1a: landorustherian
|-damage|p1a: landorustherian|27/100
|move|p1a: landorustherian|Earthquake|p2a: Tapu Lele
|-damage|p2a: Tapu Lele|32/100
|
|-heal|p1a: landorustherian|33/100|[from] item: Leftovers
|upkeep
|turn|2
|
|t:|1665534498
|switch|p1a: Melmetal|Melmetal|100/100
|move|p2a: Tapu Lele|Psychic|p1a: Melmetal
|-resisted|p1a: Melmetal
|-damage|p1a: Melmetal|75/100
|-unboost|p1a: Melmetal|spd|1
|
|upkeep
|turn|3
|
|t:|1665534506
|switch|p2a: Slowbro|Slowbro, F|100/100
|move|p1a: Melmetal|Double Iron Bash|p2a: Slowbro
|-resisted|p2a: Slowbro
|-damage|p2a: Slowbro|89/100
|-damage|p1a: Melmetal|59/100|[from] item: Rocky Helmet|[of] p2a: Slowbro
|-resisted|p2a: Slowbro
|-damage|p2a: Slowbro|78/100
|-damage|p1a: Melmetal|42/100|[from] item: Rocky Helmet|[of] p2a: Slowbro
|-hitcount|p2a: Slowbro|2
|
|upkeep
|turn|4
|
|t:|1665534515
|switch|p1a: rotomwash|Rotom-Wash|100/100
|move|p2a: Slowbro|Teleport|p2a: Slowbro
|
|t:|1665534522
|switch|p2a: Tapu Lele|Tapu Lele|32/100|[from]move: Teleport
|
|upkeep
|turn|5
|
|t:|1665534526
|move|p2a: Tapu Lele|Psychic|p1a: rotomwash
|-damage|p1a: rotomwash|0 fnt
|faint|p1a: rotomwash
|
|-fieldend|move: Psychic Terrain
|upkeep
|
|t:|1665534526
|switch|p1a: Heatran|Heatran, M|100/100
|-item|p1a: Heatran|Air Balloon
|turn|6
|
|t:|1665534549
|switch|p2a: Slowbro|Slowbro, F|100/100
|move|p1a: Heatran|Earth Power|p2a: Slowbro
|-damage|p2a: Slowbro|70/100
|
|upkeep
|turn|7
|
|t:|1665534555
|move|p1a: Heatran|Earth Power|p2a: Slowbro
|-damage|p2a: Slowbro|39/100
|-unboost|p2a: Slowbro|spd|1
|move|p2a: Slowbro|Scald|p1a: Heatran
|-supereffective|p1a: Heatran
|-damage|p1a: Heatran|45/100
|-enditem|p1a: Heatran|Air Balloon
|
|upkeep
|turn|8
|
|t:|1665534572
|switch|p2a: Garchomp|Garchomp, M|100/100
|move|p1a: Heatran|Earth Power|p2a: Garchomp
|-damage|p2a: Garchomp|80/100
|-unboost|p2a: Garchomp|spd|1
|
|-heal|p2a: Garchomp|86/100|[from] item: Leftovers
|upkeep
|turn|9
|
|t:|1665534580
|switch|p1a: Tangrowth|Tangrowth, M|100/100
|move|p2a: Garchomp|Stealth Rock|p1a: Tangrowth
|-sidestart|p1: minimax_ai|move: Stealth Rock
|
|-heal|p2a: Garchomp|92/100|[from] item: Leftovers
|upkeep
|turn|10
|
|t:|1665534586
|move|p2a: Garchomp|Toxic|p1a: Tangrowth
|-status|p1a: Tangrowth|tox
|move|p1a: Tangrowth|Sleep Powder|p2a: Garchomp
|-status|p2a: Garchomp|slp|[from] move: Sleep Powder
|
|-heal|p2a: Garchomp|99/100 slp|[from] item: Leftovers
|-damage|p1a: Tangrowth|94/100 tox|[from] psn
|upkeep
|turn|11
|
|t:|1665534595
|cant|p2a: Garchomp|slp
|move|p1a: Tangrowth|Knock Off|p2a: Garchomp
|-damage|p2a: Garchomp|81/100 slp
|-damage|p1a: Tangrowth|82/100 tox|[from] ability: Rough Skin|[of] p2a: Garchomp
|-enditem|p2a: Garchomp|Leftovers|[from] move: Knock Off|[of] p1a: Tangrowth
|
|-damage|p1a: Tangrowth|70/100 tox|[from] psn
|upkeep
|turn|12
|
|t:|1665534609
|switch|p2a: Blaziken|Blaziken, F|100/100
|switch|p1a: landorustherian|Landorus-Therian, M|33/100
|-damage|p1a: landorustherian|21/100|[from] Stealth Rock
|-ability|p1a: landorustherian|Intimidate|boost
|-unboost|p2a: Blaziken|atk|1
|
|-heal|p1a: landorustherian|27/100|[from] item: Leftovers
|upkeep
|turn|13
|
|t:|1665534618
|move|p2a: Blaziken|Protect|p2a: Blaziken
|-singleturn|p2a: Blaziken|Protect
|move|p1a: landorustherian|Earthquake|p2a: Blaziken
|-activate|p2a: Blaziken|move: Protect
|
|-heal|p1a: landorustherian|33/100|[from] item: Leftovers
|-ability|p2a: Blaziken|Speed Boost|boost
|-boost|p2a: Blaziken|spe|1
|upkeep
|turn|14
|
|t:|1665534627
|move|p2a: Blaziken|Flare Blitz|p1a: landorustherian
|-damage|p1a: landorustherian|0 fnt
|faint|p1a: landorustherian
|-damage|p2a: Blaziken|88/100|[from] Recoil
|
|-heal|p2a: Blaziken|95/100|[from] item: Leftovers
|-ability|p2a: Blaziken|Speed Boost|boost
|-boost|p2a: Blaziken|spe|1
|upkeep
|
|t:|1665534628
|switch|p1a: Tangrowth|Tangrowth, M|100/100 tox
|-damage|p1a: Tangrowth|88/100 tox|[from] Stealth Rock
|turn|15
|
|t:|1665534652
|switch|p2a: Rillaboom|Rillaboom, M|100/100
|-fieldstart|move: Grassy Terrain|[from] ability: Grassy Surge|[of] p2a: Rillaboom
|move|p1a: Tangrowth|Focus Blast|p2a: Rillaboom
|-damage|p2a: Rillaboom|67/100
|-unboost|p2a: Rillaboom|spd|1
|
|-heal|p2a: Rillaboom|73/100|[from] Grassy Terrain
|-heal|p2a: Rillaboom|80/100|[from] item: Leftovers
|-heal|p1a: Tangrowth|94/100 tox|[from] Grassy Terrain
|-damage|p1a: Tangrowth|88/100 tox|[from] psn
|upkeep
|turn|16
|
|t:|1665534666
|move|p2a: Rillaboom|Drain Punch|p1a: Tangrowth
|-damage|p1a: Tangrowth|72/100 tox
|-heal|p2a: Rillaboom|88/100|[from] drain|[of] p1a: Tangrowth
|-damage|p2a: Rillaboom|71/100|[from] item: Rocky Helmet|[of] p1a: Tangrowth
|move|p1a: Tangrowth|Giga Drain|p2a: Rillaboom
|-resisted|p2a: Rillaboom
|-damage|p2a: Rillaboom|41/100
|-heal|p1a: Tangrowth|87/100 tox|[from] drain|[of] p2a: Rillaboom
|
|-heal|p2a: Rillaboom|48/100|[from] Grassy Terrain
|-heal|p2a: Rillaboom|54/100|[from] item: Leftovers
|-heal|p1a: Tangrowth|93/100 tox|[from] Grassy Terrain
|-damage|p1a: Tangrowth|81/100 tox|[from] psn
|upkeep
|turn|17
|
|t:|1665534680
|move|p2a: Rillaboom|Knock Off|p1a: Tangrowth
|-damage|p1a: Tangrowth|61/100 tox
|-damage|p2a: Rillaboom|37/100|[from] item: Rocky Helmet|[of] p1a: Tangrowth
|-enditem|p1a: Tangrowth|Rocky Helmet|[from] move: Knock Off|[of] p2a: Rillaboom
|move|p1a: Tangrowth|Giga Drain|p2a: Rillaboom
|-resisted|p2a: Rillaboom
|-damage|p2a: Rillaboom|8/100
|-heal|p1a: Tangrowth|76/100 tox|[from] drain|[of] p2a: Rillaboom
|
|-heal|p2a: Rillaboom|15/100|[from] Grassy Terrain
|-heal|p2a: Rillaboom|21/100|[from] item: Leftovers
|-heal|p1a: Tangrowth|82/100 tox|[from] Grassy Terrain
|-damage|p1a: Tangrowth|63/100 tox|[from] psn
|upkeep
|turn|18
|inactive|jly8 has 120 seconds left.
|
|t:|1665534701
|switch|p1a: Melmetal|Melmetal|42/100
|-damage|p1a: Melmetal|36/100|[from] Stealth Rock
|move|p2a: Rillaboom|Drain Punch|p1a: Melmetal
|-supereffective|p1a: Melmetal
|-damage|p1a: Melmetal|5/100
|-heal|p2a: Rillaboom|38/100|[from] drain|[of] p1a: Melmetal
|
|-heal|p2a: Rillaboom|44/100|[from] Grassy Terrain
|-heal|p2a: Rillaboom|50/100|[from] item: Leftovers
|-heal|p1a: Melmetal|11/100|[from] Grassy Terrain
|upkeep
|turn|19
|inactive|jly8 has 120 seconds left.
|
|t:|1665534712
|move|p2a: Rillaboom|Drain Punch|p1a: Melmetal
|-supereffective|p1a: Melmetal
|-damage|p1a: Melmetal|0 fnt
|-heal|p2a: Rillaboom|56/100|[from] drain|[of] p1a: Melmetal
|faint|p1a: Melmetal
|
|-heal|p2a: Rillaboom|62/100|[from] Grassy Terrain
|-heal|p2a: Rillaboom|69/100|[from] item: Leftovers
|-fieldend|move: Grassy Terrain
|upkeep
|
|t:|1665534712
|switch|p1a: Weavile|Weavile, F|100/100
|-damage|p1a: Weavile|76/100|[from] Stealth Rock
|-ability|p1a: Weavile|Pressure
|turn|20
|
|t:|1665534725
|switch|p2a: Slowbro|Slowbro, F|73/100
|move|p1a: Weavile|Knock Off|p2a: Slowbro
|-supereffective|p2a: Slowbro
|-damage|p2a: Slowbro|0 fnt
|-damage|p1a: Weavile|59/100|[from] item: Rocky Helmet|[of] p2a: Slowbro
|-enditem|p2a: Slowbro|Rocky Helmet|[from] move: Knock Off|[of] p1a: Weavile
|faint|p2a: Slowbro
|
|upkeep
|
|t:|1665534734
|switch|p2a: Blaziken|Blaziken, F|95/100
|turn|21
|
|t:|1665534737
|move|p2a: Blaziken|Protect|p2a: Blaziken
|-singleturn|p2a: Blaziken|Protect
|move|p1a: Weavile|Knock Off|p2a: Blaziken
|-activate|p2a: Blaziken|move: Protect
|
|-heal|p2a: Blaziken|100/100|[from] item: Leftovers
|-ability|p2a: Blaziken|Speed Boost|boost
|-boost|p2a: Blaziken|spe|1
|upkeep
|turn|22
|
|t:|1665534744
|switch|p1a: Heatran|Heatran, M|45/100
|-damage|p1a: Heatran|32/100|[from] Stealth Rock
|move|p2a: Blaziken|Swords Dance|p2a: Blaziken
|-boost|p2a: Blaziken|atk|2
|
|-ability|p2a: Blaziken|Speed Boost|boost
|-boost|p2a: Blaziken|spe|1
|upkeep
|turn|23
|c|☆jly8|gg
|
|t:|1665534756
|move|p2a: Blaziken|Close Combat|p1a: Heatran
|-supereffective|p1a: Heatran
|-damage|p1a: Heatran|0 fnt
|-unboost|p2a: Blaziken|def|1
|-unboost|p2a: Blaziken|spd|1
|faint|p1a: Heatran
|
|-ability|p2a: Blaziken|Speed Boost|boost
|-boost|p2a: Blaziken|spe|1
|upkeep
|
|t:|1665534756
|switch|p1a: Weavile|Weavile, F|59/100
|-damage|p1a: Weavile|34/100|[from] Stealth Rock
|-ability|p1a: Weavile|Pressure
|turn|24
|
|t:|1665534767
|move|p1a: Weavile|Ice Shard|p2a: Blaziken
|-resisted|p2a: Blaziken
|-damage|p2a: Blaziken|71/100
|move|p2a: Blaziken|Close Combat|p1a: Weavile
|-supereffective|p1a: Weavile
|-damage|p1a: Weavile|0 fnt
|-unboost|p2a: Blaziken|def|1
|-unboost|p2a: Blaziken|spd|1
|faint|p1a: Weavile
|
|-heal|p2a: Blaziken|77/100|[from] item: Leftovers
|-ability|p2a: Blaziken|Speed Boost|boost
|-boost|p2a: Blaziken|spe|1
|upkeep
|
|t:|1665534767
|switch|p1a: Tangrowth|Tangrowth, M|97/100 tox
|-damage|p1a: Tangrowth|84/100 tox|[from] Stealth Rock
|turn|25
|
|t:|1665534781
|move|p2a: Blaziken|Flare Blitz|p1a: Tangrowth
|-supereffective|p1a: Tangrowth
|-damage|p1a: Tangrowth|0 fnt
|faint|p1a: Tangrowth
|-damage|p2a: Blaziken|44/100|[from] Recoil
|
|win|jly8
|raw|minimax_ai's rating: 1499 &rarr; <strong>1486</strong><br />(-13 for losing)
|raw|jly8's rating: 1623 &rarr; <strong>1636</strong><br />(+13 for winning)
|c|☆minimax_ai|gg
