|raw|<div class="broadcast-blue"><strong>This battle is required to be public due to a player having a name starting with 'lt94je'.</div>
|j|☆friedfreak
|j|☆LT94JECRYANDHIDE
|t:|1661494492
|gametype|singles
|player|p1|friedfreak|170|1806
|player|p2|LT94JECRYANDHIDE|sonia-masters|1863
|teamsize|p1|6
|teamsize|p2|6
|gen|8
|tier|[Gen 8] OU
|rated|
|rule|Sleep Clause Mod: Limit one foe put to sleep
|rule|Species Clause: Limit one of each Pokémon
|rule|OHKO Clause: OHKO moves are banned
|rule|Evasion Items Clause: Evasion items are banned
|rule|Evasion Moves Clause: Evasion moves are banned
|rule|Endless Battle Clause: Forcing endless battles is banned
|rule|HP Percentage Mod: HP is shown in percentages
|rule|Dynamax Clause: You cannot dynamax
|clearpoke
|poke|p1|Weavile, F|
|poke|p1|Slowbro, M|
|poke|p1|Landorus-Therian, M|
|poke|p1|Melmetal|
|poke|p1|Ferrothorn, F|
|poke|p1|Dragapult, F|
|poke|p2|Necrozma|
|poke|p2|Ferrothorn, M|
|poke|p2|Togekiss, M|
|poke|p2|Seismitoad, M|
|poke|p2|Kommo-o, M|
|poke|p2|Rotom-Heat|
|teampreview
|inactive|Battle timer is ON: inactive players will automatically lose when time's up. (requested by LT94JECRYANDHIDE)
|inactive|friedfreak also wants the timer to be on.
|j| Drunkensailer
|j| Swas ❤
|
|t:|1661494520
|start
|switch|p1a: Landorus|Landorus-Therian, M|100/100
|switch|p2a: Togekiss|Togekiss, M|100/100
|-ability|p1a: Landorus|Intimidate|boost
|-unboost|p2a: Togekiss|atk|1
|turn|1
|j| LT94JE Tace
|j| KMNg99
|
|t:|1661494535
|move|p2a: Togekiss|Trick|p1a: Landorus
|-activate|p2a: Togekiss|move: Trick|[of] p1a: Landorus
|-item|p1a: Landorus|Choice Scarf|[from] move: Trick
|-item|p2a: Togekiss|Leftovers|[from] move: Trick
|move|p1a: Landorus|Knock Off|p2a: Togekiss
|-resisted|p2a: Togekiss
|-crit|p2a: Togekiss
|-damage|p2a: Togekiss|76/100
|-enditem|p2a: Togekiss|Leftovers|[from] move: Knock Off|[of] p1a: Landorus
|
|upkeep
|turn|2
|
|t:|1661494545
|switch|p1a: Slowbro|Slowbro, M|100/100
|move|p2a: Togekiss|Flamethrower|p1a: Slowbro
|-resisted|p1a: Slowbro
|-damage|p1a: Slowbro|87/100
|
|upkeep
|turn|3
|
|t:|1661494558
|move|p2a: Togekiss|Air Slash|p1a: Slowbro
|-damage|p1a: Slowbro|53/100
|cant|p1a: Slowbro|flinch
|
|upkeep
|turn|4
|
|t:|1661494571
|switch|p1a: Landorus|Landorus-Therian, M|100/100
|-ability|p1a: Landorus|Intimidate|boost
|-unboost|p2a: Togekiss|atk|1
|move|p2a: Togekiss|Air Slash|p1a: Landorus
|-damage|p1a: Landorus|73/100
|
|upkeep
|turn|5
|
|t:|1661494576
|move|p1a: Landorus|Stealth Rock|p2a: Togekiss
|-sidestart|p2: LT94JECRYANDHIDE|move: Stealth Rock
|move|p2a: Togekiss|Air Slash|p1a: Landorus
|-damage|p1a: Landorus|45/100
|
|upkeep
|turn|6
|
|t:|1661494582
|switch|p1a: Slowbro|Slowbro, M|86/100
|move|p2a: Togekiss|Dazzling Gleam|p1a: Slowbro
|-damage|p1a: Slowbro|49/100
|
|upkeep
|turn|7
|j| TehranTyphlosions
|
|t:|1661494588
|switch|p1a: Landorus|Landorus-Therian, M|45/100
|-ability|p1a: Landorus|Intimidate|boost
|-unboost|p2a: Togekiss|atk|1
|move|p2a: Togekiss|Air Slash|p1a: Landorus
|-damage|p1a: Landorus|19/100
|
|upkeep
|turn|8
|
|t:|1661494591
|move|p1a: Landorus|U-turn|p2a: Togekiss
|-resisted|p2a: Togekiss
|-damage|p2a: Togekiss|69/100
|
|t:|1661494595
|switch|p1a: Slowbro|Slowbro, M|82/100|[from]move: U-turn
|move|p2a: Togekiss|Dazzling Gleam|p1a: Slowbro
|-damage|p1a: Slowbro|48/100
|
|upkeep
|turn|9
|
|t:|1661494604
|switch|p1a: Landorus|Landorus-Therian, M|19/100
|-ability|p1a: Landorus|Intimidate|boost
|-unboost|p2a: Togekiss|atk|1
|move|p2a: Togekiss|Air Slash|p1a: Landorus
|-damage|p1a: Landorus|0 fnt
|faint|p1a: Landorus
|
|upkeep
|
|t:|1661494614
|switch|p1a: Weavile|Weavile, F|100/100
|-ability|p1a: Weavile|Pressure
|turn|10
|
|t:|1661494627
|switch|p1a: Dragapult|Dragapult, F|100/100
|move|p2a: Togekiss|Dazzling Gleam|p1a: Dragapult
|-supereffective|p1a: Dragapult
|-damage|p1a: Dragapult|0 fnt
|faint|p1a: Dragapult
|
|upkeep
|c|☆friedfreak|actual trash play
|-message|friedfreak forfeited.
|
|win|LT94JECRYANDHIDE
|raw|friedfreak's rating: 1806 &rarr; <strong>1789</strong><br />(-17 for losing)
|raw|LT94JECRYANDHIDE's rating: 1863 &rarr; <strong>1880</strong><br />(+17 for winning)
|l|☆friedfreak
|j| ripreckful
|l| KMNg99
