|j|☆Chimpoo
|j|☆Trogba Trogba
|player|p1|Chimpoo|doctor|
|player|p2|Trogba Trogba|lance|
|teamsize|p1|6
|teamsize|p2|6
|gametype|singles
|gen|8
|tier|[Gen 8] OU
|rated|Tournament battle
|clearpoke
|poke|p1|Mandibuzz, F|
|poke|p1|Indeedee, M|
|poke|p1|Azumarill, M|
|poke|p1|Cinderace, F|
|poke|p1|Hawlucha, F|
|poke|p1|Kyurem-White|
|poke|p2|Rotom-Heat|
|poke|p2|Amoonguss, F|
|poke|p2|Mandibuzz, F|
|poke|p2|Kyurem-White|
|poke|p2|Reshiram|
|poke|p2|Darmanitan-Galar, M|
|rule|Sleep Clause Mod: Limit one foe put to sleep
|rule|Species Clause: Limit one of each Pokémon
|rule|OHKO Clause: OHKO moves are banned
|rule|Evasion Moves Clause: Evasion moves are banned
|rule|Endless Battle Clause: Forcing endless battles is banned
|rule|HP Percentage Mod: HP is shown in percentages
|rule|Dynamax Clause: You cannot dynamax
|teampreview
|j| simbacaned
|j| Majinitachi
|j| angeloftheday
|j| Pinkacross
|j| Porygon-739
|j| PortugalTheDude
|j|+gomikyu
|j| noblev2
|j| grantmjc
|j| aragino (
|c|☆Chimpoo|glhf
|c|☆Trogba Trogba|u2
|j| ChrisUchiha
|j| Lo-Fi Rappers
|c|☆Chimpoo|somehow I made it here lol
|j| 7sages
|j| Treyvion
|
|start
|switch|p1a: Cinderace|Cinderace, F|100/100
|switch|p2a: Darmanitan|Darmanitan-Galar, M|100/100
|turn|1
|
|move|p1a: Cinderace|Pyro Ball|p2a: Darmanitan
|-supereffective|p2a: Darmanitan
|-damage|p2a: Darmanitan|0 fnt
|faint|p2a: Darmanitan
|
|upkeep
|l| Treyvion
|j| Larmes D'Ange
|j| TFyoulookingAT
|l| grantmjc
|j| RaikouLover-Test7
|c|☆Trogba Trogba|that's how you made it this far
|c| Pinkacross|Lol
|j| SolidSnape
|c| Porygon-739|chimpoo bro youre a good player thatss why lol
|c|☆Chimpoo|hahaha
|c|☆Chimpoo|I dont rly play ou much
|l| Larmes D'Ange
|c|☆Chimpoo|so kinda shook
|
|switch|p2a: Kyurem|Kyurem-White|100/100
|-ability|p2a: Kyurem|Turboblaze
|turn|2
|j| Larmes D'Ange
|l| Larmes D'Ange
|
|switch|p1a: Azumarill|Azumarill, M|100/100
|move|p2a: Kyurem|Draco Meteor|p1a: Azumarill
|-immune|p1a: Azumarill
|
|upkeep
|turn|3
|
|switch|p2a: Amoonguss|Amoonguss, F|100/100
|move|p1a: Azumarill|Belly Drum|p1a: Azumarill
|-damage|p1a: Azumarill|50/100
|-setboost|p1a: Azumarill|atk|6|[from] move: Belly Drum
|-enditem|p1a: Azumarill|Sitrus Berry|[eat]
|-heal|p1a: Azumarill|75/100|[from] item: Sitrus Berry
|
|upkeep
|turn|4
|c|☆Trogba Trogba|how many people have you caught with scarf
|c| ChrisUchiha|a newbie winning? lul
|c|☆Chimpoo|so many hahaha
|c|☆Chimpoo|scarf cinderace is my fave
|c| aragino (|relax the match just started
|c| aragino (|:S
|
|move|p1a: Azumarill|Play Rough|p2a: Amoonguss
|-resisted|p2a: Amoonguss
|-damage|p2a: Amoonguss|18/100
|-damage|p1a: Azumarill|59/100|[from] item: Rocky Helmet|[of] p2a: Amoonguss
|move|p2a: Amoonguss|Giga Drain|p1a: Azumarill
|-supereffective|p1a: Azumarill
|-damage|p1a: Azumarill|17/100
|-heal|p2a: Amoonguss|38/100|[from] drain|[of] p1a: Azumarill
|
|upkeep
|turn|5
|
|move|p1a: Azumarill|Liquidation|p2a: Amoonguss
|-resisted|p2a: Amoonguss
|-damage|p2a: Amoonguss|0 fnt
|-damage|p1a: Azumarill|0 fnt|[from] item: Rocky Helmet|[of] p2a: Amoonguss
|faint|p2a: Amoonguss
|faint|p1a: Azumarill
|
|upkeep
|c| ChrisUchiha|gg soon?
|
|switch|p1a: Indeedee|Indeedee, M|100/100
|switch|p2a: Reshiram|Reshiram|100/100
|-fieldstart|move: Psychic Terrain|[from] ability: Psychic Surge|[of] p1a: Indeedee
|-ability|p2a: Reshiram|Turboblaze
|turn|6
|j| JuiceGreat34
|l| SolidSnape
|
|move|p1a: Indeedee|Expanding Force|p2a: Reshiram
|-damage|p2a: Reshiram|60/100
|move|p2a: Reshiram|Blue Flare|p1a: Indeedee
|-damage|p1a: Indeedee|9/100
|-status|p1a: Indeedee|brn
|
|-damage|p1a: Indeedee|3/100 brn|[from] brn
|upkeep
|turn|7
|c|☆Chimpoo|oof
|c| aragino (|ouch
|
|switch|p1a: Mandibuzz|Mandibuzz, F|100/100
|switch|p2a: Mandibuzz|Mandibuzz, F|100/100
|
|upkeep
|turn|8
|l| Porygon-739
|
|switch|p2a: Kyurem|Kyurem-White|100/100
|-ability|p2a: Kyurem|Turboblaze
|move|p1a: Mandibuzz|U-turn|p2a: Kyurem
|-damage|p2a: Kyurem|90/100
|
|switch|p1a: Kyurem|Kyurem-White|100/100|[from]move: U-turn
|-ability|p1a: Kyurem|Turboblaze
|
|upkeep
|turn|9
|
|switch|p2a: Rotom|Rotom-Heat|100/100
|move|p1a: Kyurem|Draco Meteor|p2a: Rotom
|-damage|p2a: Rotom|34/100
|-unboost|p1a: Kyurem|spa|2
|
|upkeep
|turn|10
|
|move|p1a: Kyurem|Draco Meteor|p2a: Rotom
|-damage|p2a: Rotom|0 fnt
|-unboost|p1a: Kyurem|spa|2
|faint|p2a: Rotom
|
|-fieldend|move: Psychic Terrain
|upkeep
|
|switch|p2a: Kyurem|Kyurem-White|90/100
|-ability|p2a: Kyurem|Turboblaze
|turn|11
|c| ChrisUchiha|yeah gg
|l| JuiceGreat34
|
|switch|p1a: Mandibuzz|Mandibuzz, F|100/100
|move|p2a: Kyurem|Ice Beam|p1a: Mandibuzz
|-supereffective|p1a: Mandibuzz
|-damage|p1a: Mandibuzz|0 fnt
|faint|p1a: Mandibuzz
|
|upkeep
|l| Pinkacross
|
|switch|p1a: Kyurem|Kyurem-White|100/100
|-ability|p1a: Kyurem|Turboblaze
|turn|12
|
|switch|p2a: Mandibuzz|Mandibuzz, F|100/100
|move|p1a: Kyurem|Draco Meteor|p2a: Mandibuzz
|-damage|p2a: Mandibuzz|49/100
|-unboost|p1a: Kyurem|spa|2
|
|upkeep
|turn|13
|
|switch|p1a: Hawlucha|Hawlucha, F, shiny|100/100
|move|p2a: Mandibuzz|Roost|p2a: Mandibuzz
|-heal|p2a: Mandibuzz|99/100
|-singleturn|p2a: Mandibuzz|move: Roost
|
|upkeep
|turn|14
|
|switch|p1a: Kyurem|Kyurem-White|100/100
|-ability|p1a: Kyurem|Turboblaze
|move|p2a: Mandibuzz|Toxic|p1a: Kyurem
|-status|p1a: Kyurem|tox
|
|-damage|p1a: Kyurem|94/100 tox|[from] psn
|upkeep
|turn|15
|
|switch|p2a: Reshiram|Reshiram|60/100
|-ability|p2a: Reshiram|Turboblaze
|move|p1a: Kyurem|Ice Beam|p2a: Reshiram
|-damage|p2a: Reshiram|39/100
|
|-damage|p1a: Kyurem|82/100 tox|[from] psn
|upkeep
|turn|16
|c|☆Chimpoo|oof AV af
|
|switch|p1a: Hawlucha|Hawlucha, F, shiny|100/100
|move|p2a: Reshiram|Blue Flare|p1a: Hawlucha
|-damage|p1a: Hawlucha|0 fnt
|faint|p1a: Hawlucha
|
|upkeep
|c| ChrisUchiha|Ofc lol
|c|☆Chimpoo|oh my
|c|☆Trogba Trogba|yup
|
|switch|p1a: Cinderace|Cinderace, F|100/100
|turn|17
|
|switch|p2a: Mandibuzz|Mandibuzz, F|99/100
|move|p1a: Cinderace|High Jump Kick|p2a: Mandibuzz
|-start|p1a: Cinderace|typechange|Fighting|[from] ability: Libero
|-damage|p2a: Mandibuzz|47/100
|
|upkeep
|turn|18
|c| ChrisUchiha|that was so obvi
|
|move|p1a: Cinderace|High Jump Kick|p2a: Mandibuzz
|-damage|p2a: Mandibuzz|0 fnt
|faint|p2a: Mandibuzz
|
|upkeep
|c|☆Trogba Trogba|needed to doge that
|
|switch|p2a: Reshiram|Reshiram|39/100
|-ability|p2a: Reshiram|Turboblaze
|turn|19
|
|move|p1a: Cinderace|High Jump Kick|p2a: Reshiram
|-damage|p2a: Reshiram|0 fnt
|faint|p2a: Reshiram
|
|upkeep
|
|switch|p2a: Kyurem|Kyurem-White|90/100
|-ability|p2a: Kyurem|Turboblaze
|turn|20
|c|☆Chimpoo|gg my dude
|c| ChrisUchiha|10% dodge,  uh oh lul
|c|☆Trogba Trogba|gg
|c| aragino (|cinder is the man
|
|move|p1a: Cinderace|High Jump Kick|p2a: Kyurem
|-supereffective|p2a: Kyurem
|-damage|p2a: Kyurem|0 fnt
|faint|p2a: Kyurem
|
|win|Chimpoo
|l| aragino (
|c| 7sages|Omg
|l| noblev2
|c|☆Trogba Trogba|cinderace carry lol
|c|☆Chimpoo|forreal
|j| noblev2
|l| angeloftheday
|c|☆Chimpoo|scarf cinder is the best
|l| gomikyu
|l| 7sages
|c|☆Trogba Trogba|my team has nothing for cinder tbh
|l|☆Trogba Trogba
|l| Majinitachi
|l| PortugalTheDude
|l| TFyoulookingAT
|l| ChrisUchiha
