|j|☆Magenta Doorknob
|j|☆HQSTest
|t:|1667915270
|gametype|singles
|player|p1|Magenta Doorknob|lusamine-nihilego|1507
|player|p2|HQSTest|veteranf|1601
|teamsize|p1|6
|teamsize|p2|6
|gen|8
|tier|[Gen 8] OU
|rated|
|rule|Sleep Clause Mod: Limit one foe put to sleep
|rule|Species Clause: Limit one of each Pokémon
|rule|OHKO Clause: OHKO moves are banned
|rule|Evasion Items Clause: Evasion items are banned
|rule|Evasion Moves Clause: Evasion moves are banned
|rule|Endless Battle Clause: Forcing endless battles is banned
|rule|HP Percentage Mod: HP is shown in percentages
|rule|Dynamax Clause: You cannot dynamax
|clearpoke
|poke|p1|Tapu Fini|
|poke|p1|Melmetal|
|poke|p1|Swampert, F|
|poke|p1|Zapdos|
|poke|p1|Obstagoon, M|
|poke|p1|Dragapult, M|
|poke|p2|Blaziken, M|
|poke|p2|Rillaboom, M|
|poke|p2|Landorus-Therian, M|
|poke|p2|Nihilego|
|poke|p2|Bisharp, M|
|poke|p2|Dragonite, F|
|teampreview
|
|t:|1667915290
|start
|switch|p1a: Swampert|Swampert, F|100/100
|switch|p2a: Bisharp|Bisharp, M|100/100
|turn|1
|inactive|Battle timer is ON: inactive players will automatically lose when time's up. (requested by HQSTest)
|
|t:|1667915319
|move|p2a: Bisharp|Taunt|p1a: Swampert
|-start|p1a: Swampert|move: Taunt
|move|p1a: Swampert|Earthquake|p2a: Bisharp
|-supereffective|p2a: Bisharp
|-damage|p2a: Bisharp|3/100
|
|upkeep
|turn|2
|inactive|HQSTest has 120 seconds left.
|
|t:|1667915362
|move|p2a: Bisharp|Stealth Rock|p1a: Swampert
|-sidestart|p1: Magenta Doorknob|move: Stealth Rock
|move|p1a: Swampert|Flip Turn|p2a: Bisharp
|-crit|p2a: Bisharp
|-damage|p2a: Bisharp|0 fnt
|faint|p2a: Bisharp
|
|t:|1667915367
|switch|p1a: Zapdos|Zapdos|100/100|[from]move: Flip Turn
|
|upkeep
|
|t:|1667915372
|switch|p2a: Nihilego|Nihilego|100/100
|turn|3
|
|t:|1667915376
|switch|p1a: Swampert|Swampert, F|100/100
|-damage|p1a: Swampert|94/100|[from] Stealth Rock
|move|p2a: Nihilego|Meteor Beam||[still]
|-prepare|p2a: Nihilego|Meteor Beam
|-boost|p2a: Nihilego|spa|1
|-enditem|p2a: Nihilego|Power Herb
|-anim|p2a: Nihilego|Meteor Beam|p1a: Swampert
|-resisted|p1a: Swampert
|-damage|p1a: Swampert|64/100
|
|-heal|p1a: Swampert|70/100|[from] item: Leftovers
|upkeep
|turn|4
|
|t:|1667915381
|move|p2a: Nihilego|Toxic Spikes|p1a: Swampert
|-sidestart|p1: Magenta Doorknob|move: Toxic Spikes
|move|p1a: Swampert|Earthquake|p2a: Nihilego
|-supereffective|p2a: Nihilego
|-damage|p2a: Nihilego|0 fnt
|faint|p2a: Nihilego
|
|-heal|p1a: Swampert|76/100|[from] item: Leftovers
|upkeep
|
|t:|1667915386
|switch|p2a: Rillaboom|Rillaboom, M|100/100
|-fieldstart|move: Grassy Terrain|[from] ability: Grassy Surge|[of] p2a: Rillaboom
|turn|5
|
|t:|1667915391
|move|p2a: Rillaboom|Swords Dance|p2a: Rillaboom
|-boost|p2a: Rillaboom|atk|2
|move|p1a: Swampert|Toxic|p2a: Rillaboom|[miss]
|-miss|p1a: Swampert|p2a: Rillaboom
|
|-heal|p1a: Swampert|83/100|[from] Grassy Terrain
|-heal|p1a: Swampert|89/100|[from] item: Leftovers
|upkeep
|turn|6
|c|☆Magenta Doorknob|brother
|c|☆Magenta Doorknob|nooooo
|
|t:|1667915399
|move|p2a: Rillaboom|Grassy Glide|p1a: Swampert
|-supereffective|p1a: Swampert
|-damage|p1a: Swampert|0 fnt
|faint|p1a: Swampert
|-damage|p2a: Rillaboom|91/100|[from] item: Life Orb
|
|-heal|p2a: Rillaboom|97/100|[from] Grassy Terrain
|upkeep
|
|t:|1667915400
|switch|p1a: Zapdos|Zapdos|100/100
|turn|7
|
|t:|1667915405
|move|p1a: Zapdos|Roost||[still]
|-fail|p1a: Zapdos|heal
|move|p2a: Rillaboom|Knock Off|p1a: Zapdos
|-damage|p1a: Zapdos|31/100
|-enditem|p1a: Zapdos|Heavy-Duty Boots|[from] move: Knock Off|[of] p2a: Rillaboom
|-damage|p2a: Rillaboom|87/100|[from] item: Life Orb
|
|-heal|p2a: Rillaboom|93/100|[from] Grassy Terrain
|upkeep
|turn|8
|
|t:|1667915412
|move|p2a: Rillaboom|Grassy Glide|p1a: Zapdos
|-resisted|p1a: Zapdos
|-damage|p1a: Zapdos|0 fnt
|faint|p1a: Zapdos
|-damage|p2a: Rillaboom|83/100|[from] item: Life Orb
|
|-heal|p2a: Rillaboom|89/100|[from] Grassy Terrain
|upkeep
|
|t:|1667915418
|switch|p1a: Melmetal|Melmetal|100/100
|-damage|p1a: Melmetal|94/100|[from] Stealth Rock
|turn|9
|
|t:|1667915423
|move|p2a: Rillaboom|Drain Punch|p1a: Melmetal
|-supereffective|p1a: Melmetal
|-damage|p1a: Melmetal|6/100
|-heal|p2a: Rillaboom|100/100|[from] drain|[of] p1a: Melmetal
|-damage|p2a: Rillaboom|91/100|[from] item: Life Orb
|move|p1a: Melmetal|Double Iron Bash|p2a: Rillaboom
|-damage|p2a: Rillaboom|45/100
|-damage|p2a: Rillaboom|0 fnt
|faint|p2a: Rillaboom
|-hitcount|p2: Rillaboom|2
|
|-heal|p1a: Melmetal|12/100|[from] Grassy Terrain
|-heal|p1a: Melmetal|18/100|[from] item: Leftovers
|-fieldend|move: Grassy Terrain
|upkeep
|
|t:|1667915430
|switch|p2a: Landorus|Landorus-Therian, M|100/100
|-ability|p2a: Landorus|Intimidate|boost
|-unboost|p1a: Melmetal|atk|1
|turn|10
|
|t:|1667915435
|move|p2a: Landorus|Earthquake|p1a: Melmetal
|-supereffective|p1a: Melmetal
|-damage|p1a: Melmetal|0 fnt
|faint|p1a: Melmetal
|
|upkeep
|
|t:|1667915438
|switch|p1a: Tapu Fini|Tapu Fini|100/100
|-damage|p1a: Tapu Fini|88/100|[from] Stealth Rock
|-status|p1a: Tapu Fini|psn
|-fieldstart|move: Misty Terrain|[from] ability: Misty Surge|[of] p1a: Tapu Fini
|turn|11
|
|t:|1667915447
|move|p2a: Landorus|Substitute|p2a: Landorus
|-start|p2a: Landorus|Substitute
|-damage|p2a: Landorus|76/100
|move|p1a: Tapu Fini|Draining Kiss|p2a: Landorus
|-activate|p2a: Landorus|move: Substitute|[damage]
|-heal|p1a: Tapu Fini|100/100 psn|[from] drain|[of] p2a: Landorus
|
|-heal|p2a: Landorus|82/100|[from] item: Leftovers
|-damage|p1a: Tapu Fini|88/100 psn|[from] psn
|upkeep
|turn|12
|
|t:|1667915452
|move|p2a: Landorus|Bulk Up|p2a: Landorus
|-boost|p2a: Landorus|atk|1
|-boost|p2a: Landorus|def|1
|move|p1a: Tapu Fini|Surf|p2a: Landorus
|-supereffective|p2a: Landorus
|-end|p2a: Landorus|Substitute
|
|-heal|p2a: Landorus|88/100|[from] item: Leftovers
|-heal|p1a: Tapu Fini|94/100 psn|[from] item: Leftovers
|-damage|p1a: Tapu Fini|82/100 psn|[from] psn
|upkeep
|turn|13
|
|t:|1667915456
|move|p2a: Landorus|Earthquake|p1a: Tapu Fini
|-damage|p1a: Tapu Fini|27/100 psn
|move|p1a: Tapu Fini|Draining Kiss|p2a: Landorus
|-damage|p2a: Landorus|66/100
|-heal|p1a: Tapu Fini|43/100 psn|[from] drain|[of] p2a: Landorus
|
|-heal|p2a: Landorus|73/100|[from] item: Leftovers
|-heal|p1a: Tapu Fini|49/100 psn|[from] item: Leftovers
|-damage|p1a: Tapu Fini|36/100 psn|[from] psn
|upkeep
|turn|14
|
|t:|1667915460
|move|p2a: Landorus|Earthquake|p1a: Tapu Fini
|-damage|p1a: Tapu Fini|0 fnt
|faint|p1a: Tapu Fini
|
|-heal|p2a: Landorus|79/100|[from] item: Leftovers
|upkeep
|c|☆Magenta Doorknob|ive been clowned on
|-message|Magenta Doorknob forfeited.
|
|win|HQSTest
|raw|Magenta Doorknob's rating: 1507 &rarr; <strong>1492</strong><br />(-15 for losing)
|raw|HQSTest's rating: 1601 &rarr; <strong>1616</strong><br />(+15 for winning)
|l|☆Magenta Doorknob
