|raw|<div class="broadcast-blue"><strong>This battle is required to be public due to a player having a name starting with 'lt91bb'.</div>
|j|☆LT91BB Gray
|j|☆dmt dreams
|t:|1659526173
|gametype|singles
|player|p1|LT91BB Gray|266|1893
|player|p2|dmt dreams|pokefan-gen4|1936
|teamsize|p1|6
|teamsize|p2|6
|gen|8
|tier|[Gen 8] OU
|rated|
|rule|Sleep Clause Mod: Limit one foe put to sleep
|rule|Species Clause: Limit one of each Pokémon
|rule|OHKO Clause: OHKO moves are banned
|rule|Evasion Moves Clause: Evasion moves are banned
|rule|Endless Battle Clause: Forcing endless battles is banned
|rule|HP Percentage Mod: HP is shown in percentages
|rule|Dynamax Clause: You cannot dynamax
|clearpoke
|poke|p1|Blaziken, F|
|poke|p1|Cloyster, F|
|poke|p1|Jirachi|
|poke|p1|Landorus-Therian, M|
|poke|p1|Moltres-Galar|
|poke|p1|Ninetales-Alola, M|
|poke|p2|Moltres|
|poke|p2|Corviknight, F|
|poke|p2|Toxapex, F|
|poke|p2|Ditto|
|poke|p2|Zeraora|
|poke|p2|Jirachi|
|teampreview
|
|t:|1659526186
|start
|switch|p1a: Jirachi|Jirachi|100/100
|switch|p2a: Toxapex|Toxapex, F|100/100
|turn|1
|
|t:|1659526192
|move|p1a: Jirachi|Stealth Rock|p2a: Toxapex
|-sidestart|p2: dmt dreams|move: Stealth Rock
|move|p2a: Toxapex|Toxic Spikes|p1a: Jirachi
|-sidestart|p1: LT91BB Gray|move: Toxic Spikes
|
|upkeep
|turn|2
|
|t:|1659526200
|switch|p1a: Landorus|Landorus-Therian, M|100/100
|-ability|p1a: Landorus|Intimidate|boost
|-unboost|p2a: Toxapex|atk|1
|move|p2a: Toxapex|Toxic Spikes|p1a: Landorus
|-sidestart|p1: LT91BB Gray|move: Toxic Spikes
|
|upkeep
|turn|3
|
|t:|1659526204
|move|p1a: Landorus|Swords Dance|p1a: Landorus
|-boost|p1a: Landorus|atk|2
|move|p2a: Toxapex|Toxic|p1a: Landorus
|-status|p1a: Landorus|tox
|
|-damage|p1a: Landorus|95/100 tox|[from] psn
|upkeep
|turn|4
|
|t:|1659526206
|switch|p2a: Ditto|Ditto|100/100
|-damage|p2a: Ditto|88/100|[from] Stealth Rock
|-transform|p2a: Ditto|p1a: Landorus|[from] ability: Imposter
|-ability|p2a: Ditto|Intimidate|boost
|-unboost|p1a: Landorus|atk|1
|-enditem|p1a: Landorus|Adrenaline Orb
|-boost|p1a: Landorus|spe|1|[from] item: Adrenaline Orb
|move|p1a: Landorus|Stone Edge|p2a: Ditto
|-damage|p2a: Ditto|12/100
|
|-damage|p1a: Landorus|83/100 tox|[from] psn
|upkeep
|turn|5
|
|t:|1659526212
|move|p1a: Landorus|Stone Edge|p2a: Ditto
|-damage|p2a: Ditto|0 fnt
|faint|p2a: Ditto
|
|-damage|p1a: Landorus|65/100 tox|[from] psn
|upkeep
|
|t:|1659526216
|switch|p2a: Corviknight|Corviknight, F|100/100
|-damage|p2a: Corviknight|88/100|[from] Stealth Rock
|-ability|p2a: Corviknight|Pressure
|turn|6
|
|t:|1659526222
|switch|p1a: Ninetales|Ninetales-Alola, M|100/100
|-status|p1a: Ninetales|tox
|-weather|Hail|[from] ability: Snow Warning|[of] p1a: Ninetales
|move|p2a: Corviknight|Body Press|p1a: Ninetales
|-damage|p1a: Ninetales|73/100 tox
|
|-weather|Hail|[upkeep]
|-damage|p2a: Corviknight|82/100|[from] Hail
|-heal|p2a: Corviknight|88/100|[from] item: Leftovers
|-damage|p1a: Ninetales|67/100 tox|[from] psn
|upkeep
|turn|7
|
|t:|1659526229
|move|p1a: Ninetales|Aurora Veil|p1a: Ninetales
|-sidestart|p1: LT91BB Gray|move: Aurora Veil
|move|p2a: Corviknight|U-turn|p1a: Ninetales
|-resisted|p1a: Ninetales
|-damage|p1a: Ninetales|63/100 tox
|
|t:|1659526231
|switch|p2a: Jirachi|Jirachi|100/100|[from]move: U-turn
|-damage|p2a: Jirachi|94/100|[from] Stealth Rock
|
|-weather|Hail|[upkeep]
|-damage|p2a: Jirachi|88/100|[from] Hail
|-damage|p1a: Ninetales|51/100 tox|[from] psn
|upkeep
|turn|8
|
|t:|1659526235
|switch|p1a: Moltres|Moltres-Galar|100/100
|move|p2a: Jirachi|Stealth Rock|p1a: Moltres
|-sidestart|p1: LT91BB Gray|move: Stealth Rock
|
|-weather|Hail|[upkeep]
|-damage|p1a: Moltres|94/100|[from] Hail
|-damage|p2a: Jirachi|82/100|[from] Hail
|upkeep
|turn|9
|
|t:|1659526240
|switch|p2a: Zeraora|Zeraora|100/100
|-damage|p2a: Zeraora|88/100|[from] Stealth Rock
|move|p1a: Moltres|Fiery Wrath|p2a: Zeraora
|-damage|p2a: Zeraora|35/100
|
|-weather|Hail|[upkeep]
|-damage|p2a: Zeraora|29/100|[from] Hail
|-damage|p1a: Moltres|88/100|[from] Hail
|-heal|p2a: Zeraora|35/100|[from] item: Leftovers
|upkeep
|turn|10
|
|t:|1659526245
|switch|p1a: Landorus|Landorus-Therian, M|65/100 tox
|-damage|p1a: Landorus|53/100 tox|[from] Stealth Rock
|-ability|p1a: Landorus|Intimidate|boost
|-unboost|p2a: Zeraora|atk|1
|move|p2a: Zeraora|Toxic|p1a: Landorus
|-fail|p1a: Landorus|tox
|
|-weather|none
|-heal|p2a: Zeraora|41/100|[from] item: Leftovers
|-damage|p1a: Landorus|47/100 tox|[from] psn
|upkeep
|turn|11
|
|t:|1659526249
|switch|p2a: Corviknight|Corviknight, F|88/100
|-damage|p2a: Corviknight|76/100|[from] Stealth Rock
|-ability|p2a: Corviknight|Pressure
|switch|p1a: Moltres|Moltres-Galar|88/100
|
|-heal|p2a: Corviknight|82/100|[from] item: Leftovers
|upkeep
|turn|12
|
|t:|1659526253
|move|p1a: Moltres|Fiery Wrath|p2a: Corviknight
|-damage|p2a: Corviknight|36/100
|move|p2a: Corviknight|U-turn|p1a: Moltres
|-damage|p1a: Moltres|80/100
|
|t:|1659526260
|switch|p2a: Toxapex|Toxapex, F|100/100|[from]move: U-turn
|-damage|p2a: Toxapex|88/100|[from] Stealth Rock
|
|upkeep
|turn|13
|
|t:|1659526269
|switch|p1a: Landorus|Landorus-Therian, M|47/100 tox
|-damage|p1a: Landorus|34/100 tox|[from] Stealth Rock
|-ability|p1a: Landorus|Intimidate|boost
|-unboost|p2a: Toxapex|atk|1
|move|p2a: Toxapex|Toxic|p1a: Landorus
|-fail|p1a: Landorus|tox
|
|-damage|p1a: Landorus|28/100 tox|[from] psn
|upkeep
|turn|14
|
|t:|1659526273
|switch|p2a: Corviknight|Corviknight, F|36/100
|-damage|p2a: Corviknight|23/100|[from] Stealth Rock
|-ability|p2a: Corviknight|Pressure
|move|p1a: Landorus|Earthquake|p2a: Corviknight
|-immune|p2a: Corviknight
|
|-heal|p2a: Corviknight|29/100|[from] item: Leftovers
|-damage|p1a: Landorus|16/100 tox|[from] psn
|-sideend|p1: LT91BB Gray|move: Aurora Veil
|upkeep
|turn|15
|
|t:|1659526277
|switch|p2a: Jirachi|Jirachi|82/100
|-damage|p2a: Jirachi|76/100|[from] Stealth Rock
|move|p1a: Landorus|Stone Edge|p2a: Jirachi
|-resisted|p2a: Jirachi
|-damage|p2a: Jirachi|59/100
|
|-damage|p1a: Landorus|0 fnt|[from] psn
|faint|p1a: Landorus
|upkeep
|
|t:|1659526279
|switch|p1a: Moltres|Moltres-Galar|80/100
|turn|16
|
|t:|1659526283
|move|p1a: Moltres|Fiery Wrath|p2a: Jirachi
|-supereffective|p2a: Jirachi
|-damage|p2a: Jirachi|10/100
|move|p2a: Jirachi|Iron Head|p1a: Moltres
|-damage|p1a: Moltres|50/100
|-ability|p1a: Moltres|Berserk|boost
|-boost|p1a: Moltres|spa|1
|
|upkeep
|turn|17
|
|t:|1659526287
|switch|p2a: Toxapex|Toxapex, F|100/100
|-damage|p2a: Toxapex|88/100|[from] Stealth Rock
|move|p1a: Moltres|Fiery Wrath|p2a: Toxapex
|-damage|p2a: Toxapex|48/100
|
|upkeep
|turn|18
|
|t:|1659526290
|move|p1a: Moltres|Hurricane|p2a: Toxapex|[miss]
|-miss|p1a: Moltres|p2a: Toxapex
|move|p2a: Toxapex|Recover|p2a: Toxapex
|-heal|p2a: Toxapex|98/100
|
|upkeep
|turn|19
|
|t:|1659526292
|move|p1a: Moltres|Fiery Wrath|p2a: Toxapex
|-damage|p2a: Toxapex|60/100
|move|p2a: Toxapex|Toxic|p1a: Moltres
|-status|p1a: Moltres|tox
|
|-damage|p1a: Moltres|44/100 tox|[from] psn
|upkeep
|turn|20
|
|t:|1659526295
|move|p1a: Moltres|Hurricane|p2a: Toxapex
|-damage|p2a: Toxapex|10/100
|move|p2a: Toxapex|Recover|p2a: Toxapex
|-heal|p2a: Toxapex|60/100
|
|-damage|p1a: Moltres|32/100 tox|[from] psn
|upkeep
|turn|21
|
|t:|1659526297
|move|p1a: Moltres|Fiery Wrath|p2a: Toxapex
|-damage|p2a: Toxapex|19/100
|move|p2a: Toxapex|Recover|p2a: Toxapex
|-heal|p2a: Toxapex|69/100
|
|-damage|p1a: Moltres|13/100 tox|[from] psn
|upkeep
|turn|22
|
|t:|1659526299
|move|p1a: Moltres|Fiery Wrath|p2a: Toxapex
|-damage|p2a: Toxapex|26/100
|move|p2a: Toxapex|Recover|p2a: Toxapex
|-heal|p2a: Toxapex|76/100
|
|-damage|p1a: Moltres|0 fnt|[from] psn
|faint|p1a: Moltres
|upkeep
|
|t:|1659526307
|switch|p1a: Blaziken|Blaziken, F|100/100
|-damage|p1a: Blaziken|88/100|[from] Stealth Rock
|-item|p1a: Blaziken|Air Balloon
|turn|23
|
|t:|1659526310
|move|p1a: Blaziken|Swords Dance|p1a: Blaziken
|-boost|p1a: Blaziken|atk|2
|move|p2a: Toxapex|Toxic|p1a: Blaziken
|-status|p1a: Blaziken|tox
|
|-damage|p1a: Blaziken|82/100 tox|[from] psn
|-ability|p1a: Blaziken|Speed Boost|boost
|-boost|p1a: Blaziken|spe|1
|upkeep
|turn|24
|
|t:|1659526312
|switch|p2a: Zeraora|Zeraora|41/100
|-damage|p2a: Zeraora|29/100|[from] Stealth Rock
|move|p1a: Blaziken|Thunder Punch|p2a: Zeraora
|-heal|p2a: Zeraora|53/100|[from] ability: Volt Absorb|[of] p1a: Blaziken
|
|-heal|p2a: Zeraora|59/100|[from] item: Leftovers
|-damage|p1a: Blaziken|70/100 tox|[from] psn
|-ability|p1a: Blaziken|Speed Boost|boost
|-boost|p1a: Blaziken|spe|1
|upkeep
|turn|25
|
|t:|1659526319
|switch|p2a: Moltres|Moltres|100/100
|-ability|p2a: Moltres|Pressure
|move|p1a: Blaziken|Close Combat|p2a: Moltres
|-resisted|p2a: Moltres
|-damage|p2a: Moltres|55/100
|-unboost|p1a: Blaziken|def|1
|-unboost|p1a: Blaziken|spd|1
|
|-damage|p1a: Blaziken|52/100 tox|[from] psn
|-ability|p1a: Blaziken|Speed Boost|boost
|-boost|p1a: Blaziken|spe|1
|upkeep
|turn|26
|
|t:|1659526325
|move|p1a: Blaziken|Thunder Punch|p2a: Moltres
|-supereffective|p2a: Moltres
|-damage|p2a: Moltres|0 fnt
|faint|p2a: Moltres
|
|-damage|p1a: Blaziken|28/100 tox|[from] psn
|-ability|p1a: Blaziken|Speed Boost|boost
|-boost|p1a: Blaziken|spe|1
|upkeep
|
|t:|1659526327
|switch|p2a: Jirachi|Jirachi|10/100
|-damage|p2a: Jirachi|4/100|[from] Stealth Rock
|turn|27
|
|t:|1659526330
|move|p2a: Jirachi|Protect|p2a: Jirachi
|-singleturn|p2a: Jirachi|Protect
|move|p1a: Blaziken|Thunder Punch|p2a: Jirachi
|-activate|p2a: Jirachi|move: Protect
|
|-damage|p1a: Blaziken|0 fnt|[from] psn
|faint|p1a: Blaziken
|upkeep
|
|t:|1659526333
|switch|p1a: Cloyster|Cloyster, F|100/100
|-status|p1a: Cloyster|tox
|-damage|p1a: Cloyster|76/100 tox|[from] Stealth Rock
|turn|28
|
|t:|1659526335
|move|p2a: Jirachi|Iron Head|p1a: Cloyster
|-damage|p1a: Cloyster|53/100 tox
|cant|p1a: Cloyster|flinch
|
|-damage|p1a: Cloyster|47/100 tox|[from] psn
|upkeep
|turn|29
|
|t:|1659526339
|switch|p1a: Jirachi|Jirachi|100/100
|-damage|p1a: Jirachi|94/100|[from] Stealth Rock
|move|p2a: Jirachi|Iron Head|p1a: Jirachi
|-resisted|p1a: Jirachi
|-damage|p1a: Jirachi|81/100
|
|upkeep
|turn|30
|
|t:|1659526342
|switch|p2a: Toxapex|Toxapex, F|100/100
|-damage|p2a: Toxapex|88/100|[from] Stealth Rock
|move|p1a: Jirachi|Doom Desire|p2a: Toxapex
|-start|p1a: Jirachi|Doom Desire
|
|upkeep
|turn|31
|
|t:|1659526347
|move|p1a: Jirachi|Healing Wish|p1a: Jirachi
|faint|p1a: Jirachi
|move|p2a: Toxapex|Knock Off|p1: Jirachi|[notarget]
|-fail|p2a: Toxapex
|
|upkeep
|
|t:|1659526350
|switch|p1a: Cloyster|Cloyster, F|47/100 tox
|-heal|p1a: Cloyster|100/100|[from] move: Healing Wish
|-status|p1a: Cloyster|tox
|-damage|p1a: Cloyster|76/100 tox|[from] Stealth Rock
|turn|32
|
|t:|1659526355
|move|p1a: Cloyster|Shell Smash|p1a: Cloyster
|-unboost|p1a: Cloyster|def|1
|-unboost|p1a: Cloyster|spd|1
|-boost|p1a: Cloyster|atk|2
|-boost|p1a: Cloyster|spa|2
|-boost|p1a: Cloyster|spe|2
|move|p2a: Toxapex|Knock Off|p1a: Cloyster
|-damage|p1a: Cloyster|55/100 tox
|-enditem|p1a: Cloyster|Life Orb|[from] move: Knock Off|[of] p2a: Toxapex
|
|-end|p2a: Toxapex|move: Doom Desire
|-resisted|p2a: Toxapex
|-damage|p2a: Toxapex|69/100
|-damage|p1a: Cloyster|49/100 tox|[from] psn
|upkeep
|turn|33
|
|t:|1659526360
|switch|p2a: Jirachi|Jirachi|4/100
|-damage|p2a: Jirachi|0 fnt|[from] Stealth Rock
|faint|p2a: Jirachi
|move|p1a: Cloyster|Explosion|p2: Jirachi|[notarget]
|-fail|p1a: Cloyster
|faint|p1a: Cloyster
|
|upkeep
|-message|LT91BB Gray forfeited.
|
|win|dmt dreams
|raw|LT91BB Gray's rating: 1893 &rarr; <strong>1875</strong><br />(-18 for losing)
|raw|dmt dreams's rating: 1936 &rarr; <strong>1954</strong><br />(+18 for winning)
|l|☆LT91BB Gray
