|j|☆GothamPaladin
|j|☆trumps convoy
|t:|1661033811
|gametype|singles
|player|p1|GothamPaladin|red|1658
|player|p2|trumps convoy|101|1601
|teamsize|p1|6
|teamsize|p2|6
|gen|8
|tier|[Gen 8] OU
|rated|
|rule|Sleep Clause Mod: Limit one foe put to sleep
|rule|Species Clause: Limit one of each Pokémon
|rule|OHKO Clause: OHKO moves are banned
|rule|Evasion Items Clause: Evasion items are banned
|rule|Evasion Moves Clause: Evasion moves are banned
|rule|Endless Battle Clause: Forcing endless battles is banned
|rule|HP Percentage Mod: HP is shown in percentages
|rule|Dynamax Clause: You cannot dynamax
|clearpoke
|poke|p1|Volcanion|
|poke|p1|Aegislash, M|
|poke|p1|Landorus-Therian, M|
|poke|p1|Clefable, M|
|poke|p1|Urshifu-*, M|
|poke|p1|Weavile, M|
|poke|p2|Magnezone|
|poke|p2|Tornadus-Therian, M|
|poke|p2|Slowbro, F|
|poke|p2|Rotom-Heat|
|poke|p2|Buzzwole|
|poke|p2|Tyranitar, F|
|teampreview
|
|t:|1661033823
|start
|switch|p1a: Landorus|Landorus-Therian, M|100/100
|switch|p2a: Tornadus|Tornadus-Therian, M|100/100
|-ability|p1a: Landorus|Intimidate|boost
|-unboost|p2a: Tornadus|atk|1
|turn|1
|
|t:|1661033831
|move|p2a: Tornadus|Nasty Plot|p2a: Tornadus
|-boost|p2a: Tornadus|spa|2
|move|p1a: Landorus|Stealth Rock|p2a: Tornadus
|-sidestart|p2: trumps convoy|move: Stealth Rock
|
|upkeep
|turn|2
|
|t:|1661033835
|move|p2a: Tornadus|Hurricane|p1a: Landorus|[miss]
|-miss|p2a: Tornadus|p1a: Landorus
|move|p1a: Landorus|U-turn|p2a: Tornadus
|-resisted|p2a: Tornadus
|-crit|p2a: Tornadus
|-damage|p2a: Tornadus|79/100
|
|t:|1661033836
|switch|p1a: Weavile|Weavile, M|100/100|[from]move: U-turn
|-ability|p1a: Weavile|Pressure
|
|upkeep
|turn|3
|
|t:|1661033842
|switch|p2a: Buzzwole|Buzzwole|100/100
|-damage|p2a: Buzzwole|88/100|[from] Stealth Rock
|move|p1a: Weavile|Triple Axel|p2a: Buzzwole
|-crit|p2a: Buzzwole
|-damage|p2a: Buzzwole|77/100
|-damage|p1a: Weavile|84/100|[from] item: Rocky Helmet|[of] p2a: Buzzwole
|-damage|p2a: Buzzwole|63/100
|-damage|p1a: Weavile|68/100|[from] item: Rocky Helmet|[of] p2a: Buzzwole
|-damage|p2a: Buzzwole|44/100
|-damage|p1a: Weavile|51/100|[from] item: Rocky Helmet|[of] p2a: Buzzwole
|-hitcount|p2a: Buzzwole|3
|
|upkeep
|turn|4
|
|t:|1661033853
|switch|p1a: Aegislash|Aegislash, M|100/100
|move|p2a: Buzzwole|Roost|p2a: Buzzwole
|-heal|p2a: Buzzwole|94/100
|-singleturn|p2a: Buzzwole|move: Roost
|
|upkeep
|turn|5
|
|t:|1661033858
|move|p2a: Buzzwole|Earthquake|p1a: Aegislash
|-supereffective|p1a: Aegislash
|-damage|p1a: Aegislash|37/100
|move|p1a: Aegislash|Toxic|p2a: Buzzwole
|-status|p2a: Buzzwole|tox
|
|-heal|p1a: Aegislash|43/100|[from] item: Leftovers
|-damage|p2a: Buzzwole|88/100 tox|[from] psn
|upkeep
|turn|6
|
|t:|1661033863
|move|p1a: Aegislash|King's Shield|p1a: Aegislash
|-singleturn|p1a: Aegislash|Protect
|move|p2a: Buzzwole|Roost|p2a: Buzzwole
|-heal|p2a: Buzzwole|100/100 tox
|-singleturn|p2a: Buzzwole|move: Roost
|
|-heal|p1a: Aegislash|49/100|[from] item: Leftovers
|-damage|p2a: Buzzwole|88/100 tox|[from] psn
|upkeep
|turn|7
|
|t:|1661033868
|switch|p1a: Clefable|Clefable, M|100/100
|move|p2a: Buzzwole|Ice Punch|p1a: Clefable
|-damage|p1a: Clefable|75/100
|
|-heal|p1a: Clefable|81/100|[from] item: Leftovers
|-damage|p2a: Buzzwole|70/100 tox|[from] psn
|upkeep
|turn|8
|
|t:|1661033876
|switch|p2a: Slowbro|Slowbro, F|100/100
|switch|p1a: Volcanion|Volcanion|100/100
|
|upkeep
|turn|9
|
|t:|1661033880
|move|p1a: Volcanion|Steam Eruption|p2a: Slowbro
|-resisted|p2a: Slowbro
|-damage|p2a: Slowbro|65/100
|-status|p2a: Slowbro|brn
|move|p2a: Slowbro|Future Sight|p1a: Volcanion
|-start|p2a: Slowbro|move: Future Sight
|
|-damage|p2a: Slowbro|59/100 brn|[from] brn
|upkeep
|turn|10
|
|t:|1661033887
|move|p1a: Volcanion|Steam Eruption|p2a: Slowbro
|-resisted|p2a: Slowbro
|-damage|p2a: Slowbro|24/100 brn
|move|p2a: Slowbro|Teleport|p2a: Slowbro
|
|t:|1661033891
|switch|p2a: Rotom|Rotom-Heat|100/100|[from]move: Teleport
|
|upkeep
|turn|11
|
|t:|1661033897
|switch|p1a: Landorus|Landorus-Therian, M|100/100
|-ability|p1a: Landorus|Intimidate|boost
|-unboost|p2a: Rotom|atk|1
|move|p2a: Rotom|Discharge|p1a: Landorus
|-immune|p1a: Landorus
|
|-end|p1a: Landorus|move: Future Sight
|-damage|p1a: Landorus|68/100
|-heal|p1a: Landorus|74/100|[from] item: Leftovers
|upkeep
|turn|12
|
|t:|1661033947
|move|p2a: Rotom|Nasty Plot|p2a: Rotom
|-boost|p2a: Rotom|spa|2
|move|p1a: Landorus|U-turn|p2a: Rotom
|-resisted|p2a: Rotom
|-damage|p2a: Rotom|88/100
|
|t:|1661033956
|switch|p1a: Urshifu|Urshifu-Rapid-Strike, M|100/100|[from]move: U-turn
|
|upkeep
|turn|13
|
|t:|1661033963
|switch|p2a: Buzzwole|Buzzwole|70/100 tox
|-damage|p2a: Buzzwole|57/100 tox|[from] Stealth Rock
|move|p1a: Urshifu|U-turn|p2a: Buzzwole
|-resisted|p2a: Buzzwole
|-damage|p2a: Buzzwole|50/100 tox
|-damage|p1a: Urshifu|84/100|[from] item: Rocky Helmet|[of] p2a: Buzzwole
|
|t:|1661033967
|switch|p1a: Volcanion|Volcanion|100/100|[from]move: U-turn
|
|-damage|p2a: Buzzwole|44/100 tox|[from] psn
|upkeep
|turn|14
|
|t:|1661033973
|move|p2a: Buzzwole|Earthquake|p1a: Volcanion
|-supereffective|p1a: Volcanion
|-damage|p1a: Volcanion|22/100
|move|p1a: Volcanion|Steam Eruption|p2a: Buzzwole|[miss]
|-miss|p1a: Volcanion|p2a: Buzzwole
|
|-damage|p2a: Buzzwole|31/100 tox|[from] psn
|upkeep
|turn|15
|
|t:|1661033982
|move|p2a: Buzzwole|Earthquake|p1a: Volcanion
|-supereffective|p1a: Volcanion
|-damage|p1a: Volcanion|0 fnt
|faint|p1a: Volcanion
|-ability|p2a: Buzzwole|Beast Boost|boost
|-boost|p2a: Buzzwole|atk|1
|
|-damage|p2a: Buzzwole|13/100 tox|[from] psn
|upkeep
|
|t:|1661033989
|switch|p1a: Urshifu|Urshifu-Rapid-Strike, M|84/100
|turn|16
|
|t:|1661033994
|move|p1a: Urshifu|U-turn|p2a: Buzzwole
|-resisted|p2a: Buzzwole
|-damage|p2a: Buzzwole|5/100 tox
|-damage|p1a: Urshifu|68/100|[from] item: Rocky Helmet|[of] p2a: Buzzwole
|
|t:|1661033996
|switch|p1a: Landorus|Landorus-Therian, M|74/100|[from]move: U-turn
|-ability|p1a: Landorus|Intimidate|boost
|-unboost|p2a: Buzzwole|atk|1
|move|p2a: Buzzwole|Roost|p2a: Buzzwole
|-heal|p2a: Buzzwole|55/100 tox
|-singleturn|p2a: Buzzwole|move: Roost
|
|-heal|p1a: Landorus|80/100|[from] item: Leftovers
|-damage|p2a: Buzzwole|31/100 tox|[from] psn
|upkeep
|turn|17
|inactive|Battle timer is ON: inactive players will automatically lose when time's up. (requested by GothamPaladin)
|inactive|trumps convoy has 120 seconds left.
|inactive|trumps convoy has 90 seconds left.
|
|t:|1661034104
|switch|p2a: Slowbro|Slowbro, F|57/100 brn
|switch|p1a: Urshifu|Urshifu-Rapid-Strike, M|68/100
|
|-damage|p2a: Slowbro|51/100 brn|[from] brn
|upkeep
|turn|18
|
|t:|1661034110
|move|p1a: Urshifu|U-turn|p2a: Slowbro
|-supereffective|p2a: Slowbro
|-damage|p2a: Slowbro|21/100 brn
|
|t:|1661034114
|switch|p1a: Aegislash|Aegislash, M|49/100|[from]move: U-turn
|move|p2a: Slowbro|Teleport|p2a: Slowbro
|
|t:|1661034122
|switch|p2a: Tyranitar|Tyranitar, F|100/100|[from]move: Teleport
|-damage|p2a: Tyranitar|88/100|[from] Stealth Rock
|-weather|Sandstorm|[from] ability: Sand Stream|[of] p2a: Tyranitar
|
|-weather|Sandstorm|[upkeep]
|-heal|p1a: Aegislash|55/100|[from] item: Leftovers
|-heal|p2a: Tyranitar|94/100|[from] item: Leftovers
|upkeep
|turn|19
|
|t:|1661034131
|move|p1a: Aegislash|Toxic|p2a: Tyranitar
|-status|p2a: Tyranitar|tox
|move|p2a: Tyranitar|Stealth Rock|p1a: Aegislash
|-sidestart|p1: GothamPaladin|move: Stealth Rock
|
|-weather|Sandstorm|[upkeep]
|-heal|p1a: Aegislash|62/100|[from] item: Leftovers
|-heal|p2a: Tyranitar|100/100 tox|[from] item: Leftovers
|-damage|p2a: Tyranitar|94/100 tox|[from] psn
|upkeep
|turn|20
|
|t:|1661034139
|move|p1a: Aegislash|Substitute|p1a: Aegislash
|-start|p1a: Aegislash|Substitute
|-damage|p1a: Aegislash|37/100
|move|p2a: Tyranitar|Thunder Wave||[still]
|-fail|p2a: Tyranitar
|
|-weather|Sandstorm|[upkeep]
|-heal|p1a: Aegislash|43/100|[from] item: Leftovers
|-heal|p2a: Tyranitar|100/100 tox|[from] item: Leftovers
|-damage|p2a: Tyranitar|88/100 tox|[from] psn
|upkeep
|turn|21
|
|t:|1661034144
|move|p1a: Aegislash|King's Shield|p1a: Aegislash
|-singleturn|p1a: Aegislash|Protect
|move|p2a: Tyranitar|Earthquake|p1a: Aegislash
|-activate|p1a: Aegislash|move: Protect
|
|-weather|Sandstorm|[upkeep]
|-heal|p1a: Aegislash|49/100|[from] item: Leftovers
|-heal|p2a: Tyranitar|94/100 tox|[from] item: Leftovers
|-damage|p2a: Tyranitar|76/100 tox|[from] psn
|upkeep
|turn|22
|
|t:|1661034153
|-formechange|p1a: Aegislash|Aegislash-Blade||[from] ability: Stance Change
|move|p1a: Aegislash|Shadow Ball|p2a: Tyranitar
|-resisted|p2a: Tyranitar
|-damage|p2a: Tyranitar|67/100 tox
|-unboost|p2a: Tyranitar|spd|1
|move|p2a: Tyranitar|Earthquake|p1a: Aegislash
|-supereffective|p1a: Aegislash
|-end|p1a: Aegislash|Substitute
|
|-weather|none
|-heal|p1a: Aegislash|55/100|[from] item: Leftovers
|-heal|p2a: Tyranitar|73/100 tox|[from] item: Leftovers
|-damage|p2a: Tyranitar|48/100 tox|[from] psn
|upkeep
|turn|23
|
|t:|1661034161
|-formechange|p1a: Aegislash|Aegislash||[from] ability: Stance Change
|move|p1a: Aegislash|King's Shield|p1a: Aegislash
|-singleturn|p1a: Aegislash|Protect
|move|p2a: Tyranitar|Earthquake|p1a: Aegislash
|-activate|p1a: Aegislash|move: Protect
|
|-heal|p1a: Aegislash|61/100|[from] item: Leftovers
|-heal|p2a: Tyranitar|54/100 tox|[from] item: Leftovers
|-damage|p2a: Tyranitar|24/100 tox|[from] psn
|upkeep
|turn|24
|j| squeebee
|
|t:|1661034176
|-formechange|p1a: Aegislash|Aegislash-Blade||[from] ability: Stance Change
|move|p1a: Aegislash|Shadow Ball|p2a: Tyranitar
|-resisted|p2a: Tyranitar
|-damage|p2a: Tyranitar|1/100 tox
|-unboost|p2a: Tyranitar|spd|1
|move|p2a: Tyranitar|Earthquake|p1a: Aegislash
|-supereffective|p1a: Aegislash
|-damage|p1a: Aegislash|0 fnt
|faint|p1a: Aegislash
|
|-heal|p2a: Tyranitar|8/100 tox|[from] item: Leftovers
|-damage|p2a: Tyranitar|0 fnt|[from] psn
|faint|p2a: Tyranitar
|upkeep
|
|t:|1661034187
|switch|p1a: Clefable|Clefable, M|81/100
|switch|p2a: Slowbro|Slowbro, F|54/100 brn
|turn|25
|
|t:|1661034190
|move|p1a: Clefable|Thunder|p2a: Slowbro
|-supereffective|p2a: Slowbro
|-damage|p2a: Slowbro|5/100 brn
|move|p2a: Slowbro|Teleport|p2a: Slowbro
|
|t:|1661034198
|switch|p2a: Rotom|Rotom-Heat|88/100|[from]move: Teleport
|
|-heal|p1a: Clefable|88/100|[from] item: Leftovers
|upkeep
|turn|26
|
|t:|1661034207
|switch|p2a: Magnezone|Magnezone|100/100
|-damage|p2a: Magnezone|94/100|[from] Stealth Rock
|move|p1a: Clefable|Calm Mind|p1a: Clefable
|-boost|p1a: Clefable|spa|1
|-boost|p1a: Clefable|spd|1
|
|-heal|p2a: Magnezone|100/100|[from] item: Leftovers
|-heal|p1a: Clefable|94/100|[from] item: Leftovers
|upkeep
|turn|27
|
|t:|1661034213
|move|p2a: Magnezone|Toxic|p1a: Clefable
|-status|p1a: Clefable|tox
|move|p1a: Clefable|Calm Mind|p1a: Clefable
|-boost|p1a: Clefable|spa|1
|-boost|p1a: Clefable|spd|1
|
|-heal|p1a: Clefable|99/100 tox|[from] item: Leftovers
|upkeep
|turn|28
|inactive|trumps convoy has 120 seconds left.
|
|t:|1661034250
|move|p2a: Magnezone|Thunderbolt|p1a: Clefable
|-damage|p1a: Clefable|85/100 tox
|move|p1a: Clefable|Calm Mind|p1a: Clefable
|-boost|p1a: Clefable|spa|1
|-boost|p1a: Clefable|spd|1
|
|-heal|p1a: Clefable|91/100 tox|[from] item: Leftovers
|upkeep
|turn|29
|inactive|trumps convoy has 120 seconds left.
|
|t:|1661034257
|switch|p2a: Rotom|Rotom-Heat|88/100
|move|p1a: Clefable|Calm Mind|p1a: Clefable
|-boost|p1a: Clefable|spa|1
|-boost|p1a: Clefable|spd|1
|
|-heal|p1a: Clefable|97/100 tox|[from] item: Leftovers
|upkeep
|turn|30
|
|t:|1661034260
|move|p2a: Rotom|Nasty Plot|p2a: Rotom
|-boost|p2a: Rotom|spa|2
|move|p1a: Clefable|Moonblast|p2a: Rotom
|-resisted|p2a: Rotom
|-damage|p2a: Rotom|37/100
|
|-heal|p1a: Clefable|100/100 tox|[from] item: Leftovers
|upkeep
|turn|31
|
|t:|1661034265
|move|p2a: Rotom|Pain Split|p1a: Clefable
|-sethp|p1a: Clefable|65/100 tox|[from] move: Pain Split|[silent]
|-sethp|p2a: Rotom|84/100|[from] move: Pain Split
|move|p1a: Clefable|Moonblast|p2a: Rotom
|-resisted|p2a: Rotom
|-damage|p2a: Rotom|34/100
|-unboost|p2a: Rotom|spa|1
|
|-heal|p1a: Clefable|71/100 tox|[from] item: Leftovers
|upkeep
|turn|32
|
|t:|1661034269
|move|p2a: Rotom|Pain Split|p1a: Clefable
|-sethp|p1a: Clefable|49/100 tox|[from] move: Pain Split|[silent]
|-sethp|p2a: Rotom|63/100|[from] move: Pain Split
|move|p1a: Clefable|Moonblast|p2a: Rotom
|-resisted|p2a: Rotom
|-crit|p2a: Rotom
|-damage|p2a: Rotom|0 fnt
|faint|p2a: Rotom
|
|-heal|p1a: Clefable|55/100 tox|[from] item: Leftovers
|upkeep
|c|☆trumps convoy|so lucky and trash
|l| squeebee
|
|t:|1661034296
|switch|p2a: Tornadus|Tornadus-Therian, M|100/100
|turn|33
|c|☆GothamPaladin|me?
|c|☆GothamPaladin|you got outplayed lol
|
|t:|1661034306
|move|p2a: Tornadus|Knock Off|p1a: Clefable
|-resisted|p1a: Clefable
|-damage|p1a: Clefable|46/100 tox
|-enditem|p1a: Clefable|Leftovers|[from] move: Knock Off|[of] p2a: Tornadus
|move|p1a: Clefable|Soft-Boiled|p1a: Clefable
|-heal|p1a: Clefable|96/100 tox
|
|upkeep
|turn|34
|c|☆trumps convoy|i got hacked idiot
|c|☆GothamPaladin|hacked
|inactive|trumps convoy has 120 seconds left.
|
|t:|1661034337
|move|p2a: Tornadus|Hurricane|p1a: Clefable
|-damage|p1a: Clefable|82/100 tox
|move|p1a: Clefable|Moonblast|p2a: Tornadus
|-damage|p2a: Tornadus|0 fnt
|faint|p2a: Tornadus
|
|upkeep
|c|☆GothamPaladin|easiest game of my life
|c|☆GothamPaladin|gg
|-message|trumps convoy forfeited.
|
|win|GothamPaladin
|raw|GothamPaladin's rating: 1658 &rarr; <strong>1675</strong><br />(+17 for winning)
|raw|trumps convoy's rating: 1601 &rarr; <strong>1584</strong><br />(-17 for losing)
|l|☆trumps convoy
