|j|☆Takinah
|j|☆quixana
|t:|1667697829
|gametype|singles
|player|p1|Takinah|akari|1693
|player|p2|quixana|ethan-pokeathlon|1824
|teamsize|p1|6
|teamsize|p2|6
|gen|8
|tier|[Gen 8] OU
|rated|
|rule|Sleep Clause Mod: Limit one foe put to sleep
|rule|Species Clause: Limit one of each Pokémon
|rule|OHKO Clause: OHKO moves are banned
|rule|Evasion Items Clause: Evasion items are banned
|rule|Evasion Moves Clause: Evasion moves are banned
|rule|Endless Battle Clause: Forcing endless battles is banned
|rule|HP Percentage Mod: HP is shown in percentages
|rule|Dynamax Clause: You cannot dynamax
|clearpoke
|poke|p1|Rillaboom, F|
|poke|p1|Blaziken, M|
|poke|p1|Melmetal|
|poke|p1|Garchomp, F|
|poke|p1|Regieleki|
|poke|p1|Tapu Lele|
|poke|p2|Slowking-Galar, F|
|poke|p2|Tapu Koko|
|poke|p2|Hippowdon, F|
|poke|p2|Urshifu-*, M|
|poke|p2|Hydreigon, F|
|poke|p2|Corviknight, F|
|teampreview
|j| Jongruenwald
|
|t:|1667697871
|start
|switch|p1a: Tapu Lele|Tapu Lele|100/100
|switch|p2a: Tapu Koko|Tapu Koko|100/100
|-fieldstart|move: Psychic Terrain|[from] ability: Psychic Surge|[of] p1a: Tapu Lele
|-fieldstart|move: Electric Terrain|[from] ability: Electric Surge|[of] p2a: Tapu Koko
|turn|1
|
|t:|1667697883
|switch|p1a: Two Phones|Melmetal, shiny|100/100
|move|p2a: Tapu Koko|Volt Switch|p1a: Two Phones
|-damage|p1a: Two Phones|81/100
|
|t:|1667697896
|switch|p2a: Urshifu|Urshifu-Rapid-Strike, M|100/100|[from]move: Volt Switch
|
|upkeep
|turn|2
|
|t:|1667697903
|switch|p1a: Chompster|Garchomp, F, shiny|100/100
|move|p2a: Urshifu|Close Combat|p1a: Chompster
|-damage|p1a: Chompster|37/100
|-unboost|p2a: Urshifu|def|1
|-unboost|p2a: Urshifu|spd|1
|-damage|p2a: Urshifu|88/100|[from] ability: Rough Skin|[of] p1a: Chompster
|-damage|p2a: Urshifu|72/100|[from] item: Rocky Helmet|[of] p1a: Chompster
|
|upkeep
|turn|3
|
|t:|1667697911
|move|p2a: Urshifu|Close Combat|p1a: Chompster
|-damage|p1a: Chompster|0 fnt
|-unboost|p2a: Urshifu|def|1
|-unboost|p2a: Urshifu|spd|1
|-damage|p2a: Urshifu|59/100|[from] ability: Rough Skin|[of] p1a: Chompster
|-damage|p2a: Urshifu|43/100|[from] item: Rocky Helmet|[of] p1a: Chompster
|faint|p1a: Chompster
|
|upkeep
|
|t:|1667697923
|switch|p1a: Yung Rilla|Rillaboom, F, shiny|100/100
|-fieldstart|move: Grassy Terrain|[from] ability: Grassy Surge|[of] p1a: Yung Rilla
|turn|4
|
|t:|1667697928
|switch|p2a: Corviknight|Corviknight, F|100/100
|-ability|p2a: Corviknight|Pressure
|move|p1a: Yung Rilla|Grassy Glide|p2a: Corviknight
|-resisted|p2a: Corviknight
|-damage|p2a: Corviknight|89/100
|-damage|p1a: Yung Rilla|84/100|[from] item: Rocky Helmet|[of] p2a: Corviknight
|
|-heal|p1a: Yung Rilla|90/100|[from] Grassy Terrain
|upkeep
|turn|5
|
|t:|1667697935
|switch|p1a: KuhKaw|Blaziken, M, shiny|100/100
|move|p2a: Corviknight|U-turn|p1a: KuhKaw
|-resisted|p1a: KuhKaw
|-damage|p1a: KuhKaw|96/100
|
|t:|1667697946
|switch|p2a: Slowking|Slowking-Galar, F|100/100|[from]move: U-turn
|
|-heal|p1a: KuhKaw|100/100|[from] Grassy Terrain
|upkeep
|turn|6
|
|t:|1667697951
|move|p1a: KuhKaw|Swords Dance|p1a: KuhKaw
|-boost|p1a: KuhKaw|atk|2
|move|p2a: Slowking|Future Sight|p1a: KuhKaw
|-start|p2a: Slowking|move: Future Sight
|
|-ability|p1a: KuhKaw|Speed Boost|boost
|-boost|p1a: KuhKaw|spe|1
|upkeep
|turn|7
|j| Golem Rising
|j| Ctannn
|
|t:|1667697969
|move|p1a: KuhKaw|Flare Blitz|p2a: Slowking
|-damage|p2a: Slowking|0 fnt
|faint|p2a: Slowking
|-damage|p1a: KuhKaw|57/100|[from] Recoil
|-damage|p1a: KuhKaw|47/100|[from] item: Life Orb
|
|-heal|p1a: KuhKaw|53/100|[from] Grassy Terrain
|-ability|p1a: KuhKaw|Speed Boost|boost
|-boost|p1a: KuhKaw|spe|1
|upkeep
|
|t:|1667697979
|switch|p2a: Urshifu|Urshifu-Rapid-Strike, M|43/100
|turn|8
|
|t:|1667697993
|switch|p1a: Tapu Lele|Tapu Lele|100/100
|-fieldstart|move: Psychic Terrain|[from] ability: Psychic Surge|[of] p1a: Tapu Lele
|move|p2a: Urshifu|Close Combat|p1a: Tapu Lele
|-resisted|p1a: Tapu Lele
|-damage|p1a: Tapu Lele|62/100
|-unboost|p2a: Urshifu|def|1
|-unboost|p2a: Urshifu|spd|1
|
|-end|p1a: Tapu Lele|move: Future Sight
|-resisted|p1a: Tapu Lele
|-damage|p1a: Tapu Lele|29/100
|upkeep
|turn|9
|
|t:|1667698003
|move|p1a: Tapu Lele|Moonblast|p2a: Urshifu
|-supereffective|p2a: Urshifu
|-damage|p2a: Urshifu|0 fnt
|faint|p2a: Urshifu
|
|upkeep
|
|t:|1667698013
|switch|p2a: Tapu Koko|Tapu Koko|100/100
|-fieldstart|move: Electric Terrain|[from] ability: Electric Surge|[of] p2a: Tapu Koko
|turn|10
|
|t:|1667698024
|switch|p1a: Two Phones|Melmetal, shiny|81/100
|move|p2a: Tapu Koko|Volt Switch|p1a: Two Phones
|-damage|p1a: Two Phones|63/100
|
|t:|1667698053
|switch|p2a: Corviknight|Corviknight, F|89/100|[from]move: Volt Switch
|-ability|p2a: Corviknight|Pressure
|
|upkeep
|turn|11
|
|t:|1667698062
|move|p2a: Corviknight|Body Press|p1a: Two Phones
|-supereffective|p1a: Two Phones
|-damage|p1a: Two Phones|31/100
|move|p1a: Two Phones|Thunder Punch|p2a: Corviknight
|-supereffective|p2a: Corviknight
|-damage|p2a: Corviknight|42/100
|-damage|p1a: Two Phones|15/100|[from] item: Rocky Helmet|[of] p2a: Corviknight
|
|upkeep
|turn|12
|
|t:|1667698080
|switch|p1a: KuhKaw|Blaziken, M, shiny|53/100
|move|p2a: Corviknight|Roost|p2a: Corviknight
|-heal|p2a: Corviknight|92/100
|-singleturn|p2a: Corviknight|move: Roost
|
|upkeep
|turn|13
|
|t:|1667698100
|switch|p2a: Tapu Koko|Tapu Koko|100/100
|move|p1a: KuhKaw|Swords Dance|p1a: KuhKaw
|-boost|p1a: KuhKaw|atk|2
|
|-ability|p1a: KuhKaw|Speed Boost|boost
|-boost|p1a: KuhKaw|spe|1
|upkeep
|turn|14
|
|t:|1667698114
|move|p1a: KuhKaw|Close Combat|p2a: Tapu Koko
|-resisted|p2a: Tapu Koko
|-damage|p2a: Tapu Koko|0 fnt
|-unboost|p1a: KuhKaw|def|1
|-unboost|p1a: KuhKaw|spd|1
|faint|p2a: Tapu Koko
|-damage|p1a: KuhKaw|43/100|[from] item: Life Orb
|
|-fieldend|move: Electric Terrain
|-ability|p1a: KuhKaw|Speed Boost|boost
|-boost|p1a: KuhKaw|spe|1
|upkeep
|
|t:|1667698124
|switch|p2a: Hippowdon|Hippowdon, F|100/100
|-weather|Sandstorm|[from] ability: Sand Stream|[of] p2a: Hippowdon
|turn|15
|
|t:|1667698132
|move|p1a: KuhKaw|Close Combat|p2a: Hippowdon
|-damage|p2a: Hippowdon|0 fnt
|-unboost|p1a: KuhKaw|def|1
|-unboost|p1a: KuhKaw|spd|1
|faint|p2a: Hippowdon
|-damage|p1a: KuhKaw|33/100|[from] item: Life Orb
|
|-weather|Sandstorm|[upkeep]
|-damage|p1a: KuhKaw|27/100|[from] Sandstorm
|-ability|p1a: KuhKaw|Speed Boost|boost
|-boost|p1a: KuhKaw|spe|1
|upkeep
|
|t:|1667698137
|switch|p2a: Corviknight|Corviknight, F|92/100
|-ability|p2a: Corviknight|Pressure
|turn|16
|l| Jongruenwald
|
|t:|1667698143
|move|p1a: KuhKaw|Flare Blitz|p2a: Corviknight
|-supereffective|p2a: Corviknight
|-damage|p2a: Corviknight|0 fnt
|-damage|p1a: KuhKaw|11/100|[from] item: Rocky Helmet|[of] p2a: Corviknight
|faint|p2a: Corviknight
|-damage|p1a: KuhKaw|0 fnt|[from] Recoil
|faint|p1a: KuhKaw
|
|-weather|Sandstorm|[upkeep]
|upkeep
|
|t:|1667698160
|switch|p1a: Yung Rilla|Rillaboom, F, shiny|90/100
|switch|p2a: Hydreigon|Hydreigon, F|100/100
|-fieldstart|move: Grassy Terrain|[from] ability: Grassy Surge|[of] p1a: Yung Rilla
|turn|17
|j| Jongruenwald
|
|t:|1667698174
|move|p2a: Hydreigon|Flamethrower|p1a: Yung Rilla
|-supereffective|p1a: Yung Rilla
|-damage|p1a: Yung Rilla|0 fnt
|faint|p1a: Yung Rilla
|
|-weather|Sandstorm|[upkeep]
|-damage|p2a: Hydreigon|94/100|[from] Sandstorm
|upkeep
|
|t:|1667698196
|switch|p1a: Tapu Lele|Tapu Lele|29/100
|-fieldstart|move: Psychic Terrain|[from] ability: Psychic Surge|[of] p1a: Tapu Lele
|turn|18
|inactive|Battle timer is ON: inactive players will automatically lose when time's up. (requested by Takinah)
|
|t:|1667698257
|move|p1a: Tapu Lele|Moonblast|p2a: Hydreigon
|-supereffective|p2a: Hydreigon
|-damage|p2a: Hydreigon|0 fnt
|faint|p2a: Hydreigon
|
|win|Takinah
|raw|Takinah's rating: 1693 &rarr; <strong>1720</strong><br />(+27 for winning)
|raw|quixana's rating: 1824 &rarr; <strong>1797</strong><br />(-27 for losing)
|c|☆Takinah|gg
||Ladder isn't responding, score probably updated but might not have (Request timeout).
|l| Ctannn
