|html|<div class="broadcast-blue"><strong>[Gen 8] OU is currently suspecting Melmetal! For information on how to participate check out the <a href="https://www.smogon.com/forums/threads/np-ss-ou-suspect-process-round-12-monster-mash.3709234/">suspect thread</a>.</strong></div>
|j|☆Mamaw31180
|j|☆Daevank5
|t:|1666743362
|gametype|singles
|player|p1|Mamaw31180|lucas|1810
|player|p2|Daevank5|workerice|1896
|teamsize|p1|6
|teamsize|p2|6
|gen|8
|tier|[Gen 8] OU
|rated|
|rule|Sleep Clause Mod: Limit one foe put to sleep
|rule|Species Clause: Limit one of each Pokémon
|rule|OHKO Clause: OHKO moves are banned
|rule|Evasion Items Clause: Evasion items are banned
|rule|Evasion Moves Clause: Evasion moves are banned
|rule|Endless Battle Clause: Forcing endless battles is banned
|rule|HP Percentage Mod: HP is shown in percentages
|rule|Dynamax Clause: You cannot dynamax
|clearpoke
|poke|p1|Kartana|
|poke|p1|Blacephalon|
|poke|p1|Landorus-Therian, M|
|poke|p1|Slowbro, M|
|poke|p1|Zapdos|
|poke|p1|Tyranitar, F|
|poke|p2|Melmetal|
|poke|p2|Magnezone|
|poke|p2|Tyranitar, F|
|poke|p2|Slowbro, F|
|poke|p2|Excadrill, F|
|poke|p2|Tornadus-Therian, M|
|teampreview
|j| adav01
|inactive|Battle timer is ON: inactive players will automatically lose when time's up. (requested by Daevank5)
|
|t:|1666743378
|start
|switch|p1a: Slowbro|Slowbro, M|100/100
|switch|p2a: Tornadus|Tornadus-Therian, M|100/100
|turn|1
|l| adav01
|j| meatybawls
|
|t:|1666743400
|switch|p1a: Landorus|Landorus-Therian, M|100/100
|-ability|p1a: Landorus|Intimidate|boost
|-unboost|p2a: Tornadus|atk|1
|move|p2a: Tornadus|Knock Off|p1a: Landorus
|-damage|p1a: Landorus|87/100
|-enditem|p1a: Landorus|Leftovers|[from] move: Knock Off|[of] p2a: Tornadus
|
|upkeep
|turn|2
|
|t:|1666743404
|move|p2a: Tornadus|Taunt|p1a: Landorus
|-start|p1a: Landorus|move: Taunt
|cant|p1a: Landorus|move: Taunt|Stealth Rock
|
|upkeep
|turn|3
|
|t:|1666743407
|move|p2a: Tornadus|Hurricane|p1a: Landorus
|-damage|p1a: Landorus|57/100
|move|p1a: Landorus|U-turn|p2a: Tornadus
|-resisted|p2a: Tornadus
|-damage|p2a: Tornadus|90/100
|
|t:|1666743410
|switch|p1a: Zapdos|Zapdos|100/100|[from]move: U-turn
|
|upkeep
|turn|4
|
|t:|1666743413
|move|p2a: Tornadus|Knock Off|p1a: Zapdos
|-damage|p1a: Zapdos|89/100
|-status|p2a: Tornadus|par|[from] ability: Static|[of] p1a: Zapdos
|-enditem|p1a: Zapdos|Heavy-Duty Boots|[from] move: Knock Off|[of] p2a: Tornadus
|move|p1a: Zapdos|Volt Switch|p2a: Tornadus
|-supereffective|p2a: Tornadus
|-damage|p2a: Tornadus|28/100 par
|
|t:|1666743418
|switch|p1a: Blacephalon|Blacephalon|100/100|[from]move: Volt Switch
|
|upkeep
|turn|5
|
|t:|1666743422
|switch|p2a: Tyranitar|Tyranitar, F|100/100
|-weather|Sandstorm|[from] ability: Sand Stream|[of] p2a: Tyranitar
|move|p1a: Blacephalon|Overheat|p2a: Tyranitar
|-resisted|p2a: Tyranitar
|-damage|p2a: Tyranitar|79/100
|-unboost|p1a: Blacephalon|spa|2
|
|-weather|Sandstorm|[upkeep]
|-damage|p1a: Blacephalon|94/100|[from] Sandstorm
|-heal|p2a: Tyranitar|85/100|[from] item: Leftovers
|upkeep
|turn|6
|
|t:|1666743428
|switch|p1a: Landorus|Landorus-Therian, M|57/100
|-ability|p1a: Landorus|Intimidate|boost
|-unboost|p2a: Tyranitar|atk|1
|move|p2a: Tyranitar|Stealth Rock|p1a: Landorus
|-sidestart|p1: Mamaw31180|move: Stealth Rock
|
|-weather|Sandstorm|[upkeep]
|-heal|p2a: Tyranitar|91/100|[from] item: Leftovers
|upkeep
|turn|7
|
|t:|1666743432
|switch|p2a: Tornadus|Tornadus-Therian, M|61/100 par
|move|p1a: Landorus|U-turn|p2a: Tornadus
|-resisted|p2a: Tornadus
|-damage|p2a: Tornadus|49/100 par
|j| Natsume233
|
|t:|1666743437
|switch|p1a: Tyranitar|Tyranitar, F|100/100|[from]move: U-turn
|-damage|p1a: Tyranitar|88/100|[from] Stealth Rock
|
|-weather|Sandstorm|[upkeep]
|-damage|p2a: Tornadus|43/100 par|[from] Sandstorm
|upkeep
|turn|8
|
|t:|1666743446
|switch|p2a: Tyranitar|Tyranitar, F|91/100
|move|p1a: Tyranitar|Crunch|p2a: Tyranitar
|-resisted|p2a: Tyranitar
|-damage|p2a: Tyranitar|63/100
|
|-weather|Sandstorm|[upkeep]
|-heal|p2a: Tyranitar|69/100|[from] item: Leftovers
|upkeep
|turn|9
|j| Jongruenwald
|
|t:|1666743453
|switch|p1a: Slowbro|Slowbro, M|100/100
|-damage|p1a: Slowbro|88/100|[from] Stealth Rock
|switch|p2a: SlowBoob|Slowbro, F|100/100
|
|-weather|none
|upkeep
|turn|10
|
|t:|1666743456
|move|p1a: Slowbro|Teleport|p1a: Slowbro
|
|t:|1666743465
|switch|p1a: Zapdos|Zapdos|89/100|[from]move: Teleport
|-damage|p1a: Zapdos|64/100|[from] Stealth Rock
|move|p2a: SlowBoob|Teleport|p2a: SlowBoob
|
|t:|1666743473
|switch|p2a: Tyranitar|Tyranitar, F|69/100|[from]move: Teleport
|-weather|Sandstorm|[from] ability: Sand Stream|[of] p2a: Tyranitar
|
|-weather|Sandstorm|[upkeep]
|-damage|p1a: Zapdos|58/100|[from] Sandstorm
|-heal|p2a: Tyranitar|75/100|[from] item: Leftovers
|upkeep
|turn|11
|
|t:|1666743476
|move|p1a: Zapdos|Volt Switch|p2a: Tyranitar
|-damage|p2a: Tyranitar|62/100
|
|t:|1666743478
|switch|p1a: Slowbro|Slowbro, M|100/100|[from]move: Volt Switch
|-damage|p1a: Slowbro|88/100|[from] Stealth Rock
|move|p2a: Tyranitar|Rock Blast|p1a: Slowbro
|-damage|p1a: Slowbro|81/100
|-damage|p1a: Slowbro|74/100
|-damage|p1a: Slowbro|67/100
|-hitcount|p1a: Slowbro|3
|
|-weather|Sandstorm|[upkeep]
|-damage|p1a: Slowbro|61/100|[from] Sandstorm
|-heal|p2a: Tyranitar|68/100|[from] item: Leftovers
|upkeep
|turn|12
|
|t:|1666743489
|move|p2a: Tyranitar|Thunder Wave|p1a: Slowbro
|-status|p1a: Slowbro|par
|cant|p1a: Slowbro|par
|
|-weather|Sandstorm|[upkeep]
|-damage|p1a: Slowbro|55/100 par|[from] Sandstorm
|-heal|p2a: Tyranitar|75/100|[from] item: Leftovers
|upkeep
|turn|13
|
|t:|1666743499
|switch|p2a: MurderOnMyMind|Melmetal|100/100
|cant|p1a: Slowbro|par
|
|-weather|Sandstorm|[upkeep]
|-damage|p1a: Slowbro|49/100 par|[from] Sandstorm
|upkeep
|turn|14
|
|t:|1666743504
|switch|p1a: Zapdos|Zapdos|58/100
|-damage|p1a: Zapdos|33/100|[from] Stealth Rock
|move|p2a: MurderOnMyMind|Double Iron Bash|p1a: Zapdos
|-resisted|p1a: Zapdos
|-damage|p1a: Zapdos|17/100
|-status|p2a: MurderOnMyMind|par|[from] ability: Static|[of] p1a: Zapdos
|-resisted|p1a: Zapdos
|-damage|p1a: Zapdos|0 fnt
|faint|p1a: Zapdos
|-hitcount|p1: Zapdos|2
|
|-weather|none
|upkeep
|
|t:|1666743508
|switch|p1a: Blacephalon|Blacephalon|94/100
|-damage|p1a: Blacephalon|70/100|[from] Stealth Rock
|turn|15
|
|t:|1666743514
|switch|p1a: Slowbro|Slowbro, M|82/100 par
|-damage|p1a: Slowbro|69/100 par|[from] Stealth Rock
|switch|p2a: Tyranitar|Tyranitar, F|75/100
|-weather|Sandstorm|[from] ability: Sand Stream|[of] p2a: Tyranitar
|
|-weather|Sandstorm|[upkeep]
|-damage|p1a: Slowbro|63/100 par|[from] Sandstorm
|-heal|p2a: Tyranitar|81/100|[from] item: Leftovers
|upkeep
|turn|16
|
|t:|1666743518
|switch|p2a: Magnezone|Magnezone|100/100
|move|p1a: Slowbro|Body Press|p2a: Magnezone
|-supereffective|p2a: Magnezone
|-damage|p2a: Magnezone|45/100
|
|-weather|Sandstorm|[upkeep]
|-damage|p1a: Slowbro|57/100 par|[from] Sandstorm
|upkeep
|turn|17
|
|t:|1666743522
|switch|p1a: Landorus|Landorus-Therian, M|57/100
|-damage|p1a: Landorus|44/100|[from] Stealth Rock
|-ability|p1a: Landorus|Intimidate|boost
|-unboost|p2a: Magnezone|atk|1
|move|p2a: Magnezone|Flash Cannon|p1a: Landorus
|-damage|p1a: Landorus|0 fnt
|faint|p1a: Landorus
|
|-weather|Sandstorm|[upkeep]
|upkeep
|
|t:|1666743531
|switch|p1a: Blacephalon|Blacephalon|70/100
|-damage|p1a: Blacephalon|45/100|[from] Stealth Rock
|turn|18
|
|t:|1666743539
|switch|p1a: Tyranitar|Tyranitar, F|88/100
|-damage|p1a: Tyranitar|76/100|[from] Stealth Rock
|switch|p2a: Tyranitar|Tyranitar, F|81/100
|
|-weather|Sandstorm|[upkeep]
|-heal|p2a: Tyranitar|87/100|[from] item: Leftovers
|upkeep
|turn|19
|
|t:|1666743543
|switch|p2a: SlowBoob|Slowbro, F|100/100
|move|p1a: Tyranitar|Crunch|p2a: SlowBoob
|-supereffective|p2a: SlowBoob
|-enditem|p2a: SlowBoob|Colbur Berry|[eat]
|-enditem|p2a: SlowBoob|Colbur Berry|[weaken]
|-damage|p2a: SlowBoob|60/100
|
|-weather|none
|upkeep
|turn|20
|
|t:|1666743546
|switch|p2a: Tyranitar|Tyranitar, F|87/100
|-weather|Sandstorm|[from] ability: Sand Stream|[of] p2a: Tyranitar
|move|p1a: Tyranitar|Crunch|p2a: Tyranitar
|-resisted|p2a: Tyranitar
|-damage|p2a: Tyranitar|59/100
|
|-weather|Sandstorm|[upkeep]
|-heal|p2a: Tyranitar|66/100|[from] item: Leftovers
|upkeep
|turn|21
|
|t:|1666743549
|move|p1a: Tyranitar|Crunch|p2a: Tyranitar
|-resisted|p2a: Tyranitar
|-damage|p2a: Tyranitar|41/100
|move|p2a: Tyranitar|Earthquake|p1a: Tyranitar
|-supereffective|p1a: Tyranitar
|-damage|p1a: Tyranitar|20/100
|
|-weather|Sandstorm|[upkeep]
|-heal|p2a: Tyranitar|47/100|[from] item: Leftovers
|upkeep
|turn|22
|
|t:|1666743554
|move|p1a: Tyranitar|Crunch|p2a: Tyranitar
|-resisted|p2a: Tyranitar
|-damage|p2a: Tyranitar|19/100
|move|p2a: Tyranitar|Earthquake|p1a: Tyranitar
|-supereffective|p1a: Tyranitar
|-damage|p1a: Tyranitar|0 fnt
|faint|p1a: Tyranitar
|
|-weather|Sandstorm|[upkeep]
|-heal|p2a: Tyranitar|25/100|[from] item: Leftovers
|upkeep
|
|t:|1666743559
|switch|p1a: Kartana|Kartana|100/100
|-damage|p1a: Kartana|94/100|[from] Stealth Rock
|turn|23
|j| lalelosido
|
|t:|1666743565
|move|p1a: Kartana|Sacred Sword|p2a: Tyranitar
|-supereffective|p2a: Tyranitar
|-damage|p2a: Tyranitar|0 fnt
|faint|p2a: Tyranitar
|-ability|p1a: Kartana|Beast Boost|boost
|-boost|p1a: Kartana|atk|1
|
|-weather|Sandstorm|[upkeep]
|upkeep
|
|t:|1666743569
|switch|p2a: Tornadus|Tornadus-Therian, M|76/100 par
|turn|24
|
|t:|1666743573
|switch|p1a: Slowbro|Slowbro, M|91/100 par
|-damage|p1a: Slowbro|78/100 par|[from] Stealth Rock
|move|p2a: Tornadus|Hurricane|p1a: Slowbro
|-damage|p1a: Slowbro|35/100 par
|
|-weather|none
|upkeep
|turn|25
|j| pelotonian
|
|t:|1666743588
|cant|p2a: Tornadus|par
|cant|p1a: Slowbro|par
|
|upkeep
|turn|26
|
|t:|1666743591
|cant|p2a: Tornadus|par
|move|p1a: Slowbro|Teleport|p1a: Slowbro
|
|t:|1666743595
|switch|p1a: Kartana|Kartana|94/100|[from]move: Teleport
|-damage|p1a: Kartana|88/100|[from] Stealth Rock
|
|upkeep
|turn|27
|
|t:|1666743599
|move|p1a: Kartana|Smart Strike|p2a: Tornadus
|-damage|p2a: Tornadus|25/100 par
|move|p2a: Tornadus|Hurricane|p1a: Kartana|[miss]
|-miss|p2a: Tornadus|p1a: Kartana
|
|upkeep
|turn|28
|
|t:|1666743605
|switch|p1a: Slowbro|Slowbro, M|68/100 par
|-damage|p1a: Slowbro|56/100 par|[from] Stealth Rock
|switch|p2a: Magnezone|Magnezone|45/100
|
|upkeep
|turn|29
|
|t:|1666743608
|move|p2a: Magnezone|Volt Switch|p1a: Slowbro
|-supereffective|p1a: Slowbro
|-damage|p1a: Slowbro|0 fnt
|faint|p1a: Slowbro
|
|t:|1666743613
|switch|p2a: MurderOnMyMind|Melmetal|100/100 par|[from]move: Volt Switch
|
|upkeep
|
|t:|1666743616
|switch|p1a: Blacephalon|Blacephalon|45/100
|-damage|p1a: Blacephalon|20/100|[from] Stealth Rock
|turn|30
|
|t:|1666743626
|switch|p2a: SlowBoob|Slowbro, F|93/100
|move|p1a: Blacephalon|Flamethrower|p2a: SlowBoob
|-resisted|p2a: SlowBoob
|-damage|p2a: SlowBoob|50/100
|
|upkeep
|turn|31
|
|t:|1666743630
|move|p1a: Blacephalon|Flamethrower|p2a: SlowBoob
|-resisted|p2a: SlowBoob
|-damage|p2a: SlowBoob|12/100
|-status|p2a: SlowBoob|brn
|move|p2a: SlowBoob|Slack Off|p2a: SlowBoob
|-heal|p2a: SlowBoob|62/100 brn
|
|-damage|p2a: SlowBoob|56/100 brn|[from] brn
|upkeep
|turn|32
|
|t:|1666743636
|move|p1a: Blacephalon|Flamethrower|p2a: SlowBoob
|-resisted|p2a: SlowBoob
|-damage|p2a: SlowBoob|17/100 brn
|move|p2a: SlowBoob|Slack Off|p2a: SlowBoob
|-heal|p2a: SlowBoob|67/100 brn
|
|-damage|p2a: SlowBoob|61/100 brn|[from] brn
|upkeep
|turn|33
|
|t:|1666743639
|move|p1a: Blacephalon|Flamethrower|p2a: SlowBoob
|-resisted|p2a: SlowBoob
|-damage|p2a: SlowBoob|20/100 brn
|move|p2a: SlowBoob|Slack Off|p2a: SlowBoob
|-heal|p2a: SlowBoob|70/100 brn
|
|-damage|p2a: SlowBoob|64/100 brn|[from] brn
|upkeep
|turn|34
|
|t:|1666743641
|move|p1a: Blacephalon|Flamethrower|p2a: SlowBoob
|-resisted|p2a: SlowBoob
|-damage|p2a: SlowBoob|22/100 brn
|move|p2a: SlowBoob|Slack Off|p2a: SlowBoob
|-heal|p2a: SlowBoob|72/100 brn
|
|-damage|p2a: SlowBoob|66/100 brn|[from] brn
|upkeep
|turn|35
|
|t:|1666743644
|move|p1a: Blacephalon|Flamethrower|p2a: SlowBoob
|-resisted|p2a: SlowBoob
|-crit|p2a: SlowBoob
|-damage|p2a: SlowBoob|2/100 brn
|move|p2a: SlowBoob|Slack Off|p2a: SlowBoob
|-heal|p2a: SlowBoob|52/100 brn
|
|-damage|p2a: SlowBoob|46/100 brn|[from] brn
|upkeep
|turn|36
|
|t:|1666743646
|move|p1a: Blacephalon|Flamethrower|p2a: SlowBoob
|-resisted|p2a: SlowBoob
|-damage|p2a: SlowBoob|4/100 brn
|move|p2a: SlowBoob|Slack Off|p2a: SlowBoob
|-heal|p2a: SlowBoob|54/100 brn
|
|-damage|p2a: SlowBoob|48/100 brn|[from] brn
|upkeep
|turn|37
|
|t:|1666743648
|move|p1a: Blacephalon|Flamethrower|p2a: SlowBoob
|-resisted|p2a: SlowBoob
|-damage|p2a: SlowBoob|5/100 brn
|move|p2a: SlowBoob|Slack Off|p2a: SlowBoob
|-heal|p2a: SlowBoob|55/100 brn
|
|-damage|p2a: SlowBoob|49/100 brn|[from] brn
|upkeep
|turn|38
|
|t:|1666743664
|move|p1a: Blacephalon|Flamethrower|p2a: SlowBoob
|-resisted|p2a: SlowBoob
|-damage|p2a: SlowBoob|7/100 brn
|move|p2a: SlowBoob|Teleport|p2a: SlowBoob
|
|t:|1666743666
|switch|p2a: Tornadus|Tornadus-Therian, M|58/100 par|[from]move: Teleport
|
|upkeep
|turn|39
|
|t:|1666743671
|switch|p2a: SlowBoob|Slowbro, F|41/100 brn
|move|p1a: Blacephalon|Flamethrower|p2a: SlowBoob
|-resisted|p2a: SlowBoob
|-damage|p2a: SlowBoob|0 fnt
|faint|p2a: SlowBoob
|-ability|p1a: Blacephalon|Beast Boost|boost
|-boost|p1a: Blacephalon|spa|1
|
|upkeep
|
|t:|1666743673
|switch|p2a: Tornadus|Tornadus-Therian, M|91/100 par
|turn|40
|
|t:|1666743675
|move|p1a: Blacephalon|Flamethrower|p2a: Tornadus
|-damage|p2a: Tornadus|0 fnt
|faint|p2a: Tornadus
|-ability|p1a: Blacephalon|Beast Boost|boost
|-boost|p1a: Blacephalon|spa|1
|
|upkeep
|-message|Daevank5 forfeited.
|
|win|Mamaw31180
|raw|Mamaw31180's rating: 1810 &rarr; <strong>1835</strong><br />(+25 for winning)
|raw|Daevank5's rating: 1896 &rarr; <strong>1871</strong><br />(-25 for losing)
|l|☆Daevank5
|l| Natsume233
|l| Jongruenwald
|l| lalelosido
||Ladder isn't responding, score probably updated but might not have (Request timeout).
