|j|☆Suricata2000
|j|☆minimax_ai
|t:|1661853282
|gametype|singles
|player|p1|Suricata2000|cynthia|1618
|player|p2|minimax_ai|lusamine-nihilego|1581
|teamsize|p1|6
|teamsize|p2|6
|gen|8
|tier|[Gen 8] OU
|rated|
|rule|Sleep Clause Mod: Limit one foe put to sleep
|rule|Species Clause: Limit one of each Pokémon
|rule|OHKO Clause: OHKO moves are banned
|rule|Evasion Items Clause: Evasion items are banned
|rule|Evasion Moves Clause: Evasion moves are banned
|rule|Endless Battle Clause: Forcing endless battles is banned
|rule|HP Percentage Mod: HP is shown in percentages
|rule|Dynamax Clause: You cannot dynamax
|clearpoke
|poke|p1|Clefable, M|
|poke|p1|Tornadus-Therian, M|
|poke|p1|Nidoking, M|
|poke|p1|Slowbro, F|
|poke|p1|Urshifu-*, M|
|poke|p1|Ferrothorn, F|
|poke|p2|Rotom-Wash|
|poke|p2|Weavile, F|
|poke|p2|Landorus-Therian, M|
|poke|p2|Heatran, M|
|poke|p2|Tangrowth, F|
|poke|p2|Melmetal|
|teampreview
|c|☆minimax_ai|hf
|inactive|Battle timer is ON: inactive players will automatically lose when time's up. (requested by minimax_ai)
|
|t:|1661853293
|start
|switch|p1a: Clefable|Clefable, M|100/100
|switch|p2a: landorustherian|Landorus-Therian, M|100/100
|-ability|p2a: landorustherian|Intimidate|boost
|-unboost|p1a: Clefable|atk|1
|turn|1
|
|t:|1661853304
|move|p2a: landorustherian|Earthquake|p1a: Clefable
|-damage|p1a: Clefable|49/100
|move|p1a: Clefable|Stealth Rock|p2a: landorustherian
|-sidestart|p2: minimax_ai|move: Stealth Rock
|
|-heal|p1a: Clefable|55/100|[from] item: Leftovers
|upkeep
|turn|2
|
|t:|1661853311
|move|p2a: landorustherian|Defog|p1a: Clefable
|-unboost|p1a: Clefable|evasion|1
|-sideend|p2: minimax_ai|Stealth Rock|[from] move: Defog|[of] p2a: landorustherian
|move|p1a: Clefable|Soft-Boiled|p1a: Clefable
|-heal|p1a: Clefable|100/100
|
|upkeep
|turn|3
|
|t:|1661853318
|move|p2a: landorustherian|Earthquake|p1a: Clefable
|-damage|p1a: Clefable|49/100
|move|p1a: Clefable|Stealth Rock|p2a: landorustherian
|-sidestart|p2: minimax_ai|move: Stealth Rock
|
|-heal|p1a: Clefable|55/100|[from] item: Leftovers
|upkeep
|turn|4
|
|t:|1661853326
|move|p2a: landorustherian|Defog|p1a: Clefable
|-unboost|p1a: Clefable|evasion|1
|-sideend|p2: minimax_ai|Stealth Rock|[from] move: Defog|[of] p2a: landorustherian
|move|p1a: Clefable|Soft-Boiled|p1a: Clefable
|-heal|p1a: Clefable|100/100
|
|upkeep
|turn|5
|
|t:|1661853334
|switch|p1a: Tornadus|Tornadus-Therian, M, shiny|100/100
|move|p2a: landorustherian|Earthquake|p1a: Tornadus
|-immune|p1a: Tornadus
|
|upkeep
|turn|6
|
|t:|1661853340
|move|p1a: Tornadus|Knock Off|p2a: landorustherian
|-damage|p2a: landorustherian|81/100
|-enditem|p2a: landorustherian|Leftovers|[from] move: Knock Off|[of] p1a: Tornadus
|move|p2a: landorustherian|Earthquake|p1a: Tornadus
|-immune|p1a: Tornadus
|
|upkeep
|turn|7
|
|t:|1661853350
|move|p1a: Tornadus|Icy Wind|p2a: landorustherian
|-supereffective|p2a: landorustherian
|-crit|p2a: landorustherian
|-damage|p2a: landorustherian|15/100
|-unboost|p2a: landorustherian|spe|1
|move|p2a: landorustherian|Earthquake|p1a: Tornadus
|-immune|p1a: Tornadus
|
|upkeep
|turn|8
|c|☆Suricata2000|？
|
|t:|1661853364
|switch|p2a: rotomwash|Rotom-Wash|100/100
|move|p1a: Tornadus|Hurricane|p2a: rotomwash|[miss]
|-miss|p1a: Tornadus|p2a: rotomwash
|
|upkeep
|turn|9
|
|t:|1661853372
|move|p1a: Tornadus|Knock Off|p2a: rotomwash
|-damage|p2a: rotomwash|79/100
|-enditem|p2a: rotomwash|Leftovers|[from] move: Knock Off|[of] p1a: Tornadus
|move|p2a: rotomwash|Nasty Plot|p2a: rotomwash
|-boost|p2a: rotomwash|spa|2
|
|upkeep
|turn|10
|
|t:|1661853383
|move|p1a: Tornadus|U-turn|p2a: rotomwash
|-damage|p2a: rotomwash|63/100
|
|t:|1661853386
|switch|p1a: Ferrothorn|Ferrothorn, F|100/100|[from]move: U-turn
|move|p2a: rotomwash|Thunderbolt|p1a: Ferrothorn
|-resisted|p1a: Ferrothorn
|-damage|p1a: Ferrothorn|76/100
|
|-heal|p1a: Ferrothorn|82/100|[from] item: Leftovers
|upkeep
|turn|11
|
|t:|1661853395
|switch|p2a: Heatran|Heatran, M|100/100
|-item|p2a: Heatran|Air Balloon
|move|p1a: Ferrothorn|Leech Seed|p2a: Heatran
|-start|p2a: Heatran|move: Leech Seed
|
|-heal|p1a: Ferrothorn|88/100|[from] item: Leftovers
|-damage|p2a: Heatran|88/100|[from] Leech Seed|[of] p1a: Ferrothorn
|-heal|p1a: Ferrothorn|99/100|[silent]
|upkeep
|turn|12
|
|t:|1661853406
|switch|p1a: Slowbro|Slowbro, F|100/100
|move|p2a: Heatran|Stealth Rock|p1a: Slowbro
|-sidestart|p1: Suricata2000|move: Stealth Rock
|
|-damage|p2a: Heatran|76/100|[from] Leech Seed|[of] p1a: Slowbro
|upkeep
|turn|13
|
|t:|1661853415
|switch|p2a: Melmetal|Melmetal|100/100
|move|p1a: Slowbro|Teleport|p1a: Slowbro
|
|t:|1661853425
|switch|p1a: Nidoking|Nidoking, M|100/100|[from]move: Teleport
|-damage|p1a: Nidoking|95/100|[from] Stealth Rock
|
|upkeep
|turn|14
|
|t:|1661853443
|switch|p1a: Ferrothorn|Ferrothorn, F|99/100
|-damage|p1a: Ferrothorn|93/100|[from] Stealth Rock
|move|p2a: Melmetal|Ice Punch|p1a: Ferrothorn
|-damage|p1a: Ferrothorn|71/100
|-damage|p2a: Melmetal|88/100|[from] ability: Iron Barbs|[of] p1a: Ferrothorn
|
|-heal|p1a: Ferrothorn|77/100|[from] item: Leftovers
|upkeep
|turn|15
|
|t:|1661853457
|move|p2a: Melmetal|Ice Punch|p1a: Ferrothorn
|-damage|p1a: Ferrothorn|57/100
|-damage|p2a: Melmetal|76/100|[from] ability: Iron Barbs|[of] p1a: Ferrothorn
|move|p1a: Ferrothorn|Knock Off|p2a: Melmetal
|-damage|p2a: Melmetal|63/100
|-enditem|p2a: Melmetal|Assault Vest|[from] move: Knock Off|[of] p1a: Ferrothorn
|
|-heal|p1a: Ferrothorn|63/100|[from] item: Leftovers
|upkeep
|turn|16
|
|t:|1661853469
|move|p2a: Melmetal|Ice Punch|p1a: Ferrothorn
|-damage|p1a: Ferrothorn|43/100
|-damage|p2a: Melmetal|51/100|[from] ability: Iron Barbs|[of] p1a: Ferrothorn
|move|p1a: Ferrothorn|Leech Seed|p2a: Melmetal
|-start|p2a: Melmetal|move: Leech Seed
|
|-heal|p1a: Ferrothorn|49/100|[from] item: Leftovers
|-damage|p2a: Melmetal|38/100|[from] Leech Seed|[of] p1a: Ferrothorn
|-heal|p1a: Ferrothorn|64/100|[silent]
|upkeep
|turn|17
|
|t:|1661853480
|switch|p2a: Heatran|Heatran, M|76/100
|-item|p2a: Heatran|Air Balloon
|switch|p1a: Slowbro|Slowbro, F|100/100
|
|upkeep
|turn|18
|
|t:|1661853490
|move|p2a: Heatran|Magma Storm|p1a: Slowbro
|-resisted|p1a: Slowbro
|-damage|p1a: Slowbro|73/100
|-activate|p1a: Slowbro|move: Magma Storm|[of] p2a: Heatran
|move|p1a: Slowbro|Scald|p2a: Heatran
|-supereffective|p2a: Heatran
|-damage|p2a: Heatran|21/100
|-enditem|p2a: Heatran|Air Balloon
|
|-damage|p1a: Slowbro|61/100|[from] move: Magma Storm|[partiallytrapped]
|upkeep
|turn|19
|
|t:|1661853501
|move|p2a: Heatran|Earth Power|p1a: Slowbro
|-damage|p1a: Slowbro|30/100
|move|p1a: Slowbro|Teleport|p1a: Slowbro
|
|t:|1661853507
|switch|p1a: Nidoking|Nidoking, M|95/100|[from]move: Teleport
|-damage|p1a: Nidoking|89/100|[from] Stealth Rock
|
|upkeep
|turn|20
|
|t:|1661853516
|move|p1a: Nidoking|Earth Power|p2a: Heatran
|-supereffective|p2a: Heatran
|-damage|p2a: Heatran|0 fnt
|faint|p2a: Heatran
|
|upkeep
|
|t:|1661853516
|switch|p2a: Weavile|Weavile, F|100/100
|-ability|p2a: Weavile|Pressure
|turn|21
|
|t:|1661853530
|switch|p1a: Urshifu|Urshifu-Rapid-Strike, M|100/100
|-damage|p1a: Urshifu|94/100|[from] Stealth Rock
|move|p2a: Weavile|Knock Off|p1a: Urshifu
|-resisted|p1a: Urshifu
|-damage|p1a: Urshifu|56/100
|-enditem|p1a: Urshifu|Choice Scarf|[from] move: Knock Off|[of] p2a: Weavile
|
|upkeep
|turn|22
|
|t:|1661853541
|switch|p2a: Tangrowth|Tangrowth, F|100/100
|move|p1a: Urshifu|U-turn|p2a: Tangrowth
|-supereffective|p2a: Tangrowth
|-damage|p2a: Tangrowth|76/100
|-damage|p1a: Urshifu|40/100|[from] item: Rocky Helmet|[of] p2a: Tangrowth
|
|t:|1661853551
|switch|p1a: Nidoking|Nidoking, M|89/100|[from]move: U-turn
|-damage|p1a: Nidoking|83/100|[from] Stealth Rock
|
|upkeep
|turn|23
|
|t:|1661853556
|switch|p2a: landorustherian|Landorus-Therian, M|15/100
|-ability|p2a: landorustherian|Intimidate|boost
|-unboost|p1a: Nidoking|atk|1
|move|p1a: Nidoking|Sludge Wave|p2a: landorustherian
|-resisted|p2a: landorustherian
|-damage|p2a: landorustherian|0 fnt
|faint|p2a: landorustherian
|
|upkeep
|
|t:|1661853556
|switch|p2a: Weavile|Weavile, F|100/100
|-ability|p2a: Weavile|Pressure
|turn|24
|inactive|Suricata2000 has 120 seconds left.
|
|t:|1661853592
|switch|p1a: Ferrothorn|Ferrothorn, F|64/100
|-damage|p1a: Ferrothorn|58/100|[from] Stealth Rock
|move|p2a: Weavile|Triple Axel|p1a: Ferrothorn
|-damage|p1a: Ferrothorn|48/100
|-damage|p2a: Weavile|88/100|[from] ability: Iron Barbs|[of] p1a: Ferrothorn
|-damage|p1a: Ferrothorn|28/100
|-damage|p2a: Weavile|76/100|[from] ability: Iron Barbs|[of] p1a: Ferrothorn
|-damage|p1a: Ferrothorn|1/100
|-damage|p2a: Weavile|63/100|[from] ability: Iron Barbs|[of] p1a: Ferrothorn
|-hitcount|p1a: Ferrothorn|3
|
|-heal|p1a: Ferrothorn|7/100|[from] item: Leftovers
|upkeep
|turn|25
|inactive|Suricata2000 has 120 seconds left.
|
|t:|1661853608
|move|p2a: Weavile|Triple Axel|p1a: Ferrothorn
|-damage|p1a: Ferrothorn|0 fnt
|-damage|p2a: Weavile|51/100|[from] ability: Iron Barbs|[of] p1a: Ferrothorn
|faint|p1a: Ferrothorn
|-hitcount|p1: Ferrothorn|1
|
|upkeep
|
|t:|1661853619
|switch|p1a: Slowbro|Slowbro, F|63/100
|turn|26
|
|t:|1661853626
|move|p2a: Weavile|Triple Axel|p1a: Slowbro
|-resisted|p1a: Slowbro
|-damage|p1a: Slowbro|59/100
|-resisted|p1a: Slowbro
|-damage|p1a: Slowbro|50/100
|-resisted|p1a: Slowbro
|-damage|p1a: Slowbro|37/100
|-hitcount|p1a: Slowbro|3
|move|p1a: Slowbro|Scald|p2a: Weavile
|-damage|p2a: Weavile|14/100
|
|upkeep
|turn|27
|
|t:|1661853637
|move|p2a: Weavile|Triple Axel|p1a: Slowbro
|-resisted|p1a: Slowbro
|-damage|p1a: Slowbro|32/100
|-resisted|p1a: Slowbro
|-damage|p1a: Slowbro|23/100
|-resisted|p1a: Slowbro
|-damage|p1a: Slowbro|10/100
|-hitcount|p1a: Slowbro|3
|move|p1a: Slowbro|Slack Off|p1a: Slowbro
|-heal|p1a: Slowbro|60/100
|
|upkeep
|turn|28
|
|t:|1661853649
|move|p2a: Weavile|Triple Axel|p1a: Slowbro
|-resisted|p1a: Slowbro
|-damage|p1a: Slowbro|55/100
|-resisted|p1a: Slowbro
|-damage|p1a: Slowbro|47/100
|-resisted|p1a: Slowbro
|-damage|p1a: Slowbro|33/100
|-hitcount|p1a: Slowbro|3
|move|p1a: Slowbro|Toxic|p2a: Weavile
|-status|p2a: Weavile|tox
|
|-damage|p2a: Weavile|8/100 tox|[from] psn
|upkeep
|turn|29
|
|t:|1661853663
|switch|p2a: rotomwash|Rotom-Wash|63/100
|move|p1a: Slowbro|Slack Off|p1a: Slowbro
|-heal|p1a: Slowbro|83/100
|
|upkeep
|turn|30
|
|t:|1661853673
|move|p2a: rotomwash|Hydro Pump|p1a: Slowbro|[miss]
|-miss|p2a: rotomwash|p1a: Slowbro
|move|p1a: Slowbro|Toxic|p2a: rotomwash
|-status|p2a: rotomwash|tox
|
|-damage|p2a: rotomwash|57/100 tox|[from] psn
|upkeep
|turn|31
|inactive|Suricata2000 has 120 seconds left.
|
|t:|1661853682
|switch|p2a: Weavile|Weavile, F|8/100 tox
|-ability|p2a: Weavile|Pressure
|switch|p1a: Clefable|Clefable, M|100/100
|
|-damage|p2a: Weavile|2/100 tox|[from] psn
|upkeep
|turn|32
|inactive|Suricata2000 has 120 seconds left.
|
|t:|1661853692
|move|p2a: Weavile|Triple Axel|p1a: Clefable
|-damage|p1a: Clefable|85/100
|-damage|p1a: Clefable|53/100
|-damage|p1a: Clefable|8/100
|-hitcount|p1a: Clefable|3
|move|p1a: Clefable|Soft-Boiled|p1a: Clefable
|-heal|p1a: Clefable|58/100
|
|-heal|p1a: Clefable|64/100|[from] item: Leftovers
|-damage|p2a: Weavile|0 fnt|[from] psn
|faint|p2a: Weavile
|upkeep
|
|t:|1661853692
|switch|p2a: Melmetal|Melmetal|38/100
|turn|33
|inactive|Suricata2000 has 120 seconds left.
|
|t:|1661853711
|move|p1a: Clefable|Thunder Wave|p2a: Melmetal
|-status|p2a: Melmetal|par
|move|p2a: Melmetal|Double Iron Bash|p1a: Clefable
|-supereffective|p1a: Clefable
|-crit|p1a: Clefable
|-damage|p1a: Clefable|0 fnt
|faint|p1a: Clefable
|-hitcount|p1: Clefable|1
|
|upkeep
|inactive|Suricata2000 has 120 seconds left.
|
|t:|1661853725
|switch|p1a: Slowbro|Slowbro, F|100/100
|turn|34
|
|t:|1661853728
|move|p1a: Slowbro|Scald|p2a: Melmetal
|-damage|p2a: Melmetal|17/100 par
|move|p2a: Melmetal|Ice Punch|p1a: Slowbro
|-resisted|p1a: Slowbro
|-damage|p1a: Slowbro|90/100
|
|upkeep
|turn|35
|
|t:|1661853736
|move|p1a: Slowbro|Scald|p2a: Melmetal
|-damage|p2a: Melmetal|0 fnt
|faint|p2a: Melmetal
|
|upkeep
|
|t:|1661853736
|switch|p2a: rotomwash|Rotom-Wash|57/100 tox
|turn|36
|
|t:|1661853748
|move|p2a: rotomwash|Hydro Pump|p1a: Slowbro|[miss]
|-miss|p2a: rotomwash|p1a: Slowbro
|move|p1a: Slowbro|Teleport|p1a: Slowbro
|
|t:|1661853753
|switch|p1a: Urshifu|Urshifu-Rapid-Strike, M|40/100|[from]move: Teleport
|-damage|p1a: Urshifu|34/100|[from] Stealth Rock
|
|-damage|p2a: rotomwash|51/100 tox|[from] psn
|upkeep
|turn|37
|
|t:|1661853763
|move|p1a: Urshifu|U-turn|p2a: rotomwash
|-crit|p2a: rotomwash
|-damage|p2a: rotomwash|15/100 tox
|
|t:|1661853767
|switch|p1a: Tornadus|Tornadus-Therian, M, shiny|100/100|[from]move: U-turn
|move|p2a: rotomwash|Hydro Pump|p1a: Tornadus
|-damage|p1a: Tornadus|56/100
|
|-damage|p2a: rotomwash|2/100 tox|[from] psn
|upkeep
|turn|38
|
|t:|1661853776
|move|p1a: Tornadus|Knock Off|p2a: rotomwash
|-damage|p2a: rotomwash|0 fnt
|faint|p2a: rotomwash
|
|upkeep
|
|t:|1661853776
|switch|p2a: Tangrowth|Tangrowth, F|100/100
|turn|39
|
|t:|1661853783
|move|p1a: Tornadus|Hurricane|p2a: Tangrowth|[miss]
|-miss|p1a: Tornadus|p2a: Tangrowth
|move|p2a: Tangrowth|Sleep Powder|p1a: Tornadus
|-status|p1a: Tornadus|slp|[from] move: Sleep Powder
|
|upkeep
|turn|40
|
|t:|1661853793
|switch|p1a: Urshifu|Urshifu-Rapid-Strike, M|34/100
|-damage|p1a: Urshifu|27/100|[from] Stealth Rock
|move|p2a: Tangrowth|Giga Drain|p1a: Urshifu
|-supereffective|p1a: Urshifu
|-damage|p1a: Urshifu|0 fnt
|faint|p1a: Urshifu
|
|upkeep
|
|t:|1661853802
|switch|p1a: Nidoking|Nidoking, M|83/100
|-damage|p1a: Nidoking|77/100|[from] Stealth Rock
|turn|41
|
|t:|1661853806
|move|p1a: Nidoking|Sludge Wave|p2a: Tangrowth
|-supereffective|p2a: Tangrowth
|-damage|p2a: Tangrowth|0 fnt
|faint|p2a: Tangrowth
|
|win|Suricata2000
|raw|Suricata2000's rating: 1618 &rarr; <strong>1636</strong><br />(+18 for winning)
|raw|minimax_ai's rating: 1581 &rarr; <strong>1563</strong><br />(-18 for losing)
|c|☆minimax_ai|gg
