|j|☆Mimikyu Stardust
|j|‽BLOODCLAT
|t:|1667572816
|gametype|singles
|player|p1|Mimikyu Stardust|#zuplivbutterfree|
|player|p2|BLOODCLAT|hoopster|
|teamsize|p1|6
|teamsize|p2|6
|gen|8
|tier|[Gen 8] OU
|rule|Sleep Clause Mod: Limit one foe put to sleep
|rule|Species Clause: Limit one of each Pokémon
|rule|OHKO Clause: OHKO moves are banned
|rule|Evasion Items Clause: Evasion items are banned
|rule|Evasion Moves Clause: Evasion moves are banned
|rule|Endless Battle Clause: Forcing endless battles is banned
|rule|HP Percentage Mod: HP is shown in percentages
|rule|Dynamax Clause: You cannot dynamax
|clearpoke
|poke|p1|Tornadus-Therian, M|
|poke|p1|Toxapex, F|
|poke|p1|Tapu Lele|
|poke|p1|Tyranitar, F|
|poke|p1|Landorus-Therian, M|
|poke|p1|Ferrothorn, F|
|poke|p2|Blissey, F|
|poke|p2|Slowking-Galar, M|
|poke|p2|Corviknight, F|
|poke|p2|Toxapex, F|
|poke|p2|Clefable, M|
|poke|p2|Gastrodon, F|
|teampreview
|j| egal★vanc
|j| Ojama
|j| Keblar
|j| Lucians Call
|j| CC BIG MAC
|j| LLLiolae
|j| Vertex
|c|☆Mimikyu Stardust|gl
|j| clean
|l| LLLiolae
|j| radical dreamer
|j| BTLT007 Treeman
|j| hippo kek
|j| yovan33321
|l| radical dreamer
|j| OmBrArch
|j| lnternal
|j| Revenge Killer
|j| Grimji
|l| BTLT007 Treeman
|j| ripreckful
|
|t:|1667572964
|start
|switch|p1a: Landorus|Landorus-Therian, M|100/100
|switch|p2a: Gastrodon|Gastrodon, F|100/100
|-ability|p1a: Landorus|Intimidate|boost
|-unboost|p2a: Gastrodon|atk|1
|turn|1
|l| yovan33321
|j| LLLiolae
|j| MS3D
|j| Drcecxece
|l| Drcecxece
|j| Facteurmk
|j| Aurella
|j| nimed beatches
|
|t:|1667573060
|switch|p1a: Ferrothorn|Ferrothorn, F|100/100
|switch|p2a: Corviknight|Corviknight, F|100/100
|-ability|p2a: Corviknight|Pressure
|
|upkeep
|turn|2
|
|t:|1667573077
|switch|p1a: ban regen|Tornadus-Therian, M|100/100
|move|p2a: Corviknight|Body Press|p1a: ban regen
|-resisted|p1a: ban regen
|-crit|p1a: ban regen
|-damage|p1a: ban regen|80/100
|
|upkeep
|turn|3
|l| LLLiolae
|
|t:|1667573084
|switch|p2a: Toxapex|Toxapex, F|100/100
|move|p1a: ban regen|Knock Off|p2a: Toxapex
|-damage|p2a: Toxapex|89/100
|-enditem|p2a: Toxapex|Shed Shell|[from] move: Knock Off|[of] p1a: ban regen
|
|upkeep
|turn|4
|
|t:|1667573088
|move|p1a: ban regen|U-turn|p2a: Toxapex
|-resisted|p2a: Toxapex
|-damage|p2a: Toxapex|85/100
|
|t:|1667573107
|switch|p1a: Ferrothorn|Ferrothorn, F|100/100|[from]move: U-turn
|move|p2a: Toxapex|Light Screen|p2a: Toxapex
|-sidestart|p2: BLOODCLAT|move: Light Screen
|
|upkeep
|turn|5
|l|☆Mimikyu Stardust
|player|p1|
|j| Zenadark
|j| yovan33321
|j|☆Mimikyu Stardust
|player|p1|Mimikyu Stardust|#zuplivbutterfree
|l| Zenadark
|
|t:|1667573123
|switch|p2a: Corviknight|Corviknight, F|100/100
|-ability|p2a: Corviknight|Pressure
|move|p1a: Ferrothorn|Stealth Rock|p2a: Corviknight
|-sidestart|p2: BLOODCLAT|move: Stealth Rock
|
|upkeep
|turn|6
|
|t:|1667573126
|move|p2a: Corviknight|Defog|p1a: Ferrothorn
|-unboost|p1a: Ferrothorn|evasion|1
|-sideend|p2: BLOODCLAT|Stealth Rock|[from] move: Defog|[of] p2a: Corviknight
|move|p1a: Ferrothorn|Leech Seed|p2a: Corviknight
|-start|p2a: Corviknight|move: Leech Seed
|
|-damage|p2a: Corviknight|88/100|[from] Leech Seed|[of] p1a: Ferrothorn
|upkeep
|turn|7
|
|t:|1667573132
|switch|p2a: Slowking|Slowking-Galar, M|100/100
|move|p1a: Ferrothorn|Stealth Rock|p2a: Slowking
|-sidestart|p2: BLOODCLAT|move: Stealth Rock
|
|upkeep
|turn|8
|
|t:|1667573139
|switch|p1a: ban regen|Tornadus-Therian, M|100/100
|move|p2a: Slowking|Scald|p1a: ban regen
|-damage|p1a: ban regen|75/100
|
|-sideend|p2: BLOODCLAT|move: Light Screen
|upkeep
|turn|9
|
|t:|1667573149
|switch|p2a: Toxapex|Toxapex, F|100/100
|-damage|p2a: Toxapex|88/100|[from] Stealth Rock
|move|p1a: ban regen|Knock Off|p2a: Toxapex
|-damage|p2a: Toxapex|80/100
|
|upkeep
|turn|10
|
|t:|1667573158
|move|p1a: ban regen|U-turn|p2a: Toxapex
|-resisted|p2a: Toxapex
|-damage|p2a: Toxapex|75/100
|j| Zenadark
|
|t:|1667573163
|switch|p1a: Landorus|Landorus-Therian, M|100/100|[from]move: U-turn
|-ability|p1a: Landorus|Intimidate|boost
|-unboost|p2a: Toxapex|atk|1
|move|p2a: Toxapex|Light Screen|p2a: Toxapex
|-sidestart|p2: BLOODCLAT|move: Light Screen
|
|upkeep
|turn|11
|j| sigma gab
|
|t:|1667573169
|move|p1a: Landorus|Swords Dance|p1a: Landorus
|-boost|p1a: Landorus|atk|2
|move|p2a: Toxapex|Scald|p1a: Landorus
|-supereffective|p1a: Landorus
|-damage|p1a: Landorus|58/100
|
|-heal|p1a: Landorus|64/100|[from] item: Leftovers
|upkeep
|turn|12
|c|☆Mimikyu Stardust|test
|l| Zenadark
|c|☆Mimikyu Stardust|test
|c| Ojama|turn on timer
|inactive|Battle timer is ON: inactive players will automatically lose when time's up. (requested by Mimikyu Stardust)
|
|t:|1667573264
|switch|p2a: Clefable|Clefable, M|100/100
|-damage|p2a: Clefable|88/100|[from] Stealth Rock
|move|p1a: Landorus|Earthquake|p2a: Clefable
|-damage|p2a: Clefable|49/100
|
|-heal|p1a: Landorus|70/100|[from] item: Leftovers
|-heal|p2a: Clefable|55/100|[from] item: Leftovers
|upkeep
|turn|13
|j| Zenadark
|
|t:|1667573280
|move|p1a: Landorus|Knock Off|p2a: Clefable
|-resisted|p2a: Clefable
|-damage|p2a: Clefable|41/100
|-enditem|p2a: Clefable|Leftovers|[from] move: Knock Off|[of] p1a: Landorus
|move|p2a: Clefable|Soft-Boiled|p2a: Clefable
|-heal|p2a: Clefable|91/100
|
|-heal|p1a: Landorus|76/100|[from] item: Leftovers
|upkeep
|turn|14
|j|+airfare
|l|+airfare
|
|t:|1667573308
|switch|p2a: Corviknight|Corviknight, F|88/100
|-damage|p2a: Corviknight|75/100|[from] Stealth Rock
|-ability|p2a: Corviknight|Pressure
|move|p1a: Landorus|Earthquake|p2a: Corviknight
|-immune|p2a: Corviknight
|
|-heal|p1a: Landorus|82/100|[from] item: Leftovers
|-heal|p2a: Corviknight|82/100|[from] item: Leftovers
|-sideend|p2: BLOODCLAT|move: Light Screen
|upkeep
|turn|15
|
|t:|1667573317
|switch|p2a: Clefable|Clefable, M|91/100
|-damage|p2a: Clefable|78/100|[from] Stealth Rock
|move|p1a: Landorus|Stone Edge|p2a: Clefable
|-damage|p2a: Clefable|48/100
|
|-heal|p1a: Landorus|88/100|[from] item: Leftovers
|upkeep
|turn|16
|
|t:|1667573331
|move|p1a: Landorus|Earthquake|p2a: Clefable
|-damage|p2a: Clefable|9/100
|move|p2a: Clefable|Soft-Boiled|p2a: Clefable
|-heal|p2a: Clefable|59/100
|
|-heal|p1a: Landorus|94/100|[from] item: Leftovers
|upkeep
|turn|17
|
|t:|1667573335
|switch|p1a: Tyranitar|Tyranitar, F|100/100
|-weather|Sandstorm|[from] ability: Sand Stream|[of] p1a: Tyranitar
|move|p2a: Clefable|Soft-Boiled|p2a: Clefable
|-heal|p2a: Clefable|100/100
|
|-weather|Sandstorm|[upkeep]
|-damage|p2a: Clefable|94/100|[from] Sandstorm
|upkeep
|turn|18
|
|t:|1667573341
|switch|p2a: Toxapex|Toxapex, F|100/100
|-damage|p2a: Toxapex|88/100|[from] Stealth Rock
|move|p1a: Tyranitar|Heavy Slam|p2a: Toxapex
|-resisted|p2a: Toxapex
|-damage|p2a: Toxapex|68/100
|
|-weather|Sandstorm|[upkeep]
|-damage|p2a: Toxapex|62/100|[from] Sandstorm
|upkeep
|turn|19
|
|t:|1667573347
|switch|p1a: Tapu Lele|Tapu Lele|100/100
|-fieldstart|move: Psychic Terrain|[from] ability: Psychic Surge|[of] p1a: Tapu Lele
|move|p2a: Toxapex|Light Screen|p2a: Toxapex
|-sidestart|p2: BLOODCLAT|move: Light Screen
|
|-weather|Sandstorm|[upkeep]
|-damage|p1a: Tapu Lele|94/100|[from] Sandstorm
|-damage|p2a: Toxapex|56/100|[from] Sandstorm
|upkeep
|turn|20
|j| Akalli
|
|t:|1667573362
|switch|p1a: Ferrothorn|Ferrothorn, F|100/100
|switch|p2a: Slowking|Slowking-Galar, M|100/100
|-damage|p2a: Slowking|88/100|[from] Stealth Rock
|
|-weather|Sandstorm|[upkeep]
|-damage|p2a: Slowking|82/100|[from] Sandstorm
|upkeep
|turn|21
|l| Akalli
|
|t:|1667573370
|switch|p2a: Corviknight|Corviknight, F|82/100
|-damage|p2a: Corviknight|69/100|[from] Stealth Rock
|-ability|p2a: Corviknight|Pressure
|switch|p1a: Tyranitar|Tyranitar, F|100/100
|
|-weather|none
|-heal|p2a: Corviknight|75/100|[from] item: Leftovers
|upkeep
|turn|22
|j| Akalli
|l| Akalli
|
|t:|1667573385
|switch|p1a: ban regen2|Toxapex, F|100/100
|move|p2a: Corviknight|Roost|p2a: Corviknight
|-heal|p2a: Corviknight|100/100
|-singleturn|p2a: Corviknight|move: Roost
|
|upkeep
|turn|23
|j| MAGLC BEARD
|
|t:|1667573397
|switch|p2a: Toxapex|Toxapex, F|90/100
|-damage|p2a: Toxapex|77/100|[from] Stealth Rock
|move|p1a: ban regen2|Scald|p2a: Toxapex
|-resisted|p2a: Toxapex
|-damage|p2a: Toxapex|74/100
|
|-sideend|p2: BLOODCLAT|move: Light Screen
|-fieldend|move: Psychic Terrain
|upkeep
|turn|24
|
|t:|1667573403
|switch|p1a: Tapu Lele|Tapu Lele|94/100
|-fieldstart|move: Psychic Terrain|[from] ability: Psychic Surge|[of] p1a: Tapu Lele
|move|p2a: Toxapex|Light Screen|p2a: Toxapex
|-sidestart|p2: BLOODCLAT|move: Light Screen
|
|upkeep
|turn|25
|
|t:|1667573413
|switch|p1a: ban regen2|Toxapex, F|100/100
|move|p2a: Toxapex|Scald|p1a: ban regen2
|-resisted|p1a: ban regen2
|-damage|p1a: ban regen2|96/100
|-status|p1a: ban regen2|brn
|
|-damage|p1a: ban regen2|90/100 brn|[from] brn
|upkeep
|turn|26
|j| im a staller lol
|j| Mick Chiggin
|j| HikozaruGG
|
|t:|1667573430
|switch|p2a: Slowking|Slowking-Galar, M|100/100
|-damage|p2a: Slowking|88/100|[from] Stealth Rock
|move|p1a: ban regen2|Scald|p2a: Slowking
|-damage|p2a: Slowking|84/100
|-status|p2a: Slowking|brn
|
|-damage|p1a: ban regen2|84/100 brn|[from] brn
|-damage|p2a: Slowking|78/100 brn|[from] brn
|upkeep
|turn|27
|j| blunderr
|
|t:|1667573447
|switch|p1a: Tyranitar|Tyranitar, F|100/100
|-weather|Sandstorm|[from] ability: Sand Stream|[of] p1a: Tyranitar
|move|p2a: Slowking|Future Sight|p1a: Tyranitar
|-start|p2a: Slowking|move: Future Sight
|
|-weather|Sandstorm|[upkeep]
|-damage|p2a: Slowking|72/100 brn|[from] Sandstorm
|-damage|p2a: Slowking|65/100 brn|[from] brn
|upkeep
|turn|28
|
|t:|1667573455
|switch|p2a: Toxapex|Toxapex, F|100/100
|-damage|p2a: Toxapex|88/100|[from] Stealth Rock
|move|p1a: Tyranitar|Crunch|p2a: Toxapex
|-damage|p2a: Toxapex|47/100
|
|-weather|Sandstorm|[upkeep]
|-damage|p2a: Toxapex|41/100|[from] Sandstorm
|-sideend|p2: BLOODCLAT|move: Light Screen
|-fieldend|move: Psychic Terrain
|upkeep
|turn|29
|c|☆Mimikyu Stardust|test
|
|t:|1667573466
|switch|p2a: Corviknight|Corviknight, F|100/100
|-damage|p2a: Corviknight|88/100|[from] Stealth Rock
|-ability|p2a: Corviknight|Pressure
|move|p1a: Tyranitar|Crunch|p2a: Corviknight
|-damage|p2a: Corviknight|44/100
|-unboost|p2a: Corviknight|def|1
|
|-weather|Sandstorm|[upkeep]
|-end|p1a: Tyranitar|move: Future Sight
|-immune|p1a: Tyranitar
|-heal|p2a: Corviknight|51/100|[from] item: Leftovers
|upkeep
|turn|30
|
|t:|1667573473
|switch|p2a: Clefable|Clefable, M|94/100
|-damage|p2a: Clefable|82/100|[from] Stealth Rock
|move|p1a: Tyranitar|Crunch|p2a: Clefable
|-resisted|p2a: Clefable
|-damage|p2a: Clefable|55/100
|
|-weather|Sandstorm|[upkeep]
|-damage|p2a: Clefable|49/100|[from] Sandstorm
|upkeep
|turn|31
|
|t:|1667573485
|move|p1a: Tyranitar|Crunch|p2a: Clefable
|-resisted|p2a: Clefable
|-damage|p2a: Clefable|21/100
|move|p2a: Clefable|Soft-Boiled|p2a: Clefable
|-heal|p2a: Clefable|71/100
|
|-weather|none
|upkeep
|turn|32
|
|t:|1667573495
|switch|p1a: ban regen2|Toxapex, F|100/100 brn
|move|p2a: Clefable|Soft-Boiled|p2a: Clefable
|-heal|p2a: Clefable|100/100
|
|-damage|p1a: ban regen2|95/100 brn|[from] brn
|upkeep
|turn|33
|
|t:|1667573499
|switch|p2a: Corviknight|Corviknight, F|51/100
|-damage|p2a: Corviknight|38/100|[from] Stealth Rock
|-ability|p2a: Corviknight|Pressure
|move|p1a: ban regen2|Toxic|p2a: Corviknight
|-immune|p2a: Corviknight
|
|-heal|p2a: Corviknight|44/100|[from] item: Leftovers
|-damage|p1a: ban regen2|89/100 brn|[from] brn
|upkeep
|turn|34
|
|t:|1667573504
|switch|p1a: Tapu Lele|Tapu Lele|94/100
|-fieldstart|move: Psychic Terrain|[from] ability: Psychic Surge|[of] p1a: Tapu Lele
|move|p2a: Corviknight|Roost|p2a: Corviknight
|-heal|p2a: Corviknight|94/100
|-singleturn|p2a: Corviknight|move: Roost
|
|-heal|p2a: Corviknight|100/100|[from] item: Leftovers
|upkeep
|turn|35
|
|t:|1667573514
|switch|p2a: Blissey|Blissey, F|100/100
|move|p1a: Tapu Lele|Thunderbolt|p2a: Blissey
|-damage|p2a: Blissey|88/100
|
|upkeep
|turn|36
|
|t:|1667573520
|switch|p1a: Ferrothorn|Ferrothorn, F|100/100
|move|p2a: Blissey|Toxic|p1a: Ferrothorn
|-immune|p1a: Ferrothorn
|
|upkeep
|turn|37
|
|t:|1667573524
|switch|p2a: Corviknight|Corviknight, F|100/100
|-damage|p2a: Corviknight|88/100|[from] Stealth Rock
|-ability|p2a: Corviknight|Pressure
|move|p1a: Ferrothorn|Leech Seed|p2a: Corviknight|[miss]
|-miss|p1a: Ferrothorn|p2a: Corviknight
|
|-heal|p2a: Corviknight|94/100|[from] item: Leftovers
|upkeep
|turn|38
|
|t:|1667573530
|move|p2a: Corviknight|Defog|p1a: Ferrothorn
|-unboost|p1a: Ferrothorn|evasion|1
|-sideend|p2: BLOODCLAT|Stealth Rock|[from] move: Defog|[of] p2a: Corviknight
|-fieldend|move: Psychic Terrain
|move|p1a: Ferrothorn|Leech Seed|p2a: Corviknight
|-start|p2a: Corviknight|move: Leech Seed
|
|-heal|p2a: Corviknight|100/100|[from] item: Leftovers
|-damage|p2a: Corviknight|88/100|[from] Leech Seed|[of] p1a: Ferrothorn
|upkeep
|turn|39
|l| im a staller lol
|
|t:|1667573552
|switch|p2a: Toxapex|Toxapex, F|75/100
|move|p1a: Ferrothorn|Stealth Rock|p2a: Toxapex
|-sidestart|p2: BLOODCLAT|move: Stealth Rock
|
|upkeep
|turn|40
|
|t:|1667573568
|switch|p1a: Landorus|Landorus-Therian, M|94/100
|-ability|p1a: Landorus|Intimidate|boost
|-unboost|p2a: Toxapex|atk|1
|move|p2a: Toxapex|Scald|p1a: Landorus
|-supereffective|p1a: Landorus
|-damage|p1a: Landorus|53/100
|
|-heal|p1a: Landorus|59/100|[from] item: Leftovers
|upkeep
|turn|41
|l| Mick Chiggin
|
|t:|1667573578
|switch|p2a: Corviknight|Corviknight, F|88/100
|-damage|p2a: Corviknight|75/100|[from] Stealth Rock
|-ability|p2a: Corviknight|Pressure
|move|p1a: Landorus|Earthquake|p2a: Corviknight
|-immune|p2a: Corviknight
|
|-heal|p1a: Landorus|65/100|[from] item: Leftovers
|-heal|p2a: Corviknight|82/100|[from] item: Leftovers
|upkeep
|turn|42
|
|t:|1667573585
|move|p1a: Landorus|Knock Off|p2a: Corviknight
|-damage|p2a: Corviknight|60/100
|-enditem|p2a: Corviknight|Leftovers|[from] move: Knock Off|[of] p1a: Landorus
|move|p2a: Corviknight|Defog|p1a: Landorus
|-unboost|p1a: Landorus|evasion|1
|-sideend|p2: BLOODCLAT|Stealth Rock|[from] move: Defog|[of] p2a: Corviknight
|
|-heal|p1a: Landorus|71/100|[from] item: Leftovers
|upkeep
|turn|43
|
|t:|1667573595
|move|p1a: Landorus|Swords Dance|p1a: Landorus
|-boost|p1a: Landorus|atk|2
|move|p2a: Corviknight|Roost|p2a: Corviknight
|-heal|p2a: Corviknight|100/100
|-singleturn|p2a: Corviknight|move: Roost
|
|-heal|p1a: Landorus|77/100|[from] item: Leftovers
|upkeep
|turn|44
|
|t:|1667573599
|switch|p2a: Clefable|Clefable, M|100/100
|move|p1a: Landorus|Stone Edge|p2a: Clefable
|-damage|p2a: Clefable|71/100
|
|-heal|p1a: Landorus|83/100|[from] item: Leftovers
|upkeep
|turn|45
|
|t:|1667573604
|move|p1a: Landorus|Earthquake|p2a: Clefable
|-damage|p2a: Clefable|26/100
|move|p2a: Clefable|Soft-Boiled|p2a: Clefable
|-heal|p2a: Clefable|76/100
|
|-heal|p1a: Landorus|89/100|[from] item: Leftovers
|upkeep
|turn|46
|l| Zenadark
|
|t:|1667573611
|switch|p1a: Tyranitar|Tyranitar, F|100/100
|-weather|Sandstorm|[from] ability: Sand Stream|[of] p1a: Tyranitar
|move|p2a: Clefable|Soft-Boiled|p2a: Clefable
|-heal|p2a: Clefable|100/100
|
|-weather|Sandstorm|[upkeep]
|-damage|p2a: Clefable|94/100|[from] Sandstorm
|upkeep
|turn|47
|
|t:|1667573615
|switch|p2a: Toxapex|Toxapex, F|100/100
|move|p1a: Tyranitar|Stone Edge|p2a: Toxapex
|-damage|p2a: Toxapex|45/100
|
|-weather|Sandstorm|[upkeep]
|-damage|p2a: Toxapex|39/100|[from] Sandstorm
|upkeep
|turn|48
|
|t:|1667573619
|switch|p2a: Gastrodon|Gastrodon, F|100/100
|move|p1a: Tyranitar|Stone Edge|p2a: Gastrodon
|-resisted|p2a: Gastrodon
|-damage|p2a: Gastrodon|51/100
|
|-weather|Sandstorm|[upkeep]
|-heal|p2a: Gastrodon|57/100|[from] item: Leftovers
|upkeep
|turn|49
|
|t:|1667573628
|switch|p1a: Ferrothorn|Ferrothorn, F|100/100
|move|p2a: Gastrodon|Recover|p2a: Gastrodon
|-heal|p2a: Gastrodon|100/100
|
|-weather|Sandstorm|[upkeep]
|upkeep
|turn|50
|
|t:|1667573631
|switch|p2a: Corviknight|Corviknight, F|100/100
|-ability|p2a: Corviknight|Pressure
|move|p1a: Ferrothorn|Stealth Rock|p2a: Corviknight
|-sidestart|p2: BLOODCLAT|move: Stealth Rock
|
|-weather|none
|upkeep
|turn|51
|
|t:|1667573635
|move|p2a: Corviknight|Defog|p1a: Ferrothorn
|-unboost|p1a: Ferrothorn|evasion|1
|-sideend|p2: BLOODCLAT|Stealth Rock|[from] move: Defog|[of] p2a: Corviknight
|move|p1a: Ferrothorn|Leech Seed|p2a: Corviknight
|-start|p2a: Corviknight|move: Leech Seed
|
|-damage|p2a: Corviknight|88/100|[from] Leech Seed|[of] p1a: Ferrothorn
|upkeep
|turn|52
|j| Zenadark
|
|t:|1667573649
|switch|p2a: Toxapex|Toxapex, F|72/100
|move|p1a: Ferrothorn|Stealth Rock|p2a: Toxapex
|-sidestart|p2: BLOODCLAT|move: Stealth Rock
|
|upkeep
|turn|53
|
|t:|1667573659
|switch|p1a: Tapu Lele|Tapu Lele|94/100
|-fieldstart|move: Psychic Terrain|[from] ability: Psychic Surge|[of] p1a: Tapu Lele
|move|p2a: Toxapex|Light Screen|p2a: Toxapex
|-sidestart|p2: BLOODCLAT|move: Light Screen
|
|upkeep
|turn|54
|j| Mick Chiggin
|inactive|BLOODCLAT has 270 seconds left.
|l| sigma gab
|c|☆Mimikyu Stardust|test
|l| MAGLC BEARD
|
|t:|1667573714
|switch|p1a: ban regen2|Toxapex, F|100/100 brn
|switch|p2a: Blissey|Blissey, F|88/100
|
|-damage|p1a: ban regen2|95/100 brn|[from] brn
|upkeep
|turn|55
|
|t:|1667573721
|switch|p1a: Ferrothorn|Ferrothorn, F|100/100
|move|p2a: Blissey|Stealth Rock|p1a: Ferrothorn
|-sidestart|p1: Mimikyu Stardust|move: Stealth Rock
|
|upkeep
|turn|56
|j| ghosted (godstall)
|
|t:|1667573731
|switch|p2a: Corviknight|Corviknight, F|88/100
|-damage|p2a: Corviknight|75/100|[from] Stealth Rock
|-ability|p2a: Corviknight|Pressure
|move|p1a: Ferrothorn|Leech Seed|p2a: Corviknight
|-start|p2a: Corviknight|move: Leech Seed
|
|-damage|p2a: Corviknight|63/100|[from] Leech Seed|[of] p1a: Ferrothorn
|upkeep
|turn|57
|inactive|BLOODCLAT has 270 seconds left.
|
|t:|1667573744
|switch|p1a: Tapu Lele|Tapu Lele|94/100
|-damage|p1a: Tapu Lele|82/100|[from] Stealth Rock
|move|p2a: Corviknight|Roost|p2a: Corviknight
|-heal|p2a: Corviknight|100/100
|-singleturn|p2a: Corviknight|move: Roost
|
|-damage|p2a: Corviknight|88/100|[from] Leech Seed|[of] p1a: Tapu Lele
|-heal|p1a: Tapu Lele|99/100|[silent]
|-sideend|p2: BLOODCLAT|move: Light Screen
|-fieldend|move: Psychic Terrain
|upkeep
|turn|58
|
|t:|1667573749
|switch|p2a: Slowking|Slowking-Galar, M|99/100 brn
|-damage|p2a: Slowking|86/100 brn|[from] Stealth Rock
|move|p1a: Tapu Lele|Thunderbolt|p2a: Slowking
|-damage|p2a: Slowking|71/100 brn
|
|-damage|p2a: Slowking|64/100 brn|[from] brn
|upkeep
|turn|59
|
|t:|1667573760
|switch|p1a: ban regen|Tornadus-Therian, M|100/100
|move|p2a: Slowking|Scald|p1a: ban regen
|-damage|p1a: ban regen|72/100
|
|-damage|p2a: Slowking|58/100 brn|[from] brn
|upkeep
|turn|60
|j| Lionel Mesi
|j| im a staller lol
|
|t:|1667573768
|switch|p2a: Toxapex|Toxapex, F|100/100
|-damage|p2a: Toxapex|88/100|[from] Stealth Rock
|move|p1a: ban regen|U-turn|p2a: Toxapex
|-resisted|p2a: Toxapex
|-damage|p2a: Toxapex|84/100
|inactive|Mimikyu Stardust has 270 seconds left.
|l| Zenadark
|inactive|Mimikyu Stardust has 240 seconds left.
|j| Zenadark
|l| im a staller lol
|inactive|Mimikyu Stardust has 210 seconds left.
|inactive|Mimikyu Stardust has 180 seconds left.
|
|t:|1667573892
|switch|p1a: Landorus|Landorus-Therian, M|89/100|[from]move: U-turn
|-damage|p1a: Landorus|77/100|[from] Stealth Rock
|-ability|p1a: Landorus|Intimidate|boost
|-unboost|p2a: Toxapex|atk|1
|
|-heal|p1a: Landorus|83/100|[from] item: Leftovers
|upkeep
|turn|61
|inactive|Mimikyu Stardust has 180 seconds left.
|inactive|BLOODCLAT has 270 seconds left.
|j| MAGLC BEARD
|
|t:|1667573938
|switch|p1a: Tapu Lele|Tapu Lele|99/100
|-damage|p1a: Tapu Lele|87/100|[from] Stealth Rock
|-fieldstart|move: Psychic Terrain|[from] ability: Psychic Surge|[of] p1a: Tapu Lele
|switch|p2a: Corviknight|Corviknight, F|88/100
|-damage|p2a: Corviknight|75/100|[from] Stealth Rock
|-ability|p2a: Corviknight|Pressure
|
|upkeep
|turn|62
|inactive|BLOODCLAT has 270 seconds left.
|j| Heerv
|inactive|Mimikyu Stardust has 150 seconds left.
|c|☆Mimikyu Stardust|test
|inactive|Mimikyu Stardust has 120 seconds left.
|j| im a staller lol
|
|t:|1667574006
|move|p1a: Tapu Lele|Thunderbolt|p2a: Corviknight
|-supereffective|p2a: Corviknight
|-damage|p2a: Corviknight|16/100
|move|p2a: Corviknight|Roost|p2a: Corviknight
|-heal|p2a: Corviknight|66/100
|-singleturn|p2a: Corviknight|move: Roost
|
|upkeep
|turn|63
|c|☆Mimikyu Stardust|a
|l|☆Mimikyu Stardust
|inactive|Mimikyu Stardust disconnected and has 300 seconds to reconnect!
|player|p1|
|j|☆Mimikyu Stardust
|inactive|Mimikyu Stardust reconnected and has 115 seconds left.
|player|p1|Mimikyu Stardust|#zuplivbutterfree
|j| Volcaronium
|c|☆Mimikyu Stardust|test
|
|t:|1667574035
|switch|p2a: Gastrodon|Gastrodon, F|100/100
|-damage|p2a: Gastrodon|94/100|[from] Stealth Rock
|move|p1a: Tapu Lele|Thunderbolt|p2a: Gastrodon
|-immune|p2a: Gastrodon
|
|-heal|p2a: Gastrodon|100/100|[from] item: Leftovers
|upkeep
|turn|64
|l| Zenadark
|
|t:|1667574051
|switch|p1a: ban regen|Tornadus-Therian, M|100/100
|move|p2a: Gastrodon|Scald|p1a: ban regen
|-damage|p1a: ban regen|74/100
|
|upkeep
|turn|65
|j| Zenadark
|l| OmBrArch
|j| Akalli
|inactive|Mimikyu Stardust has 90 seconds left.
|l| Akalli
|l| MAGLC BEARD
|
|t:|1667574073
|move|p1a: ban regen|U-turn|p2a: Gastrodon
|-damage|p2a: Gastrodon|85/100
|
|t:|1667574080
|switch|p1a: ban regen2|Toxapex, F|100/100 brn|[from]move: U-turn
|-damage|p1a: ban regen2|88/100 brn|[from] Stealth Rock
|move|p2a: Gastrodon|Scald|p1a: ban regen2
|-resisted|p1a: ban regen2
|-damage|p1a: ban regen2|80/100 brn
|
|-heal|p2a: Gastrodon|92/100|[from] item: Leftovers
|-damage|p1a: ban regen2|74/100 brn|[from] brn
|-fieldend|move: Psychic Terrain
|upkeep
|turn|66
|inactive|Mimikyu Stardust has 90 seconds left.
|
|t:|1667574096
|switch|p1a: ban regen|Tornadus-Therian, M|100/100
|move|p2a: Gastrodon|Protect||[still]
|-fail|p2a: Gastrodon
|
|-heal|p2a: Gastrodon|98/100|[from] item: Leftovers
|upkeep
|turn|67
|
|t:|1667574104
|move|p1a: ban regen|Knock Off|p2a: Gastrodon
|-damage|p2a: Gastrodon|77/100
|-activate|p2a: Gastrodon|ability: Sticky Hold
|move|p2a: Gastrodon|Scald|p1a: ban regen
|-damage|p1a: ban regen|76/100
|-status|p1a: ban regen|brn
|
|-heal|p2a: Gastrodon|83/100|[from] item: Leftovers
|-damage|p1a: ban regen|70/100 brn|[from] brn
|upkeep
|turn|68
|inactive|Mimikyu Stardust has 90 seconds left.
|
|t:|1667574110
|move|p2a: Gastrodon|Protect|p2a: Gastrodon
|-singleturn|p2a: Gastrodon|Protect
|move|p1a: ban regen|U-turn|p2a: Gastrodon
|-activate|p2a: Gastrodon|move: Protect
|
|-heal|p2a: Gastrodon|89/100|[from] item: Leftovers
|-damage|p1a: ban regen|64/100 brn|[from] brn
|upkeep
|turn|69
|
|t:|1667574113
|move|p1a: ban regen|U-turn|p2a: Gastrodon
|-damage|p2a: Gastrodon|81/100
|
|t:|1667574122
|switch|p1a: ban regen2|Toxapex, F|100/100 brn|[from]move: U-turn
|-damage|p1a: ban regen2|88/100 brn|[from] Stealth Rock
|move|p2a: Gastrodon|Earth Power|p1a: ban regen2
|-supereffective|p1a: ban regen2
|-damage|p1a: ban regen2|52/100 brn
|
|-heal|p2a: Gastrodon|87/100|[from] item: Leftovers
|-damage|p1a: ban regen2|46/100 brn|[from] brn
|upkeep
|turn|70
|inactive|Mimikyu Stardust has 90 seconds left.
|
|t:|1667574146
|switch|p2a: Slowking|Slowking-Galar, M|92/100 brn
|-damage|p2a: Slowking|79/100 brn|[from] Stealth Rock
|switch|p1a: Tyranitar|Tyranitar, F|100/100
|-damage|p1a: Tyranitar|88/100|[from] Stealth Rock
|-weather|Sandstorm|[from] ability: Sand Stream|[of] p1a: Tyranitar
|
|-weather|Sandstorm|[upkeep]
|-damage|p2a: Slowking|73/100 brn|[from] Sandstorm
|-damage|p2a: Slowking|67/100 brn|[from] brn
|upkeep
|turn|71
|
|t:|1667574158
|switch|p2a: Toxapex|Toxapex, F|100/100
|-damage|p2a: Toxapex|88/100|[from] Stealth Rock
|move|p1a: Tyranitar|Crunch|p2a: Toxapex
|-damage|p2a: Toxapex|46/100
|
|-weather|Sandstorm|[upkeep]
|-damage|p2a: Toxapex|40/100|[from] Sandstorm
|upkeep
|turn|72
|
|t:|1667574176
|switch|p2a: Clefable|Clefable, M|94/100
|-damage|p2a: Clefable|82/100|[from] Stealth Rock
|move|p1a: Tyranitar|Crunch|p2a: Clefable
|-resisted|p2a: Clefable
|-damage|p2a: Clefable|54/100
|
|-weather|Sandstorm|[upkeep]
|-damage|p2a: Clefable|48/100|[from] Sandstorm
|upkeep
|turn|73
|
|t:|1667574185
|move|p1a: Tyranitar|Crunch|p2a: Clefable
|-resisted|p2a: Clefable
|-damage|p2a: Clefable|20/100
|move|p2a: Clefable|Soft-Boiled|p2a: Clefable
|-heal|p2a: Clefable|70/100
|
|-weather|Sandstorm|[upkeep]
|-damage|p2a: Clefable|63/100|[from] Sandstorm
|upkeep
|turn|74
|
|t:|1667574199
|switch|p1a: Tapu Lele|Tapu Lele|87/100
|-damage|p1a: Tapu Lele|75/100|[from] Stealth Rock
|-fieldstart|move: Psychic Terrain|[from] ability: Psychic Surge|[of] p1a: Tapu Lele
|move|p2a: Clefable|Soft-Boiled|p2a: Clefable
|-heal|p2a: Clefable|100/100
|
|-weather|none
|upkeep
|turn|75
|c|☆Mimikyu Stardust|a
|l| Zenadark
|c|☆Mimikyu Stardust|a
|j| Zenadark
|inactive|BLOODCLAT has 270 seconds left.
|
|t:|1667574239
|move|p1a: Tapu Lele|Psyshock|p2a: Clefable
|-damage|p2a: Clefable|57/100
|move|p2a: Clefable|Soft-Boiled|p2a: Clefable
|-heal|p2a: Clefable|100/100
|
|upkeep
|turn|76
|inactive|BLOODCLAT has 270 seconds left.
|inactive|Mimikyu Stardust has 90 seconds left.
|j| MAGLC BEARD
|
|t:|1667574271
|switch|p1a: Tyranitar|Tyranitar, F|88/100
|-damage|p1a: Tyranitar|76/100|[from] Stealth Rock
|-weather|Sandstorm|[from] ability: Sand Stream|[of] p1a: Tyranitar
|move|p2a: Clefable|Moonblast|p1a: Tyranitar
|-supereffective|p1a: Tyranitar
|-crit|p1a: Tyranitar
|-damage|p1a: Tyranitar|17/100
|
|-weather|Sandstorm|[upkeep]
|-damage|p2a: Clefable|94/100|[from] Sandstorm
|upkeep
|turn|77
|inactive|BLOODCLAT has 270 seconds left.
|l| Zenadark
|inactive|BLOODCLAT has 240 seconds left.
|j| Zenadark
|
|t:|1667574320
|move|p1a: Tyranitar|Stone Edge|p2a: Clefable
|-damage|p2a: Clefable|24/100
|move|p2a: Clefable|Moonblast|p1a: Tyranitar
|-supereffective|p1a: Tyranitar
|-damage|p1a: Tyranitar|0 fnt
|faint|p1a: Tyranitar
|
|-weather|Sandstorm|[upkeep]
|-damage|p2a: Clefable|18/100|[from] Sandstorm
|upkeep
|inactive|Mimikyu Stardust has 90 seconds left.
|l| MAGLC BEARD
|j| MAGLC BEARD
|l| MAGLC BEARD
|inactive|Mimikyu Stardust has 60 seconds left.
|
|t:|1667574367
|switch|p1a: Landorus|Landorus-Therian, M|83/100
|-damage|p1a: Landorus|70/100|[from] Stealth Rock
|-ability|p1a: Landorus|Intimidate|boost
|-unboost|p2a: Clefable|atk|1
|turn|78
|j| rheysali
|j| MAGLC BEARD
|inactive|BLOODCLAT has 240 seconds left.
|inactive|Mimikyu Stardust has 60 seconds left.
|l| MAGLC BEARD
|
|t:|1667574382
|switch|p2a: Corviknight|Corviknight, F|66/100
|-damage|p2a: Corviknight|53/100|[from] Stealth Rock
|-ability|p2a: Corviknight|Pressure
|move|p1a: Landorus|Earthquake|p2a: Corviknight
|-immune|p2a: Corviknight
|
|-weather|Sandstorm|[upkeep]
|-heal|p1a: Landorus|76/100|[from] item: Leftovers
|-fieldend|move: Psychic Terrain
|upkeep
|turn|79
|j| MAGLC BEARD
|inactive|Mimikyu Stardust has 60 seconds left.
|
|t:|1667574394
|switch|p1a: Tapu Lele|Tapu Lele|75/100
|-damage|p1a: Tapu Lele|62/100|[from] Stealth Rock
|-fieldstart|move: Psychic Terrain|[from] ability: Psychic Surge|[of] p1a: Tapu Lele
|move|p2a: Corviknight|Roost|p2a: Corviknight
|-heal|p2a: Corviknight|100/100
|-singleturn|p2a: Corviknight|move: Roost
|
|-weather|Sandstorm|[upkeep]
|-damage|p1a: Tapu Lele|56/100|[from] Sandstorm
|upkeep
|turn|80
|inactive|Mimikyu Stardust has 60 seconds left.
|inactive|BLOODCLAT has 240 seconds left.
|
|t:|1667574411
|switch|p2a: Slowking|Slowking-Galar, M|99/100 brn
|-damage|p2a: Slowking|88/100 brn|[from] Stealth Rock
|move|p1a: Tapu Lele|Thunderbolt|p2a: Slowking
|-damage|p2a: Slowking|71/100 brn
|
|-weather|none
|-damage|p2a: Slowking|64/100 brn|[from] brn
|upkeep
|turn|81
|
|t:|1667574416
|switch|p1a: ban regen|Tornadus-Therian, M|97/100 brn
|move|p2a: Slowking|Future Sight|p1a: ban regen
|-start|p2a: Slowking|move: Future Sight
|
|-damage|p1a: ban regen|91/100 brn|[from] brn
|-damage|p2a: Slowking|58/100 brn|[from] brn
|upkeep
|turn|82
|inactive|BLOODCLAT has 240 seconds left.
|l| rheysali
|l| MAGLC BEARD
|j| MAGLC BEARD
|
|t:|1667574458
|move|p1a: ban regen|Knock Off|p2a: Slowking
|-supereffective|p2a: Slowking
|-damage|p2a: Slowking|37/100 brn
|-enditem|p2a: Slowking|Assault Vest|[from] move: Knock Off|[of] p1a: ban regen
|move|p2a: Slowking|Sludge Bomb|p1a: ban regen
|-damage|p1a: ban regen|49/100 brn
|
|-damage|p1a: ban regen|42/100 brn|[from] brn
|-damage|p2a: Slowking|30/100 brn|[from] brn
|upkeep
|turn|83
|inactive|Mimikyu Stardust has 60 seconds left.
|l| MAGLC BEARD
|j| MAGLC BEARD
|l| MAGLC BEARD
|inactive|Mimikyu Stardust has 30 seconds left.
|
|t:|1667574515
|move|p1a: ban regen|U-turn|p2a: Slowking
|-damage|p2a: Slowking|24/100 brn
|inactive|Mimikyu Stardust has 30 seconds left.
|l| im a staller lol
|j| MAGLC BEARD
|inactive|Mimikyu Stardust has 20 seconds left.
|inactive|Mimikyu Stardust has 15 seconds left.
|
|t:|1667574536
|switch|p1a: Ferrothorn|Ferrothorn, F|100/100|[from]move: U-turn
|-damage|p1a: Ferrothorn|94/100|[from] Stealth Rock
|move|p2a: Slowking|Flamethrower|p1a: Ferrothorn
|-supereffective|p1a: Ferrothorn
|-damage|p1a: Ferrothorn|0 fnt
|faint|p1a: Ferrothorn
|
|-hint|Future Sight did not hit because the target is fainted.
|-damage|p2a: Slowking|18/100 brn|[from] brn
|-fieldend|move: Psychic Terrain
|upkeep
|inactive|Mimikyu Stardust has 20 seconds left this turn.
|inactive|Mimikyu Stardust has 15 seconds left.
|l| MAGLC BEARD
|
|t:|1667574542
|switch|p1a: Landorus|Landorus-Therian, M|76/100
|-damage|p1a: Landorus|64/100|[from] Stealth Rock
|-ability|p1a: Landorus|Intimidate|boost
|-unboost|p2a: Slowking|atk|1
|turn|84
|inactive|Mimikyu Stardust has 25 seconds left this turn.
|j| MAGLC BEARD
|inactive|BLOODCLAT has 240 seconds left.
|j| switchbladess
|l| MAGLC BEARD
|j| tolstoy
|
|t:|1667574563
|switch|p2a: Corviknight|Corviknight, F|100/100
|-damage|p2a: Corviknight|88/100|[from] Stealth Rock
|-ability|p2a: Corviknight|Pressure
|move|p1a: Landorus|Knock Off|p2a: Corviknight
|-damage|p2a: Corviknight|74/100
|
|-heal|p1a: Landorus|70/100|[from] item: Leftovers
|upkeep
|turn|85
|j| MAGLC BEARD
|
|t:|1667574573
|move|p1a: Landorus|Swords Dance|p1a: Landorus
|-boost|p1a: Landorus|atk|2
|move|p2a: Corviknight|Iron Defense|p2a: Corviknight
|-boost|p2a: Corviknight|def|2
|
|-heal|p1a: Landorus|76/100|[from] item: Leftovers
|upkeep
|turn|86
|
|t:|1667574587
|switch|p1a: Tapu Lele|Tapu Lele|56/100
|-damage|p1a: Tapu Lele|44/100|[from] Stealth Rock
|-fieldstart|move: Psychic Terrain|[from] ability: Psychic Surge|[of] p1a: Tapu Lele
|move|p2a: Corviknight|Defog|p1a: Tapu Lele
|-unboost|p1a: Tapu Lele|evasion|1
|-sideend|p1: Mimikyu Stardust|Stealth Rock|[from] move: Defog|[of] p2a: Corviknight
|-sideend|p2: BLOODCLAT|Stealth Rock|[from] move: Defog|[of] p2a: Corviknight
|-fieldend|move: Psychic Terrain
|
|upkeep
|turn|87
|l| Zenadark
|inactive|BLOODCLAT has 240 seconds left.
|j| Zenadark
|
|t:|1667574611
|switch|p1a: Landorus|Landorus-Therian, M|76/100
|-ability|p1a: Landorus|Intimidate|boost
|-unboost|p2a: Corviknight|atk|1
|switch|p2a: Gastrodon|Gastrodon, F|87/100
|
|-heal|p1a: Landorus|82/100|[from] item: Leftovers
|-heal|p2a: Gastrodon|93/100|[from] item: Leftovers
|upkeep
|turn|88
|
|t:|1667574626
|switch|p1a: ban regen2|Toxapex, F|79/100 brn
|move|p2a: Gastrodon|Scald|p1a: ban regen2
|-resisted|p1a: ban regen2
|-damage|p1a: ban regen2|70/100 brn
|
|-heal|p2a: Gastrodon|99/100|[from] item: Leftovers
|-damage|p1a: ban regen2|65/100 brn|[from] brn
|upkeep
|turn|89
|inactive|BLOODCLAT has 240 seconds left.
|
|t:|1667574643
|switch|p2a: Slowking|Slowking-Galar, M|51/100 brn
|move|p1a: ban regen2|Toxic||[still]
|-fail|p1a: ban regen2
|
|-damage|p1a: ban regen2|59/100 brn|[from] brn
|-damage|p2a: Slowking|45/100 brn|[from] brn
|upkeep
|turn|90
|
|t:|1667574648
|switch|p1a: Tapu Lele|Tapu Lele|44/100
|-fieldstart|move: Psychic Terrain|[from] ability: Psychic Surge|[of] p1a: Tapu Lele
|move|p2a: Slowking|Future Sight|p1a: Tapu Lele
|-start|p2a: Slowking|move: Future Sight
|
|-damage|p2a: Slowking|39/100 brn|[from] brn
|upkeep
|turn|91
|
|t:|1667574656
|switch|p2a: Blissey|Blissey, F|88/100
|move|p1a: Tapu Lele|Psyshock|p2a: Blissey
|-damage|p2a: Blissey|37/100
|
|upkeep
|turn|92
|
|t:|1667574663
|switch|p2a: Corviknight|Corviknight, F|74/100
|-ability|p2a: Corviknight|Pressure
|move|p1a: Tapu Lele|Psyshock|p2a: Corviknight
|-resisted|p2a: Corviknight
|-damage|p2a: Corviknight|58/100
|
|-end|p1a: Tapu Lele|move: Future Sight
|-resisted|p1a: Tapu Lele
|-damage|p1a: Tapu Lele|0 fnt
|faint|p1a: Tapu Lele
|upkeep
|
|t:|1667574671
|switch|p1a: Landorus|Landorus-Therian, M|82/100
|-ability|p1a: Landorus|Intimidate|boost
|-unboost|p2a: Corviknight|atk|1
|turn|93
|
|t:|1667574675
|move|p1a: Landorus|Swords Dance|p1a: Landorus
|-boost|p1a: Landorus|atk|2
|move|p2a: Corviknight|Iron Defense|p2a: Corviknight
|-boost|p2a: Corviknight|def|2
|
|-heal|p1a: Landorus|88/100|[from] item: Leftovers
|upkeep
|turn|94
|
|t:|1667574689
|move|p1a: Landorus|Swords Dance|p1a: Landorus
|-boost|p1a: Landorus|atk|2
|move|p2a: Corviknight|Roost|p2a: Corviknight
|-heal|p2a: Corviknight|100/100
|-singleturn|p2a: Corviknight|move: Roost
|
|-heal|p1a: Landorus|94/100|[from] item: Leftovers
|-fieldend|move: Psychic Terrain
|upkeep
|turn|95
|
|t:|1667574693
|move|p1a: Landorus|Swords Dance|p1a: Landorus
|-boost|p1a: Landorus|atk|2
|move|p2a: Corviknight|Iron Defense|p2a: Corviknight
|-boost|p2a: Corviknight|def|2
|
|-heal|p1a: Landorus|99/100|[from] item: Leftovers
|upkeep
|turn|96
|l| Zenadark
|
|t:|1667574696
|move|p1a: Landorus|Stone Edge|p2a: Corviknight
|-crit|p2a: Corviknight
|-damage|p2a: Corviknight|0 fnt
|faint|p2a: Corviknight
|
|-heal|p1a: Landorus|100/100|[from] item: Leftovers
|upkeep
|j| Zenadark
|c| MAGLC BEARD|W
|c| clean|LOL
|-message|BLOODCLAT forfeited.
|
|win|Mimikyu Stardust
|l| ghosted (godstall)
|c|☆Mimikyu Stardust|mb
|c| switchbladess|@vertex we some prophets bro
|l| MAGLC BEARD
|c| switchbladess|LOL
|l| Zenadark
|l| yovan33321
|c| Vertex|https://www.smogon.com/forums/threads/hax-forecast-anti-stall-togekiss-druddigon-melmetal-parahax-spam-peak-1-2074-elo-85-3-gxe.3699903/
|l|‽BLOODCLAT
|l| Volcaronium
|l| switchbladess
|l|☆Mimikyu Stardust
|l| Heerv
|j|‽BLOODCLAT
|player|p2|BLOODCLAT|hoopster
|n|‽BLOODCLAT|bloodclat
|n|‽BLOODCLAT|bloodclat
|n|‽BLOODCLAT|bloodclat
|l|‽BLOODCLAT
|player|p2|
|l| Lucians Call
|l| ripreckful
|l| egal★vanc
|l| MS3D
|l| Facteurmk
|j| Booty
|l| Booty
|l| clean
|j| bbeeaa
|l| bbeeaa
|l| Grimji
|l| HikozaruGG
|l| Lionel Mesi
|l| Revenge Killer
|l| Keblar
|j| misterioussaint
|j| Scoptile
|l| blunderr
|l| misterioussaint
|l| Scoptile
|j| Livio el Tito
|l| hippo kek
|l| Livio el Tito
|l| nimed beatches
|j| nimed beatches
|l| nimed beatches
|j| AmyQuaris
|l| AmyQuaris
|l| Vertex
|l| Ojama
|j| nimed beatches
|n| CC BIG MAC@!|ccbigmac
|n| Aurella@!|aurella
|l| Mick Chiggin
|j| LYING 4 FUN
|l| LYING 4 FUN
|l| nimed beatches
|j| Theoko
|l| Theoko
|l| tolstoy
|j| Vertex
