|j|☆wsdfg
|j|☆otbaby
|t:|1605354018
|player|p1|wsdfg|burglar|1831
|player|p2|otbaby|2|1795
|teamsize|p1|6
|teamsize|p2|6
|gametype|singles
|gen|8
|tier|[Gen 8] OU
|rated|
|clearpoke
|poke|p1|Kyurem|
|poke|p1|Moltres|
|poke|p1|Blissey, F|
|poke|p1|Slowbro, F|
|poke|p1|Tyranitar, F|
|poke|p1|Zygarde|
|poke|p2|Urshifu-*, F|
|poke|p2|Melmetal|
|poke|p2|Kyurem-Black|
|poke|p2|Moltres|
|poke|p2|Swampert, M|
|poke|p2|Spectrier|
|rule|Sleep Clause Mod: Limit one foe put to sleep
|rule|Species Clause: Limit one of each Pokémon
|rule|OHKO Clause: OHKO moves are banned
|rule|Evasion Moves Clause: Evasion moves are banned
|rule|Endless Battle Clause: Forcing endless battles is banned
|rule|HP Percentage Mod: HP is shown in percentages
|rule|Dynamax Clause: You cannot dynamax
|teampreview
|j| dakingrulesz
|j| FFFFives
|j| LXXIN
|
|t:|1605354042
|start
|switch|p1a: Kyurem|Kyurem|100/100
|switch|p2a: Melmetal|Melmetal|100/100
|-ability|p1a: Kyurem|Pressure
|turn|1
|
|t:|1605354052
|switch|p1a: Slowbro|Slowbro, F|100/100
|move|p2a: Melmetal|Thunder Punch|p1a: Slowbro
|-supereffective|p1a: Slowbro
|-damage|p1a: Slowbro|57/100
|-damage|p2a: Melmetal|84/100|[from] item: Rocky Helmet|[of] p1a: Slowbro
|
|upkeep
|turn|2
|j| iijk
|
|t:|1605354064
|move|p2a: Melmetal|Thunder Punch|p1a: Slowbro
|-supereffective|p1a: Slowbro
|-damage|p1a: Slowbro|15/100
|-damage|p2a: Melmetal|67/100|[from] item: Rocky Helmet|[of] p1a: Slowbro
|move|p1a: Slowbro|Slack Off|p1a: Slowbro
|-heal|p1a: Slowbro|65/100
|
|upkeep
|turn|3
|
|t:|1605354071
|switch|p2a: Urshifu|Urshifu, F|100/100
|move|p1a: Slowbro|Slack Off|p1a: Slowbro
|-heal|p1a: Slowbro|100/100
|
|upkeep
|turn|4
|
|t:|1605354081
|switch|p1a: Tyranitar|Tyranitar, F|100/100
|-weather|Sandstorm|[from] ability: Sand Stream|[of] p1a: Tyranitar
|move|p2a: Urshifu|Wicked Blow|p1a: Tyranitar
|-resisted|p1a: Tyranitar
|-crit|p1a: Tyranitar
|-damage|p1a: Tyranitar|63/100
|
|-weather|Sandstorm|[upkeep]
|-damage|p2a: Urshifu|94/100|[from] Sandstorm
|upkeep
|turn|5
|
|t:|1605354085
|switch|p2a: Swampert|Swampert, M|100/100
|move|p1a: Tyranitar|Stealth Rock|p2a: Swampert
|-sidestart|p2: otbaby|move: Stealth Rock
|
|-weather|Sandstorm|[upkeep]
|upkeep
|turn|6
|
|t:|1605354091
|switch|p1a: Kyurem|Kyurem|100/100
|-ability|p1a: Kyurem|Pressure
|move|p2a: Swampert|Stealth Rock|p1a: Kyurem
|-sidestart|p1: wsdfg|move: Stealth Rock
|
|-weather|Sandstorm|[upkeep]
|-damage|p1a: Kyurem|94/100|[from] Sandstorm
|-heal|p1a: Kyurem|100/100|[from] item: Leftovers
|upkeep
|turn|7
|j| lirqad bro
|
|t:|1605354101
|switch|p2a: Moltres|Moltres|100/100
|move|p1a: Kyurem|Freeze-Dry|p2a: Moltres
|-damage|p2a: Moltres|62/100
|
|-weather|Sandstorm|[upkeep]
|-damage|p2a: Moltres|56/100|[from] Sandstorm
|-damage|p1a: Kyurem|94/100|[from] Sandstorm
|-heal|p1a: Kyurem|100/100|[from] item: Leftovers
|upkeep
|turn|8
|
|t:|1605354119
|move|p2a: Moltres|Roost|p2a: Moltres
|-heal|p2a: Moltres|100/100
|-singleturn|p2a: Moltres|move: Roost
|move|p1a: Kyurem|Earth Power|p2a: Moltres
|-supereffective|p2a: Moltres
|-damage|p2a: Moltres|27/100
|
|-weather|none
|upkeep
|turn|9
|
|t:|1605354131
|move|p2a: Moltres|Flamethrower|p1a: Kyurem
|-damage|p1a: Kyurem|69/100
|move|p1a: Kyurem|Freeze-Dry|p2a: Moltres
|-damage|p2a: Moltres|0 fnt
|faint|p2a: Moltres
|
|-heal|p1a: Kyurem|76/100|[from] item: Leftovers
|upkeep
|
|t:|1605354137
|switch|p2a: Melmetal|Melmetal|67/100
|-damage|p2a: Melmetal|61/100|[from] Stealth Rock
|turn|10
|
|t:|1605354142
|switch|p1a: Slowbro|Slowbro, F|100/100
|-damage|p1a: Slowbro|88/100|[from] Stealth Rock
|switch|p2a: Urshifu|Urshifu, F|94/100
|-damage|p2a: Urshifu|88/100|[from] Stealth Rock
|
|upkeep
|turn|11
|
|t:|1605354146
|switch|p1a: Moltres|Moltres|100/100
|move|p2a: Urshifu|Wicked Blow|p1a: Moltres
|-crit|p1a: Moltres
|-damage|p1a: Moltres|32/100
|
|upkeep
|turn|12
|
|t:|1605354150
|move|p2a: Urshifu|Wicked Blow|p1a: Moltres
|-crit|p1a: Moltres
|-damage|p1a: Moltres|0 fnt
|faint|p1a: Moltres
|
|upkeep
|
|t:|1605354155
|switch|p1a: Zygarde|Zygarde|100/100
|-damage|p1a: Zygarde|94/100|[from] Stealth Rock
|-ability|p1a: Zygarde|Aura Break
|turn|13
|
|t:|1605354159
|switch|p2a: Swampert|Swampert, M|100/100
|-damage|p2a: Swampert|94/100|[from] Stealth Rock
|move|p1a: Zygarde|Earthquake|p2a: Swampert
|-damage|p2a: Swampert|52/100
|
|-heal|p2a: Swampert|58/100|[from] item: Leftovers
|upkeep
|turn|14
|
|t:|1605354165
|move|p1a: Zygarde|Earthquake|p2a: Swampert
|-damage|p2a: Swampert|14/100
|move|p2a: Swampert|Ice Beam|p1a: Zygarde
|-supereffective|p1a: Zygarde
|-damage|p1a: Zygarde|26/100
|
|-heal|p2a: Swampert|20/100|[from] item: Leftovers
|upkeep
|turn|15
|
|t:|1605354169
|move|p1a: Zygarde|Earthquake|p2a: Swampert
|-damage|p2a: Swampert|0 fnt
|faint|p2a: Swampert
|
|upkeep
|
|t:|1605354185
|switch|p2a: Kyurem|Kyurem-Black|100/100
|-ability|p2a: Kyurem|Teravolt
|turn|16
|
|t:|1605354235
|switch|p1a: Tyranitar|Tyranitar, F|63/100
|-weather|Sandstorm|[from] ability: Sand Stream|[of] p1a: Tyranitar
|move|p2a: Kyurem|Dragon Dance|p2a: Kyurem
|-boost|p2a: Kyurem|atk|1
|-boost|p2a: Kyurem|spe|1
|
|-weather|Sandstorm|[upkeep]
|-damage|p2a: Kyurem|94/100|[from] Sandstorm
|upkeep
|turn|17
|
|t:|1605354243
|move|p2a: Kyurem|Icicle Spear|p1a: Tyranitar
|-damage|p1a: Tyranitar|43/100
|-damage|p1a: Tyranitar|23/100
|-damage|p1a: Tyranitar|5/100
|-hitcount|p1a: Tyranitar|3
|move|p1a: Tyranitar|Rock Blast|p2a: Kyurem
|-supereffective|p2a: Kyurem
|-damage|p2a: Kyurem|75/100
|-supereffective|p2a: Kyurem
|-damage|p2a: Kyurem|55/100
|-hitcount|p2a: Kyurem|2
|
|-weather|Sandstorm|[upkeep]
|-damage|p2a: Kyurem|49/100|[from] Sandstorm
|upkeep
|turn|18
|
|t:|1605354253
|move|p2a: Kyurem|Icicle Spear|p1a: Tyranitar
|-damage|p1a: Tyranitar|0 fnt
|-hitcount|p1a: Tyranitar|1
|faint|p1a: Tyranitar
|
|-weather|Sandstorm|[upkeep]
|-damage|p2a: Kyurem|43/100|[from] Sandstorm
|upkeep
|
|t:|1605354262
|switch|p1a: Blissey|Blissey, F|100/100
|turn|19
|
|t:|1605354269
|move|p2a: Kyurem|Roost|p2a: Kyurem
|-heal|p2a: Kyurem|93/100
|-singleturn|p2a: Kyurem|move: Roost
|move|p1a: Blissey|Thunder Wave|p2a: Kyurem
|-status|p2a: Kyurem|par
|
|-weather|Sandstorm|[upkeep]
|-damage|p2a: Kyurem|87/100 par|[from] Sandstorm
|-damage|p1a: Blissey|94/100|[from] Sandstorm
|upkeep
|turn|20
|
|t:|1605354277
|move|p2a: Kyurem|Dragon Dance|p2a: Kyurem
|-boost|p2a: Kyurem|atk|1
|-boost|p2a: Kyurem|spe|1
|move|p1a: Blissey|Teleport|p1a: Blissey
|
|t:|1605354282
|switch|p1a: Zygarde|Zygarde|26/100|[from]move: Teleport
|-damage|p1a: Zygarde|20/100|[from] Stealth Rock
|-ability|p1a: Zygarde|Aura Break
|
|-weather|none
|upkeep
|turn|21
|
|t:|1605354285
|move|p1a: Zygarde|Earthquake|p2a: Kyurem
|-damage|p2a: Kyurem|32/100 par
|move|p2a: Kyurem|Icicle Spear|p1a: Zygarde
|-supereffective|p1a: Zygarde
|-damage|p1a: Zygarde|0 fnt
|-hitcount|p1a: Zygarde|1
|faint|p1a: Zygarde
|
|upkeep
|
|t:|1605354289
|switch|p1a: Kyurem|Kyurem|76/100
|-damage|p1a: Kyurem|51/100|[from] Stealth Rock
|-ability|p1a: Kyurem|Pressure
|turn|22
|
|t:|1605354293
|move|p2a: Kyurem|Icicle Spear|p1a: Kyurem
|-damage|p1a: Kyurem|26/100
|-damage|p1a: Kyurem|0 fnt
|-hitcount|p1a: Kyurem|2
|faint|p1a: Kyurem
|
|upkeep
|
|t:|1605354297
|switch|p1a: Blissey|Blissey, F|94/100
|turn|23
|
|t:|1605354300
|move|p2a: Kyurem|Icicle Spear|p1a: Blissey
|-damage|p1a: Blissey|69/100
|-damage|p1a: Blissey|42/100
|-damage|p1a: Blissey|14/100
|-hitcount|p1a: Blissey|3
|move|p1a: Blissey|Seismic Toss|p2a: Kyurem
|-damage|p2a: Kyurem|6/100 par
|
|upkeep
|turn|24
|c| lirqad bro|beautiful, stall smacked
|c|☆otbaby|this isnt really stall
|c|☆otbaby|otherwise id be chatting shit about now
|
|t:|1605354334
|cant|p2a: Kyurem|par
|move|p1a: Blissey|Seismic Toss|p2a: Kyurem
|-damage|p2a: Kyurem|0 fnt
|faint|p2a: Kyurem
|
|upkeep
|c|☆wsdfg|lol
|c| lirqad bro|fat team
|
|t:|1605354338
|switch|p2a: Urshifu|Urshifu, F|88/100
|-damage|p2a: Urshifu|82/100|[from] Stealth Rock
|turn|25
|c| lirqad bro|but yes
|
|t:|1605354344
|move|p2a: Urshifu|Wicked Blow|p1a: Blissey
|-crit|p1a: Blissey
|-damage|p1a: Blissey|0 fnt
|faint|p1a: Blissey
|
|upkeep
|
|t:|1605354346
|switch|p1a: Slowbro|Slowbro, F|100/100
|-damage|p1a: Slowbro|88/100|[from] Stealth Rock
|turn|26
|c|☆otbaby|idm
|c|☆otbaby|no  pex
|
|t:|1605354352
|move|p2a: Urshifu|Wicked Blow|p1a: Slowbro
|-supereffective|p1a: Slowbro
|-crit|p1a: Slowbro
|-damage|p1a: Slowbro|0 fnt
|-damage|p2a: Urshifu|66/100|[from] item: Rocky Helmet|[of] p1a: Slowbro
|faint|p1a: Slowbro
|
|win|otbaby
|c|☆wsdfg|ggs
|c|☆otbaby|gg
|l|☆wsdfg
|raw|wsdfg's rating: 1831 &rarr; <strong>1809</strong><br />(-22 for losing)
|raw|otbaby's rating: 1795 &rarr; <strong>1817</strong><br />(+22 for winning)
