|html|<div class="broadcast-blue"><strong>[Gen 8] OU is currently suspecting Melmetal! For information on how to participate check out the <a href="https://www.smogon.com/forums/threads/np-ss-ou-suspect-process-round-12-monster-mash.3709234/">suspect thread</a>.</strong></div>
|j|☆IIIodyne
|j|☆SbcPlayzz
|inactive|Battle timer is ON: inactive players will automatically lose when time's up.
|t:|1665821747
|gametype|singles
|player|p1|IIIodyne|169|
|player|p2|SbcPlayzz|cynthia-gen4|
|teamsize|p1|6
|teamsize|p2|6
|gen|8
|tier|[Gen 8] OU
|rated|Tournament battle
|rule|Sleep Clause Mod: Limit one foe put to sleep
|rule|Species Clause: Limit one of each Pokémon
|rule|OHKO Clause: OHKO moves are banned
|rule|Evasion Items Clause: Evasion items are banned
|rule|Evasion Moves Clause: Evasion moves are banned
|rule|Endless Battle Clause: Forcing endless battles is banned
|rule|HP Percentage Mod: HP is shown in percentages
|rule|Dynamax Clause: You cannot dynamax
|clearpoke
|poke|p1|Snorlax, F|
|poke|p1|Suicune|
|poke|p1|Melmetal|
|poke|p1|Victini|
|poke|p1|Landorus-Therian, M|
|poke|p1|Zapdos|
|poke|p2|Regieleki|
|poke|p2|Ferrothorn, F|
|poke|p2|Garchomp, F|
|poke|p2|Landorus-Therian, M|
|poke|p2|Pelipper, F|
|poke|p2|Weavile, F|
|teampreview
|
|t:|1665821775
|start
|switch|p1a: Melmetal|Melmetal|100/100
|switch|p2a: Pelipper|Pelipper, F|100/100
|-weather|RainDance|[from] ability: Drizzle|[of] p2a: Pelipper
|turn|1
|
|t:|1665821789
|move|p2a: Pelipper|U-turn|p1a: Melmetal
|-resisted|p1a: Melmetal
|-damage|p1a: Melmetal|98/100
|
|t:|1665821791
|switch|p2a: Landorus|Landorus-Therian, M|100/100|[from]move: U-turn
|-ability|p2a: Landorus|Intimidate|boost
|-unboost|p1a: Melmetal|atk|1
|move|p1a: Melmetal|Ice Punch|p2a: Landorus
|-supereffective|p2a: Landorus
|-damage|p2a: Landorus|0 fnt
|faint|p2a: Landorus
|
|-weather|RainDance|[upkeep]
|upkeep
|
|t:|1665821796
|switch|p2a: Garchomp|Garchomp, F|100/100
|turn|2
|
|t:|1665821800
|move|p2a: Garchomp|Swords Dance|p2a: Garchomp
|-boost|p2a: Garchomp|atk|2
|move|p1a: Melmetal|Ice Punch|p2a: Garchomp
|-supereffective|p2a: Garchomp
|-damage|p2a: Garchomp|9/100
|-damage|p1a: Melmetal|86/100|[from] ability: Rough Skin|[of] p2a: Garchomp
|
|-weather|RainDance|[upkeep]
|-heal|p2a: Garchomp|15/100|[from] item: Leftovers
|upkeep
|turn|3
|
|t:|1665821805
|switch|p1a: Landorus|Landorus-Therian, M|100/100
|-ability|p1a: Landorus|Intimidate|boost
|-unboost|p2a: Garchomp|atk|1
|move|p2a: Garchomp|Earthquake|p1a: Landorus
|-immune|p1a: Landorus
|
|-weather|RainDance|[upkeep]
|-heal|p2a: Garchomp|21/100|[from] item: Leftovers
|upkeep
|turn|4
|
|t:|1665821811
|move|p1a: Landorus|Knock Off|p2a: Garchomp
|-damage|p2a: Garchomp|0 fnt
|-damage|p1a: Landorus|88/100|[from] ability: Rough Skin|[of] p2a: Garchomp
|-enditem|p2a: Garchomp|Leftovers|[from] move: Knock Off|[of] p1a: Landorus
|faint|p2a: Garchomp
|
|-weather|RainDance|[upkeep]
|upkeep
|
|t:|1665821817
|switch|p2a: Weavile|Weavile, F|100/100
|-ability|p2a: Weavile|Pressure
|turn|5
|
|t:|1665821821
|switch|p1a: Suicune|Suicune|100/100
|-ability|p1a: Suicune|Pressure
|move|p2a: Weavile|Triple Axel|p1a: Suicune
|-resisted|p1a: Suicune
|-damage|p1a: Suicune|98/100
|-resisted|p1a: Suicune
|-damage|p1a: Suicune|93/100
|-resisted|p1a: Suicune
|-crit|p1a: Suicune
|-damage|p1a: Suicune|79/100
|-hitcount|p1a: Suicune|3
|
|-weather|none
|-heal|p1a: Suicune|85/100|[from] item: Leftovers
|upkeep
|turn|6
|
|t:|1665821826
|switch|p2a: Ferrothorn|Ferrothorn, F|100/100
|move|p1a: Suicune|Scald|p2a: Ferrothorn
|-resisted|p2a: Ferrothorn
|-damage|p2a: Ferrothorn|90/100
|-status|p2a: Ferrothorn|brn
|
|-heal|p1a: Suicune|92/100|[from] item: Leftovers
|-damage|p2a: Ferrothorn|84/100 brn|[from] brn
|upkeep
|turn|7
|
|t:|1665821830
|switch|p1a: Victini|Victini|100/100
|move|p2a: Ferrothorn|Leech Seed|p1a: Victini
|-start|p1a: Victini|move: Leech Seed
|
|-damage|p1a: Victini|88/100|[from] Leech Seed|[of] p2a: Ferrothorn
|-heal|p2a: Ferrothorn|96/100 brn|[silent]
|-damage|p2a: Ferrothorn|89/100 brn|[from] brn
|upkeep
|turn|8
|
|t:|1665821837
|switch|p2a: Pelipper|Pelipper, F|100/100
|-weather|RainDance|[from] ability: Drizzle|[of] p2a: Pelipper
|move|p1a: Victini|Bolt Strike|p2a: Pelipper|[miss]
|-miss|p1a: Victini|p2a: Pelipper
|
|-weather|RainDance|[upkeep]
|-damage|p1a: Victini|76/100|[from] Leech Seed|[of] p2a: Pelipper
|upkeep
|turn|9
|
|t:|1665821849
|switch|p1a: Zapdos|Zapdos|100/100
|move|p2a: Pelipper|Hurricane|p1a: Zapdos
|-resisted|p1a: Zapdos
|-damage|p1a: Zapdos|59/100
|
|-weather|RainDance|[upkeep]
|upkeep
|turn|10
|
|t:|1665821858
|switch|p2a: Ferrothorn|Ferrothorn, F|89/100 brn
|move|p1a: Zapdos|Hurricane|p2a: Ferrothorn
|-damage|p2a: Ferrothorn|39/100 brn
|-start|p2a: Ferrothorn|confusion
|
|-weather|RainDance|[upkeep]
|-damage|p2a: Ferrothorn|33/100 brn|[from] brn
|upkeep
|turn|11
|
|t:|1665821864
|move|p1a: Zapdos|Hurricane|p2a: Ferrothorn
|-damage|p2a: Ferrothorn|0 fnt
|faint|p2a: Ferrothorn
|
|-weather|RainDance|[upkeep]
|upkeep
|
|t:|1665821869
|switch|p2a: Regieleki|Regieleki|100/100
|turn|12
|
|t:|1665821873
|move|p2a: Regieleki|Ancient Power|p1a: Zapdos
|-supereffective|p1a: Zapdos
|-damage|p1a: Zapdos|19/100
|move|p1a: Zapdos|Volt Switch|p2a: Regieleki
|-resisted|p2a: Regieleki
|-damage|p2a: Regieleki|64/100
|
|t:|1665821878
|switch|p1a: Melmetal|Melmetal|86/100|[from]move: Volt Switch
|
|-weather|none
|upkeep
|turn|13
|
|t:|1665821884
|switch|p2a: Pelipper|Pelipper, F|100/100
|-weather|RainDance|[from] ability: Drizzle|[of] p2a: Pelipper
|move|p1a: Melmetal|Double Iron Bash|p2a: Pelipper
|-resisted|p2a: Pelipper
|-damage|p2a: Pelipper|72/100
|-resisted|p2a: Pelipper
|-damage|p2a: Pelipper|45/100
|-hitcount|p2a: Pelipper|2
|
|-weather|RainDance|[upkeep]
|upkeep
|turn|14
|
|t:|1665821890
|move|p2a: Pelipper|Hurricane|p1a: Melmetal
|-resisted|p1a: Melmetal
|-damage|p1a: Melmetal|61/100
|move|p1a: Melmetal|Double Iron Bash|p2a: Pelipper
|-resisted|p2a: Pelipper
|-damage|p2a: Pelipper|18/100
|-resisted|p2a: Pelipper
|-damage|p2a: Pelipper|0 fnt
|faint|p2a: Pelipper
|-hitcount|p2: Pelipper|2
|
|-weather|RainDance|[upkeep]
|upkeep
|
|t:|1665821895
|switch|p2a: Weavile|Weavile, F|100/100
|-ability|p2a: Weavile|Pressure
|turn|15
|c|☆SbcPlayzz|gg
|c|☆IIIodyne|gg
|
|t:|1665821905
|switch|p1a: Suicune|Suicune|92/100
|-ability|p1a: Suicune|Pressure
|move|p2a: Weavile|Triple Axel|p1a: Suicune
|-resisted|p1a: Suicune
|-damage|p1a: Suicune|89/100
|-resisted|p1a: Suicune
|-damage|p1a: Suicune|83/100
|-resisted|p1a: Suicune
|-damage|p1a: Suicune|75/100
|-hitcount|p1a: Suicune|3
|
|-weather|RainDance|[upkeep]
|-heal|p1a: Suicune|81/100|[from] item: Leftovers
|upkeep
|turn|16
|c|☆IIIodyne|sorry to destroy you like this; ive been tilting from high 1800s :(
|
|t:|1665821930
|switch|p2a: Regieleki|Regieleki|64/100
|move|p1a: Suicune|Scald|p2a: Regieleki
|-damage|p2a: Regieleki|0 fnt
|faint|p2a: Regieleki
|
|-weather|RainDance|[upkeep]
|-heal|p1a: Suicune|88/100|[from] item: Leftovers
|upkeep
|
|t:|1665821934
|switch|p2a: Weavile|Weavile, F|100/100
|-ability|p2a: Weavile|Pressure
|turn|17
|
|t:|1665821938
|move|p2a: Weavile|Swords Dance|p2a: Weavile
|-boost|p2a: Weavile|atk|2
|move|p1a: Suicune|Scald|p2a: Weavile
|-damage|p2a: Weavile|50/100
|
|-weather|none
|-heal|p1a: Suicune|94/100|[from] item: Leftovers
|upkeep
|turn|18
|
|t:|1665821941
|move|p2a: Weavile|Knock Off|p1a: Suicune
|-damage|p1a: Suicune|37/100
|-enditem|p1a: Suicune|Leftovers|[from] move: Knock Off|[of] p2a: Weavile
|move|p1a: Suicune|Scald|p2a: Weavile
|-damage|p2a: Weavile|16/100
|
|upkeep
|turn|19
|
|t:|1665821953
|move|p2a: Weavile|Knock Off|p1a: Suicune
|-crit|p1a: Suicune
|-damage|p1a: Suicune|0 fnt
|faint|p1a: Suicune
|
|upkeep
|
|t:|1665821956
|switch|p1a: Landorus|Landorus-Therian, M|88/100
|-ability|p1a: Landorus|Intimidate|boost
|-unboost|p2a: Weavile|atk|1
|turn|20
|c|☆SbcPlayzz|weavile sweep? 6 crits? hahaha
|
|t:|1665821965
|move|p2a: Weavile|Ice Shard|p1a: Landorus
|-supereffective|p1a: Landorus
|-damage|p1a: Landorus|0 fnt
|faint|p1a: Landorus
|
|upkeep
|c|☆IIIodyne|nah
|c|☆SbcPlayzz|scarf lando?
|
|t:|1665821971
|switch|p1a: Melmetal|Melmetal|61/100
|turn|21
|c|☆IIIodyne|ye
|
|t:|1665821979
|move|p2a: Weavile|Knock Off|p1a: Melmetal
|-damage|p1a: Melmetal|18/100
|-enditem|p1a: Melmetal|Assault Vest|[from] move: Knock Off|[of] p2a: Weavile
|move|p1a: Melmetal|Earthquake|p2a: Weavile
|-damage|p2a: Weavile|0 fnt
|faint|p2a: Weavile
|
|win|IIIodyne
|n|☆IIIodyne|iiiodyne
|n|☆SbcPlayzz|sbcplayzz
|c|☆SbcPlayzz|gg hahaha
|c|☆IIIodyne|gg
|c|☆SbcPlayzz|wpwp
|c|☆IIIodyne|would be crazy
|c|☆IIIodyne|tyty
|c|☆SbcPlayzz|that lando threw me off .-.
|c|☆IIIodyne|u2
|c|☆IIIodyne|yeah
|c|☆SbcPlayzz|gl in the next one
|c|☆IIIodyne|thx
|c|☆IIIodyne|u2
|l|☆SbcPlayzz
