|j|☆Contorted Lies
|j|☆Fusien
|t:|1606549466
|player|p1|Contorted Lies|101|2113
|player|p2|Fusien|roxie|1902
|teamsize|p1|6
|teamsize|p2|6
|gametype|singles
|gen|8
|tier|[Gen 8] OU
|rated|
|clearpoke
|poke|p1|Weavile, F|
|poke|p1|Urshifu-*, M|
|poke|p1|Magearna|
|poke|p1|Moltres|
|poke|p1|Hippowdon, F|
|poke|p1|Toxapex, M|
|poke|p2|Aegislash, M|
|poke|p2|Spectrier|
|poke|p2|Landorus-Therian, M|
|poke|p2|Tapu Fini|
|poke|p2|Cinderace, M|
|poke|p2|Tyranitar, M|
|rule|Sleep Clause Mod: Limit one foe put to sleep
|rule|Species Clause: Limit one of each Pokémon
|rule|OHKO Clause: OHKO moves are banned
|rule|Evasion Moves Clause: Evasion moves are banned
|rule|Endless Battle Clause: Forcing endless battles is banned
|rule|HP Percentage Mod: HP is shown in percentages
|rule|Dynamax Clause: You cannot dynamax
|teampreview
|j| Meme cigar
|inactive|Battle timer is ON: inactive players will automatically lose when time's up. (requested by Contorted Lies)
|c|☆Fusien|Glhf
|
|t:|1606549525
|start
|switch|p1a: Hippowdon|Hippowdon, F|100/100
|switch|p2a: Arthur|Aegislash, M|100/100
|-weather|Sandstorm|[from] ability: Sand Stream|[of] p1a: Hippowdon
|turn|1
|inactive|Fusien also wants the timer to be on.
|l|☆Fusien
|inactive|Fusien disconnected and has a minute to reconnect!
|player|p2|
|j|☆Fusien
|inactive|Fusien reconnected and has 145 seconds left.
|player|p2|Fusien|roxie
|
|t:|1606549540
|-formechange|p2a: Arthur|Aegislash-Blade||[from] ability: Stance Change
|move|p2a: Arthur|Steel Beam|p1a: Hippowdon
|-damage|p1a: Hippowdon|6/100
|-damage|p2a: Arthur|50/100|[from] mindblown
|move|p1a: Hippowdon|Stealth Rock|p2a: Arthur
|-sidestart|p2: Fusien|move: Stealth Rock
|
|-weather|Sandstorm|[upkeep]
|-heal|p1a: Hippowdon|12/100|[from] item: Leftovers
|upkeep
|turn|2
|j| Vessev
|
|t:|1606549561
|move|p2a: Arthur|Steel Beam|p1a: Hippowdon
|-damage|p1a: Hippowdon|0 fnt
|-damage|p2a: Arthur|0 fnt|[from] mindblown
|faint|p2a: Arthur
|faint|p1a: Hippowdon
|
|-weather|Sandstorm|[upkeep]
|upkeep
|
|t:|1606549573
|switch|p2a: Armageddonsspike|Tapu Fini|100/100
|switch|p1a: Weavile|Weavile, F|100/100
|-ability|p1a: Weavile|Pressure
|-damage|p2a: Armageddonsspike|88/100|[from] Stealth Rock
|-fieldstart|move: Misty Terrain|[from] ability: Misty Surge|[of] p2a: Armageddonsspike
|turn|3
|
|t:|1606549579
|switch|p1a: Toxapex|Toxapex, M|100/100
|move|p2a: Armageddonsspike|Draining Kiss|p1a: Toxapex
|-resisted|p1a: Toxapex
|-crit|p1a: Toxapex
|-damage|p1a: Toxapex|90/100
|-heal|p2a: Armageddonsspike|95/100|[from] drain|[of] p1a: Toxapex
|
|-weather|Sandstorm|[upkeep]
|-damage|p2a: Armageddonsspike|89/100|[from] Sandstorm
|-damage|p1a: Toxapex|84/100|[from] Sandstorm
|-heal|p2a: Armageddonsspike|95/100|[from] item: Leftovers
|-heal|p1a: Toxapex|90/100|[from] item: Black Sludge
|upkeep
|turn|4
|
|t:|1606549585
|move|p2a: Armageddonsspike|Whirlpool|p1a: Toxapex
|-resisted|p1a: Toxapex
|-damage|p1a: Toxapex|85/100
|-activate|p1a: Toxapex|move: Whirlpool|[of] p2a: Armageddonsspike
|move|p1a: Toxapex|Toxic Spikes|p2a: Armageddonsspike
|-sidestart|p2: Fusien|move: Toxic Spikes
|
|-weather|Sandstorm|[upkeep]
|-damage|p2a: Armageddonsspike|89/100|[from] Sandstorm
|-damage|p1a: Toxapex|79/100|[from] Sandstorm
|-heal|p2a: Armageddonsspike|95/100|[from] item: Leftovers
|-heal|p1a: Toxapex|85/100|[from] item: Black Sludge
|-damage|p1a: Toxapex|73/100|[from] move: Whirlpool|[partiallytrapped]
|upkeep
|turn|5
|
|t:|1606549587
|move|p2a: Armageddonsspike|Taunt|p1a: Toxapex
|-start|p1a: Toxapex|move: Taunt
|move|p1a: Toxapex|Knock Off|p2a: Armageddonsspike
|-resisted|p2a: Armageddonsspike
|-damage|p2a: Armageddonsspike|90/100
|-enditem|p2a: Armageddonsspike|Leftovers|[from] move: Knock Off|[of] p1a: Toxapex
|
|-weather|none
|-heal|p1a: Toxapex|79/100|[from] item: Black Sludge
|-damage|p1a: Toxapex|67/100|[from] move: Whirlpool|[partiallytrapped]
|upkeep
|turn|6
|
|t:|1606549591
|move|p2a: Armageddonsspike|Nature's Madness|p1a: Toxapex
|-damage|p1a: Toxapex|34/100
|move|p1a: Toxapex|Scald|p2a: Armageddonsspike
|-resisted|p2a: Armageddonsspike
|-damage|p2a: Armageddonsspike|84/100
|
|-heal|p1a: Toxapex|40/100|[from] item: Black Sludge
|-damage|p1a: Toxapex|27/100|[from] move: Whirlpool|[partiallytrapped]
|upkeep
|turn|7
|
|t:|1606549598
|move|p2a: Armageddonsspike|Draining Kiss|p1a: Toxapex
|-resisted|p1a: Toxapex
|-damage|p1a: Toxapex|21/100
|-heal|p2a: Armageddonsspike|89/100|[from] drain|[of] p1a: Toxapex
|move|p1a: Toxapex|Scald|p2a: Armageddonsspike
|-resisted|p2a: Armageddonsspike
|-damage|p2a: Armageddonsspike|82/100
|
|-heal|p1a: Toxapex|27/100|[from] item: Black Sludge
|-damage|p1a: Toxapex|14/100|[from] move: Whirlpool|[partiallytrapped]
|-end|p1a: Toxapex|move: Taunt
|-fieldend|Misty Terrain
|upkeep
|turn|8
|j| Celina Dion
|
|t:|1606549602
|move|p2a: Armageddonsspike|Taunt|p1a: Toxapex
|-start|p1a: Toxapex|move: Taunt
|cant|p1a: Toxapex|move: Taunt|Recover
|
|-heal|p1a: Toxapex|21/100|[from] item: Black Sludge
|-end|p1a: Toxapex|Whirlpool|[partiallytrapped]
|upkeep
|turn|9
|
|t:|1606549612
|switch|p2a: Rush Hour|Cinderace, M|100/100
|move|p1a: Toxapex|Scald|p2a: Rush Hour
|-supereffective|p2a: Rush Hour
|-damage|p2a: Rush Hour|57/100
|
|-heal|p1a: Toxapex|27/100|[from] item: Black Sludge
|upkeep
|turn|10
|
|t:|1606549617
|switch|p1a: Moltres|Moltres|100/100
|move|p2a: Rush Hour|Gunk Shot|p1a: Moltres
|-start|p2a: Rush Hour|typechange|Poison|[from] ability: Libero
|-damage|p1a: Moltres|54/100
|
|upkeep
|turn|11
|
|t:|1606549621
|move|p2a: Rush Hour|Gunk Shot|p1a: Moltres
|-damage|p1a: Moltres|10/100
|move|p1a: Moltres|Roost|p1a: Moltres
|-heal|p1a: Moltres|60/100
|-singleturn|p1a: Moltres|move: Roost
|
|upkeep
|turn|12
|
|t:|1606549624
|move|p2a: Rush Hour|Gunk Shot|p1a: Moltres
|-damage|p1a: Moltres|14/100
|-status|p1a: Moltres|psn
|move|p1a: Moltres|Roost|p1a: Moltres
|-heal|p1a: Moltres|64/100 psn
|-singleturn|p1a: Moltres|move: Roost
|
|-damage|p1a: Moltres|52/100 psn|[from] psn
|upkeep
|turn|13
|
|t:|1606549630
|switch|p2a: Cloud 9|Landorus-Therian, M|100/100
|-damage|p2a: Cloud 9|88/100|[from] Stealth Rock
|-ability|p2a: Cloud 9|Intimidate|boost
|-unboost|p1a: Moltres|atk|1
|move|p1a: Moltres|Hurricane|p2a: Cloud 9
|-damage|p2a: Cloud 9|36/100
|
|-damage|p1a: Moltres|40/100 psn|[from] psn
|upkeep
|turn|14
|
|t:|1606549642
|move|p1a: Moltres|Mystical Fire|p2a: Cloud 9
|-damage|p2a: Cloud 9|4/100
|-unboost|p2a: Cloud 9|spa|1
|move|p2a: Cloud 9|Defog|p1a: Moltres
|-unboost|p1a: Moltres|evasion|1
|-sideend|p2: Fusien|Toxic Spikes|[from] move: Defog|[of] p2a: Cloud 9
|-sideend|p2: Fusien|Stealth Rock|[from] move: Defog|[of] p2a: Cloud 9
|
|-damage|p1a: Moltres|28/100 psn|[from] psn
|upkeep
|turn|15
|
|t:|1606549646
|move|p1a: Moltres|Mystical Fire|p2a: Cloud 9
|-damage|p2a: Cloud 9|0 fnt
|faint|p2a: Cloud 9
|
|-damage|p1a: Moltres|15/100 psn|[from] psn
|upkeep
|
|t:|1606549648
|switch|p2a: Rush Hour|Cinderace, M|57/100
|turn|16
|
|t:|1606549649
|move|p2a: Rush Hour|Pyro Ball|p1a: Moltres
|-resisted|p1a: Moltres
|-damage|p1a: Moltres|0 fnt
|faint|p1a: Moltres
|
|upkeep
|
|t:|1606549654
|switch|p1a: Weavile|Weavile, F|100/100
|-ability|p1a: Weavile|Pressure
|turn|17
|
|t:|1606549667
|switch|p2a: Armageddonsspike|Tapu Fini|82/100
|-fieldstart|move: Misty Terrain|[from] ability: Misty Surge|[of] p2a: Armageddonsspike
|move|p1a: Weavile|Knock Off|p2a: Armageddonsspike
|-resisted|p2a: Armageddonsspike
|-damage|p2a: Armageddonsspike|68/100
|-damage|p1a: Weavile|91/100|[from] item: Life Orb
|
|upkeep
|turn|18
|
|t:|1606549685
|switch|p1a: Magearna|Magearna|100/100
|switch|p2a: Rush Hour|Cinderace, M|57/100
|
|upkeep
|turn|19
|
|t:|1606549688
|switch|p1a: Toxapex|Toxapex, M|60/100
|move|p2a: Rush Hour|Pyro Ball|p1a: Toxapex
|-resisted|p1a: Toxapex
|-damage|p1a: Toxapex|41/100
|
|-heal|p1a: Toxapex|48/100|[from] item: Black Sludge
|upkeep
|turn|20
|
|t:|1606549691
|move|p2a: Rush Hour|Pyro Ball|p1a: Toxapex|[miss]
|-miss|p2a: Rush Hour|p1a: Toxapex
|move|p1a: Toxapex|Recover|p1a: Toxapex
|-heal|p1a: Toxapex|98/100
|
|-heal|p1a: Toxapex|100/100|[from] item: Black Sludge
|upkeep
|turn|21
|
|t:|1606549697
|move|p2a: Rush Hour|U-turn|p1a: Toxapex
|-start|p2a: Rush Hour|typechange|Bug|[from] ability: Libero
|-resisted|p1a: Toxapex
|-damage|p1a: Toxapex|91/100
|
|t:|1606549703
|switch|p2a: Midna|Spectrier|100/100|[from]move: U-turn
|move|p1a: Toxapex|Toxic Spikes|p2a: Midna
|-sidestart|p2: Fusien|move: Toxic Spikes
|
|-heal|p1a: Toxapex|97/100|[from] item: Black Sludge
|-fieldend|Misty Terrain
|upkeep
|turn|22
|
|t:|1606549713
|move|p2a: Midna|Will-O-Wisp|p1a: Toxapex
|-status|p1a: Toxapex|brn
|move|p1a: Toxapex|Knock Off|p2a: Midna
|-supereffective|p2a: Midna
|-damage|p2a: Midna|79/100
|-enditem|p2a: Midna|Choice Scarf|[from] move: Knock Off|[of] p1a: Toxapex
|
|-heal|p1a: Toxapex|100/100 brn|[from] item: Black Sludge
|-damage|p1a: Toxapex|94/100 brn|[from] brn
|upkeep
|turn|23
|
|t:|1606549722
|move|p2a: Midna|Hex|p1a: Toxapex
|-damage|p1a: Toxapex|30/100 brn
|move|p1a: Toxapex|Scald|p2a: Midna
|-damage|p2a: Midna|61/100
|-status|p2a: Midna|brn
|
|-heal|p1a: Toxapex|36/100 brn|[from] item: Black Sludge
|-damage|p2a: Midna|55/100 brn|[from] brn
|-damage|p1a: Toxapex|30/100 brn|[from] brn
|upkeep
|turn|24
|
|t:|1606549728
|switch|p2a: Rush Hour|Cinderace, M|57/100
|move|p1a: Toxapex|Toxic Spikes|p2a: Rush Hour
|-sidestart|p2: Fusien|move: Toxic Spikes
|
|-heal|p1a: Toxapex|36/100 brn|[from] item: Black Sludge
|-damage|p1a: Toxapex|30/100 brn|[from] brn
|upkeep
|turn|25
|
|t:|1606549734
|move|p2a: Rush Hour|U-turn|p1a: Toxapex
|-start|p2a: Rush Hour|typechange|Bug|[from] ability: Libero
|-resisted|p1a: Toxapex
|-damage|p1a: Toxapex|20/100 brn
|
|t:|1606549736
|switch|p2a: Midna|Spectrier|55/100 brn|[from]move: U-turn
|move|p1a: Toxapex|Recover|p1a: Toxapex
|-heal|p1a: Toxapex|70/100 brn
|
|-heal|p1a: Toxapex|76/100 brn|[from] item: Black Sludge
|-damage|p2a: Midna|49/100 brn|[from] brn
|-damage|p1a: Toxapex|70/100 brn|[from] brn
|upkeep
|turn|26
|j| Nuzzload
|
|t:|1606549747
|move|p2a: Midna|Hex|p1a: Toxapex
|-damage|p1a: Toxapex|13/100 brn
|move|p1a: Toxapex|Scald|p2a: Midna
|-damage|p2a: Midna|30/100 brn
|
|-heal|p1a: Toxapex|19/100 brn|[from] item: Black Sludge
|-damage|p2a: Midna|24/100 brn|[from] brn
|-damage|p1a: Toxapex|13/100 brn|[from] brn
|upkeep
|turn|27
|
|t:|1606549759
|move|p2a: Midna|Shadow Ball|p1a: Toxapex
|-damage|p1a: Toxapex|0 fnt
|faint|p1a: Toxapex
|-ability|p2a: Midna|Grim Neigh|boost
|-boost|p2a: Midna|spa|1
|
|-damage|p2a: Midna|18/100 brn|[from] brn
|upkeep
|
|t:|1606549764
|switch|p1a: Weavile|Weavile, F|91/100
|-ability|p1a: Weavile|Pressure
|turn|28
|
|t:|1606549783
|switch|p2a: Georgiethefirst|Tyranitar, M|100/100
|-status|p2a: Georgiethefirst|tox
|-weather|Sandstorm|[from] ability: Sand Stream|[of] p2a: Georgiethefirst
|move|p1a: Weavile|Ice Shard|p2a: Georgiethefirst
|-damage|p2a: Georgiethefirst|79/100 tox
|-damage|p1a: Weavile|81/100|[from] item: Life Orb
|
|-weather|Sandstorm|[upkeep]
|-damage|p1a: Weavile|75/100|[from] Sandstorm
|-heal|p2a: Georgiethefirst|85/100 tox|[from] item: Leftovers
|-damage|p2a: Georgiethefirst|79/100 tox|[from] psn
|upkeep
|turn|29
|
|t:|1606549794
|switch|p1a: Urshifu|Urshifu, M|100/100
|move|p2a: Georgiethefirst|Thunder Wave|p1a: Urshifu
|-status|p1a: Urshifu|par
|
|-weather|Sandstorm|[upkeep]
|-damage|p1a: Urshifu|94/100 par|[from] Sandstorm
|-heal|p2a: Georgiethefirst|85/100 tox|[from] item: Leftovers
|-damage|p2a: Georgiethefirst|73/100 tox|[from] psn
|upkeep
|turn|30
|
|t:|1606549808
|switch|p2a: Armageddonsspike|Tapu Fini|68/100
|-status|p2a: Armageddonsspike|tox
|-fieldstart|move: Misty Terrain|[from] ability: Misty Surge|[of] p2a: Armageddonsspike
|move|p1a: Urshifu|Close Combat|p2a: Armageddonsspike
|-resisted|p2a: Armageddonsspike
|-crit|p2a: Armageddonsspike
|-damage|p2a: Armageddonsspike|18/100 tox
|-unboost|p1a: Urshifu|def|1
|-unboost|p1a: Urshifu|spd|1
|
|-weather|Sandstorm|[upkeep]
|-damage|p2a: Armageddonsspike|12/100 tox|[from] Sandstorm
|-damage|p1a: Urshifu|88/100 par|[from] Sandstorm
|-damage|p2a: Armageddonsspike|5/100 tox|[from] psn
|upkeep
|turn|31
|
|t:|1606549817
|switch|p1a: Magearna|Magearna|100/100
|move|p2a: Armageddonsspike|Nature's Madness|p1a: Magearna
|-damage|p1a: Magearna|51/100
|
|-weather|Sandstorm|[upkeep]
|-damage|p2a: Armageddonsspike|0 fnt|[from] Sandstorm
|faint|p2a: Armageddonsspike
|-ability|p1a: Magearna|Soul-Heart|boost
|-boost|p1a: Magearna|spa|1
|upkeep
|
|t:|1606549820
|switch|p2a: Rush Hour|Cinderace, M|57/100
|turn|32
|j| fantastone
|
|t:|1606549840
|switch|p1a: Urshifu|Urshifu, M|88/100 par
|move|p2a: Rush Hour|Pyro Ball|p1a: Urshifu
|-damage|p1a: Urshifu|35/100 par
|
|-weather|none
|upkeep
|turn|33
|
|t:|1606549848
|switch|p2a: Georgiethefirst|Tyranitar, M|73/100 tox
|-weather|Sandstorm|[from] ability: Sand Stream|[of] p2a: Georgiethefirst
|move|p1a: Urshifu|Sucker Punch||[still]
|-fail|p1a: Urshifu
|
|-weather|Sandstorm|[upkeep]
|-damage|p1a: Urshifu|28/100 par|[from] Sandstorm
|-heal|p2a: Georgiethefirst|79/100 tox|[from] item: Leftovers
|-damage|p2a: Georgiethefirst|73/100 tox|[from] psn
|upkeep
|turn|34
|
|t:|1606549855
|switch|p2a: Midna|Spectrier|18/100 brn
|move|p1a: Urshifu|Sucker Punch||[still]
|-fail|p1a: Urshifu
|
|-weather|Sandstorm|[upkeep]
|-damage|p2a: Midna|11/100 brn|[from] Sandstorm
|-damage|p1a: Urshifu|22/100 par|[from] Sandstorm
|-damage|p2a: Midna|5/100 brn|[from] brn
|-fieldend|Misty Terrain
|upkeep
|turn|35
|
|t:|1606549863
|switch|p2a: Georgiethefirst|Tyranitar, M|73/100 tox
|cant|p1a: Urshifu|par
|
|-weather|Sandstorm|[upkeep]
|-damage|p1a: Urshifu|16/100 par|[from] Sandstorm
|-heal|p2a: Georgiethefirst|79/100 tox|[from] item: Leftovers
|-damage|p2a: Georgiethefirst|73/100 tox|[from] psn
|upkeep
|turn|36
|
|t:|1606549867
|switch|p2a: Rush Hour|Cinderace, M|57/100
|cant|p1a: Urshifu|par
|
|-weather|Sandstorm|[upkeep]
|-damage|p2a: Rush Hour|51/100|[from] Sandstorm
|-damage|p1a: Urshifu|10/100 par|[from] Sandstorm
|upkeep
|turn|37
|
|t:|1606549870
|switch|p2a: Georgiethefirst|Tyranitar, M|73/100 tox
|cant|p1a: Urshifu|par
|
|-weather|none
|-heal|p2a: Georgiethefirst|79/100 tox|[from] item: Leftovers
|-damage|p2a: Georgiethefirst|73/100 tox|[from] psn
|upkeep
|turn|38
|
|t:|1606549875
|move|p1a: Urshifu|Sucker Punch||[still]
|-fail|p1a: Urshifu
|move|p2a: Georgiethefirst|Thunder Wave|p1a: Urshifu
|-fail|p1a: Urshifu|par
|
|-heal|p2a: Georgiethefirst|79/100 tox|[from] item: Leftovers
|-damage|p2a: Georgiethefirst|67/100 tox|[from] psn
|upkeep
|turn|39
|
|t:|1606549879
|move|p1a: Urshifu|Sucker Punch||[still]
|-fail|p1a: Urshifu
|move|p2a: Georgiethefirst|Stealth Rock|p1a: Urshifu
|-sidestart|p1: Contorted Lies|move: Stealth Rock
|
|-heal|p2a: Georgiethefirst|73/100 tox|[from] item: Leftovers
|-damage|p2a: Georgiethefirst|54/100 tox|[from] psn
|upkeep
|turn|40
|
|t:|1606549888
|switch|p2a: Midna|Spectrier|5/100 brn
|move|p1a: Urshifu|Sucker Punch||[still]
|-fail|p1a: Urshifu
|
|-damage|p2a: Midna|0 fnt|[from] brn
|faint|p2a: Midna
|upkeep
|
|t:|1606549890
|switch|p2a: Georgiethefirst|Tyranitar, M|54/100 tox
|-weather|Sandstorm|[from] ability: Sand Stream|[of] p2a: Georgiethefirst
|turn|41
|
|t:|1606549900
|switch|p2a: Rush Hour|Cinderace, M|51/100
|move|p1a: Urshifu|Sucker Punch||[still]
|-fail|p1a: Urshifu
|
|-weather|Sandstorm|[upkeep]
|-damage|p2a: Rush Hour|45/100|[from] Sandstorm
|-damage|p1a: Urshifu|4/100 par|[from] Sandstorm
|upkeep
|turn|42
|j| Trappedzz
|l| Trappedzz
|
|t:|1606549911
|switch|p2a: Georgiethefirst|Tyranitar, M|54/100 tox
|cant|p1a: Urshifu|par
|
|-weather|Sandstorm|[upkeep]
|-damage|p1a: Urshifu|0 fnt|[from] Sandstorm
|faint|p1a: Urshifu
|-heal|p2a: Georgiethefirst|60/100 tox|[from] item: Leftovers
|-damage|p2a: Georgiethefirst|54/100 tox|[from] psn
|upkeep
|
|t:|1606549915
|switch|p1a: Magearna|Magearna|51/100
|-damage|p1a: Magearna|45/100|[from] Stealth Rock
|turn|43
|
|t:|1606549920
|switch|p2a: Rush Hour|Cinderace, M|45/100
|move|p1a: Magearna|Flash Cannon|p2a: Rush Hour
|-resisted|p2a: Rush Hour
|-damage|p2a: Rush Hour|0 fnt
|faint|p2a: Rush Hour
|-ability|p1a: Magearna|Soul-Heart|boost
|-boost|p1a: Magearna|spa|1
|
|-weather|Sandstorm|[upkeep]
|upkeep
|c|☆Fusien|Gg
|-message|Fusien forfeited.
|
|win|Contorted Lies
|l|☆Fusien
|raw|Contorted Lies's rating: 2113 &rarr; <strong>2122</strong><br />(+9 for winning)
|raw|Fusien's rating: 1902 &rarr; <strong>1893</strong><br />(-9 for losing)
|l|☆Contorted Lies
