|j|☆GGeorgie◕‿◕
|j|☆fammo
|t:|1667868275
|gametype|singles
|player|p1|GGeorgie◕‿◕|hiker-gen2|1444
|player|p2|fammo|dancer|1457
|teamsize|p1|6
|teamsize|p2|6
|gen|8
|tier|[Gen 8] OU
|rated|
|rule|Sleep Clause Mod: Limit one foe put to sleep
|rule|Species Clause: Limit one of each Pokémon
|rule|OHKO Clause: OHKO moves are banned
|rule|Evasion Items Clause: Evasion items are banned
|rule|Evasion Moves Clause: Evasion moves are banned
|rule|Endless Battle Clause: Forcing endless battles is banned
|rule|HP Percentage Mod: HP is shown in percentages
|rule|Dynamax Clause: You cannot dynamax
|clearpoke
|poke|p1|Zapdos|
|poke|p1|Tyranitar, M|
|poke|p1|Landorus-Therian, M|
|poke|p1|Excadrill, F|
|poke|p1|Clefable, M|
|poke|p1|Ferrothorn, F|
|poke|p2|Rillaboom, F|
|poke|p2|Slowking-Galar, M|
|poke|p2|Bewear, F|
|poke|p2|Slowbro, M|
|poke|p2|Hawlucha, F|
|poke|p2|Ditto|
|teampreview
|inactive|Battle timer is ON: inactive players will automatically lose when time's up. (requested by GGeorgie◕‿◕)
|inactive|fammo has 120 seconds left.
|
|t:|1667868339
|start
|switch|p1a: Zapdos|Zapdos|100/100
|switch|p2a: Ditto|Ditto|100/100
|-transform|p2a: Ditto|p1a: Zapdos|[from] ability: Imposter
|turn|1
|inactive|GGeorgie◕‿◕ has 120 seconds left.
|
|t:|1667868381
|move|p2a: Ditto|Volt Switch|p1a: Zapdos
|-damage|p1a: Zapdos|60/100
|
|t:|1667868408
|switch|p2a: Slowking|Slowking-Galar, M|100/100|[from]move: Volt Switch
|move|p1a: Zapdos|Volt Switch|p2a: Slowking
|-damage|p2a: Slowking|78/100
|
|t:|1667868411
|switch|p1a: Tyranitar|Tyranitar, M, shiny|100/100|[from]move: Volt Switch
|-weather|Sandstorm|[from] ability: Sand Stream|[of] p1a: Tyranitar
|
|-weather|Sandstorm|[upkeep]
|-damage|p2a: Slowking|72/100|[from] Sandstorm
|upkeep
|turn|2
|
|t:|1667868418
|switch|p2a: Rillaboom|Rillaboom, F, shiny|100/100
|-fieldstart|move: Grassy Terrain|[from] ability: Grassy Surge|[of] p2a: Rillaboom
|-enditem|p2a: Rillaboom|Grassy Seed
|-boost|p2a: Rillaboom|def|1|[from] item: Grassy Seed
|move|p1a: Tyranitar|Stone Edge|p2a: Rillaboom
|-damage|p2a: Rillaboom|60/100
|
|-weather|Sandstorm|[upkeep]
|-damage|p2a: Rillaboom|54/100|[from] Sandstorm
|-heal|p2a: Rillaboom|60/100|[from] Grassy Terrain
|upkeep
|turn|3
|inactive|GGeorgie◕‿◕ has 120 seconds left.
|
|t:|1667868438
|switch|p1a: Zapdos|Zapdos|60/100
|move|p2a: Rillaboom|Drain Punch|p1a: Zapdos
|-resisted|p1a: Zapdos
|-damage|p1a: Zapdos|43/100
|-heal|p2a: Rillaboom|67/100|[from] drain|[of] p1a: Zapdos
|
|-weather|Sandstorm|[upkeep]
|-damage|p1a: Zapdos|36/100|[from] Sandstorm
|-damage|p2a: Rillaboom|61/100|[from] Sandstorm
|-heal|p2a: Rillaboom|67/100|[from] Grassy Terrain
|upkeep
|turn|4
|
|t:|1667868448
|switch|p2a: Slowking|Slowking-Galar, M|100/100
|move|p1a: Zapdos|Volt Switch|p2a: Slowking
|-damage|p2a: Slowking|77/100
|
|t:|1667868461
|switch|p1a: Tyranitar|Tyranitar, M, shiny|100/100|[from]move: Volt Switch
|
|-weather|Sandstorm|[upkeep]
|-damage|p2a: Slowking|71/100|[from] Sandstorm
|-heal|p2a: Slowking|77/100|[from] Grassy Terrain
|upkeep
|turn|5
|
|t:|1667868486
|switch|p2a: Bewear|Bewear, F|100/100
|move|p1a: Tyranitar|Stealth Rock|p2a: Bewear
|-sidestart|p2: fammo|move: Stealth Rock
|
|-weather|none
|upkeep
|turn|6
|
|t:|1667868495
|switch|p1a: Clefable|Clefable, M|100/100
|move|p2a: Bewear|Ice Punch|p1a: Clefable
|-damage|p1a: Clefable|78/100
|
|-heal|p1a: Clefable|84/100|[from] Grassy Terrain
|-fieldend|move: Grassy Terrain
|upkeep
|turn|7
|
|t:|1667868506
|switch|p2a: Slowking|Slowking-Galar, M|100/100
|-damage|p2a: Slowking|88/100|[from] Stealth Rock
|move|p1a: Clefable|Moonblast|p2a: Slowking
|-resisted|p2a: Slowking
|-damage|p2a: Slowking|80/100
|
|upkeep
|turn|8
|
|t:|1667868517
|switch|p1a: Tyranitar|Tyranitar, M, shiny|100/100
|-weather|Sandstorm|[from] ability: Sand Stream|[of] p1a: Tyranitar
|move|p2a: Slowking|Whirlpool|p1a: Tyranitar
|-supereffective|p1a: Tyranitar
|-crit|p1a: Tyranitar
|-damage|p1a: Tyranitar|79/100
|-activate|p1a: Tyranitar|move: Whirlpool|[of] p2a: Slowking
|
|-weather|Sandstorm|[upkeep]
|-damage|p2a: Slowking|74/100|[from] Sandstorm
|-damage|p1a: Tyranitar|67/100|[from] move: Whirlpool|[partiallytrapped]
|upkeep
|turn|9
|inactive|fammo has 120 seconds left.
|
|t:|1667868567
|switch|p2a: Slowbro|Slowbro, M|100/100
|-damage|p2a: Slowbro|88/100|[from] Stealth Rock
|move|p1a: Tyranitar|Stone Edge|p2a: Slowbro
|-damage|p2a: Slowbro|48/100
|
|-weather|Sandstorm|[upkeep]
|-damage|p2a: Slowbro|42/100|[from] Sandstorm
|-end|p1a: Tyranitar|Whirlpool|[partiallytrapped]|[silent]
|upkeep
|turn|10
|
|t:|1667868575
|switch|p2a: Bewear|Bewear, F|100/100
|move|p1a: Tyranitar|Taunt|p2a: Bewear
|-start|p2a: Bewear|move: Taunt
|
|-weather|Sandstorm|[upkeep]
|-damage|p2a: Bewear|94/100|[from] Sandstorm
|upkeep
|turn|11
|
|t:|1667868583
|switch|p1a: Ferrothorn|Ferrothorn, F, shiny|100/100
|move|p2a: Bewear|Drain Punch|p1a: Ferrothorn
|-supereffective|p1a: Ferrothorn
|-damage|p1a: Ferrothorn|48/100
|-heal|p2a: Bewear|100/100|[from] drain|[of] p1a: Ferrothorn
|-damage|p2a: Bewear|88/100|[from] ability: Iron Barbs|[of] p1a: Ferrothorn
|-damage|p2a: Bewear|72/100|[from] item: Rocky Helmet|[of] p1a: Ferrothorn
|
|-weather|Sandstorm|[upkeep]
|-damage|p2a: Bewear|66/100|[from] Sandstorm
|upkeep
|turn|12
|
|t:|1667868588
|switch|p1a: Clefable|Clefable, M|84/100
|move|p2a: Bewear|Drain Punch|p1a: Clefable
|-resisted|p1a: Clefable
|-damage|p1a: Clefable|68/100
|-heal|p2a: Bewear|73/100|[from] drain|[of] p1a: Clefable
|
|-weather|none
|-end|p2a: Bewear|move: Taunt
|upkeep
|turn|13
|inactive|fammo has 120 seconds left.
|
|t:|1667868595
|switch|p2a: Slowking|Slowking-Galar, M|100/100
|-damage|p2a: Slowking|88/100|[from] Stealth Rock
|move|p1a: Clefable|Moonblast|p2a: Slowking
|-resisted|p2a: Slowking
|-damage|p2a: Slowking|80/100
|-unboost|p2a: Slowking|spa|1
|
|upkeep
|turn|14
|
|t:|1667868600
|switch|p1a: Tyranitar|Tyranitar, M, shiny|67/100
|-weather|Sandstorm|[from] ability: Sand Stream|[of] p1a: Tyranitar
|move|p2a: Slowking|Sludge Bomb|p1a: Tyranitar
|-resisted|p1a: Tyranitar
|-damage|p1a: Tyranitar|59/100
|
|-weather|Sandstorm|[upkeep]
|-damage|p2a: Slowking|74/100|[from] Sandstorm
|upkeep
|turn|15
|
|t:|1667868615
|switch|p2a: Slowbro|Slowbro, M|76/100
|-damage|p2a: Slowbro|63/100|[from] Stealth Rock
|move|p1a: Tyranitar|Earthquake|p2a: Slowbro
|-damage|p2a: Slowbro|42/100
|
|-weather|Sandstorm|[upkeep]
|-damage|p2a: Slowbro|36/100|[from] Sandstorm
|upkeep
|turn|16
|
|t:|1667868622
|switch|p2a: Bewear|Bewear, F|73/100
|move|p1a: Tyranitar|Stone Edge|p2a: Bewear
|-resisted|p2a: Bewear
|-damage|p2a: Bewear|42/100
|
|-weather|Sandstorm|[upkeep]
|-damage|p2a: Bewear|36/100|[from] Sandstorm
|upkeep
|turn|17
|
|t:|1667868629
|switch|p1a: Clefable|Clefable, M|68/100
|move|p2a: Bewear|Drain Punch|p1a: Clefable
|-resisted|p1a: Clefable
|-damage|p1a: Clefable|52/100
|-heal|p2a: Bewear|43/100|[from] drain|[of] p1a: Clefable
|
|-weather|Sandstorm|[upkeep]
|-damage|p2a: Bewear|37/100|[from] Sandstorm
|upkeep
|turn|18
|
|t:|1667868640
|switch|p1a: Landorus|Landorus-Therian, M|100/100
|-ability|p1a: Landorus|Intimidate|boost
|-unboost|p2a: Bewear|atk|1
|switch|p2a: Slowking|Slowking-Galar, M|100/100
|-damage|p2a: Slowking|88/100|[from] Stealth Rock
|
|-weather|none
|upkeep
|turn|19
|
|t:|1667868644
|switch|p2a: Ditto|Ditto|100/100
|-damage|p2a: Ditto|88/100|[from] Stealth Rock
|-transform|p2a: Ditto|p1a: Landorus|[from] ability: Imposter
|-ability|p2a: Ditto|Intimidate|boost
|-unboost|p1a: Landorus|atk|1
|move|p1a: Landorus|U-turn|p2a: Ditto
|-resisted|p2a: Ditto
|-damage|p2a: Ditto|77/100
|
|t:|1667868650
|switch|p1a: Zapdos|Zapdos|36/100|[from]move: U-turn
|
|upkeep
|turn|20
|
|t:|1667868661
|switch|p1a: Landorus|Landorus-Therian, M|100/100
|-ability|p1a: Landorus|Intimidate|boost
|-unboost|p2a: Ditto|atk|1
|move|p2a: Ditto|Stone Edge|p1a: Landorus
|-crit|p1a: Landorus
|-damage|p1a: Landorus|37/100
|
|upkeep
|turn|21
|
|t:|1667868671
|move|p1a: Landorus|Stone Edge|p2a: Ditto
|-damage|p2a: Ditto|30/100
|move|p2a: Ditto|Stone Edge|p1a: Landorus
|-damage|p1a: Landorus|6/100
|
|upkeep
|turn|22
|
|t:|1667868680
|switch|p1a: Excadrill|Excadrill, F|100/100
|switch|p2a: Rillaboom|Rillaboom, F, shiny|67/100
|-damage|p2a: Rillaboom|55/100|[from] Stealth Rock
|-fieldstart|move: Grassy Terrain|[from] ability: Grassy Surge|[of] p2a: Rillaboom
|
|-heal|p2a: Rillaboom|61/100|[from] Grassy Terrain
|upkeep
|turn|23
|
|t:|1667868688
|move|p2a: Rillaboom|Grassy Glide|p1a: Excadrill
|-damage|p1a: Excadrill|26/100
|move|p1a: Excadrill|Iron Head|p2a: Rillaboom
|-damage|p2a: Rillaboom|14/100
|
|-heal|p1a: Excadrill|32/100|[from] Grassy Terrain
|-heal|p1a: Excadrill|38/100|[from] item: Leftovers
|-heal|p2a: Rillaboom|20/100|[from] Grassy Terrain
|upkeep
|turn|24
|
|t:|1667868697
|switch|p1a: Ferrothorn|Ferrothorn, F, shiny|48/100
|move|p2a: Rillaboom|Grassy Glide|p1a: Ferrothorn
|-resisted|p1a: Ferrothorn
|-damage|p1a: Ferrothorn|39/100
|-damage|p2a: Rillaboom|7/100|[from] ability: Iron Barbs|[of] p1a: Ferrothorn
|-damage|p2a: Rillaboom|0 fnt|[from] item: Rocky Helmet|[of] p1a: Ferrothorn
|faint|p2a: Rillaboom
|
|-heal|p1a: Ferrothorn|46/100|[from] Grassy Terrain
|upkeep
|
|t:|1667868710
|switch|p2a: Hawlucha|Hawlucha, F|100/100
|-damage|p2a: Hawlucha|88/100|[from] Stealth Rock
|-enditem|p2a: Hawlucha|Grassy Seed
|-boost|p2a: Hawlucha|def|1|[from] item: Grassy Seed
|turn|25
|
|t:|1667868715
|switch|p1a: Landorus|Landorus-Therian, M|6/100
|-ability|p1a: Landorus|Intimidate|boost
|-unboost|p2a: Hawlucha|atk|1
|move|p2a: Hawlucha|Drain Punch|p1a: Landorus
|-resisted|p1a: Landorus
|-damage|p1a: Landorus|0 fnt
|-heal|p2a: Hawlucha|91/100|[from] drain|[of] p1a: Landorus
|faint|p1a: Landorus
|
|upkeep
|
|t:|1667868718
|switch|p1a: Clefable|Clefable, M|52/100
|turn|26
|
|t:|1667868724
|switch|p2a: Slowking|Slowking-Galar, M|100/100
|-damage|p2a: Slowking|88/100|[from] Stealth Rock
|move|p1a: Clefable|Soft-Boiled|p1a: Clefable
|-heal|p1a: Clefable|100/100
|
|-heal|p2a: Slowking|94/100|[from] Grassy Terrain
|-fieldend|move: Grassy Terrain
|upkeep
|turn|27
|
|t:|1667868730
|switch|p1a: Tyranitar|Tyranitar, M, shiny|59/100
|-weather|Sandstorm|[from] ability: Sand Stream|[of] p1a: Tyranitar
|move|p2a: Slowking|Sludge Bomb|p1a: Tyranitar
|-resisted|p1a: Tyranitar
|-damage|p1a: Tyranitar|47/100
|-status|p1a: Tyranitar|psn
|
|-weather|Sandstorm|[upkeep]
|-damage|p2a: Slowking|88/100|[from] Sandstorm
|-damage|p1a: Tyranitar|35/100 psn|[from] psn
|upkeep
|turn|28
|
|t:|1667868743
|switch|p2a: Hawlucha|Hawlucha, F|91/100
|-damage|p2a: Hawlucha|79/100|[from] Stealth Rock
|move|p1a: Tyranitar|Stone Edge|p2a: Hawlucha
|-crit|p2a: Hawlucha
|-damage|p2a: Hawlucha|0 fnt
|faint|p2a: Hawlucha
|
|-weather|Sandstorm|[upkeep]
|-damage|p1a: Tyranitar|22/100 psn|[from] psn
|upkeep
|
|t:|1667868750
|switch|p2a: Ditto|Ditto|30/100
|-damage|p2a: Ditto|18/100|[from] Stealth Rock
|-transform|p2a: Ditto|p1a: Tyranitar|[from] ability: Imposter
|turn|29
|
|t:|1667868761
|switch|p1a: Ferrothorn|Ferrothorn, F, shiny|46/100
|move|p2a: Ditto|Stealth Rock|p1a: Ferrothorn
|-sidestart|p1: GGeorgie◕‿◕|move: Stealth Rock
|
|-weather|Sandstorm|[upkeep]
|upkeep
|turn|30
|
|t:|1667868771
|switch|p2a: Slowbro|Slowbro, M|70/100
|-damage|p2a: Slowbro|57/100|[from] Stealth Rock
|move|p1a: Ferrothorn|Leech Seed|p2a: Slowbro
|-start|p2a: Slowbro|move: Leech Seed
|
|-weather|Sandstorm|[upkeep]
|-damage|p2a: Slowbro|51/100|[from] Sandstorm
|-damage|p2a: Slowbro|39/100|[from] Leech Seed|[of] p1a: Ferrothorn
|-heal|p1a: Ferrothorn|60/100|[silent]
|upkeep
|turn|31
|
|t:|1667868776
|move|p1a: Ferrothorn|Spikes|p2a: Slowbro
|-sidestart|p2: fammo|Spikes
|move|p2a: Slowbro|Slack Off|p2a: Slowbro
|-heal|p2a: Slowbro|89/100
|
|-weather|none
|-damage|p2a: Slowbro|76/100|[from] Leech Seed|[of] p1a: Ferrothorn
|-heal|p1a: Ferrothorn|74/100|[silent]
|upkeep
|turn|32
|
|t:|1667868783
|switch|p2a: Ditto|Ditto|18/100
|-damage|p2a: Ditto|5/100|[from] Stealth Rock
|-damage|p2a: Ditto|0 fnt|[from] Spikes
|faint|p2a: Ditto
|move|p1a: Ferrothorn|Knock Off|p2: Ditto|[notarget]
|-fail|p1a: Ferrothorn
|
|upkeep
|
|t:|1667868788
|switch|p2a: Bewear|Bewear, F|37/100
|turn|33
|
|t:|1667868792
|switch|p1a: Clefable|Clefable, M|100/100
|move|p2a: Bewear|Swords Dance|p2a: Bewear
|-boost|p2a: Bewear|atk|2
|
|upkeep
|turn|34
|
|t:|1667868795
|move|p1a: Clefable|Moonblast|p2a: Bewear
|-supereffective|p2a: Bewear
|-damage|p2a: Bewear|0 fnt
|faint|p2a: Bewear
|
|upkeep
|
|t:|1667868802
|switch|p2a: Slowking|Slowking-Galar, M|100/100
|-damage|p2a: Slowking|88/100|[from] Stealth Rock
|-damage|p2a: Slowking|76/100|[from] Spikes
|turn|35
|
|t:|1667868807
|switch|p1a: Zapdos|Zapdos|36/100
|-damage|p1a: Zapdos|11/100|[from] Stealth Rock
|move|p2a: Slowking|Whirlpool|p1a: Zapdos
|-damage|p1a: Zapdos|0 fnt
|faint|p1a: Zapdos
|
|upkeep
|
|t:|1667868810
|switch|p1a: Excadrill|Excadrill, F|38/100
|-damage|p1a: Excadrill|35/100|[from] Stealth Rock
|turn|36
|
|t:|1667868817
|switch|p2a: Slowbro|Slowbro, M|100/100
|-damage|p2a: Slowbro|88/100|[from] Stealth Rock
|-damage|p2a: Slowbro|76/100|[from] Spikes
|move|p1a: Excadrill|Earthquake|p2a: Slowbro
|-damage|p2a: Slowbro|38/100
|
|-heal|p1a: Excadrill|41/100|[from] item: Leftovers
|upkeep
|turn|37
|
|t:|1667868822
|move|p1a: Excadrill|Earthquake|p2a: Slowbro
|-damage|p2a: Slowbro|0 fnt
|faint|p2a: Slowbro
|
|-heal|p1a: Excadrill|47/100|[from] item: Leftovers
|upkeep
|-message|fammo forfeited.
|
|win|GGeorgie◕‿◕
|raw|GGeorgie◕‿◕'s rating: 1484 &rarr; <strong>1501</strong><br />(+17 for winning)
|raw|fammo's rating: 1439 &rarr; <strong>1422</strong><br />(-17 for losing)
|l|☆fammo
