|j|☆SweetPatata
|j|☆ArcanineSquad
|t:|1628516345
|gametype|singles
|player|p1|SweetPatata|cyclistf|1401
|player|p2|ArcanineSquad|cynthia-gen4|1525
|teamsize|p1|6
|teamsize|p2|6
|gen|8
|tier|[Gen 8] OU
|rated|
|rule|Sleep Clause Mod: Limit one foe put to sleep
|rule|Species Clause: Limit one of each Pokémon
|rule|OHKO Clause: OHKO moves are banned
|rule|Evasion Moves Clause: Evasion moves are banned
|rule|Endless Battle Clause: Forcing endless battles is banned
|rule|HP Percentage Mod: HP is shown in percentages
|rule|Dynamax Clause: You cannot dynamax
|clearpoke
|poke|p1|Cofagrigus, M|
|poke|p1|Landorus-Therian, M|
|poke|p1|Weavile, M|
|poke|p1|Slowking-Galar, F|
|poke|p1|Corviknight, M|
|poke|p1|Tapu Fini|
|poke|p2|Tyranitar, M|
|poke|p2|Excadrill, M|
|poke|p2|Dracozolt|
|poke|p2|Tangrowth, F|
|poke|p2|Slowking, M|
|poke|p2|Tornadus-Therian, M|
|teampreview
|inactive|Battle timer is ON: inactive players will automatically lose when time's up. (requested by SweetPatata)
|inactive|ArcanineSquad has 120 seconds left.
|
|t:|1628516402
|start
|switch|p1a: Tapu Fini|Tapu Fini|100/100
|switch|p2a: Lo-Fight|Slowking, M|100/100
|-fieldstart|move: Misty Terrain|[from] ability: Misty Surge|[of] p1a: Tapu Fini
|turn|1
|
|t:|1628516428
|switch|p2a: Dracozolt|Dracozolt|100/100
|move|p1a: Tapu Fini|Trick|p2a: Dracozolt
|-activate|p1a: Tapu Fini|move: Trick|[of] p2a: Dracozolt
|-item|p2a: Dracozolt|Choice Scarf|[from] move: Trick
|-item|p1a: Tapu Fini|Leftovers|[from] move: Trick
|
|upkeep
|turn|2
|
|t:|1628516439
|switch|p2a: Guns|Tangrowth, F|100/100
|switch|p1a: Landorus|Landorus-Therian, M|100/100
|-ability|p1a: Landorus|Intimidate|boost
|-unboost|p2a: Guns|atk|1
|
|upkeep
|turn|3
|
|t:|1628516443
|move|p1a: Landorus|Stealth Rock|p2a: Guns
|-sidestart|p2: ArcanineSquad|move: Stealth Rock
|move|p2a: Guns|Knock Off|p1a: Landorus
|-damage|p1a: Landorus|87/100
|-enditem|p1a: Landorus|Leftovers|[from] move: Knock Off|[of] p2a: Guns
|
|upkeep
|turn|4
|
|t:|1628516450
|move|p1a: Landorus|U-turn|p2a: Guns
|-supereffective|p2a: Guns
|-damage|p2a: Guns|79/100
|-damage|p1a: Landorus|70/100|[from] item: Rocky Helmet|[of] p2a: Guns
|
|t:|1628516461
|switch|p1a: Corviknight|Corviknight, M|100/100|[from]move: U-turn
|-ability|p1a: Corviknight|Pressure
|move|p2a: Guns|Knock Off|p1a: Corviknight
|-damage|p1a: Corviknight|90/100
|-damage|p2a: Guns|62/100|[from] item: Rocky Helmet|[of] p1a: Corviknight
|-enditem|p1a: Corviknight|Rocky Helmet|[from] move: Knock Off|[of] p2a: Guns
|
|upkeep
|turn|5
|
|t:|1628516465
|switch|p2a: Lo-Fight|Slowking, M|100/100
|move|p1a: Corviknight|U-turn|p2a: Lo-Fight
|-supereffective|p2a: Lo-Fight
|-damage|p2a: Lo-Fight|68/100
|
|t:|1628516467
|switch|p1a: Weavile|Weavile, M|100/100|[from]move: U-turn
|-ability|p1a: Weavile|Pressure
|
|-fieldend|Misty Terrain
|upkeep
|turn|6
|
|t:|1628516472
|switch|p2a: Guns|Tangrowth, F|95/100
|-damage|p2a: Guns|83/100|[from] Stealth Rock
|move|p1a: Weavile|Knock Off|p2a: Guns
|-damage|p2a: Guns|57/100
|-damage|p1a: Weavile|84/100|[from] item: Rocky Helmet|[of] p2a: Guns
|-enditem|p2a: Guns|Rocky Helmet|[from] move: Knock Off|[of] p1a: Weavile
|
|upkeep
|turn|7
|
|t:|1628516481
|move|p1a: Weavile|Triple Axel|p2a: Guns
|-supereffective|p2a: Guns
|-damage|p2a: Guns|47/100
|-supereffective|p2a: Guns
|-damage|p2a: Guns|25/100
|-supereffective|p2a: Guns
|-damage|p2a: Guns|0 fnt
|faint|p2a: Guns
|-hitcount|p2: Guns|3
|
|upkeep
|
|t:|1628516489
|switch|p2a: Overhead|Tyranitar, M|100/100
|-damage|p2a: Overhead|88/100|[from] Stealth Rock
|-weather|Sandstorm|[from] ability: Sand Stream|[of] p2a: Overhead
|turn|8
|
|t:|1628516496
|switch|p1a: Corviknight|Corviknight, M|90/100
|-ability|p1a: Corviknight|Pressure
|move|p2a: Overhead|Stealth Rock|p1a: Corviknight
|-sidestart|p1: SweetPatata|move: Stealth Rock
|
|-weather|Sandstorm|[upkeep]
|-heal|p2a: Overhead|94/100|[from] item: Leftovers
|upkeep
|turn|9
|
|t:|1628516500
|switch|p2a: Lo-Fight|Slowking, M|100/100
|move|p1a: Corviknight|Defog|p2a: Lo-Fight
|-unboost|p2a: Lo-Fight|evasion|1
|-sideend|p2: ArcanineSquad|Stealth Rock|[from] move: Defog|[of] p1a: Corviknight
|-sideend|p1: SweetPatata|Stealth Rock|[from] move: Defog|[of] p1a: Corviknight
|
|-weather|Sandstorm|[upkeep]
|-damage|p2a: Lo-Fight|94/100|[from] Sandstorm
|upkeep
|turn|10
|
|t:|1628516503
|move|p1a: Corviknight|U-turn|p2a: Lo-Fight
|-supereffective|p2a: Lo-Fight
|-damage|p2a: Lo-Fight|65/100
|
|t:|1628516508
|switch|p1a: Slowking|Slowking-Galar, F|100/100|[from]move: U-turn
|move|p2a: Lo-Fight|Teleport|p2a: Lo-Fight
|
|t:|1628516511
|switch|p2a: Overhead|Tyranitar, M|94/100|[from]move: Teleport
|
|-weather|Sandstorm|[upkeep]
|-damage|p1a: Slowking|94/100|[from] Sandstorm
|-heal|p2a: Overhead|100/100|[from] item: Leftovers
|upkeep
|turn|11
|
|t:|1628516515
|switch|p1a: Corviknight|Corviknight, M|90/100
|-ability|p1a: Corviknight|Pressure
|move|p2a: Overhead|Stealth Rock|p1a: Corviknight
|-sidestart|p1: SweetPatata|move: Stealth Rock
|
|-weather|Sandstorm|[upkeep]
|upkeep
|turn|12
|
|t:|1628516519
|switch|p2a: Stress|Tornadus-Therian, M|100/100
|move|p1a: Corviknight|Defog|p2a: Stress
|-unboost|p2a: Stress|evasion|1
|-sideend|p1: SweetPatata|Stealth Rock|[from] move: Defog|[of] p1a: Corviknight
|
|-weather|none
|upkeep
|turn|13
|
|t:|1628516527
|switch|p1a: Tapu Fini|Tapu Fini|100/100
|-fieldstart|move: Misty Terrain|[from] ability: Misty Surge|[of] p1a: Tapu Fini
|move|p2a: Stress|Nasty Plot|p2a: Stress
|-boost|p2a: Stress|spa|2
|
|upkeep
|turn|14
|
|t:|1628516537
|move|p2a: Stress|Hurricane|p1a: Tapu Fini
|-damage|p1a: Tapu Fini|27/100
|move|p1a: Tapu Fini|Light Screen|p1a: Tapu Fini
|-sidestart|p1: SweetPatata|move: Light Screen
|
|-heal|p1a: Tapu Fini|33/100|[from] item: Leftovers
|upkeep
|turn|15
|
|t:|1628516542
|move|p2a: Stress|Hurricane|p1a: Tapu Fini
|-damage|p1a: Tapu Fini|0 fnt
|faint|p1a: Tapu Fini
|
|upkeep
|
|t:|1628516545
|switch|p1a: Weavile|Weavile, M|84/100
|-ability|p1a: Weavile|Pressure
|turn|16
|
|t:|1628516562
|switch|p2a: Overhead|Tyranitar, M|100/100
|-weather|Sandstorm|[from] ability: Sand Stream|[of] p2a: Overhead
|move|p1a: Weavile|Swords Dance|p1a: Weavile
|-boost|p1a: Weavile|atk|2
|
|-weather|Sandstorm|[upkeep]
|-damage|p1a: Weavile|78/100|[from] Sandstorm
|upkeep
|turn|17
|
|t:|1628516570
|move|p1a: Weavile|Triple Axel|p2a: Overhead
|-damage|p2a: Overhead|85/100
|-damage|p2a: Overhead|51/100
|-damage|p2a: Overhead|5/100
|-hitcount|p2a: Overhead|3
|move|p2a: Overhead|Earthquake|p1a: Weavile
|-damage|p1a: Weavile|24/100
|
|-weather|Sandstorm|[upkeep]
|-damage|p1a: Weavile|18/100|[from] Sandstorm
|-heal|p2a: Overhead|11/100|[from] item: Leftovers
|-fieldend|Misty Terrain
|upkeep
|turn|18
|
|t:|1628516579
|switch|p2a: Lo-Fight|Slowking, M|99/100
|move|p1a: Weavile|Knock Off|p2a: Lo-Fight
|-supereffective|p2a: Lo-Fight
|-damage|p2a: Lo-Fight|0 fnt
|-enditem|p2a: Lo-Fight|Heavy-Duty Boots|[from] move: Knock Off|[of] p1a: Weavile
|faint|p2a: Lo-Fight
|
|-weather|Sandstorm|[upkeep]
|-damage|p1a: Weavile|12/100|[from] Sandstorm
|-sideend|p1: SweetPatata|move: Light Screen
|upkeep
|
|t:|1628516581
|switch|p2a: Ugh|Excadrill, M|100/100
|turn|19
|
|t:|1628516584
|move|p1a: Weavile|Ice Shard|p2a: Ugh
|-damage|p2a: Ugh|47/100
|move|p2a: Ugh|Rapid Spin|p1a: Weavile
|-damage|p1a: Weavile|0 fnt
|-boost|p2a: Ugh|spe|1
|faint|p1a: Weavile
|
|-weather|Sandstorm|[upkeep]
|-heal|p2a: Ugh|53/100|[from] item: Leftovers
|upkeep
|
|t:|1628516593
|switch|p1a: Corviknight|Corviknight, M|90/100
|-ability|p1a: Corviknight|Pressure
|turn|20
|
|t:|1628516607
|switch|p2a: Dracozolt|Dracozolt|100/100
|move|p1a: Corviknight|U-turn|p2a: Dracozolt
|-damage|p2a: Dracozolt|85/100
|-message|ArcanineSquad forfeited.
|
|win|SweetPatata
|raw|SweetPatata's rating: 1401 &rarr; <strong>1428</strong><br />(+27 for winning)
|raw|ArcanineSquad's rating: 1525 &rarr; <strong>1498</strong><br />(-27 for losing)
|l|☆ArcanineSquad
|l|☆SweetPatata
|j|☆SweetPatata
|player|p1|SweetPatata|cyclistf
|inactive|Battle timer is ON: inactive players will automatically lose when time's up. (requested by SweetPatata)
