|j|☆return nirvana
|j|☆t3rryc
|inactive|Battle timer is ON: inactive players will automatically lose when time's up.
|t:|1655123859
|gametype|singles
|player|p1|return nirvana|gambler-gen1|
|player|p2|t3rryc|dancer|
|teamsize|p1|6
|teamsize|p2|6
|gen|8
|tier|[Gen 8] OU
|rated|Tournament battle
|rule|Sleep Clause Mod: Limit one foe put to sleep
|rule|Species Clause: Limit one of each Pokémon
|rule|OHKO Clause: OHKO moves are banned
|rule|Evasion Moves Clause: Evasion moves are banned
|rule|Endless Battle Clause: Forcing endless battles is banned
|rule|HP Percentage Mod: HP is shown in percentages
|rule|Dynamax Clause: You cannot dynamax
|clearpoke
|poke|p1|Landorus-Therian, M|
|poke|p1|Pelipper, M|
|poke|p1|Omastar, F|
|poke|p1|Nihilego|
|poke|p1|Tornadus-Therian, M|
|poke|p1|Ferrothorn, F|
|poke|p2|Weavile, F|
|poke|p2|Heatran, F|
|poke|p2|Landorus-Therian, M|
|poke|p2|Tapu Fini|
|poke|p2|Toxapex, M|
|poke|p2|Kartana|
|teampreview
|j|%Sww-Suwa
|inactive|t3rryc has 120 seconds left.
|
|t:|1655123904
|start
|switch|p1a: Landorus|Landorus-Therian, M, shiny|100/100
|switch|p2a: Tapu Fini|Tapu Fini|100/100
|-fieldstart|move: Misty Terrain|[from] ability: Misty Surge|[of] p2a: Tapu Fini
|-ability|p1a: Landorus|Intimidate|boost
|-unboost|p2a: Tapu Fini|atk|1
|turn|1
|j|%Mimikyu Stardust
|l|%Mimikyu Stardust
|
|t:|1655123916
|switch|p2a: Landorus|Landorus-Therian, M|100/100
|-ability|p2a: Landorus|Intimidate|boost
|-unboost|p1a: Landorus|atk|1
|switch|p1a: Tornadus|Tornadus-Therian, M, shiny|100/100
|
|upkeep
|turn|2
|
|t:|1655123925
|switch|p1a: Landorus|Landorus-Therian, M, shiny|100/100
|-ability|p1a: Landorus|Intimidate|boost
|-unboost|p2a: Landorus|atk|1
|move|p2a: Landorus|Stealth Rock|p1a: Landorus
|-sidestart|p1: return nirvana|move: Stealth Rock
|
|upkeep
|turn|3
|
|t:|1655123931
|move|p2a: Landorus|Knock Off|p1a: Landorus
|-damage|p1a: Landorus|80/100
|-enditem|p1a: Landorus|Leftovers|[from] move: Knock Off|[of] p2a: Landorus
|move|p1a: Landorus|Stealth Rock|p2a: Landorus
|-sidestart|p2: t3rryc|move: Stealth Rock
|
|upkeep
|turn|4
|
|t:|1655123937
|move|p2a: Landorus|U-turn|p1a: Landorus
|-resisted|p1a: Landorus
|-damage|p1a: Landorus|73/100
|
|t:|1655123943
|switch|p2a: Toxapex|Toxapex, M|100/100|[from]move: U-turn
|-damage|p2a: Toxapex|88/100|[from] Stealth Rock
|move|p1a: Landorus|U-turn|p2a: Toxapex
|-resisted|p2a: Toxapex
|-damage|p2a: Toxapex|81/100
|-damage|p1a: Landorus|57/100|[from] item: Rocky Helmet|[of] p2a: Toxapex
|
|t:|1655123949
|switch|p1a: Omastar|Omastar, F, shiny|100/100|[from]move: U-turn
|-damage|p1a: Omastar|88/100|[from] Stealth Rock
|
|upkeep
|turn|5
|j| Alten8
|
|t:|1655123961
|move|p1a: Omastar|Shell Smash|p1a: Omastar
|-unboost|p1a: Omastar|def|1
|-unboost|p1a: Omastar|spd|1
|-boost|p1a: Omastar|atk|2
|-boost|p1a: Omastar|spa|2
|-boost|p1a: Omastar|spe|2
|move|p2a: Toxapex|Haze|p2a: Toxapex
|-clearallboost
|
|-fieldend|Misty Terrain
|upkeep
|turn|6
|
|t:|1655123973
|move|p1a: Omastar|Shell Smash|p1a: Omastar
|-unboost|p1a: Omastar|def|1
|-unboost|p1a: Omastar|spd|1
|-boost|p1a: Omastar|atk|2
|-boost|p1a: Omastar|spa|2
|-boost|p1a: Omastar|spe|2
|move|p2a: Toxapex|Scald|p1a: Omastar
|-damage|p1a: Omastar|47/100
|
|upkeep
|turn|7
|
|t:|1655123985
|switch|p2a: Tapu Fini|Tapu Fini|100/100
|-damage|p2a: Tapu Fini|88/100|[from] Stealth Rock
|-fieldstart|move: Misty Terrain|[from] ability: Misty Surge|[of] p2a: Tapu Fini
|move|p1a: Omastar|Earth Power|p2a: Tapu Fini
|-damage|p2a: Tapu Fini|43/100
|
|upkeep
|turn|8
|j| Stunfisk2140
|
|t:|1655124002
|move|p1a: Omastar|Earth Power|p2a: Tapu Fini
|-damage|p2a: Tapu Fini|0 fnt
|faint|p2a: Tapu Fini
|
|upkeep
|c| Stunfisk2140|lord helix
|
|t:|1655124027
|switch|p2a: Toxapex|Toxapex, M|100/100
|-damage|p2a: Toxapex|88/100|[from] Stealth Rock
|turn|9
|
|t:|1655124046
|move|p1a: Omastar|Meteor Beam||[still]
|-prepare|p1a: Omastar|Meteor Beam
|-boost|p1a: Omastar|spa|1
|-enditem|p1a: Omastar|Power Herb
|-anim|p1a: Omastar|Meteor Beam|p2a: Toxapex
|-damage|p2a: Toxapex|0 fnt
|faint|p2a: Toxapex
|
|upkeep
|
|t:|1655124060
|switch|p2a: Weavile|Weavile, F|100/100
|-ability|p2a: Weavile|Pressure
|turn|10
|
|t:|1655124064
|move|p1a: Omastar|Surf|p2a: Weavile
|-damage|p2a: Weavile|0 fnt
|faint|p2a: Weavile
|
|upkeep
|-message|t3rryc forfeited.
|
|win|return nirvana
|n|☆return nirvana|returnnirvana
|n|☆t3rryc|t3rryc
|n| Sww-Suwa|swwsuwa
|n| Alten8|alten8
|n| Stunfisk2140|stunfisk2140
|l|☆t3rryc
|l| Sww-Suwa
|c|☆return nirvana|gg
