|j|☆Hogslice_69
|j|☆AlIoutdragadarts
|inactive|Battle timer is ON: inactive players will automatically lose when time's up.
|t:|1664678114
|gametype|singles
|player|p1|Hogslice_69|biker|
|player|p2|AlIoutdragadarts|dawn|
|teamsize|p1|6
|teamsize|p2|6
|gen|8
|tier|[Gen 8] OU
|rated|Tournament battle
|rule|Sleep Clause Mod: Limit one foe put to sleep
|rule|Species Clause: Limit one of each Pokémon
|rule|OHKO Clause: OHKO moves are banned
|rule|Evasion Items Clause: Evasion items are banned
|rule|Evasion Moves Clause: Evasion moves are banned
|rule|Endless Battle Clause: Forcing endless battles is banned
|rule|HP Percentage Mod: HP is shown in percentages
|rule|Dynamax Clause: You cannot dynamax
|clearpoke
|poke|p1|Ninetales-Alola, F|
|poke|p1|Heatran, M|
|poke|p1|Dragapult, M|
|poke|p1|Scizor, M|
|poke|p1|Garchomp, M|
|poke|p1|Cloyster, F|
|poke|p2|Blissey, F|
|poke|p2|Quagsire, F|
|poke|p2|Clefable, F|
|poke|p2|Toxapex, M|
|poke|p2|Dragonite, M|
|poke|p2|Corviknight, M|
|teampreview
|c|☆Hogslice_69|Oh god
|c|☆Hogslice_69|this goddamn comp
|j| i bet u wont
|inactive|Hogslice_69 has 120 seconds left.
|
|t:|1664678162
|start
|switch|p1a: BITCH POOP|Heatran, M|100/100
|switch|p2a: Toxapex|Toxapex, M, shiny|100/100
|turn|1
|
|t:|1664678184
|move|p1a: BITCH POOP|Earth Power|p2a: Toxapex
|-supereffective|p2a: Toxapex
|-damage|p2a: Toxapex|43/100
|move|p2a: Toxapex|Toxic Spikes|p1a: BITCH POOP
|-sidestart|p1: Hogslice_69|move: Toxic Spikes
|
|upkeep
|turn|2
|
|t:|1664678192
|switch|p2a: Dragonite|Dragonite, M, shiny|100/100
|move|p1a: BITCH POOP|Earth Power|p2a: Dragonite
|-immune|p2a: Dragonite
|
|upkeep
|turn|3
|
|t:|1664678201
|switch|p1a: MANLIEST MAN|Scizor, M|100/100
|switch|p2a: Toxapex|Toxapex, M, shiny|76/100
|
|upkeep
|turn|4
|
|t:|1664678209
|move|p1a: MANLIEST MAN|Swords Dance|p1a: MANLIEST MAN
|-boost|p1a: MANLIEST MAN|atk|2
|move|p2a: Toxapex|Knock Off|p1a: MANLIEST MAN
|-damage|p1a: MANLIEST MAN|83/100
|-enditem|p1a: MANLIEST MAN|Leftovers|[from] move: Knock Off|[of] p2a: Toxapex
|
|upkeep
|turn|5
|
|t:|1664678233
|switch|p2a: Clefable|Clefable, F|100/100
|move|p1a: MANLIEST MAN|Knock Off|p2a: Clefable
|-resisted|p2a: Clefable
|-damage|p2a: Clefable|66/100
|-enditem|p2a: Clefable|Life Orb|[from] move: Knock Off|[of] p1a: MANLIEST MAN
|
|upkeep
|turn|6
|j| NoTollsNoRolls
|j| soosig
|
|t:|1664678247
|switch|p2a: Dragonite|Dragonite, M, shiny|100/100
|move|p1a: MANLIEST MAN|Bullet Punch|p2a: Dragonite
|-damage|p2a: Dragonite|75/100
|
|upkeep
|turn|7
|j| Faatbatman
|
|t:|1664678262
|move|p2a: Dragonite|Flamethrower|p1a: MANLIEST MAN
|-supereffective|p1a: MANLIEST MAN
|-damage|p1a: MANLIEST MAN|0 fnt
|faint|p1a: MANLIEST MAN
|
|upkeep
|c|☆Hogslice_69|WHAT
|c|☆Hogslice_69|DRAGONITE DOESNT USE SPECIAL ATTACKS
|j| AverageAsh
|c|☆Hogslice_69|ALSO YOURE A CHEAP HACKER FOR USING TOXAPEX IN OU
|inactive|Hogslice_69 has 120 seconds left.
|
|t:|1664678306
|switch|p1a: HOGSLICE|Garchomp, M|100/100
|-status|p1a: HOGSLICE|psn
|turn|8
|j| samohi0
|
|t:|1664678324
|switch|p2a: Quagsire|Quagsire, F|100/100
|move|p1a: HOGSLICE|Swords Dance|p1a: HOGSLICE
|-boost|p1a: HOGSLICE|atk|2
|
|-damage|p1a: HOGSLICE|88/100 psn|[from] psn
|upkeep
|turn|9
|inactive|Hogslice_69 has 120 seconds left.
|
|t:|1664678334
|move|p1a: HOGSLICE|Earthquake|p2a: Quagsire
|-damage|p2a: Quagsire|63/100
|move|p2a: Quagsire|Recover|p2a: Quagsire
|-heal|p2a: Quagsire|100/100
|
|-heal|p1a: HOGSLICE|94/100 psn|[from] item: Leftovers
|-damage|p1a: HOGSLICE|82/100 psn|[from] psn
|upkeep
|turn|10
|inactive|Hogslice_69 has 120 seconds left.
|
|t:|1664678344
|move|p1a: HOGSLICE|Scale Shot|p2a: Quagsire
|-damage|p2a: Quagsire|91/100
|-damage|p2a: Quagsire|82/100
|-hitcount|p2a: Quagsire|2
|-unboost|p1a: HOGSLICE|def|1
|-boost|p1a: HOGSLICE|spe|1
|move|p2a: Quagsire|Earthquake|p1a: HOGSLICE
|-damage|p1a: HOGSLICE|53/100 psn
|
|-heal|p1a: HOGSLICE|59/100 psn|[from] item: Leftovers
|-heal|p2a: Quagsire|88/100|[from] item: Leftovers
|-damage|p1a: HOGSLICE|46/100 psn|[from] psn
|upkeep
|turn|11
|
|t:|1664678347
|move|p1a: HOGSLICE|Scale Shot|p2a: Quagsire
|-damage|p2a: Quagsire|79/100
|-damage|p2a: Quagsire|70/100
|-damage|p2a: Quagsire|60/100
|-damage|p2a: Quagsire|52/100
|-damage|p2a: Quagsire|43/100
|-hitcount|p2a: Quagsire|5
|-unboost|p1a: HOGSLICE|def|1
|-boost|p1a: HOGSLICE|spe|1
|move|p2a: Quagsire|Recover|p2a: Quagsire
|-heal|p2a: Quagsire|93/100
|
|-heal|p1a: HOGSLICE|53/100 psn|[from] item: Leftovers
|-heal|p2a: Quagsire|99/100|[from] item: Leftovers
|-damage|p1a: HOGSLICE|40/100 psn|[from] psn
|upkeep
|turn|12
|c|☆Hogslice_69|nice luck only hitting 2 times
|c|☆Hogslice_69|if i hit 5 times both times u be dead
|
|t:|1664678360
|move|p1a: HOGSLICE|Scale Shot|p2a: Quagsire
|-damage|p2a: Quagsire|90/100
|-damage|p2a: Quagsire|81/100
|-damage|p2a: Quagsire|72/100
|-hitcount|p2a: Quagsire|3
|-unboost|p1a: HOGSLICE|def|1
|-boost|p1a: HOGSLICE|spe|1
|move|p2a: Quagsire|Earthquake|p1a: HOGSLICE
|-crit|p1a: HOGSLICE
|-damage|p1a: HOGSLICE|0 fnt
|faint|p1a: HOGSLICE
|
|-heal|p2a: Quagsire|78/100|[from] item: Leftovers
|upkeep
|c|☆Hogslice_69|nice crit
|
|t:|1664678371
|switch|p1a: Girly fuckin shit|Ninetales-Alola, F|100/100
|-status|p1a: Girly fuckin shit|psn
|-weather|Hail|[from] ability: Snow Warning|[of] p1a: Girly fuckin shit
|turn|13
|
|t:|1664678375
|switch|p2a: Blissey|Blissey, F|100/100
|move|p1a: Girly fuckin shit|Aurora Veil|p1a: Girly fuckin shit
|-sidestart|p1: Hogslice_69|move: Aurora Veil
|
|-weather|Hail|[upkeep]
|-damage|p2a: Blissey|94/100|[from] Hail
|-damage|p1a: Girly fuckin shit|88/100 psn|[from] psn
|upkeep
|turn|14
|
|t:|1664678381
|move|p1a: Girly fuckin shit|Hypnosis|p2a: Blissey
|-status|p2a: Blissey|slp|[from] move: Hypnosis
|cant|p2a: Blissey|slp
|
|-weather|Hail|[upkeep]
|-damage|p2a: Blissey|88/100 slp|[from] Hail
|-damage|p1a: Girly fuckin shit|76/100 psn|[from] psn
|upkeep
|turn|15
|
|t:|1664678402
|switch|p1a: PRO LIFE|Dragapult, M|100/100
|-status|p1a: PRO LIFE|psn
|cant|p2a: Blissey|slp
|
|-weather|Hail|[upkeep]
|-damage|p1a: PRO LIFE|95/100 psn|[from] Hail
|-damage|p2a: Blissey|82/100 slp|[from] Hail
|-damage|p1a: PRO LIFE|82/100 psn|[from] psn
|upkeep
|turn|16
|
|t:|1664678407
|move|p1a: PRO LIFE|Dragon Dance|p1a: PRO LIFE
|-boost|p1a: PRO LIFE|atk|1
|-boost|p1a: PRO LIFE|spe|1
|-curestatus|p2a: Blissey|slp|[msg]
|move|p2a: Blissey|Stealth Rock|p1a: PRO LIFE
|-sidestart|p1: Hogslice_69|move: Stealth Rock
|
|-weather|Hail|[upkeep]
|-damage|p1a: PRO LIFE|76/100 psn|[from] Hail
|-damage|p2a: Blissey|76/100|[from] Hail
|-damage|p1a: PRO LIFE|64/100 psn|[from] psn
|upkeep
|turn|17
|
|t:|1664678411
|switch|p2a: Clefable|Clefable, F|66/100
|move|p1a: PRO LIFE|Dragon Darts|p2a: Clefable
|-immune|p2a: Clefable
|
|-weather|none
|-damage|p1a: PRO LIFE|52/100 psn|[from] psn
|upkeep
|turn|18
|
|t:|1664678415
|move|p1a: PRO LIFE|Phantom Force||[still]
|-prepare|p1a: PRO LIFE|Phantom Force
|move|p2a: Clefable|Soft-Boiled|p2a: Clefable
|-heal|p2a: Clefable|100/100
|
|-damage|p1a: PRO LIFE|39/100 psn|[from] psn
|upkeep
|turn|19
|
|t:|1664678419
|switch|p2a: Blissey|Blissey, F|76/100
|move|p1a: PRO LIFE|Phantom Force|p2a: Blissey|[from]lockedmove
|-immune|p2a: Blissey
|
|-damage|p1a: PRO LIFE|27/100 psn|[from] psn
|upkeep
|turn|20
|
|t:|1664678423
|switch|p2a: Clefable|Clefable, F|100/100
|move|p1a: PRO LIFE|Dragon Darts|p2a: Clefable
|-immune|p2a: Clefable
|
|-damage|p1a: PRO LIFE|15/100 psn|[from] psn
|-sideend|p1: Hogslice_69|move: Aurora Veil
|upkeep
|turn|21
|
|t:|1664678427
|move|p1a: PRO LIFE|Phantom Force||[still]
|-prepare|p1a: PRO LIFE|Phantom Force
|move|p2a: Clefable|Soft-Boiled||[still]
|-fail|p2a: Clefable|heal
|
|-damage|p1a: PRO LIFE|2/100 psn|[from] psn
|upkeep
|turn|22
|
|t:|1664678430
|switch|p2a: Blissey|Blissey, F|76/100
|move|p1a: PRO LIFE|Phantom Force|p2a: Blissey|[from]lockedmove
|-immune|p2a: Blissey
|
|-damage|p1a: PRO LIFE|0 fnt|[from] psn
|faint|p1a: PRO LIFE
|upkeep
|c|☆Hogslice_69|Lol counter teamed
|c|☆Hogslice_69|gg
|l| i bet u wont
|l| AverageAsh
|c|☆Hogslice_69|Apologizes to all the Hogslice fans. No accounting for getting scouted and counterpicked
|
|t:|1664678456
|switch|p1a: BITCH POOP|Heatran, M|100/100
|-damage|p1a: BITCH POOP|88/100|[from] Stealth Rock
|turn|23
|
|t:|1664678462
|switch|p2a: Dragonite|Dragonite, M, shiny|75/100
|move|p1a: BITCH POOP|Steel Beam|p2a: Dragonite
|-damage|p2a: Dragonite|0 fnt
|-damage|p1a: BITCH POOP|38/100|[from] mindblown
|faint|p2a: Dragonite
|
|upkeep
|
|t:|1664678469
|switch|p2a: Toxapex|Toxapex, M, shiny|100/100
|turn|24
|
|t:|1664678474
|move|p1a: BITCH POOP|Steel Beam|p2a: Toxapex
|-resisted|p2a: Toxapex
|-damage|p2a: Toxapex|68/100
|-damage|p1a: BITCH POOP|0 fnt|[from] mindblown
|faint|p1a: BITCH POOP
|move|p2a: Toxapex|Recover|p2a: Toxapex
|-heal|p2a: Toxapex|100/100
|
|upkeep
|
|t:|1664678477
|switch|p1a: Girly fuckin shit|Ninetales-Alola, F|76/100 psn
|-damage|p1a: Girly fuckin shit|51/100 psn|[from] Stealth Rock
|-weather|Hail|[from] ability: Snow Warning|[of] p1a: Girly fuckin shit
|turn|25
|
|t:|1664678487
|move|p1a: Girly fuckin shit|Aurora Veil|p1a: Girly fuckin shit
|-sidestart|p1: Hogslice_69|move: Aurora Veil
|move|p2a: Toxapex|Knock Off|p1a: Girly fuckin shit
|-resisted|p1a: Girly fuckin shit
|-damage|p1a: Girly fuckin shit|46/100 psn
|-enditem|p1a: Girly fuckin shit|Light Clay|[from] move: Knock Off|[of] p2a: Toxapex
|
|-weather|Hail|[upkeep]
|-damage|p2a: Toxapex|94/100|[from] Hail
|-damage|p1a: Girly fuckin shit|34/100 psn|[from] psn
|upkeep
|turn|26
|l| samohi0
|
|t:|1664678505
|move|p1a: Girly fuckin shit|Hypnosis|p2a: Toxapex
|-status|p2a: Toxapex|slp|[from] move: Hypnosis
|cant|p2a: Toxapex|slp
|
|-weather|Hail|[upkeep]
|-damage|p2a: Toxapex|88/100 slp|[from] Hail
|-damage|p1a: Girly fuckin shit|21/100 psn|[from] psn
|upkeep
|turn|27
|
|t:|1664678508
|switch|p1a: Ya know wassup|Cloyster, F|100/100
|cant|p2a: Toxapex|slp
|
|-weather|Hail|[upkeep]
|-damage|p2a: Toxapex|82/100 slp|[from] Hail
|upkeep
|turn|28
|
|t:|1664678510
|move|p1a: Ya know wassup|Shell Smash|p1a: Ya know wassup
|-unboost|p1a: Ya know wassup|def|1
|-unboost|p1a: Ya know wassup|spd|1
|-boost|p1a: Ya know wassup|atk|2
|-boost|p1a: Ya know wassup|spa|2
|-boost|p1a: Ya know wassup|spe|2
|-curestatus|p2a: Toxapex|slp|[msg]
|move|p2a: Toxapex|Toxic|p1a: Ya know wassup
|-status|p1a: Ya know wassup|tox
|
|-weather|Hail|[upkeep]
|-damage|p2a: Toxapex|75/100|[from] Hail
|-damage|p1a: Ya know wassup|94/100 tox|[from] psn
|upkeep
|turn|29
|c|☆Hogslice_69|HY TOXIC SPIKES AND TOCIC ON SSM E MEEOn
|
|t:|1664678528
|move|p1a: Ya know wassup|Rock Blast|p2a: Toxapex
|-damage|p2a: Toxapex|65/100
|-damage|p2a: Toxapex|53/100
|-damage|p2a: Toxapex|41/100
|-damage|p2a: Toxapex|29/100
|-damage|p2a: Toxapex|19/100
|-hitcount|p2a: Toxapex|5
|move|p2a: Toxapex|Recover|p2a: Toxapex
|-heal|p2a: Toxapex|69/100
|
|-weather|none
|-damage|p1a: Ya know wassup|82/100 tox|[from] psn
|upkeep
|turn|30
|c|☆Hogslice_69|NOOOOOOOOOO
|c|☆Hogslice_69|NOOOOOOOO
|j|@Irpachuza!
|inactive|AlIoutdragadarts has 120 seconds left.
|
|t:|1664678559
|move|p1a: Ya know wassup|Shell Smash|p1a: Ya know wassup
|-unboost|p1a: Ya know wassup|def|1
|-unboost|p1a: Ya know wassup|spd|1
|-boost|p1a: Ya know wassup|atk|2
|-boost|p1a: Ya know wassup|spa|2
|-boost|p1a: Ya know wassup|spe|2
|move|p2a: Toxapex|Recover|p2a: Toxapex
|-heal|p2a: Toxapex|100/100
|
|-damage|p1a: Ya know wassup|63/100 tox|[from] psn
|upkeep
|turn|31
|l|@Irpachuza!
|inactive|Hogslice_69 has 120 seconds left.
|
|t:|1664678596
|switch|p2a: Corviknight|Corviknight, M|100/100
|-ability|p2a: Corviknight|Pressure
|move|p1a: Ya know wassup|Rock Blast|p2a: Corviknight|[miss]
|-miss|p1a: Ya know wassup|p2a: Corviknight
|
|-damage|p1a: Ya know wassup|38/100 tox|[from] psn
|upkeep
|turn|32
|c|☆Hogslice_69|NICE
|c|☆Hogslice_69|LUCK
|inactive|Hogslice_69 has 120 seconds left.
|c|☆Hogslice_69|SIR
|j| samohi0
|inactive|Hogslice_69 has 90 seconds left.
|l| samohi0
|
|t:|1664678640
|move|p1a: Ya know wassup|Hydro Pump|p2a: Corviknight
|-damage|p2a: Corviknight|10/100
|move|p2a: Corviknight|Body Press|p1a: Ya know wassup
|-supereffective|p1a: Ya know wassup
|-damage|p1a: Ya know wassup|0 fnt
|faint|p1a: Ya know wassup
|
|-heal|p2a: Corviknight|16/100|[from] item: Leftovers
|-sideend|p1: Hogslice_69|move: Aurora Veil
|upkeep
|c|☆Hogslice_69|yeah Nice luck sir
|
|t:|1664678646
|switch|p1a: Girly fuckin shit|Ninetales-Alola, F|21/100 psn
|-damage|p1a: Girly fuckin shit|0 fnt|[from] Stealth Rock
|faint|p1a: Girly fuckin shit
|
|win|AlIoutdragadarts
