|j|☆godcompleks
|j|☆lebanesestinker
|t:|1651896289
|gametype|singles
|player|p1|godcompleks|265|1565
|player|p2|lebanesestinker|li|1680
|teamsize|p1|6
|teamsize|p2|6
|gen|8
|tier|[Gen 8] OU
|rated|
|rule|Sleep Clause Mod: Limit one foe put to sleep
|rule|Species Clause: Limit one of each Pokémon
|rule|OHKO Clause: OHKO moves are banned
|rule|Evasion Moves Clause: Evasion moves are banned
|rule|Endless Battle Clause: Forcing endless battles is banned
|rule|HP Percentage Mod: HP is shown in percentages
|rule|Dynamax Clause: You cannot dynamax
|clearpoke
|poke|p1|Victini|
|poke|p1|Clefable, M|
|poke|p1|Dragapult, M|
|poke|p1|Kommo-o, F|
|poke|p1|Tapu Fini|
|poke|p1|Landorus-Therian, M|
|poke|p2|Urshifu-*, F|
|poke|p2|Excadrill, F|
|poke|p2|Tyranitar, M|
|poke|p2|Clefable, M|
|poke|p2|Tangrowth, F|
|poke|p2|Zapdos|
|teampreview
|inactive|Battle timer is ON: inactive players will automatically lose when time's up. (requested by godcompleks)
|
|t:|1651896303
|start
|switch|p1a: Victini|Victini|100/100
|switch|p2a: Urshifu|Urshifu-Rapid-Strike, F|100/100
|turn|1
|inactive|godcompleks has 120 seconds left.
|
|t:|1651896353
|switch|p2a: Excadrill|Excadrill, F|100/100
|move|p1a: Victini|Final Gambit|p2a: Excadrill
|-damage|p2a: Excadrill|0 fnt
|faint|p1a: Victini
|faint|p2a: Excadrill
|
|upkeep
|
|t:|1651896371
|switch|p1a: Clefable|Clefable, M|100/100
|switch|p2a: Urshifu|Urshifu-Rapid-Strike, F|100/100
|turn|2
|
|t:|1651896376
|move|p1a: Clefable|Copycat|p1a: Clefable
|move|p1a: Clefable|Final Gambit|p2a: Urshifu|[from]move: Copycat
|-damage|p2a: Urshifu|0 fnt
|faint|p1a: Clefable
|faint|p2a: Urshifu
|
|upkeep
|inactive|godcompleks has 120 seconds left.
|
|t:|1651896392
|switch|p2a: Zapdos|Zapdos|100/100
|switch|p1a: Landorus|Landorus-Therian, M|100/100
|-ability|p1a: Landorus|Intimidate|boost
|-unboost|p2a: Zapdos|atk|1
|turn|3
|
|t:|1651896396
|move|p1a: Landorus|Smack Down|p2a: Zapdos
|-supereffective|p2a: Zapdos
|-damage|p2a: Zapdos|74/100
|-start|p2a: Zapdos|Smack Down
|move|p2a: Zapdos|Heat Wave|p1a: Landorus
|-damage|p1a: Landorus|67/100
|
|upkeep
|turn|4
|
|t:|1651896401
|switch|p2a: Tangrowth|Tangrowth, F, shiny|100/100
|move|p1a: Landorus|Swords Dance|p1a: Landorus
|-boost|p1a: Landorus|atk|2
|
|upkeep
|turn|5
|
|t:|1651896405
|move|p1a: Landorus|Fly||[still]
|-prepare|p1a: Landorus|Fly
|-enditem|p1a: Landorus|Power Herb
|-anim|p1a: Landorus|Fly|p2a: Tangrowth
|-supereffective|p2a: Tangrowth
|-crit|p2a: Tangrowth
|-damage|p2a: Tangrowth|0 fnt
|-damage|p1a: Landorus|50/100|[from] item: Rocky Helmet|[of] p2a: Tangrowth
|faint|p2a: Tangrowth
|
|upkeep
|
|t:|1651896412
|switch|p2a: Tyranitar|Tyranitar, M|100/100
|-weather|Sandstorm|[from] ability: Sand Stream|[of] p2a: Tyranitar
|turn|6
|
|t:|1651896415
|move|p1a: Landorus|Earthquake|p2a: Tyranitar
|-supereffective|p2a: Tyranitar
|-damage|p2a: Tyranitar|0 fnt
|faint|p2a: Tyranitar
|
|-weather|Sandstorm|[upkeep]
|upkeep
|-message|lebanesestinker forfeited.
|
|win|godcompleks
|raw|godcompleks's rating: 1565 &rarr; <strong>1591</strong><br />(+26 for winning)
|raw|lebanesestinker's rating: 1680 &rarr; <strong>1654</strong><br />(-26 for losing)
|l|☆lebanesestinker
