|j|☆SiriCelebi
|j|‽hypervortexreturns
|t:|1659670643
|gametype|singles
|player|p1|SiriCelebi|102|1775
|player|p2|hypervortexreturns|102|1945
|teamsize|p1|6
|teamsize|p2|6
|gen|8
|tier|[Gen 8] OU
|rated|
|rule|Sleep Clause Mod: Limit one foe put to sleep
|rule|Species Clause: Limit one of each Pokémon
|rule|OHKO Clause: OHKO moves are banned
|rule|Evasion Items Clause: Evasion items are banned
|rule|Evasion Moves Clause: Evasion moves are banned
|rule|Endless Battle Clause: Forcing endless battles is banned
|rule|HP Percentage Mod: HP is shown in percentages
|rule|Dynamax Clause: You cannot dynamax
|clearpoke
|poke|p1|Slowbro, M|
|poke|p1|Heatran, M|
|poke|p1|Kartana|
|poke|p1|Landorus-Therian, M|
|poke|p1|Zapdos-Galar|
|poke|p1|Blissey, F|
|poke|p2|Hydreigon, M|
|poke|p2|Excadrill, F|
|poke|p2|Azumarill, M|
|poke|p2|Corviknight, F|
|poke|p2|Zapdos|
|poke|p2|Tangrowth, M|
|teampreview
|
|t:|1659670663
|start
|switch|p1a: 朋友不再是朋友，家园不再是家园|Landorus-Therian, M, shiny|100/100
|switch|p2a: Azumarill|Azumarill, M|100/100
|-ability|p1a: 朋友不再是朋友，家园不再是家园|Intimidate|boost
|-unboost|p2a: Azumarill|atk|1
|turn|1
|
|t:|1659670671
|switch|p2a: Tangrowth|Tangrowth, M|100/100
|move|p1a: 朋友不再是朋友，家园不再是家园|Earthquake|p2a: Tangrowth
|-resisted|p2a: Tangrowth
|-damage|p2a: Tangrowth|89/100
|
|upkeep
|turn|2
|
|t:|1659670678
|move|p1a: 朋友不再是朋友，家园不再是家园|U-turn|p2a: Tangrowth
|-supereffective|p2a: Tangrowth
|-damage|p2a: Tangrowth|67/100
|-damage|p1a: 朋友不再是朋友，家园不再是家园|84/100|[from] item: Rocky Helmet|[of] p2a: Tangrowth
|j| Ultramanball1
|
|t:|1659670682
|switch|p1a: 这是我烤的甜甜花酿姬|Zapdos-Galar, shiny|100/100|[from]move: U-turn
|move|p2a: Tangrowth|Knock Off|p1a: 这是我烤的甜甜花酿姬
|-resisted|p1a: 这是我烤的甜甜花酿姬
|-damage|p1a: 这是我烤的甜甜花酿姬|87/100
|-enditem|p1a: 这是我烤的甜甜花酿姬|Choice Scarf|[from] move: Knock Off|[of] p2a: Tangrowth
|
|upkeep
|turn|3
|
|t:|1659670690
|switch|p2a: Zapdos|Zapdos|100/100
|move|p1a: 这是我烤的甜甜花酿姬|U-turn|p2a: Zapdos
|-resisted|p2a: Zapdos
|-damage|p2a: Zapdos|88/100
|-status|p1a: 这是我烤的甜甜花酿姬|par|[from] ability: Static|[of] p2a: Zapdos
|
|t:|1659670693
|switch|p1a: 你是否感受到，城市在分崩离析|Heatran, M, shiny|100/100|[from]move: U-turn
|
|upkeep
|turn|4
|
|t:|1659670705
|switch|p2a: Hydreigon|Hydreigon, M|100/100
|move|p1a: 你是否感受到，城市在分崩离析|Stealth Rock|p2a: Hydreigon
|-sidestart|p2: hypervortexreturns|move: Stealth Rock
|
|upkeep
|turn|5
|
|t:|1659670712
|switch|p1a: 这是我烤的甜甜花酿姬|Zapdos-Galar, shiny|87/100 par
|move|p2a: Hydreigon|Earth Power|p1a: 这是我烤的甜甜花酿姬
|-immune|p1a: 这是我烤的甜甜花酿姬
|
|upkeep
|turn|6
|j| xing_nian love❥
|l| Ultramanball1
|
|t:|1659670723
|switch|p2a: Zapdos|Zapdos|88/100
|move|p1a: 这是我烤的甜甜花酿姬|U-turn|p2a: Zapdos
|-resisted|p2a: Zapdos
|-damage|p2a: Zapdos|78/100
|
|t:|1659670726
|switch|p1a: 你是否感受到，城市在分崩离析|Heatran, M, shiny|100/100|[from]move: U-turn
|
|upkeep
|turn|7
|
|t:|1659670733
|switch|p2a: Hydreigon|Hydreigon, M|100/100
|-damage|p2a: Hydreigon|88/100|[from] Stealth Rock
|move|p1a: 你是否感受到，城市在分崩离析|Taunt|p2a: Hydreigon
|-start|p2a: Hydreigon|move: Taunt
|
|-heal|p2a: Hydreigon|94/100|[from] item: Leftovers
|upkeep
|turn|8
|j| Ultramanball1
|j| AquaRotom
|
|t:|1659670746
|switch|p1a: 这是我烤的甜甜花酿姬|Zapdos-Galar, shiny|87/100 par
|move|p2a: Hydreigon|Dark Pulse|p1a: 这是我烤的甜甜花酿姬
|-resisted|p1a: 这是我烤的甜甜花酿姬
|-damage|p1a: 这是我烤的甜甜花酿姬|67/100 par
|
|-heal|p2a: Hydreigon|100/100|[from] item: Leftovers
|upkeep
|turn|9
|
|t:|1659670756
|switch|p2a: Zapdos|Zapdos|78/100
|switch|p1a: 朋友不再是朋友，家园不再是家园|Landorus-Therian, M, shiny|84/100
|-ability|p1a: 朋友不再是朋友，家园不再是家园|Intimidate|boost
|-unboost|p2a: Zapdos|atk|1
|
|-heal|p1a: 朋友不再是朋友，家园不再是家园|90/100|[from] item: Leftovers
|upkeep
|turn|10
|l| Ultramanball1
|
|t:|1659670775
|switch|p2a: Tangrowth|Tangrowth, M|99/100
|-damage|p2a: Tangrowth|88/100|[from] Stealth Rock
|move|p1a: 朋友不再是朋友，家园不再是家园|Rock Tomb|p2a: Tangrowth
|-damage|p2a: Tangrowth|78/100
|-unboost|p2a: Tangrowth|spe|1
|
|-heal|p1a: 朋友不再是朋友，家园不再是家园|96/100|[from] item: Leftovers
|upkeep
|turn|11
|j| gewwge
|
|t:|1659670787
|move|p1a: 朋友不再是朋友，家园不再是家园|U-turn|p2a: Tangrowth
|-supereffective|p2a: Tangrowth
|-damage|p2a: Tangrowth|53/100
|-damage|p1a: 朋友不再是朋友，家园不再是家园|80/100|[from] item: Rocky Helmet|[of] p2a: Tangrowth
|
|t:|1659670792
|switch|p1a: 这是我烤的甜甜花酿姬|Zapdos-Galar, shiny|67/100 par|[from]move: U-turn
|move|p2a: Tangrowth|Knock Off|p1a: 这是我烤的甜甜花酿姬
|-resisted|p1a: 这是我烤的甜甜花酿姬
|-damage|p1a: 这是我烤的甜甜花酿姬|58/100 par
|
|upkeep
|turn|12
|
|t:|1659670800
|switch|p2a: Zapdos|Zapdos|78/100
|move|p1a: 这是我烤的甜甜花酿姬|U-turn|p2a: Zapdos
|-resisted|p2a: Zapdos
|-damage|p2a: Zapdos|65/100
|
|t:|1659670805
|switch|p1a: 你是否感受到，城市在分崩离析|Heatran, M, shiny|100/100|[from]move: U-turn
|
|upkeep
|turn|13
|
|t:|1659670811
|switch|p2a: Hydreigon|Hydreigon, M|100/100
|-damage|p2a: Hydreigon|88/100|[from] Stealth Rock
|move|p1a: 你是否感受到，城市在分崩离析|Magma Storm|p2a: Hydreigon|[miss]
|-miss|p1a: 你是否感受到，城市在分崩离析|p2a: Hydreigon
|
|-heal|p2a: Hydreigon|94/100|[from] item: Leftovers
|upkeep
|turn|14
|
|t:|1659670820
|switch|p1a: 你可曾注意到，阴谋得逞者在狞笑|Blissey, F, shiny|100/100
|move|p2a: Hydreigon|Dark Pulse|p1a: 你可曾注意到，阴谋得逞者在狞笑
|-damage|p1a: 你可曾注意到，阴谋得逞者在狞笑|88/100
|
|-heal|p2a: Hydreigon|100/100|[from] item: Leftovers
|-heal|p1a: 你可曾注意到，阴谋得逞者在狞笑|94/100|[from] item: Leftovers
|upkeep
|turn|15
|
|t:|1659670830
|switch|p2a: Excadrill|Excadrill, F|100/100
|-damage|p2a: Excadrill|97/100|[from] Stealth Rock
|move|p1a: 你可曾注意到，阴谋得逞者在狞笑|Wish|p1a: 你可曾注意到，阴谋得逞者在狞笑
|
|-heal|p2a: Excadrill|100/100|[from] item: Leftovers
|-heal|p1a: 你可曾注意到，阴谋得逞者在狞笑|99/100|[from] item: Leftovers
|upkeep
|turn|16
|
|t:|1659670855
|switch|p1a: 这是我烤的甜甜花酿姬|Zapdos-Galar, shiny|58/100 par
|move|p2a: Excadrill|Stealth Rock|p1a: 这是我烤的甜甜花酿姬
|-sidestart|p1: SiriCelebi|move: Stealth Rock
|
|-heal|p1a: 这是我烤的甜甜花酿姬|100/100 par|[from] move: Wish|[wisher] 你可曾注意到，阴谋得逞者在狞笑
|upkeep
|turn|17
|j| bellight
|
|t:|1659670883
|switch|p2a: Zapdos|Zapdos|65/100
|switch|p1a: 你可曾注意到，阴谋得逞者在狞笑|Blissey, F, shiny|99/100
|-damage|p1a: 你可曾注意到，阴谋得逞者在狞笑|88/100|[from] Stealth Rock
|
|-heal|p1a: 你可曾注意到，阴谋得逞者在狞笑|94/100|[from] item: Leftovers
|upkeep
|turn|18
|
|t:|1659670907
|switch|p2a: Excadrill|Excadrill, F|100/100
|-damage|p2a: Excadrill|97/100|[from] Stealth Rock
|switch|p1a: 草，谢谢你|Kartana, shiny|100/100
|-damage|p1a: 草，谢谢你|94/100|[from] Stealth Rock
|
|-heal|p2a: Excadrill|100/100|[from] item: Leftovers
|upkeep
|turn|19
|
|t:|1659670926
|switch|p2a: Tangrowth|Tangrowth, M|86/100
|-damage|p2a: Tangrowth|74/100|[from] Stealth Rock
|move|p1a: 草，谢谢你|Knock Off|p2a: Tangrowth
|-damage|p2a: Tangrowth|38/100
|-damage|p1a: 草，谢谢你|78/100|[from] item: Rocky Helmet|[of] p2a: Tangrowth
|-enditem|p2a: Tangrowth|Rocky Helmet|[from] move: Knock Off|[of] p1a: 草，谢谢你
|
|upkeep
|turn|20
|
|t:|1659670946
|switch|p1a: 这是我烤的甜甜花酿姬|Zapdos-Galar, shiny|100/100 par
|-damage|p1a: 这是我烤的甜甜花酿姬|88/100 par|[from] Stealth Rock
|move|p2a: Tangrowth|Focus Blast|p1a: 这是我烤的甜甜花酿姬|[miss]
|-miss|p2a: Tangrowth|p1a: 这是我烤的甜甜花酿姬
|
|upkeep
|turn|21
|
|t:|1659670958
|switch|p1a: 你可曾注意到，阴谋得逞者在狞笑|Blissey, F, shiny|94/100
|-damage|p1a: 你可曾注意到，阴谋得逞者在狞笑|81/100|[from] Stealth Rock
|switch|p2a: Zapdos|Zapdos|65/100
|
|-heal|p1a: 你可曾注意到，阴谋得逞者在狞笑|88/100|[from] item: Leftovers
|upkeep
|turn|22
|
|t:|1659670976
|switch|p2a: Tangrowth|Tangrowth, M|72/100
|-damage|p2a: Tangrowth|59/100|[from] Stealth Rock
|move|p1a: 你可曾注意到，阴谋得逞者在狞笑|Toxic|p2a: Tangrowth
|-status|p2a: Tangrowth|tox
|
|-heal|p1a: 你可曾注意到，阴谋得逞者在狞笑|94/100|[from] item: Leftovers
|-damage|p2a: Tangrowth|53/100 tox|[from] psn
|upkeep
|turn|23
|l| xing_nian love❥
|j| Don Grippa
|
|t:|1659670990
|switch|p2a: Excadrill|Excadrill, F|100/100
|-damage|p2a: Excadrill|97/100|[from] Stealth Rock
|move|p1a: 你可曾注意到，阴谋得逞者在狞笑|Wish|p1a: 你可曾注意到，阴谋得逞者在狞笑
|
|-heal|p2a: Excadrill|100/100|[from] item: Leftovers
|-heal|p1a: 你可曾注意到，阴谋得逞者在狞笑|99/100|[from] item: Leftovers
|upkeep
|turn|24
|
|t:|1659671004
|move|p2a: Excadrill|Earthquake|p1a: 你可曾注意到，阴谋得逞者在狞笑
|-damage|p1a: 你可曾注意到，阴谋得逞者在狞笑|57/100
|move|p1a: 你可曾注意到，阴谋得逞者在狞笑|Wish||[still]
|-fail|p1a: 你可曾注意到，阴谋得逞者在狞笑
|
|-heal|p1a: 你可曾注意到，阴谋得逞者在狞笑|100/100|[from] move: Wish|[wisher] 你可曾注意到，阴谋得逞者在狞笑
|upkeep
|turn|25
|
|t:|1659671017
|switch|p1a: 朋友不再是朋友，家园不再是家园|Landorus-Therian, M, shiny|80/100
|-damage|p1a: 朋友不再是朋友，家园不再是家园|67/100|[from] Stealth Rock
|-ability|p1a: 朋友不再是朋友，家园不再是家园|Intimidate|boost
|-unboost|p2a: Excadrill|atk|1
|move|p2a: Excadrill|Swords Dance|p2a: Excadrill
|-boost|p2a: Excadrill|atk|2
|
|-heal|p1a: 朋友不再是朋友，家园不再是家园|73/100|[from] item: Leftovers
|upkeep
|turn|26
|j| Miss.mushroom
|
|t:|1659671028
|move|p1a: 朋友不再是朋友，家园不再是家园|Earthquake|p2a: Excadrill
|-supereffective|p2a: Excadrill
|-damage|p2a: Excadrill|0 fnt
|faint|p2a: Excadrill
|
|-heal|p1a: 朋友不再是朋友，家园不再是家园|79/100|[from] item: Leftovers
|upkeep
|
|t:|1659671049
|switch|p2a: Zapdos|Zapdos|65/100
|turn|27
|
|t:|1659671060
|move|p2a: Zapdos|Hurricane|p1a: 朋友不再是朋友，家园不再是家园
|-damage|p1a: 朋友不再是朋友，家园不再是家园|34/100
|move|p1a: 朋友不再是朋友，家园不再是家园|Rock Tomb|p2a: Zapdos|[miss]
|-miss|p1a: 朋友不再是朋友，家园不再是家园|p2a: Zapdos
|
|-heal|p1a: 朋友不再是朋友，家园不再是家园|40/100|[from] item: Leftovers
|upkeep
|turn|28
|
|t:|1659671069
|switch|p1a: 你可曾注意到，阴谋得逞者在狞笑|Blissey, F, shiny|100/100
|-damage|p1a: 你可曾注意到，阴谋得逞者在狞笑|88/100|[from] Stealth Rock
|move|p2a: Zapdos|Hurricane|p1a: 你可曾注意到，阴谋得逞者在狞笑
|-damage|p1a: 你可曾注意到，阴谋得逞者在狞笑|70/100
|
|-heal|p1a: 你可曾注意到，阴谋得逞者在狞笑|76/100|[from] item: Leftovers
|upkeep
|turn|29
|
|t:|1659671117
|switch|p2a: Tangrowth|Tangrowth, M|86/100 tox
|-damage|p2a: Tangrowth|74/100 tox|[from] Stealth Rock
|move|p1a: 你可曾注意到，阴谋得逞者在狞笑|Wish|p1a: 你可曾注意到，阴谋得逞者在狞笑
|
|-heal|p1a: 你可曾注意到，阴谋得逞者在狞笑|82/100|[from] item: Leftovers
|-damage|p2a: Tangrowth|68/100 tox|[from] psn
|upkeep
|turn|30
|
|t:|1659671127
|switch|p1a: 朋友不再是朋友，家园不再是家园|Landorus-Therian, M, shiny|40/100
|-damage|p1a: 朋友不再是朋友，家园不再是家园|27/100|[from] Stealth Rock
|-ability|p1a: 朋友不再是朋友，家园不再是家园|Intimidate|boost
|-unboost|p2a: Tangrowth|atk|1
|move|p2a: Tangrowth|Sleep Powder|p1a: 朋友不再是朋友，家园不再是家园|[miss]
|-miss|p2a: Tangrowth|p1a: 朋友不再是朋友，家园不再是家园
|
|-heal|p1a: 朋友不再是朋友，家园不再是家园|100/100|[from] move: Wish|[wisher] 你可曾注意到，阴谋得逞者在狞笑
|-damage|p2a: Tangrowth|55/100 tox|[from] psn
|upkeep
|turn|31
|
|t:|1659671139
|switch|p2a: Corviknight|Corviknight, F|100/100
|-damage|p2a: Corviknight|88/100|[from] Stealth Rock
|-ability|p2a: Corviknight|Pressure
|move|p1a: 朋友不再是朋友，家园不再是家园|Defog|p2a: Corviknight
|-unboost|p2a: Corviknight|evasion|1
|-sideend|p2: hypervortexreturns|Stealth Rock|[from] move: Defog|[of] p1a: 朋友不再是朋友，家园不再是家园
|-sideend|p1: SiriCelebi|Stealth Rock|[from] move: Defog|[of] p1a: 朋友不再是朋友，家园不再是家园
|
|-heal|p2a: Corviknight|94/100|[from] item: Leftovers
|upkeep
|turn|32
|l| bellight
|
|t:|1659671155
|move|p1a: 朋友不再是朋友，家园不再是家园|U-turn|p2a: Corviknight
|-resisted|p2a: Corviknight
|-damage|p2a: Corviknight|89/100
|
|t:|1659671167
|switch|p1a: 你有没有听到，孩子们的悲鸣？|Slowbro, M, shiny|100/100|[from]move: U-turn
|move|p2a: Corviknight|Taunt|p1a: 你有没有听到，孩子们的悲鸣？
|-start|p1a: 你有没有听到，孩子们的悲鸣？|move: Taunt
|
|-heal|p2a: Corviknight|96/100|[from] item: Leftovers
|upkeep
|turn|33
|
|t:|1659671181
|switch|p2a: Tangrowth|Tangrowth, M|88/100 tox
|move|p1a: 你有没有听到，孩子们的悲鸣？|Flamethrower|p2a: Tangrowth
|-supereffective|p2a: Tangrowth
|-damage|p2a: Tangrowth|29/100 tox
|
|-damage|p2a: Tangrowth|23/100 tox|[from] psn
|upkeep
|turn|34
|
|t:|1659671207
|move|p2a: Tangrowth|Sleep Powder|p1a: 你有没有听到，孩子们的悲鸣？
|-status|p1a: 你有没有听到，孩子们的悲鸣？|slp|[from] move: Sleep Powder
|cant|p1a: 你有没有听到，孩子们的悲鸣？|slp
|
|-damage|p2a: Tangrowth|10/100 tox|[from] psn
|-end|p1a: 你有没有听到，孩子们的悲鸣？|move: Taunt
|upkeep
|turn|35
|j| SmartInResults
|
|t:|1659671216
|switch|p2a: Azumarill|Azumarill, M|100/100
|switch|p1a: 草，谢谢你|Kartana, shiny|78/100
|
|upkeep
|turn|36
|
|t:|1659671231
|switch|p2a: Tangrowth|Tangrowth, M|44/100 tox
|move|p1a: 草，谢谢你|Knock Off|p2a: Tangrowth
|-damage|p2a: Tangrowth|22/100 tox
|
|-damage|p2a: Tangrowth|16/100 tox|[from] psn
|upkeep
|turn|37
|
|t:|1659671238
|switch|p2a: Hydreigon|Hydreigon, M|100/100
|move|p1a: 草，谢谢你|Knock Off|p2a: Hydreigon
|-resisted|p2a: Hydreigon
|-damage|p2a: Hydreigon|67/100
|-enditem|p2a: Hydreigon|Leftovers|[from] move: Knock Off|[of] p1a: 草，谢谢你
|
|upkeep
|turn|38
|
|t:|1659671248
|switch|p1a: 这是我烤的甜甜花酿姬|Zapdos-Galar, shiny|88/100 par
|move|p2a: Hydreigon|Dark Pulse|p1a: 这是我烤的甜甜花酿姬
|-resisted|p1a: 这是我烤的甜甜花酿姬
|-damage|p1a: 这是我烤的甜甜花酿姬|68/100 par
|
|upkeep
|turn|39
|l| AquaRotom
|
|t:|1659671265
|switch|p2a: Zapdos|Zapdos|65/100
|move|p1a: 这是我烤的甜甜花酿姬|U-turn|p2a: Zapdos
|-resisted|p2a: Zapdos
|-damage|p2a: Zapdos|52/100
|
|t:|1659671270
|switch|p1a: 你是否感受到，城市在分崩离析|Heatran, M, shiny|100/100|[from]move: U-turn
|
|upkeep
|turn|40
|
|t:|1659671286
|move|p2a: Zapdos|Discharge|p1a: 你是否感受到，城市在分崩离析
|-damage|p1a: 你是否感受到，城市在分崩离析|71/100
|move|p1a: 你是否感受到，城市在分崩离析|Magma Storm|p2a: Zapdos|[miss]
|-miss|p1a: 你是否感受到，城市在分崩离析|p2a: Zapdos
|
|-heal|p1a: 你是否感受到，城市在分崩离析|78/100|[from] item: Leftovers
|upkeep
|turn|41
|j| Nico11
|
|t:|1659671301
|switch|p2a: Hydreigon|Hydreigon, M|67/100
|move|p1a: 你是否感受到，城市在分崩离析|Stealth Rock|p2a: Hydreigon
|-sidestart|p2: hypervortexreturns|move: Stealth Rock
|
|-heal|p1a: 你是否感受到，城市在分崩离析|84/100|[from] item: Leftovers
|upkeep
|turn|42
|
|t:|1659671317
|switch|p1a: 这是我烤的甜甜花酿姬|Zapdos-Galar, shiny|68/100 par
|move|p2a: Hydreigon|Nasty Plot|p2a: Hydreigon
|-boost|p2a: Hydreigon|spa|2
|
|upkeep
|turn|43
|
|t:|1659671323
|move|p2a: Hydreigon|Dark Pulse|p1a: 这是我烤的甜甜花酿姬
|-resisted|p1a: 这是我烤的甜甜花酿姬
|-damage|p1a: 这是我烤的甜甜花酿姬|29/100 par
|move|p1a: 这是我烤的甜甜花酿姬|Close Combat|p2a: Hydreigon
|-supereffective|p2a: Hydreigon
|-damage|p2a: Hydreigon|0 fnt
|-unboost|p1a: 这是我烤的甜甜花酿姬|def|1
|-unboost|p1a: 这是我烤的甜甜花酿姬|spd|1
|faint|p2a: Hydreigon
|
|upkeep
|j| LT92PF A
|
|t:|1659671350
|switch|p2a: Zapdos|Zapdos|52/100
|turn|44
|
|t:|1659671356
|switch|p1a: 朋友不再是朋友，家园不再是家园|Landorus-Therian, M, shiny|100/100
|-ability|p1a: 朋友不再是朋友，家园不再是家园|Intimidate|boost
|-unboost|p2a: Zapdos|atk|1
|move|p2a: Zapdos|Discharge|p1a: 朋友不再是朋友，家园不再是家园
|-immune|p1a: 朋友不再是朋友，家园不再是家园
|
|upkeep
|turn|45
|
|t:|1659671366
|move|p2a: Zapdos|Hurricane|p1a: 朋友不再是朋友，家园不再是家园|[miss]
|-miss|p2a: Zapdos|p1a: 朋友不再是朋友，家园不再是家园
|move|p1a: 朋友不再是朋友，家园不再是家园|Earthquake|p2a: Zapdos
|-immune|p2a: Zapdos
|
|upkeep
|turn|46
|
|t:|1659671372
|move|p2a: Zapdos|Hurricane|p1a: 朋友不再是朋友，家园不再是家园|[miss]
|-miss|p2a: Zapdos|p1a: 朋友不再是朋友，家园不再是家园
|move|p1a: 朋友不再是朋友，家园不再是家园|Rock Tomb|p2a: Zapdos
|-supereffective|p2a: Zapdos
|-damage|p2a: Zapdos|13/100
|-unboost|p2a: Zapdos|spe|1
|
|upkeep
|turn|47
|
|t:|1659671381
|switch|p2a: Corviknight|Corviknight, F|96/100
|-damage|p2a: Corviknight|83/100|[from] Stealth Rock
|-ability|p2a: Corviknight|Pressure
|move|p1a: 朋友不再是朋友，家园不再是家园|Rock Tomb|p2a: Corviknight
|-damage|p2a: Corviknight|66/100
|-unboost|p2a: Corviknight|spe|1
|
|-heal|p2a: Corviknight|72/100|[from] item: Leftovers
|upkeep
|turn|48
|
|t:|1659671396
|move|p1a: 朋友不再是朋友，家园不再是家园|U-turn|p2a: Corviknight
|-resisted|p2a: Corviknight
|-damage|p2a: Corviknight|68/100
|
|t:|1659671406
|switch|p1a: 这是我烤的甜甜花酿姬|Zapdos-Galar, shiny|29/100 par|[from]move: U-turn
|move|p2a: Corviknight|Brave Bird|p1a: 这是我烤的甜甜花酿姬
|-supereffective|p1a: 这是我烤的甜甜花酿姬
|-damage|p1a: 这是我烤的甜甜花酿姬|0 fnt
|faint|p1a: 这是我烤的甜甜花酿姬
|-damage|p2a: Corviknight|61/100|[from] Recoil
|
|-heal|p2a: Corviknight|67/100|[from] item: Leftovers
|upkeep
|
|t:|1659671418
|switch|p1a: 你是否感受到，城市在分崩离析|Heatran, M, shiny|84/100
|turn|49
|j| Fitzcarraldo
|
|t:|1659671430
|switch|p2a: Azumarill|Azumarill, M|100/100
|-damage|p2a: Azumarill|88/100|[from] Stealth Rock
|move|p1a: 你是否感受到，城市在分崩离析|Magma Storm|p2a: Azumarill
|-resisted|p2a: Azumarill
|-damage|p2a: Azumarill|63/100
|-activate|p2a: Azumarill|move: Magma Storm|[of] p1a: 你是否感受到，城市在分崩离析
|
|-heal|p1a: 你是否感受到，城市在分崩离析|90/100|[from] item: Leftovers
|-damage|p2a: Azumarill|50/100|[from] move: Magma Storm|[partiallytrapped]
|upkeep
|-enditem|p2a: Azumarill|Sitrus Berry|[eat]
|-heal|p2a: Azumarill|75/100|[from] item: Sitrus Berry
|turn|50
|j| cjkel
|j| xing_nian love❥
|
|t:|1659671444
|move|p1a: 你是否感受到，城市在分崩离析|Taunt|p2a: Azumarill
|-start|p2a: Azumarill|move: Taunt
|move|p2a: Azumarill|Knock Off|p1a: 你是否感受到，城市在分崩离析
|-damage|p1a: 你是否感受到，城市在分崩离析|56/100
|-enditem|p1a: 你是否感受到，城市在分崩离析|Leftovers|[from] move: Knock Off|[of] p2a: Azumarill
|
|-damage|p2a: Azumarill|63/100|[from] move: Magma Storm|[partiallytrapped]
|upkeep
|turn|51
|j| a456
|
|t:|1659671462
|switch|p1a: 你有没有听到，孩子们的悲鸣？|Slowbro, M, shiny|100/100 slp
|move|p2a: Azumarill|Aqua Jet|p1a: 你有没有听到，孩子们的悲鸣？
|-resisted|p1a: 你有没有听到，孩子们的悲鸣？
|-damage|p1a: 你有没有听到，孩子们的悲鸣？|93/100 slp
|-damage|p2a: Azumarill|46/100|[from] item: Rocky Helmet|[of] p1a: 你有没有听到，孩子们的悲鸣？
|
|-end|p2a: Azumarill|Magma Storm|[partiallytrapped]|[silent]
|upkeep
|turn|52
|
|t:|1659671474
|switch|p2a: Zapdos|Zapdos|13/100
|cant|p1a: 你有没有听到，孩子们的悲鸣？|slp
|
|upkeep
|turn|53
|
|t:|1659671482
|switch|p1a: 朋友不再是朋友，家园不再是家园|Landorus-Therian, M, shiny|100/100
|-ability|p1a: 朋友不再是朋友，家园不再是家园|Intimidate|boost
|-unboost|p2a: Zapdos|atk|1
|move|p2a: Zapdos|Roost|p2a: Zapdos
|-heal|p2a: Zapdos|63/100
|-singleturn|p2a: Zapdos|move: Roost
|
|upkeep
|turn|54
|j| Karm0o
|
|t:|1659671508
|move|p2a: Zapdos|Hurricane|p1a: 朋友不再是朋友，家园不再是家园
|-damage|p1a: 朋友不再是朋友，家园不再是家园|54/100
|move|p1a: 朋友不再是朋友，家园不再是家园|Rock Tomb|p2a: Zapdos
|-supereffective|p2a: Zapdos
|-damage|p2a: Zapdos|26/100
|-unboost|p2a: Zapdos|spe|1
|
|-heal|p1a: 朋友不再是朋友，家园不再是家园|60/100|[from] item: Leftovers
|upkeep
|turn|55
|
|t:|1659671535
|switch|p2a: Corviknight|Corviknight, F|67/100
|-damage|p2a: Corviknight|54/100|[from] Stealth Rock
|-ability|p2a: Corviknight|Pressure
|move|p1a: 朋友不再是朋友，家园不再是家园|U-turn|p2a: Corviknight
|-resisted|p2a: Corviknight
|-damage|p2a: Corviknight|50/100
|
|t:|1659671538
|switch|p1a: 你是否感受到，城市在分崩离析|Heatran, M, shiny|56/100|[from]move: U-turn
|
|-heal|p2a: Corviknight|57/100|[from] item: Leftovers
|upkeep
|turn|56
|
|t:|1659671550
|switch|p2a: Azumarill|Azumarill, M|46/100
|-damage|p2a: Azumarill|34/100|[from] Stealth Rock
|move|p1a: 你是否感受到，城市在分崩离析|Magma Storm|p2a: Azumarill
|-resisted|p2a: Azumarill
|-damage|p2a: Azumarill|9/100
|-activate|p2a: Azumarill|move: Magma Storm|[of] p1a: 你是否感受到，城市在分崩离析
|
|-damage|p2a: Azumarill|0 fnt|[from] move: Magma Storm|[partiallytrapped]
|faint|p2a: Azumarill
|upkeep
|
|t:|1659671562
|switch|p2a: Zapdos|Zapdos|26/100
|turn|57
|j| delemon
|l| Karm0o
|inactive|Battle timer is ON: inactive players will automatically lose when time's up. (requested by hypervortexreturns)
|j| chrismarswu
|l| a456
|
|t:|1659671613
|move|p2a: Zapdos|Discharge|p1a: 你是否感受到，城市在分崩离析
|-damage|p1a: 你是否感受到，城市在分崩离析|26/100
|move|p1a: 你是否感受到，城市在分崩离析|Magma Storm|p2a: Zapdos
|-damage|p2a: Zapdos|0 fnt
|faint|p2a: Zapdos
|
|upkeep
|l| Nico11
|
|t:|1659671627
|switch|p2a: Tangrowth|Tangrowth, M|49/100 tox
|-damage|p2a: Tangrowth|36/100 tox|[from] Stealth Rock
|turn|58
|
|t:|1659671632
|move|p1a: 你是否感受到，城市在分崩离析|Magma Storm|p2a: Tangrowth
|-supereffective|p2a: Tangrowth
|-damage|p2a: Tangrowth|0 fnt
|faint|p2a: Tangrowth
|
|upkeep
|
|t:|1659671637
|switch|p2a: Corviknight|Corviknight, F|57/100
|-damage|p2a: Corviknight|44/100|[from] Stealth Rock
|-ability|p2a: Corviknight|Pressure
|turn|59
|c|☆SiriCelebi|gg
|
|t:|1659671649
|move|p1a: 你是否感受到，城市在分崩离析|Magma Storm|p2a: Corviknight
|-supereffective|p2a: Corviknight
|-damage|p2a: Corviknight|0 fnt
|faint|p2a: Corviknight
|
|win|SiriCelebi
|raw|SiriCelebi's rating: 1775 &rarr; <strong>1804</strong><br />(+29 for winning)
|raw|hypervortexreturns's rating: 1945 &rarr; <strong>1916</strong><br />(-29 for losing)
