|j|☆TraintheTrainer1
|j|☆Sombra Diurna
|t:|1649737734
|gametype|singles
|player|p1|TraintheTrainer1|266|1691
|player|p2|Sombra Diurna|blue|1788
|teamsize|p1|6
|teamsize|p2|6
|gen|8
|tier|[Gen 8] OU
|rated|
|rule|Sleep Clause Mod: Limit one foe put to sleep
|rule|Species Clause: Limit one of each Pokémon
|rule|OHKO Clause: OHKO moves are banned
|rule|Evasion Moves Clause: Evasion moves are banned
|rule|Endless Battle Clause: Forcing endless battles is banned
|rule|HP Percentage Mod: HP is shown in percentages
|rule|Dynamax Clause: You cannot dynamax
|clearpoke
|poke|p1|Garchomp, F|
|poke|p1|Urshifu-*, M|
|poke|p1|Ninetales-Alola, M|
|poke|p1|Heatran, F|
|poke|p1|Slowking-Galar, M|
|poke|p1|Zapdos|
|poke|p2|Marowak-Alola, M|
|poke|p2|Slowbro, M|
|poke|p2|Hatterene, F|
|poke|p2|Garchomp, M|
|poke|p2|Ferrothorn, M|
|poke|p2|Drampa, M|
|teampreview
|
|t:|1649737741
|start
|switch|p1a: Heatran|Heatran, F|100/100
|switch|p2a: Sharko|Garchomp, M|100/100
|turn|1
|j| trynabelikeblunder
|
|t:|1649737757
|switch|p1a: Zapdos|Zapdos|100/100
|move|p2a: Sharko|Earthquake|p1a: Zapdos
|-immune|p1a: Zapdos
|
|upkeep
|turn|2
|l| trynabelikeblunder
|
|t:|1649737765
|move|p2a: Sharko|Stone Edge|p1a: Zapdos
|-supereffective|p1a: Zapdos
|-damage|p1a: Zapdos|45/100
|move|p1a: Zapdos|U-turn|p2a: Sharko
|-damage|p2a: Sharko|86/100
|-damage|p1a: Zapdos|33/100|[from] ability: Rough Skin|[of] p2a: Sharko
|
|t:|1649737785
|switch|p1a: Ninetales|Ninetales-Alola, M|100/100|[from]move: U-turn
|-weather|Hail|[from] ability: Snow Warning|[of] p1a: Ninetales
|
|-weather|Hail|[upkeep]
|-damage|p2a: Sharko|80/100|[from] Hail
|-heal|p2a: Sharko|86/100|[from] item: Leftovers
|upkeep
|turn|3
|
|t:|1649737797
|switch|p2a: Thorns|Ferrothorn, M|100/100
|move|p1a: Ninetales|Blizzard|p2a: Thorns
|-damage|p2a: Thorns|78/100
|
|-weather|Hail|[upkeep]
|-damage|p2a: Thorns|72/100|[from] Hail
|-heal|p2a: Thorns|78/100|[from] item: Leftovers
|upkeep
|turn|4
|
|t:|1649737808
|switch|p1a: Heatran|Heatran, F|100/100
|move|p2a: Thorns|Leech Seed|p1a: Heatran
|-start|p1a: Heatran|move: Leech Seed
|
|-weather|Hail|[upkeep]
|-damage|p1a: Heatran|94/100|[from] Hail
|-damage|p2a: Thorns|72/100|[from] Hail
|-heal|p1a: Heatran|100/100|[from] item: Leftovers
|-heal|p2a: Thorns|78/100|[from] item: Leftovers
|-damage|p1a: Heatran|88/100|[from] Leech Seed|[of] p2a: Thorns
|-heal|p2a: Thorns|92/100|[silent]
|upkeep
|turn|5
|
|t:|1649737818
|switch|p2a: Gorra|Hatterene, F, shiny|100/100
|move|p1a: Heatran|Taunt|p2a: Gorra
|move|p2a: Gorra|Taunt|p1a: Heatran|[from]ability: Magic Bounce
|-start|p1a: Heatran|move: Taunt
|
|-weather|Hail|[upkeep]
|-damage|p1a: Heatran|82/100|[from] Hail
|-damage|p2a: Gorra|95/100|[from] Hail
|-heal|p1a: Heatran|88/100|[from] item: Leftovers
|-damage|p1a: Heatran|76/100|[from] Leech Seed|[of] p2a: Gorra
|-heal|p2a: Gorra|100/100|[silent]
|upkeep
|turn|6
|
|t:|1649737835
|switch|p2a: Sonso|Slowbro, M|100/100
|move|p1a: Heatran|Magma Storm|p2a: Sonso|[miss]
|-miss|p1a: Heatran|p2a: Sonso
|
|-weather|none
|-heal|p1a: Heatran|82/100|[from] item: Leftovers
|-damage|p1a: Heatran|69/100|[from] Leech Seed|[of] p2a: Sonso
|upkeep
|turn|7
|
|t:|1649737843
|switch|p1a: Slowking|Slowking-Galar, M|100/100
|move|p2a: Sonso|Trick Room|p2a: Sonso
|-fieldstart|move: Trick Room|[of] p2a: Sonso
|
|upkeep
|turn|8
|
|t:|1649737849
|switch|p2a: Billy B.|Marowak-Alola, M, shiny|100/100
|move|p1a: Slowking|Future Sight|p2a: Billy B.
|-start|p1a: Slowking|move: Future Sight
|
|upkeep
|turn|9
|
|t:|1649737881
|switch|p1a: Zapdos|Zapdos|33/100
|move|p2a: Billy B.|Poltergeist|p1a: Zapdos
|-activate|p1a: Zapdos|move: Poltergeist|Heavy-Duty Boots
|-damage|p1a: Zapdos|0 fnt
|faint|p1a: Zapdos
|
|upkeep
|
|t:|1649737891
|switch|p1a: Garchomp|Garchomp, F|100/100
|turn|10
|
|t:|1649737919
|switch|p2a: Thorns|Ferrothorn, M|92/100
|move|p1a: Garchomp|Earthquake|p2a: Thorns
|-damage|p2a: Thorns|53/100
|
|-end|p2a: Thorns|move: Future Sight
|-resisted|p2a: Thorns
|-damage|p2a: Thorns|37/100
|-heal|p2a: Thorns|43/100|[from] item: Leftovers
|upkeep
|turn|11
|
|t:|1649737939
|switch|p2a: Sonso|Slowbro, M|100/100
|move|p1a: Garchomp|Stealth Rock|p2a: Sonso
|-sidestart|p2: Sombra Diurna|move: Stealth Rock
|
|-fieldend|move: Trick Room
|upkeep
|turn|12
|
|t:|1649737950
|switch|p1a: Urshifu|Urshifu-Rapid-Strike, M|100/100
|move|p2a: Sonso|Trick Room|p2a: Sonso
|-fieldstart|move: Trick Room|[of] p2a: Sonso
|
|upkeep
|turn|13
|
|t:|1649737957
|switch|p1a: Slowking|Slowking-Galar, M|100/100
|move|p2a: Sonso|Scald|p1a: Slowking
|-damage|p1a: Slowking|88/100
|
|upkeep
|turn|14
|
|t:|1649737969
|move|p2a: Sonso|Scald|p1a: Slowking
|-damage|p1a: Slowking|75/100
|-status|p1a: Slowking|brn
|move|p1a: Slowking|Future Sight|p2a: Sonso
|-start|p1a: Slowking|move: Future Sight
|
|-damage|p1a: Slowking|69/100 brn|[from] brn
|upkeep
|turn|15
|
|t:|1649737977
|switch|p2a: Thorns|Ferrothorn, M|43/100
|-damage|p2a: Thorns|37/100|[from] Stealth Rock
|move|p1a: Slowking|Sludge Bomb|p2a: Thorns
|-immune|p2a: Thorns
|
|-heal|p2a: Thorns|43/100|[from] item: Leftovers
|-damage|p1a: Slowking|63/100 brn|[from] brn
|upkeep
|turn|16
|
|t:|1649737986
|move|p2a: Thorns|Stealth Rock|p1a: Slowking
|-sidestart|p1: TraintheTrainer1|move: Stealth Rock
|move|p1a: Slowking|Flamethrower|p2a: Thorns
|-supereffective|p2a: Thorns
|-damage|p2a: Thorns|0 fnt
|faint|p2a: Thorns
|
|-hint|Future Sight did not hit because the target is fainted.
|-damage|p1a: Slowking|57/100 brn|[from] brn
|-fieldend|move: Trick Room
|upkeep
|
|t:|1649737993
|switch|p2a: Sharko|Garchomp, M|86/100
|-damage|p2a: Sharko|80/100|[from] Stealth Rock
|turn|17
|
|t:|1649738009
|move|p2a: Sharko|Earthquake|p1a: Slowking
|-supereffective|p1a: Slowking
|-damage|p1a: Slowking|0 fnt
|faint|p1a: Slowking
|
|-heal|p2a: Sharko|86/100|[from] item: Leftovers
|upkeep
|
|t:|1649738012
|switch|p1a: Ninetales|Ninetales-Alola, M|100/100
|-weather|Hail|[from] ability: Snow Warning|[of] p1a: Ninetales
|turn|18
|
|t:|1649738026
|switch|p2a: Gorra|Hatterene, F, shiny|100/100
|-damage|p2a: Gorra|88/100|[from] Stealth Rock
|move|p1a: Ninetales|Blizzard|p2a: Gorra
|-damage|p2a: Gorra|63/100
|
|-weather|Hail|[upkeep]
|-damage|p2a: Gorra|57/100|[from] Hail
|upkeep
|turn|19
|
|t:|1649738035
|move|p1a: Ninetales|Aurora Veil|p1a: Ninetales
|-sidestart|p1: TraintheTrainer1|move: Aurora Veil
|move|p2a: Gorra|Trick Room|p2a: Gorra
|-fieldstart|move: Trick Room|[of] p2a: Gorra
|
|-weather|Hail|[upkeep]
|-damage|p2a: Gorra|51/100|[from] Hail
|upkeep
|turn|20
|j| thesky12321
|
|t:|1649738051
|move|p2a: Gorra|Mystical Fire|p1a: Ninetales
|-supereffective|p1a: Ninetales
|-damage|p1a: Ninetales|78/100
|-unboost|p1a: Ninetales|spa|1
|move|p1a: Ninetales|Blizzard|p2a: Gorra
|-crit|p2a: Gorra
|-damage|p2a: Gorra|14/100
|
|-weather|Hail|[upkeep]
|-damage|p2a: Gorra|8/100|[from] Hail
|upkeep
|turn|21
|
|t:|1649738062
|switch|p1a: Heatran|Heatran, F|69/100
|-damage|p1a: Heatran|57/100|[from] Stealth Rock
|move|p2a: Gorra|Healing Wish|p2a: Gorra
|faint|p2a: Gorra
|
|-weather|Hail|[upkeep]
|-damage|p1a: Heatran|51/100|[from] Hail
|-heal|p1a: Heatran|57/100|[from] item: Leftovers
|upkeep
|
|t:|1649738075
|switch|p2a: Falkor|Drampa, M|100/100
|-damage|p2a: Falkor|88/100|[from] Stealth Rock
|turn|22
|
|t:|1649738084
|move|p2a: Falkor|Focus Blast|p1a: Heatran
|-supereffective|p1a: Heatran
|-damage|p1a: Heatran|15/100
|move|p1a: Heatran|Flash Cannon|p2a: Falkor
|-damage|p2a: Falkor|55/100
|
|-weather|none
|-heal|p1a: Heatran|21/100|[from] item: Leftovers
|upkeep
|turn|23
|
|t:|1649738098
|move|p2a: Falkor|Roost|p2a: Falkor
|-heal|p2a: Falkor|100/100
|-singleturn|p2a: Falkor|move: Roost
|move|p1a: Heatran|Flash Cannon|p2a: Falkor
|-damage|p2a: Falkor|62/100
|
|-heal|p1a: Heatran|28/100|[from] item: Leftovers
|-sideend|p1: TraintheTrainer1|move: Aurora Veil
|-fieldend|move: Trick Room
|upkeep
|turn|24
|
|t:|1649738107
|move|p1a: Heatran|Taunt|p2a: Falkor
|-start|p2a: Falkor|move: Taunt
|cant|p2a: Falkor|move: Taunt|Roost
|
|-heal|p1a: Heatran|34/100|[from] item: Leftovers
|upkeep
|turn|25
|
|t:|1649738130
|switch|p1a: Ninetales|Ninetales-Alola, M|78/100
|-weather|Hail|[from] ability: Snow Warning|[of] p1a: Ninetales
|move|p2a: Falkor|Focus Blast|p1a: Ninetales|[miss]
|-miss|p2a: Falkor|p1a: Ninetales
|
|-weather|Hail|[upkeep]
|-damage|p2a: Falkor|56/100|[from] Hail
|upkeep
|turn|26
|c|☆Sombra Diurna|come obn
|
|t:|1649738140
|switch|p2a: Sonso|Slowbro, M|100/100
|-damage|p2a: Sonso|88/100|[from] Stealth Rock
|move|p1a: Ninetales|Blizzard|p2a: Sonso
|-resisted|p2a: Sonso
|-damage|p2a: Sonso|70/100
|
|-weather|Hail|[upkeep]
|-damage|p2a: Sonso|64/100|[from] Hail
|upkeep
|turn|27
|
|t:|1649738152
|switch|p2a: Billy B.|Marowak-Alola, M, shiny|100/100
|-damage|p2a: Billy B.|76/100|[from] Stealth Rock
|move|p1a: Ninetales|Aurora Veil|p1a: Ninetales
|-sidestart|p1: TraintheTrainer1|move: Aurora Veil
|
|-weather|Hail|[upkeep]
|-damage|p2a: Billy B.|70/100|[from] Hail
|upkeep
|turn|28
|
|t:|1649738160
|switch|p1a: Garchomp|Garchomp, F|100/100
|-damage|p1a: Garchomp|94/100|[from] Stealth Rock
|move|p2a: Billy B.|Poltergeist|p1a: Garchomp
|-activate|p1a: Garchomp|move: Poltergeist|Leftovers
|-damage|p1a: Garchomp|50/100
|
|-weather|Hail|[upkeep]
|-damage|p1a: Garchomp|44/100|[from] Hail
|-damage|p2a: Billy B.|63/100|[from] Hail
|-heal|p1a: Garchomp|50/100|[from] item: Leftovers
|upkeep
|turn|29
|
|t:|1649738171
|switch|p2a: Sonso|Slowbro, M|97/100
|-heal|p2a: Sonso|100/100|[from] move: Healing Wish
|-damage|p2a: Sonso|88/100|[from] Stealth Rock
|move|p1a: Garchomp|Earthquake|p2a: Sonso
|-damage|p2a: Sonso|59/100
|
|-weather|none
|-heal|p1a: Garchomp|56/100|[from] item: Leftovers
|upkeep
|turn|30
|
|t:|1649738181
|move|p1a: Garchomp|Swords Dance|p1a: Garchomp
|-boost|p1a: Garchomp|atk|2
|move|p2a: Sonso|Slack Off|p2a: Sonso
|-heal|p2a: Sonso|100/100
|
|-heal|p1a: Garchomp|62/100|[from] item: Leftovers
|upkeep
|turn|31
|
|t:|1649738197
|move|p1a: Garchomp|Outrage|p2a: Sonso
|-damage|p2a: Sonso|36/100
|move|p2a: Sonso|Trick Room|p2a: Sonso
|-fieldstart|move: Trick Room|[of] p2a: Sonso
|
|-heal|p1a: Garchomp|68/100|[from] item: Leftovers
|-sideend|p1: TraintheTrainer1|move: Aurora Veil
|upkeep
|turn|32
|
|t:|1649738243
|switch|p2a: Billy B.|Marowak-Alola, M, shiny|63/100
|-damage|p2a: Billy B.|39/100|[from] Stealth Rock
|move|p1a: Garchomp|Outrage|p2a: Billy B.|[from]lockedmove
|-damage|p2a: Billy B.|0 fnt
|faint|p2a: Billy B.
|-start|p1a: Garchomp|confusion|[fatigue]
|
|-heal|p1a: Garchomp|74/100|[from] item: Leftovers
|upkeep
|
|t:|1649738253
|switch|p2a: Falkor|Drampa, M|56/100
|-damage|p2a: Falkor|44/100|[from] Stealth Rock
|turn|33
|
|t:|1649738269
|switch|p1a: Heatran|Heatran, F|34/100
|-damage|p1a: Heatran|21/100|[from] Stealth Rock
|move|p2a: Falkor|Ice Beam|p1a: Heatran
|-resisted|p1a: Heatran
|-damage|p1a: Heatran|16/100
|
|-heal|p1a: Heatran|22/100|[from] item: Leftovers
|upkeep
|turn|34
|
|t:|1649738281
|move|p2a: Falkor|Thunderbolt|p1a: Heatran
|-damage|p1a: Heatran|0 fnt
|faint|p1a: Heatran
|
|upkeep
|
|t:|1649738288
|switch|p1a: Ninetales|Ninetales-Alola, M|78/100
|-weather|Hail|[from] ability: Snow Warning|[of] p1a: Ninetales
|turn|35
|
|t:|1649738297
|move|p2a: Falkor|Focus Blast|p1a: Ninetales
|-damage|p1a: Ninetales|32/100
|move|p1a: Ninetales|Blizzard|p2a: Falkor
|-supereffective|p2a: Falkor
|-damage|p2a: Falkor|0 fnt
|faint|p2a: Falkor
|
|-weather|Hail|[upkeep]
|-fieldend|move: Trick Room
|upkeep
|
|t:|1649738305
|switch|p2a: Sonso|Slowbro, M|69/100
|-damage|p2a: Sonso|56/100|[from] Stealth Rock
|turn|36
|
|t:|1649738313
|move|p1a: Ninetales|Freeze-Dry|p2a: Sonso
|-supereffective|p2a: Sonso
|-damage|p2a: Sonso|12/100
|move|p2a: Sonso|Slack Off|p2a: Sonso
|-heal|p2a: Sonso|62/100
|
|-weather|Hail|[upkeep]
|-damage|p2a: Sonso|56/100|[from] Hail
|upkeep
|turn|37
|
|t:|1649738322
|move|p1a: Ninetales|Freeze-Dry|p2a: Sonso
|-supereffective|p2a: Sonso
|-damage|p2a: Sonso|10/100
|move|p2a: Sonso|Slack Off|p2a: Sonso
|-heal|p2a: Sonso|60/100
|
|-weather|Hail|[upkeep]
|-damage|p2a: Sonso|54/100|[from] Hail
|upkeep
|turn|38
|
|t:|1649738334
|move|p1a: Ninetales|Freeze-Dry|p2a: Sonso
|-supereffective|p2a: Sonso
|-damage|p2a: Sonso|11/100
|move|p2a: Sonso|Trick Room|p2a: Sonso
|-fieldstart|move: Trick Room|[of] p2a: Sonso
|
|-weather|Hail|[upkeep]
|-damage|p2a: Sonso|5/100|[from] Hail
|upkeep
|turn|39
|
|t:|1649738355
|move|p2a: Sonso|Body Press|p1a: Ninetales
|-damage|p1a: Ninetales|0 fnt
|faint|p1a: Ninetales
|
|-weather|none
|upkeep
|
|t:|1649738370
|switch|p1a: Urshifu|Urshifu-Rapid-Strike, M|100/100
|-damage|p1a: Urshifu|94/100|[from] Stealth Rock
|turn|40
|
|t:|1649738373
|switch|p2a: Sharko|Garchomp, M|86/100
|-damage|p2a: Sharko|80/100|[from] Stealth Rock
|move|p1a: Urshifu|Aqua Jet|p2a: Sharko
|-damage|p2a: Sharko|50/100
|-damage|p1a: Urshifu|82/100|[from] ability: Rough Skin|[of] p2a: Sharko
|
|-heal|p2a: Sharko|56/100|[from] item: Leftovers
|upkeep
|turn|41
|
|t:|1649738399
|move|p1a: Urshifu|Aqua Jet|p2a: Sharko
|-damage|p2a: Sharko|24/100
|-damage|p1a: Urshifu|70/100|[from] ability: Rough Skin|[of] p2a: Sharko
|move|p2a: Sharko|Earthquake|p1a: Urshifu
|-damage|p1a: Urshifu|19/100
|
|-heal|p2a: Sharko|30/100|[from] item: Leftovers
|upkeep
|turn|42
|
|t:|1649738408
|switch|p2a: Sonso|Slowbro, M|38/100
|-damage|p2a: Sonso|25/100|[from] Stealth Rock
|move|p1a: Urshifu|Aqua Jet|p2a: Sonso
|-resisted|p2a: Sonso
|-damage|p2a: Sonso|16/100
|
|-fieldend|move: Trick Room
|upkeep
|turn|43
|
|t:|1649738417
|switch|p1a: Garchomp|Garchomp, F|74/100
|-damage|p1a: Garchomp|68/100|[from] Stealth Rock
|move|p2a: Sonso|Slack Off|p2a: Sonso
|-heal|p2a: Sonso|66/100
|
|-heal|p1a: Garchomp|74/100|[from] item: Leftovers
|upkeep
|turn|44
|
|t:|1649738425
|move|p1a: Garchomp|Swords Dance|p1a: Garchomp
|-boost|p1a: Garchomp|atk|2
|move|p2a: Sonso|Scald|p1a: Garchomp
|-damage|p1a: Garchomp|48/100
|-status|p1a: Garchomp|brn
|
|-heal|p1a: Garchomp|54/100 brn|[from] item: Leftovers
|-damage|p1a: Garchomp|48/100 brn|[from] brn
|upkeep
|turn|45
|
|t:|1649738436
|move|p1a: Garchomp|Swords Dance|p1a: Garchomp
|-boost|p1a: Garchomp|atk|2
|move|p2a: Sonso|Slack Off|p2a: Sonso
|-heal|p2a: Sonso|100/100
|
|-heal|p1a: Garchomp|54/100 brn|[from] item: Leftovers
|-damage|p1a: Garchomp|48/100 brn|[from] brn
|upkeep
|turn|46
|
|t:|1649738445
|move|p1a: Garchomp|Outrage|p2a: Sonso
|-damage|p2a: Sonso|50/100
|move|p2a: Sonso|Scald|p1a: Garchomp
|-damage|p1a: Garchomp|19/100 brn
|
|-heal|p1a: Garchomp|25/100 brn|[from] item: Leftovers
|-damage|p1a: Garchomp|19/100 brn|[from] brn
|upkeep
|turn|47
|
|t:|1649738455
|switch|p2a: Sharko|Garchomp, M|30/100
|-damage|p2a: Sharko|24/100|[from] Stealth Rock
|move|p1a: Garchomp|Outrage|p2a: Sharko|[from]lockedmove
|-supereffective|p2a: Sharko
|-damage|p2a: Sharko|0 fnt
|-damage|p1a: Garchomp|7/100 brn|[from] ability: Rough Skin|[of] p2a: Sharko
|faint|p2a: Sharko
|-start|p1a: Garchomp|confusion|[fatigue]
|
|-heal|p1a: Garchomp|13/100 brn|[from] item: Leftovers
|-damage|p1a: Garchomp|7/100 brn|[from] brn
|upkeep
|
|t:|1649738468
|switch|p2a: Sonso|Slowbro, M|83/100
|-damage|p2a: Sonso|71/100|[from] Stealth Rock
|turn|48
|
|t:|1649738472
|-activate|p1a: Garchomp|confusion
|move|p1a: Garchomp|Outrage|p2a: Sonso
|-damage|p2a: Sonso|22/100
|move|p2a: Sonso|Trick Room|p2a: Sonso
|-fieldstart|move: Trick Room|[of] p2a: Sonso
|
|-heal|p1a: Garchomp|13/100 brn|[from] item: Leftovers
|-damage|p1a: Garchomp|7/100 brn|[from] brn
|upkeep
|turn|49
|
|t:|1649738484
|move|p2a: Sonso|Scald|p1a: Garchomp
|-damage|p1a: Garchomp|0 fnt
|faint|p1a: Garchomp
|
|upkeep
|
|t:|1649738486
|switch|p1a: Urshifu|Urshifu-Rapid-Strike, M|19/100
|-damage|p1a: Urshifu|13/100|[from] Stealth Rock
|turn|50
|
|t:|1649738490
|move|p1a: Urshifu|Aqua Jet|p2a: Sonso
|-resisted|p2a: Sonso
|-damage|p2a: Sonso|12/100
|move|p2a: Sonso|Body Press|p1a: Urshifu
|-damage|p1a: Urshifu|0 fnt
|faint|p1a: Urshifu
|
|win|Sombra Diurna
|raw|TraintheTrainer1's rating: 1691 &rarr; <strong>1676</strong><br />(-15 for losing)
|raw|Sombra Diurna's rating: 1788 &rarr; <strong>1803</strong><br />(+15 for winning)
|l| thesky12321
|c|☆TraintheTrainer1|damn slobro put in work
|l|☆TraintheTrainer1
|c|☆Sombra Diurna|sorry, but it was the only way
