|j|☆ninjadouche
|j|☆Run For Me Plz
|t:|1664107244
|gametype|singles
|player|p1|ninjadouche|burglar|1610
|player|p2|Run For Me Plz|blue-gen2|1646
|teamsize|p1|6
|teamsize|p2|6
|gen|8
|tier|[Gen 8] OU
|rated|
|rule|Sleep Clause Mod: Limit one foe put to sleep
|rule|Species Clause: Limit one of each Pokémon
|rule|OHKO Clause: OHKO moves are banned
|rule|Evasion Items Clause: Evasion items are banned
|rule|Evasion Moves Clause: Evasion moves are banned
|rule|Endless Battle Clause: Forcing endless battles is banned
|rule|HP Percentage Mod: HP is shown in percentages
|rule|Dynamax Clause: You cannot dynamax
|clearpoke
|poke|p1|Marowak-Alola, M|
|poke|p1|Ninetales, F|
|poke|p1|Rotom-Wash|
|poke|p1|Snorlax, M|
|poke|p1|Shiftry, F|
|poke|p1|Aggron, M|
|poke|p2|Nidoking, M|
|poke|p2|Toxapex, M|
|poke|p2|Slowking, M|
|poke|p2|Mandibuzz, F|
|poke|p2|Heatran, M|
|poke|p2|Weavile, M|
|teampreview
|inactive|Battle timer is ON: inactive players will automatically lose when time's up. (requested by Run For Me Plz)
|
|t:|1664107256
|start
|switch|p1a: Snorlax|Snorlax, M|100/100
|switch|p2a: Heatran|Heatran, M, shiny|100/100
|turn|1
|
|t:|1664107260
|switch|p2a: Toxapex|Toxapex, M|100/100
|move|p1a: Snorlax|Superpower|p2a: Toxapex
|-resisted|p2a: Toxapex
|-damage|p2a: Toxapex|83/100
|-unboost|p1a: Snorlax|atk|1
|-unboost|p1a: Snorlax|def|1
|-damage|p1a: Snorlax|84/100|[from] item: Rocky Helmet|[of] p2a: Toxapex
|
|upkeep
|turn|2
|
|t:|1664107267
|switch|p1a: Rotom|Rotom-Wash|100/100
|move|p2a: Toxapex|Poison Jab|p1a: Rotom
|-damage|p1a: Rotom|87/100
|
|-heal|p1a: Rotom|93/100|[from] item: Leftovers
|upkeep
|turn|3
|
|t:|1664107276
|move|p1a: Rotom|Will-O-Wisp|p2a: Toxapex
|-status|p2a: Toxapex|brn
|move|p2a: Toxapex|Poison Jab|p1a: Rotom
|-damage|p1a: Rotom|85/100
|
|-heal|p1a: Rotom|91/100|[from] item: Leftovers
|-damage|p2a: Toxapex|76/100 brn|[from] brn
|upkeep
|turn|4
|j| Malanaki
|
|t:|1664107284
|move|p1a: Rotom|Volt Switch|p2a: Toxapex
|-supereffective|p2a: Toxapex
|-damage|p2a: Toxapex|34/100 brn
|
|t:|1664107290
|switch|p1a: Marowak|Marowak-Alola, M|100/100|[from]move: Volt Switch
|move|p2a: Toxapex|Recover|p2a: Toxapex
|-heal|p2a: Toxapex|84/100 brn
|
|-damage|p2a: Toxapex|78/100 brn|[from] brn
|upkeep
|turn|5
|
|t:|1664107294
|switch|p2a: Mandibuzz|Mandibuzz, F, shiny|100/100
|move|p1a: Marowak|Substitute|p1a: Marowak
|-start|p1a: Marowak|Substitute
|-damage|p1a: Marowak|76/100
|
|upkeep
|turn|6
|
|t:|1664107296
|move|p2a: Mandibuzz|Foul Play|p1a: Marowak
|-supereffective|p1a: Marowak
|-end|p1a: Marowak|Substitute
|move|p1a: Marowak|Flare Blitz|p2a: Mandibuzz
|-crit|p2a: Mandibuzz
|-damage|p2a: Mandibuzz|12/100
|-damage|p1a: Marowak|33/100|[from] Recoil
|
|upkeep
|turn|7
|l| Malanaki
|
|t:|1664107306
|-singleturn|p1a: Marowak|move: Focus Punch
|move|p2a: Mandibuzz|Roost|p2a: Mandibuzz
|-heal|p2a: Mandibuzz|62/100
|-singleturn|p2a: Mandibuzz|move: Roost
|move|p1a: Marowak|Focus Punch|p2a: Mandibuzz
|-supereffective|p2a: Mandibuzz
|-damage|p2a: Mandibuzz|0 fnt
|faint|p2a: Mandibuzz
|
|upkeep
|
|t:|1664107309
|switch|p2a: Weavile|Weavile, M, shiny|100/100
|-ability|p2a: Weavile|Pressure
|turn|8
|
|t:|1664107331
|switch|p1a: Aggron|Aggron, M|100/100
|move|p2a: Weavile|Knock Off|p1a: Aggron
|-damage|p1a: Aggron|73/100
|-enditem|p1a: Aggron|Custap Berry|[from] move: Knock Off|[of] p2a: Weavile
|
|upkeep
|turn|9
|
|t:|1664107339
|switch|p2a: Slowking|Slowking, M, shiny|100/100
|move|p1a: Aggron|Stealth Rock|p2a: Slowking
|-sidestart|p2: Run For Me Plz|move: Stealth Rock
|
|upkeep
|turn|10
|
|t:|1664107351
|switch|p1a: Rotom|Rotom-Wash|91/100
|move|p2a: Slowking|Scald|p1a: Rotom
|-resisted|p1a: Rotom
|-damage|p1a: Rotom|75/100
|
|-heal|p1a: Rotom|81/100|[from] item: Leftovers
|upkeep
|turn|11
|
|t:|1664107359
|move|p1a: Rotom|Volt Switch|p2a: Slowking
|-supereffective|p2a: Slowking
|-damage|p2a: Slowking|70/100
|
|t:|1664107365
|switch|p1a: Marowak|Marowak-Alola, M|33/100|[from]move: Volt Switch
|move|p2a: Slowking|Scald|p1a: Marowak
|-supereffective|p1a: Marowak
|-damage|p1a: Marowak|0 fnt
|faint|p1a: Marowak
|
|upkeep
|
|t:|1664107368
|switch|p1a: Ninetales|Ninetales, F, shiny|100/100
|-weather|SunnyDay|[from] ability: Drought|[of] p1a: Ninetales
|turn|12
|
|t:|1664107378
|switch|p2a: Heatran|Heatran, M, shiny|100/100
|-damage|p2a: Heatran|88/100|[from] Stealth Rock
|move|p1a: Ninetales|Solar Beam||[still]
|-prepare|p1a: Ninetales|Solar Beam
|-anim|p1a: Ninetales|Solar Beam|p2a: Heatran
|-resisted|p2a: Heatran
|-damage|p2a: Heatran|81/100
|
|-weather|SunnyDay|[upkeep]
|-heal|p2a: Heatran|87/100|[from] item: Leftovers
|upkeep
|turn|13
|
|t:|1664107384
|switch|p1a: Snorlax|Snorlax, M|84/100
|move|p2a: Heatran|Earth Power|p1a: Snorlax
|-damage|p1a: Snorlax|67/100
|
|-weather|SunnyDay|[upkeep]
|-heal|p2a: Heatran|93/100|[from] item: Leftovers
|upkeep
|turn|14
|j| ty-tyui↻
|
|t:|1664107403
|switch|p2a: Toxapex|Toxapex, M|100/100 brn
|-damage|p2a: Toxapex|88/100 brn|[from] Stealth Rock
|move|p1a: Snorlax|Double-Edge|p2a: Toxapex
|-damage|p2a: Toxapex|35/100 brn
|-damage|p1a: Snorlax|51/100|[from] item: Rocky Helmet|[of] p2a: Toxapex
|-damage|p1a: Snorlax|39/100|[from] Recoil
|
|-weather|SunnyDay|[upkeep]
|-damage|p2a: Toxapex|29/100 brn|[from] brn
|upkeep
|turn|15
|
|t:|1664107412
|switch|p2a: Heatran|Heatran, M, shiny|93/100
|-damage|p2a: Heatran|81/100|[from] Stealth Rock
|move|p1a: Snorlax|Double-Edge|p2a: Heatran
|-resisted|p2a: Heatran
|-damage|p2a: Heatran|40/100
|-damage|p1a: Snorlax|28/100|[from] Recoil
|
|-weather|SunnyDay|[upkeep]
|-heal|p2a: Heatran|46/100|[from] item: Leftovers
|upkeep
|turn|16
|
|t:|1664107422
|switch|p1a: Rotom|Rotom-Wash|81/100
|move|p2a: Heatran|Magma Storm|p1a: Rotom
|-resisted|p1a: Rotom
|-damage|p1a: Rotom|48/100
|-activate|p1a: Rotom|move: Magma Storm|[of] p2a: Heatran
|
|-weather|none
|-heal|p1a: Rotom|54/100|[from] item: Leftovers
|-heal|p2a: Heatran|53/100|[from] item: Leftovers
|-damage|p1a: Rotom|42/100|[from] move: Magma Storm|[partiallytrapped]
|upkeep
|turn|17
|
|t:|1664107429
|switch|p2a: Slowking|Slowking, M, shiny|100/100
|move|p1a: Rotom|Volt Switch|p2a: Slowking
|-supereffective|p2a: Slowking
|-damage|p2a: Slowking|70/100
|j| smile.dkc
|
|t:|1664107439
|switch|p1a: Ninetales|Ninetales, F, shiny|100/100|[from]move: Volt Switch
|-weather|SunnyDay|[from] ability: Drought|[of] p1a: Ninetales
|
|-weather|SunnyDay|[upkeep]
|upkeep
|turn|18
|
|t:|1664107445
|switch|p1a: Shiftry|Shiftry, F|100/100
|move|p2a: Slowking|Scald|p1a: Shiftry
|-resisted|p1a: Shiftry
|-damage|p1a: Shiftry|90/100
|
|-weather|SunnyDay|[upkeep]
|upkeep
|turn|19
|
|t:|1664107451
|switch|p2a: Heatran|Heatran, M, shiny|53/100
|-damage|p2a: Heatran|40/100|[from] Stealth Rock
|move|p1a: Shiftry|Solar Blade||[still]
|-prepare|p1a: Shiftry|Solar Blade
|-anim|p1a: Shiftry|Solar Blade|p2a: Heatran
|-resisted|p2a: Heatran
|-damage|p2a: Heatran|24/100
|-damage|p1a: Shiftry|80/100|[from] item: Life Orb
|
|-weather|SunnyDay|[upkeep]
|-heal|p2a: Heatran|30/100|[from] item: Leftovers
|upkeep
|turn|20
|
|t:|1664107461
|move|p1a: Shiftry|Knock Off|p2a: Heatran
|-damage|p2a: Heatran|0 fnt
|-enditem|p2a: Heatran|Leftovers|[from] move: Knock Off|[of] p1a: Shiftry
|faint|p2a: Heatran
|-damage|p1a: Shiftry|70/100|[from] item: Life Orb
|
|-weather|SunnyDay|[upkeep]
|upkeep
|j| revanism
|
|t:|1664107470
|switch|p2a: Toxapex|Toxapex, M|62/100 brn
|-damage|p2a: Toxapex|50/100 brn|[from] Stealth Rock
|turn|21
|
|t:|1664107484
|move|p1a: Shiftry|Solar Blade||[still]
|-prepare|p1a: Shiftry|Solar Blade
|-anim|p1a: Shiftry|Solar Blade|p2a: Toxapex
|-damage|p2a: Toxapex|7/100 brn
|-damage|p1a: Shiftry|53/100|[from] item: Rocky Helmet|[of] p2a: Toxapex
|-damage|p1a: Shiftry|43/100|[from] item: Life Orb
|move|p2a: Toxapex|Recover|p2a: Toxapex
|-heal|p2a: Toxapex|57/100 brn
|
|-weather|none
|-damage|p2a: Toxapex|51/100 brn|[from] brn
|upkeep
|turn|22
|
|t:|1664107492
|switch|p1a: Ninetales|Ninetales, F, shiny|100/100
|-weather|SunnyDay|[from] ability: Drought|[of] p1a: Ninetales
|move|p2a: Toxapex|Recover|p2a: Toxapex
|-heal|p2a: Toxapex|100/100 brn
|
|-weather|SunnyDay|[upkeep]
|-damage|p2a: Toxapex|94/100 brn|[from] brn
|upkeep
|turn|23
|
|t:|1664107500
|move|p1a: Ninetales|Scorching Sands|p2a: Toxapex
|-supereffective|p2a: Toxapex
|-damage|p2a: Toxapex|48/100 brn
|move|p2a: Toxapex|Poison Jab|p1a: Ninetales
|-damage|p1a: Ninetales|89/100
|
|-weather|SunnyDay|[upkeep]
|-damage|p2a: Toxapex|41/100 brn|[from] brn
|upkeep
|turn|24
|
|t:|1664107513
|switch|p1a: Snorlax|Snorlax, M|28/100
|switch|p2a: Slowking|Slowking, M, shiny|100/100
|
|-weather|SunnyDay|[upkeep]
|upkeep
|turn|25
|
|t:|1664107519
|switch|p2a: Toxapex|Toxapex, M|75/100 brn
|-damage|p2a: Toxapex|62/100 brn|[from] Stealth Rock
|move|p1a: Snorlax|Double-Edge|p2a: Toxapex
|-damage|p2a: Toxapex|10/100 brn
|-damage|p1a: Snorlax|12/100|[from] item: Rocky Helmet|[of] p2a: Toxapex
|-damage|p1a: Snorlax|0 fnt|[from] Recoil
|faint|p1a: Snorlax
|
|-weather|SunnyDay|[upkeep]
|-damage|p2a: Toxapex|3/100 brn|[from] brn
|upkeep
|
|t:|1664107529
|switch|p1a: Shiftry|Shiftry, F|43/100
|turn|26
|
|t:|1664107551
|switch|p2a: Nidoking|Nidoking, M, shiny|100/100
|-damage|p2a: Nidoking|95/100|[from] Stealth Rock
|move|p1a: Shiftry|Solar Blade||[still]
|-prepare|p1a: Shiftry|Solar Blade
|-anim|p1a: Shiftry|Solar Blade|p2a: Nidoking
|-damage|p2a: Nidoking|0 fnt
|faint|p2a: Nidoking
|-damage|p1a: Shiftry|34/100|[from] item: Life Orb
|
|-weather|none
|upkeep
|
|t:|1664107553
|switch|p2a: Weavile|Weavile, M, shiny|100/100
|-ability|p2a: Weavile|Pressure
|turn|27
|
|t:|1664107561
|switch|p1a: Aggron|Aggron, M|73/100
|move|p2a: Weavile|Knock Off|p1a: Aggron
|-damage|p1a: Aggron|55/100
|
|upkeep
|turn|28
|
|t:|1664107565
|switch|p2a: Slowking|Slowking, M, shiny|100/100
|move|p1a: Aggron|Head Smash|p2a: Slowking|[miss]
|-miss|p1a: Aggron|p2a: Slowking
|
|upkeep
|turn|29
|
|t:|1664107571
|switch|p1a: Ninetales|Ninetales, F, shiny|89/100
|-weather|SunnyDay|[from] ability: Drought|[of] p1a: Ninetales
|move|p2a: Slowking|Scald|p1a: Ninetales
|-supereffective|p1a: Ninetales
|-damage|p1a: Ninetales|59/100
|
|-weather|SunnyDay|[upkeep]
|upkeep
|turn|30
|
|t:|1664107575
|move|p1a: Ninetales|Solar Beam||[still]
|-prepare|p1a: Ninetales|Solar Beam
|-anim|p1a: Ninetales|Solar Beam|p2a: Slowking
|-supereffective|p2a: Slowking
|-damage|p2a: Slowking|44/100
|move|p2a: Slowking|Scald|p1a: Ninetales
|-supereffective|p1a: Ninetales
|-damage|p1a: Ninetales|27/100
|
|-weather|SunnyDay|[upkeep]
|upkeep
|turn|31
|
|t:|1664107582
|switch|p2a: Toxapex|Toxapex, M|37/100 brn
|-damage|p2a: Toxapex|24/100 brn|[from] Stealth Rock
|move|p1a: Ninetales|Solar Beam||[still]
|-prepare|p1a: Ninetales|Solar Beam
|-anim|p1a: Ninetales|Solar Beam|p2a: Toxapex
|-damage|p2a: Toxapex|0 fnt
|faint|p2a: Toxapex
|
|-weather|SunnyDay|[upkeep]
|upkeep
|
|t:|1664107583
|switch|p2a: Weavile|Weavile, M, shiny|100/100
|-ability|p2a: Weavile|Pressure
|turn|32
|l| revanism
|j| revanism
|inactive|ninjadouche has 120 seconds left.
|inactive|Run For Me Plz has 120 seconds left.
|c|☆ninjadouche|man your team is awsome
|
|t:|1664107653
|switch|p1a: Rotom|Rotom-Wash|42/100
|move|p2a: Weavile|Knock Off|p1a: Rotom
|-damage|p1a: Rotom|4/100
|-enditem|p1a: Rotom|Leftovers|[from] move: Knock Off|[of] p2a: Weavile
|
|-weather|SunnyDay|[upkeep]
|upkeep
|turn|33
|
|t:|1664107659
|move|p2a: Weavile|Knock Off|p1a: Rotom
|-damage|p1a: Rotom|0 fnt
|faint|p1a: Rotom
|
|-weather|none
|upkeep
|
|t:|1664107661
|switch|p1a: Aggron|Aggron, M|55/100
|turn|34
|
|t:|1664107669
|switch|p2a: Slowking|Slowking, M, shiny|77/100
|move|p1a: Aggron|Endeavor|p2a: Slowking
|-damage|p2a: Slowking|42/100
|
|upkeep
|turn|35
|
|t:|1664107675
|switch|p1a: Ninetales|Ninetales, F, shiny|27/100
|-weather|SunnyDay|[from] ability: Drought|[of] p1a: Ninetales
|move|p2a: Slowking|Scald|p1a: Ninetales
|-supereffective|p1a: Ninetales
|-damage|p1a: Ninetales|0 fnt
|faint|p1a: Ninetales
|
|-weather|SunnyDay|[upkeep]
|upkeep
|
|t:|1664107677
|switch|p1a: Shiftry|Shiftry, F|34/100
|turn|36
|
|t:|1664107679
|move|p1a: Shiftry|Solar Blade||[still]
|-prepare|p1a: Shiftry|Solar Blade
|-anim|p1a: Shiftry|Solar Blade|p2a: Slowking
|-supereffective|p2a: Slowking
|-damage|p2a: Slowking|0 fnt
|faint|p2a: Slowking
|-damage|p1a: Shiftry|24/100|[from] item: Life Orb
|
|-weather|SunnyDay|[upkeep]
|upkeep
|
|t:|1664107681
|switch|p2a: Weavile|Weavile, M, shiny|100/100
|-ability|p2a: Weavile|Pressure
|turn|37
|
|t:|1664107686
|move|p1a: Shiftry|Solar Blade||[still]
|-prepare|p1a: Shiftry|Solar Blade
|-anim|p1a: Shiftry|Solar Blade|p2a: Weavile
|-damage|p2a: Weavile|0 fnt
|faint|p2a: Weavile
|-damage|p1a: Shiftry|14/100|[from] item: Life Orb
|
|win|ninjadouche
|raw|ninjadouche's rating: 1610 &rarr; <strong>1632</strong><br />(+22 for winning)
|raw|Run For Me Plz's rating: 1646 &rarr; <strong>1624</strong><br />(-22 for losing)
|c|☆ninjadouche|gg
|l| ty-tyui↻
|c|☆Run For Me Plz|gg
|l|☆Run For Me Plz
|l| revanism
