|j|☆iopkj09
|j|‽minimax_ai
|t:|1667652478
|gametype|singles
|player|p1|iopkj09|nate|1519
|player|p2|minimax_ai|169|1536
|teamsize|p1|6
|teamsize|p2|6
|gen|8
|tier|[Gen 8] OU
|rated|
|rule|Sleep Clause Mod: Limit one foe put to sleep
|rule|Species Clause: Limit one of each Pokémon
|rule|OHKO Clause: OHKO moves are banned
|rule|Evasion Items Clause: Evasion items are banned
|rule|Evasion Moves Clause: Evasion moves are banned
|rule|Endless Battle Clause: Forcing endless battles is banned
|rule|HP Percentage Mod: HP is shown in percentages
|rule|Dynamax Clause: You cannot dynamax
|clearpoke
|poke|p1|Garchomp, M|
|poke|p1|Zapdos|
|poke|p1|Rillaboom, M|
|poke|p1|Tapu Lele|
|poke|p1|Volcanion|
|poke|p1|Weavile, F|
|poke|p2|Rotom-Wash|
|poke|p2|Weavile, M|
|poke|p2|Landorus-Therian, M|
|poke|p2|Heatran, M|
|poke|p2|Tangrowth, M|
|poke|p2|Melmetal|
|teampreview
|inactive|Battle timer is ON: inactive players will automatically lose when time's up. (requested by iopkj09)
|inactive|minimax_ai also wants the timer to be on.
|inactive|iopkj09 has 120 seconds left.
|
|t:|1667652522
|start
|switch|p1a: Tapu Lele|Tapu Lele|100/100
|switch|p2a: Melmetal|Melmetal|100/100
|-fieldstart|move: Psychic Terrain|[from] ability: Psychic Surge|[of] p1a: Tapu Lele
|turn|1
|
|t:|1667652526
|switch|p1a: Volcanion|Volcanion|100/100
|move|p2a: Melmetal|Thunder Punch|p1a: Volcanion
|-supereffective|p1a: Volcanion
|-damage|p1a: Volcanion|43/100
|
|upkeep
|turn|2
|
|t:|1667652531
|switch|p1a: Weavile|Weavile, F|100/100
|-ability|p1a: Weavile|Pressure
|move|p2a: Melmetal|Thunder Punch|p1a: Weavile
|-damage|p1a: Weavile|47/100
|
|upkeep
|turn|3
|
|t:|1667652533
|move|p1a: Weavile|Knock Off|p2a: Melmetal
|-damage|p2a: Melmetal|75/100
|-enditem|p2a: Melmetal|Assault Vest|[from] move: Knock Off|[of] p1a: Weavile
|move|p2a: Melmetal|Double Iron Bash|p1a: Weavile
|-supereffective|p1a: Weavile
|-damage|p1a: Weavile|0 fnt
|faint|p1a: Weavile
|-hitcount|p1: Weavile|1
|
|upkeep
|
|t:|1667652537
|switch|p1a: Volcanion|Volcanion|43/100
|turn|4
|
|t:|1667652542
|switch|p2a: Rotom|Rotom-Wash|100/100
|move|p1a: Volcanion|Steam Eruption|p2a: Rotom
|-resisted|p2a: Rotom
|-damage|p2a: Rotom|69/100
|
|-heal|p2a: Rotom|75/100|[from] item: Leftovers
|upkeep
|turn|5
|inactive|iopkj09 has 120 seconds left.
|
|t:|1667652573
|move|p2a: Rotom|Thunderbolt|p1a: Volcanion
|-supereffective|p1a: Volcanion
|-damage|p1a: Volcanion|2/100
|move|p1a: Volcanion|Steam Eruption|p2a: Rotom
|-resisted|p2a: Rotom
|-damage|p2a: Rotom|44/100
|
|-heal|p2a: Rotom|50/100|[from] item: Leftovers
|-fieldend|move: Psychic Terrain
|upkeep
|turn|6
|
|t:|1667652577
|switch|p1a: Garchomp|Garchomp, M, shiny|100/100
|move|p2a: Rotom|Thunderbolt|p1a: Garchomp
|-immune|p1a: Garchomp
|
|-heal|p2a: Rotom|57/100|[from] item: Leftovers
|upkeep
|turn|7
|
|t:|1667652580
|switch|p1a: Volcanion|Volcanion|2/100
|switch|p2a: Landorus|Landorus-Therian, M|100/100
|-ability|p2a: Landorus|Intimidate|boost
|-unboost|p1a: Volcanion|atk|1
|
|upkeep
|turn|8
|
|t:|1667652582
|move|p2a: Landorus|Earthquake|p1a: Volcanion
|-supereffective|p1a: Volcanion
|-damage|p1a: Volcanion|0 fnt
|faint|p1a: Volcanion
|
|upkeep
|
|t:|1667652584
|switch|p1a: Tapu Lele|Tapu Lele|100/100
|-fieldstart|move: Psychic Terrain|[from] ability: Psychic Surge|[of] p1a: Tapu Lele
|turn|9
|
|t:|1667652586
|move|p1a: Tapu Lele|Psychic|p2a: Landorus
|-damage|p2a: Landorus|33/100
|move|p2a: Landorus|U-turn|p1a: Tapu Lele
|-damage|p1a: Tapu Lele|68/100
|
|t:|1667652586
|switch|p2a: Weavile|Weavile, M|100/100|[from]move: U-turn
|-ability|p2a: Weavile|Pressure
|
|upkeep
|turn|10
|
|t:|1667652591
|move|p2a: Weavile|Triple Axel|p1a: Tapu Lele
|-damage|p1a: Tapu Lele|46/100
|-damage|p1a: Tapu Lele|0 fnt
|faint|p1a: Tapu Lele
|-hitcount|p1: Tapu Lele|2
|
|upkeep
|
|t:|1667652593
|switch|p1a: Garchomp|Garchomp, M, shiny|100/100
|turn|11
|-message|iopkj09 forfeited.
|
|win|minimax_ai
|raw|iopkj09's rating: 1540 &rarr; <strong>1520</strong><br />(-20 for losing)
|raw|minimax_ai's rating: 1536 &rarr; <strong>1556</strong><br />(+20 for winning)
|l|☆iopkj09
