|j|☆Darth Sicko
|j|☆Fastpitchkiller
|t:|1647822964
|gametype|singles
|player|p1|Darth Sicko|will|1749
|player|p2|Fastpitchkiller|265|1782
|teamsize|p1|6
|teamsize|p2|6
|gen|8
|tier|[Gen 8] OU
|rated|
|rule|Sleep Clause Mod: Limit one foe put to sleep
|rule|Species Clause: Limit one of each Pokémon
|rule|OHKO Clause: OHKO moves are banned
|rule|Evasion Moves Clause: Evasion moves are banned
|rule|Endless Battle Clause: Forcing endless battles is banned
|rule|HP Percentage Mod: HP is shown in percentages
|rule|Dynamax Clause: You cannot dynamax
|clearpoke
|poke|p1|Ninetales-Alola, M|
|poke|p1|Arctozolt|
|poke|p1|Zapdos|
|poke|p1|Regice|
|poke|p1|Garchomp, M|
|poke|p1|Bisharp, M|
|poke|p2|Blaziken, M|
|poke|p2|Slowbro, M|
|poke|p2|Tyranitar, F|
|poke|p2|Corviknight, M|
|poke|p2|Landorus-Therian, M|
|poke|p2|Tapu Koko|
|teampreview
|
|t:|1647822978
|start
|switch|p1a: Ninetales|Ninetales-Alola, M|100/100
|switch|p2a: Slowgatell|Slowbro, M|100/100
|-weather|Hail|[from] ability: Snow Warning|[of] p1a: Ninetales
|turn|1
|j| Marquesa-10%
|
|t:|1647822986
|switch|p2a: GODzilla|Tyranitar, F|100/100
|-weather|Sandstorm|[from] ability: Sand Stream|[of] p2a: GODzilla
|move|p1a: Ninetales|Aurora Veil||[still]
|-fail|p1a: Ninetales
|
|-weather|Sandstorm|[upkeep]
|-damage|p1a: Ninetales|95/100|[from] Sandstorm
|upkeep
|turn|2
|j| Dragon iron fire
|j| Vyntagc
|
|t:|1647822996
|switch|p1a: Bisharp|Bisharp, M|100/100
|move|p2a: GODzilla|Stealth Rock|p1a: Bisharp
|-sidestart|p1: Darth Sicko|move: Stealth Rock
|
|-weather|Sandstorm|[upkeep]
|upkeep
|turn|3
|
|t:|1647823005
|switch|p2a: Corvikstall|Corviknight, M|100/100
|-ability|p2a: Corvikstall|Pressure
|move|p1a: Bisharp|Iron Head|p2a: Corvikstall
|-resisted|p2a: Corvikstall
|-damage|p2a: Corvikstall|87/100
|-damage|p1a: Bisharp|84/100|[from] item: Rocky Helmet|[of] p2a: Corvikstall
|
|-weather|Sandstorm|[upkeep]
|upkeep
|turn|4
|j| Staller17
|
|t:|1647823015
|switch|p1a: Zapdos|Zapdos|100/100
|move|p2a: Corvikstall|U-turn|p1a: Zapdos
|-resisted|p1a: Zapdos
|-damage|p1a: Zapdos|91/100
|-status|p2a: Corvikstall|par|[from] ability: Static|[of] p1a: Zapdos
|l| Dragon iron fire
|
|t:|1647823028
|switch|p2a: Precoz|Tapu Koko|100/100|[from]move: U-turn
|-fieldstart|move: Electric Terrain|[from] ability: Electric Surge|[of] p2a: Precoz
|
|-weather|Sandstorm|[upkeep]
|-damage|p2a: Precoz|94/100|[from] Sandstorm
|-damage|p1a: Zapdos|85/100|[from] Sandstorm
|upkeep
|turn|5
|
|t:|1647823037
|move|p2a: Precoz|Dazzling Gleam|p1a: Zapdos
|-damage|p1a: Zapdos|47/100
|move|p1a: Zapdos|Defog|p2a: Precoz
|-unboost|p2a: Precoz|evasion|1
|-sideend|p1: Darth Sicko|Stealth Rock|[from] move: Defog|[of] p1a: Zapdos
|-fieldend|move: Electric Terrain
|
|-weather|none
|upkeep
|turn|6
|
|t:|1647823047
|switch|p1a: Ninetales|Ninetales-Alola, M|95/100
|-weather|Hail|[from] ability: Snow Warning|[of] p1a: Ninetales
|move|p2a: Precoz|U-turn|p1a: Ninetales
|-resisted|p1a: Ninetales
|-damage|p1a: Ninetales|83/100
|
|t:|1647823055
|switch|p2a: GODzilla|Tyranitar, F|100/100|[from]move: U-turn
|-weather|Sandstorm|[from] ability: Sand Stream|[of] p2a: GODzilla
|
|-weather|Sandstorm|[upkeep]
|-damage|p1a: Ninetales|77/100|[from] Sandstorm
|upkeep
|turn|7
|
|t:|1647823063
|switch|p1a: Bisharp|Bisharp, M|84/100
|move|p2a: GODzilla|Stealth Rock|p1a: Bisharp
|-sidestart|p1: Darth Sicko|move: Stealth Rock
|
|-weather|Sandstorm|[upkeep]
|upkeep
|turn|8
|
|t:|1647823070
|move|p1a: Bisharp|Knock Off|p2a: GODzilla
|-resisted|p2a: GODzilla
|-damage|p2a: GODzilla|77/100
|-enditem|p2a: GODzilla|Leftovers|[from] move: Knock Off|[of] p1a: Bisharp
|move|p2a: GODzilla|Superpower|p1a: Bisharp
|-supereffective|p1a: Bisharp
|-damage|p1a: Bisharp|0 fnt
|-unboost|p2a: GODzilla|atk|1
|-unboost|p2a: GODzilla|def|1
|faint|p1a: Bisharp
|
|-weather|Sandstorm|[upkeep]
|upkeep
|
|t:|1647823075
|switch|p1a: Ninetales|Ninetales-Alola, M|77/100
|-damage|p1a: Ninetales|52/100|[from] Stealth Rock
|-weather|Hail|[from] ability: Snow Warning|[of] p1a: Ninetales
|turn|9
|
|t:|1647823088
|switch|p2a: Precoz|Tapu Koko|94/100
|-fieldstart|move: Electric Terrain|[from] ability: Electric Surge|[of] p2a: Precoz
|move|p1a: Ninetales|Moonblast|p2a: Precoz
|-damage|p2a: Precoz|37/100
|-unboost|p2a: Precoz|spa|1
|
|-weather|Hail|[upkeep]
|-damage|p2a: Precoz|31/100|[from] Hail
|upkeep
|turn|10
|
|t:|1647823099
|switch|p1a: Garchomp|Garchomp, M|100/100
|-damage|p1a: Garchomp|94/100|[from] Stealth Rock
|move|p2a: Precoz|U-turn|p1a: Garchomp
|-damage|p1a: Garchomp|78/100
|-damage|p2a: Precoz|18/100|[from] ability: Rough Skin|[of] p1a: Garchomp
|-damage|p2a: Precoz|2/100|[from] item: Rocky Helmet|[of] p1a: Garchomp
|j| aquavanilla
|j| Disliked浮梦
|
|t:|1647823111
|switch|p2a: Enamorousito|Landorus-Therian, M|100/100|[from]move: U-turn
|-ability|p2a: Enamorousito|Intimidate|boost
|-unboost|p1a: Garchomp|atk|1
|
|-weather|Hail|[upkeep]
|-damage|p1a: Garchomp|72/100|[from] Hail
|-damage|p2a: Enamorousito|95/100|[from] Hail
|-heal|p2a: Enamorousito|100/100|[from] item: Leftovers
|upkeep
|turn|11
|
|t:|1647823120
|move|p1a: Garchomp|Stealth Rock|p2a: Enamorousito
|-sidestart|p2: Fastpitchkiller|move: Stealth Rock
|move|p2a: Enamorousito|Substitute|p2a: Enamorousito
|-start|p2a: Enamorousito|Substitute
|-damage|p2a: Enamorousito|76/100
|
|-weather|Hail|[upkeep]
|-damage|p1a: Garchomp|66/100|[from] Hail
|-damage|p2a: Enamorousito|70/100|[from] Hail
|-heal|p2a: Enamorousito|76/100|[from] item: Leftovers
|upkeep
|turn|12
|
|t:|1647823129
|move|p1a: Garchomp|Scale Shot|p2a: Enamorousito
|-activate|p2a: Enamorousito|move: Substitute|[damage]
|-activate|p2a: Enamorousito|move: Substitute|[damage]
|-end|p2a: Enamorousito|Substitute
|-damage|p2a: Enamorousito|64/100
|-crit|p2a: Enamorousito
|-damage|p2a: Enamorousito|42/100
|-hitcount|p2a: Enamorousito|5
|-unboost|p1a: Garchomp|def|1
|-boost|p1a: Garchomp|spe|1
|move|p2a: Enamorousito|Earthquake|p1a: Garchomp
|-damage|p1a: Garchomp|0 fnt
|faint|p1a: Garchomp
|
|-weather|Hail|[upkeep]
|-damage|p2a: Enamorousito|36/100|[from] Hail
|-heal|p2a: Enamorousito|42/100|[from] item: Leftovers
|upkeep
|
|t:|1647823132
|switch|p1a: Zapdos|Zapdos|47/100
|turn|13
|
|t:|1647823153
|switch|p2a: GODzilla|Tyranitar, F|77/100
|-damage|p2a: GODzilla|64/100|[from] Stealth Rock
|-weather|Sandstorm|[from] ability: Sand Stream|[of] p2a: GODzilla
|move|p1a: Zapdos|Weather Ball|p2a: GODzilla
|-damage|p2a: GODzilla|51/100
|
|-weather|Sandstorm|[upkeep]
|-damage|p1a: Zapdos|40/100|[from] Sandstorm
|-fieldend|move: Electric Terrain
|upkeep
|turn|14
|
|t:|1647823165
|move|p1a: Zapdos|Defog|p2a: GODzilla
|-unboost|p2a: GODzilla|evasion|1
|-sideend|p2: Fastpitchkiller|Stealth Rock|[from] move: Defog|[of] p1a: Zapdos
|-sideend|p1: Darth Sicko|Stealth Rock|[from] move: Defog|[of] p1a: Zapdos
|move|p2a: GODzilla|Rock Blast|p1a: Zapdos
|-supereffective|p1a: Zapdos
|-damage|p1a: Zapdos|10/100
|-supereffective|p1a: Zapdos
|-damage|p1a: Zapdos|0 fnt
|faint|p1a: Zapdos
|-hitcount|p1: Zapdos|2
|
|-weather|Sandstorm|[upkeep]
|upkeep
|
|t:|1647823169
|switch|p1a: Ninetales|Ninetales-Alola, M|52/100
|-weather|Hail|[from] ability: Snow Warning|[of] p1a: Ninetales
|turn|15
|j| Hoo-bah-stank
|
|t:|1647823181
|switch|p2a: Corvikstall|Corviknight, M|87/100 par
|-ability|p2a: Corvikstall|Pressure
|move|p1a: Ninetales|Moonblast|p2a: Corvikstall
|-resisted|p2a: Corvikstall
|-damage|p2a: Corvikstall|72/100 par
|
|-weather|Hail|[upkeep]
|-damage|p2a: Corvikstall|66/100 par|[from] Hail
|upkeep
|turn|16
|
|t:|1647823192
|move|p1a: Ninetales|Aurora Veil|p1a: Ninetales
|-sidestart|p1: Darth Sicko|move: Aurora Veil
|cant|p2a: Corvikstall|par
|
|-weather|Hail|[upkeep]
|-damage|p2a: Corvikstall|60/100 par|[from] Hail
|upkeep
|turn|17
|
|t:|1647823199
|switch|p1a: Arctozolt|Arctozolt|100/100
|move|p2a: Corvikstall|Defog|p1a: Arctozolt
|-unboost|p1a: Arctozolt|evasion|1
|-sideend|p1: Darth Sicko|move: Aurora Veil
|
|-weather|Hail|[upkeep]
|-damage|p2a: Corvikstall|53/100 par|[from] Hail
|upkeep
|turn|18
|
|t:|1647823208
|move|p1a: Arctozolt|Substitute|p1a: Arctozolt
|-start|p1a: Arctozolt|Substitute
|-damage|p1a: Arctozolt|76/100
|move|p2a: Corvikstall|Body Press|p1a: Arctozolt
|-supereffective|p1a: Arctozolt
|-crit|p1a: Arctozolt
|-end|p1a: Arctozolt|Substitute
|
|-weather|Hail|[upkeep]
|-damage|p2a: Corvikstall|47/100 par|[from] Hail
|upkeep
|turn|19
|
|t:|1647823218
|move|p1a: Arctozolt|Blizzard|p2a: Corvikstall
|-damage|p2a: Corvikstall|19/100 par
|move|p2a: Corvikstall|Body Press|p1a: Arctozolt
|-supereffective|p1a: Arctozolt
|-damage|p1a: Arctozolt|19/100
|
|-weather|Hail|[upkeep]
|-damage|p2a: Corvikstall|13/100 par|[from] Hail
|upkeep
|turn|20
|
|t:|1647823227
|move|p1a: Arctozolt|Bolt Beak|p2a: Corvikstall
|-supereffective|p2a: Corvikstall
|-damage|p2a: Corvikstall|0 fnt
|-damage|p1a: Arctozolt|2/100|[from] item: Rocky Helmet|[of] p2a: Corvikstall
|faint|p2a: Corvikstall
|
|-weather|Hail|[upkeep]
|upkeep
|
|t:|1647823237
|switch|p2a: GODzilla|Tyranitar, F|51/100
|-weather|Sandstorm|[from] ability: Sand Stream|[of] p2a: GODzilla
|turn|21
|
|t:|1647823242
|switch|p2a: Slowgatell|Slowbro, M|100/100
|move|p1a: Arctozolt|Bolt Beak|p2a: Slowgatell
|-supereffective|p2a: Slowgatell
|-damage|p2a: Slowgatell|12/100
|-damage|p1a: Arctozolt|0 fnt|[from] item: Rocky Helmet|[of] p2a: Slowgatell
|faint|p1a: Arctozolt
|
|-weather|Sandstorm|[upkeep]
|-damage|p2a: Slowgatell|6/100|[from] Sandstorm
|upkeep
|
|t:|1647823245
|switch|p1a: Ninetales|Ninetales-Alola, M|52/100
|-weather|Hail|[from] ability: Snow Warning|[of] p1a: Ninetales
|turn|22
|
|t:|1647823257
|switch|p2a: GODzilla|Tyranitar, F|51/100
|-weather|Sandstorm|[from] ability: Sand Stream|[of] p2a: GODzilla
|move|p1a: Ninetales|Freeze-Dry|p2a: GODzilla
|-damage|p2a: GODzilla|40/100
|
|-weather|Sandstorm|[upkeep]
|-damage|p1a: Ninetales|46/100|[from] Sandstorm
|upkeep
|turn|23
|
|t:|1647823267
|move|p1a: Ninetales|Moonblast|p2a: GODzilla
|-supereffective|p2a: GODzilla
|-damage|p2a: GODzilla|6/100
|-unboost|p2a: GODzilla|spa|1
|move|p2a: GODzilla|Rock Blast|p1a: Ninetales
|-supereffective|p1a: Ninetales
|-damage|p1a: Ninetales|13/100
|-supereffective|p1a: Ninetales
|-damage|p1a: Ninetales|0 fnt
|faint|p1a: Ninetales
|-hitcount|p1: Ninetales|2
|
|-weather|Sandstorm|[upkeep]
|upkeep
|
|t:|1647823269
|switch|p1a: Regice|Regice, shiny|100/100
|turn|24
|
|t:|1647823281
|move|p2a: GODzilla|Rock Blast|p1a: Regice
|-supereffective|p1a: Regice
|-damage|p1a: Regice|75/100
|-supereffective|p1a: Regice
|-damage|p1a: Regice|47/100
|-supereffective|p1a: Regice
|-damage|p1a: Regice|22/100
|-supereffective|p1a: Regice
|-damage|p1a: Regice|0 fnt
|faint|p1a: Regice
|-hitcount|p1: Regice|4
|
|win|Fastpitchkiller
|raw|Darth Sicko's rating: 1749 &rarr; <strong>1731</strong><br />(-18 for losing)
|raw|Fastpitchkiller's rating: 1782 &rarr; <strong>1800</strong><br />(+18 for winning)
|l|☆Darth Sicko
|l| Marquesa-10%
|l| Vyntagc
|l| Staller17
