|j|☆Tirkys
|j|☆innerbeam
|t:|1613435257
|player|p1|Tirkys|hilda-dueldisk|1703
|player|p2|innerbeam|101|1628
|teamsize|p1|6
|teamsize|p2|6
|gametype|singles
|gen|8
|tier|[Gen 8] OU
|rated|
|clearpoke
|poke|p1|Volcarona, M|
|poke|p1|Quagsire, F|
|poke|p1|Xatu, M|
|poke|p1|Mantine, F|
|poke|p1|Drapion, M|
|poke|p1|Ninetales-Alola, F|
|poke|p2|Regieleki|
|poke|p2|Ninjask, M|
|poke|p2|Accelgor, F|
|poke|p2|Zeraora|
|poke|p2|Dragapult, F|
|poke|p2|Volcarona, M|
|rule|Sleep Clause Mod: Limit one foe put to sleep
|rule|Species Clause: Limit one of each Pokémon
|rule|OHKO Clause: OHKO moves are banned
|rule|Evasion Moves Clause: Evasion moves are banned
|rule|Endless Battle Clause: Forcing endless battles is banned
|rule|HP Percentage Mod: HP is shown in percentages
|rule|Dynamax Clause: You cannot dynamax
|teampreview
|inactive|Battle timer is ON: inactive players will automatically lose when time's up. (requested by Tirkys)
|
|t:|1613435265
|start
|switch|p1a: WhiteAlbum|Ninetales-Alola, F|100/100
|switch|p2a: Ninjask|Ninjask, M|100/100
|-weather|Hail|[from] ability: Snow Warning|[of] p1a: WhiteAlbum
|turn|1
|
|t:|1613435268
|move|p1a: WhiteAlbum|Blizzard|p2a: Ninjask
|-supereffective|p2a: Ninjask
|-damage|p2a: Ninjask|0 fnt
|faint|p2a: Ninjask
|
|-weather|Hail|[upkeep]
|upkeep
|
|t:|1613435274
|switch|p2a: Volcarona|Volcarona, M|100/100
|turn|2
|
|t:|1613435277
|switch|p1a: CatchTheRainbow|Mantine, F|100/100
|move|p2a: Volcarona|Quiver Dance|p2a: Volcarona
|-boost|p2a: Volcarona|spa|1
|-boost|p2a: Volcarona|spd|1
|-boost|p2a: Volcarona|spe|1
|
|-weather|Hail|[upkeep]
|-damage|p2a: Volcarona|94/100|[from] Hail
|-damage|p1a: CatchTheRainbow|94/100|[from] Hail
|-heal|p1a: CatchTheRainbow|100/100|[from] item: Leftovers
|upkeep
|turn|3
|
|t:|1613435285
|switch|p2a: Zeraora|Zeraora|100/100
|move|p1a: CatchTheRainbow|Toxic|p2a: Zeraora|[miss]
|-miss|p1a: CatchTheRainbow|p2a: Zeraora
|
|-weather|Hail|[upkeep]
|-damage|p2a: Zeraora|95/100|[from] Hail
|-damage|p1a: CatchTheRainbow|94/100|[from] Hail
|-heal|p1a: CatchTheRainbow|100/100|[from] item: Leftovers
|upkeep
|turn|4
|
|t:|1613435290
|switch|p1a: Magician'sRed|Volcarona, M|100/100
|move|p2a: Zeraora|Knock Off|p1a: Magician'sRed
|-damage|p1a: Magician'sRed|55/100
|-enditem|p1a: Magician'sRed|Leftovers|[from] move: Knock Off|[of] p2a: Zeraora
|
|-weather|Hail|[upkeep]
|-damage|p2a: Zeraora|89/100|[from] Hail
|-damage|p1a: Magician'sRed|48/100|[from] Hail
|upkeep
|turn|5
|
|t:|1613435297
|switch|p2a: Regieleki|Regieleki|100/100
|move|p1a: Magician'sRed|Roost|p1a: Magician'sRed
|-heal|p1a: Magician'sRed|99/100
|-singleturn|p1a: Magician'sRed|move: Roost
|
|-weather|none
|upkeep
|turn|6
|
|t:|1613435300
|switch|p1a: StarPlatinum|Quagsire, F, shiny|100/100
|move|p2a: Regieleki|Thunderbolt|p1a: StarPlatinum
|-immune|p1a: StarPlatinum
|
|upkeep
|turn|7
|
|t:|1613435304
|switch|p2a: Accelgor|Accelgor, F|100/100
|move|p1a: StarPlatinum|Scald|p2a: Accelgor
|-damage|p2a: Accelgor|64/100
|-status|p2a: Accelgor|brn
|
|-damage|p2a: Accelgor|58/100 brn|[from] brn
|upkeep
|turn|8
|
|t:|1613435308
|switch|p1a: PurpleHaze|Drapion, M|100/100
|move|p2a: Accelgor|Bug Buzz|p1a: PurpleHaze
|-damage|p1a: PurpleHaze|51/100
|
|-heal|p1a: PurpleHaze|57/100|[from] item: Black Sludge
|-damage|p2a: Accelgor|52/100 brn|[from] brn
|upkeep
|turn|9
|
|t:|1613435311
|move|p2a: Accelgor|Bug Buzz|p1a: PurpleHaze
|-damage|p1a: PurpleHaze|8/100
|move|p1a: PurpleHaze|Knock Off|p2a: Accelgor
|-damage|p2a: Accelgor|0 fnt
|-enditem|p2a: Accelgor|Choice Specs|[from] move: Knock Off|[of] p1a: PurpleHaze
|faint|p2a: Accelgor
|
|-heal|p1a: PurpleHaze|14/100|[from] item: Black Sludge
|upkeep
|
|t:|1613435320
|switch|p2a: Zeraora|Zeraora|89/100
|turn|10
|j| oiajajln
|
|t:|1613435324
|switch|p1a: Magician'sRed|Volcarona, M|99/100
|move|p2a: Zeraora|Knock Off|p1a: Magician'sRed
|-damage|p1a: Magician'sRed|65/100
|-status|p2a: Zeraora|brn|[from] ability: Flame Body|[of] p1a: Magician'sRed
|
|-damage|p2a: Zeraora|83/100 brn|[from] brn
|upkeep
|turn|11
|
|t:|1613435328
|switch|p2a: Volcarona|Volcarona, M|94/100
|move|p1a: Magician'sRed|Roost|p1a: Magician'sRed
|-heal|p1a: Magician'sRed|100/100
|-singleturn|p1a: Magician'sRed|move: Roost
|
|upkeep
|turn|12
|
|t:|1613435331
|switch|p1a: PurpleHaze|Drapion, M|14/100
|move|p2a: Volcarona|Quiver Dance|p2a: Volcarona
|-boost|p2a: Volcarona|spa|1
|-boost|p2a: Volcarona|spd|1
|-boost|p2a: Volcarona|spe|1
|
|-heal|p1a: PurpleHaze|20/100|[from] item: Black Sludge
|upkeep
|turn|13
|
|t:|1613435335
|move|p2a: Volcarona|Bug Buzz|p1a: PurpleHaze
|-damage|p1a: PurpleHaze|0 fnt
|faint|p1a: PurpleHaze
|
|upkeep
|
|t:|1613435337
|switch|p1a: CatchTheRainbow|Mantine, F|100/100
|turn|14
|
|t:|1613435342
|switch|p2a: Zeraora|Zeraora|83/100 brn
|move|p1a: CatchTheRainbow|Toxic||[still]
|-fail|p1a: CatchTheRainbow
|
|-damage|p2a: Zeraora|77/100 brn|[from] brn
|upkeep
|turn|15
|
|t:|1613435345
|switch|p1a: Magician'sRed|Volcarona, M|100/100
|move|p2a: Zeraora|Knock Off|p1a: Magician'sRed
|-damage|p1a: Magician'sRed|85/100
|
|-damage|p2a: Zeraora|71/100 brn|[from] brn
|upkeep
|turn|16
|
|t:|1613435348
|switch|p2a: Volcarona|Volcarona, M|94/100
|move|p1a: Magician'sRed|Fiery Dance|p2a: Volcarona
|-damage|p2a: Volcarona|55/100
|
|upkeep
|turn|17
|
|t:|1613435352
|switch|p2a: Regieleki|Regieleki|100/100
|move|p1a: Magician'sRed|Quiver Dance|p1a: Magician'sRed
|-boost|p1a: Magician'sRed|spa|1
|-boost|p1a: Magician'sRed|spd|1
|-boost|p1a: Magician'sRed|spe|1
|
|upkeep
|turn|18
|
|t:|1613435360
|move|p2a: Regieleki|Thunderbolt|p1a: Magician'sRed
|-damage|p1a: Magician'sRed|31/100
|move|p1a: Magician'sRed|Quiver Dance|p1a: Magician'sRed
|-boost|p1a: Magician'sRed|spa|1
|-boost|p1a: Magician'sRed|spd|1
|-boost|p1a: Magician'sRed|spe|1
|
|upkeep
|turn|19
|
|t:|1613435363
|move|p2a: Regieleki|Thunderbolt|p1a: Magician'sRed
|-damage|p1a: Magician'sRed|0 fnt
|faint|p1a: Magician'sRed
|
|upkeep
|
|t:|1613435367
|switch|p1a: StarPlatinum|Quagsire, F, shiny|100/100
|turn|20
|
|t:|1613435371
|switch|p2a: Zeraora|Zeraora|71/100 brn
|move|p1a: StarPlatinum|Scald|p2a: Zeraora
|-damage|p2a: Zeraora|46/100 brn
|
|-damage|p2a: Zeraora|40/100 brn|[from] brn
|upkeep
|turn|21
|
|t:|1613435374
|switch|p1a: ManInTheMirror|Xatu, M|100/100
|move|p2a: Zeraora|Knock Off|p1a: ManInTheMirror
|-supereffective|p1a: ManInTheMirror
|-crit|p1a: ManInTheMirror
|-damage|p1a: ManInTheMirror|14/100
|-damage|p2a: Zeraora|24/100 brn|[from] item: Rocky Helmet|[of] p1a: ManInTheMirror
|-enditem|p1a: ManInTheMirror|Rocky Helmet|[from] move: Knock Off|[of] p2a: Zeraora
|
|-damage|p2a: Zeraora|18/100 brn|[from] brn
|upkeep
|turn|22
|
|t:|1613435378
|move|p2a: Zeraora|Knock Off|p1a: ManInTheMirror
|-supereffective|p1a: ManInTheMirror
|-damage|p1a: ManInTheMirror|0 fnt
|faint|p1a: ManInTheMirror
|
|-damage|p2a: Zeraora|12/100 brn|[from] brn
|upkeep
|
|t:|1613435380
|switch|p1a: WhiteAlbum|Ninetales-Alola, F|100/100
|-weather|Hail|[from] ability: Snow Warning|[of] p1a: WhiteAlbum
|turn|23
|
|t:|1613435384
|move|p1a: WhiteAlbum|Blizzard|p2a: Zeraora
|-damage|p2a: Zeraora|0 fnt
|faint|p2a: Zeraora
|
|-weather|Hail|[upkeep]
|upkeep
|
|t:|1613435388
|switch|p2a: Volcarona|Volcarona, M|55/100
|turn|24
|
|t:|1613435391
|switch|p1a: CatchTheRainbow|Mantine, F|100/100
|switch|p2a: Dragapult|Dragapult, F|100/100
|
|-weather|Hail|[upkeep]
|-damage|p2a: Dragapult|95/100|[from] Hail
|-damage|p1a: CatchTheRainbow|94/100|[from] Hail
|-heal|p1a: CatchTheRainbow|100/100|[from] item: Leftovers
|upkeep
|turn|25
|
|t:|1613435398
|switch|p1a: WhiteAlbum|Ninetales-Alola, F|100/100
|move|p2a: Dragapult|Shadow Ball|p1a: WhiteAlbum
|-damage|p1a: WhiteAlbum|41/100
|
|-weather|Hail|[upkeep]
|-damage|p2a: Dragapult|89/100|[from] Hail
|upkeep
|turn|26
|
|t:|1613435404
|switch|p2a: Volcarona|Volcarona, M|55/100
|move|p1a: WhiteAlbum|Blizzard|p2a: Volcarona
|-resisted|p2a: Volcarona
|-damage|p2a: Volcarona|33/100
|
|-weather|Hail|[upkeep]
|-damage|p2a: Volcarona|27/100|[from] Hail
|upkeep
|turn|27
|
|t:|1613435409
|switch|p1a: CatchTheRainbow|Mantine, F|100/100
|switch|p2a: Dragapult|Dragapult, F|89/100
|
|-weather|none
|upkeep
|turn|28
|
|t:|1613435412
|move|p2a: Dragapult|Thunder|p1a: CatchTheRainbow
|-supereffective|p1a: CatchTheRainbow
|-damage|p1a: CatchTheRainbow|0 fnt
|faint|p1a: CatchTheRainbow
|
|upkeep
|
|t:|1613435415
|switch|p1a: WhiteAlbum|Ninetales-Alola, F|41/100
|-weather|Hail|[from] ability: Snow Warning|[of] p1a: WhiteAlbum
|turn|29
|j| Coxie Normus
|
|t:|1613435418
|move|p1a: WhiteAlbum|Blizzard|p2a: Dragapult
|-supereffective|p2a: Dragapult
|-damage|p2a: Dragapult|0 fnt
|faint|p2a: Dragapult
|
|-weather|Hail|[upkeep]
|upkeep
|
|t:|1613435421
|switch|p2a: Regieleki|Regieleki|100/100
|turn|30
|
|t:|1613435424
|switch|p1a: StarPlatinum|Quagsire, F, shiny|100/100
|move|p2a: Regieleki|Swift|p1a: StarPlatinum
|-damage|p1a: StarPlatinum|65/100
|
|-weather|Hail|[upkeep]
|-damage|p2a: Regieleki|95/100|[from] Hail
|-damage|p1a: StarPlatinum|59/100|[from] Hail
|-heal|p1a: StarPlatinum|65/100|[from] item: Leftovers
|upkeep
|turn|31
|
|t:|1613435427
|move|p2a: Regieleki|Swift|p1a: StarPlatinum
|-damage|p1a: StarPlatinum|31/100
|move|p1a: StarPlatinum|Scald|p2a: Regieleki
|-damage|p2a: Regieleki|55/100
|
|-weather|Hail|[upkeep]
|-damage|p2a: Regieleki|49/100|[from] Hail
|-damage|p1a: StarPlatinum|25/100|[from] Hail
|-heal|p1a: StarPlatinum|31/100|[from] item: Leftovers
|upkeep
|turn|32
|
|t:|1613435430
|move|p2a: Regieleki|Swift|p1a: StarPlatinum
|-crit|p1a: StarPlatinum
|-damage|p1a: StarPlatinum|0 fnt
|faint|p1a: StarPlatinum
|
|-weather|Hail|[upkeep]
|-damage|p2a: Regieleki|43/100|[from] Hail
|upkeep
|
|t:|1613435433
|switch|p1a: WhiteAlbum|Ninetales-Alola, F|41/100
|turn|33
|
|t:|1613435437
|move|p1a: WhiteAlbum|Blizzard|p2a: Regieleki
|-damage|p2a: Regieleki|0 fnt
|faint|p2a: Regieleki
|
|-weather|none
|upkeep
|
|t:|1613435440
|switch|p2a: Volcarona|Volcarona, M|27/100
|turn|34
|
|t:|1613435443
|move|p1a: WhiteAlbum|Blizzard|p2a: Volcarona
|-resisted|p2a: Volcarona
|-damage|p2a: Volcarona|5/100
|move|p2a: Volcarona|Quiver Dance|p2a: Volcarona
|-boost|p2a: Volcarona|spa|1
|-boost|p2a: Volcarona|spd|1
|-boost|p2a: Volcarona|spe|1
|
|upkeep
|turn|35
|
|t:|1613435446
|move|p1a: WhiteAlbum|Blizzard|p2a: Volcarona
|-resisted|p2a: Volcarona
|-damage|p2a: Volcarona|0 fnt
|faint|p2a: Volcarona
|
|win|Tirkys
|l|☆innerbeam
|l|☆Tirkys
|raw|Tirkys's rating: 1687 &rarr; <strong>1702</strong><br />(+15 for winning)
|raw|innerbeam's rating: 1602 &rarr; <strong>1587</strong><br />(-15 for losing)
|l| oiajajln
|c| Coxie Normus|bruh
