|j|☆spencomatic
|j|☆AlphaTherai
|t:|1667725706
|gametype|singles
|player|p1|spencomatic|roxie|1645
|player|p2|AlphaTherai|waitress-gen4|1683
|teamsize|p1|6
|teamsize|p2|6
|gen|8
|tier|[Gen 8] OU
|rated|
|rule|Sleep Clause Mod: Limit one foe put to sleep
|rule|Species Clause: Limit one of each Pokémon
|rule|OHKO Clause: OHKO moves are banned
|rule|Evasion Items Clause: Evasion items are banned
|rule|Evasion Moves Clause: Evasion moves are banned
|rule|Endless Battle Clause: Forcing endless battles is banned
|rule|HP Percentage Mod: HP is shown in percentages
|rule|Dynamax Clause: You cannot dynamax
|clearpoke
|poke|p1|Dragapult, F|
|poke|p1|Urshifu-*, F|
|poke|p1|Tapu Lele|
|poke|p1|Landorus-Therian, M|
|poke|p1|Zapdos|
|poke|p1|Melmetal|
|poke|p2|Kartana|
|poke|p2|Ferrothorn, F|
|poke|p2|Toxapex, M|
|poke|p2|Mandibuzz, F|
|poke|p2|Garchomp, F|
|poke|p2|Dragapult, M|
|teampreview
|inactive|Battle timer is ON: inactive players will automatically lose when time's up. (requested by spencomatic)
|
|t:|1667725725
|start
|switch|p1a: Dragapult|Dragapult, F|100/100
|switch|p2a: Ferrothorn|Ferrothorn, F|100/100
|turn|1
|
|t:|1667725732
|switch|p2a: Toxapex|Toxapex, M|100/100
|move|p1a: Dragapult|Flamethrower|p2a: Toxapex
|-resisted|p2a: Toxapex
|-damage|p2a: Toxapex|86/100
|-enditem|p2a: Toxapex|Eject Button
|
|t:|1667725736
|switch|p2a: Garchomp|Garchomp, F|100/100
|
|upkeep
|turn|2
|
|t:|1667725739
|switch|p1a: Landorus|Landorus-Therian, M|100/100
|-ability|p1a: Landorus|Intimidate|boost
|-unboost|p2a: Garchomp|atk|1
|move|p2a: Garchomp|Toxic|p1a: Landorus
|-status|p1a: Landorus|tox
|
|-damage|p1a: Landorus|94/100 tox|[from] psn
|upkeep
|turn|3
|
|t:|1667725741
|move|p2a: Garchomp|Stealth Rock|p1a: Landorus
|-sidestart|p1: spencomatic|move: Stealth Rock
|move|p1a: Landorus|Knock Off|p2a: Garchomp
|-damage|p2a: Garchomp|77/100
|-damage|p1a: Landorus|82/100 tox|[from] ability: Rough Skin|[of] p2a: Garchomp
|-enditem|p2a: Garchomp|Leftovers|[from] move: Knock Off|[of] p1a: Landorus
|
|-heal|p1a: Landorus|88/100 tox|[from] item: Leftovers
|-damage|p1a: Landorus|76/100 tox|[from] psn
|upkeep
|turn|4
|
|t:|1667725745
|switch|p2a: Ferrothorn|Ferrothorn, F|100/100
|switch|p1a: Tapu Lele|Tapu Lele|100/100
|-damage|p1a: Tapu Lele|88/100|[from] Stealth Rock
|-fieldstart|move: Psychic Terrain|[from] ability: Psychic Surge|[of] p1a: Tapu Lele
|
|upkeep
|turn|5
|
|t:|1667725748
|switch|p1a: Zapdos|Zapdos|100/100
|move|p2a: Ferrothorn|Gyro Ball|p1a: Zapdos
|-resisted|p1a: Zapdos
|-damage|p1a: Zapdos|82/100
|
|upkeep
|turn|6
|
|t:|1667725752
|move|p1a: Zapdos|Discharge|p2a: Ferrothorn
|-resisted|p2a: Ferrothorn
|-damage|p2a: Ferrothorn|88/100
|move|p2a: Ferrothorn|Knock Off|p1a: Zapdos
|-damage|p1a: Zapdos|65/100
|-enditem|p1a: Zapdos|Heavy-Duty Boots|[from] move: Knock Off|[of] p2a: Ferrothorn
|
|-heal|p2a: Ferrothorn|94/100|[from] item: Leftovers
|upkeep
|turn|7
|
|t:|1667725755
|move|p1a: Zapdos|Hurricane|p2a: Ferrothorn
|-damage|p2a: Ferrothorn|60/100
|move|p2a: Ferrothorn|Leech Seed|p1a: Zapdos
|-start|p1a: Zapdos|move: Leech Seed
|
|-heal|p2a: Ferrothorn|67/100|[from] item: Leftovers
|-damage|p1a: Zapdos|53/100|[from] Leech Seed|[of] p2a: Ferrothorn
|-heal|p2a: Ferrothorn|80/100|[silent]
|upkeep
|turn|8
|
|t:|1667725758
|switch|p2a: Garchomp|Garchomp, F|77/100
|move|p1a: Zapdos|Roost|p1a: Zapdos
|-heal|p1a: Zapdos|100/100
|-singleturn|p1a: Zapdos|move: Roost
|
|-damage|p1a: Zapdos|88/100|[from] Leech Seed|[of] p2a: Garchomp
|-heal|p2a: Garchomp|88/100|[silent]
|-fieldend|move: Psychic Terrain
|upkeep
|turn|9
|
|t:|1667725761
|switch|p1a: Landorus|Landorus-Therian, M|76/100 tox
|-damage|p1a: Landorus|64/100 tox|[from] Stealth Rock
|-ability|p1a: Landorus|Intimidate|boost
|-unboost|p2a: Garchomp|atk|1
|move|p2a: Garchomp|Toxic|p1a: Landorus
|-fail|p1a: Landorus|tox
|
|-heal|p1a: Landorus|70/100 tox|[from] item: Leftovers
|-damage|p1a: Landorus|64/100 tox|[from] psn
|upkeep
|turn|10
|
|t:|1667725764
|switch|p2a: Mandibuzz|Mandibuzz, F|100/100
|move|p1a: Landorus|Earthquake|p2a: Mandibuzz
|-immune|p2a: Mandibuzz
|
|-heal|p1a: Landorus|70/100 tox|[from] item: Leftovers
|-damage|p1a: Landorus|58/100 tox|[from] psn
|upkeep
|turn|11
|
|t:|1667725768
|move|p1a: Landorus|U-turn|p2a: Mandibuzz
|-damage|p2a: Mandibuzz|87/100
|
|t:|1667725769
|switch|p1a: Tapu Lele|Tapu Lele|88/100|[from]move: U-turn
|-damage|p1a: Tapu Lele|76/100|[from] Stealth Rock
|-fieldstart|move: Psychic Terrain|[from] ability: Psychic Surge|[of] p1a: Tapu Lele
|move|p2a: Mandibuzz|Foul Play|p1a: Tapu Lele
|-crit|p1a: Tapu Lele
|-damage|p1a: Tapu Lele|29/100
|
|upkeep
|turn|12
|
|t:|1667725773
|switch|p2a: Toxapex|Toxapex, M|100/100
|move|p1a: Tapu Lele|Future Sight|p2a: Toxapex
|-start|p1a: Tapu Lele|move: Future Sight
|
|upkeep
|turn|13
|
|t:|1667725780
|switch|p1a: Zapdos|Zapdos|88/100
|-damage|p1a: Zapdos|63/100|[from] Stealth Rock
|move|p2a: Toxapex|Toxic Spikes|p1a: Zapdos
|-sidestart|p1: spencomatic|move: Toxic Spikes
|
|upkeep
|turn|14
|
|t:|1667725786
|switch|p2a: Ferrothorn|Ferrothorn, F|80/100
|move|p1a: Zapdos|Hurricane|p2a: Ferrothorn
|-damage|p2a: Ferrothorn|46/100
|-start|p2a: Ferrothorn|confusion
|
|-end|p2a: Ferrothorn|move: Future Sight
|-resisted|p2a: Ferrothorn
|-damage|p2a: Ferrothorn|16/100
|-heal|p2a: Ferrothorn|22/100|[from] item: Leftovers
|upkeep
|turn|15
|
|t:|1667725788
|switch|p2a: Garchomp|Garchomp, F|88/100
|move|p1a: Zapdos|Hurricane|p2a: Garchomp
|-damage|p2a: Garchomp|54/100
|
|-fieldend|move: Psychic Terrain
|upkeep
|turn|16
|
|t:|1667725791
|move|p1a: Zapdos|Defog|p2a: Garchomp
|-unboost|p2a: Garchomp|evasion|1
|-sideend|p1: spencomatic|Toxic Spikes|[from] move: Defog|[of] p1a: Zapdos
|-sideend|p1: spencomatic|Stealth Rock|[from] move: Defog|[of] p1a: Zapdos
|move|p2a: Garchomp|Toxic|p1a: Zapdos
|-status|p1a: Zapdos|tox
|
|-damage|p1a: Zapdos|57/100 tox|[from] psn
|upkeep
|turn|17
|
|t:|1667725796
|switch|p1a: Urshifu|Urshifu-Rapid-Strike, F|100/100
|move|p2a: Garchomp|Stealth Rock|p1a: Urshifu
|-sidestart|p1: spencomatic|move: Stealth Rock
|
|upkeep
|turn|18
|
|t:|1667725799
|switch|p2a: Ferrothorn|Ferrothorn, F|22/100
|move|p1a: Urshifu|Close Combat|p2a: Ferrothorn
|-supereffective|p2a: Ferrothorn
|-damage|p2a: Ferrothorn|0 fnt
|-unboost|p1a: Urshifu|def|1
|-unboost|p1a: Urshifu|spd|1
|-damage|p1a: Urshifu|88/100|[from] ability: Iron Barbs|[of] p2a: Ferrothorn
|faint|p2a: Ferrothorn
|
|upkeep
|
|t:|1667725807
|switch|p2a: Kartana|Kartana|100/100
|turn|19
|
|t:|1667725810
|switch|p1a: Zapdos|Zapdos|57/100 tox
|-damage|p1a: Zapdos|33/100 tox|[from] Stealth Rock
|move|p2a: Kartana|Leaf Blade|p1a: Zapdos
|-resisted|p1a: Zapdos
|-damage|p1a: Zapdos|0 fnt
|faint|p1a: Zapdos
|-ability|p2a: Kartana|Beast Boost|boost
|-boost|p2a: Kartana|atk|1
|
|upkeep
|
|t:|1667725813
|switch|p1a: Dragapult|Dragapult, F|100/100
|-damage|p1a: Dragapult|88/100|[from] Stealth Rock
|turn|20
|
|t:|1667725815
|switch|p2a: Toxapex|Toxapex, M|100/100
|move|p1a: Dragapult|Shadow Ball|p2a: Toxapex
|-damage|p2a: Toxapex|60/100
|
|upkeep
|turn|21
|
|t:|1667725820
|move|p1a: Dragapult|Shadow Ball|p2a: Toxapex
|-damage|p2a: Toxapex|20/100
|move|p2a: Toxapex|Recover|p2a: Toxapex
|-heal|p2a: Toxapex|70/100
|
|upkeep
|turn|22
|
|t:|1667725822
|switch|p2a: Mandibuzz|Mandibuzz, F|87/100
|move|p1a: Dragapult|Shadow Ball|p2a: Mandibuzz
|-resisted|p2a: Mandibuzz
|-crit|p2a: Mandibuzz
|-damage|p2a: Mandibuzz|50/100
|-unboost|p2a: Mandibuzz|spd|1
|
|upkeep
|turn|23
|
|t:|1667725826
|switch|p1a: Tapu Lele|Tapu Lele|29/100
|-damage|p1a: Tapu Lele|16/100|[from] Stealth Rock
|-fieldstart|move: Psychic Terrain|[from] ability: Psychic Surge|[of] p1a: Tapu Lele
|move|p2a: Mandibuzz|Roost|p2a: Mandibuzz
|-heal|p2a: Mandibuzz|99/100
|-singleturn|p2a: Mandibuzz|move: Roost
|
|upkeep
|turn|24
|
|t:|1667725828
|switch|p2a: Toxapex|Toxapex, M|100/100
|move|p1a: Tapu Lele|Psyshock|p2a: Toxapex
|-supereffective|p2a: Toxapex
|-damage|p2a: Toxapex|17/100
|
|upkeep
|turn|25
|
|t:|1667725832
|switch|p1a: Melmetal|Melmetal|100/100
|-damage|p1a: Melmetal|94/100|[from] Stealth Rock
|switch|p2a: Mandibuzz|Mandibuzz, F|99/100
|
|-heal|p1a: Melmetal|100/100|[from] item: Leftovers
|upkeep
|turn|26
|
|t:|1667725839
|switch|p2a: Kartana|Kartana|100/100
|move|p1a: Melmetal|Double Iron Bash|p2a: Kartana
|-resisted|p2a: Kartana
|-damage|p2a: Kartana|77/100
|-resisted|p2a: Kartana
|-damage|p2a: Kartana|54/100
|-hitcount|p2a: Kartana|2
|
|upkeep
|turn|27
|inactive|AlphaTherai also wants the timer to be on.
|
|t:|1667725841
|move|p2a: Kartana|Knock Off|p1a: Melmetal
|-damage|p1a: Melmetal|59/100
|-enditem|p1a: Melmetal|Leftovers|[from] move: Knock Off|[of] p2a: Kartana
|move|p1a: Melmetal|Earthquake|p2a: Kartana
|-damage|p2a: Kartana|13/100
|
|-fieldend|move: Psychic Terrain
|upkeep
|turn|28
|
|t:|1667725846
|move|p2a: Kartana|Knock Off|p1a: Melmetal
|-damage|p1a: Melmetal|33/100
|move|p1a: Melmetal|Double Iron Bash|p2a: Kartana
|-resisted|p2a: Kartana
|-damage|p2a: Kartana|0 fnt
|faint|p2a: Kartana
|-hitcount|p2: Kartana|1
|
|upkeep
|
|t:|1667725850
|switch|p2a: Garchomp|Garchomp, F|54/100
|turn|29
|
|t:|1667725852
|switch|p1a: Landorus|Landorus-Therian, M|58/100 tox
|-damage|p1a: Landorus|45/100 tox|[from] Stealth Rock
|-ability|p1a: Landorus|Intimidate|boost
|-unboost|p2a: Garchomp|atk|1
|move|p2a: Garchomp|Earthquake|p1a: Landorus
|-immune|p1a: Landorus
|
|-heal|p1a: Landorus|51/100 tox|[from] item: Leftovers
|-damage|p1a: Landorus|45/100 tox|[from] psn
|upkeep
|turn|30
|
|t:|1667725856
|move|p2a: Garchomp|Stealth Rock||[still]
|-fail|p2a: Garchomp
|move|p1a: Landorus|U-turn|p2a: Garchomp
|-damage|p2a: Garchomp|35/100
|-damage|p1a: Landorus|33/100 tox|[from] ability: Rough Skin|[of] p2a: Garchomp
|
|t:|1667725858
|switch|p1a: Urshifu|Urshifu-Rapid-Strike, F|88/100|[from]move: U-turn
|-damage|p1a: Urshifu|82/100|[from] Stealth Rock
|
|upkeep
|turn|31
|
|t:|1667725860
|move|p1a: Urshifu|U-turn|p2a: Garchomp
|-damage|p2a: Garchomp|8/100
|-damage|p1a: Urshifu|70/100|[from] ability: Rough Skin|[of] p2a: Garchomp
|
|t:|1667725866
|switch|p1a: Landorus|Landorus-Therian, M|33/100 tox|[from]move: U-turn
|-damage|p1a: Landorus|21/100 tox|[from] Stealth Rock
|-ability|p1a: Landorus|Intimidate|boost
|-unboost|p2a: Garchomp|atk|1
|move|p2a: Garchomp|Earthquake|p1a: Landorus
|-immune|p1a: Landorus
|
|-heal|p1a: Landorus|27/100 tox|[from] item: Leftovers
|-damage|p1a: Landorus|21/100 tox|[from] psn
|upkeep
|turn|32
|
|t:|1667725868
|move|p2a: Garchomp|Stealth Rock||[still]
|-fail|p2a: Garchomp
|move|p1a: Landorus|Earthquake|p2a: Garchomp
|-damage|p2a: Garchomp|0 fnt
|faint|p2a: Garchomp
|
|-heal|p1a: Landorus|27/100 tox|[from] item: Leftovers
|-damage|p1a: Landorus|15/100 tox|[from] psn
|upkeep
|
|t:|1667725870
|switch|p2a: Dragapult|Dragapult, M|100/100
|turn|33
|
|t:|1667725872
|move|p2a: Dragapult|Dragon Dance|p2a: Dragapult
|-boost|p2a: Dragapult|atk|1
|-boost|p2a: Dragapult|spe|1
|move|p1a: Landorus|Knock Off|p2a: Dragapult
|-supereffective|p2a: Dragapult
|-damage|p2a: Dragapult|7/100
|-enditem|p2a: Dragapult|Leftovers|[from] move: Knock Off|[of] p1a: Landorus
|
|-heal|p1a: Landorus|21/100 tox|[from] item: Leftovers
|-damage|p1a: Landorus|3/100 tox|[from] psn
|upkeep
|turn|34
|
|t:|1667725876
|move|p2a: Dragapult|Dragon Darts|p1a: Landorus
|-damage|p1a: Landorus|0 fnt
|faint|p1a: Landorus
|
|upkeep
|
|t:|1667725878
|switch|p1a: Urshifu|Urshifu-Rapid-Strike, F|70/100
|-damage|p1a: Urshifu|64/100|[from] Stealth Rock
|turn|35
|
|t:|1667725880
|switch|p2a: Mandibuzz|Mandibuzz, F|99/100
|move|p1a: Urshifu|Aqua Jet|p2a: Mandibuzz
|-damage|p2a: Mandibuzz|84/100
|
|upkeep
|turn|36
|
|t:|1667725885
|switch|p1a: Melmetal|Melmetal|33/100
|-damage|p1a: Melmetal|27/100|[from] Stealth Rock
|move|p2a: Mandibuzz|Foul Play|p1a: Melmetal
|-damage|p1a: Melmetal|0 fnt
|faint|p1a: Melmetal
|
|upkeep
|
|t:|1667725887
|switch|p1a: Dragapult|Dragapult, F|88/100
|-damage|p1a: Dragapult|76/100|[from] Stealth Rock
|turn|37
|
|t:|1667725890
|move|p1a: Dragapult|Draco Meteor|p2a: Mandibuzz
|-damage|p2a: Mandibuzz|5/100
|-unboost|p1a: Dragapult|spa|2
|move|p2a: Mandibuzz|Foul Play|p1a: Dragapult
|-supereffective|p1a: Dragapult
|-damage|p1a: Dragapult|0 fnt
|faint|p1a: Dragapult
|
|upkeep
|
|t:|1667725893
|switch|p1a: Tapu Lele|Tapu Lele|16/100
|-damage|p1a: Tapu Lele|4/100|[from] Stealth Rock
|-fieldstart|move: Psychic Terrain|[from] ability: Psychic Surge|[of] p1a: Tapu Lele
|turn|38
|
|t:|1667725898
|move|p1a: Tapu Lele|Thunderbolt|p2a: Mandibuzz
|-supereffective|p2a: Mandibuzz
|-damage|p2a: Mandibuzz|0 fnt
|faint|p2a: Mandibuzz
|
|upkeep
|j| Ran Kob
|
|t:|1667725901
|switch|p2a: Toxapex|Toxapex, M|50/100
|turn|39
|
|t:|1667725903
|switch|p2a: Dragapult|Dragapult, M|7/100
|move|p1a: Tapu Lele|Thunderbolt|p2a: Dragapult
|-resisted|p2a: Dragapult
|-damage|p2a: Dragapult|0 fnt
|faint|p2a: Dragapult
|
|upkeep
|
|t:|1667725904
|switch|p2a: Toxapex|Toxapex, M|83/100
|turn|40
|
|t:|1667725905
|move|p1a: Tapu Lele|Thunderbolt|p2a: Toxapex
|-supereffective|p2a: Toxapex
|-damage|p2a: Toxapex|41/100
|move|p2a: Toxapex|Scald|p1a: Tapu Lele
|-damage|p1a: Tapu Lele|0 fnt
|faint|p1a: Tapu Lele
|
|upkeep
|
|t:|1667725906
|switch|p1a: Urshifu|Urshifu-Rapid-Strike, F|64/100
|-damage|p1a: Urshifu|57/100|[from] Stealth Rock
|turn|41
|
|t:|1667725908
|move|p1a: Urshifu|Close Combat|p2a: Toxapex
|-resisted|p2a: Toxapex
|-damage|p2a: Toxapex|8/100
|-unboost|p1a: Urshifu|def|1
|-unboost|p1a: Urshifu|spd|1
|move|p2a: Toxapex|Recover|p2a: Toxapex
|-heal|p2a: Toxapex|58/100
|
|upkeep
|turn|42
|
|t:|1667725910
|move|p1a: Urshifu|Close Combat|p2a: Toxapex
|-resisted|p2a: Toxapex
|-damage|p2a: Toxapex|23/100
|-unboost|p1a: Urshifu|def|1
|-unboost|p1a: Urshifu|spd|1
|move|p2a: Toxapex|Recover|p2a: Toxapex
|-heal|p2a: Toxapex|73/100
|
|-fieldend|move: Psychic Terrain
|upkeep
|turn|43
|
|t:|1667725912
|move|p1a: Urshifu|Close Combat|p2a: Toxapex
|-resisted|p2a: Toxapex
|-damage|p2a: Toxapex|34/100
|-unboost|p1a: Urshifu|def|1
|-unboost|p1a: Urshifu|spd|1
|move|p2a: Toxapex|Recover|p2a: Toxapex
|-heal|p2a: Toxapex|85/100
|
|upkeep
|turn|44
|
|t:|1667725913
|move|p1a: Urshifu|Close Combat|p2a: Toxapex
|-resisted|p2a: Toxapex
|-damage|p2a: Toxapex|47/100
|-unboost|p1a: Urshifu|def|1
|-unboost|p1a: Urshifu|spd|1
|move|p2a: Toxapex|Recover|p2a: Toxapex
|-heal|p2a: Toxapex|98/100
|
|upkeep
|turn|45
|
|t:|1667725916
|move|p1a: Urshifu|Close Combat|p2a: Toxapex
|-resisted|p2a: Toxapex
|-damage|p2a: Toxapex|64/100
|-unboost|p1a: Urshifu|def|1
|-unboost|p1a: Urshifu|spd|1
|move|p2a: Toxapex|Recover|p2a: Toxapex
|-heal|p2a: Toxapex|100/100
|
|upkeep
|turn|46
|l| Ran Kob
|
|t:|1667725918
|move|p1a: Urshifu|Close Combat|p2a: Toxapex
|-resisted|p2a: Toxapex
|-damage|p2a: Toxapex|68/100
|-unboost|p1a: Urshifu|def|1
|-unboost|p1a: Urshifu|spd|1
|move|p2a: Toxapex|Recover|p2a: Toxapex
|-heal|p2a: Toxapex|100/100
|
|upkeep
|turn|47
|
|t:|1667725920
|move|p1a: Urshifu|Close Combat|p2a: Toxapex
|-resisted|p2a: Toxapex
|-damage|p2a: Toxapex|66/100
|move|p2a: Toxapex|Recover|p2a: Toxapex
|-heal|p2a: Toxapex|100/100
|
|upkeep
|turn|48
|-message|spencomatic forfeited.
|
|win|AlphaTherai
|raw|spencomatic's rating: 1645 &rarr; <strong>1627</strong><br />(-18 for losing)
|raw|AlphaTherai's rating: 1683 &rarr; <strong>1701</strong><br />(+18 for winning)
|l|☆spencomatic
