|j|☆chokst du
|j|☆Adel19
|t:|1653120988
|gametype|singles
|player|p1|chokst du|266|1850
|player|p2|Adel19|265|1806
|teamsize|p1|6
|teamsize|p2|6
|gen|8
|tier|[Gen 8] OU
|rated|
|rule|Sleep Clause Mod: Limit one foe put to sleep
|rule|Species Clause: Limit one of each Pokémon
|rule|OHKO Clause: OHKO moves are banned
|rule|Evasion Moves Clause: Evasion moves are banned
|rule|Endless Battle Clause: Forcing endless battles is banned
|rule|HP Percentage Mod: HP is shown in percentages
|rule|Dynamax Clause: You cannot dynamax
|clearpoke
|poke|p1|Urshifu-*, F|
|poke|p1|Slowking-Galar, M|
|poke|p1|Dragapult, F|
|poke|p1|Corviknight, F|
|poke|p1|Landorus-Therian, M|
|poke|p1|Melmetal|
|poke|p2|Landorus-Therian, M|
|poke|p2|Heatran, M|
|poke|p2|Zeraora|
|poke|p2|Kartana|
|poke|p2|Tapu Fini|
|poke|p2|Mew|
|teampreview
|
|t:|1653121004
|start
|switch|p1a: Melmetal|Melmetal|100/100
|switch|p2a: Mew|Mew|100/100
|turn|1
|
|t:|1653121012
|move|p2a: Mew|Flamethrower|p1a: Melmetal
|-supereffective|p1a: Melmetal
|-damage|p1a: Melmetal|72/100
|move|p1a: Melmetal|Double Iron Bash|p2a: Mew
|-damage|p2a: Mew|61/100
|-damage|p2a: Mew|23/100
|-hitcount|p2a: Mew|2
|
|upkeep
|turn|2
|
|t:|1653121020
|move|p2a: Mew|Earth Power|p1a: Melmetal
|-supereffective|p1a: Melmetal
|-damage|p1a: Melmetal|41/100
|move|p1a: Melmetal|Double Iron Bash|p2a: Mew
|-damage|p2a: Mew|0 fnt
|faint|p2a: Mew
|-hitcount|p2: Mew|1
|
|upkeep
|
|t:|1653121026
|switch|p2a: Heatran|Heatran, M|100/100
|turn|3
|
|t:|1653121029
|move|p2a: Heatran|Stealth Rock|p1a: Melmetal
|-sidestart|p1: chokst du|move: Stealth Rock
|move|p1a: Melmetal|Earthquake|p2a: Heatran
|-supereffective|p2a: Heatran
|-damage|p2a: Heatran|0 fnt
|faint|p2a: Heatran
|
|upkeep
|
|t:|1653121031
|switch|p2a: Landorus|Landorus-Therian, M|100/100
|-ability|p2a: Landorus|Intimidate|boost
|-unboost|p1a: Melmetal|atk|1
|turn|4
|
|t:|1653121034
|move|p2a: Landorus|Earthquake|p1a: Melmetal
|-supereffective|p1a: Melmetal
|-damage|p1a: Melmetal|0 fnt
|faint|p1a: Melmetal
|
|upkeep
|
|t:|1653121039
|switch|p1a: Corviknight|Corviknight, F|100/100
|-damage|p1a: Corviknight|88/100|[from] Stealth Rock
|-ability|p1a: Corviknight|Pressure
|turn|5
|
|t:|1653121042
|move|p2a: Landorus|Swords Dance|p2a: Landorus
|-boost|p2a: Landorus|atk|2
|move|p1a: Corviknight|Defog|p2a: Landorus
|-unboost|p2a: Landorus|evasion|1
|-sideend|p1: chokst du|Stealth Rock|[from] move: Defog|[of] p1a: Corviknight
|
|upkeep
|turn|6
|
|t:|1653121045
|move|p2a: Landorus|Rock Polish|p2a: Landorus
|-boost|p2a: Landorus|spe|2
|move|p1a: Corviknight|U-turn|p2a: Landorus
|-resisted|p2a: Landorus
|-damage|p2a: Landorus|92/100
|
|t:|1653121049
|switch|p1a: Landorus|Landorus-Therian, M|100/100|[from]move: U-turn
|-ability|p1a: Landorus|Intimidate|boost
|-unboost|p2a: Landorus|atk|1
|
|upkeep
|turn|7
|
|t:|1653121052
|move|p2a: Landorus|Swords Dance|p2a: Landorus
|-boost|p2a: Landorus|atk|2
|move|p1a: Landorus|Knock Off|p2a: Landorus
|-damage|p2a: Landorus|55/100
|-enditem|p2a: Landorus|Lum Berry|[from] move: Knock Off|[of] p1a: Landorus
|
|upkeep
|turn|8
|j| hendrxxxstan
|
|t:|1653121057
|move|p2a: Landorus|Stone Edge|p1a: Landorus
|-damage|p1a: Landorus|35/100
|move|p1a: Landorus|U-turn|p2a: Landorus
|-resisted|p2a: Landorus
|-damage|p2a: Landorus|43/100
|
|t:|1653121059
|switch|p1a: Urshifu|Urshifu-Rapid-Strike, F|100/100|[from]move: U-turn
|
|upkeep
|turn|9
|
|t:|1653121061
|move|p1a: Urshifu|Aqua Jet|p2a: Landorus
|-supereffective|p2a: Landorus
|-damage|p2a: Landorus|0 fnt
|faint|p2a: Landorus
|
|upkeep
|
|t:|1653121064
|switch|p2a: Tapu Fini|Tapu Fini|100/100
|-fieldstart|move: Misty Terrain|[from] ability: Misty Surge|[of] p2a: Tapu Fini
|turn|10
|
|t:|1653121067
|switch|p1a: Slowking|Slowking-Galar, M|100/100
|move|p2a: Tapu Fini|Calm Mind|p2a: Tapu Fini
|-boost|p2a: Tapu Fini|spa|1
|-boost|p2a: Tapu Fini|spd|1
|
|upkeep
|turn|11
|
|t:|1653121069
|move|p2a: Tapu Fini|Calm Mind|p2a: Tapu Fini
|-boost|p2a: Tapu Fini|spa|1
|-boost|p2a: Tapu Fini|spd|1
|move|p1a: Slowking|Sludge Bomb|p2a: Tapu Fini
|-supereffective|p2a: Tapu Fini
|-damage|p2a: Tapu Fini|71/100
|
|-heal|p2a: Tapu Fini|77/100|[from] item: Leftovers
|upkeep
|turn|12
|
|t:|1653121075
|move|p2a: Tapu Fini|Calm Mind|p2a: Tapu Fini
|-boost|p2a: Tapu Fini|spa|1
|-boost|p2a: Tapu Fini|spd|1
|move|p1a: Slowking|Sludge Bomb|p2a: Tapu Fini
|-supereffective|p2a: Tapu Fini
|-damage|p2a: Tapu Fini|54/100
|
|-heal|p2a: Tapu Fini|60/100|[from] item: Leftovers
|upkeep
|turn|13
|
|t:|1653121080
|move|p2a: Tapu Fini|Calm Mind|p2a: Tapu Fini
|-boost|p2a: Tapu Fini|spa|1
|-boost|p2a: Tapu Fini|spd|1
|move|p1a: Slowking|Future Sight|p2a: Tapu Fini
|-start|p1a: Slowking|move: Future Sight
|
|-heal|p2a: Tapu Fini|66/100|[from] item: Leftovers
|upkeep
|turn|14
|
|t:|1653121089
|move|p2a: Tapu Fini|Surf|p1a: Slowking
|-damage|p1a: Slowking|59/100
|move|p1a: Slowking|Sludge Bomb|p2a: Tapu Fini
|-supereffective|p2a: Tapu Fini
|-damage|p2a: Tapu Fini|45/100
|
|-heal|p2a: Tapu Fini|51/100|[from] item: Leftovers
|-fieldend|Misty Terrain
|upkeep
|turn|15
|
|t:|1653121092
|move|p2a: Tapu Fini|Surf|p1a: Slowking
|-damage|p1a: Slowking|16/100
|move|p1a: Slowking|Sludge Bomb|p2a: Tapu Fini
|-supereffective|p2a: Tapu Fini
|-damage|p2a: Tapu Fini|31/100
|
|-end|p2a: Tapu Fini|move: Future Sight
|-damage|p2a: Tapu Fini|18/100
|-heal|p2a: Tapu Fini|24/100|[from] item: Leftovers
|upkeep
|turn|16
|j| Nestohr
|
|t:|1653121095
|move|p2a: Tapu Fini|Surf|p1a: Slowking
|-damage|p1a: Slowking|0 fnt
|faint|p1a: Slowking
|
|-heal|p2a: Tapu Fini|30/100|[from] item: Leftovers
|upkeep
|
|t:|1653121097
|switch|p1a: Urshifu|Urshifu-Rapid-Strike, F|100/100
|turn|17
|
|t:|1653121100
|move|p1a: Urshifu|Close Combat|p2a: Tapu Fini
|-resisted|p2a: Tapu Fini
|-crit|p2a: Tapu Fini
|-damage|p2a: Tapu Fini|0 fnt
|-unboost|p1a: Urshifu|def|1
|-unboost|p1a: Urshifu|spd|1
|faint|p2a: Tapu Fini
|
|upkeep
|
|t:|1653121103
|switch|p2a: Kartana|Kartana|100/100
|turn|18
|
|t:|1653121107
|move|p2a: Kartana|Swords Dance|p2a: Kartana
|-boost|p2a: Kartana|atk|2
|move|p1a: Urshifu|Close Combat|p2a: Kartana
|-supereffective|p2a: Kartana
|-damage|p2a: Kartana|0 fnt
|-unboost|p1a: Urshifu|def|1
|-unboost|p1a: Urshifu|spd|1
|faint|p2a: Kartana
|
|upkeep
|-message|Adel19 forfeited.
|
|win|chokst du
|raw|chokst du's rating: 1850 &rarr; <strong>1867</strong><br />(+17 for winning)
|raw|Adel19's rating: 1806 &rarr; <strong>1789</strong><br />(-17 for losing)
|l|☆Adel19
|l| Nestohr
|l| hendrxxxstan
|player|p1|chokst du|266
