|j|☆LT92PF PDC
|j|☆user1_ou
|t:|1659876313
|gametype|singles
|player|p1|LT92PF PDC|ethan|1835
|player|p2|user1_ou|eusine|1822
|teamsize|p1|6
|teamsize|p2|6
|gen|8
|tier|[Gen 8] OU
|rated|
|rule|Sleep Clause Mod: Limit one foe put to sleep
|rule|Species Clause: Limit one of each Pokémon
|rule|OHKO Clause: OHKO moves are banned
|rule|Evasion Items Clause: Evasion items are banned
|rule|Evasion Moves Clause: Evasion moves are banned
|rule|Endless Battle Clause: Forcing endless battles is banned
|rule|HP Percentage Mod: HP is shown in percentages
|rule|Dynamax Clause: You cannot dynamax
|clearpoke
|poke|p1|Garchomp, M|
|poke|p1|Dragapult, F|
|poke|p1|Heatran, M|
|poke|p1|Scizor, M|
|poke|p1|Weavile, M|
|poke|p1|Zapdos|
|poke|p2|Kartana|
|poke|p2|Tapu Lele|
|poke|p2|Magnezone|
|poke|p2|Landorus-Therian, M|
|poke|p2|Toxapex, M|
|poke|p2|Obstagoon, F|
|teampreview
|j| vo1kner
|j| gohannbestperso
|
|t:|1659876326
|start
|switch|p1a: Zapdos|Zapdos|100/100
|switch|p2a: Toxapex|Toxapex, M|100/100
|turn|1
|
|t:|1659876336
|switch|p2a: Landorus|Landorus-Therian, M|100/100
|-ability|p2a: Landorus|Intimidate|boost
|-unboost|p1a: Zapdos|atk|1
|move|p1a: Zapdos|Discharge|p2a: Landorus
|-immune|p2a: Landorus
|
|upkeep
|turn|2
|
|t:|1659876341
|switch|p1a: Heatran|Heatran, M|100/100
|-item|p1a: Heatran|Air Balloon
|move|p2a: Landorus|Stealth Rock|p1a: Heatran
|-sidestart|p1: LT92PF PDC|move: Stealth Rock
|
|upkeep
|turn|3
|j| xray
|
|t:|1659876345
|move|p1a: Heatran|Stealth Rock|p2a: Landorus
|-sidestart|p2: user1_ou|move: Stealth Rock
|move|p2a: Landorus|U-turn|p1a: Heatran
|-resisted|p1a: Heatran
|-damage|p1a: Heatran|96/100
|-enditem|p1a: Heatran|Air Balloon
|
|t:|1659876351
|switch|p2a: Obstagoon|Obstagoon, F|100/100|[from]move: U-turn
|-damage|p2a: Obstagoon|88/100|[from] Stealth Rock
|
|-status|p2a: Obstagoon|brn|[from] item: Flame Orb
|upkeep
|turn|4
|
|t:|1659876366
|switch|p1a: Zapdos|Zapdos|100/100
|move|p2a: Obstagoon|Close Combat|p1a: Zapdos
|-resisted|p1a: Zapdos
|-damage|p1a: Zapdos|77/100
|-unboost|p2a: Obstagoon|def|1
|-unboost|p2a: Obstagoon|spd|1
|
|-damage|p2a: Obstagoon|82/100 brn|[from] brn
|upkeep
|turn|5
|j| fishous friend ☻
|j| maeve68
|j| Vessev
|
|t:|1659876405
|switch|p2a: Landorus|Landorus-Therian, M|100/100
|-damage|p2a: Landorus|88/100|[from] Stealth Rock
|-ability|p2a: Landorus|Intimidate|boost
|-unboost|p1a: Zapdos|atk|1
|switch|p1a: Scizor|Scizor, M|100/100
|-damage|p1a: Scizor|88/100|[from] Stealth Rock
|
|-heal|p2a: Landorus|94/100|[from] item: Leftovers
|-heal|p1a: Scizor|94/100|[from] item: Leftovers
|upkeep
|turn|6
|l| Vessev
|
|t:|1659876409
|move|p2a: Landorus|U-turn|p1a: Scizor
|-resisted|p1a: Scizor
|-damage|p1a: Scizor|83/100
|
|t:|1659876412
|switch|p2a: Toxapex|Toxapex, M|100/100|[from]move: U-turn
|-damage|p2a: Toxapex|88/100|[from] Stealth Rock
|move|p1a: Scizor|Swords Dance|p1a: Scizor
|-boost|p1a: Scizor|atk|2
|
|-heal|p1a: Scizor|89/100|[from] item: Leftovers
|upkeep
|turn|7
|
|t:|1659876417
|move|p1a: Scizor|Sand Tomb|p2a: Toxapex
|-supereffective|p2a: Toxapex
|-damage|p2a: Toxapex|39/100
|-activate|p2a: Toxapex|move: Sand Tomb|[of] p1a: Scizor
|move|p2a: Toxapex|Scald|p1a: Scizor
|-damage|p1a: Scizor|67/100
|
|-heal|p1a: Scizor|74/100|[from] item: Leftovers
|-damage|p2a: Toxapex|27/100|[from] move: Sand Tomb|[partiallytrapped]
|upkeep
|turn|8
|
|t:|1659876423
|move|p1a: Scizor|Swords Dance|p1a: Scizor
|-boost|p1a: Scizor|atk|2
|move|p2a: Toxapex|Scald|p1a: Scizor
|-damage|p1a: Scizor|55/100
|
|-heal|p1a: Scizor|61/100|[from] item: Leftovers
|-damage|p2a: Toxapex|14/100|[from] move: Sand Tomb|[partiallytrapped]
|upkeep
|turn|9
|j| isabela000◥▶_◀◤
|
|t:|1659876427
|move|p1a: Scizor|Knock Off|p2a: Toxapex
|-damage|p2a: Toxapex|0 fnt
|-damage|p1a: Scizor|45/100|[from] item: Rocky Helmet|[of] p2a: Toxapex
|-enditem|p2a: Toxapex|Rocky Helmet|[from] move: Knock Off|[of] p1a: Scizor
|faint|p2a: Toxapex
|
|-heal|p1a: Scizor|51/100|[from] item: Leftovers
|upkeep
|l| maeve68
|
|t:|1659876490
|switch|p2a: Tapu Lele|Tapu Lele|100/100
|-damage|p2a: Tapu Lele|88/100|[from] Stealth Rock
|-fieldstart|move: Psychic Terrain|[from] ability: Psychic Surge|[of] p2a: Tapu Lele
|turn|10
|
|t:|1659876498
|move|p2a: Tapu Lele|Psychic|p1a: Scizor
|-resisted|p1a: Scizor
|-damage|p1a: Scizor|0 fnt
|faint|p1a: Scizor
|
|upkeep
|
|t:|1659876508
|switch|p1a: Weavile|Weavile, M|100/100
|-ability|p1a: Weavile|Pressure
|turn|11
|
|t:|1659876513
|switch|p2a: Magnezone|Magnezone|100/100
|-damage|p2a: Magnezone|95/100|[from] Stealth Rock
|move|p1a: Weavile|Swords Dance|p1a: Weavile
|-boost|p1a: Weavile|atk|2
|
|-heal|p2a: Magnezone|100/100|[from] item: Leftovers
|upkeep
|turn|12
|j| Jimmy Powka
|
|t:|1659876522
|move|p1a: Weavile|Knock Off|p2a: Magnezone
|-damage|p2a: Magnezone|39/100
|-enditem|p2a: Magnezone|Leftovers|[from] move: Knock Off|[of] p1a: Weavile
|move|p2a: Magnezone|Body Press|p1a: Weavile
|-supereffective|p1a: Weavile
|-damage|p1a: Weavile|0 fnt
|faint|p1a: Weavile
|
|upkeep
|
|t:|1659876530
|switch|p1a: Dragapult|Dragapult, F|100/100
|-damage|p1a: Dragapult|88/100|[from] Stealth Rock
|turn|13
|
|t:|1659876532
|move|p1a: Dragapult|Dragon Dance|p1a: Dragapult
|-boost|p1a: Dragapult|atk|1
|-boost|p1a: Dragapult|spe|1
|move|p2a: Magnezone|Flash Cannon|p1a: Dragapult
|-damage|p1a: Dragapult|41/100
|
|upkeep
|turn|14
|
|t:|1659876541
|move|p1a: Dragapult|Flamethrower|p2a: Magnezone
|-supereffective|p2a: Magnezone
|-damage|p2a: Magnezone|0 fnt
|faint|p2a: Magnezone
|
|-fieldend|move: Psychic Terrain
|upkeep
|
|t:|1659876545
|switch|p2a: Tapu Lele|Tapu Lele|88/100
|-damage|p2a: Tapu Lele|76/100|[from] Stealth Rock
|-fieldstart|move: Psychic Terrain|[from] ability: Psychic Surge|[of] p2a: Tapu Lele
|turn|15
|
|t:|1659876553
|switch|p2a: Obstagoon|Obstagoon, F|82/100 brn
|-damage|p2a: Obstagoon|70/100 brn|[from] Stealth Rock
|move|p1a: Dragapult|Dragon Darts|p2a: Obstagoon
|-damage|p2a: Obstagoon|20/100 brn
|-anim|p1a: Dragapult|Dragon Darts|p2a: Obstagoon
|-damage|p2a: Obstagoon|0 fnt
|faint|p2a: Obstagoon
|
|upkeep
|
|t:|1659876558
|switch|p2a: Landorus|Landorus-Therian, M|94/100
|-damage|p2a: Landorus|82/100|[from] Stealth Rock
|-ability|p2a: Landorus|Intimidate|boost
|-fail|p1a: Dragapult|unboost|[from] ability: Clear Body|[of] p1a: Dragapult
|turn|16
|
|t:|1659876561
|move|p1a: Dragapult|Dragon Darts|p2a: Landorus
|-damage|p2a: Landorus|35/100
|-anim|p1a: Dragapult|Dragon Darts|p2a: Landorus
|-damage|p2a: Landorus|0 fnt
|faint|p2a: Landorus
|
|upkeep
|
|t:|1659876567
|switch|p2a: Tapu Lele|Tapu Lele|76/100
|-damage|p2a: Tapu Lele|63/100|[from] Stealth Rock
|turn|17
|j| Vessev
|j| huihuibaobao
|
|t:|1659876582
|move|p1a: Dragapult|Phantom Force||[still]
|-prepare|p1a: Dragapult|Phantom Force
|move|p2a: Tapu Lele|Psychic|p1a: Dragapult|[miss]
|-miss|p2a: Tapu Lele|p1a: Dragapult
|
|upkeep
|turn|18
|j| PoobleMaster945
|
|t:|1659876586
|move|p1a: Dragapult|Phantom Force|p2a: Tapu Lele|[from]lockedmove
|-supereffective|p2a: Tapu Lele
|-damage|p2a: Tapu Lele|0 fnt
|faint|p2a: Tapu Lele
|
|upkeep
|
|t:|1659876588
|switch|p2a: Kartana|Kartana|100/100
|-damage|p2a: Kartana|94/100|[from] Stealth Rock
|turn|19
|
|t:|1659876590
|move|p1a: Dragapult|Flamethrower|p2a: Kartana
|-supereffective|p2a: Kartana
|-damage|p2a: Kartana|0 fnt
|faint|p2a: Kartana
|
|win|LT92PF PDC
|raw|LT92PF PDC's rating: 1835 &rarr; <strong>1854</strong><br />(+19 for winning)
|raw|user1_ou's rating: 1822 &rarr; <strong>1803</strong><br />(-19 for losing)
|l|☆user1_ou
|l|☆LT92PF PDC
|l| Jimmy Powka
|l| vo1kner
|l| isabela000◥▶_◀◤
|l| xray
|l| gohannbestperso
|j|+Rencube
|l| huihuibaobao
