|raw|<div class="broadcast-blue"><strong>This battle is required to be public due to a player having a name starting with 'lt81yl'.</div>
|j|☆LT81YL Popstar
|j|☆4funaccount
|t:|1625775512
|gametype|singles
|player|p1|LT81YL Popstar|scientist-gen4dp|1975
|player|p2|4funaccount|170|1857
|teamsize|p1|6
|teamsize|p2|6
|gen|8
|tier|[Gen 8] OU
|rated|
|rule|Sleep Clause Mod: Limit one foe put to sleep
|rule|Species Clause: Limit one of each Pokémon
|rule|OHKO Clause: OHKO moves are banned
|rule|Evasion Moves Clause: Evasion moves are banned
|rule|Endless Battle Clause: Forcing endless battles is banned
|rule|HP Percentage Mod: HP is shown in percentages
|rule|Dynamax Clause: You cannot dynamax
|clearpoke
|poke|p1|Garchomp, M|
|poke|p1|Reuniclus, F|
|poke|p1|Buzzwole|
|poke|p1|Tornadus-Therian, M|
|poke|p1|Toxapex, F|
|poke|p1|Skarmory, F|
|poke|p2|Urshifu-*, F|
|poke|p2|Clefable, F|
|poke|p2|Kyurem|
|poke|p2|Landorus-Therian, M|
|poke|p2|Dragapult, F|
|poke|p2|Corviknight, F|
|teampreview
|j| bbvici
|j| lt81yl papy sieg
|j| lt81yl slainey
|inactive|Battle timer is ON: inactive players will automatically lose when time's up. (requested by 4funaccount)
|j| Hyperspace12
|l| lt81yl papy sieg
|
|t:|1625775530
|start
|switch|p1a: Toxapex|Toxapex, F|100/100
|switch|p2a: Clefable|Clefable, F, shiny|100/100
|turn|1
|c| lt81yl slainey|john w cool team
|j| tigers jaw
|
|t:|1625775533
|move|p2a: Clefable|Thunder Wave|p1a: Toxapex
|-status|p1a: Toxapex|par
|move|p1a: Toxapex|Knock Off|p2a: Clefable
|-resisted|p2a: Clefable
|-damage|p2a: Clefable|93/100
|-enditem|p2a: Clefable|Leftovers|[from] move: Knock Off|[of] p1a: Toxapex
|
|upkeep
|turn|2
|j| dakingrulesz
|
|t:|1625775537
|move|p2a: Clefable|Knock Off|p1a: Toxapex
|-damage|p1a: Toxapex|89/100 par
|-enditem|p1a: Toxapex|Shed Shell|[from] move: Knock Off|[of] p2a: Clefable
|move|p1a: Toxapex|Poison Jab|p2a: Clefable
|-supereffective|p2a: Clefable
|-damage|p2a: Clefable|59/100
|
|upkeep
|turn|3
|
|t:|1625775541
|move|p2a: Clefable|Soft-Boiled|p2a: Clefable
|-heal|p2a: Clefable|100/100
|move|p1a: Toxapex|Poison Jab|p2a: Clefable
|-supereffective|p2a: Clefable
|-damage|p2a: Clefable|65/100
|-status|p2a: Clefable|psn
|
|upkeep
|turn|4
|j| BigMeatDodo
|
|t:|1625775545
|move|p2a: Clefable|Soft-Boiled|p2a: Clefable
|-heal|p2a: Clefable|100/100 psn
|cant|p1a: Toxapex|par
|
|upkeep
|turn|5
|j| SuperEpicAmpharos
|j| clothed turtle
|
|t:|1625775553
|move|p2a: Clefable|Moonblast|p1a: Toxapex
|-resisted|p1a: Toxapex
|-damage|p1a: Toxapex|79/100 par
|move|p1a: Toxapex|Knock Off|p2a: Clefable
|-resisted|p2a: Clefable
|-damage|p2a: Clefable|95/100 psn
|
|upkeep
|turn|6
|j| Simp for Thighs
|
|t:|1625775565
|move|p2a: Clefable|Moonblast|p1a: Toxapex
|-resisted|p1a: Toxapex
|-damage|p1a: Toxapex|69/100 par
|move|p1a: Toxapex|Knock Off|p2a: Clefable
|-resisted|p2a: Clefable
|-damage|p2a: Clefable|91/100 psn
|
|upkeep
|turn|7
|
|t:|1625775571
|move|p2a: Clefable|Moonblast|p1a: Toxapex
|-resisted|p1a: Toxapex
|-damage|p1a: Toxapex|58/100 par
|cant|p1a: Toxapex|par
|
|upkeep
|turn|8
|l| Simp for Thighs
|
|t:|1625775576
|switch|p2a: Kyurem|Kyurem|100/100
|-ability|p2a: Kyurem|Pressure
|move|p1a: Toxapex|Knock Off|p2a: Kyurem
|-damage|p2a: Kyurem|87/100
|-enditem|p2a: Kyurem|Choice Specs|[from] move: Knock Off|[of] p1a: Toxapex
|
|upkeep
|turn|9
|
|t:|1625775583
|switch|p1a: Reuniclus|Reuniclus, F|100/100
|move|p2a: Kyurem|Ice Beam|p1a: Reuniclus
|-damage|p1a: Reuniclus|65/100
|
|-heal|p1a: Reuniclus|71/100|[from] item: Leftovers
|upkeep
|turn|10
|l| dakingrulesz
|j| Time kekker
|
|t:|1625775590
|switch|p2a: Corviknight|Corviknight, F, shiny|100/100
|-ability|p2a: Corviknight|Pressure
|move|p1a: Reuniclus|Recover|p1a: Reuniclus
|-heal|p1a: Reuniclus|100/100
|
|upkeep
|turn|11
|
|t:|1625775592
|switch|p1a: Toxapex|Toxapex, F|92/100 par
|move|p2a: Corviknight|U-turn|p1a: Toxapex
|-resisted|p1a: Toxapex
|-damage|p1a: Toxapex|86/100 par
|
|t:|1625775594
|switch|p2a: Kyurem|Kyurem|87/100|[from]move: U-turn
|-ability|p2a: Kyurem|Pressure
|
|upkeep
|turn|12
|
|t:|1625775597
|move|p2a: Kyurem|Freeze-Dry|p1a: Toxapex
|-supereffective|p1a: Toxapex
|-damage|p1a: Toxapex|33/100 par
|move|p1a: Toxapex|Poison Jab|p2a: Kyurem
|-crit|p2a: Kyurem
|-damage|p2a: Kyurem|60/100
|
|upkeep
|turn|13
|
|t:|1625775604
|switch|p1a: Reuniclus|Reuniclus, F|100/100
|move|p2a: Kyurem|Ice Beam|p1a: Reuniclus
|-damage|p1a: Reuniclus|68/100
|
|-heal|p1a: Reuniclus|75/100|[from] item: Leftovers
|upkeep
|turn|14
|
|t:|1625775609
|move|p2a: Kyurem|Ice Beam|p1a: Reuniclus
|-damage|p1a: Reuniclus|39/100
|move|p1a: Reuniclus|Recover|p1a: Reuniclus
|-heal|p1a: Reuniclus|89/100
|
|-heal|p1a: Reuniclus|95/100|[from] item: Leftovers
|upkeep
|turn|15
|
|t:|1625775613
|switch|p2a: Corviknight|Corviknight, F, shiny|100/100
|-ability|p2a: Corviknight|Pressure
|move|p1a: Reuniclus|Calm Mind|p1a: Reuniclus
|-boost|p1a: Reuniclus|spa|1
|-boost|p1a: Reuniclus|spd|1
|
|-heal|p1a: Reuniclus|100/100|[from] item: Leftovers
|upkeep
|turn|16
|
|t:|1625775616
|switch|p1a: Toxapex|Toxapex, F|66/100 par
|move|p2a: Corviknight|U-turn|p1a: Toxapex
|-resisted|p1a: Toxapex
|-damage|p1a: Toxapex|61/100 par
|
|t:|1625775618
|switch|p2a: Kyurem|Kyurem|60/100|[from]move: U-turn
|-ability|p2a: Kyurem|Pressure
|
|upkeep
|turn|17
|
|t:|1625775621
|switch|p1a: Reuniclus|Reuniclus, F|100/100
|move|p2a: Kyurem|Freeze-Dry|p1a: Reuniclus
|-damage|p1a: Reuniclus|73/100
|
|-heal|p1a: Reuniclus|79/100|[from] item: Leftovers
|upkeep
|turn|18
|
|t:|1625775626
|switch|p2a: Corviknight|Corviknight, F, shiny|100/100
|-ability|p2a: Corviknight|Pressure
|move|p1a: Reuniclus|Psyshock|p2a: Corviknight
|-resisted|p2a: Corviknight
|-damage|p2a: Corviknight|91/100
|
|-heal|p2a: Corviknight|97/100|[from] item: Leftovers
|-heal|p1a: Reuniclus|85/100|[from] item: Leftovers
|upkeep
|turn|19
|
|t:|1625775631
|move|p2a: Corviknight|U-turn|p1a: Reuniclus
|-supereffective|p1a: Reuniclus
|-damage|p1a: Reuniclus|56/100
|
|t:|1625775634
|switch|p2a: Landorus|Landorus-Therian, M, shiny|100/100|[from]move: U-turn
|-ability|p2a: Landorus|Intimidate|boost
|-unboost|p1a: Reuniclus|atk|1
|move|p1a: Reuniclus|Recover|p1a: Reuniclus
|-heal|p1a: Reuniclus|100/100
|
|upkeep
|turn|20
|
|t:|1625775637
|switch|p1a: Skarmory|Skarmory, F|100/100
|move|p2a: Landorus|Stealth Rock|p1a: Skarmory
|-sidestart|p1: LT81YL Popstar|move: Stealth Rock
|
|upkeep
|turn|21
|
|t:|1625775643
|switch|p2a: Kyurem|Kyurem|60/100
|-ability|p2a: Kyurem|Pressure
|move|p1a: Skarmory|Spikes|p2a: Kyurem
|-sidestart|p2: 4funaccount|Spikes
|
|upkeep
|turn|22
|
|t:|1625775650
|move|p2a: Kyurem|Ice Beam|p1a: Skarmory
|-damage|p1a: Skarmory|28/100
|move|p1a: Skarmory|Body Press|p2a: Kyurem
|-supereffective|p2a: Kyurem
|-damage|p2a: Kyurem|0 fnt
|faint|p2a: Kyurem
|
|upkeep
|
|t:|1625775655
|switch|p2a: Dragapult|Dragapult, F, shiny|100/100
|-damage|p2a: Dragapult|88/100|[from] Spikes
|turn|23
|
|t:|1625775667
|switch|p1a: Toxapex|Toxapex, F|94/100 par
|-damage|p1a: Toxapex|82/100 par|[from] Stealth Rock
|move|p2a: Dragapult|Shadow Ball|p1a: Toxapex
|-damage|p1a: Toxapex|49/100 par
|
|upkeep
|turn|24
|
|t:|1625775677
|move|p2a: Dragapult|Shadow Ball|p1a: Toxapex
|-damage|p1a: Toxapex|15/100 par
|move|p1a: Toxapex|Knock Off|p2a: Dragapult
|-supereffective|p2a: Dragapult
|-damage|p2a: Dragapult|43/100
|-enditem|p2a: Dragapult|Choice Specs|[from] move: Knock Off|[of] p1a: Toxapex
|
|upkeep
|turn|25
|
|t:|1625775683
|switch|p1a: Skarmory|Skarmory, F|28/100
|-damage|p1a: Skarmory|15/100|[from] Stealth Rock
|move|p2a: Dragapult|Shadow Ball|p1a: Skarmory
|-damage|p1a: Skarmory|0 fnt
|faint|p1a: Skarmory
|
|upkeep
|
|t:|1625775686
|switch|p1a: Tornadus|Tornadus-Therian, M|100/100
|turn|26
|
|t:|1625775690
|switch|p2a: Clefable|Clefable, F, shiny|91/100 psn
|move|p1a: Tornadus|Hurricane|p2a: Clefable
|-damage|p2a: Clefable|52/100 psn
|
|upkeep
|turn|27
|j| lt81yl papy sieg
|l| lt81yl papy sieg
|
|t:|1625775696
|switch|p1a: Toxapex|Toxapex, F|48/100 par
|-damage|p1a: Toxapex|36/100 par|[from] Stealth Rock
|switch|p2a: Landorus|Landorus-Therian, M, shiny|100/100
|-ability|p2a: Landorus|Intimidate|boost
|-unboost|p1a: Toxapex|atk|1
|
|upkeep
|turn|28
|
|t:|1625775700
|switch|p1a: Buzzwole|Buzzwole|100/100
|-damage|p1a: Buzzwole|88/100|[from] Stealth Rock
|move|p2a: Landorus|Knock Off|p1a: Buzzwole
|-resisted|p1a: Buzzwole
|-crit|p1a: Buzzwole
|-damage|p1a: Buzzwole|74/100
|-damage|p2a: Landorus|84/100|[from] item: Rocky Helmet|[of] p1a: Buzzwole
|-enditem|p1a: Buzzwole|Rocky Helmet|[from] move: Knock Off|[of] p2a: Landorus
|
|-heal|p2a: Landorus|90/100|[from] item: Leftovers
|upkeep
|turn|29
|
|t:|1625775705
|move|p1a: Buzzwole|Ice Punch|p2a: Landorus
|-supereffective|p2a: Landorus
|-damage|p2a: Landorus|14/100
|-status|p2a: Landorus|frz
|cant|p2a: Landorus|frz
|
|-heal|p2a: Landorus|20/100 frz|[from] item: Leftovers
|upkeep
|turn|30
|
|t:|1625775709
|switch|p2a: Clefable|Clefable, F, shiny|52/100 psn
|move|p1a: Buzzwole|Roost|p1a: Buzzwole
|-heal|p1a: Buzzwole|100/100
|-singleturn|p1a: Buzzwole|move: Roost
|
|upkeep
|turn|31
|
|t:|1625775712
|switch|p1a: Toxapex|Toxapex, F|69/100 par
|-damage|p1a: Toxapex|57/100 par|[from] Stealth Rock
|move|p2a: Clefable|Soft-Boiled|p2a: Clefable
|-heal|p2a: Clefable|100/100 psn
|
|upkeep
|turn|32
|
|t:|1625775717
|switch|p2a: Corviknight|Corviknight, F, shiny|97/100
|-ability|p2a: Corviknight|Pressure
|move|p1a: Toxapex|Recover|p1a: Toxapex
|-heal|p1a: Toxapex|100/100 par
|
|-heal|p2a: Corviknight|100/100|[from] item: Leftovers
|upkeep
|turn|33
|
|t:|1625775719
|move|p2a: Corviknight|U-turn|p1a: Toxapex
|-resisted|p1a: Toxapex
|-damage|p1a: Toxapex|95/100 par
|j| Altthiel 水
|
|t:|1625775720
|switch|p2a: Landorus|Landorus-Therian, M, shiny|20/100 frz|[from]move: U-turn
|-ability|p2a: Landorus|Intimidate|boost
|-unboost|p1a: Toxapex|atk|1
|move|p1a: Toxapex|Knock Off|p2a: Landorus
|-damage|p2a: Landorus|12/100 frz
|-enditem|p2a: Landorus|Leftovers|[from] move: Knock Off|[of] p1a: Toxapex
|
|upkeep
|turn|34
|l| bbvici
|
|t:|1625775723
|switch|p1a: Garchomp|Garchomp, M|100/100
|-damage|p1a: Garchomp|94/100|[from] Stealth Rock
|-curestatus|p2a: Landorus|frz|[msg]
|move|p2a: Landorus|Earthquake|p1a: Garchomp
|-damage|p1a: Garchomp|44/100
|
|-heal|p1a: Garchomp|50/100|[from] item: Leftovers
|upkeep
|turn|35
|
|t:|1625775732
|switch|p2a: Corviknight|Corviknight, F, shiny|100/100
|-ability|p2a: Corviknight|Pressure
|move|p1a: Garchomp|Scale Shot|p2a: Corviknight
|-resisted|p2a: Corviknight
|-damage|p2a: Corviknight|97/100
|-resisted|p2a: Corviknight
|-damage|p2a: Corviknight|92/100
|-hitcount|p2a: Corviknight|2
|-unboost|p1a: Garchomp|def|1
|-boost|p1a: Garchomp|spe|1
|
|-heal|p1a: Garchomp|56/100|[from] item: Leftovers
|-heal|p2a: Corviknight|99/100|[from] item: Leftovers
|upkeep
|turn|36
|
|t:|1625775739
|switch|p1a: Toxapex|Toxapex, F|100/100 par
|-damage|p1a: Toxapex|88/100 par|[from] Stealth Rock
|move|p2a: Corviknight|U-turn|p1a: Toxapex
|-resisted|p1a: Toxapex
|-damage|p1a: Toxapex|83/100 par
|
|t:|1625775742
|switch|p2a: Landorus|Landorus-Therian, M, shiny|12/100|[from]move: U-turn
|-ability|p2a: Landorus|Intimidate|boost
|-unboost|p1a: Toxapex|atk|1
|
|upkeep
|turn|37
|
|t:|1625775747
|switch|p1a: Buzzwole|Buzzwole|100/100
|-damage|p1a: Buzzwole|88/100|[from] Stealth Rock
|move|p2a: Landorus|Earthquake|p1a: Buzzwole
|-resisted|p1a: Buzzwole
|-damage|p1a: Buzzwole|72/100
|
|upkeep
|turn|38
|
|t:|1625775750
|move|p1a: Buzzwole|Ice Punch|p2a: Landorus
|-supereffective|p2a: Landorus
|-damage|p2a: Landorus|0 fnt
|faint|p2a: Landorus
|-ability|p1a: Buzzwole|Beast Boost|boost
|-boost|p1a: Buzzwole|atk|1
|
|upkeep
|-message|4funaccount forfeited.
|
|win|LT81YL Popstar
|raw|LT81YL Popstar's rating: 1975 &rarr; <strong>1988</strong><br />(+13 for winning)
|raw|4funaccount's rating: 1857 &rarr; <strong>1844</strong><br />(-13 for losing)
|l|☆4funaccount
|l|☆LT81YL Popstar
||Ladder isn't responding, score probably updated but might not have (Request timeout).
|l| Altthiel 水
|l| Hyperspace12
|l| BigMeatDodo
|l| clothed turtle
