|j|☆gio4
|j|☆Stunfisk2140
|t:|1643963515
|gametype|singles
|player|p1|gio4|hilbert|1478
|player|p2|Stunfisk2140|2|1552
|teamsize|p1|6
|teamsize|p2|6
|gen|8
|tier|[Gen 8] OU
|rated|
|rule|Sleep Clause Mod: Limit one foe put to sleep
|rule|Species Clause: Limit one of each Pokémon
|rule|OHKO Clause: OHKO moves are banned
|rule|Evasion Moves Clause: Evasion moves are banned
|rule|Endless Battle Clause: Forcing endless battles is banned
|rule|HP Percentage Mod: HP is shown in percentages
|rule|Dynamax Clause: You cannot dynamax
|clearpoke
|poke|p1|Slowbro, M|
|poke|p1|Marowak-Alola, F|
|poke|p1|Skarmory, F|
|poke|p1|Blissey, F|
|poke|p1|Gastrodon, M|
|poke|p1|Dragonite, F|
|poke|p2|Charizard, M|
|poke|p2|Grimmsnarl, M|
|poke|p2|Garchomp, F|
|poke|p2|Togekiss, M|
|poke|p2|Zapdos-Galar|
|poke|p2|Zeraora|
|teampreview
|c|☆Stunfisk2140|glhf
|
|t:|1643963554
|start
|switch|p1a: Marowak|Marowak-Alola, F|100/100
|switch|p2a: Karen|Grimmsnarl, M, shiny|100/100
|turn|1
|inactive|Battle timer is ON: inactive players will automatically lose when time's up. (requested by Stunfisk2140)
|
|t:|1643963561
|switch|p1a: Slowbro|Slowbro, M|100/100
|move|p2a: Karen|Reflect|p2a: Karen
|-sidestart|p2: Stunfisk2140|Reflect
|
|upkeep
|turn|2
|
|t:|1643963569
|move|p2a: Karen|Spirit Break|p1a: Slowbro
|-damage|p1a: Slowbro|76/100
|-unboost|p1a: Slowbro|spa|1
|move|p1a: Slowbro|Future Sight|p2a: Karen
|-start|p1a: Slowbro|move: Future Sight
|
|upkeep
|turn|3
|
|t:|1643963576
|move|p2a: Karen|Light Screen|p2a: Karen
|-sidestart|p2: Stunfisk2140|move: Light Screen
|move|p1a: Slowbro|Teleport|p1a: Slowbro
|
|t:|1643963581
|switch|p1a: Skarmory|Skarmory, F|100/100|[from]move: Teleport
|
|upkeep
|turn|4
|
|t:|1643963588
|move|p2a: Karen|Taunt|p1a: Skarmory
|-start|p1a: Skarmory|move: Taunt
|move|p1a: Skarmory|Body Press|p2a: Karen
|-damage|p2a: Karen|81/100
|
|-end|p2a: Karen|move: Future Sight
|-immune|p2a: Karen
|upkeep
|turn|5
|
|t:|1643963596
|switch|p1a: Slowbro|Slowbro, M|100/100
|move|p2a: Karen|Spirit Break|p1a: Slowbro
|-damage|p1a: Slowbro|78/100
|-unboost|p1a: Slowbro|spa|1
|
|upkeep
|turn|6
|
|t:|1643963613
|move|p2a: Karen|Spirit Break|p1a: Slowbro
|-damage|p1a: Slowbro|54/100
|-unboost|p1a: Slowbro|spa|1
|move|p1a: Slowbro|Hydro Pump|p2a: Karen
|-damage|p2a: Karen|69/100
|-damage|p1a: Slowbro|44/100|[from] item: Life Orb
|
|upkeep
|turn|7
|
|t:|1643963625
|switch|p1a: Blissey|Blissey, F|100/100
|move|p2a: Karen|Spirit Break|p1a: Blissey
|-damage|p1a: Blissey|73/100
|-unboost|p1a: Blissey|spa|1
|
|-heal|p1a: Blissey|79/100|[from] item: Leftovers
|upkeep
|turn|8
|
|t:|1643963634
|switch|p2a: Kisame|Garchomp, F|100/100
|move|p1a: Blissey|Seismic Toss|p2a: Kisame
|-damage|p2a: Kisame|72/100
|-damage|p1a: Blissey|66/100|[from] ability: Rough Skin|[of] p2a: Kisame
|
|-heal|p1a: Blissey|72/100|[from] item: Leftovers
|-sideend|p2: Stunfisk2140|Reflect
|upkeep
|turn|9
|
|t:|1643963642
|move|p2a: Kisame|Swords Dance|p2a: Kisame
|-boost|p2a: Kisame|atk|2
|move|p1a: Blissey|Toxic|p2a: Kisame
|-status|p2a: Kisame|tox
|
|-heal|p1a: Blissey|79/100|[from] item: Leftovers
|-damage|p2a: Kisame|66/100 tox|[from] psn
|upkeep
|turn|10
|
|t:|1643963650
|switch|p1a: Skarmory|Skarmory, F|100/100
|move|p2a: Kisame|Fire Fang|p1a: Skarmory
|-supereffective|p1a: Skarmory
|-damage|p1a: Skarmory|33/100
|-damage|p2a: Kisame|57/100 tox|[from] item: Life Orb
|
|-heal|p1a: Skarmory|39/100|[from] item: Leftovers
|-damage|p2a: Kisame|44/100 tox|[from] psn
|-sideend|p2: Stunfisk2140|move: Light Screen
|upkeep
|turn|11
|
|t:|1643963670
|switch|p1a: Gastrodon|Gastrodon, M|100/100
|move|p2a: Kisame|Fire Fang|p1a: Gastrodon
|-resisted|p1a: Gastrodon
|-damage|p1a: Gastrodon|77/100
|-damage|p2a: Kisame|34/100 tox|[from] item: Life Orb
|
|-heal|p1a: Gastrodon|83/100|[from] item: Leftovers
|-damage|p2a: Kisame|16/100 tox|[from] psn
|upkeep
|turn|12
|
|t:|1643963687
|move|p2a: Kisame|Scale Shot|p1a: Gastrodon
|-damage|p1a: Gastrodon|52/100
|-damage|p1a: Gastrodon|25/100
|-hitcount|p1a: Gastrodon|2
|-unboost|p2a: Kisame|def|1
|-boost|p2a: Kisame|spe|1
|-damage|p2a: Kisame|6/100 tox|[from] item: Life Orb
|move|p1a: Gastrodon|Recover|p1a: Gastrodon
|-heal|p1a: Gastrodon|75/100
|
|-heal|p1a: Gastrodon|81/100|[from] item: Leftovers
|-damage|p2a: Kisame|0 fnt|[from] psn
|faint|p2a: Kisame
|upkeep
|
|t:|1643963700
|switch|p2a: Thicc Legs|Zapdos-Galar|100/100
|turn|13
|
|t:|1643963708
|move|p2a: Thicc Legs|Brave Bird|p1a: Gastrodon
|-damage|p1a: Gastrodon|5/100
|-damage|p2a: Thicc Legs|67/100|[from] Recoil
|move|p1a: Gastrodon|Toxic|p2a: Thicc Legs|[miss]
|-miss|p1a: Gastrodon|p2a: Thicc Legs
|
|-heal|p1a: Gastrodon|11/100|[from] item: Leftovers
|upkeep
|turn|14
|
|t:|1643963716
|move|p2a: Thicc Legs|Brave Bird|p1a: Gastrodon
|-damage|p1a: Gastrodon|0 fnt
|faint|p1a: Gastrodon
|-damage|p2a: Thicc Legs|62/100|[from] Recoil
|
|upkeep
|
|t:|1643963720
|switch|p1a: Marowak|Marowak-Alola, F|100/100
|turn|15
|
|t:|1643963724
|move|p2a: Thicc Legs|Brave Bird|p1a: Marowak
|-damage|p1a: Marowak|5/100
|-damage|p2a: Thicc Legs|30/100|[from] Recoil
|move|p1a: Marowak|Fire Punch|p2a: Thicc Legs
|-damage|p2a: Thicc Legs|0 fnt
|faint|p2a: Thicc Legs
|
|upkeep
|
|t:|1643963734
|switch|p2a: Serenity|Togekiss, M|100/100
|turn|16
|
|t:|1643963738
|move|p2a: Serenity|Air Slash|p1a: Marowak
|-damage|p1a: Marowak|0 fnt
|faint|p1a: Marowak
|
|upkeep
|
|t:|1643963745
|switch|p1a: Blissey|Blissey, F|79/100
|turn|17
|
|t:|1643963748
|move|p2a: Serenity|Substitute|p2a: Serenity
|-start|p2a: Serenity|Substitute
|-damage|p2a: Serenity|76/100
|move|p1a: Blissey|Toxic||[still]
|-fail|p1a: Blissey
|
|-heal|p1a: Blissey|85/100|[from] item: Leftovers
|upkeep
|turn|18
|
|t:|1643963755
|move|p2a: Serenity|Thunder Wave|p1a: Blissey
|-status|p1a: Blissey|par
|move|p1a: Blissey|Seismic Toss|p2a: Serenity
|-end|p2a: Serenity|Substitute
|
|-heal|p1a: Blissey|91/100 par|[from] item: Leftovers
|upkeep
|turn|19
|
|t:|1643963765
|move|p2a: Serenity|Air Slash|p1a: Blissey
|-crit|p1a: Blissey
|-damage|p1a: Blissey|73/100 par
|cant|p1a: Blissey|flinch
|
|-heal|p1a: Blissey|79/100 par|[from] item: Leftovers
|upkeep
|turn|20
|
|t:|1643963771
|move|p2a: Serenity|Substitute|p2a: Serenity
|-start|p2a: Serenity|Substitute
|-damage|p2a: Serenity|51/100
|move|p1a: Blissey|Seismic Toss|p2a: Serenity
|-end|p2a: Serenity|Substitute
|
|-heal|p1a: Blissey|86/100 par|[from] item: Leftovers
|upkeep
|turn|21
|
|t:|1643963779
|move|p2a: Serenity|Thunder Wave|p1a: Blissey
|-fail|p1a: Blissey|par
|move|p1a: Blissey|Seismic Toss|p2a: Serenity
|-damage|p2a: Serenity|24/100
|
|-heal|p1a: Blissey|92/100 par|[from] item: Leftovers
|upkeep
|turn|22
|
|t:|1643963786
|move|p2a: Serenity|Air Slash|p1a: Blissey
|-damage|p1a: Blissey|80/100 par
|cant|p1a: Blissey|flinch
|
|-heal|p1a: Blissey|86/100 par|[from] item: Leftovers
|upkeep
|turn|23
|
|t:|1643963793
|move|p2a: Serenity|Air Slash|p1a: Blissey
|-damage|p1a: Blissey|75/100 par
|cant|p1a: Blissey|flinch
|
|-heal|p1a: Blissey|82/100 par|[from] item: Leftovers
|upkeep
|turn|24
|
|t:|1643963799
|move|p2a: Serenity|Air Slash|p1a: Blissey|[miss]
|-miss|p2a: Serenity|p1a: Blissey
|move|p1a: Blissey|Toxic|p2a: Serenity
|-status|p2a: Serenity|tox
|
|-heal|p1a: Blissey|88/100 par|[from] item: Leftovers
|-damage|p2a: Serenity|18/100 tox|[from] psn
|upkeep
|turn|25
|
|t:|1643963807
|move|p2a: Serenity|Air Slash|p1a: Blissey
|-damage|p1a: Blissey|77/100 par
|move|p1a: Blissey|Teleport|p1a: Blissey
|
|t:|1643963813
|-curestatus|p1a: Blissey|par|[from] ability: Natural Cure
|switch|p1a: Skarmory|Skarmory, F|39/100|[from]move: Teleport
|
|-heal|p1a: Skarmory|45/100|[from] item: Leftovers
|-damage|p2a: Serenity|6/100 tox|[from] psn
|upkeep
|turn|26
|
|t:|1643963823
|switch|p1a: Blissey|Blissey, F|77/100
|move|p2a: Serenity|Thunder Wave|p1a: Blissey
|-status|p1a: Blissey|par
|
|-heal|p1a: Blissey|83/100 par|[from] item: Leftovers
|-damage|p2a: Serenity|0 fnt|[from] psn
|faint|p2a: Serenity
|upkeep
|
|t:|1643963831
|switch|p2a: "Overrated"|Charizard, M, shiny|100/100
|turn|27
|
|t:|1643963838
|move|p2a: "Overrated"|Substitute|p2a: "Overrated"
|-start|p2a: "Overrated"|Substitute
|-damage|p2a: "Overrated"|76/100
|move|p1a: Blissey|Toxic||[still]
|-fail|p1a: Blissey
|
|-heal|p1a: Blissey|89/100 par|[from] item: Leftovers
|upkeep
|turn|28
|
|t:|1643963845
|move|p2a: "Overrated"|Belly Drum|p2a: "Overrated"
|-damage|p2a: "Overrated"|26/100
|-setboost|p2a: "Overrated"|atk|6|[from] move: Belly Drum
|move|p1a: Blissey|Seismic Toss|p2a: "Overrated"
|-end|p2a: "Overrated"|Substitute
|
|-heal|p1a: Blissey|96/100 par|[from] item: Leftovers
|upkeep
|turn|29
|
|t:|1643963858
|-curestatus|p1a: Blissey|par|[from] ability: Natural Cure
|switch|p1a: Skarmory|Skarmory, F|45/100
|move|p2a: "Overrated"|Fire Punch|p1a: Skarmory
|-supereffective|p1a: Skarmory
|-damage|p1a: Skarmory|0 fnt
|faint|p1a: Skarmory
|
|upkeep
|
|t:|1643963865
|switch|p1a: Dragonite|Dragonite, F|100/100
|turn|30
|
|t:|1643963868
|move|p2a: "Overrated"|Fire Punch|p1a: Dragonite
|-resisted|p1a: Dragonite
|-damage|p1a: Dragonite|61/100
|move|p1a: Dragonite|Dragon Dance|p1a: Dragonite
|-boost|p1a: Dragonite|atk|1
|-boost|p1a: Dragonite|spe|1
|
|upkeep
|turn|31
|
|t:|1643963875
|move|p1a: Dragonite|Ice Punch|p2a: "Overrated"
|-damage|p2a: "Overrated"|0 fnt
|faint|p2a: "Overrated"
|
|upkeep
|
|t:|1643963879
|switch|p2a: Karen|Grimmsnarl, M, shiny|69/100
|turn|32
|
|t:|1643963888
|switch|p1a: Slowbro|Slowbro, M|77/100
|move|p2a: Karen|Reflect|p2a: Karen
|-sidestart|p2: Stunfisk2140|Reflect
|
|upkeep
|turn|33
|
|t:|1643963895
|move|p2a: Karen|Spirit Break|p1a: Slowbro
|-damage|p1a: Slowbro|53/100
|-unboost|p1a: Slowbro|spa|1
|move|p1a: Slowbro|Hydro Pump|p2a: Karen
|-damage|p2a: Karen|36/100
|-damage|p1a: Slowbro|43/100|[from] item: Life Orb
|
|upkeep
|turn|34
|
|t:|1643963903
|move|p2a: Karen|Spirit Break|p1a: Slowbro
|-damage|p1a: Slowbro|18/100
|-unboost|p1a: Slowbro|spa|1
|move|p1a: Slowbro|Teleport|p1a: Slowbro
|
|t:|1643963906
|switch|p1a: Blissey|Blissey, F|96/100|[from]move: Teleport
|
|-heal|p1a: Blissey|100/100|[from] item: Leftovers
|upkeep
|turn|35
|
|t:|1643963913
|move|p2a: Karen|Taunt|p1a: Blissey
|-start|p1a: Blissey|move: Taunt
|move|p1a: Blissey|Seismic Toss|p2a: Karen
|-damage|p2a: Karen|11/100
|
|upkeep
|turn|36
|
|t:|1643963920
|switch|p1a: Slowbro|Slowbro, M|52/100
|move|p2a: Karen|Spirit Break|p1a: Slowbro
|-damage|p1a: Slowbro|29/100
|-unboost|p1a: Slowbro|spa|1
|
|upkeep
|turn|37
|
|t:|1643963927
|switch|p1a: Blissey|Blissey, F|100/100
|move|p2a: Karen|Spirit Break|p1a: Blissey
|-damage|p1a: Blissey|73/100
|-unboost|p1a: Blissey|spa|1
|
|-heal|p1a: Blissey|79/100|[from] item: Leftovers
|upkeep
|turn|38
|
|t:|1643963940
|switch|p1a: Slowbro|Slowbro, M|62/100
|move|p2a: Karen|Taunt|p1a: Slowbro
|-start|p1a: Slowbro|move: Taunt
|
|upkeep
|turn|39
|
|t:|1643963951
|move|p2a: Karen|Light Screen|p2a: Karen
|-sidestart|p2: Stunfisk2140|move: Light Screen
|move|p1a: Slowbro|Flamethrower|p2a: Karen
|-damage|p2a: Karen|0 fnt
|faint|p2a: Karen
|-damage|p1a: Slowbro|52/100|[from] item: Life Orb
|
|-sideend|p2: Stunfisk2140|Reflect
|upkeep
|
|t:|1643963958
|switch|p2a: I Am Sped|Zeraora|100/100
|turn|40
|
|t:|1643963961
|move|p2a: I Am Sped|Bulk Up|p2a: I Am Sped
|-boost|p2a: I Am Sped|atk|1
|-boost|p2a: I Am Sped|def|1
|move|p1a: Slowbro|Hydro Pump|p2a: I Am Sped
|-damage|p2a: I Am Sped|57/100
|-damage|p1a: Slowbro|42/100|[from] item: Life Orb
|
|-heal|p2a: I Am Sped|63/100|[from] item: Leftovers
|-end|p1a: Slowbro|move: Taunt
|upkeep
|turn|41
|
|t:|1643963973
|move|p2a: I Am Sped|Plasma Fists|p1a: Slowbro
|-supereffective|p1a: Slowbro
|-damage|p1a: Slowbro|0 fnt
|-fieldactivate|move: Ion Deluge
|-hint|Normal-type moves become Electric-type after using Plasma Fists.
|faint|p1a: Slowbro
|
|-heal|p2a: I Am Sped|69/100|[from] item: Leftovers
|upkeep
|
|t:|1643963979
|switch|p1a: Blissey|Blissey, F|79/100
|turn|42
|
|t:|1643963987
|move|p2a: I Am Sped|Bulk Up|p2a: I Am Sped
|-boost|p2a: I Am Sped|atk|1
|-boost|p2a: I Am Sped|def|1
|move|p1a: Blissey|Seismic Toss|p2a: I Am Sped
|-damage|p2a: I Am Sped|37/100
|
|-heal|p2a: I Am Sped|43/100|[from] item: Leftovers
|-heal|p1a: Blissey|86/100|[from] item: Leftovers
|upkeep
|turn|43
|
|t:|1643963996
|move|p2a: I Am Sped|Close Combat|p1a: Blissey
|-supereffective|p1a: Blissey
|-damage|p1a: Blissey|0 fnt
|-unboost|p2a: I Am Sped|def|1
|-unboost|p2a: I Am Sped|spd|1
|faint|p1a: Blissey
|
|-heal|p2a: I Am Sped|49/100|[from] item: Leftovers
|upkeep
|
|t:|1643963998
|switch|p1a: Dragonite|Dragonite, F|61/100
|turn|44
|c|☆Stunfisk2140|gg
|-message|gio4 forfeited.
|
|win|Stunfisk2140
|raw|gio4's rating: 1478 &rarr; <strong>1462</strong><br />(-16 for losing)
|raw|Stunfisk2140's rating: 1552 &rarr; <strong>1568</strong><br />(+16 for winning)
|l|☆gio4
