|raw|<div class="broadcast-blue"><strong>This battle is required to be public due to a player having a name starting with 'lt81yl'.</div>
|j|☆LT81YL BT
|j|☆Plasmeek
|t:|1625123701
|gametype|singles
|player|p1|LT81YL BT|170|1841
|player|p2|Plasmeek|102|1730
|teamsize|p1|6
|teamsize|p2|6
|gen|8
|tier|[Gen 8] OU
|rated|
|rule|Sleep Clause Mod: Limit one foe put to sleep
|rule|Species Clause: Limit one of each Pokémon
|rule|OHKO Clause: OHKO moves are banned
|rule|Evasion Moves Clause: Evasion moves are banned
|rule|Endless Battle Clause: Forcing endless battles is banned
|rule|HP Percentage Mod: HP is shown in percentages
|rule|Dynamax Clause: You cannot dynamax
|clearpoke
|poke|p1|Tapu Koko|
|poke|p1|Heatran, M|
|poke|p1|Toxapex, M|
|poke|p1|Landorus-Therian, M|
|poke|p1|Urshifu-*, M|
|poke|p1|Tornadus-Therian, M|
|poke|p2|Bisharp, M|
|poke|p2|Slowking, M|
|poke|p2|Clefable, F|
|poke|p2|Landorus-Therian, M|
|poke|p2|Dragapult, M|
|poke|p2|Skarmory, F|
|teampreview
|j| Enzonana
|j| Magic
|j|+ez
|j| Xizaaa
|j| IPF
|inactive|Battle timer is ON: inactive players will automatically lose when time's up. (requested by LT81YL BT)
|j| LT81YL 64
|
|t:|1625123733
|start
|switch|p1a: Urshifu|Urshifu-Rapid-Strike, M|100/100
|switch|p2a: Dragapult|Dragapult, M|100/100
|turn|1
|
|t:|1625123741
|switch|p1a: Tornadus|Tornadus-Therian, M|100/100
|move|p2a: Dragapult|U-turn|p1a: Tornadus
|-resisted|p1a: Tornadus
|-damage|p1a: Tornadus|91/100
|j| King Yugon
|
|t:|1625123749
|switch|p2a: Clefable|Clefable, F|100/100|[from]move: U-turn
|
|upkeep
|turn|2
|j| i♥catgirls
|
|t:|1625123755
|move|p1a: Tornadus|Knock Off|p2a: Clefable
|-resisted|p2a: Clefable
|-damage|p2a: Clefable|89/100
|-enditem|p2a: Clefable|Leftovers|[from] move: Knock Off|[of] p1a: Tornadus
|move|p2a: Clefable|Stealth Rock|p1a: Tornadus
|-sidestart|p1: LT81YL BT|move: Stealth Rock
|
|upkeep
|turn|3
|
|t:|1625123762
|move|p1a: Tornadus|Defog|p2a: Clefable
|-unboost|p2a: Clefable|evasion|1
|-sideend|p1: LT81YL BT|Stealth Rock|[from] move: Defog|[of] p1a: Tornadus
|move|p2a: Clefable|Thunder Wave|p1a: Tornadus
|-status|p1a: Tornadus|par
|
|upkeep
|turn|4
|
|t:|1625123769
|switch|p1a: Heatran|Heatran, M|100/100
|move|p2a: Clefable|Stealth Rock|p1a: Heatran
|-sidestart|p1: LT81YL BT|move: Stealth Rock
|
|upkeep
|turn|5
|
|t:|1625123776
|switch|p2a: Slowking|Slowking, M|100/100
|move|p1a: Heatran|Stealth Rock|p2a: Slowking
|-sidestart|p2: Plasmeek|move: Stealth Rock
|
|upkeep
|turn|6
|j| Nfecbhytcv
|inactive|LT81YL BT has 120 seconds left.
|
|t:|1625123811
|move|p1a: Heatran|Toxic|p2a: Slowking
|-status|p2a: Slowking|tox
|move|p2a: Slowking|Future Sight|p1a: Heatran
|-start|p2a: Slowking|move: Future Sight
|
|-damage|p2a: Slowking|94/100 tox|[from] psn
|upkeep
|turn|7
|inactive|LT81YL BT has 120 seconds left.
|
|t:|1625123830
|switch|p1a: Urshifu|Urshifu-Rapid-Strike, M|100/100
|-damage|p1a: Urshifu|94/100|[from] Stealth Rock
|move|p2a: Slowking|Teleport|p2a: Slowking
|
|t:|1625123838
|switch|p2a: Dragapult|Dragapult, M|100/100|[from]move: Teleport
|-damage|p2a: Dragapult|88/100|[from] Stealth Rock
|
|upkeep
|turn|8
|j| Goojoo
|inactive|LT81YL BT has 120 seconds left.
|l| Goojoo
|inactive|LT81YL BT has 90 seconds left.
|
|t:|1625123894
|switch|p1a: Heatran|Heatran, M|100/100
|-damage|p1a: Heatran|88/100|[from] Stealth Rock
|move|p2a: Dragapult|Shadow Ball|p1a: Heatran
|-damage|p1a: Heatran|57/100
|-unboost|p1a: Heatran|spd|1
|
|-end|p1a: Heatran|move: Future Sight
|-resisted|p1a: Heatran
|-damage|p1a: Heatran|38/100
|-heal|p1a: Heatran|44/100|[from] item: Leftovers
|upkeep
|turn|9
|
|t:|1625123900
|switch|p1a: Tornadus|Tornadus-Therian, M|100/100 par
|move|p2a: Dragapult|Shadow Ball|p1a: Tornadus
|-damage|p1a: Tornadus|47/100 par
|
|upkeep
|turn|10
|
|t:|1625123907
|switch|p1a: Toxapex|Toxapex, M|100/100
|-damage|p1a: Toxapex|88/100|[from] Stealth Rock
|move|p2a: Dragapult|Shadow Ball|p1a: Toxapex
|-damage|p1a: Toxapex|48/100
|
|upkeep
|turn|11
|
|t:|1625123915
|switch|p2a: Clefable|Clefable, F|89/100
|move|p1a: Toxapex|Recover|p1a: Toxapex
|-heal|p1a: Toxapex|99/100
|
|upkeep
|turn|12
|inactive|LT81YL BT has 90 seconds left.
|
|t:|1625123928
|switch|p2a: Slowking|Slowking, M|100/100 tox
|switch|p1a: Heatran|Heatran, M|44/100
|-damage|p1a: Heatran|31/100|[from] Stealth Rock
|
|-heal|p1a: Heatran|38/100|[from] item: Leftovers
|-damage|p2a: Slowking|94/100 tox|[from] psn
|upkeep
|turn|13
|inactive|LT81YL BT has 90 seconds left.
|
|t:|1625123953
|switch|p1a: Urshifu|Urshifu-Rapid-Strike, M|94/100
|-damage|p1a: Urshifu|88/100|[from] Stealth Rock
|move|p2a: Slowking|Future Sight|p1a: Urshifu
|-start|p2a: Slowking|move: Future Sight
|
|-damage|p2a: Slowking|82/100 tox|[from] psn
|upkeep
|turn|14
|
|t:|1625123967
|move|p1a: Urshifu|U-turn|p2a: Slowking
|-supereffective|p2a: Slowking
|-damage|p2a: Slowking|2/100 tox
|inactive|LT81YL BT has 90 seconds left.
|
|t:|1625123975
|switch|p1a: Toxapex|Toxapex, M|100/100|[from]move: U-turn
|-damage|p1a: Toxapex|88/100|[from] Stealth Rock
|move|p2a: Slowking|Teleport|p2a: Slowking
|
|t:|1625123983
|switch|p2a: Landorus|Landorus-Therian, M|100/100|[from]move: Teleport
|-damage|p2a: Landorus|88/100|[from] Stealth Rock
|-ability|p2a: Landorus|Intimidate|boost
|-unboost|p1a: Toxapex|atk|1
|
|-heal|p2a: Landorus|94/100|[from] item: Leftovers
|upkeep
|turn|15
|
|t:|1625123989
|switch|p1a: Tornadus|Tornadus-Therian, M|81/100 par
|move|p2a: Landorus|Earthquake|p1a: Tornadus
|-immune|p1a: Tornadus
|
|-end|p1a: Tornadus|move: Future Sight
|-damage|p1a: Tornadus|38/100 par
|-heal|p2a: Landorus|99/100|[from] item: Leftovers
|upkeep
|turn|16
|
|t:|1625123996
|move|p2a: Landorus|Stone Edge|p1a: Tornadus
|-supereffective|p1a: Tornadus
|-damage|p1a: Tornadus|0 fnt
|faint|p1a: Tornadus
|
|-heal|p2a: Landorus|100/100|[from] item: Leftovers
|upkeep
|
|t:|1625123999
|switch|p1a: Urshifu|Urshifu-Rapid-Strike, M|88/100
|-damage|p1a: Urshifu|82/100|[from] Stealth Rock
|turn|17
|
|t:|1625124005
|switch|p2a: Skarmory|Skarmory, F|100/100
|-damage|p2a: Skarmory|88/100|[from] Stealth Rock
|move|p1a: Urshifu|Surging Strikes|p2a: Skarmory
|-crit|p2a: Skarmory
|-damage|p2a: Skarmory|71/100
|-damage|p1a: Urshifu|66/100|[from] item: Rocky Helmet|[of] p2a: Skarmory
|-crit|p2a: Skarmory
|-damage|p2a: Skarmory|52/100
|-damage|p1a: Urshifu|49/100|[from] item: Rocky Helmet|[of] p2a: Skarmory
|-crit|p2a: Skarmory
|-damage|p2a: Skarmory|35/100
|-damage|p1a: Urshifu|33/100|[from] item: Rocky Helmet|[of] p2a: Skarmory
|-hitcount|p2a: Skarmory|3
|
|upkeep
|turn|18
|
|t:|1625124013
|move|p1a: Urshifu|Surging Strikes|p2a: Skarmory
|-crit|p2a: Skarmory
|-damage|p2a: Skarmory|18/100
|-damage|p1a: Urshifu|16/100|[from] item: Rocky Helmet|[of] p2a: Skarmory
|-crit|p2a: Skarmory
|-damage|p2a: Skarmory|0 fnt
|-damage|p1a: Urshifu|0 fnt|[from] item: Rocky Helmet|[of] p2a: Skarmory
|faint|p2a: Skarmory
|faint|p1a: Urshifu
|-hitcount|p2: Skarmory|2
|
|upkeep
|inactive|LT81YL BT has 120 seconds left.
|
|t:|1625124044
|switch|p1a: Landorus|Landorus-Therian, M|100/100
|switch|p2a: Slowking|Slowking, M|36/100 tox
|-damage|p1a: Landorus|88/100|[from] Stealth Rock
|-ability|p1a: Landorus|Intimidate|boost
|-unboost|p2a: Slowking|atk|1
|turn|19
|
|t:|1625124053
|switch|p2a: Bisharp|Bisharp, M|100/100
|-damage|p2a: Bisharp|94/100|[from] Stealth Rock
|move|p1a: Landorus|Substitute|p1a: Landorus
|-start|p1a: Landorus|Substitute
|-damage|p1a: Landorus|63/100
|
|-heal|p1a: Landorus|69/100|[from] item: Leftovers
|upkeep
|turn|20
|
|t:|1625124059
|move|p2a: Bisharp|Knock Off|p1a: Landorus
|-end|p1a: Landorus|Substitute
|move|p1a: Landorus|Bulk Up|p1a: Landorus
|-boost|p1a: Landorus|atk|1
|-boost|p1a: Landorus|def|1
|
|-heal|p1a: Landorus|75/100|[from] item: Leftovers
|upkeep
|turn|21
|
|t:|1625124064
|move|p2a: Bisharp|Knock Off|p1a: Landorus
|-damage|p1a: Landorus|19/100
|-enditem|p1a: Landorus|Leftovers|[from] move: Knock Off|[of] p2a: Bisharp
|move|p1a: Landorus|Earthquake|p2a: Bisharp
|-supereffective|p2a: Bisharp
|-damage|p2a: Bisharp|0 fnt
|faint|p2a: Bisharp
|
|upkeep
|
|t:|1625124071
|switch|p2a: Dragapult|Dragapult, M|88/100
|-damage|p2a: Dragapult|76/100|[from] Stealth Rock
|turn|22
|inactive|LT81YL BT has 120 seconds left.
|
|t:|1625124105
|switch|p1a: Toxapex|Toxapex, M|100/100
|-damage|p1a: Toxapex|88/100|[from] Stealth Rock
|move|p2a: Dragapult|Shadow Ball|p1a: Toxapex
|-damage|p1a: Toxapex|51/100
|-unboost|p1a: Toxapex|spd|1
|
|upkeep
|turn|23
|
|t:|1625124111
|switch|p1a: Landorus|Landorus-Therian, M|19/100
|-damage|p1a: Landorus|7/100|[from] Stealth Rock
|-ability|p1a: Landorus|Intimidate|boost
|-unboost|p2a: Dragapult|atk|1
|move|p2a: Dragapult|Shadow Ball|p1a: Landorus
|-damage|p1a: Landorus|0 fnt
|faint|p1a: Landorus
|
|upkeep
|
|t:|1625124114
|switch|p1a: Tapu Koko|Tapu Koko|100/100
|-fieldstart|move: Electric Terrain|[from] ability: Electric Surge|[of] p1a: Tapu Koko
|turn|24
|
|t:|1625124121
|move|p2a: Dragapult|Shadow Ball|p1a: Tapu Koko
|-damage|p1a: Tapu Koko|24/100
|move|p1a: Tapu Koko|Dazzling Gleam|p2a: Dragapult
|-supereffective|p2a: Dragapult
|-crit|p2a: Dragapult
|-damage|p2a: Dragapult|0 fnt
|faint|p2a: Dragapult
|
|upkeep
|
|t:|1625124127
|switch|p2a: Landorus|Landorus-Therian, M|100/100
|-damage|p2a: Landorus|88/100|[from] Stealth Rock
|-ability|p2a: Landorus|Intimidate|boost
|-unboost|p1a: Tapu Koko|atk|1
|turn|25
|j| Fylkir Pudin
|
|t:|1625124148
|move|p1a: Tapu Koko|Dazzling Gleam|p2a: Landorus
|-damage|p2a: Landorus|50/100
|move|p2a: Landorus|Earthquake|p1a: Tapu Koko
|-supereffective|p1a: Tapu Koko
|-damage|p1a: Tapu Koko|0 fnt
|faint|p1a: Tapu Koko
|
|-heal|p2a: Landorus|56/100|[from] item: Leftovers
|upkeep
|
|t:|1625124152
|switch|p1a: Toxapex|Toxapex, M|85/100
|-damage|p1a: Toxapex|72/100|[from] Stealth Rock
|turn|26
|-message|LT81YL BT forfeited.
|
|win|Plasmeek
|raw|LT81YL BT's rating: 1841 &rarr; <strong>1815</strong><br />(-26 for losing)
|raw|Plasmeek's rating: 1730 &rarr; <strong>1756</strong><br />(+26 for winning)
|l|☆LT81YL BT
|l| IPF
