|j|☆jptoroglass
|j|☆Corumba
|t:|1648737241
|gametype|singles
|player|p1|jptoroglass|furisodegirl-black|1727
|player|p2|Corumba|265|1797
|teamsize|p1|6
|teamsize|p2|6
|gen|8
|tier|[Gen 8] OU
|rated|
|rule|Sleep Clause Mod: Limit one foe put to sleep
|rule|Species Clause: Limit one of each Pokémon
|rule|OHKO Clause: OHKO moves are banned
|rule|Evasion Moves Clause: Evasion moves are banned
|rule|Endless Battle Clause: Forcing endless battles is banned
|rule|HP Percentage Mod: HP is shown in percentages
|rule|Dynamax Clause: You cannot dynamax
|clearpoke
|poke|p1|Mew|
|poke|p1|Cloyster, F|
|poke|p1|Gengar, M|
|poke|p1|Bisharp, F|
|poke|p1|Rillaboom, F|
|poke|p1|Hawlucha, F|
|poke|p2|Melmetal|
|poke|p2|Mamoswine, M|
|poke|p2|Ferrothorn, M|
|poke|p2|Celesteela|
|poke|p2|Dragapult, M|
|poke|p2|Dragonite, F|
|teampreview
|
|t:|1648737256
|start
|switch|p1a: Mew|Mew, shiny|100/100
|switch|p2a: Mamoswine|Mamoswine, M|100/100
|turn|1
|
|t:|1648737263
|move|p1a: Mew|Stealth Rock|p2a: Mamoswine
|-sidestart|p2: Corumba|move: Stealth Rock
|move|p2a: Mamoswine|Stealth Rock|p1a: Mew
|-sidestart|p1: jptoroglass|move: Stealth Rock
|
|upkeep
|turn|2
|
|t:|1648737266
|move|p1a: Mew|Spikes|p2a: Mamoswine
|-sidestart|p2: Corumba|Spikes
|move|p2a: Mamoswine|Earthquake|p1a: Mew
|-damage|p1a: Mew|54/100
|-enditem|p1a: Mew|Red Card|[of] p2a: Mamoswine
|drag|p2a: Melmetal|Melmetal|100/100
|-damage|p2a: Melmetal|94/100|[from] Stealth Rock
|-damage|p2a: Melmetal|82/100|[from] Spikes
|
|upkeep
|turn|3
|
|t:|1648737275
|move|p1a: Mew|Spikes|p2a: Melmetal
|-sidestart|p2: Corumba|Spikes
|move|p2a: Melmetal|Double Iron Bash|p1a: Mew
|-damage|p1a: Mew|18/100
|-damage|p1a: Mew|0 fnt
|faint|p1a: Mew
|-hitcount|p1: Mew|2
|
|upkeep
|
|t:|1648737293
|switch|p1a: Okage|Gengar, M|100/100
|-damage|p1a: Okage|88/100|[from] Stealth Rock
|turn|4
|
|t:|1648737330
|switch|p2a: Ferrothorn|Ferrothorn, M|100/100
|-damage|p2a: Ferrothorn|95/100|[from] Stealth Rock
|-damage|p2a: Ferrothorn|78/100|[from] Spikes
|move|p1a: Okage|Focus Blast|p2a: Ferrothorn|[miss]
|-miss|p1a: Okage|p2a: Ferrothorn
|
|-heal|p2a: Ferrothorn|84/100|[from] item: Leftovers
|upkeep
|turn|5
|
|t:|1648737338
|move|p1a: Okage|Taunt|p2a: Ferrothorn
|-start|p2a: Ferrothorn|move: Taunt
|cant|p2a: Ferrothorn|move: Taunt|Thunder Wave
|
|-heal|p2a: Ferrothorn|90/100|[from] item: Leftovers
|upkeep
|turn|6
|
|t:|1648737344
|move|p1a: Okage|Nasty Plot|p1a: Okage
|-boost|p1a: Okage|spa|2
|move|p2a: Ferrothorn|Power Whip|p1a: Okage
|-resisted|p1a: Okage
|-damage|p1a: Okage|52/100
|
|-heal|p2a: Ferrothorn|96/100|[from] item: Leftovers
|upkeep
|turn|7
|inactive|Battle timer is ON: inactive players will automatically lose when time's up. (requested by jptoroglass)
|inactive|Corumba has 120 seconds left.
|
|t:|1648737396
|move|p1a: Okage|Focus Blast|p2a: Ferrothorn|[miss]
|-miss|p1a: Okage|p2a: Ferrothorn
|move|p2a: Ferrothorn|Power Whip|p1a: Okage
|-resisted|p1a: Okage
|-damage|p1a: Okage|15/100
|
|-heal|p2a: Ferrothorn|100/100|[from] item: Leftovers
|-end|p2a: Ferrothorn|move: Taunt
|upkeep
|turn|8
|
|t:|1648737404
|move|p1a: Okage|Focus Blast|p2a: Ferrothorn|[miss]
|-miss|p1a: Okage|p2a: Ferrothorn
|move|p2a: Ferrothorn|Spikes|p1a: Okage
|-sidestart|p1: jptoroglass|Spikes
|
|upkeep
|turn|9
|c|☆jptoroglass|lol
|
|t:|1648737410
|move|p1a: Okage|Focus Blast|p2a: Ferrothorn
|-supereffective|p2a: Ferrothorn
|-damage|p2a: Ferrothorn|0 fnt
|faint|p2a: Ferrothorn
|
|upkeep
|
|t:|1648737415
|switch|p2a: Dragapult|Dragapult, M|100/100
|turn|10
|
|t:|1648737422
|move|p2a: Dragapult|Flamethrower|p1a: Okage
|-damage|p1a: Okage|0 fnt
|faint|p1a: Okage
|
|upkeep
|
|t:|1648737427
|switch|p1a: Zero|Bisharp, F|100/100
|-damage|p1a: Zero|88/100|[from] Spikes
|-damage|p1a: Zero|82/100|[from] Stealth Rock
|turn|11
|
|t:|1648737436
|switch|p2a: Dragonite|Dragonite, F|100/100
|move|p1a: Zero|Knock Off|p2a: Dragonite
|-damage|p2a: Dragonite|73/100
|-enditem|p2a: Dragonite|Heavy-Duty Boots|[from] move: Knock Off|[of] p1a: Zero
|
|upkeep
|turn|12
|
|t:|1648737449
|switch|p1a: MagicConch|Cloyster, F|100/100
|-damage|p1a: MagicConch|76/100|[from] Stealth Rock
|-damage|p1a: MagicConch|63/100|[from] Spikes
|move|p2a: Dragonite|Earthquake|p1a: MagicConch
|-damage|p1a: MagicConch|41/100
|
|upkeep
|turn|13
|
|t:|1648737454
|switch|p2a: Melmetal|Melmetal|82/100
|-damage|p2a: Melmetal|76/100|[from] Stealth Rock
|-damage|p2a: Melmetal|59/100|[from] Spikes
|move|p1a: MagicConch|Shell Smash|p1a: MagicConch
|-unboost|p1a: MagicConch|def|1
|-unboost|p1a: MagicConch|spd|1
|-boost|p1a: MagicConch|atk|2
|-boost|p1a: MagicConch|spa|2
|-boost|p1a: MagicConch|spe|2
|
|upkeep
|turn|14
|
|t:|1648737460
|move|p1a: MagicConch|Icicle Spear|p2a: Melmetal
|-resisted|p2a: Melmetal
|-damage|p2a: Melmetal|52/100
|-resisted|p2a: Melmetal
|-damage|p2a: Melmetal|44/100
|-resisted|p2a: Melmetal
|-crit|p2a: Melmetal
|-damage|p2a: Melmetal|33/100
|-resisted|p2a: Melmetal
|-damage|p2a: Melmetal|26/100
|-resisted|p2a: Melmetal
|-damage|p2a: Melmetal|19/100
|-hitcount|p2a: Melmetal|5
|move|p2a: Melmetal|Double Iron Bash|p1a: MagicConch
|-damage|p1a: MagicConch|0 fnt
|faint|p1a: MagicConch
|-hitcount|p1: MagicConch|1
|
|upkeep
|
|t:|1648737471
|switch|p1a: Zero|Bisharp, F|82/100
|-damage|p1a: Zero|70/100|[from] Spikes
|-damage|p1a: Zero|64/100|[from] Stealth Rock
|turn|15
|
|t:|1648737482
|move|p1a: Zero|Knock Off|p2a: Melmetal
|-damage|p2a: Melmetal|0 fnt
|-enditem|p2a: Melmetal|Protective Pads|[from] move: Knock Off|[of] p1a: Zero
|faint|p2a: Melmetal
|
|upkeep
|
|t:|1648737488
|switch|p2a: Mamoswine|Mamoswine, M|100/100
|turn|16
|
|t:|1648737502
|switch|p1a: DK did it first|Rillaboom, F|100/100
|-damage|p1a: DK did it first|88/100|[from] Spikes
|-damage|p1a: DK did it first|76/100|[from] Stealth Rock
|-fieldstart|move: Grassy Terrain|[from] ability: Grassy Surge|[of] p1a: DK did it first
|move|p2a: Mamoswine|Earthquake|p1a: DK did it first
|-resisted|p1a: DK did it first
|-damage|p1a: DK did it first|59/100
|
|-heal|p1a: DK did it first|65/100|[from] Grassy Terrain
|upkeep
|turn|17
|
|t:|1648737510
|switch|p2a: Celesteela|Celesteela|100/100
|-damage|p2a: Celesteela|88/100|[from] Stealth Rock
|move|p1a: DK did it first|Swords Dance|p1a: DK did it first
|-boost|p1a: DK did it first|atk|2
|
|-heal|p1a: DK did it first|71/100|[from] Grassy Terrain
|upkeep
|turn|18
|
|t:|1648737514
|move|p1a: DK did it first|Knock Off|p2a: Celesteela
|-damage|p2a: Celesteela|0 fnt
|-enditem|p2a: Celesteela|Power Herb|[from] move: Knock Off|[of] p1a: DK did it first
|faint|p2a: Celesteela
|-damage|p1a: DK did it first|61/100|[from] item: Life Orb
|
|-heal|p1a: DK did it first|67/100|[from] Grassy Terrain
|upkeep
|
|t:|1648737518
|switch|p2a: Dragonite|Dragonite, F|73/100
|-damage|p2a: Dragonite|48/100|[from] Stealth Rock
|turn|19
|
|t:|1648737523
|move|p2a: Dragonite|Ice Beam|p1a: DK did it first
|-supereffective|p1a: DK did it first
|-damage|p1a: DK did it first|9/100
|move|p1a: DK did it first|Knock Off|p2a: Dragonite
|-damage|p2a: Dragonite|0 fnt
|faint|p2a: Dragonite
|-damage|p1a: DK did it first|0 fnt|[from] item: Life Orb
|faint|p1a: DK did it first
|
|upkeep
|
|t:|1648737534
|switch|p2a: Dragapult|Dragapult, M|100/100
|switch|p1a: Adam West|Hawlucha, F|100/100
|-damage|p1a: Adam West|88/100|[from] Stealth Rock
|-enditem|p1a: Adam West|Grassy Seed
|-boost|p1a: Adam West|def|1|[from] item: Grassy Seed
|turn|20
|
|t:|1648737542
|move|p1a: Adam West|Acrobatics|p2a: Dragapult
|-damage|p2a: Dragapult|31/100
|move|p2a: Dragapult|Dragon Darts|p1a: Adam West
|-damage|p1a: Adam West|64/100
|-anim|p2a: Dragapult|Dragon Darts|p1a: Adam West
|-damage|p1a: Adam West|38/100
|
|-heal|p2a: Dragapult|37/100|[from] Grassy Terrain
|-fieldend|move: Grassy Terrain
|upkeep
|turn|21
|
|t:|1648737551
|move|p1a: Adam West|Acrobatics|p2a: Dragapult
|-damage|p2a: Dragapult|0 fnt
|faint|p2a: Dragapult
|
|upkeep
|
|t:|1648737554
|switch|p2a: Mamoswine|Mamoswine, M|100/100
|turn|22
|
|t:|1648737557
|move|p2a: Mamoswine|Ice Shard|p1a: Adam West
|-supereffective|p1a: Adam West
|-damage|p1a: Adam West|0 fnt
|faint|p1a: Adam West
|
|upkeep
|c|☆jptoroglass|gg
|
|t:|1648737562
|switch|p1a: Zero|Bisharp, F|64/100
|-damage|p1a: Zero|52/100|[from] Spikes
|-damage|p1a: Zero|46/100|[from] Stealth Rock
|turn|23
|c|☆Corumba|gg
|
|t:|1648737567
|move|p2a: Mamoswine|Earthquake|p1a: Zero
|-supereffective|p1a: Zero
|-damage|p1a: Zero|0 fnt
|faint|p1a: Zero
|
|win|Corumba
|raw|jptoroglass's rating: 1727 &rarr; <strong>1711</strong><br />(-16 for losing)
|raw|Corumba's rating: 1797 &rarr; <strong>1813</strong><br />(+16 for winning)
|j| EvansBlue
|l|☆Corumba
