|j|☆someidiot19
|j|☆XuYyi
|t:|1667927198
|gametype|singles
|player|p1|someidiot19|karen-gen2|1618
|player|p2|XuYyi|pokemonrangerf-gen4|1703
|teamsize|p1|6
|teamsize|p2|6
|gen|8
|tier|[Gen 8] OU
|rated|
|rule|Sleep Clause Mod: Limit one foe put to sleep
|rule|Species Clause: Limit one of each Pokémon
|rule|OHKO Clause: OHKO moves are banned
|rule|Evasion Items Clause: Evasion items are banned
|rule|Evasion Moves Clause: Evasion moves are banned
|rule|Endless Battle Clause: Forcing endless battles is banned
|rule|HP Percentage Mod: HP is shown in percentages
|rule|Dynamax Clause: You cannot dynamax
|clearpoke
|poke|p1|Zoroark, M|
|poke|p1|Kartana|
|poke|p1|Corviknight, M|
|poke|p1|Garchomp, F|
|poke|p1|Slowking-Galar, F|
|poke|p1|Buzzwole|
|poke|p2|Landorus-Therian, M|
|poke|p2|Zapdos|
|poke|p2|Blacephalon|
|poke|p2|Bisharp, F|
|poke|p2|Rillaboom, M|
|poke|p2|Urshifu-*, M|
|teampreview
|inactive|Battle timer is ON: inactive players will automatically lose when time's up. (requested by someidiot19)
|
|t:|1667927223
|start
|switch|p1a: Kartana|Kartana|100/100
|switch|p2a: Urshifu|Urshifu-Rapid-Strike, M|100/100
|turn|1
|
|t:|1667927232
|switch|p2a: Zapdos|Zapdos|100/100
|move|p1a: Kartana|Dark Pulse|p2a: Zapdos
|-damage|p2a: Zapdos|43/100
|
|upkeep
|turn|2
|
|t:|1667927244
|switch|p2a: Urshifu|Urshifu-Rapid-Strike, M|100/100
|move|p1a: Kartana|Dark Pulse|p2a: Urshifu
|-resisted|p2a: Urshifu
|-damage|p2a: Urshifu|59/100
|
|upkeep
|turn|3
|
|t:|1667927250
|switch|p1a: Buzzwole|Buzzwole|100/100
|move|p2a: Urshifu|U-turn|p1a: Buzzwole
|-resisted|p1a: Buzzwole
|-damage|p1a: Buzzwole|92/100
|
|t:|1667927255
|switch|p2a: Blacephalon|Blacephalon|100/100|[from]move: U-turn
|
|upkeep
|turn|4
|
|t:|1667927260
|switch|p1a: Slowking|Slowking-Galar, F|100/100
|move|p2a: Blacephalon|Flamethrower|p1a: Slowking
|-damage|p1a: Slowking|69/100
|
|upkeep
|turn|5
|
|t:|1667927272
|switch|p2a: Landorus|Landorus-Therian, M|100/100
|-ability|p2a: Landorus|Intimidate|boost
|-unboost|p1a: Slowking|atk|1
|move|p1a: Slowking|Future Sight|p2a: Landorus
|-start|p1a: Slowking|move: Future Sight
|
|upkeep
|turn|6
|
|t:|1667927276
|switch|p1a: Corviknight|Corviknight, M|100/100
|-ability|p1a: Corviknight|Pressure
|move|p2a: Landorus|U-turn|p1a: Corviknight
|-resisted|p1a: Corviknight
|-damage|p1a: Corviknight|97/100
|-damage|p2a: Landorus|84/100|[from] item: Rocky Helmet|[of] p1a: Corviknight
|
|t:|1667927280
|switch|p2a: Bisharp|Bisharp, F|100/100|[from]move: U-turn
|
|upkeep
|turn|7
|
|t:|1667927285
|move|p2a: Bisharp|Knock Off|p1a: Corviknight
|-damage|p1a: Corviknight|60/100
|-damage|p2a: Bisharp|84/100|[from] item: Rocky Helmet|[of] p1a: Corviknight
|-enditem|p1a: Corviknight|Rocky Helmet|[from] move: Knock Off|[of] p2a: Bisharp
|move|p1a: Corviknight|Body Press|p2a: Bisharp
|-supereffective|p2a: Bisharp
|-damage|p2a: Bisharp|0 fnt
|faint|p2a: Bisharp
|
|-hint|Future Sight did not hit because the target is fainted.
|upkeep
|
|t:|1667927291
|switch|p2a: Blacephalon|Blacephalon|100/100
|turn|8
|
|t:|1667927296
|switch|p1a: Garchomp|Garchomp, F|100/100
|move|p2a: Blacephalon|Shadow Ball|p1a: Garchomp
|-damage|p1a: Garchomp|59/100
|
|-heal|p1a: Garchomp|65/100|[from] item: Leftovers
|upkeep
|turn|9
|
|t:|1667927303
|switch|p2a: Landorus|Landorus-Therian, M|84/100
|-ability|p2a: Landorus|Intimidate|boost
|-unboost|p1a: Garchomp|atk|1
|move|p1a: Garchomp|Stealth Rock|p2a: Landorus
|-sidestart|p2: XuYyi|move: Stealth Rock
|
|-heal|p1a: Garchomp|71/100|[from] item: Leftovers
|upkeep
|turn|10
|
|t:|1667927306
|move|p1a: Garchomp|Protect|p1a: Garchomp
|-singleturn|p1a: Garchomp|Protect
|move|p2a: Landorus|Stealth Rock|p1a: Garchomp
|-sidestart|p1: someidiot19|move: Stealth Rock
|
|-heal|p1a: Garchomp|77/100|[from] item: Leftovers
|upkeep
|turn|11
|
|t:|1667927319
|switch|p1a: Buzzwole|Buzzwole|92/100
|-damage|p1a: Buzzwole|79/100|[from] Stealth Rock
|move|p2a: Landorus|Earthquake|p1a: Buzzwole
|-resisted|p1a: Buzzwole
|-damage|p1a: Buzzwole|58/100
|
|upkeep
|turn|12
|
|t:|1667927325
|move|p1a: Buzzwole|Ice Punch|p2a: Landorus
|-supereffective|p2a: Landorus
|-crit|p2a: Landorus
|-damage|p2a: Landorus|0 fnt
|faint|p2a: Landorus
|-ability|p1a: Buzzwole|Beast Boost|boost
|-boost|p1a: Buzzwole|atk|1
|
|upkeep
|
|t:|1667927333
|switch|p2a: Blacephalon|Blacephalon|100/100
|-damage|p2a: Blacephalon|76/100|[from] Stealth Rock
|turn|13
|
|t:|1667927337
|switch|p1a: Slowking|Slowking-Galar, F|100/100
|-damage|p1a: Slowking|88/100|[from] Stealth Rock
|move|p2a: Blacephalon|Shadow Ball|p1a: Slowking
|-supereffective|p1a: Slowking
|-damage|p1a: Slowking|28/100
|
|upkeep
|turn|14
|
|t:|1667927339
|switch|p1a: Garchomp|Garchomp, F|77/100
|-damage|p1a: Garchomp|71/100|[from] Stealth Rock
|move|p2a: Blacephalon|Shadow Ball|p1a: Garchomp
|-damage|p1a: Garchomp|28/100
|
|-heal|p1a: Garchomp|34/100|[from] item: Leftovers
|upkeep
|turn|15
|
|t:|1667927343
|move|p1a: Garchomp|Protect|p1a: Garchomp
|-singleturn|p1a: Garchomp|Protect
|move|p2a: Blacephalon|Shadow Ball|p1a: Garchomp
|-activate|p1a: Garchomp|move: Protect
|
|-heal|p1a: Garchomp|40/100|[from] item: Leftovers
|upkeep
|turn|16
|
|t:|1667927345
|move|p2a: Blacephalon|Shadow Ball|p1a: Garchomp
|-damage|p1a: Garchomp|0 fnt
|faint|p1a: Garchomp
|-ability|p2a: Blacephalon|Beast Boost|boost
|-boost|p2a: Blacephalon|spa|1
|
|upkeep
|
|t:|1667927355
|switch|p1a: Kartana|Kartana|100/100
|-damage|p1a: Kartana|94/100|[from] Stealth Rock
|turn|17
|
|t:|1667927371
|switch|p2a: Urshifu|Urshifu-Rapid-Strike, M|59/100
|-damage|p2a: Urshifu|53/100|[from] Stealth Rock
|move|p1a: Kartana|Knock Off|p2a: Urshifu
|-resisted|p2a: Urshifu
|-damage|p2a: Urshifu|30/100
|-enditem|p2a: Urshifu|Choice Scarf|[from] move: Knock Off|[of] p1a: Kartana
|
|upkeep
|turn|18
|
|t:|1667927376
|move|p1a: Kartana|Leaf Blade|p2a: Urshifu
|-supereffective|p2a: Urshifu
|-damage|p2a: Urshifu|0 fnt
|faint|p2a: Urshifu
|-ability|p1a: Kartana|Beast Boost|boost
|-boost|p1a: Kartana|atk|1
|
|upkeep
|
|t:|1667927383
|switch|p2a: Blacephalon|Blacephalon|76/100
|-damage|p2a: Blacephalon|51/100|[from] Stealth Rock
|turn|19
|
|t:|1667927390
|move|p1a: Kartana|Knock Off|p2a: Blacephalon
|-supereffective|p2a: Blacephalon
|-damage|p2a: Blacephalon|0 fnt
|-enditem|p2a: Blacephalon|Choice Specs|[from] move: Knock Off|[of] p1a: Kartana
|faint|p2a: Blacephalon
|-ability|p1a: Kartana|Beast Boost|boost
|-boost|p1a: Kartana|atk|1
|
|upkeep
|-message|XuYyi forfeited.
|
|win|someidiot19
|raw|someidiot19's rating: 1618 &rarr; <strong>1643</strong><br />(+25 for winning)
|raw|XuYyi's rating: 1703 &rarr; <strong>1678</strong><br />(-25 for losing)
|l|☆XuYyi
