|j|☆Down$hift
|j|☆noob water gym
|t:|1658423754
|gametype|singles
|player|p1|Down$hift|teamrocket|1822
|player|p2|noob water gym|youngster|1892
|teamsize|p1|6
|teamsize|p2|6
|gen|8
|tier|[Gen 8] OU
|rated|
|rule|Sleep Clause Mod: Limit one foe put to sleep
|rule|Species Clause: Limit one of each Pokémon
|rule|OHKO Clause: OHKO moves are banned
|rule|Evasion Moves Clause: Evasion moves are banned
|rule|Endless Battle Clause: Forcing endless battles is banned
|rule|HP Percentage Mod: HP is shown in percentages
|rule|Dynamax Clause: You cannot dynamax
|clearpoke
|poke|p1|Magnezone|
|poke|p1|Volcarona, M|
|poke|p1|Clefable, M|
|poke|p1|Tornadus-Therian, M|
|poke|p1|Toxapex, F|
|poke|p1|Landorus-Therian, M|
|poke|p2|Mamoswine, F|
|poke|p2|Ditto|
|poke|p2|Tapu Lele|
|poke|p2|Corviknight, M|
|poke|p2|Blaziken, F|
|poke|p2|Zapdos|
|teampreview
|c|☆Down$hift|hf
|c|☆noob water gym|u2
|
|t:|1658423771
|start
|switch|p1a: Prédastérie|Toxapex, F|100/100
|switch|p2a: Zapdos|Zapdos|100/100
|turn|1
|c|☆Down$hift|didnt mean to lead this guy
|c|☆Down$hift|eh whatever
|
|t:|1658423791
|switch|p1a: $wagnezone|Magnezone|100/100
|move|p2a: Zapdos|Thunderbolt|p1a: $wagnezone
|-resisted|p1a: $wagnezone
|-damage|p1a: $wagnezone|75/100
|
|upkeep
|turn|2
|
|t:|1658423800
|switch|p2a: Ditto|Ditto|100/100
|-transform|p2a: Ditto|p1a: $wagnezone|[from] ability: Imposter
|move|p1a: $wagnezone|Thunderbolt|p2a: Ditto
|-resisted|p2a: Ditto
|-damage|p2a: Ditto|72/100
|
|upkeep
|turn|3
|
|t:|1658423812
|move|p2a: Ditto|Volt Switch|p1a: $wagnezone
|-resisted|p1a: $wagnezone
|-damage|p1a: $wagnezone|62/100
|
|t:|1658423814
|switch|p2a: Mamoswine|Mamoswine, F|100/100|[from]move: Volt Switch
|move|p1a: $wagnezone|Flash Cannon|p2a: Mamoswine
|-supereffective|p2a: Mamoswine
|-damage|p2a: Mamoswine|44/100
|
|upkeep
|turn|4
|
|t:|1658423824
|switch|p1a: Pink Menace|Clefable, M|100/100
|move|p2a: Mamoswine|Icicle Crash|p1a: Pink Menace
|-damage|p1a: Pink Menace|61/100
|
|upkeep
|turn|5
|
|t:|1658423828
|move|p2a: Mamoswine|Icicle Crash|p1a: Pink Menace
|-damage|p1a: Pink Menace|26/100
|move|p1a: Pink Menace|Soft-Boiled|p1a: Pink Menace
|-heal|p1a: Pink Menace|76/100
|
|upkeep
|turn|6
|
|t:|1658423831
|move|p2a: Mamoswine|Icicle Crash|p1a: Pink Menace|[miss]
|-miss|p2a: Mamoswine|p1a: Pink Menace
|move|p1a: Pink Menace|Soft-Boiled|p1a: Pink Menace
|-heal|p1a: Pink Menace|100/100
|
|upkeep
|turn|7
|
|t:|1658423835
|move|p2a: Mamoswine|Icicle Crash|p1a: Pink Menace
|-damage|p1a: Pink Menace|63/100
|move|p1a: Pink Menace|Stealth Rock|p2a: Mamoswine
|-sidestart|p2: noob water gym|move: Stealth Rock
|
|upkeep
|turn|8
|
|t:|1658423838
|switch|p1a: Prédastérie|Toxapex, F|100/100
|move|p2a: Mamoswine|Icicle Crash|p1a: Prédastérie
|-resisted|p1a: Prédastérie
|-damage|p1a: Prédastérie|82/100
|-enditem|p1a: Prédastérie|Eject Button
|
|t:|1658423846
|switch|p1a: LandOUrus-T|Landorus-Therian, M|100/100
|-ability|p1a: LandOUrus-T|Intimidate|boost
|-unboost|p2a: Mamoswine|atk|1
|
|upkeep
|turn|9
|
|t:|1658423858
|switch|p1a: Pandemic|Volcarona, M|100/100
|move|p2a: Mamoswine|Ice Shard|p1a: Pandemic
|-resisted|p1a: Pandemic
|-damage|p1a: Pandemic|92/100
|
|upkeep
|turn|10
|
|t:|1658423869
|move|p1a: Pandemic|Flamethrower|p2a: Mamoswine
|-supereffective|p2a: Mamoswine
|-damage|p2a: Mamoswine|17/100
|move|p2a: Mamoswine|Earthquake|p1a: Pandemic
|-damage|p1a: Pandemic|52/100
|
|upkeep
|turn|11
|
|t:|1658423877
|move|p1a: Pandemic|Roost|p1a: Pandemic
|-heal|p1a: Pandemic|100/100
|-singleturn|p1a: Pandemic|move: Roost
|move|p2a: Mamoswine|Earthquake|p1a: Pandemic
|-damage|p1a: Pandemic|62/100
|
|upkeep
|turn|12
|
|t:|1658423881
|switch|p2a: Tapu Lele|Tapu Lele|100/100
|-damage|p2a: Tapu Lele|88/100|[from] Stealth Rock
|-fieldstart|move: Psychic Terrain|[from] ability: Psychic Surge|[of] p2a: Tapu Lele
|move|p1a: Pandemic|Flamethrower|p2a: Tapu Lele
|-damage|p2a: Tapu Lele|43/100
|
|upkeep
|turn|13
|
|t:|1658423894
|switch|p1a: Pink Menace|Clefable, M|63/100
|move|p2a: Tapu Lele|Psyshock|p1a: Pink Menace
|-damage|p1a: Pink Menace|0 fnt
|faint|p1a: Pink Menace
|
|upkeep
|j| GhilleFish
|
|t:|1658423911
|switch|p1a: $wagnezone|Magnezone|62/100
|turn|14
|j| CodeVarry65
|inactive|Battle timer is ON: inactive players will automatically lose when time's up. (requested by Down$hift)
|j| rel69420
|
|t:|1658423941
|switch|p2a: Corviknight|Corviknight, M|100/100
|-damage|p2a: Corviknight|88/100|[from] Stealth Rock
|-ability|p2a: Corviknight|Pressure
|move|p1a: $wagnezone|Flash Cannon|p2a: Corviknight
|-resisted|p2a: Corviknight
|-damage|p2a: Corviknight|72/100
|
|-heal|p2a: Corviknight|79/100|[from] item: Leftovers
|upkeep
|turn|15
|
|t:|1658423946
|move|p1a: $wagnezone|Thunderbolt|p2a: Corviknight
|-supereffective|p2a: Corviknight
|-damage|p2a: Corviknight|11/100
|move|p2a: Corviknight|Defog|p1a: $wagnezone
|-unboost|p1a: $wagnezone|evasion|1
|-sideend|p2: noob water gym|Stealth Rock|[from] move: Defog|[of] p2a: Corviknight
|-fieldend|move: Psychic Terrain
|
|-heal|p2a: Corviknight|17/100|[from] item: Leftovers
|upkeep
|turn|16
|
|t:|1658423949
|move|p1a: $wagnezone|Volt Switch|p2a: Corviknight
|-supereffective|p2a: Corviknight
|-damage|p2a: Corviknight|0 fnt
|faint|p2a: Corviknight
|
|t:|1658423960
|switch|p1a: LandOUrus-T|Landorus-Therian, M|100/100|[from]move: Volt Switch
|
|upkeep
|
|t:|1658423966
|switch|p2a: Zapdos|Zapdos|100/100
|turn|17
|
|t:|1658423969
|move|p1a: LandOUrus-T|Rock Slide|p2a: Zapdos
|-supereffective|p2a: Zapdos
|-damage|p2a: Zapdos|26/100
|move|p2a: Zapdos|Heat Wave|p1a: LandOUrus-T
|-damage|p1a: LandOUrus-T|34/100
|
|upkeep
|turn|18
|
|t:|1658423975
|switch|p2a: Ditto|Ditto|72/100
|-transform|p2a: Ditto|p1a: LandOUrus-T|[from] ability: Imposter
|-ability|p2a: Ditto|Intimidate|boost
|-unboost|p1a: LandOUrus-T|atk|1
|move|p1a: LandOUrus-T|Rock Slide|p2a: Ditto
|-damage|p2a: Ditto|48/100
|
|upkeep
|turn|19
|
|t:|1658423986
|switch|p1a: Torn Anus|Tornadus-Therian, M|100/100
|move|p2a: Ditto|U-turn|p1a: Torn Anus
|-resisted|p1a: Torn Anus
|-damage|p1a: Torn Anus|85/100
|
|t:|1658423990
|switch|p2a: Zapdos|Zapdos|26/100|[from]move: U-turn
|
|upkeep
|turn|20
|
|t:|1658423993
|move|p1a: Torn Anus|Heat Wave|p2a: Zapdos
|-damage|p2a: Zapdos|0 fnt
|faint|p2a: Zapdos
|
|upkeep
|
|t:|1658424000
|switch|p2a: Blaziken|Blaziken, F|100/100
|turn|21
|
|t:|1658424003
|move|p1a: Torn Anus|Air Slash|p2a: Blaziken
|-supereffective|p2a: Blaziken
|-damage|p2a: Blaziken|10/100
|cant|p2a: Blaziken|flinch
|
|-ability|p2a: Blaziken|Speed Boost|boost
|-boost|p2a: Blaziken|spe|1
|upkeep
|turn|22
|
|t:|1658424009
|switch|p1a: Prédastérie|Toxapex, F|100/100
|move|p2a: Blaziken|Swords Dance|p2a: Blaziken
|-boost|p2a: Blaziken|atk|2
|
|-ability|p2a: Blaziken|Speed Boost|boost
|-boost|p2a: Blaziken|spe|1
|upkeep
|turn|23
|
|t:|1658424015
|switch|p1a: LandOUrus-T|Landorus-Therian, M|34/100
|-ability|p1a: LandOUrus-T|Intimidate|boost
|-unboost|p2a: Blaziken|atk|1
|move|p2a: Blaziken|Thunder Punch|p1a: LandOUrus-T
|-immune|p1a: LandOUrus-T
|
|-ability|p2a: Blaziken|Speed Boost|boost
|-boost|p2a: Blaziken|spe|1
|upkeep
|turn|24
|j| EvelenStan
|inactive|Down$hift has 120 seconds left.
|
|t:|1658424052
|move|p2a: Blaziken|Thunder Punch|p1a: LandOUrus-T
|-immune|p1a: LandOUrus-T
|move|p1a: LandOUrus-T|Earthquake|p2a: Blaziken
|-supereffective|p2a: Blaziken
|-damage|p2a: Blaziken|0 fnt
|faint|p2a: Blaziken
|
|upkeep
|-message|noob water gym forfeited.
|
|win|Down$hift
|raw|Down$hift's rating: 1822 &rarr; <strong>1846</strong><br />(+24 for winning)
|raw|noob water gym's rating: 1892 &rarr; <strong>1868</strong><br />(-24 for losing)
|l|☆noob water gym
|l| GhilleFish
|l| rel69420
||Ladder isn't responding, score probably updated but might not have (Request timeout).
