|html|<div class="broadcast-blue"><strong>[Gen 8] OU is currently suspecting Melmetal! For information on how to participate check out the <a href="https://www.smogon.com/forums/threads/np-ss-ou-suspect-process-round-12-monster-mash.3709234/">suspect thread</a>.</strong></div>
|j|☆someidiot19
|j|☆OUTDnotgettingreqs
|t:|1665673664
|gametype|singles
|player|p1|someidiot19|serena-masters|1546
|player|p2|OUTDnotgettingreqs|2|1617
|teamsize|p1|6
|teamsize|p2|6
|gen|8
|tier|[Gen 8] OU
|rated|
|rule|Sleep Clause Mod: Limit one foe put to sleep
|rule|Species Clause: Limit one of each Pokémon
|rule|OHKO Clause: OHKO moves are banned
|rule|Evasion Items Clause: Evasion items are banned
|rule|Evasion Moves Clause: Evasion moves are banned
|rule|Endless Battle Clause: Forcing endless battles is banned
|rule|HP Percentage Mod: HP is shown in percentages
|rule|Dynamax Clause: You cannot dynamax
|clearpoke
|poke|p1|Dragonite, M|
|poke|p1|Heracross, F|
|poke|p1|Landorus-Therian, M|
|poke|p1|Ferrothorn, F|
|poke|p1|Clefable, M|
|poke|p1|Weavile, M|
|poke|p2|Urshifu-*, F|
|poke|p2|Tapu Koko|
|poke|p2|Dragonite, M|
|poke|p2|Ferrothorn, M|
|poke|p2|Landorus-Therian, M|
|poke|p2|Heatran, F|
|teampreview
|inactive|Battle timer is ON: inactive players will automatically lose when time's up. (requested by someidiot19)
|inactive|someidiot19 has 120 seconds left.
|inactive|OUTDnotgettingreqs has 120 seconds left.
|j| Grimmisnarl
|
|t:|1665673712
|start
|switch|p1a: Dragonite|Dragonite, M|100/100
|switch|p2a: Urshifu|Urshifu-Rapid-Strike, F|100/100
|turn|1
|
|t:|1665673717
|move|p2a: Urshifu|U-turn|p1a: Dragonite
|-resisted|p1a: Dragonite
|-damage|p1a: Dragonite|93/100
|
|t:|1665673720
|switch|p2a: Landorus|Landorus-Therian, M|100/100|[from]move: U-turn
|-ability|p2a: Landorus|Intimidate|boost
|-unboost|p1a: Dragonite|atk|1
|move|p1a: Dragonite|Dragon Dance|p1a: Dragonite
|-boost|p1a: Dragonite|atk|1
|-boost|p1a: Dragonite|spe|1
|
|upkeep
|turn|2
|
|t:|1665673729
|switch|p2a: Ferrothorn|Ferrothorn, M|100/100
|move|p1a: Dragonite|Dragon Dance|p1a: Dragonite
|-boost|p1a: Dragonite|atk|1
|-boost|p1a: Dragonite|spe|1
|
|upkeep
|turn|3
|
|t:|1665673742
|switch|p2a: Landorus|Landorus-Therian, M|100/100
|-ability|p2a: Landorus|Intimidate|boost
|-unboost|p1a: Dragonite|atk|1
|move|p1a: Dragonite|Dragon Dance|p1a: Dragonite
|-boost|p1a: Dragonite|atk|1
|-boost|p1a: Dragonite|spe|1
|
|upkeep
|turn|4
|j| Ran Kob
|
|t:|1665673749
|move|p1a: Dragonite|Dual Wingbeat|p2a: Landorus
|-damage|p2a: Landorus|72/100
|-damage|p2a: Landorus|44/100
|-hitcount|p2a: Landorus|2
|move|p2a: Landorus|Stone Edge|p1a: Dragonite|[miss]
|-miss|p2a: Landorus|p1a: Dragonite
|
|upkeep
|turn|5
|
|t:|1665673759
|move|p1a: Dragonite|Dual Wingbeat|p2a: Landorus
|-damage|p2a: Landorus|13/100
|-damage|p2a: Landorus|0 fnt
|faint|p2a: Landorus
|-hitcount|p2: Landorus|2
|
|upkeep
|l| Grimmisnarl
|
|t:|1665673765
|switch|p2a: Dragonite|Dragonite, M|100/100
|turn|6
|
|t:|1665673773
|switch|p1a: Ferrothorn|Ferrothorn, F|100/100
|move|p2a: Dragonite|Ice Punch|p1a: Ferrothorn
|-damage|p1a: Ferrothorn|86/100
|-damage|p2a: Dragonite|88/100|[from] ability: Iron Barbs|[of] p1a: Ferrothorn
|-damage|p2a: Dragonite|71/100|[from] item: Rocky Helmet|[of] p1a: Ferrothorn
|
|upkeep
|turn|7
|
|t:|1665673780
|switch|p2a: Urshifu|Urshifu-Rapid-Strike, F|100/100
|move|p1a: Ferrothorn|Thunder Wave|p2a: Urshifu
|-status|p2a: Urshifu|par
|
|upkeep
|turn|8
|
|t:|1665673783
|switch|p1a: Dragonite|Dragonite, M|93/100
|move|p2a: Urshifu|U-turn|p1a: Dragonite
|-resisted|p1a: Dragonite
|-damage|p1a: Dragonite|75/100
|
|t:|1665673787
|switch|p2a: Tapu Koko|Tapu Koko|100/100|[from]move: U-turn
|-fieldstart|move: Electric Terrain|[from] ability: Electric Surge|[of] p2a: Tapu Koko
|
|upkeep
|turn|9
|
|t:|1665673798
|switch|p1a: Ferrothorn|Ferrothorn, F|86/100
|move|p2a: Tapu Koko|Dazzling Gleam|p1a: Ferrothorn
|-resisted|p1a: Ferrothorn
|-damage|p1a: Ferrothorn|72/100
|
|upkeep
|turn|10
|inactive|OUTDnotgettingreqs has 120 seconds left.
|
|t:|1665673828
|move|p2a: Tapu Koko|Volt Switch|p1a: Ferrothorn
|-resisted|p1a: Ferrothorn
|-damage|p1a: Ferrothorn|56/100
|
|t:|1665673831
|switch|p2a: Urshifu|Urshifu-Rapid-Strike, F|100/100 par|[from]move: Volt Switch
|move|p1a: Ferrothorn|Spikes|p2a: Urshifu
|-sidestart|p2: OUTDnotgettingreqs|Spikes
|
|upkeep
|turn|11
|
|t:|1665673838
|switch|p1a: Clefable|Clefable, M|100/100
|move|p2a: Urshifu|Close Combat|p1a: Clefable
|-resisted|p1a: Clefable
|-damage|p1a: Clefable|63/100
|-unboost|p2a: Urshifu|def|1
|-unboost|p2a: Urshifu|spd|1
|-damage|p2a: Urshifu|84/100 par|[from] item: Rocky Helmet|[of] p1a: Clefable
|
|upkeep
|turn|12
|
|t:|1665673843
|switch|p2a: Heatran|Heatran, F|100/100
|-damage|p2a: Heatran|88/100|[from] Spikes
|move|p1a: Clefable|Wish|p1a: Clefable
|
|-heal|p2a: Heatran|94/100|[from] item: Leftovers
|-fieldend|move: Electric Terrain
|upkeep
|turn|13
|
|t:|1665673851
|move|p1a: Clefable|Protect|p1a: Clefable
|-singleturn|p1a: Clefable|Protect
|move|p2a: Heatran|Taunt|p1a: Clefable
|-activate|p1a: Clefable|move: Protect
|
|-heal|p1a: Clefable|100/100|[from] move: Wish|[wisher] Clefable
|-heal|p2a: Heatran|100/100|[from] item: Leftovers
|upkeep
|turn|14
|
|t:|1665673856
|switch|p1a: Dragonite|Dragonite, M|75/100
|move|p2a: Heatran|Stealth Rock|p1a: Dragonite
|-sidestart|p1: someidiot19|move: Stealth Rock
|
|upkeep
|turn|15
|
|t:|1665673861
|switch|p2a: Dragonite|Dragonite, M|71/100
|move|p1a: Dragonite|Earthquake|p2a: Dragonite
|-immune|p2a: Dragonite
|
|upkeep
|turn|16
|
|t:|1665673870
|switch|p1a: Clefable|Clefable, M|100/100
|switch|p2a: Heatran|Heatran, F|100/100
|-damage|p2a: Heatran|88/100|[from] Spikes
|
|-heal|p2a: Heatran|94/100|[from] item: Leftovers
|upkeep
|turn|17
|
|t:|1665673875
|switch|p1a: Landorus|Landorus-Therian, M|100/100
|-damage|p1a: Landorus|88/100|[from] Stealth Rock
|-ability|p1a: Landorus|Intimidate|boost
|-unboost|p2a: Heatran|atk|1
|move|p2a: Heatran|Magma Storm|p1a: Landorus
|-damage|p1a: Landorus|52/100
|-activate|p1a: Landorus|move: Magma Storm|[of] p2a: Heatran
|
|-heal|p1a: Landorus|58/100|[from] item: Leftovers
|-heal|p2a: Heatran|100/100|[from] item: Leftovers
|-damage|p1a: Landorus|46/100|[from] move: Magma Storm|[partiallytrapped]
|upkeep
|turn|18
|
|t:|1665673883
|switch|p2a: Dragonite|Dragonite, M|71/100
|move|p1a: Landorus|U-turn|p2a: Dragonite
|-resisted|p2a: Dragonite
|-damage|p2a: Dragonite|62/100
|
|t:|1665673887
|switch|p1a: Heracross|Heracross, F|100/100|[from]move: U-turn
|-damage|p1a: Heracross|88/100|[from] Stealth Rock
|
|-status|p1a: Heracross|brn|[from] item: Flame Orb
|upkeep
|turn|19
|
|t:|1665673906
|switch|p2a: Urshifu|Urshifu-Rapid-Strike, F|84/100 par
|-damage|p2a: Urshifu|72/100 par|[from] Spikes
|move|p1a: Heracross|Close Combat|p2a: Urshifu
|-crit|p2a: Urshifu
|-damage|p2a: Urshifu|0 fnt
|-unboost|p1a: Heracross|def|1
|-unboost|p1a: Heracross|spd|1
|faint|p2a: Urshifu
|
|-damage|p1a: Heracross|82/100 brn|[from] brn
|upkeep
|
|t:|1665673910
|switch|p2a: Tapu Koko|Tapu Koko|100/100
|-fieldstart|move: Electric Terrain|[from] ability: Electric Surge|[of] p2a: Tapu Koko
|turn|20
|
|t:|1665673919
|switch|p1a: Ferrothorn|Ferrothorn, F|56/100
|-damage|p1a: Ferrothorn|49/100|[from] Stealth Rock
|move|p2a: Tapu Koko|Volt Switch|p1a: Ferrothorn
|-resisted|p1a: Ferrothorn
|-damage|p1a: Ferrothorn|32/100
|
|t:|1665673922
|switch|p2a: Heatran|Heatran, F|100/100|[from]move: Volt Switch
|-damage|p2a: Heatran|88/100|[from] Spikes
|
|-heal|p2a: Heatran|94/100|[from] item: Leftovers
|upkeep
|turn|21
|
|t:|1665673930
|switch|p1a: Dragonite|Dragonite, M|75/100
|move|p2a: Heatran|Magma Storm|p1a: Dragonite
|-resisted|p1a: Dragonite
|-damage|p1a: Dragonite|55/100
|-activate|p1a: Dragonite|move: Magma Storm|[of] p2a: Heatran
|
|-heal|p2a: Heatran|100/100|[from] item: Leftovers
|-damage|p1a: Dragonite|43/100|[from] move: Magma Storm|[partiallytrapped]
|upkeep
|turn|22
|
|t:|1665673935
|switch|p2a: Tapu Koko|Tapu Koko|100/100
|move|p1a: Dragonite|Earthquake|p2a: Tapu Koko
|-supereffective|p2a: Tapu Koko
|-damage|p2a: Tapu Koko|5/100
|
|-end|p1a: Dragonite|Magma Storm|[partiallytrapped]|[silent]
|upkeep
|turn|23
|
|t:|1665673941
|move|p2a: Tapu Koko|Roost|p2a: Tapu Koko
|-heal|p2a: Tapu Koko|55/100
|-singleturn|p2a: Tapu Koko|move: Roost
|move|p1a: Dragonite|Earthquake|p2a: Tapu Koko
|-supereffective|p2a: Tapu Koko
|-damage|p2a: Tapu Koko|0 fnt
|faint|p2a: Tapu Koko
|
|upkeep
|l| Ran Kob
|c|☆OUTDnotgettingreqs|i love stone edge misses deciding the game turn 5
|-message|OUTDnotgettingreqs forfeited.
|
|win|someidiot19
|raw|someidiot19's rating: 1546 &rarr; <strong>1570</strong><br />(+24 for winning)
|raw|OUTDnotgettingreqs's rating: 1617 &rarr; <strong>1593</strong><br />(-24 for losing)
|l|☆OUTDnotgettingreqs
