|j|☆Archerdagoat
|j|☆whichjuanz
|t:|1629325760
|gametype|singles
|player|p1|Archerdagoat|hoopster|1788
|player|p2|whichjuanz|hiker-gen4|1735
|teamsize|p1|6
|teamsize|p2|6
|gen|8
|tier|[Gen 8] OU
|rated|
|rule|Sleep Clause Mod: Limit one foe put to sleep
|rule|Species Clause: Limit one of each Pokémon
|rule|OHKO Clause: OHKO moves are banned
|rule|Evasion Moves Clause: Evasion moves are banned
|rule|Endless Battle Clause: Forcing endless battles is banned
|rule|HP Percentage Mod: HP is shown in percentages
|rule|Dynamax Clause: You cannot dynamax
|clearpoke
|poke|p1|Dracozolt|
|poke|p1|Urshifu-*, F|
|poke|p1|Hippowdon, F|
|poke|p1|Clefable, F|
|poke|p1|Melmetal|
|poke|p1|Zapdos|
|poke|p2|Buzzwole|
|poke|p2|Kartana|
|poke|p2|Blacephalon|
|poke|p2|Celesteela|
|poke|p2|Nihilego|
|poke|p2|Stakataka|
|teampreview
|inactive|Battle timer is ON: inactive players will automatically lose when time's up. (requested by whichjuanz)
|j| Disliked
|
|t:|1629325781
|start
|switch|p1a: Urshifu|Urshifu-Rapid-Strike, F|100/100
|switch|p2a: Pennywise|Blacephalon|100/100
|turn|1
|j| climax HUNTER
|
|t:|1629325790
|move|p2a: Pennywise|Hypnosis|p1a: Urshifu
|-status|p1a: Urshifu|slp|[from] move: Hypnosis
|cant|p1a: Urshifu|slp
|
|upkeep
|turn|2
|
|t:|1629325795
|switch|p1a: Hippowdon|Hippowdon, F|100/100
|-weather|Sandstorm|[from] ability: Sand Stream|[of] p1a: Hippowdon
|move|p2a: Pennywise|Shadow Ball|p1a: Hippowdon
|-damage|p1a: Hippowdon|58/100
|
|-weather|Sandstorm|[upkeep]
|-damage|p2a: Pennywise|94/100|[from] Sandstorm
|upkeep
|turn|3
|j| SebusWebus
|
|t:|1629325802
|move|p2a: Pennywise|Flamethrower|p1a: Hippowdon
|-damage|p1a: Hippowdon|10/100
|move|p1a: Hippowdon|Slack Off|p1a: Hippowdon
|-heal|p1a: Hippowdon|60/100
|
|-weather|Sandstorm|[upkeep]
|-damage|p2a: Pennywise|88/100|[from] Sandstorm
|upkeep
|turn|4
|
|t:|1629325806
|move|p2a: Pennywise|Flamethrower|p1a: Hippowdon
|-damage|p1a: Hippowdon|9/100
|move|p1a: Hippowdon|Earthquake|p2a: Pennywise
|-supereffective|p2a: Pennywise
|-damage|p2a: Pennywise|0 fnt
|faint|p2a: Pennywise
|
|-weather|Sandstorm|[upkeep]
|upkeep
|
|t:|1629325814
|switch|p2a: Edward|Kartana|100/100
|turn|5
|
|t:|1629325816
|switch|p1a: Zapdos|Zapdos|100/100
|move|p2a: Edward|Swords Dance|p2a: Edward
|-boost|p2a: Edward|atk|2
|
|-weather|Sandstorm|[upkeep]
|-damage|p1a: Zapdos|94/100|[from] Sandstorm
|-heal|p1a: Zapdos|100/100|[from] item: Leftovers
|upkeep
|turn|6
|j| BigMeatDodo
|
|t:|1629325822
|switch|p2a: Sphere|Nihilego|100/100
|move|p1a: Zapdos|Heat Wave|p2a: Sphere
|-resisted|p2a: Sphere
|-damage|p2a: Sphere|94/100
|
|-weather|Sandstorm|[upkeep]
|-damage|p1a: Zapdos|94/100|[from] Sandstorm
|-heal|p1a: Zapdos|100/100|[from] item: Leftovers
|upkeep
|turn|7
|
|t:|1629325828
|switch|p1a: Melmetal|Melmetal|100/100
|move|p2a: Sphere|Meteor Beam||[still]
|-prepare|p2a: Sphere|Meteor Beam
|-boost|p2a: Sphere|spa|1
|-enditem|p2a: Sphere|Power Herb
|-anim|p2a: Sphere|Meteor Beam|p1a: Melmetal
|-resisted|p1a: Melmetal
|-damage|p1a: Melmetal|55/100
|
|-weather|Sandstorm|[upkeep]
|upkeep
|turn|8
|
|t:|1629325831
|move|p2a: Sphere|Thunder Wave|p1a: Melmetal|[miss]
|-miss|p2a: Sphere|p1a: Melmetal
|move|p1a: Melmetal|Double Iron Bash|p2a: Sphere
|-supereffective|p2a: Sphere
|-damage|p2a: Sphere|0 fnt
|faint|p2a: Sphere
|-hitcount|p2: Sphere|1
|
|-weather|Sandstorm|[upkeep]
|upkeep
|
|t:|1629325834
|switch|p2a: Edward|Kartana|100/100
|turn|9
|
|t:|1629325841
|switch|p2a: Kaguya|Celesteela, shiny|100/100
|switch|p1a: Zapdos|Zapdos|100/100
|
|-weather|none
|upkeep
|turn|10
|
|t:|1629325844
|move|p1a: Zapdos|Thunderbolt|p2a: Kaguya
|-supereffective|p2a: Kaguya
|-damage|p2a: Kaguya|18/100
|move|p2a: Kaguya|Meteor Beam||[still]
|-prepare|p2a: Kaguya|Meteor Beam
|-boost|p2a: Kaguya|spa|1
|-enditem|p2a: Kaguya|Power Herb
|-anim|p2a: Kaguya|Meteor Beam|p1a: Zapdos|[miss]
|-miss|p2a: Kaguya|p1a: Zapdos
|
|upkeep
|turn|11
|
|t:|1629325850
|move|p1a: Zapdos|Heat Wave|p2a: Kaguya
|-supereffective|p2a: Kaguya
|-damage|p2a: Kaguya|0 fnt
|faint|p2a: Kaguya
|
|upkeep
|
|t:|1629325852
|switch|p2a: Lament|Stakataka|100/100
|turn|12
|j| andrethagiiant
|-activate|p2a: Lament|item: Quick Claw
|
|t:|1629325858
|switch|p1a: Hippowdon|Hippowdon, F|9/100
|-weather|Sandstorm|[from] ability: Sand Stream|[of] p1a: Hippowdon
|move|p2a: Lament|Stone Edge|p1a: Hippowdon|[miss]
|-miss|p2a: Lament|p1a: Hippowdon
|
|-weather|Sandstorm|[upkeep]
|upkeep
|turn|13
|
|t:|1629325878
|switch|p1a: Urshifu|Urshifu-Rapid-Strike, F|100/100 slp
|switch|p2a: Pinhead|Buzzwole|100/100
|
|-weather|Sandstorm|[upkeep]
|-damage|p1a: Urshifu|94/100 slp|[from] Sandstorm
|-damage|p2a: Pinhead|94/100|[from] Sandstorm
|upkeep
|turn|14
|
|t:|1629325884
|switch|p1a: Clefable|Clefable, F|100/100
|move|p2a: Pinhead|Bulk Up|p2a: Pinhead
|-boost|p2a: Pinhead|atk|1
|-boost|p2a: Pinhead|def|1
|
|-weather|Sandstorm|[upkeep]
|-damage|p2a: Pinhead|88/100|[from] Sandstorm
|-damage|p1a: Clefable|94/100|[from] Sandstorm
|-heal|p1a: Clefable|100/100|[from] item: Leftovers
|upkeep
|turn|15
|-activate|p2a: Pinhead|item: Quick Claw
|
|t:|1629325886
|move|p2a: Pinhead|Ice Punch|p1a: Clefable
|-damage|p1a: Clefable|80/100
|move|p1a: Clefable|Wish|p1a: Clefable
|
|-weather|Sandstorm|[upkeep]
|-damage|p2a: Pinhead|82/100|[from] Sandstorm
|-damage|p1a: Clefable|74/100|[from] Sandstorm
|-heal|p1a: Clefable|80/100|[from] item: Leftovers
|upkeep
|turn|16
|-activate|p2a: Pinhead|item: Quick Claw
|
|t:|1629325890
|move|p2a: Pinhead|Ice Punch|p1a: Clefable
|-damage|p1a: Clefable|59/100
|move|p1a: Clefable|Moonblast|p2a: Pinhead
|-supereffective|p2a: Pinhead
|-damage|p2a: Pinhead|0 fnt
|faint|p2a: Pinhead
|
|-weather|Sandstorm|[upkeep]
|-damage|p1a: Clefable|53/100|[from] Sandstorm
|-heal|p1a: Clefable|100/100|[from] move: Wish|[wisher] Clefable
|upkeep
|
|t:|1629325894
|switch|p2a: Lament|Stakataka|100/100
|turn|17
|l| andrethagiiant
|j| Sick call ranger
|j| andrethagiiant
|l| andrethagiiant
|
|t:|1629325908
|move|p1a: Clefable|Wish|p1a: Clefable
|move|p2a: Lament|Trick Room|p2a: Lament
|-fieldstart|move: Trick Room|[of] p2a: Lament
|
|-weather|Sandstorm|[upkeep]
|-damage|p1a: Clefable|94/100|[from] Sandstorm
|-heal|p1a: Clefable|100/100|[from] item: Leftovers
|upkeep
|turn|18
|-activate|p2a: Lament|item: Quick Claw
|
|t:|1629325912
|switch|p1a: Melmetal|Melmetal|55/100
|move|p2a: Lament|Heat Crash|p1a: Melmetal
|-supereffective|p1a: Melmetal
|-damage|p1a: Melmetal|39/100
|
|-weather|Sandstorm|[upkeep]
|-heal|p1a: Melmetal|81/100|[from] move: Wish|[wisher] Clefable
|upkeep
|turn|19
|
|t:|1629325920
|move|p2a: Lament|Heat Crash|p1a: Melmetal
|-supereffective|p1a: Melmetal
|-damage|p1a: Melmetal|63/100
|move|p1a: Melmetal|Double Iron Bash|p2a: Lament
|-damage|p2a: Lament|58/100
|-damage|p2a: Lament|14/100
|-hitcount|p2a: Lament|2
|
|-weather|none
|upkeep
|turn|20
|
|t:|1629325927
|move|p2a: Lament|Heat Crash|p1a: Melmetal
|-supereffective|p1a: Melmetal
|-damage|p1a: Melmetal|46/100
|move|p1a: Melmetal|Double Iron Bash|p2a: Lament
|-damage|p2a: Lament|0 fnt
|faint|p2a: Lament
|-hitcount|p2: Lament|1
|
|upkeep
|
|t:|1629325929
|switch|p2a: Edward|Kartana|100/100
|turn|21
|
|t:|1629325932
|switch|p1a: Zapdos|Zapdos|100/100
|move|p2a: Edward|Swords Dance|p2a: Edward
|-boost|p2a: Edward|atk|2
|
|-fieldend|move: Trick Room
|upkeep
|turn|22
|-message|whichjuanz forfeited.
|
|win|Archerdagoat
|l|☆whichjuanz
|l| Disliked
|raw|Archerdagoat's rating: 1788 &rarr; <strong>1805</strong><br />(+17 for winning)
|raw|whichjuanz's rating: 1735 &rarr; <strong>1718</strong><br />(-17 for losing)
|l| Sick call ranger
|l| SebusWebus
||Ladder isn't responding, score probably updated but might not have (Request timeout).
