|j|☆minimax_ai
|j|☆IIIodyne
|t:|1662691322
|gametype|singles
|player|p1|minimax_ai|lusamine-nihilego|1531
|player|p2|IIIodyne|265|1575
|teamsize|p1|6
|teamsize|p2|6
|gen|8
|tier|[Gen 8] OU
|rated|
|rule|Sleep Clause Mod: Limit one foe put to sleep
|rule|Species Clause: Limit one of each Pokémon
|rule|OHKO Clause: OHKO moves are banned
|rule|Evasion Items Clause: Evasion items are banned
|rule|Evasion Moves Clause: Evasion moves are banned
|rule|Endless Battle Clause: Forcing endless battles is banned
|rule|HP Percentage Mod: HP is shown in percentages
|rule|Dynamax Clause: You cannot dynamax
|clearpoke
|poke|p1|Rotom-Wash|
|poke|p1|Weavile, F|
|poke|p1|Landorus-Therian, M|
|poke|p1|Heatran, M|
|poke|p1|Tangrowth, F|
|poke|p1|Melmetal|
|poke|p2|Snorlax, M|
|poke|p2|Suicune|
|poke|p2|Melmetal|
|poke|p2|Victini|
|poke|p2|Landorus-Therian, M|
|poke|p2|Zapdos|
|teampreview
|c|☆minimax_ai|hf
|inactive|Battle timer is ON: inactive players will automatically lose when time's up. (requested by minimax_ai)
|
|t:|1662691332
|start
|switch|p1a: landorustherian|Landorus-Therian, M|100/100
|switch|p2a: Zapdos|Zapdos|100/100
|-ability|p1a: landorustherian|Intimidate|boost
|-unboost|p2a: Zapdos|atk|1
|turn|1
|
|t:|1662691334
|move|p2a: Zapdos|Hurricane|p1a: landorustherian|[miss]
|-miss|p2a: Zapdos|p1a: landorustherian
|move|p1a: landorustherian|Toxic|p2a: Zapdos
|-status|p2a: Zapdos|tox
|
|-damage|p2a: Zapdos|94/100 tox|[from] psn
|upkeep
|turn|2
|
|t:|1662691338
|move|p2a: Zapdos|Hurricane|p1a: landorustherian|[miss]
|-miss|p2a: Zapdos|p1a: landorustherian
|move|p1a: landorustherian|Toxic|p2a: Zapdos
|-fail|p2a: Zapdos|tox
|
|-damage|p2a: Zapdos|82/100 tox|[from] psn
|upkeep
|turn|3
|
|t:|1662691340
|move|p2a: Zapdos|Hurricane|p1a: landorustherian|[miss]
|-miss|p2a: Zapdos|p1a: landorustherian
|move|p1a: landorustherian|Toxic|p2a: Zapdos
|-fail|p2a: Zapdos|tox
|
|-damage|p2a: Zapdos|63/100 tox|[from] psn
|upkeep
|turn|4
|
|t:|1662691341
|move|p2a: Zapdos|Hurricane|p1a: landorustherian
|-damage|p1a: landorustherian|52/100
|move|p1a: landorustherian|Toxic|p2a: Zapdos
|-fail|p2a: Zapdos|tox
|
|-heal|p1a: landorustherian|59/100|[from] item: Leftovers
|-damage|p2a: Zapdos|39/100 tox|[from] psn
|upkeep
|turn|5
|
|t:|1662691343
|move|p2a: Zapdos|Hurricane|p1a: landorustherian
|-damage|p1a: landorustherian|14/100
|-start|p1a: landorustherian|confusion
|-activate|p1a: landorustherian|confusion
|move|p1a: landorustherian|Toxic|p2a: Zapdos
|-fail|p2a: Zapdos|tox
|
|-heal|p1a: landorustherian|20/100|[from] item: Leftovers
|-damage|p2a: Zapdos|8/100 tox|[from] psn
|upkeep
|turn|6
|
|t:|1662691345
|switch|p1a: Melmetal|Melmetal|100/100
|move|p2a: Zapdos|Heat Wave|p1a: Melmetal
|-supereffective|p1a: Melmetal
|-damage|p1a: Melmetal|60/100
|
|-damage|p2a: Zapdos|0 fnt|[from] psn
|faint|p2a: Zapdos
|upkeep
|
|t:|1662691348
|switch|p2a: Victini|Victini|100/100
|turn|7
|
|t:|1662691350
|switch|p1a: rotomwash|Rotom-Wash|100/100
|move|p2a: Victini|Bolt Strike|p1a: rotomwash
|-damage|p1a: rotomwash|43/100
|
|-heal|p1a: rotomwash|50/100|[from] item: Leftovers
|upkeep
|turn|8
|
|t:|1662691352
|switch|p1a: landorustherian|Landorus-Therian, M|20/100
|-ability|p1a: landorustherian|Intimidate|boost
|-unboost|p2a: Victini|atk|1
|move|p2a: Victini|Bolt Strike|p1a: landorustherian
|-immune|p1a: landorustherian
|
|-heal|p1a: landorustherian|26/100|[from] item: Leftovers
|upkeep
|turn|9
|
|t:|1662691354
|switch|p2a: Landorus|Landorus-Therian, M|100/100
|-ability|p2a: Landorus|Intimidate|boost
|-unboost|p1a: landorustherian|atk|1
|move|p1a: landorustherian|Toxic|p2a: Landorus
|-status|p2a: Landorus|tox
|
|-heal|p1a: landorustherian|32/100|[from] item: Leftovers
|-damage|p2a: Landorus|95/100 tox|[from] psn
|upkeep
|turn|10
|
|t:|1662691359
|switch|p1a: rotomwash|Rotom-Wash|50/100
|move|p2a: Landorus|Knock Off|p1a: rotomwash
|-damage|p1a: rotomwash|9/100
|-enditem|p1a: rotomwash|Leftovers|[from] move: Knock Off|[of] p2a: Landorus
|
|-damage|p2a: Landorus|83/100 tox|[from] psn
|upkeep
|turn|11
|
|t:|1662691360
|move|p2a: Landorus|Knock Off|p1a: rotomwash
|-damage|p1a: rotomwash|0 fnt
|faint|p1a: rotomwash
|
|-damage|p2a: Landorus|65/100 tox|[from] psn
|upkeep
|
|t:|1662691360
|switch|p1a: Weavile|Weavile, F|100/100
|-ability|p1a: Weavile|Pressure
|turn|12
|
|t:|1662691363
|switch|p2a: Suicune|Suicune|100/100
|-ability|p2a: Suicune|Pressure
|move|p1a: Weavile|Knock Off|p2a: Suicune
|-damage|p2a: Suicune|61/100
|-enditem|p2a: Suicune|Leftovers|[from] move: Knock Off|[of] p1a: Weavile
|
|upkeep
|turn|13
|
|t:|1662691368
|switch|p1a: Melmetal|Melmetal|60/100
|move|p2a: Suicune|Scald|p1a: Melmetal
|-damage|p1a: Melmetal|47/100
|-status|p1a: Melmetal|brn
|
|-damage|p1a: Melmetal|41/100 brn|[from] brn
|upkeep
|turn|14
|
|t:|1662691371
|move|p2a: Suicune|Calm Mind|p2a: Suicune
|-boost|p2a: Suicune|spa|1
|-boost|p2a: Suicune|spd|1
|move|p1a: Melmetal|Thunder Punch|p2a: Suicune
|-supereffective|p2a: Suicune
|-damage|p2a: Suicune|43/100
|
|-damage|p1a: Melmetal|35/100 brn|[from] brn
|upkeep
|turn|15
|
|t:|1662691375
|move|p2a: Suicune|Calm Mind|p2a: Suicune
|-boost|p2a: Suicune|spa|1
|-boost|p2a: Suicune|spd|1
|move|p1a: Melmetal|Thunder Punch|p2a: Suicune
|-supereffective|p2a: Suicune
|-damage|p2a: Suicune|23/100
|-status|p2a: Suicune|par
|
|-damage|p1a: Melmetal|29/100 brn|[from] brn
|upkeep
|turn|16
|
|t:|1662691377
|move|p1a: Melmetal|Thunder Punch|p2a: Suicune
|-supereffective|p2a: Suicune
|-damage|p2a: Suicune|4/100 par
|cant|p2a: Suicune|par
|
|-damage|p1a: Melmetal|23/100 brn|[from] brn
|upkeep
|turn|17
|
|t:|1662691381
|move|p1a: Melmetal|Double Iron Bash|p2a: Suicune
|-resisted|p2a: Suicune
|-damage|p2a: Suicune|0 fnt
|faint|p2a: Suicune
|-hitcount|p2: Suicune|1
|
|-damage|p1a: Melmetal|17/100 brn|[from] brn
|upkeep
|
|t:|1662691385
|switch|p2a: Landorus|Landorus-Therian, M|65/100 tox
|-ability|p2a: Landorus|Intimidate|boost
|-unboost|p1a: Melmetal|atk|1
|turn|18
|
|t:|1662691386
|move|p2a: Landorus|Knock Off|p1a: Melmetal
|-damage|p1a: Melmetal|0 fnt
|-enditem|p1a: Melmetal|Assault Vest|[from] move: Knock Off|[of] p2a: Landorus
|faint|p1a: Melmetal
|
|-damage|p2a: Landorus|59/100 tox|[from] psn
|upkeep
|
|t:|1662691386
|switch|p1a: Weavile|Weavile, F|100/100
|-ability|p1a: Weavile|Pressure
|turn|19
|
|t:|1662691396
|move|p2a: Landorus|Knock Off|p1a: Weavile
|-resisted|p1a: Weavile
|-crit|p1a: Weavile
|-damage|p1a: Weavile|52/100
|-enditem|p1a: Weavile|Choice Band|[from] move: Knock Off|[of] p2a: Landorus
|move|p1a: Weavile|Knock Off|p2a: Landorus
|-damage|p2a: Landorus|1/100 tox
|-enditem|p2a: Landorus|Choice Scarf|[from] move: Knock Off|[of] p1a: Weavile
|
|-damage|p2a: Landorus|0 fnt|[from] psn
|faint|p2a: Landorus
|upkeep
|
|t:|1662691402
|switch|p2a: Melmetal|Melmetal|100/100
|turn|20
|
|t:|1662691405
|switch|p1a: Tangrowth|Tangrowth, F|100/100
|move|p2a: Melmetal|Double Iron Bash|p1a: Tangrowth
|-damage|p1a: Tangrowth|76/100
|-damage|p2a: Melmetal|84/100|[from] item: Rocky Helmet|[of] p1a: Tangrowth
|-damage|p1a: Tangrowth|53/100
|-damage|p2a: Melmetal|67/100|[from] item: Rocky Helmet|[of] p1a: Tangrowth
|-hitcount|p1a: Tangrowth|2
|
|upkeep
|turn|21
|
|t:|1662691410
|move|p2a: Melmetal|Ice Punch|p1a: Tangrowth
|-supereffective|p1a: Tangrowth
|-damage|p1a: Tangrowth|12/100
|-damage|p2a: Melmetal|51/100|[from] item: Rocky Helmet|[of] p1a: Tangrowth
|move|p1a: Tangrowth|Sleep Powder|p2a: Melmetal
|-status|p2a: Melmetal|slp|[from] move: Sleep Powder
|
|upkeep
|turn|22
|
|t:|1662691416
|switch|p2a: Victini|Victini|100/100
|switch|p1a: landorustherian|Landorus-Therian, M|32/100
|-ability|p1a: landorustherian|Intimidate|boost
|-unboost|p2a: Victini|atk|1
|
|-heal|p1a: landorustherian|38/100|[from] item: Leftovers
|upkeep
|turn|23
|
|t:|1662691423
|switch|p1a: Tangrowth|Tangrowth, F|45/100
|move|p2a: Victini|U-turn|p1a: Tangrowth
|-supereffective|p1a: Tangrowth
|-damage|p1a: Tangrowth|22/100
|-damage|p2a: Victini|84/100|[from] item: Rocky Helmet|[of] p1a: Tangrowth
|
|t:|1662691426
|switch|p2a: Snorlax|Snorlax, M|100/100|[from]move: U-turn
|
|upkeep
|turn|24
|
|t:|1662691431
|move|p1a: Tangrowth|Giga Drain|p2a: Snorlax
|-damage|p2a: Snorlax|88/100
|-heal|p1a: Tangrowth|30/100|[from] drain|[of] p2a: Snorlax
|move|p2a: Snorlax|Curse|p2a: Snorlax
|-unboost|p2a: Snorlax|spe|1
|-boost|p2a: Snorlax|atk|1
|-boost|p2a: Snorlax|def|1
|
|-heal|p2a: Snorlax|94/100|[from] item: Leftovers
|upkeep
|turn|25
|
|t:|1662691432
|move|p1a: Tangrowth|Knock Off|p2a: Snorlax
|-damage|p2a: Snorlax|81/100
|-enditem|p2a: Snorlax|Leftovers|[from] move: Knock Off|[of] p1a: Tangrowth
|move|p2a: Snorlax|Curse|p2a: Snorlax
|-unboost|p2a: Snorlax|spe|1
|-boost|p2a: Snorlax|atk|1
|-boost|p2a: Snorlax|def|1
|
|upkeep
|turn|26
|
|t:|1662691434
|move|p1a: Tangrowth|Giga Drain|p2a: Snorlax
|-damage|p2a: Snorlax|67/100
|-heal|p1a: Tangrowth|39/100|[from] drain|[of] p2a: Snorlax
|move|p2a: Snorlax|Curse|p2a: Snorlax
|-unboost|p2a: Snorlax|spe|1
|-boost|p2a: Snorlax|atk|1
|-boost|p2a: Snorlax|def|1
|
|upkeep
|turn|27
|
|t:|1662691436
|switch|p1a: Heatran|Heatran, M|100/100
|-item|p1a: Heatran|Air Balloon
|move|p2a: Snorlax|Curse|p2a: Snorlax
|-unboost|p2a: Snorlax|spe|1
|-boost|p2a: Snorlax|atk|1
|-boost|p2a: Snorlax|def|1
|
|upkeep
|turn|28
|
|t:|1662691437
|move|p1a: Heatran|Magma Storm|p2a: Snorlax
|-damage|p2a: Snorlax|57/100
|-activate|p2a: Snorlax|move: Magma Storm|[of] p1a: Heatran
|move|p2a: Snorlax|Body Slam|p1a: Heatran
|-resisted|p1a: Heatran
|-damage|p1a: Heatran|50/100
|-enditem|p1a: Heatran|Air Balloon
|
|-damage|p2a: Snorlax|45/100|[from] move: Magma Storm|[partiallytrapped]
|upkeep
|turn|29
|
|t:|1662691440
|switch|p1a: Tangrowth|Tangrowth, F|72/100
|move|p2a: Snorlax|Body Slam|p1a: Tangrowth
|-damage|p1a: Tangrowth|27/100
|-damage|p2a: Snorlax|28/100|[from] item: Rocky Helmet|[of] p1a: Tangrowth
|
|-end|p2a: Snorlax|Magma Storm|[partiallytrapped]|[silent]
|upkeep
|turn|30
|
|t:|1662691443
|move|p1a: Tangrowth|Focus Blast|p2a: Snorlax
|-supereffective|p2a: Snorlax
|-damage|p2a: Snorlax|2/100
|move|p2a: Snorlax|Rest|p2a: Snorlax
|-status|p2a: Snorlax|slp|[from] move: Rest
|-heal|p2a: Snorlax|100/100 slp|[silent]
|
|upkeep
|turn|31
|
|t:|1662691445
|switch|p1a: landorustherian|Landorus-Therian, M|38/100
|-ability|p1a: landorustherian|Intimidate|boost
|-unboost|p2a: Snorlax|atk|1
|cant|p2a: Snorlax|slp
|
|-heal|p1a: landorustherian|44/100|[from] item: Leftovers
|upkeep
|turn|32
|
|t:|1662691447
|move|p1a: landorustherian|U-turn|p2a: Snorlax
|-damage|p2a: Snorlax|94/100 slp
|
|t:|1662691447
|switch|p1a: Tangrowth|Tangrowth, F|60/100|[from]move: U-turn
|cant|p2a: Snorlax|slp
|
|upkeep
|turn|33
|
|t:|1662691449
|switch|p1a: landorustherian|Landorus-Therian, M|44/100
|-ability|p1a: landorustherian|Intimidate|boost
|-unboost|p2a: Snorlax|atk|1
|-curestatus|p2a: Snorlax|slp|[msg]
|move|p2a: Snorlax|Heat Crash|p1a: landorustherian
|-crit|p1a: landorustherian
|-damage|p1a: landorustherian|0 fnt
|faint|p1a: landorustherian
|
|upkeep
|
|t:|1662691449
|switch|p1a: Tangrowth|Tangrowth, F|93/100
|turn|34
|
|t:|1662691455
|move|p1a: Tangrowth|Knock Off|p2a: Snorlax
|-damage|p2a: Snorlax|89/100
|move|p2a: Snorlax|Curse|p2a: Snorlax
|-unboost|p2a: Snorlax|spe|1
|-boost|p2a: Snorlax|atk|1
|-boost|p2a: Snorlax|def|1
|
|upkeep
|turn|35
|
|t:|1662691457
|move|p1a: Tangrowth|Knock Off|p2a: Snorlax
|-damage|p2a: Snorlax|85/100
|move|p2a: Snorlax|Curse|p2a: Snorlax
|-unboost|p2a: Snorlax|spe|1
|-boost|p2a: Snorlax|atk|1
|-boost|p2a: Snorlax|def|1
|
|upkeep
|turn|36
|
|t:|1662691460
|move|p1a: Tangrowth|Giga Drain|p2a: Snorlax
|-damage|p2a: Snorlax|73/100
|-heal|p1a: Tangrowth|100/100|[from] drain|[of] p2a: Snorlax
|move|p2a: Snorlax|Heat Crash|p1a: Tangrowth
|-supereffective|p1a: Tangrowth
|-damage|p1a: Tangrowth|42/100
|-damage|p2a: Snorlax|56/100|[from] item: Rocky Helmet|[of] p1a: Tangrowth
|
|upkeep
|turn|37
|
|t:|1662691462
|switch|p1a: Heatran|Heatran, M|50/100
|move|p2a: Snorlax|Body Slam|p1a: Heatran
|-resisted|p1a: Heatran
|-damage|p1a: Heatran|6/100
|
|upkeep
|turn|38
|
|t:|1662691464
|move|p1a: Heatran|Stealth Rock|p2a: Snorlax
|-sidestart|p2: IIIodyne|move: Stealth Rock
|move|p2a: Snorlax|Body Slam|p1a: Heatran
|-resisted|p1a: Heatran
|-damage|p1a: Heatran|0 fnt
|faint|p1a: Heatran
|
|upkeep
|
|t:|1662691464
|switch|p1a: Tangrowth|Tangrowth, F|75/100
|turn|39
|
|t:|1662691466
|move|p1a: Tangrowth|Giga Drain|p2a: Snorlax
|-damage|p2a: Snorlax|45/100
|-heal|p1a: Tangrowth|82/100|[from] drain|[of] p2a: Snorlax
|move|p2a: Snorlax|Heat Crash|p1a: Tangrowth
|-supereffective|p1a: Tangrowth
|-damage|p1a: Tangrowth|19/100
|-damage|p2a: Snorlax|28/100|[from] item: Rocky Helmet|[of] p1a: Tangrowth
|
|upkeep
|turn|40
|
|t:|1662691468
|move|p1a: Tangrowth|Focus Blast|p2a: Snorlax|[miss]
|-miss|p1a: Tangrowth|p2a: Snorlax
|move|p2a: Snorlax|Rest|p2a: Snorlax
|-status|p2a: Snorlax|slp|[from] move: Rest
|-heal|p2a: Snorlax|100/100 slp|[silent]
|
|upkeep
|turn|41
|
|t:|1662691470
|move|p1a: Tangrowth|Focus Blast|p2a: Snorlax
|-supereffective|p2a: Snorlax
|-damage|p2a: Snorlax|72/100 slp
|cant|p2a: Snorlax|slp
|
|upkeep
|turn|42
|
|t:|1662691471
|move|p1a: Tangrowth|Focus Blast|p2a: Snorlax
|-supereffective|p2a: Snorlax
|-damage|p2a: Snorlax|45/100 slp
|cant|p2a: Snorlax|slp
|
|upkeep
|turn|43
|
|t:|1662691473
|move|p1a: Tangrowth|Focus Blast|p2a: Snorlax
|-supereffective|p2a: Snorlax
|-damage|p2a: Snorlax|18/100 slp
|-curestatus|p2a: Snorlax|slp|[msg]
|move|p2a: Snorlax|Heat Crash|p1a: Tangrowth
|-supereffective|p1a: Tangrowth
|-damage|p1a: Tangrowth|0 fnt
|-damage|p2a: Snorlax|1/100|[from] item: Rocky Helmet|[of] p1a: Tangrowth
|faint|p1a: Tangrowth
|
|upkeep
|
|t:|1662691473
|switch|p1a: Weavile|Weavile, F|52/100
|-ability|p1a: Weavile|Pressure
|turn|44
|
|t:|1662691479
|move|p1a: Weavile|Knock Off|p2a: Snorlax
|-damage|p2a: Snorlax|0 fnt
|faint|p2a: Snorlax
|
|upkeep
|
|t:|1662691486
|switch|p2a: Melmetal|Melmetal|51/100 slp
|-damage|p2a: Melmetal|45/100 slp|[from] Stealth Rock
|turn|45
|
|t:|1662691488
|move|p1a: Weavile|Low Kick|p2a: Melmetal
|-supereffective|p2a: Melmetal
|-damage|p2a: Melmetal|0 fnt
|faint|p2a: Melmetal
|
|upkeep
|
|t:|1662691490
|switch|p2a: Victini|Victini|84/100
|-damage|p2a: Victini|59/100|[from] Stealth Rock
|turn|46
|
|t:|1662691492
|move|p1a: Weavile|Knock Off|p2a: Victini
|-supereffective|p2a: Victini
|-damage|p2a: Victini|0 fnt
|-enditem|p2a: Victini|Choice Band|[from] move: Knock Off|[of] p1a: Weavile
|faint|p2a: Victini
|
|win|minimax_ai
|raw|minimax_ai's rating: 1531 &rarr; <strong>1554</strong><br />(+23 for winning)
|raw|IIIodyne's rating: 1575 &rarr; <strong>1552</strong><br />(-23 for losing)
|c|☆minimax_ai|gg
