|j|☆tytyui↻
|j|☆El Stefano
|t:|1660166884
|gametype|singles
|player|p1|tytyui↻|korrina-masters|1720
|player|p2|El Stefano|101|1684
|teamsize|p1|6
|teamsize|p2|6
|gen|8
|tier|[Gen 8] OU
|rated|
|rule|Sleep Clause Mod: Limit one foe put to sleep
|rule|Species Clause: Limit one of each Pokémon
|rule|OHKO Clause: OHKO moves are banned
|rule|Evasion Items Clause: Evasion items are banned
|rule|Evasion Moves Clause: Evasion moves are banned
|rule|Endless Battle Clause: Forcing endless battles is banned
|rule|HP Percentage Mod: HP is shown in percentages
|rule|Dynamax Clause: You cannot dynamax
|clearpoke
|poke|p1|Zygarde-10%|
|poke|p1|Kartana|
|poke|p1|Blacephalon|
|poke|p1|Landorus-Therian, M|
|poke|p1|Tapu Fini|
|poke|p1|Corviknight, M|
|poke|p2|Pelipper, M|
|poke|p2|Melmetal|
|poke|p2|Tapu Bulu|
|poke|p2|Landorus-Therian, M|
|poke|p2|Dragonite, M|
|poke|p2|Magnezone|
|teampreview
|
|t:|1660166897
|start
|switch|p1a: Blacephalon|Blacephalon|100/100
|switch|p2a: Pelipper|Pelipper, M|100/100
|-weather|RainDance|[from] ability: Drizzle|[of] p2a: Pelipper
|turn|1
|
|t:|1660166903
|move|p1a: Blacephalon|Shadow Ball|p2a: Pelipper
|-damage|p2a: Pelipper|0 fnt
|faint|p2a: Pelipper
|-ability|p1a: Blacephalon|Beast Boost|boost
|-boost|p1a: Blacephalon|spa|1
|
|-weather|RainDance|[upkeep]
|upkeep
|
|t:|1660166910
|switch|p2a: Dragonite|Dragonite, M|100/100
|turn|2
|
|t:|1660166916
|switch|p1a: Landorus|Landorus-Therian, M|100/100
|-ability|p1a: Landorus|Intimidate|boost
|-unboost|p2a: Dragonite|atk|1
|move|p2a: Dragonite|Roost||[still]
|-fail|p2a: Dragonite|heal
|
|-weather|RainDance|[upkeep]
|upkeep
|turn|3
|
|t:|1660166921
|switch|p2a: Landorus|Landorus-Therian, M|100/100
|-ability|p2a: Landorus|Intimidate|boost
|-unboost|p1a: Landorus|atk|1
|move|p1a: Landorus|Toxic|p2a: Landorus
|-status|p2a: Landorus|tox
|
|-weather|RainDance|[upkeep]
|-damage|p2a: Landorus|94/100 tox|[from] psn
|upkeep
|turn|4
|
|t:|1660166928
|move|p2a: Landorus|Stealth Rock|p1a: Landorus
|-sidestart|p1: tytyui↻|move: Stealth Rock
|move|p1a: Landorus|Stealth Rock|p2a: Landorus
|-sidestart|p2: El Stefano|move: Stealth Rock
|
|-weather|RainDance|[upkeep]
|-damage|p2a: Landorus|82/100 tox|[from] psn
|upkeep
|turn|5
|
|t:|1660166932
|move|p2a: Landorus|Knock Off|p1a: Landorus
|-damage|p1a: Landorus|71/100
|-enditem|p1a: Landorus|Leftovers|[from] move: Knock Off|[of] p2a: Landorus
|move|p1a: Landorus|U-turn|p2a: Landorus
|-resisted|p2a: Landorus
|-damage|p2a: Landorus|76/100 tox
|
|t:|1660166939
|switch|p1a: Blacephalon|Blacephalon|100/100|[from]move: U-turn
|-damage|p1a: Blacephalon|76/100|[from] Stealth Rock
|
|-weather|none
|-damage|p2a: Landorus|58/100 tox|[from] psn
|upkeep
|turn|6
|
|t:|1660166943
|switch|p2a: Dragonite|Dragonite, M|100/100
|move|p1a: Blacephalon|Shadow Ball|p2a: Dragonite
|-damage|p2a: Dragonite|78/100
|
|upkeep
|turn|7
|
|t:|1660166947
|switch|p1a: Corviknight|Corviknight, M|100/100
|-damage|p1a: Corviknight|88/100|[from] Stealth Rock
|-ability|p1a: Corviknight|Pressure
|move|p2a: Dragonite|Roost|p2a: Dragonite
|-heal|p2a: Dragonite|100/100
|-singleturn|p2a: Dragonite|move: Roost
|
|upkeep
|turn|8
|
|t:|1660166958
|switch|p2a: Melmetal|Melmetal|100/100
|-damage|p2a: Melmetal|94/100|[from] Stealth Rock
|move|p1a: Corviknight|U-turn|p2a: Melmetal
|-resisted|p2a: Melmetal
|-damage|p2a: Melmetal|91/100
|
|t:|1660166967
|switch|p1a: Landorus|Landorus-Therian, M|71/100|[from]move: U-turn
|-damage|p1a: Landorus|59/100|[from] Stealth Rock
|-ability|p1a: Landorus|Intimidate|boost
|-unboost|p2a: Melmetal|atk|1
|
|-heal|p2a: Melmetal|97/100|[from] item: Leftovers
|upkeep
|turn|9
|
|t:|1660166976
|move|p2a: Melmetal|Protect|p2a: Melmetal
|-singleturn|p2a: Melmetal|Protect
|move|p1a: Landorus|U-turn|p2a: Melmetal
|-activate|p2a: Melmetal|move: Protect
|
|-heal|p2a: Melmetal|100/100|[from] item: Leftovers
|upkeep
|turn|10
|
|t:|1660166980
|switch|p2a: Tapu Bulu|Tapu Bulu|100/100
|-damage|p2a: Tapu Bulu|88/100|[from] Stealth Rock
|-fieldstart|move: Grassy Terrain|[from] ability: Grassy Surge|[of] p2a: Tapu Bulu
|move|p1a: Landorus|Earthquake|p2a: Tapu Bulu
|-resisted|p2a: Tapu Bulu
|-damage|p2a: Tapu Bulu|78/100
|
|-heal|p2a: Tapu Bulu|84/100|[from] Grassy Terrain
|upkeep
|turn|11
|
|t:|1660167000
|switch|p1a: Corviknight|Corviknight, M|88/100
|-damage|p1a: Corviknight|75/100|[from] Stealth Rock
|-ability|p1a: Corviknight|Pressure
|move|p2a: Tapu Bulu|Horn Leech|p1a: Corviknight
|-resisted|p1a: Corviknight
|-damage|p1a: Corviknight|66/100
|-heal|p2a: Tapu Bulu|89/100|[from] drain|[of] p1a: Corviknight
|-damage|p2a: Tapu Bulu|73/100|[from] item: Rocky Helmet|[of] p1a: Corviknight
|
|-heal|p2a: Tapu Bulu|79/100|[from] Grassy Terrain
|upkeep
|turn|12
|
|t:|1660167014
|move|p2a: Tapu Bulu|Close Combat|p1a: Corviknight
|-damage|p1a: Corviknight|36/100
|-unboost|p2a: Tapu Bulu|def|1
|-unboost|p2a: Tapu Bulu|spd|1
|-damage|p2a: Tapu Bulu|62/100|[from] item: Rocky Helmet|[of] p1a: Corviknight
|move|p1a: Corviknight|Defog|p2a: Tapu Bulu
|-unboost|p2a: Tapu Bulu|evasion|1
|-sideend|p2: El Stefano|Stealth Rock|[from] move: Defog|[of] p1a: Corviknight
|-sideend|p1: tytyui↻|Stealth Rock|[from] move: Defog|[of] p1a: Corviknight
|-fieldend|move: Grassy Terrain
|
|upkeep
|turn|13
|
|t:|1660167026
|switch|p2a: Magnezone|Magnezone|100/100
|move|p1a: Corviknight|U-turn|p2a: Magnezone
|-resisted|p2a: Magnezone
|-damage|p2a: Magnezone|95/100
|
|t:|1660167030
|switch|p1a: Zygarde|Zygarde-10%|100/100|[from]move: U-turn
|-ability|p1a: Zygarde|Aura Break
|
|-heal|p2a: Magnezone|100/100|[from] item: Leftovers
|upkeep
|turn|14
|
|t:|1660167039
|switch|p2a: Tapu Bulu|Tapu Bulu|62/100
|-fieldstart|move: Grassy Terrain|[from] ability: Grassy Surge|[of] p2a: Tapu Bulu
|move|p1a: Zygarde|Iron Tail|p2a: Tapu Bulu
|-supereffective|p2a: Tapu Bulu
|-damage|p2a: Tapu Bulu|0 fnt
|faint|p2a: Tapu Bulu
|
|upkeep
|
|t:|1660167044
|switch|p2a: Melmetal|Melmetal|100/100
|turn|15
|
|t:|1660167051
|switch|p1a: Corviknight|Corviknight, M|36/100
|-ability|p1a: Corviknight|Pressure
|move|p2a: Melmetal|Double Iron Bash|p1a: Corviknight
|-resisted|p1a: Corviknight
|-damage|p1a: Corviknight|23/100
|-damage|p2a: Melmetal|84/100|[from] item: Rocky Helmet|[of] p1a: Corviknight
|-resisted|p1a: Corviknight
|-damage|p1a: Corviknight|9/100
|-damage|p2a: Melmetal|67/100|[from] item: Rocky Helmet|[of] p1a: Corviknight
|-hitcount|p1a: Corviknight|2
|
|-heal|p2a: Melmetal|73/100|[from] Grassy Terrain
|-heal|p2a: Melmetal|79/100|[from] item: Leftovers
|upkeep
|turn|16
|
|t:|1660167056
|switch|p2a: Magnezone|Magnezone|100/100
|move|p1a: Corviknight|Roost|p1a: Corviknight
|-heal|p1a: Corviknight|59/100
|-singleturn|p1a: Corviknight|move: Roost
|
|-heal|p1a: Corviknight|66/100|[from] Grassy Terrain
|upkeep
|turn|17
|
|t:|1660167060
|move|p2a: Magnezone|Discharge|p1a: Corviknight
|-supereffective|p1a: Corviknight
|-damage|p1a: Corviknight|8/100
|move|p1a: Corviknight|U-turn|p2a: Magnezone
|-resisted|p2a: Magnezone
|-damage|p2a: Magnezone|96/100
|
|t:|1660167065
|switch|p1a: Zygarde|Zygarde-10%|100/100|[from]move: U-turn
|-ability|p1a: Zygarde|Aura Break
|
|-heal|p2a: Magnezone|100/100|[from] Grassy Terrain
|upkeep
|turn|18
|
|t:|1660167071
|switch|p2a: Landorus|Landorus-Therian, M|58/100 tox
|-ability|p2a: Landorus|Intimidate|boost
|-unboost|p1a: Zygarde|atk|1
|move|p1a: Zygarde|Thousand Arrows|p2a: Landorus
|-damage|p2a: Landorus|25/100 tox
|-start|p2a: Landorus|Smack Down
|
|-heal|p2a: Landorus|31/100 tox|[from] Grassy Terrain
|-damage|p2a: Landorus|25/100 tox|[from] psn
|-fieldend|move: Grassy Terrain
|upkeep
|turn|19
|
|t:|1660167076
|move|p1a: Zygarde|Thousand Arrows|p2a: Landorus
|-damage|p2a: Landorus|0 fnt
|faint|p2a: Landorus
|
|upkeep
|
|t:|1660167080
|switch|p2a: Dragonite|Dragonite, M|100/100
|turn|20
|
|t:|1660167085
|switch|p1a: Landorus|Landorus-Therian, M|59/100
|-ability|p1a: Landorus|Intimidate|boost
|-unboost|p2a: Dragonite|atk|1
|move|p2a: Dragonite|Dragon Dance|p2a: Dragonite
|-boost|p2a: Dragonite|atk|1
|-boost|p2a: Dragonite|spe|1
|
|upkeep
|turn|21
|
|t:|1660167090
|switch|p1a: Tapu Fini|Tapu Fini|100/100
|-fieldstart|move: Misty Terrain|[from] ability: Misty Surge|[of] p1a: Tapu Fini
|move|p2a: Dragonite|Dragon Dance|p2a: Dragonite
|-boost|p2a: Dragonite|atk|1
|-boost|p2a: Dragonite|spe|1
|
|upkeep
|turn|22
|
|t:|1660167100
|switch|p2a: Melmetal|Melmetal|79/100
|move|p1a: Tapu Fini|Taunt|p2a: Melmetal
|-start|p2a: Melmetal|move: Taunt
|
|-heal|p2a: Melmetal|86/100|[from] item: Leftovers
|upkeep
|turn|23
|
|t:|1660167109
|switch|p1a: Corviknight|Corviknight, M|8/100
|-ability|p1a: Corviknight|Pressure
|move|p2a: Melmetal|Double Iron Bash|p1a: Corviknight
|-resisted|p1a: Corviknight
|-damage|p1a: Corviknight|0 fnt
|-damage|p2a: Melmetal|69/100|[from] item: Rocky Helmet|[of] p1a: Corviknight
|faint|p1a: Corviknight
|-hitcount|p1: Corviknight|1
|
|-heal|p2a: Melmetal|75/100|[from] item: Leftovers
|upkeep
|
|t:|1660167114
|switch|p1a: Zygarde|Zygarde-10%|100/100
|-ability|p1a: Zygarde|Aura Break
|turn|24
|
|t:|1660167121
|switch|p2a: Magnezone|Magnezone|100/100
|move|p1a: Zygarde|Thousand Arrows|p2a: Magnezone
|-supereffective|p2a: Magnezone
|-damage|p2a: Magnezone|0 fnt
|faint|p2a: Magnezone
|
|upkeep
|
|t:|1660167125
|switch|p2a: Dragonite|Dragonite, M|100/100
|turn|25
|
|t:|1660167127
|move|p1a: Zygarde|Thousand Arrows|p2a: Dragonite
|-damage|p2a: Dragonite|76/100
|-start|p2a: Dragonite|Smack Down
|move|p2a: Dragonite|Dragon Dance|p2a: Dragonite
|-boost|p2a: Dragonite|atk|1
|-boost|p2a: Dragonite|spe|1
|
|-fieldend|Misty Terrain
|upkeep
|turn|26
|
|t:|1660167139
|switch|p1a: Tapu Fini|Tapu Fini|100/100
|-fieldstart|move: Misty Terrain|[from] ability: Misty Surge|[of] p1a: Tapu Fini
|move|p2a: Dragonite|Roost|p2a: Dragonite
|-heal|p2a: Dragonite|100/100
|-singleturn|p2a: Dragonite|move: Roost
|
|upkeep
|turn|27
|
|t:|1660167143
|move|p2a: Dragonite|Dragon Dance|p2a: Dragonite
|-boost|p2a: Dragonite|atk|1
|-boost|p2a: Dragonite|spe|1
|move|p1a: Tapu Fini|Taunt|p2a: Dragonite
|-start|p2a: Dragonite|move: Taunt
|
|upkeep
|turn|28
|
|t:|1660167147
|switch|p1a: Landorus|Landorus-Therian, M|59/100
|-ability|p1a: Landorus|Intimidate|boost
|-unboost|p2a: Dragonite|atk|1
|move|p2a: Dragonite|Dual Wingbeat|p1a: Landorus
|-damage|p1a: Landorus|31/100
|-damage|p1a: Landorus|2/100
|-hitcount|p1a: Landorus|2
|
|upkeep
|turn|29
|
|t:|1660167151
|move|p2a: Dragonite|Dual Wingbeat|p1a: Landorus
|-damage|p1a: Landorus|0 fnt
|faint|p1a: Landorus
|-hitcount|p1: Landorus|1
|
|upkeep
|
|t:|1660167154
|switch|p1a: Tapu Fini|Tapu Fini|100/100
|turn|30
|
|t:|1660167158
|move|p2a: Dragonite|Dual Wingbeat|p1a: Tapu Fini
|-damage|p1a: Tapu Fini|80/100
|-damage|p1a: Tapu Fini|62/100
|-hitcount|p1a: Tapu Fini|2
|move|p1a: Tapu Fini|Draining Kiss|p2a: Dragonite
|-supereffective|p2a: Dragonite
|-damage|p2a: Dragonite|88/100
|-heal|p1a: Tapu Fini|72/100|[from] drain|[of] p2a: Dragonite
|
|-heal|p1a: Tapu Fini|78/100|[from] item: Leftovers
|-end|p2a: Dragonite|move: Taunt
|-fieldend|Misty Terrain
|upkeep
|turn|31
|
|t:|1660167164
|move|p2a: Dragonite|Dragon Dance|p2a: Dragonite
|-boost|p2a: Dragonite|atk|1
|-boost|p2a: Dragonite|spe|1
|move|p1a: Tapu Fini|Calm Mind|p1a: Tapu Fini
|-boost|p1a: Tapu Fini|spa|1
|-boost|p1a: Tapu Fini|spd|1
|
|-heal|p1a: Tapu Fini|85/100|[from] item: Leftovers
|upkeep
|turn|32
|
|t:|1660167170
|move|p2a: Dragonite|Dragon Dance|p2a: Dragonite
|-boost|p2a: Dragonite|atk|1
|-boost|p2a: Dragonite|spe|1
|move|p1a: Tapu Fini|Draining Kiss|p2a: Dragonite
|-supereffective|p2a: Dragonite
|-damage|p2a: Dragonite|54/100
|-heal|p1a: Tapu Fini|100/100|[from] drain|[of] p2a: Dragonite
|
|upkeep
|turn|33
|
|t:|1660167176
|move|p2a: Dragonite|Roost|p2a: Dragonite
|-heal|p2a: Dragonite|100/100
|-singleturn|p2a: Dragonite|move: Roost
|move|p1a: Tapu Fini|Draining Kiss|p2a: Dragonite
|-supereffective|p2a: Dragonite
|-damage|p2a: Dragonite|84/100
|
|upkeep
|turn|34
|
|t:|1660167179
|move|p2a: Dragonite|Dragon Dance|p2a: Dragonite
|-boost|p2a: Dragonite|atk|1
|-boost|p2a: Dragonite|spe|1
|move|p1a: Tapu Fini|Draining Kiss|p2a: Dragonite
|-supereffective|p2a: Dragonite
|-damage|p2a: Dragonite|48/100
|
|upkeep
|turn|35
|
|t:|1660167182
|move|p2a: Dragonite|Roost|p2a: Dragonite
|-heal|p2a: Dragonite|98/100
|-singleturn|p2a: Dragonite|move: Roost
|move|p1a: Tapu Fini|Calm Mind|p1a: Tapu Fini
|-boost|p1a: Tapu Fini|spa|1
|-boost|p1a: Tapu Fini|spd|1
|
|upkeep
|turn|36
|
|t:|1660167187
|move|p2a: Dragonite|Dual Wingbeat|p1a: Tapu Fini|[miss]
|-miss|p2a: Dragonite|p1a: Tapu Fini
|move|p1a: Tapu Fini|Draining Kiss|p2a: Dragonite
|-supereffective|p2a: Dragonite
|-damage|p2a: Dragonite|53/100
|
|upkeep
|turn|37
|
|t:|1660167191
|move|p2a: Dragonite|Roost|p2a: Dragonite
|-heal|p2a: Dragonite|100/100
|-singleturn|p2a: Dragonite|move: Roost
|move|p1a: Tapu Fini|Calm Mind|p1a: Tapu Fini
|-boost|p1a: Tapu Fini|spa|1
|-boost|p1a: Tapu Fini|spd|1
|
|upkeep
|turn|38
|
|t:|1660167194
|move|p2a: Dragonite|Dual Wingbeat|p1a: Tapu Fini
|-damage|p1a: Tapu Fini|61/100
|-damage|p1a: Tapu Fini|22/100
|-hitcount|p1a: Tapu Fini|2
|move|p1a: Tapu Fini|Draining Kiss|p2a: Dragonite
|-supereffective|p2a: Dragonite
|-damage|p2a: Dragonite|71/100
|-heal|p1a: Tapu Fini|47/100|[from] drain|[of] p2a: Dragonite
|
|-heal|p1a: Tapu Fini|53/100|[from] item: Leftovers
|upkeep
|turn|39
|
|t:|1660167200
|move|p2a: Dragonite|Dual Wingbeat|p1a: Tapu Fini
|-damage|p1a: Tapu Fini|14/100
|-damage|p1a: Tapu Fini|0 fnt
|faint|p1a: Tapu Fini
|-hitcount|p1: Tapu Fini|2
|
|upkeep
|
|t:|1660167207
|switch|p1a: Zygarde|Zygarde-10%|100/100
|-ability|p1a: Zygarde|Aura Break
|turn|40
|
|t:|1660167211
|move|p1a: Zygarde|Extreme Speed|p2a: Dragonite
|-damage|p2a: Dragonite|40/100
|move|p2a: Dragonite|Dual Wingbeat|p1a: Zygarde|[miss]
|-miss|p2a: Dragonite|p1a: Zygarde
|
|upkeep
|turn|41
|
|t:|1660167217
|move|p1a: Zygarde|Extreme Speed|p2a: Dragonite
|-damage|p2a: Dragonite|8/100
|move|p2a: Dragonite|Roost|p2a: Dragonite
|-heal|p2a: Dragonite|58/100
|-singleturn|p2a: Dragonite|move: Roost
|
|upkeep
|turn|42
|
|t:|1660167221
|move|p1a: Zygarde|Extreme Speed|p2a: Dragonite
|-damage|p2a: Dragonite|28/100
|move|p2a: Dragonite|Roost|p2a: Dragonite
|-heal|p2a: Dragonite|78/100
|-singleturn|p2a: Dragonite|move: Roost
|
|upkeep
|turn|43
|
|t:|1660167224
|move|p1a: Zygarde|Extreme Speed|p2a: Dragonite
|-damage|p2a: Dragonite|46/100
|move|p2a: Dragonite|Roost|p2a: Dragonite
|-heal|p2a: Dragonite|96/100
|-singleturn|p2a: Dragonite|move: Roost
|
|upkeep
|turn|44
|
|t:|1660167227
|move|p1a: Zygarde|Extreme Speed|p2a: Dragonite
|-damage|p2a: Dragonite|62/100
|move|p2a: Dragonite|Roost|p2a: Dragonite
|-heal|p2a: Dragonite|100/100
|-singleturn|p2a: Dragonite|move: Roost
|
|upkeep
|turn|45
|
|t:|1660167231
|move|p1a: Zygarde|Extreme Speed|p2a: Dragonite
|-damage|p2a: Dragonite|85/100
|move|p2a: Dragonite|Dual Wingbeat|p1a: Zygarde
|-damage|p1a: Zygarde|0 fnt
|faint|p1a: Zygarde
|-hitcount|p1: Zygarde|1
|
|upkeep
|
|t:|1660167236
|switch|p1a: Kartana|Kartana|100/100
|turn|46
|
|t:|1660167242
|move|p2a: Dragonite|Dual Wingbeat|p1a: Kartana
|-damage|p1a: Kartana|48/100
|-damage|p1a: Kartana|0 fnt
|faint|p1a: Kartana
|-hitcount|p1: Kartana|2
|
|upkeep
|-message|tytyui↻ forfeited.
|
|win|El Stefano
|raw|tytyui↻'s rating: 1720 &rarr; <strong>1698</strong><br />(-22 for losing)
|raw|El Stefano's rating: 1684 &rarr; <strong>1706</strong><br />(+22 for winning)
|l|☆tytyui↻
