|raw|<div class="broadcast-blue"><strong>This battle is required to be public due to a player having a name starting with 'lt93oq'.</div>
|j|☆LT93OQ mimilimi ♫☯
|j|‽antarctozolt
|t:|1660641440
|gametype|singles
|player|p1|LT93OQ mimilimi ♫☯|juggler|1855
|player|p2|antarctozolt|skier|1902
|teamsize|p1|6
|teamsize|p2|6
|gen|8
|tier|[Gen 8] OU
|rated|
|rule|Sleep Clause Mod: Limit one foe put to sleep
|rule|Species Clause: Limit one of each Pokémon
|rule|OHKO Clause: OHKO moves are banned
|rule|Evasion Items Clause: Evasion items are banned
|rule|Evasion Moves Clause: Evasion moves are banned
|rule|Endless Battle Clause: Forcing endless battles is banned
|rule|HP Percentage Mod: HP is shown in percentages
|rule|Dynamax Clause: You cannot dynamax
|clearpoke
|poke|p1|Pelipper, M|
|poke|p1|Kingdra, M|
|poke|p1|Zapdos|
|poke|p1|Ferrothorn, F|
|poke|p1|Excadrill, M|
|poke|p1|Crawdaunt, F|
|poke|p2|Kartana|
|poke|p2|Toxtricity, M|
|poke|p2|Celesteela|
|poke|p2|Dragapult, F|
|poke|p2|Mew|
|poke|p2|Zeraora|
|teampreview
|c|☆LT93OQ mimilimi ♫☯|Gl
|j| Mimikyu Stardust
|j| ownerfloor
|
|t:|1660641457
|start
|switch|p1a: Pelipper|Pelipper, M|100/100
|switch|p2a: Mew|Mew|100/100
|-weather|RainDance|[from] ability: Drizzle|[of] p1a: Pelipper
|turn|1
|
|t:|1660641460
|move|p2a: Mew|Stealth Rock|p1a: Pelipper
|-sidestart|p1: LT93OQ mimilimi ♫☯|move: Stealth Rock
|move|p1a: Pelipper|U-turn|p2a: Mew
|-supereffective|p2a: Mew
|-damage|p2a: Mew|86/100
|
|t:|1660641464
|switch|p1a: Excadrill|Excadrill, M|100/100|[from]move: U-turn
|-damage|p1a: Excadrill|97/100|[from] Stealth Rock
|-ability|p1a: Excadrill|Mold Breaker
|
|-weather|RainDance|[upkeep]
|-heal|p1a: Excadrill|100/100|[from] item: Leftovers
|upkeep
|turn|2
|
|t:|1660641466
|switch|p2a: Dragapult|Dragapult, F|100/100
|move|p1a: Excadrill|Rapid Spin|p2a: Dragapult
|-immune|p2a: Dragapult
|
|-weather|RainDance|[upkeep]
|upkeep
|turn|3
|
|t:|1660641468
|move|p2a: Dragapult|Shadow Ball|p1a: Excadrill
|-damage|p1a: Excadrill|61/100
|move|p1a: Excadrill|Earthquake|p2a: Dragapult
|-damage|p2a: Dragapult|44/100
|
|-weather|RainDance|[upkeep]
|-heal|p1a: Excadrill|67/100|[from] item: Leftovers
|upkeep
|turn|4
|
|t:|1660641473
|move|p2a: Dragapult|Shadow Ball|p1a: Excadrill
|-damage|p1a: Excadrill|30/100
|move|p1a: Excadrill|Earthquake|p2a: Dragapult
|-damage|p2a: Dragapult|0 fnt
|faint|p2a: Dragapult
|
|-weather|RainDance|[upkeep]
|-heal|p1a: Excadrill|36/100|[from] item: Leftovers
|upkeep
|
|t:|1660641477
|switch|p2a: Zeraora|Zeraora|100/100
|turn|5
|j| LT93OQ RL
|
|t:|1660641486
|switch|p1a: Ferrothorn|Ferrothorn, F|100/100
|-damage|p1a: Ferrothorn|95/100|[from] Stealth Rock
|move|p2a: Zeraora|Close Combat|p1a: Ferrothorn
|-supereffective|p1a: Ferrothorn
|-enditem|p1a: Ferrothorn|Chople Berry|[eat]
|-enditem|p1a: Ferrothorn|Chople Berry|[weaken]
|-damage|p1a: Ferrothorn|73/100
|-unboost|p2a: Zeraora|def|1
|-unboost|p2a: Zeraora|spd|1
|-enditem|p2a: Zeraora|Eject Pack
|-damage|p2a: Zeraora|88/100|[from] ability: Iron Barbs|[of] p1a: Ferrothorn
|
|t:|1660641490
|switch|p2a: Toxtricity|Toxtricity, M|100/100
|
|-weather|RainDance|[upkeep]
|upkeep
|turn|6
|
|t:|1660641494
|move|p2a: Toxtricity|Shift Gear|p2a: Toxtricity
|-boost|p2a: Toxtricity|spe|2
|-boost|p2a: Toxtricity|atk|1
|move|p1a: Ferrothorn|Spikes|p2a: Toxtricity
|-sidestart|p2: antarctozolt|Spikes
|
|-weather|RainDance|[upkeep]
|upkeep
|turn|7
|j| ILoveThe1975
|
|t:|1660641504
|move|p2a: Toxtricity|Shift Gear|p2a: Toxtricity
|-boost|p2a: Toxtricity|spe|2
|-boost|p2a: Toxtricity|atk|1
|move|p1a: Ferrothorn|Leech Seed|p2a: Toxtricity
|-start|p2a: Toxtricity|move: Leech Seed
|
|-weather|RainDance|[upkeep]
|-damage|p2a: Toxtricity|88/100|[from] Leech Seed|[of] p1a: Ferrothorn
|-heal|p1a: Ferrothorn|83/100|[silent]
|upkeep
|turn|8
|
|t:|1660641507
|move|p2a: Toxtricity|Drain Punch|p1a: Ferrothorn
|-supereffective|p1a: Ferrothorn
|-damage|p1a: Ferrothorn|30/100
|-heal|p2a: Toxtricity|100/100|[from] drain|[of] p1a: Ferrothorn
|-damage|p2a: Toxtricity|88/100|[from] ability: Iron Barbs|[of] p1a: Ferrothorn
|-damage|p2a: Toxtricity|78/100|[from] item: Life Orb
|move|p1a: Ferrothorn|Gyro Ball|p2a: Toxtricity
|-resisted|p2a: Toxtricity
|-damage|p2a: Toxtricity|37/100
|
|-weather|none
|-damage|p2a: Toxtricity|25/100|[from] Leech Seed|[of] p1a: Ferrothorn
|-heal|p1a: Ferrothorn|40/100|[silent]
|upkeep
|turn|9
|
|t:|1660641513
|move|p2a: Toxtricity|Drain Punch|p1a: Ferrothorn
|-supereffective|p1a: Ferrothorn
|-damage|p1a: Ferrothorn|0 fnt
|-heal|p2a: Toxtricity|49/100|[from] drain|[of] p1a: Ferrothorn
|-damage|p2a: Toxtricity|37/100|[from] ability: Iron Barbs|[of] p1a: Ferrothorn
|faint|p1a: Ferrothorn
|-damage|p2a: Toxtricity|27/100|[from] item: Life Orb
|
|upkeep
|
|t:|1660641514
|switch|p1a: Crawdaunt|Crawdaunt, F|100/100
|-damage|p1a: Crawdaunt|88/100|[from] Stealth Rock
|turn|10
|
|t:|1660641518
|switch|p2a: Mew|Mew|86/100
|-damage|p2a: Mew|73/100|[from] Spikes
|move|p1a: Crawdaunt|Aqua Jet|p2a: Mew
|-damage|p2a: Mew|44/100
|
|upkeep
|turn|11
|
|t:|1660641523
|switch|p2a: Toxtricity|Toxtricity, M|27/100
|-damage|p2a: Toxtricity|14/100|[from] Spikes
|switch|p1a: Excadrill|Excadrill, M|36/100
|-damage|p1a: Excadrill|33/100|[from] Stealth Rock
|-ability|p1a: Excadrill|Mold Breaker
|
|-heal|p1a: Excadrill|39/100|[from] item: Leftovers
|upkeep
|turn|12
|
|t:|1660641528
|switch|p1a: Pelipper|Pelipper, M|100/100
|-damage|p1a: Pelipper|76/100|[from] Stealth Rock
|-weather|RainDance|[from] ability: Drizzle|[of] p1a: Pelipper
|move|p2a: Toxtricity|Drain Punch|p1a: Pelipper
|-resisted|p1a: Pelipper
|-damage|p1a: Pelipper|67/100
|-heal|p2a: Toxtricity|19/100|[from] drain|[of] p1a: Pelipper
|-damage|p2a: Toxtricity|9/100|[from] item: Life Orb
|
|-weather|RainDance|[upkeep]
|upkeep
|turn|13
|
|t:|1660641533
|switch|p1a: Excadrill|Excadrill, M|39/100
|-damage|p1a: Excadrill|36/100|[from] Stealth Rock
|-ability|p1a: Excadrill|Mold Breaker
|move|p2a: Toxtricity|Boomburst|p1a: Excadrill
|-resisted|p1a: Excadrill
|-damage|p1a: Excadrill|7/100
|-damage|p2a: Toxtricity|0 fnt|[from] item: Life Orb
|faint|p2a: Toxtricity
|
|-weather|RainDance|[upkeep]
|-heal|p1a: Excadrill|13/100|[from] item: Leftovers
|upkeep
|l| Mimikyu Stardust
|
|t:|1660641548
|switch|p2a: Celesteela|Celesteela|100/100
|turn|14
|
|t:|1660641550
|move|p2a: Celesteela|Autotomize|p2a: Celesteela
|-boost|p2a: Celesteela|spe|2
|-start|p2a: Celesteela|Autotomize
|move|p1a: Excadrill|Rapid Spin|p2a: Celesteela
|-resisted|p2a: Celesteela
|-damage|p2a: Celesteela|93/100
|-boost|p1a: Excadrill|spe|1
|-sideend|p1: LT93OQ mimilimi ♫☯|Stealth Rock|[from] move: Rapid Spin|[of] p1a: Excadrill
|
|-weather|RainDance|[upkeep]
|-heal|p1a: Excadrill|20/100|[from] item: Leftovers
|upkeep
|turn|15
|
|t:|1660641557
|switch|p1a: Kingdra|Kingdra, M|100/100
|move|p2a: Celesteela|Autotomize|p2a: Celesteela
|-boost|p2a: Celesteela|spe|2
|-start|p2a: Celesteela|Autotomize
|
|-weather|RainDance|[upkeep]
|upkeep
|turn|16
|
|t:|1660641559
|move|p2a: Celesteela|Air Slash|p1a: Kingdra
|-damage|p1a: Kingdra|58/100
|move|p1a: Kingdra|Hydro Pump|p2a: Celesteela
|-damage|p2a: Celesteela|0 fnt
|faint|p2a: Celesteela
|
|-weather|RainDance|[upkeep]
|upkeep
|
|t:|1660641563
|switch|p2a: Kartana|Kartana|100/100
|-damage|p2a: Kartana|88/100|[from] Spikes
|turn|17
|
|t:|1660641568
|switch|p1a: Zapdos|Zapdos|100/100
|move|p2a: Kartana|Leaf Blade|p1a: Zapdos
|-resisted|p1a: Zapdos
|-crit|p1a: Zapdos
|-damage|p1a: Zapdos|52/100
|
|-weather|RainDance|[upkeep]
|upkeep
|turn|18
|
|t:|1660641574
|switch|p2a: Zeraora|Zeraora|88/100
|-damage|p2a: Zeraora|76/100|[from] Spikes
|move|p1a: Zapdos|Weather Ball|p2a: Zeraora
|-damage|p2a: Zeraora|12/100
|
|-weather|RainDance|[upkeep]
|upkeep
|turn|19
|
|t:|1660641578
|switch|p1a: Excadrill|Excadrill, M|20/100
|-ability|p1a: Excadrill|Mold Breaker
|move|p2a: Zeraora|Plasma Fists|p1a: Excadrill
|-immune|p1a: Excadrill
|
|-weather|none
|-heal|p1a: Excadrill|26/100|[from] item: Leftovers
|upkeep
|turn|20
|
|t:|1660641582
|switch|p1a: Pelipper|Pelipper, M|67/100
|-weather|RainDance|[from] ability: Drizzle|[of] p1a: Pelipper
|move|p2a: Zeraora|Close Combat|p1a: Pelipper
|-resisted|p1a: Pelipper
|-damage|p1a: Pelipper|53/100
|-unboost|p2a: Zeraora|def|1
|-unboost|p2a: Zeraora|spd|1
|
|-weather|RainDance|[upkeep]
|upkeep
|turn|21
|
|t:|1660641584
|switch|p1a: Excadrill|Excadrill, M|26/100
|-ability|p1a: Excadrill|Mold Breaker
|move|p2a: Zeraora|Knock Off|p1a: Excadrill
|-damage|p1a: Excadrill|0 fnt
|-enditem|p1a: Excadrill|Leftovers|[from] move: Knock Off|[of] p2a: Zeraora
|faint|p1a: Excadrill
|
|-weather|RainDance|[upkeep]
|upkeep
|
|t:|1660641587
|switch|p1a: Kingdra|Kingdra, M|58/100
|turn|22
|
|t:|1660641589
|move|p1a: Kingdra|Surf|p2a: Zeraora
|-damage|p2a: Zeraora|0 fnt
|faint|p2a: Zeraora
|
|-weather|RainDance|[upkeep]
|upkeep
|
|t:|1660641591
|switch|p2a: Kartana|Kartana|88/100
|-damage|p2a: Kartana|76/100|[from] Spikes
|turn|23
|
|t:|1660641593
|move|p1a: Kingdra|Surf|p2a: Kartana
|-resisted|p2a: Kartana
|-damage|p2a: Kartana|0 fnt
|faint|p2a: Kartana
|
|-weather|RainDance|[upkeep]
|upkeep
|-message|antarctozolt forfeited.
|
|win|LT93OQ mimilimi ♫☯
|raw|LT93OQ mimilimi ♫☯'s rating: 1855 &rarr; <strong>1878</strong><br />(+23 for winning)
|raw|antarctozolt's rating: 1902 &rarr; <strong>1879</strong><br />(-23 for losing)
|l|‽antarctozolt
