|raw|<div class="broadcast-red"><strong>This battle is invite-only!</strong><br />Users must be invited with <code>/invite</code> (or be staff) to join</div>
|j|☆ArianaBlonde
|j|☆Get knotted
|player|p1|ArianaBlonde|dawn-gen4pt|1501
|player|p2|Get knotted|1|1552
|teamsize|p1|6
|teamsize|p2|6
|gametype|singles
|gen|8
|tier|[Gen 8] OU
|rated|
|clearpoke
|poke|p1|Excadrill, F|
|poke|p1|Tyranitar, M|
|poke|p1|Aegislash, M|
|poke|p1|Rotom-Mow|
|poke|p1|Conkeldurr, F|
|poke|p1|Crawdaunt, F|
|poke|p2|Cinderace, F|
|poke|p2|Tyranitar, M|
|poke|p2|Rhyperior, F|
|poke|p2|Hydreigon, F|
|poke|p2|Weezing-Galar, F|
|poke|p2|Seismitoad, F|
|rule|Sleep Clause Mod: Limit one foe put to sleep
|rule|Species Clause: Limit one of each Pokémon
|rule|OHKO Clause: OHKO moves are banned
|rule|Evasion Moves Clause: Evasion moves are banned
|rule|Endless Battle Clause: Forcing endless battles is banned
|rule|HP Percentage Mod: HP is shown in percentages
|rule|Dynamax Clause: You cannot dynamax
|teampreview
|inactive|Battle timer is ON: inactive players will automatically lose when time's up. (requested by Get knotted)
|
|start
|switch|p1a: Conkeldurr|Conkeldurr, F|100/100
|switch|p2a: Hydreigon|Hydreigon, F|100/100
|turn|1
|
|switch|p2a: Weezing|Weezing-Galar, F|100/100
|move|p1a: Conkeldurr|Earthquake|p2a: Weezing
|-immune|p2a: Weezing|[from] ability: Levitate
|
|-status|p1a: Conkeldurr|brn|[from] item: Flame Orb
|upkeep
|turn|2
|inactive|ArianaBlonde has 120 seconds left.
|
|switch|p1a: Aegislash|Aegislash, M|100/100
|move|p2a: Weezing|Strange Steam|p1a: Aegislash
|-resisted|p1a: Aegislash
|-damage|p1a: Aegislash|85/100
|
|upkeep
|turn|3
|
|switch|p2a: Seismitoad|Seismitoad, F|100/100
|-formechange|p1a: Aegislash|Aegislash-Blade||[from] ability: Stance Change
|move|p1a: Aegislash|Shadow Ball|p2a: Seismitoad
|-damage|p2a: Seismitoad|35/100
|-damage|p1a: Aegislash|75/100|[from] item: Life Orb
|
|-heal|p2a: Seismitoad|41/100|[from] item: Leftovers
|upkeep
|turn|4
|
|switch|p2a: Tyranitar|Tyranitar, M|100/100
|-weather|Sandstorm|[from] ability: Sand Stream|[of] p2a: Tyranitar
|move|p1a: Aegislash|Shadow Ball|p2a: Tyranitar
|-resisted|p2a: Tyranitar
|-damage|p2a: Tyranitar|93/100
|-damage|p1a: Aegislash|65/100|[from] item: Life Orb
|
|-weather|Sandstorm|[upkeep]
|upkeep
|turn|5
|
|move|p1a: Aegislash|Close Combat|p2a: Tyranitar
|-supereffective|p2a: Tyranitar
|-damage|p2a: Tyranitar|0 fnt
|-unboost|p1a: Aegislash|def|1
|-unboost|p1a: Aegislash|spd|1
|-damage|p1a: Aegislash|55/100|[from] item: Life Orb
|faint|p2a: Tyranitar
|
|-weather|Sandstorm|[upkeep]
|upkeep
|
|switch|p2a: Cinderace|Cinderace, F|100/100
|turn|6
|inactive|ArianaBlonde has 120 seconds left.
|
|switch|p1a: Conkeldurr|Conkeldurr, F|100/100 brn
|move|p2a: Cinderace|High Jump Kick|p1a: Conkeldurr
|-damage|p1a: Conkeldurr|59/100 brn
|
|-weather|Sandstorm|[upkeep]
|-damage|p2a: Cinderace|95/100|[from] Sandstorm
|-damage|p1a: Conkeldurr|53/100 brn|[from] Sandstorm
|-damage|p1a: Conkeldurr|47/100 brn|[from] brn
|upkeep
|turn|7
|inactive|ArianaBlonde has 120 seconds left.
|
|switch|p2a: Weezing|Weezing-Galar, F|100/100
|move|p1a: Conkeldurr|Mach Punch|p2a: Weezing
|-resisted|p2a: Weezing
|-damage|p2a: Weezing|95/100
|
|-weather|Sandstorm|[upkeep]
|-damage|p1a: Conkeldurr|41/100 brn|[from] Sandstorm
|-damage|p2a: Weezing|89/100|[from] Sandstorm
|-heal|p2a: Weezing|95/100|[from] item: Black Sludge
|-damage|p1a: Conkeldurr|35/100 brn|[from] brn
|upkeep
|turn|8
|inactive|ArianaBlonde has 120 seconds left.
|inactive|Get knotted has 120 seconds left.
|inactive|ArianaBlonde has 90 seconds left.
|inactive|ArianaBlonde has 60 seconds left.
|
|switch|p2a: Hydreigon|Hydreigon, F|100/100
|move|p1a: Conkeldurr|Facade|p2a: Hydreigon
|-damage|p2a: Hydreigon|0 fnt
|faint|p2a: Hydreigon
|
|-weather|none
|-damage|p1a: Conkeldurr|29/100 brn|[from] brn
|upkeep
|
|switch|p2a: Cinderace|Cinderace, F|95/100
|turn|9
|
|move|p1a: Conkeldurr|Mach Punch|p2a: Cinderace
|-damage|p2a: Cinderace|41/100
|move|p2a: Cinderace|Pyro Ball|p1a: Conkeldurr
|-damage|p1a: Conkeldurr|0 fnt
|faint|p1a: Conkeldurr
|
|upkeep
|inactive|ArianaBlonde has 60 seconds left.
|
|switch|p1a: Aegislash|Aegislash, M|55/100
|turn|10
|inactive|Get knotted has 120 seconds left.
|
|switch|p2a: Seismitoad|Seismitoad, F|41/100
|-formechange|p1a: Aegislash|Aegislash-Blade||[from] ability: Stance Change
|move|p1a: Aegislash|Shadow Sneak|p2a: Seismitoad
|-damage|p2a: Seismitoad|25/100
|-damage|p1a: Aegislash|45/100|[from] item: Life Orb
|
|-heal|p2a: Seismitoad|31/100|[from] item: Leftovers
|upkeep
|turn|11
|
|move|p1a: Aegislash|Shadow Ball|p2a: Seismitoad
|-damage|p2a: Seismitoad|0 fnt
|-damage|p1a: Aegislash|35/100|[from] item: Life Orb
|faint|p2a: Seismitoad
|
|upkeep
|
|switch|p2a: Rhyperior|Rhyperior, F|100/100
|turn|12
|
|switch|p1a: Rotom|Rotom-Mow|100/100
|move|p2a: Rhyperior|Earthquake|p1a: Rotom
|-immune|p1a: Rotom|[from] ability: Levitate
|
|upkeep
|turn|13
|inactive|ArianaBlonde has 90 seconds left.
|
|switch|p2a: Weezing|Weezing-Galar, F|95/100
|move|p1a: Rotom|Leaf Storm|p2a: Weezing
|-resisted|p2a: Weezing
|-damage|p2a: Weezing|65/100
|-unboost|p1a: Rotom|spa|2
|
|-heal|p2a: Weezing|71/100|[from] item: Black Sludge
|upkeep
|turn|14
|
|switch|p2a: Rhyperior|Rhyperior, F|100/100
|move|p1a: Rotom|Volt Switch|p2a: Rhyperior
|-immune|p2a: Rhyperior
|
|upkeep
|turn|15
|
|move|p1a: Rotom|Will-O-Wisp|p2a: Rhyperior
|-status|p2a: Rhyperior|brn
|move|p2a: Rhyperior|Stone Edge|p1a: Rotom
|-damage|p1a: Rotom|78/100
|
|-heal|p1a: Rotom|85/100|[from] item: Leftovers
|-damage|p2a: Rhyperior|94/100 brn|[from] brn
|upkeep
|turn|16
|-message|Get knotted forfeited.
|
|win|ArianaBlonde
|l|☆Get knotted
|raw|ArianaBlonde's rating: 1483 &rarr; <strong>1506</strong><br />(+23 for winning)
|raw|Get knotted's rating: 1531 &rarr; <strong>1508</strong><br />(-23 for losing)
|l|☆ArianaBlonde
|j|☆ArianaBlonde
|player|p1|ArianaBlonde|dawn-gen4pt
|c|☆ArianaBlonde|/log ArianaBlonde made this room public.
