|j|☆cute pink team
|j|☆uniao mabs
|t:|1656934761
|gametype|singles
|player|p1|cute pink team|misty-gen1|1720
|player|p2|uniao mabs|madame|1864
|teamsize|p1|6
|teamsize|p2|6
|gen|8
|tier|[Gen 8] OU
|rated|
|rule|Sleep Clause Mod: Limit one foe put to sleep
|rule|Species Clause: Limit one of each Pokémon
|rule|OHKO Clause: OHKO moves are banned
|rule|Evasion Moves Clause: Evasion moves are banned
|rule|Endless Battle Clause: Forcing endless battles is banned
|rule|HP Percentage Mod: HP is shown in percentages
|rule|Dynamax Clause: You cannot dynamax
|clearpoke
|poke|p1|Mamoswine, F|
|poke|p1|Ditto|
|poke|p1|Corviknight, M|
|poke|p1|Volcanion|
|poke|p1|Zapdos|
|poke|p1|Victini|
|poke|p2|Magnezone|
|poke|p2|Slowking-Galar, F|
|poke|p2|Kartana|
|poke|p2|Tapu Fini|
|poke|p2|Landorus-Therian, M|
|poke|p2|Dragapult, F|
|teampreview
|j| Wemix
|inactive|Battle timer is ON: inactive players will automatically lose when time's up. (requested by cute pink team)
|inactive|uniao mabs has 120 seconds left.
|
|t:|1656934840
|start
|switch|p1a: Mamoswine|Mamoswine, F|100/100
|switch|p2a: Landorus|Landorus-Therian, M|100/100
|-ability|p2a: Landorus|Intimidate|boost
|-unboost|p1a: Mamoswine|atk|1
|turn|1
|
|t:|1656934844
|switch|p2a: Tapu Fini|Tapu Fini, shiny|100/100
|-fieldstart|move: Misty Terrain|[from] ability: Misty Surge|[of] p2a: Tapu Fini
|move|p1a: Mamoswine|Ice Shard|p2a: Tapu Fini
|-resisted|p2a: Tapu Fini
|-damage|p2a: Tapu Fini|94/100
|
|-heal|p2a: Tapu Fini|99/100|[from] item: Leftovers
|upkeep
|turn|2
|inactive|uniao mabs has 120 seconds left.
|j| animekingreal
|j| La testeasion •_•"
|inactive|uniao mabs has 90 seconds left.
|
|t:|1656934926
|move|p2a: Tapu Fini|Scald|p1a: Mamoswine
|-supereffective|p1a: Mamoswine
|-damage|p1a: Mamoswine|62/100
|move|p1a: Mamoswine|Knock Off|p2a: Tapu Fini
|-resisted|p2a: Tapu Fini
|-damage|p2a: Tapu Fini|90/100
|-enditem|p2a: Tapu Fini|Leftovers|[from] move: Knock Off|[of] p1a: Mamoswine
|
|upkeep
|turn|3
|
|t:|1656934931
|switch|p1a: Volcanion|Volcanion|100/100
|move|p2a: Tapu Fini|Scald|p1a: Volcanion
|-immune|p1a: Volcanion|[from] ability: Water Absorb
|
|upkeep
|turn|4
|
|t:|1656934937
|switch|p2a: Slowking|Slowking-Galar, F, shiny|100/100
|move|p1a: Volcanion|Steam Eruption|p2a: Slowking
|-damage|p2a: Slowking|59/100
|
|upkeep
|turn|5
|
|t:|1656934941
|move|p1a: Volcanion|Steam Eruption|p2a: Slowking
|-damage|p2a: Slowking|11/100
|move|p2a: Slowking|Earthquake|p1a: Volcanion
|-supereffective|p1a: Volcanion
|-damage|p1a: Volcanion|68/100
|
|-fieldend|Misty Terrain
|upkeep
|turn|6
|
|t:|1656934945
|switch|p2a: Dragapult|Dragapult, F|100/100
|move|p1a: Volcanion|Steam Eruption|p2a: Dragapult
|-resisted|p2a: Dragapult
|-damage|p2a: Dragapult|33/100
|
|upkeep
|turn|7
|
|t:|1656934948
|switch|p1a: Corviknight|Corviknight, M|100/100
|-ability|p1a: Corviknight|Pressure
|move|p2a: Dragapult|Shadow Ball|p1a: Corviknight
|-damage|p1a: Corviknight|64/100
|
|-heal|p1a: Corviknight|71/100|[from] item: Leftovers
|upkeep
|turn|8
|inactive|uniao mabs has 120 seconds left.
|j| my emoji is goat
|
|t:|1656934962
|move|p2a: Dragapult|Shadow Ball|p1a: Corviknight
|-damage|p1a: Corviknight|36/100
|move|p1a: Corviknight|Brave Bird|p2a: Dragapult
|-damage|p2a: Dragapult|0 fnt
|faint|p2a: Dragapult
|-damage|p1a: Corviknight|27/100|[from] Recoil
|
|-heal|p1a: Corviknight|34/100|[from] item: Leftovers
|upkeep
|j| lakob
|inactive|uniao mabs has 120 seconds left.
|
|t:|1656934967
|switch|p2a: Magnezone|Magnezone|100/100
|turn|9
|
|t:|1656934970
|move|p2a: Magnezone|Thunderbolt|p1a: Corviknight
|-supereffective|p1a: Corviknight
|-damage|p1a: Corviknight|0 fnt
|faint|p1a: Corviknight
|
|upkeep
|
|t:|1656934973
|switch|p1a: Victini|Victini|100/100
|turn|10
|
|t:|1656934976
|switch|p2a: Landorus|Landorus-Therian, M|100/100
|-ability|p2a: Landorus|Intimidate|boost
|-unboost|p1a: Victini|atk|1
|move|p1a: Victini|Final Gambit|p2a: Landorus
|-damage|p2a: Landorus|0 fnt
|faint|p1a: Victini
|faint|p2a: Landorus
|
|upkeep
|
|t:|1656934985
|switch|p1a: Zapdos|Zapdos|100/100
|switch|p2a: Kartana|Kartana, shiny|100/100
|turn|11
|
|t:|1656934990
|switch|p2a: Slowking|Slowking-Galar, F, shiny|45/100
|move|p1a: Zapdos|Thunderbolt|p2a: Slowking
|-damage|p2a: Slowking|8/100
|
|upkeep
|turn|12
|
|t:|1656934994
|switch|p2a: Magnezone|Magnezone|100/100
|move|p1a: Zapdos|Thunderbolt|p2a: Magnezone
|-resisted|p2a: Magnezone
|-damage|p2a: Magnezone|56/100
|
|-heal|p2a: Magnezone|62/100|[from] item: Leftovers
|upkeep
|turn|13
|
|t:|1656935001
|switch|p1a: Ditto|Ditto|100/100
|-transform|p1a: Ditto|p2a: Magnezone|[from] ability: Imposter
|move|p2a: Magnezone|Thunderbolt|p1a: Ditto
|-resisted|p1a: Ditto
|-damage|p1a: Ditto|77/100
|
|-heal|p2a: Magnezone|68/100|[from] item: Leftovers
|upkeep
|turn|14
|
|t:|1656935005
|move|p1a: Ditto|Body Press|p2a: Magnezone
|-supereffective|p2a: Magnezone
|-damage|p2a: Magnezone|27/100
|move|p2a: Magnezone|Body Press|p1a: Ditto
|-supereffective|p1a: Ditto
|-damage|p1a: Ditto|33/100
|
|-heal|p2a: Magnezone|33/100|[from] item: Leftovers
|upkeep
|turn|15
|
|t:|1656935011
|move|p1a: Ditto|Body Press|p2a: Magnezone
|-supereffective|p2a: Magnezone
|-damage|p2a: Magnezone|0 fnt
|faint|p2a: Magnezone
|
|upkeep
|
|t:|1656935018
|switch|p2a: Kartana|Kartana, shiny|100/100
|turn|16
|
|t:|1656935037
|switch|p1a: Volcanion|Volcanion|68/100
|move|p2a: Kartana|Knock Off|p1a: Volcanion
|-damage|p1a: Volcanion|8/100
|-enditem|p1a: Volcanion|Choice Specs|[from] move: Knock Off|[of] p2a: Kartana
|
|upkeep
|turn|17
|
|t:|1656935040
|move|p2a: Kartana|Knock Off|p1a: Volcanion
|-damage|p1a: Volcanion|0 fnt
|faint|p1a: Volcanion
|-ability|p2a: Kartana|Beast Boost|boost
|-boost|p2a: Kartana|atk|1
|
|upkeep
|
|t:|1656935041
|switch|p1a: Ditto|Ditto|33/100
|-transform|p1a: Ditto|p2a: Kartana|[from] ability: Imposter
|turn|18
|
|t:|1656935052
|switch|p1a: Zapdos|Zapdos|100/100
|switch|p2a: Tapu Fini|Tapu Fini, shiny|90/100
|-fieldstart|move: Misty Terrain|[from] ability: Misty Surge|[of] p2a: Tapu Fini
|
|upkeep
|turn|19
|
|t:|1656935062
|move|p1a: Zapdos|Thunderbolt|p2a: Tapu Fini
|-supereffective|p2a: Tapu Fini
|-damage|p2a: Tapu Fini|0 fnt
|faint|p2a: Tapu Fini
|
|upkeep
|
|t:|1656935065
|switch|p2a: Kartana|Kartana, shiny|100/100
|turn|20
|
|t:|1656935068
|move|p2a: Kartana|Knock Off|p1a: Zapdos
|-damage|p1a: Zapdos|25/100
|-enditem|p1a: Zapdos|Choice Specs|[from] move: Knock Off|[of] p2a: Kartana
|move|p1a: Zapdos|Thunderbolt|p2a: Kartana
|-resisted|p2a: Kartana
|-damage|p2a: Kartana|22/100
|
|upkeep
|turn|21
|-message|uniao mabs forfeited.
|
|win|cute pink team
|raw|cute pink team's rating: 1720 &rarr; <strong>1748</strong><br />(+28 for winning)
|raw|uniao mabs's rating: 1864 &rarr; <strong>1836</strong><br />(-28 for losing)
|l|☆uniao mabs
|c|☆cute pink team|ez
|l| La testeasion •_•"
|l| animekingreal
||Ladder isn't responding, score probably updated but might not have (Request timeout).
