|j|☆someidiot19
|j|☆frouug
|t:|1665205751
|gametype|singles
|player|p1|someidiot19|teacher-gen2|
|player|p2|frouug|spenser-gen3|
|teamsize|p1|6
|teamsize|p2|6
|gen|8
|tier|[Gen 8] OU
|rule|Sleep Clause Mod: Limit one foe put to sleep
|rule|Species Clause: Limit one of each Pokémon
|rule|OHKO Clause: OHKO moves are banned
|rule|Evasion Items Clause: Evasion items are banned
|rule|Evasion Moves Clause: Evasion moves are banned
|rule|Endless Battle Clause: Forcing endless battles is banned
|rule|HP Percentage Mod: HP is shown in percentages
|rule|Dynamax Clause: You cannot dynamax
|clearpoke
|poke|p1|Krabby, M|
|poke|p1|Pelipper, M|
|poke|p1|Corphish, M|
|poke|p1|Clawitzer, F|
|poke|p1|Tapu Koko|
|poke|p1|Mantine, F|
|poke|p2|Cloyster, F|
|poke|p2|Mew|
|poke|p2|Gengar, F|
|poke|p2|Bisharp, F|
|poke|p2|Rillaboom, M|
|poke|p2|Hawlucha, F|
|teampreview
|inactive|Battle timer is ON: inactive players will automatically lose when time's up. (requested by someidiot19)
|
|t:|1665205774
|start
|switch|p1a: Krabby|Krabby, M|100/100
|switch|p2a: Mew|Mew|100/100
|turn|1
|
|t:|1665205778
|move|p2a: Mew|Stealth Rock|p1a: Krabby
|-sidestart|p1: someidiot19|move: Stealth Rock
|move|p1a: Krabby|Agility|p1a: Krabby
|-boost|p1a: Krabby|spe|2
|
|upkeep
|turn|2
|
|t:|1665205786
|move|p1a: Krabby|Swords Dance|p1a: Krabby
|-boost|p1a: Krabby|atk|2
|move|p2a: Mew|Taunt|p1a: Krabby
|-start|p1a: Krabby|move: Taunt
|
|upkeep
|turn|3
|
|t:|1665205794
|move|p1a: Krabby|Liquidation|p2a: Mew
|-damage|p2a: Mew|0 fnt
|faint|p2a: Mew
|
|upkeep
|
|t:|1665205808
|switch|p2a: Cloyster|Cloyster, F|100/100
|turn|4
|
|t:|1665205815
|move|p1a: Krabby|Knock Off|p2a: Cloyster
|-damage|p2a: Cloyster|32/100
|-enditem|p2a: Cloyster|Focus Sash|[from] move: Knock Off|[of] p1a: Krabby
|-damage|p1a: Krabby|91/100|[from] item: Life Orb
|move|p2a: Cloyster|Rock Blast|p1a: Krabby
|-damage|p1a: Krabby|78/100
|-crit|p1a: Krabby
|-damage|p1a: Krabby|56/100
|-damage|p1a: Krabby|43/100
|-damage|p1a: Krabby|28/100
|-damage|p1a: Krabby|14/100
|-hitcount|p1a: Krabby|5
|
|upkeep
|turn|5
|
|t:|1665205830
|move|p2a: Cloyster|Ice Shard|p1a: Krabby
|-resisted|p1a: Krabby
|-damage|p1a: Krabby|0 fnt
|faint|p1a: Krabby
|
|upkeep
|
|t:|1665205840
|switch|p1a: Tapu Koko|Tapu Koko|100/100
|-fieldstart|move: Electric Terrain|[from] ability: Electric Surge|[of] p1a: Tapu Koko
|turn|6
|
|t:|1665205846
|move|p2a: Cloyster|Ice Shard|p1a: Tapu Koko
|-damage|p1a: Tapu Koko|76/100
|move|p1a: Tapu Koko|Dazzling Gleam|p2a: Cloyster
|-damage|p2a: Cloyster|0 fnt
|faint|p2a: Cloyster
|
|upkeep
|
|t:|1665205855
|switch|p2a: Rillaboom|Rillaboom, M|100/100
|-fieldstart|move: Grassy Terrain|[from] ability: Grassy Surge|[of] p2a: Rillaboom
|turn|7
|
|t:|1665205861
|switch|p1a: Pelipper|Pelipper, M|100/100
|-damage|p1a: Pelipper|75/100|[from] Stealth Rock
|-weather|RainDance|[from] ability: Drizzle|[of] p1a: Pelipper
|move|p2a: Rillaboom|Swords Dance|p2a: Rillaboom
|-boost|p2a: Rillaboom|atk|2
|
|-weather|RainDance|[upkeep]
|upkeep
|turn|8
|
|t:|1665205870
|move|p2a: Rillaboom|Grassy Glide|p1a: Pelipper
|-damage|p1a: Pelipper|0 fnt
|faint|p1a: Pelipper
|-damage|p2a: Rillaboom|91/100|[from] item: Life Orb
|
|-weather|RainDance|[upkeep]
|-heal|p2a: Rillaboom|97/100|[from] Grassy Terrain
|upkeep
|
|t:|1665205873
|switch|p1a: Tapu Koko|Tapu Koko|76/100
|-fieldstart|move: Electric Terrain|[from] ability: Electric Surge|[of] p1a: Tapu Koko
|turn|9
|
|t:|1665205881
|move|p1a: Tapu Koko|U-turn|p2a: Rillaboom
|-supereffective|p2a: Rillaboom
|-damage|p2a: Rillaboom|57/100
|
|t:|1665205884
|switch|p1a: Corphish|Corphish, M|100/100|[from]move: U-turn
|-damage|p1a: Corphish|88/100|[from] Stealth Rock
|move|p2a: Rillaboom|Drain Punch|p1a: Corphish
|-damage|p1a: Corphish|0 fnt
|-heal|p2a: Rillaboom|87/100|[from] drain|[of] p1a: Corphish
|faint|p1a: Corphish
|-damage|p2a: Rillaboom|77/100|[from] item: Life Orb
|
|-weather|RainDance|[upkeep]
|upkeep
|
|t:|1665205888
|switch|p1a: Mantine|Mantine, F|100/100
|-damage|p1a: Mantine|76/100|[from] Stealth Rock
|turn|10
|
|t:|1665205893
|move|p1a: Mantine|Hurricane|p2a: Rillaboom
|-supereffective|p2a: Rillaboom
|-damage|p2a: Rillaboom|0 fnt
|faint|p2a: Rillaboom
|
|-weather|RainDance|[upkeep]
|upkeep
|
|t:|1665205905
|switch|p2a: Gengar|Gengar, F|100/100
|turn|11
|
|t:|1665205926
|move|p1a: Mantine|Hurricane|p2a: Gengar
|-damage|p2a: Gengar|4/100
|-start|p1a: Mantine|Disable|Hurricane|[from] ability: Cursed Body|[of] p2a: Gengar
|move|p2a: Gengar|Nasty Plot|p2a: Gengar
|-boost|p2a: Gengar|spa|2
|
|-weather|RainDance|[upkeep]
|upkeep
|turn|12
|
|t:|1665205936
|switch|p1a: Clawitzer|Clawitzer, F|100/100
|-damage|p1a: Clawitzer|88/100|[from] Stealth Rock
|move|p2a: Gengar|Shadow Ball|p1a: Clawitzer
|-damage|p1a: Clawitzer|0 fnt
|faint|p1a: Clawitzer
|
|-weather|RainDance|[upkeep]
|upkeep
|
|t:|1665205938
|switch|p1a: Tapu Koko|Tapu Koko|76/100
|turn|13
|
|t:|1665205943
|move|p1a: Tapu Koko|Thunder|p2a: Gengar
|-damage|p2a: Gengar|0 fnt
|faint|p2a: Gengar
|
|-weather|RainDance|[upkeep]
|-fieldend|move: Electric Terrain
|upkeep
|
|t:|1665205948
|switch|p2a: Bisharp|Bisharp, F|100/100
|turn|14
|
|t:|1665205961
|move|p2a: Bisharp|Sucker Punch|p1a: Tapu Koko
|-resisted|p1a: Tapu Koko
|-damage|p1a: Tapu Koko|43/100
|move|p1a: Tapu Koko|Thunder|p2a: Bisharp
|-damage|p2a: Bisharp|25/100
|
|-weather|none
|upkeep
|turn|15
|
|t:|1665205970
|move|p1a: Tapu Koko|Roost|p1a: Tapu Koko
|-heal|p1a: Tapu Koko|93/100
|-singleturn|p1a: Tapu Koko|move: Roost
|move|p2a: Bisharp|Iron Head|p1a: Tapu Koko
|-damage|p1a: Tapu Koko|30/100
|
|upkeep
|turn|16
|
|t:|1665205979
|move|p1a: Tapu Koko|Roost|p1a: Tapu Koko
|-heal|p1a: Tapu Koko|80/100
|-singleturn|p1a: Tapu Koko|move: Roost
|move|p2a: Bisharp|Knock Off|p1a: Tapu Koko
|-resisted|p1a: Tapu Koko
|-damage|p1a: Tapu Koko|38/100
|-enditem|p1a: Tapu Koko|Heavy-Duty Boots|[from] move: Knock Off|[of] p2a: Bisharp
|
|upkeep
|turn|17
|
|t:|1665205984
|move|p1a: Tapu Koko|Dazzling Gleam|p2a: Bisharp
|-damage|p2a: Bisharp|0 fnt
|faint|p2a: Bisharp
|
|upkeep
|
|t:|1665205986
|switch|p2a: Hawlucha|Hawlucha, F|100/100
|turn|18
|
|t:|1665206000
|move|p1a: Tapu Koko|Thunder|p2a: Hawlucha
|-supereffective|p2a: Hawlucha
|-crit|p2a: Hawlucha
|-damage|p2a: Hawlucha|0 fnt
|faint|p2a: Hawlucha
|
|win|someidiot19
