|j|☆matoryoshka
|j|☆N30N3
|player|p1|matoryoshka|courtney-gen3|1828
|player|p2|N30N3|170|1795
|teamsize|p1|6
|teamsize|p2|6
|gametype|singles
|gen|8
|tier|[Gen 8] OU
|rated|
|clearpoke
|poke|p1|Terrakion|
|poke|p1|Dragapult, M|
|poke|p1|Hydreigon, M|
|poke|p1|Mimikyu, F|
|poke|p1|Cloyster, M|
|poke|p1|Kommo-o, F|
|poke|p2|Mimikyu, F|
|poke|p2|Hippowdon, F|
|poke|p2|Excadrill, F|
|poke|p2|Tyranitar, F|
|poke|p2|Kyurem|
|poke|p2|Ferrothorn, F|
|rule|Sleep Clause Mod: Limit one foe put to sleep
|rule|Species Clause: Limit one of each Pokémon
|rule|OHKO Clause: OHKO moves are banned
|rule|Evasion Moves Clause: Evasion moves are banned
|rule|Endless Battle Clause: Forcing endless battles is banned
|rule|HP Percentage Mod: HP is shown in percentages
|rule|Dynamax Clause: You cannot dynamax
|teampreview
|inactive|Battle timer is ON: inactive players will automatically lose when time's up. (requested by matoryoshka)
|j| Stayhighallthetime
|j| avatar wan's bae
|j| 1rei
|inactive|N30N3 has 120 seconds left.
|
|start
|switch|p1a: Terrakion|Terrakion|100/100
|switch|p2a: Hippowdon|Hippowdon, F|100/100
|-weather|Sandstorm|[from] ability: Sand Stream|[of] p2a: Hippowdon
|turn|1
|
|move|p1a: Terrakion|Taunt|p2a: Hippowdon
|-start|p2a: Hippowdon|move: Taunt
|move|p2a: Hippowdon|Earthquake|p1a: Terrakion
|-supereffective|p1a: Terrakion
|-damage|p1a: Terrakion|13/100
|
|-weather|Sandstorm|[upkeep]
|upkeep
|turn|2
|
|switch|p2a: Excadrill|Excadrill, F|100/100
|move|p1a: Terrakion|Stealth Rock|p2a: Excadrill
|-sidestart|p2: N30N3|move: Stealth Rock
|
|-weather|Sandstorm|[upkeep]
|upkeep
|turn|3
|
|switch|p1a: Dragapult|Dragapult, M|100/100
|move|p2a: Excadrill|Rapid Spin|p1a: Dragapult
|-immune|p1a: Dragapult
|
|-weather|Sandstorm|[upkeep]
|-damage|p1a: Dragapult|95/100|[from] Sandstorm
|upkeep
|turn|4
|
|move|p2a: Excadrill|Earthquake|p1a: Dragapult
|-damage|p1a: Dragapult|0 fnt
|-damage|p2a: Excadrill|91/100|[from] item: Life Orb
|faint|p1a: Dragapult
|
|-weather|Sandstorm|[upkeep]
|upkeep
|
|switch|p1a: Mimikyu|Mimikyu, F|100/100
|turn|5
|
|switch|p2a: Hippowdon|Hippowdon, F|100/100
|-damage|p2a: Hippowdon|94/100|[from] Stealth Rock
|move|p1a: Mimikyu|Shadow Claw|p2a: Hippowdon
|-damage|p2a: Hippowdon|75/100
|-damage|p1a: Mimikyu|91/100|[from] item: Life Orb
|
|-weather|Sandstorm|[upkeep]
|-damage|p1a: Mimikyu|85/100|[from] Sandstorm
|upkeep
|turn|6
|
|move|p1a: Mimikyu|Swords Dance|p1a: Mimikyu
|-boost|p1a: Mimikyu|atk|2
|move|p2a: Hippowdon|Stealth Rock|p1a: Mimikyu
|-sidestart|p1: matoryoshka|move: Stealth Rock
|
|-weather|Sandstorm|[upkeep]
|-damage|p1a: Mimikyu|79/100|[from] Sandstorm
|upkeep
|turn|7
|
|move|p1a: Mimikyu|Shadow Claw|p2a: Hippowdon
|-crit|p2a: Hippowdon
|-damage|p2a: Hippowdon|18/100
|-damage|p1a: Mimikyu|69/100|[from] item: Life Orb
|move|p2a: Hippowdon|Earthquake|p1a: Mimikyu
|-activate|p1a: Mimikyu|ability: Disguise
|-damage|p1a: Mimikyu|69/100
|detailschange|p1a: Mimikyu|Mimikyu-Busted, F
|-damage|p1a: Mimikyu|56/100|[from] pokemon: Mimikyu-Busted
|
|-weather|Sandstorm|[upkeep]
|-damage|p1a: Mimikyu|50/100|[from] Sandstorm
|upkeep
|turn|8
|
|switch|p2a: Ferrothorn|Ferrothorn, F|100/100
|-damage|p2a: Ferrothorn|94/100|[from] Stealth Rock
|move|p1a: Mimikyu|Shadow Claw|p2a: Ferrothorn
|-damage|p2a: Ferrothorn|46/100
|-damage|p1a: Mimikyu|38/100|[from] ability: Iron Barbs|[of] p2a: Ferrothorn
|-damage|p1a: Mimikyu|28/100|[from] item: Life Orb
|
|-weather|none
|-heal|p2a: Ferrothorn|52/100|[from] item: Leftovers
|upkeep
|turn|9
|
|move|p1a: Mimikyu|Shadow Claw|p2a: Ferrothorn
|-damage|p2a: Ferrothorn|10/100
|-damage|p1a: Mimikyu|16/100|[from] ability: Iron Barbs|[of] p2a: Ferrothorn
|-damage|p1a: Mimikyu|6/100|[from] item: Life Orb
|move|p2a: Ferrothorn|Gyro Ball|p1a: Mimikyu
|-supereffective|p1a: Mimikyu
|-crit|p1a: Mimikyu
|-damage|p1a: Mimikyu|0 fnt
|faint|p1a: Mimikyu
|
|-heal|p2a: Ferrothorn|17/100|[from] item: Leftovers
|upkeep
|j| DrPingasPotencia
|inactive|matoryoshka has 120 seconds left.
|j| Thadenvy1
|
|switch|p1a: Kommo-o|Kommo-o, F|100/100
|-damage|p1a: Kommo-o|94/100|[from] Stealth Rock
|turn|10
|inactive|matoryoshka has 120 seconds left.
|
|switch|p2a: Hippowdon|Hippowdon, F|18/100
|-damage|p2a: Hippowdon|12/100|[from] Stealth Rock
|-weather|Sandstorm|[from] ability: Sand Stream|[of] p2a: Hippowdon
|move|p1a: Kommo-o|Earthquake|p2a: Hippowdon
|-damage|p2a: Hippowdon|0 fnt
|faint|p2a: Hippowdon
|
|-weather|Sandstorm|[upkeep]
|-damage|p1a: Kommo-o|88/100|[from] Sandstorm
|upkeep
|
|switch|p2a: Mimikyu|Mimikyu, F|100/100
|-damage|p2a: Mimikyu|88/100|[from] Stealth Rock
|turn|11
|
|switch|p1a: Terrakion|Terrakion|13/100
|-damage|p1a: Terrakion|6/100|[from] Stealth Rock
|move|p2a: Mimikyu|Play Rough|p1a: Terrakion
|-supereffective|p1a: Terrakion
|-damage|p1a: Terrakion|0 fnt
|-damage|p2a: Mimikyu|78/100|[from] item: Life Orb
|faint|p1a: Terrakion
|
|-weather|Sandstorm|[upkeep]
|-damage|p2a: Mimikyu|72/100|[from] Sandstorm
|upkeep
|
|switch|p1a: Cloyster|Cloyster, M|100/100
|-damage|p1a: Cloyster|76/100|[from] Stealth Rock
|turn|12
|
|move|p2a: Mimikyu|Drain Punch|p1a: Cloyster
|-supereffective|p1a: Cloyster
|-damage|p1a: Cloyster|32/100
|-heal|p2a: Mimikyu|93/100|[from] drain|[of] p1a: Cloyster
|-damage|p2a: Mimikyu|83/100|[from] item: Life Orb
|move|p1a: Cloyster|Icicle Spear|p2a: Mimikyu
|-activate|p2a: Mimikyu|ability: Disguise
|-damage|p2a: Mimikyu|83/100
|detailschange|p2a: Mimikyu|Mimikyu-Busted, F
|-damage|p2a: Mimikyu|71/100|[from] pokemon: Mimikyu-Busted
|-damage|p2a: Mimikyu|53/100
|-damage|p2a: Mimikyu|36/100
|-damage|p2a: Mimikyu|19/100
|-damage|p2a: Mimikyu|0 fnt
|-hitcount|p2a: Mimikyu|5
|faint|p2a: Mimikyu
|
|-weather|Sandstorm|[upkeep]
|-damage|p1a: Cloyster|26/100|[from] Sandstorm
|upkeep
|j| not saas
|
|switch|p2a: Excadrill|Excadrill, F|91/100
|-damage|p2a: Excadrill|87/100|[from] Stealth Rock
|turn|13
|
|move|p1a: Cloyster|Ice Shard|p2a: Excadrill
|-damage|p2a: Excadrill|62/100
|move|p2a: Excadrill|Iron Head|p1a: Cloyster
|-damage|p1a: Cloyster|0 fnt
|-damage|p2a: Excadrill|52/100|[from] item: Life Orb
|faint|p1a: Cloyster
|
|-weather|Sandstorm|[upkeep]
|upkeep
|
|switch|p1a: Kommo-o|Kommo-o, F|88/100
|-damage|p1a: Kommo-o|82/100|[from] Stealth Rock
|turn|14
|j| Petite Coquine
|j| Swamprattata
|l| Petite Coquine
|l| Stayhighallthetime
|inactive|matoryoshka has 120 seconds left.
|
|move|p2a: Excadrill|Earthquake|p1a: Kommo-o
|-damage|p1a: Kommo-o|10/100
|-enditem|p1a: Kommo-o|Salac Berry|[eat]
|-boost|p1a: Kommo-o|spe|1|[from] item: Salac Berry
|-damage|p2a: Excadrill|42/100|[from] item: Life Orb
|move|p1a: Kommo-o|Drain Punch|p2a: Excadrill
|-supereffective|p2a: Excadrill
|-damage|p2a: Excadrill|0 fnt
|-heal|p1a: Kommo-o|35/100|[from] drain|[of] p2a: Excadrill
|faint|p2a: Excadrill
|
|-weather|Sandstorm|[upkeep]
|-damage|p1a: Kommo-o|29/100|[from] Sandstorm
|upkeep
|
|switch|p2a: Kyurem|Kyurem|100/100
|-damage|p2a: Kyurem|76/100|[from] Stealth Rock
|-ability|p2a: Kyurem|Pressure
|turn|15
|
|move|p1a: Kommo-o|Drain Punch|p2a: Kyurem
|-supereffective|p2a: Kyurem
|-damage|p2a: Kyurem|3/100
|-heal|p1a: Kommo-o|78/100|[from] drain|[of] p2a: Kyurem
|move|p2a: Kyurem|Ice Beam|p1a: Kommo-o
|-supereffective|p1a: Kommo-o
|-damage|p1a: Kommo-o|0 fnt
|faint|p1a: Kommo-o
|
|-weather|Sandstorm|[upkeep]
|-damage|p2a: Kyurem|0 fnt|[from] Sandstorm
|faint|p2a: Kyurem
|upkeep
|
|switch|p1a: Hydreigon|Hydreigon, M|100/100
|switch|p2a: Tyranitar|Tyranitar, F|100/100
|-damage|p1a: Hydreigon|88/100|[from] Stealth Rock
|-damage|p2a: Tyranitar|88/100|[from] Stealth Rock
|turn|16
|inactive|matoryoshka has 120 seconds left.
|
|move|p1a: Hydreigon|Draco Meteor|p2a: Tyranitar
|-damage|p2a: Tyranitar|29/100
|-unboost|p1a: Hydreigon|spa|2
|-damage|p1a: Hydreigon|78/100|[from] item: Life Orb
|move|p2a: Tyranitar|Superpower|p1a: Hydreigon
|-supereffective|p1a: Hydreigon
|-damage|p1a: Hydreigon|0 fnt
|-unboost|p2a: Tyranitar|atk|1
|-unboost|p2a: Tyranitar|def|1
|faint|p1a: Hydreigon
|
|win|N30N3
|l|☆matoryoshka
