|raw|<div class="broadcast-blue"><strong>This battle is required to be public due to a player having a name starting with 'lt84jm'.</div>
|j|☆LT84JM line
|j|☆kazt 5
|t:|1627608231
|gametype|singles
|player|p1|LT84JM line|dawn|1731
|player|p2|kazt 5|dawn|1704
|teamsize|p1|6
|teamsize|p2|6
|gen|8
|tier|[Gen 8] OU
|rated|
|rule|Sleep Clause Mod: Limit one foe put to sleep
|rule|Species Clause: Limit one of each Pokémon
|rule|OHKO Clause: OHKO moves are banned
|rule|Evasion Moves Clause: Evasion moves are banned
|rule|Endless Battle Clause: Forcing endless battles is banned
|rule|HP Percentage Mod: HP is shown in percentages
|rule|Dynamax Clause: You cannot dynamax
|clearpoke
|poke|p1|Kartana|
|poke|p1|Magnezone|
|poke|p1|Tapu Lele|
|poke|p1|Dragonite, F|
|poke|p1|Urshifu-*, F|
|poke|p1|Blissey, F|
|poke|p2|Weavile, M|
|poke|p2|Landorus-Therian, M|
|poke|p2|Tapu Koko|
|poke|p2|Skarmory, F|
|poke|p2|Toxapex, M|
|poke|p2|Heatran, F|
|teampreview
|j| duppyduppy
|
|t:|1627608246
|start
|switch|p1a: Urshifu|Urshifu-Rapid-Strike, F|100/100
|switch|p2a: Tapu Koko|Tapu Koko|100/100
|-fieldstart|move: Electric Terrain|[from] ability: Electric Surge|[of] p2a: Tapu Koko
|turn|1
|inactive|Battle timer is ON: inactive players will automatically lose when time's up. (requested by kazt 5)
|
|t:|1627608268
|switch|p1a: Blissey|Blissey, F|100/100
|move|p2a: Tapu Koko|Thunderbolt|p1a: Blissey
|-damage|p1a: Blissey|83/100
|
|upkeep
|turn|2
|
|t:|1627608277
|move|p2a: Tapu Koko|U-turn|p1a: Blissey
|-damage|p1a: Blissey|69/100
|
|t:|1627608280
|switch|p2a: Landorus|Landorus-Therian, M|100/100|[from]move: U-turn
|-ability|p2a: Landorus|Intimidate|boost
|-unboost|p1a: Blissey|atk|1
|move|p1a: Blissey|Teleport|p1a: Blissey
|
|t:|1627608286
|switch|p1a: Urshifu|Urshifu-Rapid-Strike, F|100/100|[from]move: Teleport
|
|upkeep
|turn|3
|
|t:|1627608293
|switch|p2a: Toxapex|Toxapex, M|100/100
|move|p1a: Urshifu|Surging Strikes|p2a: Toxapex
|-resisted|p2a: Toxapex
|-crit|p2a: Toxapex
|-damage|p2a: Toxapex|93/100
|-resisted|p2a: Toxapex
|-crit|p2a: Toxapex
|-damage|p2a: Toxapex|84/100
|-resisted|p2a: Toxapex
|-crit|p2a: Toxapex
|-damage|p2a: Toxapex|76/100
|-hitcount|p2a: Toxapex|3
|
|-heal|p2a: Toxapex|82/100|[from] item: Black Sludge
|upkeep
|turn|4
|
|t:|1627608295
|move|p1a: Urshifu|Thunder Punch|p2a: Toxapex
|-supereffective|p2a: Toxapex
|-damage|p2a: Toxapex|27/100
|move|p2a: Toxapex|Knock Off|p1a: Urshifu
|-resisted|p1a: Urshifu
|-damage|p1a: Urshifu|92/100
|-enditem|p1a: Urshifu|Protective Pads|[from] move: Knock Off|[of] p2a: Toxapex
|
|-heal|p2a: Toxapex|33/100|[from] item: Black Sludge
|upkeep
|turn|5
|
|t:|1627608300
|switch|p2a: Landorus|Landorus-Therian, M|100/100
|-ability|p2a: Landorus|Intimidate|boost
|-unboost|p1a: Urshifu|atk|1
|move|p1a: Urshifu|U-turn|p2a: Landorus
|-resisted|p2a: Landorus
|-damage|p2a: Landorus|94/100
|
|t:|1627608302
|switch|p1a: Tapu Lele|Tapu Lele|100/100|[from]move: U-turn
|-fieldstart|move: Psychic Terrain|[from] ability: Psychic Surge|[of] p1a: Tapu Lele
|
|-heal|p2a: Landorus|100/100|[from] item: Leftovers
|upkeep
|turn|6
|
|t:|1627608306
|switch|p2a: Heatran|Heatran, F|100/100
|move|p1a: Tapu Lele|Psychic|p2a: Heatran
|-resisted|p2a: Heatran
|-damage|p2a: Heatran|73/100
|
|-heal|p2a: Heatran|80/100|[from] item: Leftovers
|upkeep
|turn|7
|
|t:|1627608311
|move|p1a: Tapu Lele|Focus Blast|p2a: Heatran|[miss]
|-miss|p1a: Tapu Lele|p2a: Heatran
|move|p2a: Heatran|Toxic|p1a: Tapu Lele
|-status|p1a: Tapu Lele|tox
|
|-heal|p2a: Heatran|86/100|[from] item: Leftovers
|-damage|p1a: Tapu Lele|94/100 tox|[from] psn
|upkeep
|turn|8
|
|t:|1627608317
|switch|p2a: Toxapex|Toxapex, M|67/100
|move|p1a: Tapu Lele|Future Sight|p2a: Toxapex
|-start|p1a: Tapu Lele|move: Future Sight
|
|-heal|p2a: Toxapex|73/100|[from] item: Black Sludge
|-damage|p1a: Tapu Lele|82/100 tox|[from] psn
|upkeep
|turn|9
|
|t:|1627608320
|switch|p1a: Urshifu|Urshifu-Rapid-Strike, F|92/100
|switch|p2a: Heatran|Heatran, F|86/100
|
|-heal|p2a: Heatran|92/100|[from] item: Leftovers
|-fieldend|move: Psychic Terrain
|upkeep
|turn|10
|
|t:|1627608334
|switch|p2a: Skarmory|Skarmory, F|100/100
|move|p1a: Urshifu|Close Combat|p2a: Skarmory
|-damage|p2a: Skarmory|64/100
|-unboost|p1a: Urshifu|def|1
|-unboost|p1a: Urshifu|spd|1
|-damage|p1a: Urshifu|76/100|[from] item: Rocky Helmet|[of] p2a: Skarmory
|
|-end|p2a: Skarmory|move: Future Sight
|-resisted|p2a: Skarmory
|-damage|p2a: Skarmory|21/100
|upkeep
|turn|11
|
|t:|1627608344
|switch|p2a: Toxapex|Toxapex, M|100/100
|move|p1a: Urshifu|Close Combat|p2a: Toxapex
|-resisted|p2a: Toxapex
|-damage|p2a: Toxapex|77/100
|-unboost|p1a: Urshifu|def|1
|-unboost|p1a: Urshifu|spd|1
|
|-heal|p2a: Toxapex|83/100|[from] item: Black Sludge
|upkeep
|turn|12
|
|t:|1627608351
|move|p1a: Urshifu|U-turn|p2a: Toxapex
|-resisted|p2a: Toxapex
|-damage|p2a: Toxapex|73/100
|
|t:|1627608353
|switch|p1a: Tapu Lele|Tapu Lele|82/100 tox|[from]move: U-turn
|-fieldstart|move: Psychic Terrain|[from] ability: Psychic Surge|[of] p1a: Tapu Lele
|move|p2a: Toxapex|Poison Jab|p1a: Tapu Lele
|-supereffective|p1a: Tapu Lele
|-damage|p1a: Tapu Lele|25/100 tox
|
|-heal|p2a: Toxapex|79/100|[from] item: Black Sludge
|-damage|p1a: Tapu Lele|19/100 tox|[from] psn
|upkeep
|turn|13
|
|t:|1627608359
|switch|p2a: Heatran|Heatran, F|92/100
|move|p1a: Tapu Lele|Future Sight|p2a: Heatran
|-start|p1a: Tapu Lele|move: Future Sight
|
|-heal|p2a: Heatran|98/100|[from] item: Leftovers
|-damage|p1a: Tapu Lele|7/100 tox|[from] psn
|upkeep
|turn|14
|
|t:|1627608365
|switch|p1a: Urshifu|Urshifu-Rapid-Strike, F|76/100
|switch|p2a: Skarmory|Skarmory, F|21/100
|
|upkeep
|turn|15
|
|t:|1627608372
|move|p1a: Urshifu|Close Combat|p2a: Skarmory
|-damage|p2a: Skarmory|0 fnt
|-unboost|p1a: Urshifu|def|1
|-unboost|p1a: Urshifu|spd|1
|-damage|p1a: Urshifu|59/100|[from] item: Rocky Helmet|[of] p2a: Skarmory
|faint|p2a: Skarmory
|
|-hint|Future Sight did not hit because the target is fainted.
|upkeep
|
|t:|1627608375
|switch|p2a: Tapu Koko|Tapu Koko|100/100
|-fieldstart|move: Electric Terrain|[from] ability: Electric Surge|[of] p2a: Tapu Koko
|turn|16
|
|t:|1627608380
|move|p2a: Tapu Koko|U-turn|p1a: Urshifu
|-resisted|p1a: Urshifu
|-damage|p1a: Urshifu|48/100
|
|t:|1627608382
|switch|p2a: Toxapex|Toxapex, M|100/100|[from]move: U-turn
|move|p1a: Urshifu|U-turn|p2a: Toxapex
|-resisted|p2a: Toxapex
|-damage|p2a: Toxapex|90/100
|
|t:|1627608386
|switch|p1a: Magnezone|Magnezone|100/100|[from]move: U-turn
|
|-heal|p2a: Toxapex|97/100|[from] item: Black Sludge
|upkeep
|turn|17
|
|t:|1627608392
|switch|p1a: Urshifu|Urshifu-Rapid-Strike, F|48/100
|switch|p2a: Landorus|Landorus-Therian, M|100/100
|-ability|p2a: Landorus|Intimidate|boost
|-unboost|p1a: Urshifu|atk|1
|
|upkeep
|turn|18
|
|t:|1627608397
|switch|p2a: Toxapex|Toxapex, M|100/100
|move|p1a: Urshifu|Thunder Punch|p2a: Toxapex
|-supereffective|p2a: Toxapex
|-damage|p2a: Toxapex|65/100
|
|-heal|p2a: Toxapex|71/100|[from] item: Black Sludge
|upkeep
|turn|19
|
|t:|1627608401
|move|p1a: Urshifu|U-turn|p2a: Toxapex
|-resisted|p2a: Toxapex
|-damage|p2a: Toxapex|65/100
|
|t:|1627608403
|switch|p1a: Blissey|Blissey, F|69/100|[from]move: U-turn
|move|p2a: Toxapex|Recover|p2a: Toxapex
|-heal|p2a: Toxapex|100/100
|
|upkeep
|turn|20
|
|t:|1627608406
|move|p1a: Blissey|Thunder Wave|p2a: Toxapex|[miss]
|-miss|p1a: Blissey|p2a: Toxapex
|move|p2a: Toxapex|Knock Off|p1a: Blissey
|-damage|p1a: Blissey|55/100
|-enditem|p1a: Blissey|Heavy-Duty Boots|[from] move: Knock Off|[of] p2a: Toxapex
|
|-fieldend|move: Electric Terrain
|upkeep
|turn|21
|
|t:|1627608413
|switch|p2a: Landorus|Landorus-Therian, M|100/100
|-ability|p2a: Landorus|Intimidate|boost
|-unboost|p1a: Blissey|atk|1
|move|p1a: Blissey|Soft-Boiled|p1a: Blissey
|-heal|p1a: Blissey|100/100
|
|upkeep
|turn|22
|
|t:|1627608416
|move|p2a: Landorus|Stealth Rock|p1a: Blissey
|-sidestart|p1: LT84JM line|move: Stealth Rock
|move|p1a: Blissey|Teleport|p1a: Blissey
|
|t:|1627608418
|switch|p1a: Urshifu|Urshifu-Rapid-Strike, F|48/100|[from]move: Teleport
|-damage|p1a: Urshifu|42/100|[from] Stealth Rock
|
|upkeep
|turn|23
|
|t:|1627608421
|switch|p2a: Toxapex|Toxapex, M|100/100
|move|p1a: Urshifu|Surging Strikes|p2a: Toxapex
|-resisted|p2a: Toxapex
|-crit|p2a: Toxapex
|-damage|p2a: Toxapex|93/100
|-resisted|p2a: Toxapex
|-crit|p2a: Toxapex
|-damage|p2a: Toxapex|85/100
|-resisted|p2a: Toxapex
|-crit|p2a: Toxapex
|-damage|p2a: Toxapex|77/100
|-hitcount|p2a: Toxapex|3
|
|-heal|p2a: Toxapex|83/100|[from] item: Black Sludge
|upkeep
|turn|24
|
|t:|1627608426
|move|p1a: Urshifu|U-turn|p2a: Toxapex
|-resisted|p2a: Toxapex
|-damage|p2a: Toxapex|74/100
|
|t:|1627608428
|switch|p1a: Blissey|Blissey, F|100/100|[from]move: U-turn
|-damage|p1a: Blissey|88/100|[from] Stealth Rock
|move|p2a: Toxapex|Scald|p1a: Blissey
|-damage|p1a: Blissey|82/100
|
|-heal|p2a: Toxapex|80/100|[from] item: Black Sludge
|upkeep
|turn|25
|
|t:|1627608433
|switch|p2a: Landorus|Landorus-Therian, M|100/100
|-ability|p2a: Landorus|Intimidate|boost
|-unboost|p1a: Blissey|atk|1
|move|p1a: Blissey|Teleport|p1a: Blissey
|
|t:|1627608438
|switch|p1a: Kartana|Kartana|100/100|[from]move: Teleport
|-damage|p1a: Kartana|94/100|[from] Stealth Rock
|
|upkeep
|turn|26
|
|t:|1627608442
|move|p1a: Kartana|Knock Off|p2a: Landorus
|-damage|p2a: Landorus|70/100
|-enditem|p2a: Landorus|Leftovers|[from] move: Knock Off|[of] p1a: Kartana
|move|p2a: Landorus|Knock Off|p1a: Kartana
|-damage|p1a: Kartana|62/100
|-enditem|p1a: Kartana|Choice Scarf|[from] move: Knock Off|[of] p2a: Landorus
|
|upkeep
|turn|27
|
|t:|1627608448
|move|p1a: Kartana|Leaf Blade|p2a: Landorus
|-crit|p2a: Landorus
|-damage|p2a: Landorus|1/100
|move|p2a: Landorus|Earthquake|p1a: Kartana
|-damage|p1a: Kartana|16/100
|
|upkeep
|turn|28
|
|t:|1627608458
|switch|p2a: Toxapex|Toxapex, M|100/100
|move|p1a: Kartana|Knock Off|p2a: Toxapex
|-damage|p2a: Toxapex|66/100
|-enditem|p2a: Toxapex|Black Sludge|[from] move: Knock Off|[of] p1a: Kartana
|
|upkeep
|turn|29
|
|t:|1627608465
|switch|p1a: Blissey|Blissey, F|82/100
|-damage|p1a: Blissey|70/100|[from] Stealth Rock
|move|p2a: Toxapex|Scald|p1a: Blissey
|-damage|p1a: Blissey|64/100
|
|upkeep
|turn|30
|
|t:|1627608470
|switch|p2a: Tapu Koko|Tapu Koko|100/100
|-fieldstart|move: Electric Terrain|[from] ability: Electric Surge|[of] p2a: Tapu Koko
|move|p1a: Blissey|Thunder Wave|p2a: Tapu Koko
|-immune|p2a: Tapu Koko
|
|upkeep
|turn|31
|
|t:|1627608473
|move|p2a: Tapu Koko|U-turn|p1a: Blissey
|-damage|p1a: Blissey|49/100
|
|t:|1627608476
|switch|p2a: Landorus|Landorus-Therian, M|1/100|[from]move: U-turn
|-ability|p2a: Landorus|Intimidate|boost
|-unboost|p1a: Blissey|atk|1
|move|p1a: Blissey|Soft-Boiled|p1a: Blissey
|-heal|p1a: Blissey|99/100
|
|upkeep
|turn|32
|
|t:|1627608482
|move|p2a: Landorus|Earthquake|p1a: Blissey
|-damage|p1a: Blissey|58/100
|move|p1a: Blissey|Teleport|p1a: Blissey
|
|t:|1627608493
|switch|p1a: Urshifu|Urshifu-Rapid-Strike, F|42/100|[from]move: Teleport
|-damage|p1a: Urshifu|36/100|[from] Stealth Rock
|
|upkeep
|turn|33
|
|t:|1627608499
|switch|p2a: Toxapex|Toxapex, M|99/100
|move|p1a: Urshifu|U-turn|p2a: Toxapex
|-resisted|p2a: Toxapex
|-damage|p2a: Toxapex|90/100
|
|t:|1627608502
|switch|p1a: Blissey|Blissey, F|58/100|[from]move: U-turn
|-damage|p1a: Blissey|45/100|[from] Stealth Rock
|
|upkeep
|turn|34
|
|t:|1627608506
|switch|p2a: Heatran|Heatran, F|98/100
|move|p1a: Blissey|Soft-Boiled|p1a: Blissey
|-heal|p1a: Blissey|95/100
|
|-heal|p2a: Heatran|100/100|[from] item: Leftovers
|-fieldend|move: Electric Terrain
|upkeep
|turn|35
|
|t:|1627608512
|move|p2a: Heatran|Taunt|p1a: Blissey
|-start|p1a: Blissey|move: Taunt
|cant|p1a: Blissey|move: Taunt|Teleport
|
|upkeep
|turn|36
|
|t:|1627608516
|switch|p1a: Dragonite|Dragonite, F|100/100
|move|p2a: Heatran|Toxic|p1a: Dragonite
|-status|p1a: Dragonite|tox
|
|-damage|p1a: Dragonite|94/100 tox|[from] psn
|upkeep
|turn|37
|
|t:|1627608522
|switch|p2a: Landorus|Landorus-Therian, M|1/100
|-ability|p2a: Landorus|Intimidate|boost
|-unboost|p1a: Dragonite|atk|1
|move|p1a: Dragonite|Earthquake|p2a: Landorus
|-immune|p2a: Landorus
|
|-damage|p1a: Dragonite|82/100 tox|[from] psn
|upkeep
|turn|38
|
|t:|1627608526
|switch|p2a: Toxapex|Toxapex, M|100/100
|move|p1a: Dragonite|Ice Punch|p2a: Toxapex
|-resisted|p2a: Toxapex
|-damage|p2a: Toxapex|93/100
|
|-damage|p1a: Dragonite|64/100 tox|[from] psn
|upkeep
|turn|39
|
|t:|1627608530
|switch|p1a: Blissey|Blissey, F|95/100
|-damage|p1a: Blissey|83/100|[from] Stealth Rock
|move|p2a: Toxapex|Scald|p1a: Blissey
|-damage|p1a: Blissey|76/100
|
|upkeep
|turn|40
|
|t:|1627608539
|switch|p1a: Kartana|Kartana|16/100
|-damage|p1a: Kartana|10/100|[from] Stealth Rock
|switch|p2a: Heatran|Heatran, F|100/100
|
|upkeep
|turn|41
|
|t:|1627608543
|switch|p2a: Landorus|Landorus-Therian, M|1/100
|-ability|p2a: Landorus|Intimidate|boost
|-unboost|p1a: Kartana|atk|1
|move|p1a: Kartana|Knock Off|p2a: Landorus
|-damage|p2a: Landorus|0 fnt
|faint|p2a: Landorus
|-ability|p1a: Kartana|Beast Boost|boost
|-boost|p1a: Kartana|atk|1
|
|upkeep
|
|t:|1627608546
|switch|p2a: Weavile|Weavile, M|100/100
|-ability|p2a: Weavile|Pressure
|turn|42
|
|t:|1627608548
|switch|p1a: Magnezone|Magnezone|100/100
|-damage|p1a: Magnezone|94/100|[from] Stealth Rock
|move|p2a: Weavile|Knock Off|p1a: Magnezone
|-damage|p1a: Magnezone|50/100
|-enditem|p1a: Magnezone|Chople Berry|[from] move: Knock Off|[of] p2a: Weavile
|
|upkeep
|turn|43
|
|t:|1627608554
|switch|p2a: Heatran|Heatran, F|100/100
|move|p1a: Magnezone|Body Press|p2a: Heatran
|-supereffective|p2a: Heatran
|-damage|p2a: Heatran|59/100
|
|-heal|p2a: Heatran|65/100|[from] item: Leftovers
|upkeep
|turn|44
|
|t:|1627608563
|switch|p1a: Dragonite|Dragonite, F|64/100 tox
|move|p2a: Heatran|Magma Storm|p1a: Dragonite
|-resisted|p1a: Dragonite
|-damage|p1a: Dragonite|41/100 tox
|-activate|p1a: Dragonite|move: Magma Storm|[of] p2a: Heatran
|
|-heal|p2a: Heatran|71/100|[from] item: Leftovers
|-damage|p1a: Dragonite|35/100 tox|[from] psn
|-damage|p1a: Dragonite|23/100 tox|[from] move: Magma Storm|[partiallytrapped]
|upkeep
|turn|45
|
|t:|1627608584
|switch|p2a: Toxapex|Toxapex, M|100/100
|move|p1a: Dragonite|Earthquake|p2a: Toxapex
|-supereffective|p2a: Toxapex
|-damage|p2a: Toxapex|39/100
|
|-damage|p1a: Dragonite|11/100 tox|[from] psn
|-end|p1a: Dragonite|Magma Storm|[partiallytrapped]|[silent]
|upkeep
|turn|46
|inactive|kazt 5 has 120 seconds left.
|inactive|kazt 5 has 90 seconds left.
|
|t:|1627608650
|move|p1a: Dragonite|Roost|p1a: Dragonite
|-heal|p1a: Dragonite|61/100 tox
|-singleturn|p1a: Dragonite|move: Roost
|move|p2a: Toxapex|Knock Off|p1a: Dragonite
|-damage|p1a: Dragonite|45/100 tox
|-enditem|p1a: Dragonite|Heavy-Duty Boots|[from] move: Knock Off|[of] p2a: Toxapex
|
|-damage|p1a: Dragonite|27/100 tox|[from] psn
|upkeep
|turn|47
|
|t:|1627608658
|move|p1a: Dragonite|Earthquake|p2a: Toxapex
|-supereffective|p2a: Toxapex
|-damage|p2a: Toxapex|0 fnt
|faint|p2a: Toxapex
|
|-damage|p1a: Dragonite|3/100 tox|[from] psn
|upkeep
|
|t:|1627608660
|switch|p2a: Weavile|Weavile, M|100/100
|-ability|p2a: Weavile|Pressure
|turn|48
|inactive|kazt 5 has 90 seconds left.
|inactive|kazt 5 has 60 seconds left.
|
|t:|1627608705
|move|p2a: Weavile|Swords Dance|p2a: Weavile
|-boost|p2a: Weavile|atk|2
|move|p1a: Dragonite|Earthquake|p2a: Weavile
|-damage|p2a: Weavile|31/100
|
|-damage|p1a: Dragonite|0 fnt|[from] psn
|faint|p1a: Dragonite
|upkeep
|
|t:|1627608713
|switch|p1a: Blissey|Blissey, F|76/100
|-damage|p1a: Blissey|64/100|[from] Stealth Rock
|turn|49
|inactive|kazt 5 has 60 seconds left.
|
|t:|1627608731
|move|p2a: Weavile|Triple Axel|p1a: Blissey
|-damage|p1a: Blissey|43/100
|-damage|p1a: Blissey|7/100
|-damage|p1a: Blissey|0 fnt
|faint|p1a: Blissey
|-hitcount|p1: Blissey|3
|
|upkeep
|-message|LT84JM line forfeited.
|
|win|kazt 5
|raw|LT84JM line's rating: 1731 &rarr; <strong>1709</strong><br />(-22 for losing)
|raw|kazt 5's rating: 1704 &rarr; <strong>1726</strong><br />(+22 for winning)
|l|☆LT84JM line
||Ladder isn't responding, score probably updated but might not have (Request timeout).
