|raw|<div class="broadcast-blue"><strong>This battle is required to be public due to a player having a name starting with 'LT73IU'.</div>
|j|☆LT73IU Big Chungus
|j|☆ezwz
|t:|1598287052
|player|p1|LT73IU Big Chungus|selene|1950
|player|p2|ezwz|youngster-gen4|1777
|teamsize|p1|6
|teamsize|p2|6
|gametype|singles
|gen|8
|tier|[Gen 8] OU
|rated|
|clearpoke
|poke|p1|Toxapex, M|
|poke|p1|Urshifu-*, F|
|poke|p1|Excadrill, F|
|poke|p1|Skarmory, M|
|poke|p1|Hippowdon, M|
|poke|p1|Clefable, F|
|poke|p2|Tyranitar, F|
|poke|p2|Excadrill, M|
|poke|p2|Tangrowth, M|
|poke|p2|Dragapult, M|
|poke|p2|Clefable, M|
|poke|p2|Corviknight, M|
|rule|Sleep Clause Mod: Limit one foe put to sleep
|rule|Species Clause: Limit one of each Pokémon
|rule|OHKO Clause: OHKO moves are banned
|rule|Evasion Moves Clause: Evasion moves are banned
|rule|Endless Battle Clause: Forcing endless battles is banned
|rule|HP Percentage Mod: HP is shown in percentages
|rule|Dynamax Clause: You cannot dynamax
|teampreview
|j| lt73iu samqian
|j| avatar kang
|j| koookie ️⚠️
|l| avatar kang
|j| MaybeIllusion
|inactive|Battle timer is ON: inactive players will automatically lose when time's up. (requested by ezwz)
|l| koookie ️⚠️
|j| koookie ️⚠️
|j| 3planes2towers
|inactive|LT73IU Big Chungus has 120 seconds left.
|l| 3planes2towers
|
|t:|1598287132
|start
|switch|p1a: Urshifu|Urshifu-Rapid-Strike, F|100/100
|switch|p2a: Tangrowth|Tangrowth, M|100/100
|turn|1
|j| D0n Ram0n
|j| Ghostricker0197
|
|t:|1598287156
|move|p1a: Urshifu|U-turn|p2a: Tangrowth
|-supereffective|p2a: Tangrowth
|-damage|p2a: Tangrowth|60/100
|-damage|p1a: Urshifu|84/100|[from] item: Rocky Helmet|[of] p2a: Tangrowth
|
|t:|1598287158
|switch|p1a: Toxapex|Toxapex, M|100/100|[from]move: U-turn
|move|p2a: Tangrowth|Sleep Powder|p1a: Toxapex
|-status|p1a: Toxapex|slp|[from] move: Sleep Powder
|
|upkeep
|turn|2
|j| Tace
|
|t:|1598287164
|move|p2a: Tangrowth|Knock Off|p1a: Toxapex
|-damage|p1a: Toxapex|87/100 slp
|-enditem|p1a: Toxapex|Black Sludge|[from] move: Knock Off|[of] p2a: Tangrowth
|cant|p1a: Toxapex|slp
|
|upkeep
|turn|3
|l| Ghostricker0197
|j| quentinpkm
|l| koookie ️⚠️
|
|t:|1598287174
|switch|p2a: Clefable|Clefable, M|100/100
|cant|p1a: Toxapex|slp
|
|upkeep
|turn|4
|j| shirtless boy
|
|t:|1598287182
|move|p2a: Clefable|Calm Mind|p2a: Clefable
|-boost|p2a: Clefable|spa|1
|-boost|p2a: Clefable|spd|1
|-curestatus|p1a: Toxapex|slp|[msg]
|move|p1a: Toxapex|Knock Off|p2a: Clefable
|-resisted|p2a: Clefable
|-damage|p2a: Clefable|95/100
|-enditem|p2a: Clefable|Life Orb|[from] move: Knock Off|[of] p1a: Toxapex
|
|upkeep
|turn|5
|
|t:|1598287187
|move|p2a: Clefable|Flamethrower|p1a: Toxapex
|-resisted|p1a: Toxapex
|-damage|p1a: Toxapex|75/100
|move|p1a: Toxapex|Haze|p1a: Toxapex
|-clearallboost
|
|upkeep
|turn|6
|j| koookie ️⚠️
|
|t:|1598287191
|move|p2a: Clefable|Flamethrower|p1a: Toxapex
|-resisted|p1a: Toxapex
|-crit|p1a: Toxapex
|-damage|p1a: Toxapex|64/100
|move|p1a: Toxapex|Scald|p2a: Clefable
|-damage|p2a: Clefable|78/100
|
|upkeep
|turn|7
|l| shirtless boy
|l| quentinpkm
|
|t:|1598287195
|move|p2a: Clefable|Calm Mind|p2a: Clefable
|-boost|p2a: Clefable|spa|1
|-boost|p2a: Clefable|spd|1
|move|p1a: Toxapex|Recover|p1a: Toxapex
|-heal|p1a: Toxapex|100/100
|
|upkeep
|turn|8
|
|t:|1598287197
|move|p2a: Clefable|Flamethrower|p1a: Toxapex
|-resisted|p1a: Toxapex
|-damage|p1a: Toxapex|88/100
|-status|p1a: Toxapex|brn
|move|p1a: Toxapex|Haze|p1a: Toxapex
|-clearallboost
|
|-damage|p1a: Toxapex|82/100 brn|[from] brn
|upkeep
|turn|9
|
|t:|1598287203
|move|p2a: Clefable|Soft-Boiled|p2a: Clefable
|-heal|p2a: Clefable|100/100
|move|p1a: Toxapex|Scald|p2a: Clefable
|-damage|p2a: Clefable|86/100
|-status|p2a: Clefable|brn
|
|-damage|p1a: Toxapex|76/100 brn|[from] brn
|upkeep
|turn|10
|l| koookie ️⚠️
|
|t:|1598287208
|switch|p2a: Tyranitar|Tyranitar, F|100/100
|-weather|Sandstorm|[from] ability: Sand Stream|[of] p2a: Tyranitar
|move|p1a: Toxapex|Scald|p2a: Tyranitar
|-supereffective|p2a: Tyranitar
|-damage|p2a: Tyranitar|87/100
|-status|p2a: Tyranitar|brn
|
|-weather|Sandstorm|[upkeep]
|-damage|p1a: Toxapex|70/100 brn|[from] Sandstorm
|-damage|p2a: Tyranitar|81/100 brn|[from] brn
|-damage|p1a: Toxapex|65/100 brn|[from] brn
|upkeep
|turn|11
|
|t:|1598287212
|switch|p1a: Hippowdon|Hippowdon, M|100/100
|move|p2a: Tyranitar|Stealth Rock|p1a: Hippowdon
|-sidestart|p1: LT73IU Big Chungus|move: Stealth Rock
|
|-weather|Sandstorm|[upkeep]
|-damage|p2a: Tyranitar|75/100 brn|[from] brn
|upkeep
|turn|12
|j| majestic rain
|
|t:|1598287216
|switch|p2a: Corviknight|Corviknight, M|100/100
|-ability|p2a: Corviknight|Pressure
|move|p1a: Hippowdon|Stealth Rock|p2a: Corviknight
|-sidestart|p2: ezwz|move: Stealth Rock
|
|-weather|Sandstorm|[upkeep]
|upkeep
|turn|13
|j| tigers jaw
|
|t:|1598287218
|switch|p1a: Skarmory|Skarmory, M|100/100
|-damage|p1a: Skarmory|88/100|[from] Stealth Rock
|move|p2a: Corviknight|Substitute|p2a: Corviknight
|-start|p2a: Corviknight|Substitute
|-damage|p2a: Corviknight|75/100
|
|-weather|Sandstorm|[upkeep]
|-heal|p2a: Corviknight|82/100|[from] item: Leftovers
|upkeep
|turn|14
|
|t:|1598287221
|move|p1a: Skarmory|Spikes|p2a: Corviknight
|-sidestart|p2: ezwz|Spikes
|move|p2a: Corviknight|Bulk Up|p2a: Corviknight
|-boost|p2a: Corviknight|atk|1
|-boost|p2a: Corviknight|def|1
|
|-weather|Sandstorm|[upkeep]
|-heal|p2a: Corviknight|88/100|[from] item: Leftovers
|upkeep
|turn|15
|
|t:|1598287225
|move|p1a: Skarmory|Spikes|p2a: Corviknight
|-sidestart|p2: ezwz|Spikes
|move|p2a: Corviknight|Bulk Up|p2a: Corviknight
|-boost|p2a: Corviknight|atk|1
|-boost|p2a: Corviknight|def|1
|
|-weather|Sandstorm|[upkeep]
|-heal|p2a: Corviknight|94/100|[from] item: Leftovers
|upkeep
|turn|16
|
|t:|1598287229
|move|p1a: Skarmory|Spikes|p2a: Corviknight
|-sidestart|p2: ezwz|Spikes
|move|p2a: Corviknight|Brave Bird|p1a: Skarmory
|-resisted|p1a: Skarmory
|-damage|p1a: Skarmory|68/100
|-damage|p2a: Corviknight|78/100|[from] item: Rocky Helmet|[of] p1a: Skarmory
|-damage|p2a: Corviknight|72/100|[from] Recoil
|
|-weather|Sandstorm|[upkeep]
|-heal|p2a: Corviknight|78/100|[from] item: Leftovers
|upkeep
|turn|17
|
|t:|1598287235
|switch|p2a: Excadrill|Excadrill, M|100/100
|-damage|p2a: Excadrill|75/100|[from] Spikes
|-damage|p2a: Excadrill|72/100|[from] Stealth Rock
|move|p1a: Skarmory|Roost|p1a: Skarmory
|-heal|p1a: Skarmory|100/100
|-singleturn|p1a: Skarmory|move: Roost
|
|-weather|none
|-heal|p2a: Excadrill|79/100|[from] item: Leftovers
|upkeep
|turn|18
|
|t:|1598287239
|move|p2a: Excadrill|Rapid Spin|p1a: Skarmory
|-resisted|p1a: Skarmory
|-damage|p1a: Skarmory|95/100
|-boost|p2a: Excadrill|spe|1
|-damage|p2a: Excadrill|62/100|[from] item: Rocky Helmet|[of] p1a: Skarmory
|-sideend|p2: ezwz|Spikes|[from] move: Rapid Spin|[of] p2a: Excadrill
|-sideend|p2: ezwz|Stealth Rock|[from] move: Rapid Spin|[of] p2a: Excadrill
|move|p1a: Skarmory|Brave Bird|p2a: Excadrill
|-resisted|p2a: Excadrill
|-damage|p2a: Excadrill|42/100
|-damage|p1a: Skarmory|87/100|[from] Recoil
|
|-heal|p2a: Excadrill|48/100|[from] item: Leftovers
|upkeep
|turn|19
|
|t:|1598287244
|switch|p2a: Dragapult|Dragapult, M|100/100
|move|p1a: Skarmory|Spikes|p2a: Dragapult
|-sidestart|p2: ezwz|Spikes
|
|upkeep
|turn|20
|
|t:|1598287248
|switch|p1a: Toxapex|Toxapex, M|98/100 brn
|-damage|p1a: Toxapex|86/100 brn|[from] Stealth Rock
|move|p2a: Dragapult|Will-O-Wisp|p1a: Toxapex|[miss]
|-miss|p2a: Dragapult|p1a: Toxapex
|
|-damage|p1a: Toxapex|80/100 brn|[from] brn
|upkeep
|turn|21
|
|t:|1598287252
|switch|p1a: Clefable|Clefable, F|100/100
|move|p2a: Dragapult|Substitute|p2a: Dragapult
|-start|p2a: Dragapult|Substitute
|-damage|p2a: Dragapult|76/100
|
|-heal|p2a: Dragapult|82/100|[from] item: Leftovers
|upkeep
|turn|22
|j| quentinpkm
|
|t:|1598287255
|move|p2a: Dragapult|Will-O-Wisp|p1a: Clefable|[miss]
|-miss|p2a: Dragapult|p1a: Clefable
|move|p1a: Clefable|Moonblast|p2a: Dragapult
|-supereffective|p2a: Dragapult
|-end|p2a: Dragapult|Substitute
|
|-heal|p2a: Dragapult|88/100|[from] item: Leftovers
|upkeep
|turn|23
|l| quentinpkm
|
|t:|1598287260
|switch|p2a: Corviknight|Corviknight, M|78/100
|-ability|p2a: Corviknight|Pressure
|switch|p1a: Toxapex|Toxapex, M|100/100 brn
|-damage|p1a: Toxapex|88/100 brn|[from] Stealth Rock
|
|-heal|p2a: Corviknight|84/100|[from] item: Leftovers
|-damage|p1a: Toxapex|82/100 brn|[from] brn
|upkeep
|turn|24
|
|t:|1598287265
|switch|p1a: Skarmory|Skarmory, M|87/100
|-damage|p1a: Skarmory|75/100|[from] Stealth Rock
|move|p2a: Corviknight|Substitute|p2a: Corviknight
|-start|p2a: Corviknight|Substitute
|-damage|p2a: Corviknight|59/100
|
|-heal|p2a: Corviknight|66/100|[from] item: Leftovers
|upkeep
|turn|25
|
|t:|1598287268
|switch|p2a: Dragapult|Dragapult, M|88/100
|-damage|p2a: Dragapult|75/100|[from] Spikes
|move|p1a: Skarmory|Spikes|p2a: Dragapult
|-sidestart|p2: ezwz|Spikes
|
|-heal|p2a: Dragapult|81/100|[from] item: Leftovers
|upkeep
|turn|26
|
|t:|1598287271
|switch|p1a: Clefable|Clefable, F|100/100
|move|p2a: Dragapult|Will-O-Wisp|p1a: Clefable
|-status|p1a: Clefable|brn
|
|-heal|p2a: Dragapult|87/100|[from] item: Leftovers
|upkeep
|turn|27
|
|t:|1598287274
|switch|p2a: Corviknight|Corviknight, M|66/100
|-ability|p2a: Corviknight|Pressure
|move|p1a: Clefable|Moonblast|p2a: Corviknight
|-resisted|p2a: Corviknight
|-damage|p2a: Corviknight|45/100
|
|-heal|p2a: Corviknight|51/100|[from] item: Leftovers
|upkeep
|turn|28
|
|t:|1598287277
|switch|p1a: Skarmory|Skarmory, M|75/100
|-damage|p1a: Skarmory|62/100|[from] Stealth Rock
|move|p2a: Corviknight|Roost|p2a: Corviknight
|-heal|p2a: Corviknight|100/100
|-singleturn|p2a: Corviknight|move: Roost
|
|upkeep
|turn|29
|
|t:|1598287279
|switch|p2a: Dragapult|Dragapult, M|87/100
|-damage|p2a: Dragapult|71/100|[from] Spikes
|move|p1a: Skarmory|Roost|p1a: Skarmory
|-heal|p1a: Skarmory|100/100
|-singleturn|p1a: Skarmory|move: Roost
|
|-heal|p2a: Dragapult|77/100|[from] item: Leftovers
|upkeep
|turn|30
|
|t:|1598287283
|move|p2a: Dragapult|Hex|p1a: Skarmory
|-damage|p1a: Skarmory|58/100
|move|p1a: Skarmory|Whirlwind|p2a: Dragapult
|drag|p2a: Corviknight|Corviknight, M|100/100
|-ability|p2a: Corviknight|Pressure
|
|upkeep
|turn|31
|
|t:|1598287289
|switch|p2a: Dragapult|Dragapult, M|77/100
|-damage|p2a: Dragapult|60/100|[from] Spikes
|move|p1a: Skarmory|Roost|p1a: Skarmory
|-heal|p1a: Skarmory|100/100
|-singleturn|p1a: Skarmory|move: Roost
|
|-heal|p2a: Dragapult|66/100|[from] item: Leftovers
|upkeep
|turn|32
|
|t:|1598287292
|switch|p1a: Toxapex|Toxapex, M|100/100 brn
|-damage|p1a: Toxapex|88/100 brn|[from] Stealth Rock
|move|p2a: Dragapult|Hex|p1a: Toxapex
|-damage|p1a: Toxapex|43/100 brn
|
|-heal|p2a: Dragapult|72/100|[from] item: Leftovers
|-damage|p1a: Toxapex|37/100 brn|[from] brn
|upkeep
|turn|33
|
|t:|1598287299
|switch|p1a: Hippowdon|Hippowdon, M|100/100
|-damage|p1a: Hippowdon|94/100|[from] Stealth Rock
|-weather|Sandstorm|[from] ability: Sand Stream|[of] p1a: Hippowdon
|move|p2a: Dragapult|Hex|p1a: Hippowdon
|-damage|p1a: Hippowdon|70/100
|
|-weather|Sandstorm|[upkeep]
|-damage|p2a: Dragapult|66/100|[from] Sandstorm
|-heal|p2a: Dragapult|72/100|[from] item: Leftovers
|-heal|p1a: Hippowdon|76/100|[from] item: Leftovers
|upkeep
|turn|34
|
|t:|1598287304
|switch|p2a: Corviknight|Corviknight, M|100/100
|-ability|p2a: Corviknight|Pressure
|move|p1a: Hippowdon|Earthquake|p2a: Corviknight
|-immune|p2a: Corviknight
|
|-weather|Sandstorm|[upkeep]
|-heal|p1a: Hippowdon|82/100|[from] item: Leftovers
|upkeep
|turn|35
|
|t:|1598287306
|switch|p2a: Dragapult|Dragapult, M|72/100
|-damage|p2a: Dragapult|56/100|[from] Spikes
|move|p1a: Hippowdon|Stealth Rock|p2a: Dragapult
|-sidestart|p2: ezwz|move: Stealth Rock
|
|-weather|Sandstorm|[upkeep]
|-damage|p2a: Dragapult|50/100|[from] Sandstorm
|-heal|p2a: Dragapult|56/100|[from] item: Leftovers
|-heal|p1a: Hippowdon|89/100|[from] item: Leftovers
|upkeep
|turn|36
|
|t:|1598287321
|switch|p2a: Corviknight|Corviknight, M|100/100
|-damage|p2a: Corviknight|88/100|[from] Stealth Rock
|-ability|p2a: Corviknight|Pressure
|switch|p1a: Clefable|Clefable, F|100/100 brn
|
|-weather|Sandstorm|[upkeep]
|-heal|p2a: Corviknight|94/100|[from] item: Leftovers
|upkeep
|turn|37
|
|t:|1598287325
|switch|p2a: Clefable|Clefable, M|86/100 brn
|switch|p1a: Skarmory|Skarmory, M|100/100
|-damage|p1a: Skarmory|88/100|[from] Stealth Rock
|
|-weather|none
|upkeep
|turn|38
|
|t:|1598287333
|switch|p1a: Toxapex|Toxapex, M|70/100 brn
|-damage|p1a: Toxapex|58/100 brn|[from] Stealth Rock
|move|p2a: Clefable|Flamethrower|p1a: Toxapex
|-resisted|p1a: Toxapex
|-damage|p1a: Toxapex|51/100 brn
|
|-damage|p1a: Toxapex|45/100 brn|[from] brn
|upkeep
|turn|39
|
|t:|1598287358
|move|p2a: Clefable|Calm Mind|p2a: Clefable
|-boost|p2a: Clefable|spa|1
|-boost|p2a: Clefable|spd|1
|move|p1a: Toxapex|Recover|p1a: Toxapex
|-heal|p1a: Toxapex|95/100 brn
|
|-damage|p1a: Toxapex|89/100 brn|[from] brn
|upkeep
|turn|40
|
|t:|1598287369
|move|p2a: Clefable|Moonblast|p1a: Toxapex
|-resisted|p1a: Toxapex
|-damage|p1a: Toxapex|70/100 brn
|move|p1a: Toxapex|Haze|p1a: Toxapex
|-clearallboost
|
|-damage|p1a: Toxapex|64/100 brn|[from] brn
|upkeep
|turn|41
|j| lt73iul
|
|t:|1598287374
|switch|p1a: Excadrill|Excadrill, F|100/100
|-damage|p1a: Excadrill|97/100|[from] Stealth Rock
|move|p2a: Clefable|Calm Mind|p2a: Clefable
|-boost|p2a: Clefable|spa|1
|-boost|p2a: Clefable|spd|1
|
|-heal|p1a: Excadrill|100/100|[from] item: Leftovers
|upkeep
|turn|42
|
|t:|1598287380
|switch|p2a: Tangrowth|Tangrowth, M|93/100
|-damage|p2a: Tangrowth|76/100|[from] Spikes
|-damage|p2a: Tangrowth|64/100|[from] Stealth Rock
|move|p1a: Excadrill|Iron Head|p2a: Tangrowth
|-damage|p2a: Tangrowth|45/100
|-damage|p1a: Excadrill|84/100|[from] item: Rocky Helmet|[of] p2a: Tangrowth
|
|-heal|p1a: Excadrill|90/100|[from] item: Leftovers
|upkeep
|turn|43
|
|t:|1598287398
|switch|p1a: Clefable|Clefable, F|100/100 brn
|move|p2a: Tangrowth|Knock Off|p1a: Clefable
|-resisted|p1a: Clefable
|-damage|p1a: Clefable|91/100 brn
|-enditem|p1a: Clefable|Life Orb|[from] move: Knock Off|[of] p2a: Tangrowth
|
|upkeep
|turn|44
|
|t:|1598287404
|switch|p2a: Corviknight|Corviknight, M|94/100
|-damage|p2a: Corviknight|82/100|[from] Stealth Rock
|-ability|p2a: Corviknight|Pressure
|move|p1a: Clefable|Calm Mind|p1a: Clefable
|-boost|p1a: Clefable|spa|1
|-boost|p1a: Clefable|spd|1
|
|-heal|p2a: Corviknight|88/100|[from] item: Leftovers
|upkeep
|turn|45
|
|t:|1598287411
|move|p2a: Corviknight|Bulk Up|p2a: Corviknight
|-boost|p2a: Corviknight|atk|1
|-boost|p2a: Corviknight|def|1
|move|p1a: Clefable|Thunder|p2a: Corviknight
|-supereffective|p2a: Corviknight
|-damage|p2a: Corviknight|20/100
|
|-heal|p2a: Corviknight|27/100|[from] item: Leftovers
|upkeep
|turn|46
|
|t:|1598287417
|move|p2a: Corviknight|Roost|p2a: Corviknight
|-heal|p2a: Corviknight|77/100
|-singleturn|p2a: Corviknight|move: Roost
|move|p1a: Clefable|Thunder|p2a: Corviknight|[miss]
|-miss|p1a: Clefable|p2a: Corviknight
|
|-heal|p2a: Corviknight|83/100|[from] item: Leftovers
|upkeep
|turn|47
|
|t:|1598287431
|move|p2a: Corviknight|Substitute|p2a: Corviknight
|-start|p2a: Corviknight|Substitute
|-damage|p2a: Corviknight|58/100
|move|p1a: Clefable|Moonblast|p2a: Corviknight
|-resisted|p2a: Corviknight
|-activate|p2a: Corviknight|move: Substitute|[damage]
|
|-heal|p2a: Corviknight|64/100|[from] item: Leftovers
|upkeep
|turn|48
|
|t:|1598287434
|switch|p1a: Skarmory|Skarmory, M|88/100
|-damage|p1a: Skarmory|76/100|[from] Stealth Rock
|move|p2a: Corviknight|Roost|p2a: Corviknight
|-heal|p2a: Corviknight|100/100
|-singleturn|p2a: Corviknight|move: Roost
|
|upkeep
|turn|49
|
|t:|1598287442
|switch|p2a: Tangrowth|Tangrowth, M|78/100
|-damage|p2a: Tangrowth|66/100|[from] Stealth Rock
|-damage|p2a: Tangrowth|50/100|[from] Spikes
|move|p1a: Skarmory|Brave Bird|p2a: Tangrowth
|-supereffective|p2a: Tangrowth
|-damage|p2a: Tangrowth|15/100
|-damage|p1a: Skarmory|59/100|[from] item: Rocky Helmet|[of] p2a: Tangrowth
|-damage|p1a: Skarmory|46/100|[from] Recoil
|
|upkeep
|turn|50
|
|t:|1598287454
|move|p1a: Skarmory|Brave Bird|p2a: Tangrowth
|-supereffective|p2a: Tangrowth
|-damage|p2a: Tangrowth|0 fnt
|-damage|p1a: Skarmory|29/100|[from] item: Rocky Helmet|[of] p2a: Tangrowth
|-damage|p1a: Skarmory|23/100|[from] Recoil
|faint|p2a: Tangrowth
|
|upkeep
|l| lt73iul
|
|t:|1598287466
|switch|p2a: Dragapult|Dragapult, M|56/100
|-damage|p2a: Dragapult|44/100|[from] Stealth Rock
|-damage|p2a: Dragapult|27/100|[from] Spikes
|turn|51
|
|t:|1598287470
|switch|p1a: Hippowdon|Hippowdon, M|89/100
|-damage|p1a: Hippowdon|82/100|[from] Stealth Rock
|-weather|Sandstorm|[from] ability: Sand Stream|[of] p1a: Hippowdon
|move|p2a: Dragapult|Hex|p1a: Hippowdon
|-damage|p1a: Hippowdon|62/100
|
|-weather|Sandstorm|[upkeep]
|-damage|p2a: Dragapult|21/100|[from] Sandstorm
|-heal|p2a: Dragapult|27/100|[from] item: Leftovers
|-heal|p1a: Hippowdon|68/100|[from] item: Leftovers
|upkeep
|turn|52
|
|t:|1598287487
|move|p2a: Dragapult|Will-O-Wisp|p1a: Hippowdon
|-status|p1a: Hippowdon|brn
|move|p1a: Hippowdon|Earthquake|p2a: Dragapult
|-damage|p2a: Dragapult|0 fnt
|faint|p2a: Dragapult
|
|-weather|Sandstorm|[upkeep]
|-heal|p1a: Hippowdon|74/100 brn|[from] item: Leftovers
|-damage|p1a: Hippowdon|68/100 brn|[from] brn
|upkeep
|
|t:|1598287501
|switch|p2a: Corviknight|Corviknight, M|100/100
|-damage|p2a: Corviknight|88/100|[from] Stealth Rock
|-ability|p2a: Corviknight|Pressure
|turn|53
|
|t:|1598287506
|switch|p1a: Excadrill|Excadrill, F|90/100
|-damage|p1a: Excadrill|87/100|[from] Stealth Rock
|move|p2a: Corviknight|Bulk Up|p2a: Corviknight
|-boost|p2a: Corviknight|atk|1
|-boost|p2a: Corviknight|def|1
|
|-weather|Sandstorm|[upkeep]
|-heal|p1a: Excadrill|93/100|[from] item: Leftovers
|-heal|p2a: Corviknight|94/100|[from] item: Leftovers
|upkeep
|turn|54
|
|t:|1598287508
|move|p1a: Excadrill|Rapid Spin|p2a: Corviknight
|-resisted|p2a: Corviknight
|-damage|p2a: Corviknight|91/100
|-boost|p1a: Excadrill|spe|1
|-sideend|p1: LT73IU Big Chungus|Stealth Rock|[from] move: Rapid Spin|[of] p1a: Excadrill
|move|p2a: Corviknight|Bulk Up|p2a: Corviknight
|-boost|p2a: Corviknight|atk|1
|-boost|p2a: Corviknight|def|1
|
|-weather|Sandstorm|[upkeep]
|-heal|p1a: Excadrill|99/100|[from] item: Leftovers
|-heal|p2a: Corviknight|97/100|[from] item: Leftovers
|upkeep
|turn|55
|
|t:|1598287510
|switch|p1a: Toxapex|Toxapex, M|98/100 brn
|move|p2a: Corviknight|Bulk Up|p2a: Corviknight
|-boost|p2a: Corviknight|atk|1
|-boost|p2a: Corviknight|def|1
|
|-weather|none
|-heal|p2a: Corviknight|100/100|[from] item: Leftovers
|-damage|p1a: Toxapex|92/100 brn|[from] brn
|upkeep
|turn|56
|
|t:|1598287513
|move|p2a: Corviknight|Brave Bird|p1a: Toxapex
|-damage|p1a: Toxapex|33/100 brn
|-damage|p2a: Corviknight|86/100|[from] Recoil
|move|p1a: Toxapex|Haze|p1a: Toxapex
|-clearallboost
|
|-heal|p2a: Corviknight|92/100|[from] item: Leftovers
|-damage|p1a: Toxapex|27/100 brn|[from] brn
|upkeep
|turn|57
|
|t:|1598287530
|switch|p2a: Excadrill|Excadrill, M|48/100
|-damage|p2a: Excadrill|45/100|[from] Stealth Rock
|-damage|p2a: Excadrill|29/100|[from] Spikes
|switch|p1a: Skarmory|Skarmory, M|23/100
|
|-heal|p2a: Excadrill|35/100|[from] item: Leftovers
|upkeep
|turn|58
|
|t:|1598287540
|move|p2a: Excadrill|Iron Head|p1a: Skarmory
|-resisted|p1a: Skarmory
|-damage|p1a: Skarmory|9/100
|-damage|p2a: Excadrill|18/100|[from] item: Rocky Helmet|[of] p1a: Skarmory
|move|p1a: Skarmory|Roost|p1a: Skarmory
|-heal|p1a: Skarmory|59/100
|-singleturn|p1a: Skarmory|move: Roost
|
|-heal|p2a: Excadrill|25/100|[from] item: Leftovers
|upkeep
|turn|59
|
|t:|1598287544
|move|p2a: Excadrill|Rapid Spin|p1a: Skarmory
|-resisted|p1a: Skarmory
|-damage|p1a: Skarmory|53/100
|-boost|p2a: Excadrill|spe|1
|-damage|p2a: Excadrill|8/100|[from] item: Rocky Helmet|[of] p1a: Skarmory
|-sideend|p2: ezwz|Spikes|[from] move: Rapid Spin|[of] p2a: Excadrill
|-sideend|p2: ezwz|Stealth Rock|[from] move: Rapid Spin|[of] p2a: Excadrill
|move|p1a: Skarmory|Brave Bird|p2a: Excadrill
|-resisted|p2a: Excadrill
|-damage|p2a: Excadrill|0 fnt
|-damage|p1a: Skarmory|50/100|[from] Recoil
|faint|p2a: Excadrill
|
|upkeep
|l| D0n Ram0n
|
|t:|1598287551
|switch|p2a: Clefable|Clefable, M|86/100 brn
|turn|60
|
|t:|1598287558
|switch|p1a: Toxapex|Toxapex, M|60/100 brn
|switch|p2a: Tyranitar|Tyranitar, F|75/100 brn
|-weather|Sandstorm|[from] ability: Sand Stream|[of] p2a: Tyranitar
|
|-weather|Sandstorm|[upkeep]
|-damage|p1a: Toxapex|54/100 brn|[from] Sandstorm
|-damage|p2a: Tyranitar|69/100 brn|[from] brn
|-damage|p1a: Toxapex|48/100 brn|[from] brn
|upkeep
|turn|61
|
|t:|1598287562
|switch|p1a: Urshifu|Urshifu-Rapid-Strike, F|84/100
|move|p2a: Tyranitar|Stealth Rock|p1a: Urshifu
|-sidestart|p1: LT73IU Big Chungus|move: Stealth Rock
|
|-weather|Sandstorm|[upkeep]
|-damage|p1a: Urshifu|78/100|[from] Sandstorm
|-damage|p2a: Tyranitar|62/100 brn|[from] brn
|upkeep
|turn|62
|
|t:|1598287566
|move|p1a: Urshifu|Surging Strikes|p2a: Tyranitar
|-supereffective|p2a: Tyranitar
|-crit|p2a: Tyranitar
|-damage|p2a: Tyranitar|14/100 brn
|-supereffective|p2a: Tyranitar
|-crit|p2a: Tyranitar
|-damage|p2a: Tyranitar|0 fnt
|-hitcount|p2a: Tyranitar|2
|faint|p2a: Tyranitar
|
|-weather|Sandstorm|[upkeep]
|-damage|p1a: Urshifu|72/100|[from] Sandstorm
|upkeep
|
|t:|1598287572
|switch|p2a: Clefable|Clefable, M|86/100 brn
|turn|63
|
|t:|1598287589
|switch|p1a: Excadrill|Excadrill, F|99/100
|-damage|p1a: Excadrill|96/100|[from] Stealth Rock
|move|p2a: Clefable|Moonblast|p1a: Excadrill
|-resisted|p1a: Excadrill
|-damage|p1a: Excadrill|80/100
|
|-weather|Sandstorm|[upkeep]
|-heal|p1a: Excadrill|86/100|[from] item: Leftovers
|upkeep
|turn|64
|
|t:|1598287594
|switch|p2a: Corviknight|Corviknight, M|92/100
|-ability|p2a: Corviknight|Pressure
|move|p1a: Excadrill|Swords Dance|p1a: Excadrill
|-boost|p1a: Excadrill|atk|2
|
|-weather|Sandstorm|[upkeep]
|-heal|p1a: Excadrill|92/100|[from] item: Leftovers
|-heal|p2a: Corviknight|98/100|[from] item: Leftovers
|upkeep
|turn|65
|
|t:|1598287597
|move|p1a: Excadrill|Iron Head|p2a: Corviknight
|-resisted|p2a: Corviknight
|-damage|p2a: Corviknight|76/100
|move|p2a: Corviknight|Bulk Up|p2a: Corviknight
|-boost|p2a: Corviknight|atk|1
|-boost|p2a: Corviknight|def|1
|
|-weather|Sandstorm|[upkeep]
|-heal|p1a: Excadrill|98/100|[from] item: Leftovers
|-heal|p2a: Corviknight|82/100|[from] item: Leftovers
|upkeep
|turn|66
|
|t:|1598287602
|switch|p1a: Skarmory|Skarmory, M|50/100
|-damage|p1a: Skarmory|38/100|[from] Stealth Rock
|move|p2a: Corviknight|Bulk Up|p2a: Corviknight
|-boost|p2a: Corviknight|atk|1
|-boost|p2a: Corviknight|def|1
|
|-weather|Sandstorm|[upkeep]
|-heal|p2a: Corviknight|88/100|[from] item: Leftovers
|upkeep
|turn|67
|
|t:|1598287604
|move|p1a: Skarmory|Roost|p1a: Skarmory
|-heal|p1a: Skarmory|88/100
|-singleturn|p1a: Skarmory|move: Roost
|move|p2a: Corviknight|Brave Bird|p1a: Skarmory
|-resisted|p1a: Skarmory
|-damage|p1a: Skarmory|68/100
|-damage|p2a: Corviknight|72/100|[from] item: Rocky Helmet|[of] p1a: Skarmory
|-damage|p2a: Corviknight|66/100|[from] Recoil
|
|-weather|none
|-heal|p2a: Corviknight|72/100|[from] item: Leftovers
|upkeep
|turn|68
|
|t:|1598287609
|switch|p2a: Clefable|Clefable, M|86/100 brn
|move|p1a: Skarmory|Roost|p1a: Skarmory
|-heal|p1a: Skarmory|100/100
|-singleturn|p1a: Skarmory|move: Roost
|
|upkeep
|turn|69
|
|t:|1598287613
|switch|p1a: Toxapex|Toxapex, M|82/100 brn
|-damage|p1a: Toxapex|69/100 brn|[from] Stealth Rock
|move|p2a: Clefable|Calm Mind|p2a: Clefable
|-boost|p2a: Clefable|spa|1
|-boost|p2a: Clefable|spd|1
|
|-damage|p1a: Toxapex|64/100 brn|[from] brn
|upkeep
|turn|70
|
|t:|1598287615
|move|p2a: Clefable|Moonblast|p1a: Toxapex
|-resisted|p1a: Toxapex
|-damage|p1a: Toxapex|47/100 brn
|move|p1a: Toxapex|Haze|p1a: Toxapex
|-clearallboost
|
|-damage|p1a: Toxapex|41/100 brn|[from] brn
|upkeep
|turn|71
|j| lt73iul
|
|t:|1598287632
|move|p2a: Clefable|Calm Mind|p2a: Clefable
|-boost|p2a: Clefable|spa|1
|-boost|p2a: Clefable|spd|1
|move|p1a: Toxapex|Scald|p2a: Clefable
|-damage|p2a: Clefable|75/100 brn
|
|-damage|p1a: Toxapex|35/100 brn|[from] brn
|upkeep
|turn|72
|j| Livio ElTito
|
|t:|1598287643
|move|p2a: Clefable|Moonblast|p1a: Toxapex
|-resisted|p1a: Toxapex
|-damage|p1a: Toxapex|17/100 brn
|-unboost|p1a: Toxapex|spa|1
|move|p1a: Toxapex|Recover|p1a: Toxapex
|-heal|p1a: Toxapex|67/100 brn
|
|-damage|p1a: Toxapex|61/100 brn|[from] brn
|upkeep
|turn|73
|
|t:|1598287649
|move|p2a: Clefable|Soft-Boiled|p2a: Clefable
|-heal|p2a: Clefable|100/100 brn
|move|p1a: Toxapex|Scald|p2a: Clefable
|-damage|p2a: Clefable|94/100 brn
|
|-damage|p1a: Toxapex|55/100 brn|[from] brn
|upkeep
|turn|74
|
|t:|1598287654
|move|p2a: Clefable|Calm Mind|p2a: Clefable
|-boost|p2a: Clefable|spa|1
|-boost|p2a: Clefable|spd|1
|move|p1a: Toxapex|Haze|p1a: Toxapex
|-clearallboost
|
|-damage|p1a: Toxapex|49/100 brn|[from] brn
|upkeep
|turn|75
|
|t:|1598287666
|switch|p1a: Excadrill|Excadrill, F|98/100
|-damage|p1a: Excadrill|95/100|[from] Stealth Rock
|move|p2a: Clefable|Calm Mind|p2a: Clefable
|-boost|p2a: Clefable|spa|1
|-boost|p2a: Clefable|spd|1
|
|-heal|p1a: Excadrill|100/100|[from] item: Leftovers
|upkeep
|turn|76
|
|t:|1598287668
|switch|p2a: Corviknight|Corviknight, M|72/100
|-ability|p2a: Corviknight|Pressure
|move|p1a: Excadrill|Iron Head|p2a: Corviknight
|-resisted|p2a: Corviknight
|-damage|p2a: Corviknight|60/100
|
|-heal|p2a: Corviknight|66/100|[from] item: Leftovers
|upkeep
|turn|77
|
|t:|1598287696
|switch|p1a: Urshifu|Urshifu-Rapid-Strike, F|72/100
|-damage|p1a: Urshifu|66/100|[from] Stealth Rock
|move|p2a: Corviknight|Roost|p2a: Corviknight
|-heal|p2a: Corviknight|100/100
|-singleturn|p2a: Corviknight|move: Roost
|
|upkeep
|turn|78
|
|t:|1598287699
|move|p1a: Urshifu|Surging Strikes|p2a: Corviknight
|-crit|p2a: Corviknight
|-damage|p2a: Corviknight|82/100
|-crit|p2a: Corviknight
|-damage|p2a: Corviknight|64/100
|-crit|p2a: Corviknight
|-damage|p2a: Corviknight|47/100
|-hitcount|p2a: Corviknight|3
|move|p2a: Corviknight|Brave Bird|p1a: Urshifu
|-supereffective|p1a: Urshifu
|-damage|p1a: Urshifu|0 fnt
|-damage|p2a: Corviknight|29/100|[from] Recoil
|faint|p1a: Urshifu
|
|-heal|p2a: Corviknight|35/100|[from] item: Leftovers
|upkeep
|j| D0n Ram0n
|l| D0n Ram0n
|inactive|LT73IU Big Chungus has 120 seconds left.
|
|t:|1598287746
|switch|p1a: Excadrill|Excadrill, F|100/100
|-damage|p1a: Excadrill|97/100|[from] Stealth Rock
|turn|79
|
|t:|1598287749
|move|p1a: Excadrill|Swords Dance|p1a: Excadrill
|-boost|p1a: Excadrill|atk|2
|move|p2a: Corviknight|Roost|p2a: Corviknight
|-heal|p2a: Corviknight|85/100
|-singleturn|p2a: Corviknight|move: Roost
|
|-heal|p1a: Excadrill|100/100|[from] item: Leftovers
|-heal|p2a: Corviknight|91/100|[from] item: Leftovers
|upkeep
|turn|80
|
|t:|1598287751
|move|p1a: Excadrill|Iron Head|p2a: Corviknight
|-resisted|p2a: Corviknight
|-damage|p2a: Corviknight|68/100
|cant|p2a: Corviknight|flinch
|
|-heal|p2a: Corviknight|74/100|[from] item: Leftovers
|upkeep
|turn|81
|
|t:|1598287754
|move|p1a: Excadrill|Iron Head|p2a: Corviknight
|-resisted|p2a: Corviknight
|-damage|p2a: Corviknight|53/100
|move|p2a: Corviknight|Bulk Up|p2a: Corviknight
|-boost|p2a: Corviknight|atk|1
|-boost|p2a: Corviknight|def|1
|
|-heal|p2a: Corviknight|60/100|[from] item: Leftovers
|upkeep
|turn|82
|
|t:|1598287756
|switch|p1a: Skarmory|Skarmory, M|100/100
|-damage|p1a: Skarmory|88/100|[from] Stealth Rock
|move|p2a: Corviknight|Roost|p2a: Corviknight
|-heal|p2a: Corviknight|100/100
|-singleturn|p2a: Corviknight|move: Roost
|
|upkeep
|turn|83
|
|t:|1598287760
|switch|p2a: Clefable|Clefable, M|94/100 brn
|move|p1a: Skarmory|Whirlwind|p2a: Clefable
|drag|p2a: Corviknight|Corviknight, M|100/100
|-ability|p2a: Corviknight|Pressure
|
|upkeep
|turn|84
|
|t:|1598287765
|switch|p2a: Clefable|Clefable, M|94/100 brn
|move|p1a: Skarmory|Brave Bird|p2a: Clefable
|-damage|p2a: Clefable|65/100 brn
|-damage|p1a: Skarmory|77/100|[from] Recoil
|
|upkeep
|turn|85
|
|t:|1598287769
|switch|p1a: Clefable|Clefable, F|91/100 brn
|move|p2a: Clefable|Soft-Boiled|p2a: Clefable
|-heal|p2a: Clefable|100/100 brn
|
|upkeep
|turn|86
|
|t:|1598287771
|switch|p1a: Toxapex|Toxapex, M|82/100 brn
|-damage|p1a: Toxapex|70/100 brn|[from] Stealth Rock
|move|p2a: Clefable|Calm Mind|p2a: Clefable
|-boost|p2a: Clefable|spa|1
|-boost|p2a: Clefable|spd|1
|
|-damage|p1a: Toxapex|64/100 brn|[from] brn
|upkeep
|turn|87
|
|t:|1598287773
|move|p2a: Clefable|Moonblast|p1a: Toxapex
|-resisted|p1a: Toxapex
|-damage|p1a: Toxapex|47/100 brn
|move|p1a: Toxapex|Haze|p1a: Toxapex
|-clearallboost
|
|-damage|p1a: Toxapex|41/100 brn|[from] brn
|upkeep
|turn|88
|l| MaybeIllusion
|
|t:|1598287776
|move|p2a: Clefable|Calm Mind|p2a: Clefable
|-boost|p2a: Clefable|spa|1
|-boost|p2a: Clefable|spd|1
|move|p1a: Toxapex|Recover|p1a: Toxapex
|-heal|p1a: Toxapex|91/100 brn
|
|-damage|p1a: Toxapex|85/100 brn|[from] brn
|upkeep
|turn|89
|
|t:|1598287778
|move|p2a: Clefable|Moonblast|p1a: Toxapex
|-resisted|p1a: Toxapex
|-damage|p1a: Toxapex|68/100 brn
|-unboost|p1a: Toxapex|spa|1
|move|p1a: Toxapex|Haze|p1a: Toxapex
|-clearallboost
|
|-damage|p1a: Toxapex|62/100 brn|[from] brn
|upkeep
|turn|90
|
|t:|1598287784
|move|p2a: Clefable|Flamethrower|p1a: Toxapex
|-resisted|p1a: Toxapex
|-damage|p1a: Toxapex|55/100 brn
|move|p1a: Toxapex|Recover|p1a: Toxapex
|-heal|p1a: Toxapex|100/100 brn
|
|-damage|p1a: Toxapex|95/100 brn|[from] brn
|upkeep
|turn|91
|
|t:|1598287787
|switch|p1a: Excadrill|Excadrill, F|100/100
|-damage|p1a: Excadrill|97/100|[from] Stealth Rock
|move|p2a: Clefable|Flamethrower|p1a: Excadrill
|-supereffective|p1a: Excadrill
|-damage|p1a: Excadrill|54/100
|
|-heal|p1a: Excadrill|60/100|[from] item: Leftovers
|upkeep
|turn|92
|
|t:|1598287792
|move|p1a: Excadrill|Iron Head|p2a: Clefable
|-supereffective|p2a: Clefable
|-damage|p2a: Clefable|47/100 brn
|move|p2a: Clefable|Flamethrower|p1a: Excadrill
|-supereffective|p1a: Excadrill
|-crit|p1a: Excadrill
|-damage|p1a: Excadrill|0 fnt
|faint|p1a: Excadrill
|
|upkeep
|
|t:|1598287794
|switch|p1a: Clefable|Clefable, F|91/100 brn
|turn|93
|
|t:|1598287798
|move|p1a: Clefable|Calm Mind|p1a: Clefable
|-boost|p1a: Clefable|spa|1
|-boost|p1a: Clefable|spd|1
|move|p2a: Clefable|Calm Mind|p2a: Clefable
|-boost|p2a: Clefable|spa|1
|-boost|p2a: Clefable|spd|1
|
|upkeep
|turn|94
|j| Lt73iu chapo
|
|t:|1598287802
|move|p1a: Clefable|Calm Mind|p1a: Clefable
|-boost|p1a: Clefable|spa|1
|-boost|p1a: Clefable|spd|1
|move|p2a: Clefable|Soft-Boiled|p2a: Clefable
|-heal|p2a: Clefable|97/100 brn
|
|upkeep
|turn|95
|
|t:|1598287811
|move|p1a: Clefable|Calm Mind|p1a: Clefable
|-boost|p1a: Clefable|spa|1
|-boost|p1a: Clefable|spd|1
|move|p2a: Clefable|Calm Mind|p2a: Clefable
|-boost|p2a: Clefable|spa|1
|-boost|p2a: Clefable|spd|1
|
|upkeep
|turn|96
|
|t:|1598287813
|move|p1a: Clefable|Calm Mind|p1a: Clefable
|-boost|p1a: Clefable|spa|1
|-boost|p1a: Clefable|spd|1
|move|p2a: Clefable|Moonblast|p1a: Clefable
|-damage|p1a: Clefable|73/100 brn
|
|upkeep
|turn|97
|
|t:|1598287815
|move|p1a: Clefable|Calm Mind|p1a: Clefable
|-boost|p1a: Clefable|spa|1
|-boost|p1a: Clefable|spd|1
|move|p2a: Clefable|Calm Mind|p2a: Clefable
|-boost|p2a: Clefable|spa|1
|-boost|p2a: Clefable|spd|1
|
|upkeep
|turn|98
|
|t:|1598287818
|move|p1a: Clefable|Calm Mind|p1a: Clefable
|-boost|p1a: Clefable|spa|1
|-boost|p1a: Clefable|spd|1
|move|p2a: Clefable|Calm Mind|p2a: Clefable
|-boost|p2a: Clefable|spa|1
|-boost|p2a: Clefable|spd|1
|
|upkeep
|turn|99
|
|t:|1598287820
|move|p1a: Clefable|Moonblast|p2a: Clefable
|-damage|p2a: Clefable|56/100 brn
|move|p2a: Clefable|Calm Mind|p2a: Clefable
|-boost|p2a: Clefable|spa|1
|-boost|p2a: Clefable|spd|1
|
|upkeep
|turn|100
|j| Zombini62
|
|t:|1598287823
|move|p1a: Clefable|Moonblast|p2a: Clefable
|-damage|p2a: Clefable|24/100 brn
|-unboost|p2a: Clefable|spa|1
|move|p2a: Clefable|Soft-Boiled|p2a: Clefable
|-heal|p2a: Clefable|74/100 brn
|
|upkeep
|turn|101
|
|t:|1598287825
|move|p1a: Clefable|Moonblast|p2a: Clefable
|-damage|p2a: Clefable|38/100 brn
|-unboost|p2a: Clefable|spa|1
|move|p2a: Clefable|Soft-Boiled|p2a: Clefable
|-heal|p2a: Clefable|88/100 brn
|
|upkeep
|turn|102
|
|t:|1598287829
|move|p1a: Clefable|Moonblast|p2a: Clefable
|-crit|p2a: Clefable
|-damage|p2a: Clefable|0 fnt
|faint|p2a: Clefable
|
|upkeep
|
|t:|1598287832
|switch|p2a: Corviknight|Corviknight, M|100/100
|-ability|p2a: Corviknight|Pressure
|turn|103
|
|t:|1598287834
|move|p2a: Corviknight|Substitute|p2a: Corviknight
|-start|p2a: Corviknight|Substitute
|-damage|p2a: Corviknight|75/100
|move|p1a: Clefable|Moonblast|p2a: Corviknight
|-resisted|p2a: Corviknight
|-end|p2a: Corviknight|Substitute
|
|-heal|p2a: Corviknight|82/100|[from] item: Leftovers
|upkeep
|turn|104
|
|t:|1598287838
|move|p2a: Corviknight|Substitute|p2a: Corviknight
|-start|p2a: Corviknight|Substitute
|-damage|p2a: Corviknight|57/100
|move|p1a: Clefable|Moonblast|p2a: Corviknight
|-resisted|p2a: Corviknight
|-end|p2a: Corviknight|Substitute
|
|-heal|p2a: Corviknight|63/100|[from] item: Leftovers
|upkeep
|turn|105
|
|t:|1598287844
|move|p2a: Corviknight|Bulk Up|p2a: Corviknight
|-boost|p2a: Corviknight|atk|1
|-boost|p2a: Corviknight|def|1
|move|p1a: Clefable|Moonblast|p2a: Corviknight
|-resisted|p2a: Corviknight
|-damage|p2a: Corviknight|0 fnt
|faint|p2a: Corviknight
|
|win|LT73IU Big Chungus
|c|☆ezwz|gg
|c|☆LT73IU Big Chungus|gg
|l| Zombini62
|l|☆ezwz
|l| Livio ElTito
|j| shirtless boy
||Ladder (probably) updated, but score could not be retrieved (Request timeout).
