|j|☆Highv0ltag3
|j|☆gunk in ma troat
|t:|1656180755
|gametype|singles
|player|p1|Highv0ltag3|volo|1867
|player|p2|gunk in ma troat|2|1814
|teamsize|p1|6
|teamsize|p2|6
|gen|8
|tier|[Gen 8] OU
|rated|
|rule|Sleep Clause Mod: Limit one foe put to sleep
|rule|Species Clause: Limit one of each Pokémon
|rule|OHKO Clause: OHKO moves are banned
|rule|Evasion Moves Clause: Evasion moves are banned
|rule|Endless Battle Clause: Forcing endless battles is banned
|rule|HP Percentage Mod: HP is shown in percentages
|rule|Dynamax Clause: You cannot dynamax
|clearpoke
|poke|p1|Xatu, M|
|poke|p1|Corviknight, M|
|poke|p1|Buzzwole|
|poke|p1|Chansey, F|
|poke|p1|Toxapex, F|
|poke|p1|Hippowdon, F|
|poke|p2|Pelipper, M|
|poke|p2|Barraskewda, F|
|poke|p2|Ferrothorn, F|
|poke|p2|Seismitoad, F|
|poke|p2|Tornadus-Therian, M|
|poke|p2|Tapu Lele|
|teampreview
|j| clflucker
|inactive|Battle timer is ON: inactive players will automatically lose when time's up. (requested by Highv0ltag3)
|
|t:|1656180784
|start
|switch|p1a: Toxapex|Toxapex, F|100/100
|switch|p2a: Pelipper|Pelipper, M|100/100
|-weather|RainDance|[from] ability: Drizzle|[of] p2a: Pelipper
|turn|1
|
|t:|1656180803
|move|p2a: Pelipper|Scald|p1a: Toxapex
|-resisted|p1a: Toxapex
|-damage|p1a: Toxapex|84/100
|move|p1a: Toxapex|Light Screen|p1a: Toxapex
|-sidestart|p1: Highv0ltag3|move: Light Screen
|
|-weather|RainDance|[upkeep]
|-heal|p1a: Toxapex|90/100|[from] item: Black Sludge
|upkeep
|turn|2
|c| clflucker|calling it now: that rain team can't break this stall
|
|t:|1656180809
|move|p2a: Pelipper|Scald|p1a: Toxapex
|-resisted|p1a: Toxapex
|-damage|p1a: Toxapex|82/100
|move|p1a: Toxapex|Scald|p2a: Pelipper
|-resisted|p2a: Pelipper
|-damage|p2a: Pelipper|84/100
|
|-weather|RainDance|[upkeep]
|-heal|p1a: Toxapex|89/100|[from] item: Black Sludge
|upkeep
|turn|3
|c|☆Highv0ltag3|nah hes thunder lele I bet
|
|t:|1656180819
|move|p2a: Pelipper|Scald|p1a: Toxapex
|-resisted|p1a: Toxapex
|-damage|p1a: Toxapex|81/100
|-status|p1a: Toxapex|brn
|move|p1a: Toxapex|Scald|p2a: Pelipper
|-resisted|p2a: Pelipper
|-damage|p2a: Pelipper|66/100
|
|-weather|RainDance|[upkeep]
|-heal|p1a: Toxapex|87/100 brn|[from] item: Black Sludge
|-damage|p1a: Toxapex|81/100 brn|[from] brn
|upkeep
|turn|4
|
|t:|1656180825
|move|p2a: Pelipper|Roost|p2a: Pelipper
|-heal|p2a: Pelipper|100/100
|-singleturn|p2a: Pelipper|move: Roost
|move|p1a: Toxapex|Scald|p2a: Pelipper
|-resisted|p2a: Pelipper
|-damage|p2a: Pelipper|82/100
|-status|p2a: Pelipper|brn
|
|-weather|RainDance|[upkeep]
|-heal|p1a: Toxapex|87/100 brn|[from] item: Black Sludge
|-damage|p2a: Pelipper|76/100 brn|[from] brn
|-damage|p1a: Toxapex|81/100 brn|[from] brn
|upkeep
|turn|5
|c| clflucker|even so, chansey eats
|j| mehelenolilo
|l| mehelenolilo
|c|☆Highv0ltag3|doesnt take psyshock
|c| clflucker|only np taunt torn can do it
|
|t:|1656180844
|switch|p2a: Ferrothorn|Ferrothorn, F|100/100
|move|p1a: Toxapex|Scald|p2a: Ferrothorn
|-resisted|p2a: Ferrothorn
|-damage|p2a: Ferrothorn|90/100
|-status|p2a: Ferrothorn|brn
|
|-weather|RainDance|[upkeep]
|-heal|p1a: Toxapex|87/100 brn|[from] item: Black Sludge
|-damage|p1a: Toxapex|81/100 brn|[from] brn
|-damage|p2a: Ferrothorn|84/100 brn|[from] brn
|-sideend|p1: Highv0ltag3|move: Light Screen
|upkeep
|turn|6
|
|t:|1656180848
|switch|p1a: Xatu|Xatu, M|100/100
|move|p2a: Ferrothorn|Knock Off|p1a: Xatu
|-supereffective|p1a: Xatu
|-damage|p1a: Xatu|72/100
|-enditem|p1a: Xatu|Leftovers|[from] move: Knock Off|[of] p2a: Ferrothorn
|
|-weather|RainDance|[upkeep]
|-damage|p2a: Ferrothorn|78/100 brn|[from] brn
|upkeep
|turn|7
|
|t:|1656180852
|switch|p2a: Tapu Lele|Tapu Lele|100/100
|-fieldstart|move: Psychic Terrain|[from] ability: Psychic Surge|[of] p2a: Tapu Lele
|move|p1a: Xatu|Roost|p1a: Xatu
|-heal|p1a: Xatu|100/100
|-singleturn|p1a: Xatu|move: Roost
|
|-weather|RainDance|[upkeep]
|upkeep
|turn|8
|
|t:|1656180861
|switch|p1a: Chansey|Chansey, F|100/100
|move|p2a: Tapu Lele|Moonblast|p1a: Chansey
|-damage|p1a: Chansey|73/100
|-unboost|p1a: Chansey|spa|1
|
|-weather|none
|upkeep
|turn|9
|
|t:|1656180868
|switch|p2a: Tornadus|Tornadus-Therian, M|100/100
|move|p1a: Chansey|Soft-Boiled|p1a: Chansey
|-heal|p1a: Chansey|100/100
|
|upkeep
|turn|10
|
|t:|1656180872
|switch|p1a: Toxapex|Toxapex, F|100/100 brn
|move|p2a: Tornadus|Knock Off|p1a: Toxapex
|-damage|p1a: Toxapex|88/100 brn
|-enditem|p1a: Toxapex|Black Sludge|[from] move: Knock Off|[of] p2a: Tornadus
|
|-damage|p1a: Toxapex|81/100 brn|[from] brn
|upkeep
|turn|11
|
|t:|1656180879
|switch|p2a: Ferrothorn|Ferrothorn, F|78/100 brn
|move|p1a: Toxapex|Light Screen|p1a: Toxapex
|-sidestart|p1: Highv0ltag3|move: Light Screen
|
|-damage|p1a: Toxapex|75/100 brn|[from] brn
|-damage|p2a: Ferrothorn|72/100 brn|[from] brn
|-fieldend|move: Psychic Terrain
|upkeep
|turn|12
|
|t:|1656180884
|switch|p1a: Xatu|Xatu, M|100/100
|switch|p2a: Barraskewda|Barraskewda, F|100/100
|
|upkeep
|turn|13
|
|t:|1656180888
|switch|p1a: Buzzwole|Buzzwole|100/100
|move|p2a: Barraskewda|Flip Turn|p1a: Buzzwole
|-damage|p1a: Buzzwole|75/100
|
|t:|1656180892
|switch|p2a: Tapu Lele|Tapu Lele|100/100|[from]move: Flip Turn
|-fieldstart|move: Psychic Terrain|[from] ability: Psychic Surge|[of] p2a: Tapu Lele
|
|-heal|p1a: Buzzwole|81/100|[from] item: Leftovers
|upkeep
|turn|14
|
|t:|1656180898
|switch|p1a: Corviknight|Corviknight, M|100/100
|-ability|p1a: Corviknight|Pressure
|move|p2a: Tapu Lele|Psychic|p1a: Corviknight
|-resisted|p1a: Corviknight
|-damage|p1a: Corviknight|80/100
|
|upkeep
|turn|15
|
|t:|1656180904
|switch|p2a: Pelipper|Pelipper, M|76/100 brn
|-weather|RainDance|[from] ability: Drizzle|[of] p2a: Pelipper
|move|p1a: Corviknight|Roost|p1a: Corviknight
|-heal|p1a: Corviknight|100/100
|-singleturn|p1a: Corviknight|move: Roost
|
|-weather|RainDance|[upkeep]
|-damage|p2a: Pelipper|70/100 brn|[from] brn
|-sideend|p1: Highv0ltag3|move: Light Screen
|upkeep
|turn|16
|
|t:|1656180907
|switch|p1a: Toxapex|Toxapex, F|100/100 brn
|move|p2a: Pelipper|U-turn|p1a: Toxapex
|-resisted|p1a: Toxapex
|-damage|p1a: Toxapex|99/100 brn
|
|t:|1656180911
|switch|p2a: Seismitoad|Seismitoad, F|100/100|[from]move: U-turn
|
|-weather|RainDance|[upkeep]
|-damage|p1a: Toxapex|93/100 brn|[from] brn
|upkeep
|turn|17
|
|t:|1656180916
|switch|p1a: Chansey|Chansey, F|100/100
|-singleturn|p2a: Seismitoad|move: Focus Punch
|move|p2a: Seismitoad|Focus Punch|p1a: Chansey
|-supereffective|p1a: Chansey
|-damage|p1a: Chansey|48/100
|-damage|p2a: Seismitoad|91/100|[from] item: Life Orb
|
|-weather|RainDance|[upkeep]
|-fieldend|move: Psychic Terrain
|upkeep
|turn|18
|
|t:|1656180927
|move|p2a: Seismitoad|Stealth Rock|p1a: Chansey
|-sidestart|p1: Highv0ltag3|move: Stealth Rock
|move|p1a: Chansey|Soft-Boiled|p1a: Chansey
|-heal|p1a: Chansey|98/100
|
|-weather|RainDance|[upkeep]
|upkeep
|turn|19
|c|☆Highv0ltag3|cool but not enough
|
|t:|1656180933
|switch|p2a: Tornadus|Tornadus-Therian, M|100/100
|move|p1a: Chansey|Toxic|p2a: Tornadus
|-status|p2a: Tornadus|tox
|
|-weather|RainDance|[upkeep]
|-damage|p2a: Tornadus|94/100 tox|[from] psn
|upkeep
|turn|20
|
|t:|1656180944
|switch|p1a: Hippowdon|Hippowdon, F|100/100
|-damage|p1a: Hippowdon|94/100|[from] Stealth Rock
|move|p2a: Tornadus|U-turn|p1a: Hippowdon
|-damage|p1a: Hippowdon|84/100
|
|t:|1656180951
|switch|p2a: Barraskewda|Barraskewda, F|100/100|[from]move: U-turn
|
|-weather|RainDance|[upkeep]
|-heal|p1a: Hippowdon|90/100|[from] item: Leftovers
|upkeep
|turn|21
|c| clflucker|indeed
|
|t:|1656180954
|switch|p1a: Toxapex|Toxapex, F|100/100 brn
|-damage|p1a: Toxapex|88/100 brn|[from] Stealth Rock
|move|p2a: Barraskewda|Flip Turn|p1a: Toxapex
|-resisted|p1a: Toxapex
|-damage|p1a: Toxapex|66/100 brn
|j| Ran Kob
|
|t:|1656180959
|switch|p2a: Tapu Lele|Tapu Lele|100/100|[from]move: Flip Turn
|-fieldstart|move: Psychic Terrain|[from] ability: Psychic Surge|[of] p2a: Tapu Lele
|
|-weather|RainDance|[upkeep]
|-damage|p1a: Toxapex|60/100 brn|[from] brn
|upkeep
|turn|22
|
|t:|1656180963
|switch|p1a: Corviknight|Corviknight, M|100/100
|-damage|p1a: Corviknight|88/100|[from] Stealth Rock
|-ability|p1a: Corviknight|Pressure
|move|p2a: Tapu Lele|Psychic|p1a: Corviknight
|-resisted|p1a: Corviknight
|-damage|p1a: Corviknight|41/100
|
|-weather|none
|upkeep
|turn|23
|
|t:|1656180966
|switch|p1a: Chansey|Chansey, F|98/100
|-damage|p1a: Chansey|86/100|[from] Stealth Rock
|move|p2a: Tapu Lele|Psychic|p1a: Chansey
|-damage|p1a: Chansey|55/100
|-unboost|p1a: Chansey|spd|1
|
|upkeep
|turn|24
|
|t:|1656180970
|move|p2a: Tapu Lele|Psychic|p1a: Chansey
|-damage|p1a: Chansey|8/100
|move|p1a: Chansey|Soft-Boiled|p1a: Chansey
|-heal|p1a: Chansey|58/100
|
|upkeep
|turn|25
|
|t:|1656180975
|switch|p2a: Tornadus|Tornadus-Therian, M|100/100 tox
|move|p1a: Chansey|Soft-Boiled|p1a: Chansey
|-heal|p1a: Chansey|100/100
|
|-damage|p2a: Tornadus|94/100 tox|[from] psn
|-fieldend|move: Psychic Terrain
|upkeep
|turn|26
|
|t:|1656180979
|switch|p1a: Toxapex|Toxapex, F|93/100 brn
|-damage|p1a: Toxapex|81/100 brn|[from] Stealth Rock
|move|p2a: Tornadus|U-turn|p1a: Toxapex
|-resisted|p1a: Toxapex
|-damage|p1a: Toxapex|77/100 brn
|
|t:|1656180982
|switch|p2a: Tapu Lele|Tapu Lele|100/100|[from]move: U-turn
|-fieldstart|move: Psychic Terrain|[from] ability: Psychic Surge|[of] p2a: Tapu Lele
|
|-damage|p1a: Toxapex|71/100 brn|[from] brn
|upkeep
|turn|27
|
|t:|1656180984
|switch|p1a: Chansey|Chansey, F|100/100
|-damage|p1a: Chansey|88/100|[from] Stealth Rock
|move|p2a: Tapu Lele|Psyshock|p1a: Chansey
|-damage|p1a: Chansey|28/100
|
|upkeep
|turn|28
|c|☆Highv0ltag3|what did I tell u
|
|t:|1656180998
|move|p2a: Tapu Lele|Psyshock|p1a: Chansey
|-crit|p1a: Chansey
|-damage|p1a: Chansey|0 fnt
|faint|p1a: Chansey
|
|upkeep
|
|t:|1656181000
|switch|p1a: Corviknight|Corviknight, M|41/100
|-damage|p1a: Corviknight|29/100|[from] Stealth Rock
|-ability|p1a: Corviknight|Pressure
|turn|29
|c| clflucker|wait are you bold or calm?
|j| DER STVRMER
|c| clflucker|I feel like that did way too much
|c|☆Highv0ltag3|no, hes modest
|
|t:|1656181022
|switch|p2a: Pelipper|Pelipper, M|70/100 brn
|-weather|RainDance|[from] ability: Drizzle|[of] p2a: Pelipper
|move|p1a: Corviknight|Roost|p1a: Corviknight
|-heal|p1a: Corviknight|78/100
|-singleturn|p1a: Corviknight|move: Roost
|
|-weather|RainDance|[upkeep]
|-damage|p2a: Pelipper|63/100 brn|[from] brn
|upkeep
|turn|30
|
|t:|1656181025
|move|p1a: Corviknight|Defog|p2a: Pelipper
|-unboost|p2a: Pelipper|evasion|1
|-sideend|p1: Highv0ltag3|Stealth Rock|[from] move: Defog|[of] p1a: Corviknight
|-fieldend|move: Psychic Terrain
|move|p2a: Pelipper|Scald|p1a: Corviknight
|-damage|p1a: Corviknight|40/100
|
|-weather|RainDance|[upkeep]
|-damage|p2a: Pelipper|57/100 brn|[from] brn
|upkeep
|turn|31
|
|t:|1656181029
|move|p1a: Corviknight|Roost|p1a: Corviknight
|-heal|p1a: Corviknight|90/100
|-singleturn|p1a: Corviknight|move: Roost
|move|p2a: Pelipper|U-turn|p1a: Corviknight
|-resisted|p1a: Corviknight
|-damage|p1a: Corviknight|88/100
|
|t:|1656181030
|switch|p2a: Seismitoad|Seismitoad, F|91/100|[from]move: U-turn
|
|-weather|RainDance|[upkeep]
|upkeep
|turn|32
|
|t:|1656181032
|move|p2a: Seismitoad|Weather Ball|p1a: Corviknight
|-damage|p1a: Corviknight|15/100
|-damage|p2a: Seismitoad|81/100|[from] item: Life Orb
|move|p1a: Corviknight|Iron Defense|p1a: Corviknight
|-boost|p1a: Corviknight|def|2
|
|-weather|RainDance|[upkeep]
|upkeep
|turn|33
|c| clflucker|ah, fair
|c|☆Highv0ltag3|yeah gg
|
|t:|1656181042
|switch|p1a: Toxapex|Toxapex, F|100/100 brn
|move|p2a: Seismitoad|Weather Ball|p1a: Toxapex
|-resisted|p1a: Toxapex
|-damage|p1a: Toxapex|65/100 brn
|-damage|p2a: Seismitoad|71/100|[from] item: Life Orb
|
|-weather|RainDance|[upkeep]
|-damage|p1a: Toxapex|58/100 brn|[from] brn
|upkeep
|turn|34
|
|t:|1656181047
|switch|p1a: Xatu|Xatu, M|100/100
|move|p2a: Seismitoad|Earth Power|p1a: Xatu
|-immune|p1a: Xatu
|
|-weather|RainDance|[upkeep]
|upkeep
|turn|35
|
|t:|1656181054
|switch|p2a: Tornadus|Tornadus-Therian, M|100/100 tox
|move|p1a: Xatu|Toxic|p2a: Tornadus
|-fail|p2a: Tornadus|tox
|
|-weather|RainDance|[upkeep]
|-damage|p2a: Tornadus|94/100 tox|[from] psn
|upkeep
|turn|36
|
|t:|1656181060
|move|p2a: Tornadus|Hurricane|p1a: Xatu
|-damage|p1a: Xatu|61/100
|-start|p1a: Xatu|confusion
|-activate|p1a: Xatu|confusion
|move|p1a: Xatu|Night Shade|p2a: Tornadus
|-damage|p2a: Tornadus|67/100 tox
|
|-weather|none
|-damage|p2a: Tornadus|55/100 tox|[from] psn
|upkeep
|turn|37
|
|t:|1656181063
|move|p2a: Tornadus|U-turn|p1a: Xatu
|-damage|p1a: Xatu|42/100
|
|t:|1656181072
|switch|p2a: Tapu Lele|Tapu Lele|100/100|[from]move: U-turn
|-fieldstart|move: Psychic Terrain|[from] ability: Psychic Surge|[of] p2a: Tapu Lele
|-activate|p1a: Xatu|confusion
|move|p1a: Xatu|Roost|p1a: Xatu
|-heal|p1a: Xatu|92/100
|-singleturn|p1a: Xatu|move: Roost
|
|upkeep
|turn|38
|
|t:|1656181074
|move|p2a: Tapu Lele|Psychic|p1a: Xatu
|-resisted|p1a: Xatu
|-damage|p1a: Xatu|44/100
|-end|p1a: Xatu|confusion
|move|p1a: Xatu|Toxic|p2a: Tapu Lele
|-status|p2a: Tapu Lele|tox
|
|-damage|p2a: Tapu Lele|94/100 tox|[from] psn
|upkeep
|turn|39
|
|t:|1656181079
|switch|p1a: Corviknight|Corviknight, M|15/100
|-ability|p1a: Corviknight|Pressure
|move|p2a: Tapu Lele|Psychic|p1a: Corviknight
|-resisted|p1a: Corviknight
|-damage|p1a: Corviknight|0 fnt
|faint|p1a: Corviknight
|
|-damage|p2a: Tapu Lele|82/100 tox|[from] psn
|upkeep
|
|t:|1656181080
|switch|p1a: Hippowdon|Hippowdon, F|90/100
|turn|40
|
|t:|1656181083
|switch|p2a: Pelipper|Pelipper, M|57/100 brn
|-weather|RainDance|[from] ability: Drizzle|[of] p2a: Pelipper
|move|p1a: Hippowdon|Slack Off|p1a: Hippowdon
|-heal|p1a: Hippowdon|100/100
|
|-weather|RainDance|[upkeep]
|-damage|p2a: Pelipper|51/100 brn|[from] brn
|upkeep
|turn|41
|
|t:|1656181087
|move|p2a: Pelipper|Roost|p2a: Pelipper
|-heal|p2a: Pelipper|100/100 brn
|-singleturn|p2a: Pelipper|move: Roost
|move|p1a: Hippowdon|Stealth Rock|p2a: Pelipper
|-sidestart|p2: gunk in ma troat|move: Stealth Rock
|
|-weather|RainDance|[upkeep]
|-damage|p2a: Pelipper|94/100 brn|[from] brn
|-fieldend|move: Psychic Terrain
|upkeep
|turn|42
|
|t:|1656181090
|switch|p1a: Toxapex|Toxapex, F|92/100 brn
|move|p2a: Pelipper|Defog|p1a: Toxapex
|-unboost|p1a: Toxapex|evasion|1
|-sideend|p2: gunk in ma troat|Stealth Rock|[from] move: Defog|[of] p2a: Pelipper
|
|-weather|RainDance|[upkeep]
|-damage|p2a: Pelipper|88/100 brn|[from] brn
|-damage|p1a: Toxapex|85/100 brn|[from] brn
|upkeep
|turn|43
|
|t:|1656181095
|move|p2a: Pelipper|U-turn|p1a: Toxapex
|-resisted|p1a: Toxapex
|-damage|p1a: Toxapex|84/100 brn
|
|t:|1656181096
|switch|p2a: Ferrothorn|Ferrothorn, F|72/100 brn|[from]move: U-turn
|move|p1a: Toxapex|Light Screen|p1a: Toxapex
|-sidestart|p1: Highv0ltag3|move: Light Screen
|
|-weather|RainDance|[upkeep]
|-damage|p1a: Toxapex|78/100 brn|[from] brn
|-damage|p2a: Ferrothorn|66/100 brn|[from] brn
|upkeep
|turn|44
|l| DER STVRMER
|
|t:|1656181107
|switch|p1a: Xatu|Xatu, M|44/100
|switch|p2a: Tornadus|Tornadus-Therian, M|88/100 tox
|
|-weather|RainDance|[upkeep]
|-damage|p2a: Tornadus|82/100 tox|[from] psn
|upkeep
|turn|45
|
|t:|1656181112
|move|p2a: Tornadus|U-turn|p1a: Xatu
|-damage|p1a: Xatu|23/100
|
|t:|1656181113
|switch|p2a: Barraskewda|Barraskewda, F|100/100|[from]move: U-turn
|move|p1a: Xatu|Roost|p1a: Xatu
|-heal|p1a: Xatu|73/100
|-singleturn|p1a: Xatu|move: Roost
|
|-weather|RainDance|[upkeep]
|upkeep
|turn|46
|
|t:|1656181117
|switch|p1a: Toxapex|Toxapex, F|100/100 brn
|move|p2a: Barraskewda|Flip Turn|p1a: Toxapex
|-resisted|p1a: Toxapex
|-damage|p1a: Toxapex|79/100 brn
|
|t:|1656181120
|switch|p2a: Tapu Lele|Tapu Lele|82/100 tox|[from]move: Flip Turn
|-fieldstart|move: Psychic Terrain|[from] ability: Psychic Surge|[of] p2a: Tapu Lele
|
|-weather|RainDance|[upkeep]
|-damage|p2a: Tapu Lele|76/100 tox|[from] psn
|-damage|p1a: Toxapex|73/100 brn|[from] brn
|upkeep
|turn|47
|
|t:|1656181125
|switch|p1a: Hippowdon|Hippowdon, F|100/100
|move|p2a: Tapu Lele|Psychic|p1a: Hippowdon
|-damage|p1a: Hippowdon|65/100
|
|-weather|none
|-heal|p1a: Hippowdon|71/100|[from] item: Leftovers
|-damage|p2a: Tapu Lele|64/100 tox|[from] psn
|-sideend|p1: Highv0ltag3|move: Light Screen
|upkeep
|turn|48
|c|☆Highv0ltag3|lol
|
|t:|1656181138
|switch|p2a: Barraskewda|Barraskewda, F|100/100
|move|p1a: Hippowdon|Earthquake|p2a: Barraskewda
|-damage|p2a: Barraskewda|33/100
|
|-heal|p1a: Hippowdon|77/100|[from] item: Leftovers
|upkeep
|turn|49
|c|☆Highv0ltag3|im max sps
|c| clflucker|:o
|
|t:|1656181148
|move|p2a: Barraskewda|Flip Turn|p1a: Hippowdon
|-supereffective|p1a: Hippowdon
|-damage|p1a: Hippowdon|8/100
|
|t:|1656181152
|switch|p2a: Pelipper|Pelipper, M|88/100 brn|[from]move: Flip Turn
|-weather|RainDance|[from] ability: Drizzle|[of] p2a: Pelipper
|move|p1a: Hippowdon|Slack Off|p1a: Hippowdon
|-heal|p1a: Hippowdon|58/100
|
|-weather|RainDance|[upkeep]
|-heal|p1a: Hippowdon|65/100|[from] item: Leftovers
|-damage|p2a: Pelipper|82/100 brn|[from] brn
|upkeep
|turn|50
|
|t:|1656181158
|move|p2a: Pelipper|Scald|p1a: Hippowdon
|-supereffective|p1a: Hippowdon
|-damage|p1a: Hippowdon|3/100
|move|p1a: Hippowdon|Slack Off|p1a: Hippowdon
|-heal|p1a: Hippowdon|53/100
|
|-weather|RainDance|[upkeep]
|-heal|p1a: Hippowdon|59/100|[from] item: Leftovers
|-damage|p2a: Pelipper|76/100 brn|[from] brn
|-fieldend|move: Psychic Terrain
|upkeep
|turn|51
|
|t:|1656181163
|move|p2a: Pelipper|U-turn|p1a: Hippowdon
|-damage|p1a: Hippowdon|56/100
|
|t:|1656181166
|switch|p2a: Barraskewda|Barraskewda, F|33/100|[from]move: U-turn
|move|p1a: Hippowdon|Slack Off|p1a: Hippowdon
|-heal|p1a: Hippowdon|100/100
|
|-weather|RainDance|[upkeep]
|upkeep
|turn|52
|
|t:|1656181175
|switch|p1a: Toxapex|Toxapex, F|100/100 brn
|move|p2a: Barraskewda|Liquidation|p1a: Toxapex
|-resisted|p1a: Toxapex
|-damage|p1a: Toxapex|69/100 brn
|-unboost|p1a: Toxapex|def|1
|
|-weather|RainDance|[upkeep]
|-damage|p1a: Toxapex|62/100 brn|[from] brn
|upkeep
|turn|53
|c|☆Highv0ltag3|is this guy stupid
|c| clflucker|bruh
|c|☆Highv0ltag3|flip into lele forced a kill
|c| clflucker|flip was free
|c| clflucker|yeah
|c|☆Highv0ltag3|lol
|c| clflucker|he might still choke
|
|t:|1656181206
|switch|p2a: Seismitoad|Seismitoad, F|71/100
|move|p1a: Toxapex|Scald|p2a: Seismitoad
|-damage|p2a: Seismitoad|42/100
|
|-weather|RainDance|[upkeep]
|-damage|p1a: Toxapex|56/100 brn|[from] brn
|upkeep
|turn|54
|c|☆Highv0ltag3|yeah
|
|t:|1656181221
|switch|p1a: Hippowdon|Hippowdon, F|100/100
|move|p2a: Seismitoad|Earth Power|p1a: Hippowdon
|-damage|p1a: Hippowdon|67/100
|-damage|p2a: Seismitoad|32/100|[from] item: Life Orb
|
|-weather|RainDance|[upkeep]
|-heal|p1a: Hippowdon|73/100|[from] item: Leftovers
|upkeep
|turn|55
|
|t:|1656181225
|switch|p1a: Toxapex|Toxapex, F|89/100 brn
|move|p2a: Seismitoad|Weather Ball|p1a: Toxapex
|-resisted|p1a: Toxapex
|-damage|p1a: Toxapex|57/100 brn
|-damage|p2a: Seismitoad|22/100|[from] item: Life Orb
|
|-weather|RainDance|[upkeep]
|-damage|p1a: Toxapex|51/100 brn|[from] brn
|upkeep
|turn|56
|
|t:|1656181233
|switch|p1a: Xatu|Xatu, M|73/100
|move|p2a: Seismitoad|Stealth Rock|p1a: Xatu
|move|p1a: Xatu|Stealth Rock|p2a: Seismitoad|[from]ability: Magic Bounce
|-sidestart|p2: gunk in ma troat|move: Stealth Rock
|
|-weather|none
|upkeep
|turn|57
|c| clflucker|lmao
|c|☆Highv0ltag3|lol
|c|☆Highv0ltag3|ez
|c| clflucker|he got every turn wrong
|c|☆Highv0ltag3|hes gonna choke again now
|
|t:|1656181253
|switch|p2a: Tornadus|Tornadus-Therian, M|100/100 tox
|-damage|p2a: Tornadus|76/100 tox|[from] Stealth Rock
|move|p1a: Xatu|Night Shade|p2a: Tornadus
|-damage|p2a: Tornadus|48/100 tox
|
|-damage|p2a: Tornadus|42/100 tox|[from] psn
|upkeep
|turn|58
|c|☆Highv0ltag3|watch
|
|t:|1656181257
|move|p2a: Tornadus|Hurricane|p1a: Xatu
|-damage|p1a: Xatu|28/100
|move|p1a: Xatu|Roost|p1a: Xatu
|-heal|p1a: Xatu|78/100
|-singleturn|p1a: Xatu|move: Roost
|
|-damage|p2a: Tornadus|30/100 tox|[from] psn
|upkeep
|turn|59
|
|t:|1656181260
|move|p2a: Tornadus|U-turn|p1a: Xatu
|-damage|p1a: Xatu|59/100
|
|t:|1656181262
|switch|p2a: Pelipper|Pelipper, M|76/100 brn|[from]move: U-turn
|-damage|p2a: Pelipper|51/100 brn|[from] Stealth Rock
|-weather|RainDance|[from] ability: Drizzle|[of] p2a: Pelipper
|move|p1a: Xatu|Night Shade|p2a: Pelipper
|-damage|p2a: Pelipper|20/100 brn
|
|-weather|RainDance|[upkeep]
|-damage|p2a: Pelipper|14/100 brn|[from] brn
|upkeep
|turn|60
|c|☆Highv0ltag3|LMAAAO
|c| clflucker|yup
|c| clflucker|geez
|
|t:|1656181277
|move|p1a: Xatu|Night Shade|p2a: Pelipper
|-damage|p2a: Pelipper|0 fnt
|faint|p2a: Pelipper
|
|-weather|RainDance|[upkeep]
|upkeep
|
|t:|1656181281
|switch|p2a: Barraskewda|Barraskewda, F|33/100
|-damage|p2a: Barraskewda|21/100|[from] Stealth Rock
|turn|61
|
|t:|1656181286
|switch|p1a: Toxapex|Toxapex, F|84/100 brn
|move|p2a: Barraskewda|Flip Turn|p1a: Toxapex
|-resisted|p1a: Toxapex
|-damage|p1a: Toxapex|62/100 brn
|
|t:|1656181288
|switch|p2a: Tapu Lele|Tapu Lele|64/100 tox|[from]move: Flip Turn
|-damage|p2a: Tapu Lele|52/100 tox|[from] Stealth Rock
|-fieldstart|move: Psychic Terrain|[from] ability: Psychic Surge|[of] p2a: Tapu Lele
|
|-weather|RainDance|[upkeep]
|-damage|p2a: Tapu Lele|46/100 tox|[from] psn
|-damage|p1a: Toxapex|56/100 brn|[from] brn
|upkeep
|turn|62
|
|t:|1656181291
|switch|p1a: Buzzwole|Buzzwole|81/100
|move|p2a: Tapu Lele|Psychic|p1a: Buzzwole
|-supereffective|p1a: Buzzwole
|-damage|p1a: Buzzwole|0 fnt
|faint|p1a: Buzzwole
|
|-weather|RainDance|[upkeep]
|-damage|p2a: Tapu Lele|34/100 tox|[from] psn
|upkeep
|
|t:|1656181293
|switch|p1a: Xatu|Xatu, M|59/100
|turn|63
|
|t:|1656181301
|switch|p2a: Seismitoad|Seismitoad, F|22/100
|-damage|p2a: Seismitoad|16/100|[from] Stealth Rock
|move|p1a: Xatu|Night Shade|p2a: Seismitoad
|-damage|p2a: Seismitoad|0 fnt
|faint|p2a: Seismitoad
|
|-weather|RainDance|[upkeep]
|upkeep
|
|t:|1656181303
|switch|p2a: Barraskewda|Barraskewda, F|21/100
|-damage|p2a: Barraskewda|8/100|[from] Stealth Rock
|turn|64
|
|t:|1656181306
|switch|p1a: Toxapex|Toxapex, F|89/100 brn
|move|p2a: Barraskewda|Flip Turn|p1a: Toxapex
|-resisted|p1a: Toxapex
|-damage|p1a: Toxapex|65/100 brn
|
|t:|1656181308
|switch|p2a: Tapu Lele|Tapu Lele|34/100 tox|[from]move: Flip Turn
|-damage|p2a: Tapu Lele|21/100 tox|[from] Stealth Rock
|
|-weather|RainDance|[upkeep]
|-damage|p2a: Tapu Lele|15/100 tox|[from] psn
|-damage|p1a: Toxapex|59/100 brn|[from] brn
|upkeep
|turn|65
|c| clflucker|incredible
|
|t:|1656181321
|switch|p1a: Hippowdon|Hippowdon, F|73/100
|move|p2a: Tapu Lele|Psychic|p1a: Hippowdon
|-damage|p1a: Hippowdon|2/100
|-unboost|p1a: Hippowdon|spd|1
|
|-weather|RainDance|[upkeep]
|-heal|p1a: Hippowdon|8/100|[from] item: Leftovers
|-damage|p2a: Tapu Lele|3/100 tox|[from] psn
|-fieldend|move: Psychic Terrain
|upkeep
|turn|66
|
|t:|1656181329
|move|p2a: Tapu Lele|Psychic|p1a: Hippowdon
|-damage|p1a: Hippowdon|0 fnt
|faint|p1a: Hippowdon
|
|-weather|none
|-damage|p2a: Tapu Lele|0 fnt|[from] psn
|faint|p2a: Tapu Lele
|upkeep
|
|t:|1656181343
|switch|p2a: Tornadus|Tornadus-Therian, M|63/100 tox
|switch|p1a: Xatu|Xatu, M|59/100
|-damage|p2a: Tornadus|38/100 tox|[from] Stealth Rock
|turn|67
|
|t:|1656181347
|move|p2a: Tornadus|Hurricane|p1a: Xatu
|-damage|p1a: Xatu|20/100
|move|p1a: Xatu|Roost|p1a: Xatu
|-heal|p1a: Xatu|70/100
|-singleturn|p1a: Xatu|move: Roost
|
|-damage|p2a: Tornadus|32/100 tox|[from] psn
|upkeep
|turn|68
|
|t:|1656181351
|move|p2a: Tornadus|Hurricane|p1a: Xatu|[miss]
|-miss|p2a: Tornadus|p1a: Xatu
|move|p1a: Xatu|Roost|p1a: Xatu
|-heal|p1a: Xatu|100/100
|-singleturn|p1a: Xatu|move: Roost
|
|-damage|p2a: Tornadus|20/100 tox|[from] psn
|upkeep
|turn|69
|
|t:|1656181355
|move|p2a: Tornadus|U-turn|p1a: Xatu
|-damage|p1a: Xatu|80/100
|
|t:|1656181356
|switch|p2a: Barraskewda|Barraskewda, F|8/100|[from]move: U-turn
|-damage|p2a: Barraskewda|0 fnt|[from] Stealth Rock
|faint|p2a: Barraskewda
|move|p1a: Xatu|Roost|p1a: Xatu
|-heal|p1a: Xatu|100/100
|-singleturn|p1a: Xatu|move: Roost
|
|upkeep
|
|t:|1656181358
|switch|p2a: Tornadus|Tornadus-Therian, M|53/100 tox
|-damage|p2a: Tornadus|28/100 tox|[from] Stealth Rock
|turn|70
|
|t:|1656181366
|switch|p1a: Toxapex|Toxapex, F|92/100 brn
|move|p2a: Tornadus|Hurricane|p1a: Toxapex
|-damage|p1a: Toxapex|60/100 brn
|
|-damage|p2a: Tornadus|22/100 tox|[from] psn
|-damage|p1a: Toxapex|54/100 brn|[from] brn
|upkeep
|turn|71
|
|t:|1656181370
|move|p2a: Tornadus|Hurricane|p1a: Toxapex|[miss]
|-miss|p2a: Tornadus|p1a: Toxapex
|move|p1a: Toxapex|Recover|p1a: Toxapex
|-heal|p1a: Toxapex|100/100 brn
|
|-damage|p2a: Tornadus|10/100 tox|[from] psn
|-damage|p1a: Toxapex|94/100 brn|[from] brn
|upkeep
|turn|72
|
|t:|1656181372
|move|p2a: Tornadus|U-turn|p1a: Toxapex
|-resisted|p1a: Toxapex
|-damage|p1a: Toxapex|90/100 brn
|
|t:|1656181374
|switch|p2a: Ferrothorn|Ferrothorn, F|66/100 brn|[from]move: U-turn
|-damage|p2a: Ferrothorn|60/100 brn|[from] Stealth Rock
|move|p1a: Toxapex|Scald|p2a: Ferrothorn
|-resisted|p2a: Ferrothorn
|-damage|p2a: Ferrothorn|53/100 brn
|
|-damage|p1a: Toxapex|84/100 brn|[from] brn
|-damage|p2a: Ferrothorn|48/100 brn|[from] brn
|upkeep
|turn|73
|
|t:|1656181380
|switch|p1a: Xatu|Xatu, M|100/100
|move|p2a: Ferrothorn|Knock Off|p1a: Xatu
|-supereffective|p1a: Xatu
|-damage|p1a: Xatu|81/100
|
|-damage|p2a: Ferrothorn|42/100 brn|[from] brn
|upkeep
|turn|74
|
|t:|1656181382
|move|p1a: Xatu|Night Shade|p2a: Ferrothorn
|-damage|p2a: Ferrothorn|13/100 brn
|move|p2a: Ferrothorn|Knock Off|p1a: Xatu
|-supereffective|p1a: Xatu
|-damage|p1a: Xatu|63/100
|
|-damage|p2a: Ferrothorn|7/100 brn|[from] brn
|upkeep
|turn|75
|
|t:|1656181385
|move|p1a: Xatu|Roost|p1a: Xatu
|-heal|p1a: Xatu|100/100
|-singleturn|p1a: Xatu|move: Roost
|move|p2a: Ferrothorn|Knock Off|p1a: Xatu
|-supereffective|p1a: Xatu
|-damage|p1a: Xatu|82/100
|
|-damage|p2a: Ferrothorn|1/100 brn|[from] brn
|upkeep
|turn|76
|
|t:|1656181388
|move|p1a: Xatu|Night Shade|p2a: Ferrothorn
|-damage|p2a: Ferrothorn|0 fnt
|faint|p2a: Ferrothorn
|
|upkeep
|
|t:|1656181389
|switch|p2a: Tornadus|Tornadus-Therian, M|43/100 tox
|-damage|p2a: Tornadus|18/100 tox|[from] Stealth Rock
|turn|77
|
|t:|1656181391
|move|p2a: Tornadus|Hurricane|p1a: Xatu
|-damage|p1a: Xatu|42/100
|move|p1a: Xatu|Roost|p1a: Xatu
|-heal|p1a: Xatu|92/100
|-singleturn|p1a: Xatu|move: Roost
|
|-damage|p2a: Tornadus|12/100 tox|[from] psn
|upkeep
|turn|78
|c|☆Highv0ltag3|gg
|
|t:|1656181396
|move|p2a: Tornadus|Hurricane|p1a: Xatu
|-damage|p1a: Xatu|49/100
|-start|p1a: Xatu|confusion
|-activate|p1a: Xatu|confusion
|move|p1a: Xatu|Thunder Wave||[still]
|-fail|p1a: Xatu
|
|-damage|p2a: Tornadus|0 fnt|[from] psn
|faint|p2a: Tornadus
|
|win|Highv0ltag3
|upkeep
|raw|Highv0ltag3's rating: 1867 &rarr; <strong>1884</strong><br />(+17 for winning)
|raw|gunk in ma troat's rating: 1814 &rarr; <strong>1797</strong><br />(-17 for losing)
|l|☆gunk in ma troat
|c|☆Highv0ltag3|t wave reveal
|c| clflucker|nice
|l| clflucker
||Ladder isn't responding, score probably updated but might not have (Request timeout).
