|j|☆ty-tyui↻
|j|☆ultimategoogolplex
|t:|1665338883
|gametype|singles
|player|p1|ty-tyui↻|kamado|1586
|player|p2|ultimategoogolplex|265|1582
|teamsize|p1|6
|teamsize|p2|6
|gen|8
|tier|[Gen 8] OU
|rated|
|rule|Sleep Clause Mod: Limit one foe put to sleep
|rule|Species Clause: Limit one of each Pokémon
|rule|OHKO Clause: OHKO moves are banned
|rule|Evasion Items Clause: Evasion items are banned
|rule|Evasion Moves Clause: Evasion moves are banned
|rule|Endless Battle Clause: Forcing endless battles is banned
|rule|HP Percentage Mod: HP is shown in percentages
|rule|Dynamax Clause: You cannot dynamax
|clearpoke
|poke|p1|Mienshao, F|
|poke|p1|Ninetales-Alola, F|
|poke|p1|Blacephalon|
|poke|p1|Landorus-Therian, M|
|poke|p1|Corviknight, F|
|poke|p1|Rotom-Wash|
|poke|p2|Urshifu-*, F|
|poke|p2|Dragapult, F|
|poke|p2|Slowking-Galar, F|
|poke|p2|Landorus-Therian, M|
|poke|p2|Corviknight, M|
|poke|p2|Zeraora|
|teampreview
|inactive|Battle timer is ON: inactive players will automatically lose when time's up. (requested by ultimategoogolplex)
|
|t:|1665338900
|start
|switch|p1a: Ninetales|Ninetales-Alola, F|100/100
|switch|p2a: Slowking|Slowking-Galar, F|100/100
|-weather|Hail|[from] ability: Snow Warning|[of] p1a: Ninetales
|turn|1
|
|t:|1665338907
|switch|p1a: Landorus|Landorus-Therian, M|100/100
|-ability|p1a: Landorus|Intimidate|boost
|-unboost|p2a: Slowking|atk|1
|move|p2a: Slowking|Sludge Bomb|p1a: Landorus
|-resisted|p1a: Landorus
|-damage|p1a: Landorus|86/100
|
|-weather|Hail|[upkeep]
|-damage|p1a: Landorus|80/100|[from] Hail
|-damage|p2a: Slowking|94/100|[from] Hail
|-heal|p1a: Landorus|86/100|[from] item: Leftovers
|upkeep
|turn|2
|
|t:|1665338917
|move|p1a: Landorus|Stealth Rock|p2a: Slowking
|-sidestart|p2: ultimategoogolplex|move: Stealth Rock
|move|p2a: Slowking|Ice Beam|p1a: Landorus
|-supereffective|p1a: Landorus
|-damage|p1a: Landorus|16/100
|
|-weather|Hail|[upkeep]
|-damage|p1a: Landorus|10/100|[from] Hail
|-damage|p2a: Slowking|88/100|[from] Hail
|-heal|p1a: Landorus|16/100|[from] item: Leftovers
|upkeep
|turn|3
|
|t:|1665338926
|switch|p1a: Blacephalon|Blacephalon, shiny|100/100
|switch|p2a: Landorus|Landorus-Therian, M|100/100
|-damage|p2a: Landorus|88/100|[from] Stealth Rock
|-ability|p2a: Landorus|Intimidate|boost
|-unboost|p1a: Blacephalon|atk|1
|
|-weather|Hail|[upkeep]
|-damage|p1a: Blacephalon|94/100|[from] Hail
|-damage|p2a: Landorus|82/100|[from] Hail
|-heal|p2a: Landorus|88/100|[from] item: Leftovers
|upkeep
|turn|4
|
|t:|1665338936
|switch|p1a: Rotom|Rotom-Wash|100/100
|move|p2a: Landorus|U-turn|p1a: Rotom
|-damage|p1a: Rotom|78/100
|
|t:|1665338944
|switch|p2a: Dragapult|Dragapult, F|100/100|[from]move: U-turn
|-damage|p2a: Dragapult|88/100|[from] Stealth Rock
|
|-weather|Hail|[upkeep]
|-damage|p2a: Dragapult|82/100|[from] Hail
|-damage|p1a: Rotom|72/100|[from] Hail
|-heal|p1a: Rotom|78/100|[from] item: Leftovers
|upkeep
|turn|5
|
|t:|1665338952
|move|p2a: Dragapult|Draco Meteor|p1a: Rotom
|-damage|p1a: Rotom|4/100
|-unboost|p2a: Dragapult|spa|2
|move|p1a: Rotom|Thunder Wave|p2a: Dragapult
|-status|p2a: Dragapult|par
|
|-weather|none
|-heal|p1a: Rotom|11/100|[from] item: Leftovers
|upkeep
|turn|6
|
|t:|1665338962
|switch|p2a: Slowking|Slowking-Galar, F|100/100
|-damage|p2a: Slowking|88/100|[from] Stealth Rock
|move|p1a: Rotom|Pain Split|p2a: Slowking
|-sethp|p2a: Slowking|48/100|[from] move: Pain Split|[silent]
|-sethp|p1a: Rotom|62/100|[from] move: Pain Split
|
|-heal|p1a: Rotom|69/100|[from] item: Leftovers
|upkeep
|turn|7
|
|t:|1665338972
|move|p1a: Rotom|Thunder Wave|p2a: Slowking
|-status|p2a: Slowking|par
|move|p2a: Slowking|Sludge Bomb|p1a: Rotom
|-damage|p1a: Rotom|35/100
|
|-heal|p1a: Rotom|41/100|[from] item: Leftovers
|upkeep
|turn|8
|
|t:|1665338979
|move|p1a: Rotom|Volt Switch|p2a: Slowking
|-damage|p2a: Slowking|38/100 par
|
|t:|1665338984
|switch|p1a: Corviknight|Corviknight, F|100/100|[from]move: Volt Switch
|-ability|p1a: Corviknight|Pressure
|move|p2a: Slowking|Sludge Bomb|p1a: Corviknight
|-immune|p1a: Corviknight
|
|upkeep
|turn|9
|
|t:|1665338992
|switch|p2a: Corviknight|Corviknight, M|100/100
|-damage|p2a: Corviknight|88/100|[from] Stealth Rock
|-ability|p2a: Corviknight|Pressure
|move|p1a: Corviknight|U-turn|p2a: Corviknight
|-resisted|p2a: Corviknight
|-damage|p2a: Corviknight|86/100
|-damage|p1a: Corviknight|84/100|[from] item: Rocky Helmet|[of] p2a: Corviknight
|
|t:|1665338998
|switch|p1a: Blacephalon|Blacephalon, shiny|94/100|[from]move: U-turn
|
|upkeep
|turn|10
|
|t:|1665339007
|move|p1a: Blacephalon|Flamethrower|p2a: Corviknight
|-supereffective|p2a: Corviknight
|-damage|p2a: Corviknight|0 fnt
|faint|p2a: Corviknight
|-ability|p1a: Blacephalon|Beast Boost|boost
|-boost|p1a: Blacephalon|spa|1
|
|upkeep
|
|t:|1665339013
|switch|p2a: Zeraora|Zeraora|100/100
|turn|11
|
|t:|1665339017
|move|p1a: Blacephalon|Flamethrower|p2a: Zeraora
|-damage|p2a: Zeraora|6/100
|move|p2a: Zeraora|Knock Off|p1a: Blacephalon
|-supereffective|p1a: Blacephalon
|-damage|p1a: Blacephalon|0 fnt
|-enditem|p1a: Blacephalon|Choice Scarf|[from] move: Knock Off|[of] p2a: Zeraora
|faint|p1a: Blacephalon
|
|upkeep
|
|t:|1665339035
|switch|p1a: Corviknight|Corviknight, F|84/100
|-ability|p1a: Corviknight|Pressure
|turn|12
|
|t:|1665339040
|switch|p2a: Landorus|Landorus-Therian, M|88/100
|-damage|p2a: Landorus|76/100|[from] Stealth Rock
|-ability|p2a: Landorus|Intimidate|boost
|-unboost|p1a: Corviknight|atk|1
|switch|p1a: Landorus|Landorus-Therian, M|16/100
|-ability|p1a: Landorus|Intimidate|boost
|-unboost|p2a: Landorus|atk|1
|
|-heal|p2a: Landorus|82/100|[from] item: Leftovers
|-heal|p1a: Landorus|22/100|[from] item: Leftovers
|upkeep
|turn|13
|
|t:|1665339051
|switch|p1a: Corviknight|Corviknight, F|84/100
|-ability|p1a: Corviknight|Pressure
|move|p2a: Landorus|Stealth Rock|p1a: Corviknight
|-sidestart|p1: ty-tyui↻|move: Stealth Rock
|
|-heal|p2a: Landorus|88/100|[from] item: Leftovers
|-heal|p1a: Corviknight|90/100|[from] item: Leftovers
|upkeep
|turn|14
|
|t:|1665339059
|move|p2a: Landorus|U-turn|p1a: Corviknight
|-resisted|p1a: Corviknight
|-damage|p1a: Corviknight|88/100
|
|t:|1665339063
|switch|p2a: Slowking|Slowking-Galar, F|71/100 par|[from]move: U-turn
|-damage|p2a: Slowking|59/100 par|[from] Stealth Rock
|move|p1a: Corviknight|Defog|p2a: Slowking
|-unboost|p2a: Slowking|evasion|1
|-sideend|p2: ultimategoogolplex|Stealth Rock|[from] move: Defog|[of] p1a: Corviknight
|-sideend|p1: ty-tyui↻|Stealth Rock|[from] move: Defog|[of] p1a: Corviknight
|
|-heal|p1a: Corviknight|94/100|[from] item: Leftovers
|upkeep
|turn|15
|
|t:|1665339072
|move|p1a: Corviknight|U-turn|p2a: Slowking
|-damage|p2a: Slowking|43/100 par
|
|t:|1665339074
|switch|p1a: Mienshao|Mienshao, F, shiny|100/100|[from]move: U-turn
|move|p2a: Slowking|Sludge Bomb|p1a: Mienshao
|-damage|p1a: Mienshao|32/100
|
|upkeep
|turn|16
|
|t:|1665339082
|switch|p2a: Landorus|Landorus-Therian, M|88/100
|-ability|p2a: Landorus|Intimidate|boost
|-unboost|p1a: Mienshao|atk|1
|move|p1a: Mienshao|Knock Off|p2a: Landorus
|-damage|p2a: Landorus|68/100
|-enditem|p2a: Landorus|Leftovers|[from] move: Knock Off|[of] p1a: Mienshao
|-damage|p1a: Mienshao|22/100|[from] item: Life Orb
|
|upkeep
|turn|17
|
|t:|1665339091
|move|p1a: Mienshao|U-turn|p2a: Landorus
|-resisted|p2a: Landorus
|-damage|p2a: Landorus|60/100
|-damage|p1a: Mienshao|12/100|[from] item: Life Orb
|
|t:|1665339093
|switch|p1a: Landorus|Landorus-Therian, M|22/100|[from]move: U-turn
|-ability|p1a: Landorus|Intimidate|boost
|-unboost|p2a: Landorus|atk|1
|move|p2a: Landorus|U-turn|p1a: Landorus
|-resisted|p1a: Landorus
|-damage|p1a: Landorus|15/100
|
|t:|1665339101
|switch|p2a: Urshifu|Urshifu-Rapid-Strike, F|100/100|[from]move: U-turn
|
|-heal|p1a: Landorus|21/100|[from] item: Leftovers
|upkeep
|turn|18
|
|t:|1665339115
|move|p2a: Urshifu|Close Combat|p1a: Landorus
|-resisted|p1a: Landorus
|-damage|p1a: Landorus|0 fnt
|-unboost|p2a: Urshifu|def|1
|-unboost|p2a: Urshifu|spd|1
|faint|p1a: Landorus
|
|upkeep
|
|t:|1665339123
|switch|p1a: Ninetales|Ninetales-Alola, F|100/100
|-weather|Hail|[from] ability: Snow Warning|[of] p1a: Ninetales
|turn|19
|
|t:|1665339129
|switch|p2a: Slowking|Slowking-Galar, F|76/100 par
|move|p1a: Ninetales|Blizzard|p2a: Slowking
|-damage|p2a: Slowking|49/100 par
|
|-weather|Hail|[upkeep]
|-damage|p2a: Slowking|43/100 par|[from] Hail
|upkeep
|turn|20
|
|t:|1665339136
|switch|p1a: Corviknight|Corviknight, F|94/100
|-ability|p1a: Corviknight|Pressure
|cant|p2a: Slowking|par
|
|-weather|Hail|[upkeep]
|-damage|p1a: Corviknight|88/100|[from] Hail
|-damage|p2a: Slowking|37/100 par|[from] Hail
|-heal|p1a: Corviknight|94/100|[from] item: Leftovers
|upkeep
|turn|21
|
|t:|1665339151
|switch|p2a: Landorus|Landorus-Therian, M|60/100
|-ability|p2a: Landorus|Intimidate|boost
|-unboost|p1a: Corviknight|atk|1
|move|p1a: Corviknight|Brave Bird|p2a: Landorus
|-damage|p2a: Landorus|41/100
|-damage|p1a: Corviknight|88/100|[from] Recoil
|
|-weather|Hail|[upkeep]
|-damage|p2a: Landorus|35/100|[from] Hail
|-damage|p1a: Corviknight|82/100|[from] Hail
|-heal|p1a: Corviknight|88/100|[from] item: Leftovers
|upkeep
|turn|22
|
|t:|1665339163
|move|p2a: Landorus|U-turn|p1a: Corviknight
|-resisted|p1a: Corviknight
|-damage|p1a: Corviknight|84/100
|
|t:|1665339166
|switch|p2a: Zeraora|Zeraora|6/100|[from]move: U-turn
|move|p1a: Corviknight|Brave Bird|p2a: Zeraora
|-resisted|p2a: Zeraora
|-damage|p2a: Zeraora|0 fnt
|faint|p2a: Zeraora
|-damage|p1a: Corviknight|82/100|[from] Recoil
|
|-weather|Hail|[upkeep]
|-damage|p1a: Corviknight|76/100|[from] Hail
|-heal|p1a: Corviknight|82/100|[from] item: Leftovers
|upkeep
|c|☆ty-tyui↻|?
|
|t:|1665339180
|switch|p2a: Dragapult|Dragapult, F|82/100 par
|turn|23
|
|t:|1665339186
|move|p2a: Dragapult|Flamethrower|p1a: Corviknight
|-supereffective|p1a: Corviknight
|-damage|p1a: Corviknight|19/100
|move|p1a: Corviknight|U-turn|p2a: Dragapult
|-resisted|p2a: Dragapult
|-damage|p2a: Dragapult|76/100 par
|
|t:|1665339192
|switch|p1a: Mienshao|Mienshao, F, shiny|45/100|[from]move: U-turn
|
|-weather|none
|upkeep
|turn|24
|
|t:|1665339199
|switch|p2a: Landorus|Landorus-Therian, M|35/100
|-ability|p2a: Landorus|Intimidate|boost
|-unboost|p1a: Mienshao|atk|1
|move|p1a: Mienshao|Knock Off|p2a: Landorus
|-damage|p2a: Landorus|21/100
|-damage|p1a: Mienshao|35/100|[from] item: Life Orb
|
|upkeep
|turn|25
|
|t:|1665339206
|move|p1a: Mienshao|U-turn|p2a: Landorus
|-resisted|p2a: Landorus
|-damage|p2a: Landorus|14/100
|-damage|p1a: Mienshao|25/100|[from] item: Life Orb
|
|t:|1665339210
|switch|p1a: Corviknight|Corviknight, F|19/100|[from]move: U-turn
|-ability|p1a: Corviknight|Pressure
|move|p2a: Landorus|U-turn|p1a: Corviknight
|-resisted|p1a: Corviknight
|-damage|p1a: Corviknight|16/100
|
|t:|1665339217
|switch|p2a: Urshifu|Urshifu-Rapid-Strike, F|100/100|[from]move: U-turn
|
|-heal|p1a: Corviknight|22/100|[from] item: Leftovers
|upkeep
|turn|26
|
|t:|1665339221
|move|p2a: Urshifu|Close Combat|p1a: Corviknight
|-damage|p1a: Corviknight|0 fnt
|-unboost|p2a: Urshifu|def|1
|-unboost|p2a: Urshifu|spd|1
|faint|p1a: Corviknight
|
|upkeep
|
|t:|1665339250
|switch|p1a: Mienshao|Mienshao, F, shiny|58/100
|turn|27
|
|t:|1665339255
|switch|p2a: Landorus|Landorus-Therian, M|14/100
|-ability|p2a: Landorus|Intimidate|boost
|-unboost|p1a: Mienshao|atk|1
|move|p1a: Mienshao|Close Combat|p2a: Landorus
|-resisted|p2a: Landorus
|-damage|p2a: Landorus|0 fnt
|-unboost|p1a: Mienshao|def|1
|-unboost|p1a: Mienshao|spd|1
|faint|p2a: Landorus
|-damage|p1a: Mienshao|48/100|[from] item: Life Orb
|
|upkeep
|
|t:|1665339265
|switch|p2a: Urshifu|Urshifu-Rapid-Strike, F|100/100
|turn|28
|
|t:|1665339270
|switch|p1a: Rotom|Rotom-Wash|41/100
|move|p2a: Urshifu|Close Combat|p1a: Rotom
|-damage|p1a: Rotom|0 fnt
|-unboost|p2a: Urshifu|def|1
|-unboost|p2a: Urshifu|spd|1
|faint|p1a: Rotom
|
|upkeep
|
|t:|1665339274
|switch|p1a: Mienshao|Mienshao, F, shiny|82/100
|turn|29
|
|t:|1665339283
|switch|p2a: Dragapult|Dragapult, F|76/100 par
|move|p1a: Mienshao|Close Combat|p2a: Dragapult
|-immune|p2a: Dragapult
|
|upkeep
|turn|30
|
|t:|1665339290
|move|p1a: Mienshao|Knock Off|p2a: Dragapult
|-supereffective|p2a: Dragapult
|-damage|p2a: Dragapult|0 fnt
|-enditem|p2a: Dragapult|Choice Specs|[from] move: Knock Off|[of] p1a: Mienshao
|faint|p2a: Dragapult
|-damage|p1a: Mienshao|72/100|[from] item: Life Orb
|
|upkeep
|
|t:|1665339296
|switch|p2a: Urshifu|Urshifu-Rapid-Strike, F|100/100
|turn|31
|
|t:|1665339305
|move|p1a: Mienshao|U-turn|p2a: Urshifu
|-resisted|p2a: Urshifu
|-damage|p2a: Urshifu|84/100
|-damage|p1a: Mienshao|62/100|[from] item: Life Orb
|
|t:|1665339307
|switch|p1a: Ninetales|Ninetales-Alola, F|100/100|[from]move: U-turn
|-weather|Hail|[from] ability: Snow Warning|[of] p1a: Ninetales
|move|p2a: Urshifu|Close Combat|p1a: Ninetales
|-damage|p1a: Ninetales|0 fnt
|-unboost|p2a: Urshifu|def|1
|-unboost|p2a: Urshifu|spd|1
|faint|p1a: Ninetales
|
|-weather|Hail|[upkeep]
|-damage|p2a: Urshifu|78/100|[from] Hail
|upkeep
|
|t:|1665339310
|switch|p1a: Mienshao|Mienshao, F, shiny|95/100
|turn|32
|
|t:|1665339321
|switch|p2a: Slowking|Slowking-Galar, F|70/100 par
|move|p1a: Mienshao|Knock Off|p2a: Slowking
|-supereffective|p2a: Slowking
|-damage|p2a: Slowking|0 fnt
|-enditem|p2a: Slowking|Assault Vest|[from] move: Knock Off|[of] p1a: Mienshao
|faint|p2a: Slowking
|-damage|p1a: Mienshao|85/100|[from] item: Life Orb
|
|-weather|Hail|[upkeep]
|-damage|p1a: Mienshao|79/100|[from] Hail
|upkeep
|
|t:|1665339331
|switch|p2a: Urshifu|Urshifu-Rapid-Strike, F|78/100
|turn|33
|
|t:|1665339334
|move|p1a: Mienshao|Close Combat|p2a: Urshifu
|-damage|p2a: Urshifu|2/100
|-unboost|p1a: Mienshao|def|1
|-unboost|p1a: Mienshao|spd|1
|-damage|p1a: Mienshao|69/100|[from] item: Life Orb
|move|p2a: Urshifu|Close Combat|p1a: Mienshao
|-damage|p1a: Mienshao|0 fnt
|-unboost|p2a: Urshifu|def|1
|-unboost|p2a: Urshifu|spd|1
|faint|p1a: Mienshao
|
|win|ultimategoogolplex
|raw|ty-tyui↻'s rating: 1586 &rarr; <strong>1566</strong><br />(-20 for losing)
|raw|ultimategoogolplex's rating: 1582 &rarr; <strong>1602</strong><br />(+20 for winning)
