|j|☆LT92PF Eule
|j|☆HOF69
|t:|1660252289
|gametype|singles
|player|p1|LT92PF Eule|roxie|1779
|player|p2|HOF69|red|1826
|teamsize|p1|6
|teamsize|p2|6
|gen|8
|tier|[Gen 8] OU
|rated|
|rule|Sleep Clause Mod: Limit one foe put to sleep
|rule|Species Clause: Limit one of each Pokémon
|rule|OHKO Clause: OHKO moves are banned
|rule|Evasion Items Clause: Evasion items are banned
|rule|Evasion Moves Clause: Evasion moves are banned
|rule|Endless Battle Clause: Forcing endless battles is banned
|rule|HP Percentage Mod: HP is shown in percentages
|rule|Dynamax Clause: You cannot dynamax
|clearpoke
|poke|p1|Weavile, M|
|poke|p1|Polteageist|
|poke|p1|Kartana|
|poke|p1|Cobalion|
|poke|p1|Garchomp, M|
|poke|p1|Rillaboom, M|
|poke|p2|Blacephalon|
|poke|p2|Gengar, M|
|poke|p2|Landorus-Therian, M|
|poke|p2|Krookodile, M|
|poke|p2|Tapu Lele|
|poke|p2|Kartana|
|teampreview
|
|t:|1660252292
|start
|switch|p1a: Cobalion|Cobalion|100/100
|switch|p2a: Krookodile|Krookodile, M|100/100
|-ability|p2a: Krookodile|Intimidate|boost
|-unboost|p1a: Cobalion|atk|1
|turn|1
|j| Chiwis Del Norte
|
|t:|1660252304
|move|p1a: Cobalion|Taunt|p2a: Krookodile
|-start|p2a: Krookodile|move: Taunt
|cant|p2a: Krookodile|move: Taunt|Stealth Rock
|
|upkeep
|turn|2
|
|t:|1660252307
|move|p1a: Cobalion|Stealth Rock|p2a: Krookodile
|-sidestart|p2: HOF69|move: Stealth Rock
|move|p2a: Krookodile|Earthquake|p1a: Cobalion
|-supereffective|p1a: Cobalion
|-damage|p1a: Cobalion|16/100
|
|upkeep
|turn|3
|inactive|Battle timer is ON: inactive players will automatically lose when time's up. (requested by LT92PF Eule)
|
|t:|1660252320
|move|p1a: Cobalion|Steel Beam|p2a: Krookodile
|-damage|p2a: Krookodile|22/100
|-damage|p1a: Cobalion|0 fnt|[from] mindblown
|faint|p1a: Cobalion
|move|p2a: Krookodile|Earthquake|p1: Cobalion|[notarget]
|-fail|p2a: Krookodile
|
|-end|p2a: Krookodile|move: Taunt
|upkeep
|
|t:|1660252326
|switch|p1a: Polteageist|Polteageist|100/100
|turn|4
|
|t:|1660252328
|move|p2a: Krookodile|Taunt|p1a: Polteageist
|-start|p1a: Polteageist|move: Taunt
|cant|p1a: Polteageist|move: Taunt|Shell Smash
|
|upkeep
|turn|5
|
|t:|1660252331
|move|p2a: Krookodile|Stealth Rock|p1a: Polteageist
|-sidestart|p1: LT92PF Eule|move: Stealth Rock
|move|p1a: Polteageist|Giga Drain|p2a: Krookodile
|-supereffective|p2a: Krookodile
|-damage|p2a: Krookodile|0 fnt
|faint|p2a: Krookodile
|
|upkeep
|
|t:|1660252352
|switch|p2a: Gengar|Gengar, M, shiny|100/100
|-damage|p2a: Gengar|88/100|[from] Stealth Rock
|turn|6
|
|t:|1660252358
|move|p2a: Gengar|Shadow Ball|p1a: Polteageist
|-supereffective|p1a: Polteageist
|-damage|p1a: Polteageist|10/100
|move|p1a: Polteageist|Shadow Ball|p2a: Gengar
|-supereffective|p2a: Gengar
|-damage|p2a: Gengar|0 fnt
|faint|p2a: Gengar
|
|-end|p1a: Polteageist|move: Taunt
|upkeep
|
|t:|1660252367
|switch|p2a: Kartana|Kartana|100/100
|-damage|p2a: Kartana|94/100|[from] Stealth Rock
|turn|7
|
|t:|1660252371
|move|p2a: Kartana|Knock Off|p1a: Polteageist
|-supereffective|p1a: Polteageist
|-damage|p1a: Polteageist|0 fnt
|-enditem|p1a: Polteageist|Focus Sash|[from] move: Knock Off|[of] p2a: Kartana
|faint|p1a: Polteageist
|-ability|p2a: Kartana|Beast Boost|boost
|-boost|p2a: Kartana|atk|1
|
|upkeep
|
|t:|1660252383
|switch|p1a: Weavile|Weavile, M|100/100
|-damage|p1a: Weavile|76/100|[from] Stealth Rock
|turn|8
|
|t:|1660252385
|move|p1a: Weavile|Knock Off|p2a: Kartana
|-damage|p2a: Kartana|32/100
|-enditem|p2a: Kartana|Protective Pads|[from] move: Knock Off|[of] p1a: Weavile
|-damage|p1a: Weavile|66/100|[from] item: Life Orb
|move|p2a: Kartana|Sacred Sword|p1a: Weavile
|-supereffective|p1a: Weavile
|-damage|p1a: Weavile|0 fnt
|faint|p1a: Weavile
|-ability|p2a: Kartana|Beast Boost|boost
|-boost|p2a: Kartana|atk|1
|
|upkeep
|
|t:|1660252388
|switch|p1a: Kartana|Kartana|100/100
|-damage|p1a: Kartana|94/100|[from] Stealth Rock
|turn|9
|j| teambuildr
|
|t:|1660252399
|switch|p2a: Landorus|Landorus-Therian, M|100/100
|-damage|p2a: Landorus|88/100|[from] Stealth Rock
|-ability|p2a: Landorus|Intimidate|boost
|-unboost|p1a: Kartana|atk|1
|move|p1a: Kartana|Sacred Sword|p2a: Landorus
|-resisted|p2a: Landorus
|-damage|p2a: Landorus|76/100
|
|upkeep
|turn|10
|
|t:|1660252403
|switch|p1a: Rillaboom|Rillaboom, M|100/100
|-damage|p1a: Rillaboom|88/100|[from] Stealth Rock
|-fieldstart|move: Grassy Terrain|[from] ability: Grassy Surge|[of] p1a: Rillaboom
|move|p2a: Landorus|U-turn|p1a: Rillaboom
|-supereffective|p1a: Rillaboom
|-damage|p1a: Rillaboom|42/100
|
|t:|1660252406
|switch|p2a: Kartana|Kartana|32/100|[from]move: U-turn
|-damage|p2a: Kartana|26/100|[from] Stealth Rock
|
|-heal|p2a: Kartana|32/100|[from] Grassy Terrain
|-heal|p1a: Rillaboom|48/100|[from] Grassy Terrain
|upkeep
|turn|11
|
|t:|1660252412
|move|p2a: Kartana|Knock Off|p1a: Rillaboom
|-damage|p1a: Rillaboom|8/100
|-enditem|p1a: Rillaboom|Life Orb|[from] move: Knock Off|[of] p2a: Kartana
|move|p1a: Rillaboom|Knock Off|p2a: Kartana
|-damage|p2a: Kartana|8/100
|
|-heal|p2a: Kartana|14/100|[from] Grassy Terrain
|-heal|p1a: Rillaboom|14/100|[from] Grassy Terrain
|upkeep
|turn|12
|j| Lunarr
|
|t:|1660252420
|move|p1a: Rillaboom|Grassy Glide|p2a: Kartana
|-resisted|p2a: Kartana
|-damage|p2a: Kartana|2/100
|move|p2a: Kartana|Knock Off|p1a: Rillaboom
|-damage|p1a: Rillaboom|0 fnt
|faint|p1a: Rillaboom
|-ability|p2a: Kartana|Beast Boost|boost
|-boost|p2a: Kartana|atk|1
|
|-heal|p2a: Kartana|8/100|[from] Grassy Terrain
|upkeep
|
|t:|1660252422
|switch|p1a: Kartana|Kartana|94/100
|-damage|p1a: Kartana|88/100|[from] Stealth Rock
|turn|13
|
|t:|1660252430
|switch|p2a: Landorus|Landorus-Therian, M|76/100
|-damage|p2a: Landorus|63/100|[from] Stealth Rock
|-ability|p2a: Landorus|Intimidate|boost
|-unboost|p1a: Kartana|atk|1
|move|p1a: Kartana|Leaf Blade|p2a: Landorus
|-damage|p2a: Landorus|10/100
|
|-heal|p1a: Kartana|94/100|[from] Grassy Terrain
|upkeep
|turn|14
|
|t:|1660252439
|switch|p2a: Kartana|Kartana|8/100
|-damage|p2a: Kartana|2/100|[from] Stealth Rock
|move|p1a: Kartana|Leaf Blade|p2a: Kartana
|-resisted|p2a: Kartana
|-damage|p2a: Kartana|0 fnt
|faint|p2a: Kartana
|-ability|p1a: Kartana|Beast Boost|boost
|-boost|p1a: Kartana|atk|1
|
|-heal|p1a: Kartana|100/100|[from] Grassy Terrain
|-fieldend|move: Grassy Terrain
|upkeep
|
|t:|1660252450
|switch|p2a: Blacephalon|Blacephalon|100/100
|-damage|p2a: Blacephalon|76/100|[from] Stealth Rock
|turn|15
|
|t:|1660252453
|switch|p1a: Garchomp|Garchomp, M|100/100
|-damage|p1a: Garchomp|94/100|[from] Stealth Rock
|move|p2a: Blacephalon|Shadow Ball|p1a: Garchomp
|-damage|p1a: Garchomp|41/100
|
|upkeep
|turn|16
|
|t:|1660252455
|move|p2a: Blacephalon|Shadow Ball|p1a: Garchomp
|-damage|p1a: Garchomp|0 fnt
|faint|p1a: Garchomp
|-ability|p2a: Blacephalon|Beast Boost|boost
|-boost|p2a: Blacephalon|spa|1
|
|upkeep
|j| irgendwasmitmeeem
|
|t:|1660252475
|switch|p1a: Kartana|Kartana|100/100
|-damage|p1a: Kartana|94/100|[from] Stealth Rock
|turn|17
|
|t:|1660252477
|move|p1a: Kartana|Knock Off|p2a: Blacephalon
|-supereffective|p2a: Blacephalon
|-damage|p2a: Blacephalon|0 fnt
|-enditem|p2a: Blacephalon|Choice Scarf|[from] move: Knock Off|[of] p1a: Kartana
|faint|p2a: Blacephalon
|-ability|p1a: Kartana|Beast Boost|boost
|-boost|p1a: Kartana|atk|1
|
|upkeep
|
|t:|1660252482
|switch|p2a: Tapu Lele|Tapu Lele|100/100
|-damage|p2a: Tapu Lele|88/100|[from] Stealth Rock
|-fieldstart|move: Psychic Terrain|[from] ability: Psychic Surge|[of] p2a: Tapu Lele
|turn|18
|
|t:|1660252484
|move|p1a: Kartana|Knock Off|p2a: Tapu Lele
|-damage|p2a: Tapu Lele|0 fnt
|-enditem|p2a: Tapu Lele|Twisted Spoon|[from] move: Knock Off|[of] p1a: Kartana
|faint|p2a: Tapu Lele
|-ability|p1a: Kartana|Beast Boost|boost
|-boost|p1a: Kartana|atk|1
|
|upkeep
|-message|HOF69 forfeited.
|
|win|LT92PF Eule
|raw|LT92PF Eule's rating: 1779 &rarr; <strong>1802</strong><br />(+23 for winning)
|raw|HOF69's rating: 1826 &rarr; <strong>1803</strong><br />(-23 for losing)
|l|☆HOF69
|l|☆LT92PF Eule
|l| irgendwasmitmeeem
|j| chokst du
