|raw|<div class="broadcast-blue"><strong>This battle is required to be public due to a player having a name starting with 'LT74PF'.</div>
|j|☆isheavydead
|j|☆LT74PF Mob
|t:|1599279048
|player|p1|isheavydead|2|1872
|player|p2|LT74PF Mob|blue-gen2|1812
|teamsize|p1|6
|teamsize|p2|6
|gametype|singles
|gen|8
|tier|[Gen 8] OU
|rated|
|clearpoke
|poke|p1|Haxorus, M|
|poke|p1|Volcarona, F|
|poke|p1|Ninetales-Alola, M|
|poke|p1|Excadrill, F|
|poke|p1|Urshifu-*, F|
|poke|p1|Azumarill, F|
|poke|p2|Clefable, M|
|poke|p2|Toxtricity, F|
|poke|p2|Volcarona, F|
|poke|p2|Urshifu-*, M|
|poke|p2|Rhyperior, M|
|poke|p2|Rillaboom, F|
|rule|Sleep Clause Mod: Limit one foe put to sleep
|rule|Species Clause: Limit one of each Pokémon
|rule|OHKO Clause: OHKO moves are banned
|rule|Evasion Moves Clause: Evasion moves are banned
|rule|Endless Battle Clause: Forcing endless battles is banned
|rule|HP Percentage Mod: HP is shown in percentages
|rule|Dynamax Clause: You cannot dynamax
|teampreview
|j| Akinwins
|inactive|Battle timer is ON: inactive players will automatically lose when time's up. (requested by isheavydead)
|j| egalvanc
|j| enigmachasm
|j| Tace㋛
|j| Coach Jones 6fifth
|
|t:|1599279067
|start
|switch|p1a: Excadrill|Excadrill, F, shiny|100/100
|switch|p2a: Bape|Rillaboom, F|100/100
|-ability|p1a: Excadrill|Mold Breaker
|-fieldstart|move: Grassy Terrain|[from] ability: Grassy Surge|[of] p2a: Bape
|turn|1
|l| enigmachasm
|
|t:|1599279070
|move|p1a: Excadrill|Stealth Rock|p2a: Bape
|-sidestart|p2: LT74PF Mob|move: Stealth Rock
|move|p2a: Bape|U-turn|p1a: Excadrill
|-resisted|p1a: Excadrill
|-damage|p1a: Excadrill|73/100
|j| noahvr
|j| enigmachasm
|
|t:|1599279078
|switch|p2a: Ultra Instinct|Urshifu, M|100/100|[from]move: U-turn
|-damage|p2a: Ultra Instinct|94/100|[from] Stealth Rock
|
|-heal|p2a: Ultra Instinct|100/100|[from] Grassy Terrain
|-heal|p1a: Excadrill|79/100|[from] Grassy Terrain
|upkeep
|turn|2
|j| Yugizx
|
|t:|1599279083
|move|p2a: Ultra Instinct|Wicked Blow|p1a: Excadrill
|-crit|p1a: Excadrill
|-damage|p1a: Excadrill|0 fnt
|-damage|p2a: Ultra Instinct|91/100|[from] item: Life Orb
|faint|p1a: Excadrill
|
|-heal|p2a: Ultra Instinct|97/100|[from] Grassy Terrain
|upkeep
|
|t:|1599279088
|switch|p1a: Ninetales|Ninetales-Alola, M, shiny|100/100
|-weather|Hail|[from] ability: Snow Warning|[of] p1a: Ninetales
|turn|3
|
|t:|1599279090
|move|p1a: Ninetales|Moonblast|p2a: Ultra Instinct
|-supereffective|p2a: Ultra Instinct
|-damage|p2a: Ultra Instinct|0 fnt
|faint|p2a: Ultra Instinct
|
|-weather|Hail|[upkeep]
|upkeep
|j| theo mani fan club
|j| lt74pf din
|
|t:|1599279110
|switch|p2a: Majin|Clefable, M|100/100
|turn|4
|
|t:|1599279113
|move|p1a: Ninetales|Aurora Veil|p1a: Ninetales
|-sidestart|p1: isheavydead|move: Aurora Veil
|move|p2a: Majin|Stealth Rock|p1a: Ninetales
|-sidestart|p1: isheavydead|move: Stealth Rock
|
|-weather|Hail|[upkeep]
|upkeep
|turn|5
|j| thesupercooldude
|
|t:|1599279118
|move|p1a: Ninetales|Encore|p2a: Majin
|-start|p2a: Majin|Encore
|move|p2a: Majin|Stealth Rock||[still]
|-fail|p2a: Majin
|
|-weather|Hail|[upkeep]
|-fieldend|move: Grassy Terrain
|upkeep
|turn|6
|
|t:|1599279126
|switch|p1a: Haxorus|Haxorus, M, shiny|100/100
|-damage|p1a: Haxorus|88/100|[from] Stealth Rock
|-ability|p1a: Haxorus|Mold Breaker
|switch|p2a: Interior Decorator|Rhyperior, M|100/100
|-damage|p2a: Interior Decorator|94/100|[from] Stealth Rock
|
|-weather|Hail|[upkeep]
|-damage|p1a: Haxorus|82/100|[from] Hail
|-damage|p2a: Interior Decorator|88/100|[from] Hail
|-heal|p2a: Interior Decorator|94/100|[from] item: Leftovers
|upkeep
|turn|7
|
|t:|1599279130
|move|p1a: Haxorus|Swords Dance|p1a: Haxorus
|-boost|p1a: Haxorus|atk|2
|move|p2a: Interior Decorator|Earthquake|p1a: Haxorus
|-damage|p1a: Haxorus|43/100
|
|-weather|none
|-heal|p2a: Interior Decorator|100/100|[from] item: Leftovers
|upkeep
|turn|8
|
|t:|1599279134
|move|p1a: Haxorus|Close Combat|p2a: Interior Decorator
|-supereffective|p2a: Interior Decorator
|-damage|p2a: Interior Decorator|0 fnt
|-unboost|p1a: Haxorus|def|1
|-unboost|p1a: Haxorus|spd|1
|faint|p2a: Interior Decorator
|
|upkeep
|
|t:|1599279137
|switch|p2a: Majin|Clefable, M|100/100
|turn|9
|
|t:|1599279140
|move|p1a: Haxorus|Poison Jab|p2a: Majin
|-supereffective|p2a: Majin
|-damage|p2a: Majin|15/100
|move|p2a: Majin|Moonblast|p1a: Haxorus
|-supereffective|p1a: Haxorus
|-damage|p1a: Haxorus|0 fnt
|faint|p1a: Haxorus
|
|upkeep
|j| IPF
|
|t:|1599279146
|switch|p1a: Urshifu|Urshifu, F|100/100
|-damage|p1a: Urshifu|94/100|[from] Stealth Rock
|turn|10
|
|t:|1599279155
|move|p1a: Urshifu|Wicked Blow|p2a: Majin
|-resisted|p2a: Majin
|-crit|p2a: Majin
|-damage|p2a: Majin|0 fnt
|faint|p2a: Majin
|
|upkeep
|j|+rosa
|l| egalvanc
|
|t:|1599279175
|switch|p2a: Bape|Rillaboom, F|100/100
|-damage|p2a: Bape|88/100|[from] Stealth Rock
|-fieldstart|move: Grassy Terrain|[from] ability: Grassy Surge|[of] p2a: Bape
|turn|11
|
|t:|1599279181
|move|p2a: Bape|Grassy Glide|p1a: Urshifu
|-damage|p1a: Urshifu|59/100
|move|p1a: Urshifu|Bulk Up|p1a: Urshifu
|-boost|p1a: Urshifu|atk|1
|-boost|p1a: Urshifu|def|1
|
|-heal|p1a: Urshifu|65/100|[from] Grassy Terrain
|-heal|p2a: Bape|94/100|[from] Grassy Terrain
|-sideend|p1: isheavydead|move: Aurora Veil
|upkeep
|turn|12
|l| Yugizx
|
|t:|1599279188
|switch|p2a: Corner Pocket|Toxtricity, F|100/100
|-damage|p2a: Corner Pocket|88/100|[from] Stealth Rock
|move|p1a: Urshifu|Drain Punch|p2a: Corner Pocket
|-resisted|p2a: Corner Pocket
|-damage|p2a: Corner Pocket|40/100
|-heal|p1a: Urshifu|86/100|[from] drain|[of] p2a: Corner Pocket
|
|-heal|p1a: Urshifu|92/100|[from] Grassy Terrain
|-heal|p2a: Corner Pocket|46/100|[from] Grassy Terrain
|upkeep
|turn|13
|
|t:|1599279191
|move|p1a: Urshifu|Wicked Blow|p2a: Corner Pocket
|-crit|p2a: Corner Pocket
|-damage|p2a: Corner Pocket|0 fnt
|faint|p2a: Corner Pocket
|
|-heal|p1a: Urshifu|98/100|[from] Grassy Terrain
|upkeep
|
|t:|1599279193
|switch|p2a: Insecticide|Volcarona, F|100/100
|turn|14
|j| DNNP
|
|t:|1599279196
|move|p2a: Insecticide|Fire Blast|p1a: Urshifu
|-damage|p1a: Urshifu|16/100
|move|p1a: Urshifu|Wicked Blow|p2a: Insecticide
|-crit|p2a: Insecticide
|-damage|p2a: Insecticide|0 fnt
|faint|p2a: Insecticide
|
|-heal|p1a: Urshifu|22/100|[from] Grassy Terrain
|upkeep
|
|t:|1599279200
|switch|p2a: Bape|Rillaboom, F|94/100
|-damage|p2a: Bape|82/100|[from] Stealth Rock
|turn|15
|-message|LT74PF Mob forfeited.
|
|win|isheavydead
|l|☆LT74PF Mob
|l| IPF
|raw|isheavydead's rating: 1872 &rarr; <strong>1888</strong><br />(+16 for winning)
|raw|LT74PF Mob's rating: 1812 &rarr; <strong>1795</strong><br />(-17 for losing)
|c|☆isheavydead|GG
|l|☆isheavydead
|l| Tace㋛
|l| Akinwins
|l|+rosa
|l| thesupercooldude
