|raw|<div class="broadcast-blue"><strong>This battle is required to be public due to a player having a name starting with 'lt82zw'.</div>
|j|☆LT82ZW Asian
|j|☆4funaccount
|t:|1626135902
|gametype|singles
|player|p1|LT82ZW Asian|bruno|1690
|player|p2|4funaccount|2|1740
|teamsize|p1|6
|teamsize|p2|6
|gen|8
|tier|[Gen 8] OU
|rated|
|rule|Sleep Clause Mod: Limit one foe put to sleep
|rule|Species Clause: Limit one of each Pokémon
|rule|OHKO Clause: OHKO moves are banned
|rule|Evasion Moves Clause: Evasion moves are banned
|rule|Endless Battle Clause: Forcing endless battles is banned
|rule|HP Percentage Mod: HP is shown in percentages
|rule|Dynamax Clause: You cannot dynamax
|clearpoke
|poke|p1|Tornadus-Therian, M|
|poke|p1|Weavile, F|
|poke|p1|Slowking-Galar, M|
|poke|p1|Heatran, F|
|poke|p1|Rhyperior, M|
|poke|p1|Tangrowth, M|
|poke|p2|Scizor, M|
|poke|p2|Toxapex, M|
|poke|p2|Clefable, F|
|poke|p2|Hippowdon, M|
|poke|p2|Skarmory, M|
|poke|p2|Tapu Koko|
|teampreview
|inactive|Battle timer is ON: inactive players will automatically lose when time's up. (requested by LT82ZW Asian)
|
|t:|1626135933
|start
|switch|p1a: Tornadus|Tornadus-Therian, M|100/100
|switch|p2a: Tapu Koko|Tapu Koko|100/100
|-fieldstart|move: Electric Terrain|[from] ability: Electric Surge|[of] p2a: Tapu Koko
|turn|1
|
|t:|1626135937
|switch|p1a: Slowking|Slowking-Galar, M|100/100
|move|p2a: Tapu Koko|U-turn|p1a: Slowking
|-damage|p1a: Slowking|85/100
|
|t:|1626135945
|switch|p2a: Hippowdon|Hippowdon, M|100/100|[from]move: U-turn
|-weather|Sandstorm|[from] ability: Sand Stream|[of] p2a: Hippowdon
|
|-weather|Sandstorm|[upkeep]
|-damage|p1a: Slowking|79/100|[from] Sandstorm
|upkeep
|turn|2
|
|t:|1626135963
|switch|p1a: Tornadus|Tornadus-Therian, M|100/100
|move|p2a: Hippowdon|Toxic|p1a: Tornadus
|-status|p1a: Tornadus|tox
|
|-weather|Sandstorm|[upkeep]
|-damage|p1a: Tornadus|94/100 tox|[from] Sandstorm
|-damage|p1a: Tornadus|88/100 tox|[from] psn
|upkeep
|turn|3
|j| lt82zw cuzzie
|l| lt82zw cuzzie
|
|t:|1626135986
|move|p1a: Tornadus|Hurricane|p2a: Hippowdon
|-damage|p2a: Hippowdon|70/100
|move|p2a: Hippowdon|Stealth Rock|p1a: Tornadus
|-sidestart|p1: LT82ZW Asian|move: Stealth Rock
|
|-weather|Sandstorm|[upkeep]
|-damage|p1a: Tornadus|82/100 tox|[from] Sandstorm
|-damage|p1a: Tornadus|70/100 tox|[from] psn
|upkeep
|turn|4
|
|t:|1626135993
|move|p1a: Tornadus|Defog|p2a: Hippowdon
|-unboost|p2a: Hippowdon|evasion|1
|-sideend|p1: LT82ZW Asian|Stealth Rock|[from] move: Defog|[of] p1a: Tornadus
|-fieldend|move: Electric Terrain
|move|p2a: Hippowdon|Slack Off|p2a: Hippowdon
|-heal|p2a: Hippowdon|100/100
|
|-weather|Sandstorm|[upkeep]
|-damage|p1a: Tornadus|64/100 tox|[from] Sandstorm
|-damage|p1a: Tornadus|46/100 tox|[from] psn
|upkeep
|turn|5
|
|t:|1626136000
|switch|p1a: Weavile|Weavile, F|100/100
|-ability|p1a: Weavile|Pressure
|move|p2a: Hippowdon|Stealth Rock|p1a: Weavile
|-sidestart|p1: LT82ZW Asian|move: Stealth Rock
|
|-weather|none
|upkeep
|turn|6
|
|t:|1626136010
|switch|p1a: Heatran|Heatran, F|100/100
|-damage|p1a: Heatran|88/100|[from] Stealth Rock
|switch|p2a: Skarmory|Skarmory, M|100/100
|
|-heal|p1a: Heatran|94/100|[from] item: Leftovers
|upkeep
|turn|7
|
|t:|1626136018
|switch|p2a: Clefable|Clefable, F|100/100
|move|p1a: Heatran|Stealth Rock|p2a: Clefable
|-sidestart|p2: 4funaccount|move: Stealth Rock
|
|-heal|p1a: Heatran|100/100|[from] item: Leftovers
|upkeep
|turn|8
|
|t:|1626136032
|switch|p1a: Tornadus|Tornadus-Therian, M|79/100 tox
|move|p2a: Clefable|Thunder Wave||[still]
|-fail|p2a: Clefable
|
|-damage|p1a: Tornadus|73/100 tox|[from] psn
|upkeep
|turn|9
|
|t:|1626136038
|move|p1a: Tornadus|Hurricane|p2a: Clefable
|-damage|p2a: Clefable|67/100
|move|p2a: Clefable|Knock Off|p1a: Tornadus
|-damage|p1a: Tornadus|57/100 tox
|-enditem|p1a: Tornadus|Heavy-Duty Boots|[from] move: Knock Off|[of] p2a: Clefable
|
|-heal|p2a: Clefable|73/100|[from] item: Leftovers
|-damage|p1a: Tornadus|45/100 tox|[from] psn
|upkeep
|turn|10
|
|t:|1626136046
|move|p1a: Tornadus|Taunt|p2a: Clefable
|-start|p2a: Clefable|move: Taunt
|cant|p2a: Clefable|move: Taunt|Soft-Boiled
|
|-heal|p2a: Clefable|79/100|[from] item: Leftovers
|-damage|p1a: Tornadus|27/100 tox|[from] psn
|upkeep
|turn|11
|
|t:|1626136075
|switch|p1a: Slowking|Slowking-Galar, M|100/100
|-damage|p1a: Slowking|88/100|[from] Stealth Rock
|move|p2a: Clefable|Knock Off|p1a: Slowking
|-supereffective|p1a: Slowking
|-damage|p1a: Slowking|55/100
|-enditem|p1a: Slowking|Assault Vest|[from] move: Knock Off|[of] p2a: Clefable
|
|-heal|p2a: Clefable|85/100|[from] item: Leftovers
|upkeep
|turn|12
|
|t:|1626136091
|switch|p2a: Hippowdon|Hippowdon, M|100/100
|-weather|Sandstorm|[from] ability: Sand Stream|[of] p2a: Hippowdon
|switch|p1a: Heatran|Heatran, F|100/100
|-damage|p1a: Heatran|88/100|[from] Stealth Rock
|
|-weather|Sandstorm|[upkeep]
|-heal|p1a: Heatran|94/100|[from] item: Leftovers
|upkeep
|turn|13
|
|t:|1626136101
|switch|p1a: Tornadus|Tornadus-Therian, M|60/100 tox
|-damage|p1a: Tornadus|35/100 tox|[from] Stealth Rock
|move|p2a: Hippowdon|Toxic|p1a: Tornadus
|-fail|p1a: Tornadus|tox
|
|-weather|Sandstorm|[upkeep]
|-damage|p1a: Tornadus|29/100 tox|[from] Sandstorm
|-damage|p1a: Tornadus|23/100 tox|[from] psn
|upkeep
|turn|14
|
|t:|1626136116
|move|p1a: Tornadus|Hurricane|p2a: Hippowdon
|-damage|p2a: Hippowdon|70/100
|move|p2a: Hippowdon|Toxic|p1a: Tornadus
|-fail|p1a: Tornadus|tox
|
|-weather|Sandstorm|[upkeep]
|-damage|p1a: Tornadus|17/100 tox|[from] Sandstorm
|-damage|p1a: Tornadus|5/100 tox|[from] psn
|upkeep
|turn|15
|
|t:|1626136129
|switch|p1a: Slowking|Slowking-Galar, M|88/100
|-damage|p1a: Slowking|75/100|[from] Stealth Rock
|move|p2a: Hippowdon|Toxic|p1a: Slowking
|-immune|p1a: Slowking
|
|-weather|Sandstorm|[upkeep]
|-damage|p1a: Slowking|69/100|[from] Sandstorm
|upkeep
|turn|16
|
|t:|1626136134
|switch|p1a: Weavile|Weavile, F|100/100
|-ability|p1a: Weavile|Pressure
|move|p2a: Hippowdon|Slack Off|p2a: Hippowdon
|-heal|p2a: Hippowdon|100/100
|
|-weather|none
|upkeep
|turn|17
|
|t:|1626136146
|switch|p2a: Skarmory|Skarmory, M|100/100
|-damage|p2a: Skarmory|88/100|[from] Stealth Rock
|move|p1a: Weavile|Icicle Crash|p2a: Skarmory
|-damage|p2a: Skarmory|60/100
|
|upkeep
|turn|18
|
|t:|1626136159
|switch|p1a: Heatran|Heatran, F|94/100
|-damage|p1a: Heatran|82/100|[from] Stealth Rock
|move|p2a: Skarmory|Roost|p2a: Skarmory
|-heal|p2a: Skarmory|100/100
|-singleturn|p2a: Skarmory|move: Roost
|
|-heal|p1a: Heatran|88/100|[from] item: Leftovers
|upkeep
|turn|19
|
|t:|1626136164
|switch|p2a: Hippowdon|Hippowdon, M|100/100
|-weather|Sandstorm|[from] ability: Sand Stream|[of] p2a: Hippowdon
|move|p1a: Heatran|Magma Storm|p2a: Hippowdon
|-damage|p2a: Hippowdon|68/100
|-activate|p2a: Hippowdon|move: Magma Storm|[of] p1a: Heatran
|
|-weather|Sandstorm|[upkeep]
|-heal|p1a: Heatran|94/100|[from] item: Leftovers
|-damage|p2a: Hippowdon|56/100|[from] move: Magma Storm|[partiallytrapped]
|upkeep
|turn|20
|
|t:|1626136170
|switch|p1a: Tangrowth|Tangrowth, M|100/100
|-damage|p1a: Tangrowth|88/100|[from] Stealth Rock
|move|p2a: Hippowdon|Slack Off|p2a: Hippowdon
|-heal|p2a: Hippowdon|100/100
|
|-weather|Sandstorm|[upkeep]
|-damage|p1a: Tangrowth|82/100|[from] Sandstorm
|-end|p2a: Hippowdon|Magma Storm|[partiallytrapped]|[silent]
|upkeep
|turn|21
|
|t:|1626136184
|switch|p2a: Toxapex|Toxapex, M|100/100
|-damage|p2a: Toxapex|88/100|[from] Stealth Rock
|switch|p1a: Tornadus|Tornadus-Therian, M|38/100 tox
|-damage|p1a: Tornadus|13/100 tox|[from] Stealth Rock
|
|-weather|Sandstorm|[upkeep]
|-damage|p1a: Tornadus|7/100 tox|[from] Sandstorm
|-damage|p2a: Toxapex|82/100|[from] Sandstorm
|-heal|p2a: Toxapex|88/100|[from] item: Black Sludge
|-damage|p1a: Tornadus|1/100 tox|[from] psn
|upkeep
|turn|22
|
|t:|1626136190
|switch|p1a: Slowking|Slowking-Galar, M|100/100
|-damage|p1a: Slowking|88/100|[from] Stealth Rock
|move|p2a: Toxapex|Scald|p1a: Slowking
|-damage|p1a: Slowking|78/100
|-status|p1a: Slowking|brn
|
|-weather|Sandstorm|[upkeep]
|-damage|p2a: Toxapex|82/100|[from] Sandstorm
|-damage|p1a: Slowking|72/100 brn|[from] Sandstorm
|-heal|p2a: Toxapex|88/100|[from] item: Black Sludge
|-damage|p1a: Slowking|66/100 brn|[from] brn
|upkeep
|turn|23
|
|t:|1626136200
|move|p2a: Toxapex|Light Screen|p2a: Toxapex
|-sidestart|p2: 4funaccount|move: Light Screen
|move|p1a: Slowking|Future Sight|p2a: Toxapex
|-start|p1a: Slowking|move: Future Sight
|
|-weather|none
|-heal|p2a: Toxapex|94/100|[from] item: Black Sludge
|-damage|p1a: Slowking|60/100 brn|[from] brn
|upkeep
|turn|24
|
|t:|1626136212
|switch|p2a: Tapu Koko|Tapu Koko|100/100
|-fieldstart|move: Electric Terrain|[from] ability: Electric Surge|[of] p2a: Tapu Koko
|switch|p1a: Heatran|Heatran, F|94/100
|-damage|p1a: Heatran|82/100|[from] Stealth Rock
|
|-heal|p1a: Heatran|88/100|[from] item: Leftovers
|upkeep
|turn|25
|
|t:|1626136221
|switch|p1a: Rhyperior|Rhyperior, M|100/100
|-damage|p1a: Rhyperior|94/100|[from] Stealth Rock
|move|p2a: Tapu Koko|Volt Switch|p1a: Rhyperior
|-immune|p1a: Rhyperior
|
|-end|p2a: Tapu Koko|move: Future Sight
|-damage|p2a: Tapu Koko|67/100
|upkeep
|turn|26
|
|t:|1626136227
|move|p2a: Tapu Koko|U-turn|p1a: Rhyperior
|-damage|p1a: Rhyperior|83/100
|
|t:|1626136230
|switch|p2a: Skarmory|Skarmory, M|100/100|[from]move: U-turn
|-damage|p2a: Skarmory|88/100|[from] Stealth Rock
|move|p1a: Rhyperior|Swords Dance|p1a: Rhyperior
|-boost|p1a: Rhyperior|atk|2
|
|upkeep
|turn|27
|
|t:|1626136233
|move|p1a: Rhyperior|Heat Crash|p2a: Skarmory
|-supereffective|p2a: Skarmory
|-damage|p2a: Skarmory|0 fnt
|-damage|p1a: Rhyperior|66/100|[from] item: Rocky Helmet|[of] p2a: Skarmory
|faint|p2a: Skarmory
|-damage|p1a: Rhyperior|56/100|[from] item: Life Orb
|
|-sideend|p2: 4funaccount|move: Light Screen
|upkeep
|
|t:|1626136237
|switch|p2a: Scizor|Scizor, M|100/100
|turn|28
|
|t:|1626136243
|switch|p1a: Heatran|Heatran, F|88/100
|-damage|p1a: Heatran|76/100|[from] Stealth Rock
|move|p2a: Scizor|U-turn|p1a: Heatran
|-resisted|p1a: Heatran
|-damage|p1a: Heatran|69/100
|
|t:|1626136247
|switch|p2a: Hippowdon|Hippowdon, M|100/100|[from]move: U-turn
|-weather|Sandstorm|[from] ability: Sand Stream|[of] p2a: Hippowdon
|
|-weather|Sandstorm|[upkeep]
|-heal|p1a: Heatran|75/100|[from] item: Leftovers
|-fieldend|move: Electric Terrain
|upkeep
|turn|29
|
|t:|1626136252
|switch|p1a: Tangrowth|Tangrowth, M|100/100
|-damage|p1a: Tangrowth|88/100|[from] Stealth Rock
|move|p2a: Hippowdon|Toxic|p1a: Tangrowth|[miss]
|-miss|p2a: Hippowdon|p1a: Tangrowth
|
|-weather|Sandstorm|[upkeep]
|-damage|p1a: Tangrowth|82/100|[from] Sandstorm
|upkeep
|turn|30
|
|t:|1626136258
|move|p2a: Hippowdon|Toxic|p1a: Tangrowth
|-status|p1a: Tangrowth|tox
|move|p1a: Tangrowth|Giga Drain|p2a: Hippowdon
|-supereffective|p2a: Hippowdon
|-damage|p2a: Hippowdon|60/100
|-heal|p1a: Tangrowth|100/100 tox|[from] drain|[of] p2a: Hippowdon
|
|-weather|Sandstorm|[upkeep]
|-damage|p1a: Tangrowth|94/100 tox|[from] Sandstorm
|-damage|p1a: Tangrowth|88/100 tox|[from] psn
|upkeep
|turn|31
|
|t:|1626136267
|switch|p1a: Weavile|Weavile, F|100/100
|-ability|p1a: Weavile|Pressure
|move|p2a: Hippowdon|Slack Off|p2a: Hippowdon
|-heal|p2a: Hippowdon|100/100
|
|-weather|Sandstorm|[upkeep]
|-damage|p1a: Weavile|94/100|[from] Sandstorm
|upkeep
|turn|32
|
|t:|1626136270
|switch|p2a: Clefable|Clefable, F|85/100
|move|p1a: Weavile|Icicle Crash|p2a: Clefable
|-damage|p2a: Clefable|45/100
|
|-weather|none
|-heal|p2a: Clefable|52/100|[from] item: Leftovers
|upkeep
|turn|33
|
|t:|1626136279
|switch|p1a: Rhyperior|Rhyperior, M|56/100
|-damage|p1a: Rhyperior|50/100|[from] Stealth Rock
|move|p2a: Clefable|Soft-Boiled|p2a: Clefable
|-heal|p2a: Clefable|100/100
|
|upkeep
|turn|34
|
|t:|1626136284
|move|p1a: Rhyperior|Earthquake|p2a: Clefable
|-damage|p2a: Clefable|27/100
|-damage|p1a: Rhyperior|40/100|[from] item: Life Orb
|move|p2a: Clefable|Moonblast|p1a: Rhyperior
|-damage|p1a: Rhyperior|0 fnt
|faint|p1a: Rhyperior
|
|-heal|p2a: Clefable|33/100|[from] item: Leftovers
|upkeep
|
|t:|1626136293
|switch|p1a: Heatran|Heatran, F|75/100
|-damage|p1a: Heatran|63/100|[from] Stealth Rock
|turn|35
|
|t:|1626136297
|switch|p2a: Hippowdon|Hippowdon, M|100/100
|-weather|Sandstorm|[from] ability: Sand Stream|[of] p2a: Hippowdon
|move|p1a: Heatran|Toxic|p2a: Hippowdon
|-status|p2a: Hippowdon|tox
|
|-weather|Sandstorm|[upkeep]
|-heal|p1a: Heatran|69/100|[from] item: Leftovers
|-damage|p2a: Hippowdon|94/100 tox|[from] psn
|upkeep
|turn|36
|
|t:|1626136310
|switch|p1a: Slowking|Slowking-Galar, M|93/100 brn
|-damage|p1a: Slowking|81/100 brn|[from] Stealth Rock
|switch|p2a: Clefable|Clefable, F|33/100
|
|-weather|Sandstorm|[upkeep]
|-damage|p1a: Slowking|75/100 brn|[from] Sandstorm
|-heal|p2a: Clefable|39/100|[from] item: Leftovers
|-damage|p1a: Slowking|69/100 brn|[from] brn
|upkeep
|turn|37
|
|t:|1626136315
|move|p2a: Clefable|Soft-Boiled|p2a: Clefable
|-heal|p2a: Clefable|89/100
|move|p1a: Slowking|Sludge Bomb|p2a: Clefable
|-supereffective|p2a: Clefable
|-damage|p2a: Clefable|35/100
|-status|p2a: Clefable|psn
|
|-weather|Sandstorm|[upkeep]
|-damage|p1a: Slowking|62/100 brn|[from] Sandstorm
|-heal|p2a: Clefable|41/100 psn|[from] item: Leftovers
|-damage|p1a: Slowking|56/100 brn|[from] brn
|upkeep
|turn|38
|
|t:|1626136320
|move|p2a: Clefable|Soft-Boiled|p2a: Clefable
|-heal|p2a: Clefable|91/100 psn
|move|p1a: Slowking|Future Sight|p2a: Clefable
|-start|p1a: Slowking|move: Future Sight
|
|-weather|Sandstorm|[upkeep]
|-damage|p1a: Slowking|50/100 brn|[from] Sandstorm
|-heal|p2a: Clefable|97/100 psn|[from] item: Leftovers
|-damage|p1a: Slowking|44/100 brn|[from] brn
|upkeep
|turn|39
|
|t:|1626136330
|switch|p2a: Hippowdon|Hippowdon, M|94/100 tox
|move|p1a: Slowking|Sludge Bomb|p2a: Hippowdon
|-resisted|p2a: Hippowdon
|-damage|p2a: Hippowdon|82/100 tox
|
|-weather|none
|-damage|p2a: Hippowdon|76/100 tox|[from] psn
|-damage|p1a: Slowking|38/100 brn|[from] brn
|upkeep
|turn|40
|
|t:|1626136337
|switch|p1a: Tornadus|Tornadus-Therian, M|34/100 tox
|-damage|p1a: Tornadus|9/100 tox|[from] Stealth Rock
|move|p2a: Hippowdon|Slack Off|p2a: Hippowdon
|-heal|p2a: Hippowdon|100/100 tox
|
|-end|p2a: Hippowdon|move: Future Sight
|-damage|p2a: Hippowdon|67/100 tox
|-damage|p1a: Tornadus|3/100 tox|[from] psn
|-damage|p2a: Hippowdon|54/100 tox|[from] psn
|upkeep
|turn|41
|
|t:|1626136347
|switch|p1a: Weavile|Weavile, F|94/100
|-ability|p1a: Weavile|Pressure
|move|p2a: Hippowdon|Slack Off|p2a: Hippowdon
|-heal|p2a: Hippowdon|100/100 tox
|
|-damage|p2a: Hippowdon|82/100 tox|[from] psn
|upkeep
|turn|42
|
|t:|1626136352
|switch|p2a: Clefable|Clefable, F|97/100 psn
|move|p1a: Weavile|Icicle Crash|p2a: Clefable
|-damage|p2a: Clefable|58/100 psn
|
|-heal|p2a: Clefable|64/100 psn|[from] item: Leftovers
|upkeep
|turn|43
|
|t:|1626136359
|switch|p1a: Slowking|Slowking-Galar, M|71/100 brn
|-damage|p1a: Slowking|59/100 brn|[from] Stealth Rock
|move|p2a: Clefable|Soft-Boiled|p2a: Clefable
|-heal|p2a: Clefable|100/100 psn
|
|-damage|p1a: Slowking|53/100 brn|[from] brn
|upkeep
|turn|44
|
|t:|1626136369
|switch|p2a: Scizor|Scizor, M|100/100
|move|p1a: Slowking|Future Sight|p2a: Scizor
|-start|p1a: Slowking|move: Future Sight
|
|-damage|p1a: Slowking|47/100 brn|[from] brn
|upkeep
|turn|45
|
|t:|1626136378
|switch|p1a: Tangrowth|Tangrowth, M|100/100 tox
|-damage|p1a: Tangrowth|88/100 tox|[from] Stealth Rock
|move|p2a: Scizor|Knock Off|p1a: Tangrowth
|-damage|p1a: Tangrowth|72/100 tox
|-damage|p2a: Scizor|84/100|[from] item: Rocky Helmet|[of] p1a: Tangrowth
|-enditem|p1a: Tangrowth|Rocky Helmet|[from] move: Knock Off|[of] p2a: Scizor
|
|-damage|p1a: Tangrowth|66/100 tox|[from] psn
|upkeep
|turn|46
|
|t:|1626136384
|move|p2a: Scizor|U-turn|p1a: Tangrowth
|-supereffective|p1a: Tangrowth
|-damage|p1a: Tangrowth|33/100 tox
|
|t:|1626136387
|switch|p2a: Clefable|Clefable, F|100/100 psn|[from]move: U-turn
|move|p1a: Tangrowth|Knock Off|p2a: Clefable
|-resisted|p2a: Clefable
|-damage|p2a: Clefable|91/100 psn
|-enditem|p2a: Clefable|Leftovers|[from] move: Knock Off|[of] p1a: Tangrowth
|
|-end|p2a: Clefable|move: Future Sight
|-damage|p2a: Clefable|56/100 psn
|-damage|p1a: Tangrowth|21/100 tox|[from] psn
|upkeep
|turn|47
|
|t:|1626136395
|switch|p1a: Heatran|Heatran, F|69/100
|-damage|p1a: Heatran|57/100|[from] Stealth Rock
|move|p2a: Clefable|Soft-Boiled|p2a: Clefable
|-heal|p2a: Clefable|100/100 psn
|
|-heal|p1a: Heatran|63/100|[from] item: Leftovers
|upkeep
|turn|48
|
|t:|1626136404
|switch|p1a: Weavile|Weavile, F|94/100
|-ability|p1a: Weavile|Pressure
|move|p2a: Clefable|Thunder Wave|p1a: Weavile
|-status|p1a: Weavile|par
|
|upkeep
|turn|49
|
|t:|1626136410
|switch|p1a: Slowking|Slowking-Galar, M|80/100 brn
|-damage|p1a: Slowking|68/100 brn|[from] Stealth Rock
|move|p2a: Clefable|Moonblast|p1a: Slowking
|-resisted|p1a: Slowking
|-damage|p1a: Slowking|59/100 brn
|-unboost|p1a: Slowking|spa|1
|
|-damage|p1a: Slowking|53/100 brn|[from] brn
|upkeep
|turn|50
|
|t:|1626136421
|move|p2a: Clefable|Knock Off|p1a: Slowking
|-supereffective|p1a: Slowking
|-damage|p1a: Slowking|30/100 brn
|move|p1a: Slowking|Future Sight|p2a: Clefable
|-start|p1a: Slowking|move: Future Sight
|
|-damage|p1a: Slowking|24/100 brn|[from] brn
|upkeep
|turn|51
|
|t:|1626136426
|switch|p1a: Heatran|Heatran, F|63/100
|-damage|p1a: Heatran|50/100|[from] Stealth Rock
|move|p2a: Clefable|Knock Off|p1a: Heatran
|-damage|p1a: Heatran|39/100
|-enditem|p1a: Heatran|Leftovers|[from] move: Knock Off|[of] p2a: Clefable
|
|upkeep
|turn|52
|
|t:|1626136432
|move|p1a: Heatran|Magma Storm|p2a: Clefable
|-damage|p2a: Clefable|65/100 psn
|-activate|p2a: Clefable|move: Magma Storm|[of] p1a: Heatran
|move|p2a: Clefable|Thunder Wave|p1a: Heatran
|-status|p1a: Heatran|par
|
|-end|p2a: Clefable|move: Future Sight
|-damage|p2a: Clefable|28/100 psn
|upkeep
|turn|53
|
|t:|1626136439
|move|p2a: Clefable|Soft-Boiled|p2a: Clefable
|-heal|p2a: Clefable|78/100 psn
|move|p1a: Heatran|Magma Storm|p2a: Clefable|[miss]
|-miss|p1a: Heatran|p2a: Clefable
|
|upkeep
|turn|54
|
|t:|1626136443
|move|p2a: Clefable|Soft-Boiled|p2a: Clefable
|-heal|p2a: Clefable|100/100 psn
|move|p1a: Heatran|Magma Storm|p2a: Clefable
|-damage|p2a: Clefable|63/100 psn
|
|upkeep
|turn|55
|
|t:|1626136446
|move|p2a: Clefable|Soft-Boiled|p2a: Clefable
|-heal|p2a: Clefable|100/100 psn
|move|p1a: Heatran|Magma Storm|p2a: Clefable
|-damage|p2a: Clefable|65/100 psn
|
|upkeep
|turn|56
|-message|LT82ZW Asian forfeited.
|
|win|4funaccount
|l|☆LT82ZW Asian
|raw|LT82ZW Asian's rating: 1690 &rarr; <strong>1673</strong><br />(-17 for losing)
|raw|4funaccount's rating: 1740 &rarr; <strong>1757</strong><br />(+17 for winning)
||Ladder isn't responding, score probably updated but might not have (Request timeout).
