|j|☆minimax_ai
|j|☆Gotham Paladin
|t:|1662784022
|gametype|singles
|player|p1|minimax_ai|lusamine-nihilego|1589
|player|p2|Gotham Paladin|red|1571
|teamsize|p1|6
|teamsize|p2|6
|gen|8
|tier|[Gen 8] OU
|rated|
|rule|Sleep Clause Mod: Limit one foe put to sleep
|rule|Species Clause: Limit one of each Pokémon
|rule|OHKO Clause: OHKO moves are banned
|rule|Evasion Items Clause: Evasion items are banned
|rule|Evasion Moves Clause: Evasion moves are banned
|rule|Endless Battle Clause: Forcing endless battles is banned
|rule|HP Percentage Mod: HP is shown in percentages
|rule|Dynamax Clause: You cannot dynamax
|clearpoke
|poke|p1|Rotom-Wash|
|poke|p1|Weavile, M|
|poke|p1|Landorus-Therian, M|
|poke|p1|Heatran, M|
|poke|p1|Tangrowth, F|
|poke|p1|Melmetal|
|poke|p2|Cloyster, F|
|poke|p2|Mew|
|poke|p2|Gengar, F|
|poke|p2|Bisharp, F|
|poke|p2|Rillaboom, M|
|poke|p2|Hawlucha, F|
|teampreview
|c|☆minimax_ai|hf
|
|t:|1662784025
|start
|switch|p1a: Melmetal|Melmetal|100/100
|switch|p2a: Mew|Mew|100/100
|turn|1
|inactive|Battle timer is ON: inactive players will automatically lose when time's up. (requested by minimax_ai)
|c|☆Gotham Paladin|hf
|
|t:|1662784031
|move|p2a: Mew|Stealth Rock|p1a: Melmetal
|-sidestart|p1: minimax_ai|move: Stealth Rock
|move|p1a: Melmetal|Double Iron Bash|p2a: Mew
|-damage|p2a: Mew|68/100
|-damage|p2a: Mew|30/100
|-hitcount|p2a: Mew|2
|-enditem|p2a: Mew|Red Card|[of] p1a: Melmetal
|drag|p1a: Tangrowth|Tangrowth, F|100/100
|-damage|p1a: Tangrowth|88/100|[from] Stealth Rock
|
|upkeep
|turn|2
|
|t:|1662784036
|switch|p1a: Melmetal|Melmetal|100/100
|-damage|p1a: Melmetal|94/100|[from] Stealth Rock
|move|p2a: Mew|Spikes|p1a: Melmetal
|-sidestart|p1: minimax_ai|Spikes
|
|upkeep
|turn|3
|
|t:|1662784040
|move|p2a: Mew|Explosion|p1a: Melmetal
|-resisted|p1a: Melmetal
|-damage|p1a: Melmetal|78/100
|faint|p2a: Mew
|move|p1a: Melmetal|Double Iron Bash|p2: Mew|[notarget]
|-fail|p1a: Melmetal
|
|upkeep
|j| CherN0ble
|
|t:|1662784052
|switch|p2a: Bisharp|Bisharp, F|100/100
|turn|4
|
|t:|1662784056
|move|p2a: Bisharp|Knock Off|p1a: Melmetal
|-crit|p1a: Melmetal
|-damage|p1a: Melmetal|19/100
|-enditem|p1a: Melmetal|Assault Vest|[from] move: Knock Off|[of] p2a: Bisharp
|move|p1a: Melmetal|Double Iron Bash|p2a: Bisharp
|-resisted|p2a: Bisharp
|-damage|p2a: Bisharp|75/100
|-resisted|p2a: Bisharp
|-crit|p2a: Bisharp
|-damage|p2a: Bisharp|36/100
|-hitcount|p2a: Bisharp|2
|
|upkeep
|turn|5
|
|t:|1662784062
|switch|p1a: Tangrowth|Tangrowth, F|100/100
|-damage|p1a: Tangrowth|88/100|[from] Stealth Rock
|-damage|p1a: Tangrowth|76/100|[from] Spikes
|move|p2a: Bisharp|Knock Off|p1a: Tangrowth
|-damage|p1a: Tangrowth|42/100
|-damage|p2a: Bisharp|19/100|[from] item: Rocky Helmet|[of] p1a: Tangrowth
|-enditem|p1a: Tangrowth|Rocky Helmet|[from] move: Knock Off|[of] p2a: Bisharp
|
|upkeep
|turn|6
|
|t:|1662784068
|move|p2a: Bisharp|Iron Head|p1a: Tangrowth
|-damage|p1a: Tangrowth|16/100
|cant|p1a: Tangrowth|flinch
|
|upkeep
|turn|7
|
|t:|1662784073
|switch|p1a: Melmetal|Melmetal|19/100
|-damage|p1a: Melmetal|13/100|[from] Stealth Rock
|-damage|p1a: Melmetal|0 fnt|[from] Spikes
|faint|p1a: Melmetal
|move|p2a: Bisharp|Knock Off|p1: Melmetal|[notarget]
|-fail|p2a: Bisharp
|
|upkeep
|
|t:|1662784073
|switch|p1a: Heatran|Heatran, M|100/100
|-damage|p1a: Heatran|88/100|[from] Stealth Rock
|-item|p1a: Heatran|Air Balloon
|turn|8
|
|t:|1662784077
|move|p2a: Bisharp|Sucker Punch|p1a: Heatran
|-damage|p1a: Heatran|45/100
|-enditem|p1a: Heatran|Air Balloon
|move|p1a: Heatran|Eruption|p2a: Bisharp
|-supereffective|p2a: Bisharp
|-damage|p2a: Bisharp|0 fnt
|faint|p2a: Bisharp
|
|upkeep
|inactive|Gotham Paladin has 120 seconds left.
|
|t:|1662784108
|switch|p2a: Gengar|Gengar, F|100/100
|turn|9
|
|t:|1662784110
|move|p2a: Gengar|Focus Blast|p1a: Heatran|[miss]
|-miss|p2a: Gengar|p1a: Heatran
|move|p1a: Heatran|Earth Power|p2a: Gengar
|-supereffective|p2a: Gengar
|-damage|p2a: Gengar|2/100
|
|upkeep
|turn|10
|
|t:|1662784115
|switch|p1a: rotomwash|Rotom-Wash|100/100
|-damage|p1a: rotomwash|88/100|[from] Stealth Rock
|move|p2a: Gengar|Focus Blast|p1a: rotomwash
|-damage|p1a: rotomwash|41/100
|
|-heal|p1a: rotomwash|47/100|[from] item: Leftovers
|upkeep
|turn|11
|
|t:|1662784121
|move|p2a: Gengar|Shadow Ball|p1a: rotomwash
|-damage|p1a: rotomwash|6/100
|move|p1a: rotomwash|Thunderbolt|p2a: Gengar
|-damage|p2a: Gengar|0 fnt
|faint|p2a: Gengar
|
|-heal|p1a: rotomwash|13/100|[from] item: Leftovers
|upkeep
|
|t:|1662784130
|switch|p2a: Cloyster|Cloyster, F|100/100
|turn|12
|
|t:|1662784133
|move|p1a: rotomwash|Thunderbolt|p2a: Cloyster
|-supereffective|p2a: Cloyster
|-enditem|p2a: Cloyster|Focus Sash
|-damage|p2a: Cloyster|1/100
|move|p2a: Cloyster|Icicle Spear|p1a: rotomwash
|-resisted|p1a: rotomwash
|-damage|p1a: rotomwash|7/100
|-resisted|p1a: rotomwash
|-damage|p1a: rotomwash|0 fnt
|faint|p1a: rotomwash
|-hitcount|p1: rotomwash|2
|
|upkeep
|
|t:|1662784133
|switch|p1a: Weavile|Weavile, M|100/100
|-damage|p1a: Weavile|76/100|[from] Stealth Rock
|-damage|p1a: Weavile|63/100|[from] Spikes
|-ability|p1a: Weavile|Pressure
|turn|13
|
|t:|1662784139
|switch|p2a: Rillaboom|Rillaboom, M|100/100
|-fieldstart|move: Grassy Terrain|[from] ability: Grassy Surge|[of] p2a: Rillaboom
|move|p1a: Weavile|Ice Shard|p2a: Rillaboom
|-supereffective|p2a: Rillaboom
|-damage|p2a: Rillaboom|37/100
|
|-heal|p1a: Weavile|69/100|[from] Grassy Terrain
|-heal|p2a: Rillaboom|43/100|[from] Grassy Terrain
|upkeep
|turn|14
|
|t:|1662784143
|switch|p2a: Cloyster|Cloyster, F|1/100
|move|p1a: Weavile|Ice Shard|p2a: Cloyster
|-resisted|p2a: Cloyster
|-damage|p2a: Cloyster|0 fnt
|faint|p2a: Cloyster
|
|-heal|p1a: Weavile|75/100|[from] Grassy Terrain
|upkeep
|
|t:|1662784144
|switch|p2a: Hawlucha|Hawlucha, F|100/100
|-enditem|p2a: Hawlucha|Grassy Seed
|-boost|p2a: Hawlucha|def|1|[from] item: Grassy Seed
|turn|15
|
|t:|1662784152
|switch|p1a: landorustherian|Landorus-Therian, M|100/100
|-damage|p1a: landorustherian|88/100|[from] Stealth Rock
|-ability|p1a: landorustherian|Intimidate|boost
|-unboost|p2a: Hawlucha|atk|1
|move|p2a: Hawlucha|Close Combat|p1a: landorustherian
|-resisted|p1a: landorustherian
|-damage|p1a: landorustherian|69/100
|-unboost|p2a: Hawlucha|def|1
|-unboost|p2a: Hawlucha|spd|1
|
|-heal|p1a: landorustherian|75/100|[from] item: Leftovers
|upkeep
|turn|16
|
|t:|1662784155
|move|p2a: Hawlucha|Swords Dance|p2a: Hawlucha
|-boost|p2a: Hawlucha|atk|2
|move|p1a: landorustherian|Toxic|p2a: Hawlucha
|-status|p2a: Hawlucha|tox
|
|-heal|p1a: landorustherian|81/100|[from] item: Leftovers
|-damage|p2a: Hawlucha|94/100 tox|[from] psn
|upkeep
|turn|17
|
|t:|1662784158
|move|p2a: Hawlucha|Acrobatics|p1a: landorustherian
|-damage|p1a: landorustherian|12/100
|move|p1a: landorustherian|U-turn|p2a: Hawlucha
|-resisted|p2a: Hawlucha
|-crit|p2a: Hawlucha
|-damage|p2a: Hawlucha|84/100 tox
|
|t:|1662784158
|switch|p1a: Weavile|Weavile, M|75/100|[from]move: U-turn
|-damage|p1a: Weavile|50/100|[from] Stealth Rock
|-damage|p1a: Weavile|38/100|[from] Spikes
|-ability|p1a: Weavile|Pressure
|
|-heal|p1a: Weavile|44/100|[from] Grassy Terrain
|-damage|p2a: Hawlucha|72/100 tox|[from] psn
|-fieldend|move: Grassy Terrain
|upkeep
|turn|18
|
|t:|1662784163
|move|p1a: Weavile|Ice Shard|p2a: Hawlucha
|-supereffective|p2a: Hawlucha
|-damage|p2a: Hawlucha|0 fnt
|faint|p2a: Hawlucha
|
|upkeep
|
|t:|1662784165
|switch|p2a: Rillaboom|Rillaboom, M|43/100
|-fieldstart|move: Grassy Terrain|[from] ability: Grassy Surge|[of] p2a: Rillaboom
|turn|19
|-message|Gotham Paladin forfeited.
|
|win|minimax_ai
|raw|minimax_ai's rating: 1589 &rarr; <strong>1608</strong><br />(+19 for winning)
|raw|Gotham Paladin's rating: 1571 &rarr; <strong>1552</strong><br />(-19 for losing)
|c|☆minimax_ai|gg
|l|☆Gotham Paladin
