|j|☆maxmoefoe pokemon
|j|☆SkipTheDripBayless
|t:|1611001846
|player|p1|maxmoefoe pokemon|buck|1869
|player|p2|SkipTheDripBayless|youngathletef|1927
|teamsize|p1|6
|teamsize|p2|6
|gametype|singles
|gen|8
|tier|[Gen 8] OU
|rated|
|clearpoke
|poke|p1|Hydreigon, M|
|poke|p1|Rillaboom, M|
|poke|p1|Magearna|
|poke|p1|Landorus-Therian, M|
|poke|p1|Dragapult, M|
|poke|p1|Volcarona, M|
|poke|p2|Kartana|
|poke|p2|Zapdos|
|poke|p2|Blissey, F|
|poke|p2|Slowbro, F|
|poke|p2|Flygon, M|
|poke|p2|Magearna|
|rule|Sleep Clause Mod: Limit one foe put to sleep
|rule|Species Clause: Limit one of each Pokémon
|rule|OHKO Clause: OHKO moves are banned
|rule|Evasion Moves Clause: Evasion moves are banned
|rule|Endless Battle Clause: Forcing endless battles is banned
|rule|HP Percentage Mod: HP is shown in percentages
|rule|Dynamax Clause: You cannot dynamax
|teampreview
|j| iifreshy
|inactive|Battle timer is ON: inactive players will automatically lose when time's up. (requested by SkipTheDripBayless)
|c|☆maxmoefoe pokemon|gl
|j| meatybawls
|c| iifreshy|the team u gave me xD
|j| maluigi1
|c|☆SkipTheDripBayless|click
|
|t:|1611001875
|start
|switch|p1a: Landorus|Landorus-Therian, M|100/100
|switch|p2a: DO NO TALKIN|Zapdos|100/100
|-ability|p1a: Landorus|Intimidate|boost
|-unboost|p2a: DO NO TALKIN|atk|1
|-ability|p2a: DO NO TALKIN|Pressure
|turn|1
|
|t:|1611001881
|move|p1a: Landorus|Stealth Rock|p2a: DO NO TALKIN
|-sidestart|p2: SkipTheDripBayless|move: Stealth Rock
|move|p2a: DO NO TALKIN|Substitute|p2a: DO NO TALKIN
|-start|p2a: DO NO TALKIN|Substitute
|-damage|p2a: DO NO TALKIN|76/100
|
|upkeep
|turn|2
|
|t:|1611001887
|switch|p1a: Hydreigon|Hydreigon, M|100/100
|move|p2a: DO NO TALKIN|Hurricane|p1a: Hydreigon
|-damage|p1a: Hydreigon|45/100
|
|upkeep
|turn|3
|
|t:|1611001892
|move|p1a: Hydreigon|Dark Pulse|p2a: DO NO TALKIN
|-end|p2a: DO NO TALKIN|Substitute
|-damage|p1a: Hydreigon|35/100|[from] item: Life Orb
|move|p2a: DO NO TALKIN|Hurricane|p1a: Hydreigon
|-damage|p1a: Hydreigon|0 fnt
|faint|p1a: Hydreigon
|
|upkeep
|j| Uafk?
|j| wut lol huh
|
|t:|1611001902
|switch|p1a: Dragapult|Dragapult, M|100/100
|turn|4
|
|t:|1611001915
|switch|p2a: OBN UP NEXT|Slowbro, F|100/100
|move|p1a: Dragapult|Dragon Darts|p2a: OBN UP NEXT
|-damage|p2a: OBN UP NEXT|78/100
|-anim|p1a: Dragapult|Dragon Darts|p2a: OBN UP NEXT
|-damage|p2a: OBN UP NEXT|57/100
|-damage|p1a: Dragapult|91/100|[from] item: Life Orb
|
|upkeep
|turn|5
|
|t:|1611001922
|move|p1a: Dragapult|Dragon Dance|p1a: Dragapult
|-boost|p1a: Dragapult|atk|1
|-boost|p1a: Dragapult|spe|1
|move|p2a: OBN UP NEXT|Trick Room|p2a: OBN UP NEXT
|-fieldstart|move: Trick Room|[of] p2a: OBN UP NEXT
|
|upkeep
|turn|6
|
|t:|1611001929
|switch|p2a: STAY IN MY LANE|Magearna|100/100
|-damage|p2a: STAY IN MY LANE|94/100|[from] Stealth Rock
|move|p1a: Dragapult|Phantom Force||[still]
|-prepare|p1a: Dragapult|Phantom Force
|
|upkeep
|turn|7
|j| Meister Bator
|j| Storm Jack
|
|t:|1611001940
|switch|p2a: HIGH AS A BITCH|Kartana|100/100
|-damage|p2a: HIGH AS A BITCH|94/100|[from] Stealth Rock
|move|p1a: Dragapult|Phantom Force|p2a: HIGH AS A BITCH|[from]lockedmove
|-damage|p2a: HIGH AS A BITCH|1/100
|-damage|p1a: Dragapult|81/100|[from] item: Life Orb
|
|-heal|p2a: HIGH AS A BITCH|7/100|[from] item: Leftovers
|upkeep
|turn|8
|
|t:|1611001947
|move|p1a: Dragapult|Sucker Punch|p2a: HIGH AS A BITCH
|-damage|p2a: HIGH AS A BITCH|0 fnt
|-damage|p1a: Dragapult|71/100|[from] item: Life Orb
|faint|p2a: HIGH AS A BITCH
|
|upkeep
|
|t:|1611001950
|switch|p2a: STAY IN MY LANE|Magearna|94/100
|-damage|p2a: STAY IN MY LANE|88/100|[from] Stealth Rock
|turn|9
|
|t:|1611001954
|switch|p1a: Volcarona|Volcarona, M|100/100
|move|p2a: STAY IN MY LANE|Flash Cannon|p1a: Volcarona
|-resisted|p1a: Volcarona
|-damage|p1a: Volcarona|71/100
|
|-fieldend|move: Trick Room
|upkeep
|turn|10
|
|t:|1611001960
|switch|p2a: UPIN THEM YOPPAS|Flygon, M|100/100
|-damage|p2a: UPIN THEM YOPPAS|94/100|[from] Stealth Rock
|move|p1a: Volcarona|Flamethrower|p2a: UPIN THEM YOPPAS
|-resisted|p2a: UPIN THEM YOPPAS
|-damage|p2a: UPIN THEM YOPPAS|80/100
|
|-heal|p2a: UPIN THEM YOPPAS|86/100|[from] item: Leftovers
|upkeep
|turn|11
|
|t:|1611001967
|switch|p1a: Landorus|Landorus-Therian, M|100/100
|-ability|p1a: Landorus|Intimidate|boost
|-unboost|p2a: UPIN THEM YOPPAS|atk|1
|move|p2a: UPIN THEM YOPPAS|Toxic|p1a: Landorus
|-status|p1a: Landorus|tox
|
|-heal|p2a: UPIN THEM YOPPAS|92/100|[from] item: Leftovers
|-damage|p1a: Landorus|95/100 tox|[from] psn
|upkeep
|turn|12
|
|t:|1611001975
|switch|p2a: OBN UP NEXT|Slowbro, F|90/100
|move|p1a: Landorus|U-turn|p2a: OBN UP NEXT
|-supereffective|p2a: OBN UP NEXT
|-damage|p2a: OBN UP NEXT|56/100
|
|t:|1611001980
|switch|p1a: Magearna|Magearna|100/100|[from]move: U-turn
|
|upkeep
|turn|13
|
|t:|1611001987
|switch|p2a: CHECKERS NOT CHESS|Blissey, F|100/100
|move|p1a: Magearna|Thunderbolt|p2a: CHECKERS NOT CHESS
|-damage|p2a: CHECKERS NOT CHESS|87/100
|
|upkeep
|turn|14
|
|t:|1611001993
|move|p1a: Magearna|Focus Blast|p2a: CHECKERS NOT CHESS
|-supereffective|p2a: CHECKERS NOT CHESS
|-damage|p2a: CHECKERS NOT CHESS|56/100
|move|p2a: CHECKERS NOT CHESS|Shadow Ball|p1a: Magearna
|-damage|p1a: Magearna|89/100
|-unboost|p1a: Magearna|spd|1
|
|upkeep
|turn|15
|
|t:|1611001999
|move|p1a: Magearna|Calm Mind|p1a: Magearna
|-boost|p1a: Magearna|spa|1
|-boost|p1a: Magearna|spd|1
|move|p2a: CHECKERS NOT CHESS|Soft-Boiled|p2a: CHECKERS NOT CHESS
|-heal|p2a: CHECKERS NOT CHESS|100/100
|
|upkeep
|turn|16
|
|t:|1611002004
|move|p1a: Magearna|Focus Blast|p2a: CHECKERS NOT CHESS
|-supereffective|p2a: CHECKERS NOT CHESS
|-damage|p2a: CHECKERS NOT CHESS|48/100
|move|p2a: CHECKERS NOT CHESS|Seismic Toss|p1a: Magearna
|-damage|p1a: Magearna|62/100
|
|upkeep
|turn|17
|
|t:|1611002016
|switch|p2a: DO NO TALKIN|Zapdos|76/100
|-ability|p2a: DO NO TALKIN|Pressure
|move|p1a: Magearna|Focus Blast|p2a: DO NO TALKIN
|-resisted|p2a: DO NO TALKIN
|-damage|p2a: DO NO TALKIN|45/100
|
|upkeep
|turn|18
|
|t:|1611002027
|switch|p1a: Dragapult|Dragapult, M|71/100
|move|p2a: DO NO TALKIN|Substitute|p2a: DO NO TALKIN
|-start|p2a: DO NO TALKIN|Substitute
|-damage|p2a: DO NO TALKIN|20/100
|
|upkeep
|turn|19
|
|t:|1611002031
|switch|p2a: STAY IN MY LANE|Magearna|88/100
|-damage|p2a: STAY IN MY LANE|82/100|[from] Stealth Rock
|move|p1a: Dragapult|Dragon Darts|p2a: STAY IN MY LANE
|-immune|p2a: STAY IN MY LANE
|
|upkeep
|turn|20
|j| 467 11 11p
|
|t:|1611002042
|switch|p1a: Landorus|Landorus-Therian, M|95/100 tox
|-ability|p1a: Landorus|Intimidate|boost
|-unboost|p2a: STAY IN MY LANE|atk|1
|move|p2a: STAY IN MY LANE|Fleur Cannon|p1a: Landorus
|-damage|p1a: Landorus|0 fnt
|-unboost|p2a: STAY IN MY LANE|spa|2
|faint|p1a: Landorus
|-ability|p2a: STAY IN MY LANE|Soul-Heart|boost
|-boost|p2a: STAY IN MY LANE|spa|1
|
|upkeep
|
|t:|1611002057
|switch|p1a: Magearna|Magearna|62/100
|turn|21
|
|t:|1611002065
|move|p1a: Magearna|Calm Mind|p1a: Magearna
|-boost|p1a: Magearna|spa|1
|-boost|p1a: Magearna|spd|1
|move|p2a: STAY IN MY LANE|Fleur Cannon|p1a: Magearna
|-resisted|p1a: Magearna
|-damage|p1a: Magearna|42/100
|-unboost|p2a: STAY IN MY LANE|spa|2
|
|upkeep
|turn|22
|
|t:|1611002077
|switch|p2a: CHECKERS NOT CHESS|Blissey, F|48/100
|move|p1a: Magearna|Flash Cannon|p2a: CHECKERS NOT CHESS
|-damage|p2a: CHECKERS NOT CHESS|23/100
|
|upkeep
|turn|23
|j| Offline
|
|t:|1611002088
|move|p1a: Magearna|Flash Cannon|p2a: CHECKERS NOT CHESS
|-damage|p2a: CHECKERS NOT CHESS|0 fnt
|faint|p2a: CHECKERS NOT CHESS
|-ability|p1a: Magearna|Soul-Heart|boost
|-boost|p1a: Magearna|spa|1
|
|upkeep
|
|t:|1611002090
|switch|p2a: UPIN THEM YOPPAS|Flygon, M|92/100
|-damage|p2a: UPIN THEM YOPPAS|86/100|[from] Stealth Rock
|turn|24
|
|t:|1611002094
|move|p2a: UPIN THEM YOPPAS|Earthquake|p1a: Magearna
|-supereffective|p1a: Magearna
|-enditem|p1a: Magearna|Shuca Berry|[eat]
|-enditem|p1a: Magearna|Shuca Berry|[weaken]
|-damage|p1a: Magearna|13/100
|move|p1a: Magearna|Flash Cannon|p2a: UPIN THEM YOPPAS
|-damage|p2a: UPIN THEM YOPPAS|8/100
|-unboost|p2a: UPIN THEM YOPPAS|spd|1
|
|-heal|p2a: UPIN THEM YOPPAS|14/100|[from] item: Leftovers
|upkeep
|turn|25
|
|t:|1611002104
|switch|p1a: Rillaboom|Rillaboom, M|100/100
|-fieldstart|move: Grassy Terrain|[from] ability: Grassy Surge|[of] p1a: Rillaboom
|-enditem|p1a: Rillaboom|Grassy Seed
|-boost|p1a: Rillaboom|def|1|[from] item: Grassy Seed
|move|p2a: UPIN THEM YOPPAS|Earthquake|p1a: Rillaboom
|-resisted|p1a: Rillaboom
|-damage|p1a: Rillaboom|94/100
|
|-heal|p1a: Rillaboom|100/100|[from] Grassy Terrain
|-heal|p2a: UPIN THEM YOPPAS|20/100|[from] item: Leftovers
|upkeep
|turn|26
|
|t:|1611002109
|move|p1a: Rillaboom|Swords Dance|p1a: Rillaboom
|-boost|p1a: Rillaboom|atk|2
|move|p2a: UPIN THEM YOPPAS|Toxic|p1a: Rillaboom
|-status|p1a: Rillaboom|tox
|
|-heal|p2a: UPIN THEM YOPPAS|26/100|[from] item: Leftovers
|-damage|p1a: Rillaboom|94/100 tox|[from] psn
|upkeep
|turn|27
|
|t:|1611002114
|move|p1a: Rillaboom|Swords Dance|p1a: Rillaboom
|-boost|p1a: Rillaboom|atk|2
|move|p2a: UPIN THEM YOPPAS|Defog|p1a: Rillaboom
|-unboost|p1a: Rillaboom|evasion|1
|-sideend|p2: SkipTheDripBayless|Stealth Rock|[from] move: Defog|[of] p2a: UPIN THEM YOPPAS
|-fieldend|move: Grassy Terrain
|
|-heal|p2a: UPIN THEM YOPPAS|32/100|[from] item: Leftovers
|-damage|p1a: Rillaboom|82/100 tox|[from] psn
|upkeep
|turn|28
|j| fantastone
|
|t:|1611002139
|move|p1a: Rillaboom|Drain Punch|p2a: UPIN THEM YOPPAS
|-damage|p2a: UPIN THEM YOPPAS|0 fnt
|-heal|p1a: Rillaboom|99/100 tox|[from] drain|[of] p2a: UPIN THEM YOPPAS
|faint|p2a: UPIN THEM YOPPAS
|
|-damage|p1a: Rillaboom|81/100 tox|[from] psn
|upkeep
|
|t:|1611002141
|switch|p2a: DO NO TALKIN|Zapdos|20/100
|-ability|p2a: DO NO TALKIN|Pressure
|turn|29
|
|t:|1611002153
|move|p2a: DO NO TALKIN|Hurricane|p1a: Rillaboom
|-supereffective|p1a: Rillaboom
|-damage|p1a: Rillaboom|0 fnt
|faint|p1a: Rillaboom
|
|upkeep
|
|t:|1611002159
|switch|p1a: Dragapult|Dragapult, M|71/100
|turn|30
|
|t:|1611002164
|switch|p2a: OBN UP NEXT|Slowbro, F|89/100
|move|p1a: Dragapult|Dragon Darts|p2a: OBN UP NEXT
|-damage|p2a: OBN UP NEXT|70/100
|-anim|p1a: Dragapult|Dragon Darts|p2a: OBN UP NEXT
|-crit|p2a: OBN UP NEXT
|-damage|p2a: OBN UP NEXT|37/100
|-damage|p1a: Dragapult|61/100|[from] item: Life Orb
|
|upkeep
|turn|31
|
|t:|1611002173
|switch|p2a: DO NO TALKIN|Zapdos|20/100
|-ability|p2a: DO NO TALKIN|Pressure
|move|p1a: Dragapult|Dragon Darts|p2a: DO NO TALKIN
|-damage|p2a: DO NO TALKIN|0 fnt
|-damage|p1a: Dragapult|52/100|[from] item: Life Orb
|faint|p2a: DO NO TALKIN
|
|upkeep
|
|t:|1611002175
|switch|p2a: OBN UP NEXT|Slowbro, F|70/100
|turn|32
|
|t:|1611002185
|move|p1a: Dragapult|Dragon Dance|p1a: Dragapult
|-boost|p1a: Dragapult|atk|1
|-boost|p1a: Dragapult|spe|1
|move|p2a: OBN UP NEXT|Trick Room|p2a: OBN UP NEXT
|-fieldstart|move: Trick Room|[of] p2a: OBN UP NEXT
|
|upkeep
|turn|33
|
|t:|1611002187
|move|p2a: OBN UP NEXT|Scald|p1a: Dragapult
|-resisted|p1a: Dragapult
|-damage|p1a: Dragapult|35/100
|-status|p1a: Dragapult|brn
|move|p1a: Dragapult|Phantom Force||[still]
|-prepare|p1a: Dragapult|Phantom Force
|
|-damage|p1a: Dragapult|29/100 brn|[from] brn
|upkeep
|turn|34
|
|t:|1611002193
|move|p2a: OBN UP NEXT|Slack Off|p2a: OBN UP NEXT
|-heal|p2a: OBN UP NEXT|100/100
|move|p1a: Dragapult|Phantom Force|p2a: OBN UP NEXT|[from]lockedmove
|-supereffective|p2a: OBN UP NEXT
|-damage|p2a: OBN UP NEXT|48/100
|-damage|p1a: Dragapult|19/100 brn|[from] item: Life Orb
|
|-damage|p1a: Dragapult|13/100 brn|[from] brn
|upkeep
|turn|35
|j| Noctisito
|
|t:|1611002202
|move|p2a: OBN UP NEXT|Slack Off|p2a: OBN UP NEXT
|-heal|p2a: OBN UP NEXT|98/100
|move|p1a: Dragapult|Phantom Force||[still]
|-prepare|p1a: Dragapult|Phantom Force
|
|-damage|p1a: Dragapult|7/100 brn|[from] brn
|upkeep
|turn|36
|
|t:|1611002211
|move|p1a: Dragapult|Phantom Force|p2a: OBN UP NEXT|[from]lockedmove
|-supereffective|p2a: OBN UP NEXT
|-damage|p2a: OBN UP NEXT|45/100
|-damage|p1a: Dragapult|0 fnt|[from] item: Life Orb
|faint|p1a: Dragapult
|move|p2a: OBN UP NEXT|Teleport|p2a: OBN UP NEXT
|
|t:|1611002213
|switch|p2a: STAY IN MY LANE|Magearna|82/100|[from]move: Teleport
|
|-fieldend|move: Trick Room
|upkeep
|
|t:|1611002218
|switch|p1a: Volcarona|Volcarona, M|71/100
|turn|37
|
|t:|1611002224
|move|p1a: Volcarona|Flamethrower|p2a: STAY IN MY LANE
|-supereffective|p2a: STAY IN MY LANE
|-damage|p2a: STAY IN MY LANE|14/100
|-status|p2a: STAY IN MY LANE|brn
|move|p2a: STAY IN MY LANE|Trick|p1a: Volcarona
|-activate|p2a: STAY IN MY LANE|move: Trick|[of] p1a: Volcarona
|-item|p1a: Volcarona|Choice Specs|[from] move: Trick
|-item|p2a: STAY IN MY LANE|Heavy-Duty Boots|[from] move: Trick
|
|-damage|p2a: STAY IN MY LANE|8/100 brn|[from] brn
|upkeep
|turn|38
|
|t:|1611002242
|move|p1a: Volcarona|Flamethrower|p2a: STAY IN MY LANE
|-supereffective|p2a: STAY IN MY LANE
|-damage|p2a: STAY IN MY LANE|0 fnt
|faint|p2a: STAY IN MY LANE
|
|upkeep
|
|t:|1611002244
|switch|p2a: OBN UP NEXT|Slowbro, F|78/100
|turn|39
|c| maluigi1|Gg
|
|t:|1611002249
|move|p1a: Volcarona|Flamethrower|p2a: OBN UP NEXT
|-resisted|p2a: OBN UP NEXT
|-damage|p2a: OBN UP NEXT|47/100
|move|p2a: OBN UP NEXT|Trick Room|p2a: OBN UP NEXT
|-fieldstart|move: Trick Room|[of] p2a: OBN UP NEXT
|
|upkeep
|turn|40
|
|t:|1611002254
|move|p2a: OBN UP NEXT|Scald|p1a: Volcarona
|-supereffective|p1a: Volcarona
|-damage|p1a: Volcarona|23/100
|move|p1a: Volcarona|Flamethrower|p2a: OBN UP NEXT
|-resisted|p2a: OBN UP NEXT
|-damage|p2a: OBN UP NEXT|18/100
|-status|p2a: OBN UP NEXT|brn
|
|-damage|p2a: OBN UP NEXT|12/100 brn|[from] brn
|upkeep
|turn|41
|c|☆maxmoefoe pokemon|gg
|
|t:|1611002264
|move|p2a: OBN UP NEXT|Scald|p1a: Volcarona
|-supereffective|p1a: Volcarona
|-damage|p1a: Volcarona|0 fnt
|faint|p1a: Volcarona
|
|-damage|p2a: OBN UP NEXT|6/100 brn|[from] brn
|upkeep
|
|t:|1611002266
|switch|p1a: Magearna|Magearna|13/100
|turn|42
|
|t:|1611002268
|move|p2a: OBN UP NEXT|Scald|p1a: Magearna
|-crit|p1a: Magearna
|-damage|p1a: Magearna|0 fnt
|faint|p1a: Magearna
|
|win|SkipTheDripBayless
|l|☆SkipTheDripBayless
|c| Offline|crit mattered
|l| meatybawls
|l| 467 11 11p
|c| wut lol huh|facts
|l| maluigi1
|l| Noctisito
|l| Offline
|l| wut lol huh
|c|☆maxmoefoe pokemon|the burn more so:(
