|raw|<div class="broadcast-blue"><strong>This battle is required to be public due to a player having a name prefixed by 'LT72MS'.</div>
|j|☆relic stone
|j|☆lt72ms pj
|t:|1597915207
|player|p1|relic stone|lusamine-nihilego|1826
|player|p2|lt72ms pj|backpacker|1817
|teamsize|p1|6
|teamsize|p2|6
|gametype|singles
|gen|8
|tier|[Gen 8] OU
|rated|
|clearpoke
|poke|p1|Rillaboom, M|
|poke|p1|Dragapult, M|
|poke|p1|Rotom-Heat|
|poke|p1|Azumarill, M|
|poke|p1|Crawdaunt, M|
|poke|p1|Excadrill, M|
|poke|p2|Gengar, M|
|poke|p2|Hatterene, F|
|poke|p2|Tyranitar, M|
|poke|p2|Amoonguss, M|
|poke|p2|Excadrill, M|
|poke|p2|Corviknight, M|
|rule|Sleep Clause Mod: Limit one foe put to sleep
|rule|Species Clause: Limit one of each Pokémon
|rule|OHKO Clause: OHKO moves are banned
|rule|Evasion Moves Clause: Evasion moves are banned
|rule|Endless Battle Clause: Forcing endless battles is banned
|rule|HP Percentage Mod: HP is shown in percentages
|rule|Dynamax Clause: You cannot dynamax
|teampreview
|c|☆relic stone|hf
|c|☆lt72ms pj|u2
|j| kyumu
|
|t:|1597915252
|start
|switch|p1a: Impaler|Excadrill, M, shiny|100/100
|switch|p2a: Amoonguss|Amoonguss, M|100/100
|-ability|p1a: Impaler|Mold Breaker
|turn|1
|
|t:|1597915257
|move|p1a: Impaler|Stealth Rock|p2a: Amoonguss
|-sidestart|p2: lt72ms pj|move: Stealth Rock
|move|p2a: Amoonguss|Spore|p1a: Impaler
|-status|p1a: Impaler|slp|[from] move: Spore
|
|upkeep
|turn|2
|
|t:|1597915272
|switch|p2a: Tyranitar|Tyranitar, M|100/100
|-damage|p2a: Tyranitar|88/100|[from] Stealth Rock
|-weather|Sandstorm|[from] ability: Sand Stream|[of] p2a: Tyranitar
|cant|p1a: Impaler|slp
|
|-weather|Sandstorm|[upkeep]
|-heal|p2a: Tyranitar|94/100|[from] item: Leftovers
|upkeep
|turn|3
|
|t:|1597915279
|switch|p2a: Corviknight|Corviknight, M|100/100
|-damage|p2a: Corviknight|88/100|[from] Stealth Rock
|-ability|p2a: Corviknight|Pressure
|cant|p1a: Impaler|slp
|
|-weather|Sandstorm|[upkeep]
|upkeep
|turn|4
|
|t:|1597915283
|switch|p1a: Serpentine|Dragapult, M|100/100
|move|p2a: Corviknight|Defog|p1a: Serpentine
|-unboost|p1a: Serpentine|evasion|1
|-sideend|p2: lt72ms pj|Stealth Rock|[from] move: Defog|[of] p2a: Corviknight
|
|-weather|Sandstorm|[upkeep]
|-damage|p1a: Serpentine|95/100|[from] Sandstorm
|upkeep
|turn|5
|
|t:|1597915307
|switch|p2a: Tyranitar|Tyranitar, M|94/100
|move|p1a: Serpentine|Flamethrower|p2a: Tyranitar
|-resisted|p2a: Tyranitar
|-damage|p2a: Tyranitar|86/100
|
|-weather|Sandstorm|[upkeep]
|-damage|p1a: Serpentine|89/100|[from] Sandstorm
|-heal|p2a: Tyranitar|93/100|[from] item: Leftovers
|upkeep
|turn|6
|
|t:|1597915314
|switch|p1a: Impaler|Excadrill, M, shiny|100/100 slp
|-ability|p1a: Impaler|Mold Breaker
|move|p2a: Tyranitar|Stealth Rock|p1a: Impaler
|-sidestart|p1: relic stone|move: Stealth Rock
|
|-weather|none
|-heal|p2a: Tyranitar|99/100|[from] item: Leftovers
|upkeep
|turn|7
|
|t:|1597915338
|switch|p2a: Amoonguss|Amoonguss, M|100/100
|cant|p1a: Impaler|slp
|
|upkeep
|turn|8
|
|t:|1597915344
|-curestatus|p1a: Impaler|slp|[msg]
|move|p1a: Impaler|Stealth Rock|p2a: Amoonguss
|-sidestart|p2: lt72ms pj|move: Stealth Rock
|move|p2a: Amoonguss|Giga Drain|p1a: Impaler
|-damage|p1a: Impaler|83/100
|
|-heal|p1a: Impaler|89/100|[from] item: Leftovers
|upkeep
|turn|9
|
|t:|1597915347
|move|p1a: Impaler|Rapid Spin|p2a: Amoonguss
|-damage|p2a: Amoonguss|90/100
|-boost|p1a: Impaler|spe|1
|-sideend|p1: relic stone|Stealth Rock|[from] move: Rapid Spin|[of] p1a: Impaler
|move|p2a: Amoonguss|Spore|p1a: Impaler
|-status|p1a: Impaler|slp|[from] move: Spore
|
|-heal|p1a: Impaler|95/100 slp|[from] item: Leftovers
|-heal|p2a: Amoonguss|96/100|[from] item: Black Sludge
|upkeep
|turn|10
|
|t:|1597915355
|switch|p1a: Serpentine|Dragapult, M|89/100
|switch|p2a: Tyranitar|Tyranitar, M|99/100
|-damage|p2a: Tyranitar|86/100|[from] Stealth Rock
|-weather|Sandstorm|[from] ability: Sand Stream|[of] p2a: Tyranitar
|
|-weather|Sandstorm|[upkeep]
|-damage|p1a: Serpentine|83/100|[from] Sandstorm
|-heal|p2a: Tyranitar|93/100|[from] item: Leftovers
|upkeep
|turn|11
|j| roboPOKE
|
|t:|1597915360
|move|p1a: Serpentine|U-turn|p2a: Tyranitar
|-supereffective|p2a: Tyranitar
|-damage|p2a: Tyranitar|63/100
|
|t:|1597915363
|switch|p1a: Predator|Crawdaunt, M|100/100|[from]move: U-turn
|move|p2a: Tyranitar|Stealth Rock|p1a: Predator
|-sidestart|p1: relic stone|move: Stealth Rock
|
|-weather|Sandstorm|[upkeep]
|-damage|p1a: Predator|95/100|[from] Sandstorm
|-heal|p2a: Tyranitar|70/100|[from] item: Leftovers
|upkeep
|turn|12
|j| 2planes2towers
|l| 2planes2towers
|
|t:|1597915389
|switch|p2a: Amoonguss|Amoonguss, M|100/100
|-damage|p2a: Amoonguss|88/100|[from] Stealth Rock
|move|p1a: Predator|Swords Dance|p1a: Predator
|-boost|p1a: Predator|atk|2
|
|-weather|Sandstorm|[upkeep]
|-damage|p1a: Predator|89/100|[from] Sandstorm
|-damage|p2a: Amoonguss|82/100|[from] Sandstorm
|-heal|p2a: Amoonguss|88/100|[from] item: Black Sludge
|upkeep
|turn|13
|
|t:|1597915425
|move|p1a: Predator|Knock Off|p2a: Amoonguss
|-damage|p2a: Amoonguss|0 fnt
|-enditem|p2a: Amoonguss|Black Sludge|[from] move: Knock Off|[of] p1a: Predator
|-damage|p1a: Predator|79/100|[from] item: Life Orb
|faint|p2a: Amoonguss
|
|-weather|Sandstorm|[upkeep]
|-damage|p1a: Predator|73/100|[from] Sandstorm
|upkeep
|
|t:|1597915445
|switch|p2a: Gengar|Gengar, M|100/100
|-damage|p2a: Gengar|88/100|[from] Stealth Rock
|turn|14
|j| LT72MS Mich
|
|t:|1597915450
|move|p1a: Predator|Aqua Jet|p2a: Gengar
|-crit|p2a: Gengar
|-damage|p2a: Gengar|0 fnt
|-damage|p1a: Predator|63/100|[from] item: Life Orb
|faint|p2a: Gengar
|
|-weather|none
|upkeep
|c|☆lt72ms pj|gg
|c|☆relic stone|gg
|-message|lt72ms pj forfeited.
|
|win|relic stone
|l|☆lt72ms pj
