|j|☆boyu05
|j|☆ROBOpoke
|t:|1657128221
|gametype|singles
|player|p1|boyu05|1|1448
|player|p2|ROBOpoke|266|1502
|teamsize|p1|6
|teamsize|p2|6
|gen|8
|tier|[Gen 8] OU
|rated|
|rule|Sleep Clause Mod: Limit one foe put to sleep
|rule|Species Clause: Limit one of each Pokémon
|rule|OHKO Clause: OHKO moves are banned
|rule|Evasion Moves Clause: Evasion moves are banned
|rule|Endless Battle Clause: Forcing endless battles is banned
|rule|HP Percentage Mod: HP is shown in percentages
|rule|Dynamax Clause: You cannot dynamax
|clearpoke
|poke|p1|Magnezone|
|poke|p1|Corviknight, M|
|poke|p1|Regidrago|
|poke|p1|Haxorus, F|
|poke|p1|Dragonite, F|
|poke|p1|Goodra, F|
|poke|p2|Xatu, F|
|poke|p2|Pelipper, F|
|poke|p2|Volcanion|
|poke|p2|Dragapult, F|
|poke|p2|Kartana|
|poke|p2|Gyarados, M|
|teampreview
|inactive|Battle timer is ON: inactive players will automatically lose when time's up. (requested by boyu05)
|
|t:|1657128251
|start
|switch|p1a: Magnezone|Magnezone|100/100
|switch|p2a: Xatu|Xatu, F|100/100
|turn|1
|
|t:|1657128259
|move|p2a: Xatu|Tailwind|p2a: Xatu
|-sidestart|p2: ROBOpoke|move: Tailwind
|move|p1a: Magnezone|Substitute|p1a: Magnezone
|-start|p1a: Magnezone|Substitute
|-damage|p1a: Magnezone|76/100
|
|upkeep
|turn|2
|
|t:|1657128271
|move|p2a: Xatu|Psychic|p1a: Magnezone
|-resisted|p1a: Magnezone
|-end|p1a: Magnezone|Substitute
|move|p1a: Magnezone|Charge Beam|p2a: Xatu
|-supereffective|p2a: Xatu
|-damage|p2a: Xatu|8/100
|-boost|p1a: Magnezone|spa|1
|
|upkeep
|turn|3
|
|t:|1657128279
|move|p2a: Xatu|Magic Room|p2a: Xatu
|-fieldstart|move: Magic Room|[of] p2a: Xatu
|move|p1a: Magnezone|Charge Beam|p2a: Xatu
|-supereffective|p2a: Xatu
|-damage|p2a: Xatu|0 fnt
|faint|p2a: Xatu
|
|upkeep
|
|t:|1657128288
|switch|p2a: Volcanion|Volcanion|100/100
|turn|4
|
|t:|1657128292
|move|p2a: Volcanion|Flamethrower|p1a: Magnezone
|-supereffective|p1a: Magnezone
|-damage|p1a: Magnezone|0 fnt
|faint|p1a: Magnezone
|
|-sideend|p2: ROBOpoke|move: Tailwind
|upkeep
|
|t:|1657128298
|switch|p1a: Goodra|Goodra, F|100/100
|turn|5
|
|t:|1657128305
|switch|p2a: Pelipper|Pelipper, F|100/100
|-weather|RainDance|[from] ability: Drizzle|[of] p2a: Pelipper
|move|p1a: Goodra|Thunderbolt|p2a: Pelipper
|-supereffective|p2a: Pelipper
|-damage|p2a: Pelipper|0 fnt
|faint|p2a: Pelipper
|
|-weather|RainDance|[upkeep]
|upkeep
|
|t:|1657128311
|switch|p2a: Kartana|Kartana|100/100
|turn|6
|
|t:|1657128316
|switch|p1a: Corviknight|Corviknight, M, shiny|100/100
|-ability|p1a: Corviknight|Pressure
|move|p2a: Kartana|Knock Off|p1a: Corviknight
|-damage|p1a: Corviknight|75/100
|-enditem|p1a: Corviknight|Rocky Helmet|[from] move: Knock Off|[of] p2a: Kartana
|
|-weather|RainDance|[upkeep]
|upkeep
|turn|7
|
|t:|1657128326
|move|p2a: Kartana|Swords Dance|p2a: Kartana
|-boost|p2a: Kartana|atk|2
|move|p1a: Corviknight|U-turn|p2a: Kartana
|-damage|p2a: Kartana|85/100
|
|t:|1657128336
|switch|p1a: Dragonite|Dragonite, F|100/100|[from]move: U-turn
|
|-weather|RainDance|[upkeep]
|-fieldend|move: Magic Room|[of] p2: Xatu
|upkeep
|turn|8
|
|t:|1657128340
|move|p2a: Kartana|Knock Off|p1a: Dragonite
|-damage|p1a: Dragonite|57/100
|-enditem|p1a: Dragonite|Weakness Policy|[from] move: Knock Off|[of] p2a: Kartana
|move|p1a: Dragonite|Dragon Dance|p1a: Dragonite
|-boost|p1a: Dragonite|atk|1
|-boost|p1a: Dragonite|spe|1
|
|-weather|RainDance|[upkeep]
|upkeep
|turn|9
|
|t:|1657128345
|move|p2a: Kartana|Knock Off|p1a: Dragonite
|-damage|p1a: Dragonite|0 fnt
|faint|p1a: Dragonite
|-ability|p2a: Kartana|Beast Boost|boost
|-boost|p2a: Kartana|atk|1
|
|-weather|none
|upkeep
|inactive|boyu05 has 120 seconds left.
|c|☆boyu05|if thats what i think it is and thats scarfed, you are an actual genius
|c|☆boyu05|bravo
|c|☆ROBOpoke|haha
|
|t:|1657128399
|switch|p1a: Corviknight|Corviknight, M, shiny|75/100
|-ability|p1a: Corviknight|Pressure
|turn|10
|c|☆ROBOpoke|yea magicroom
|c|☆ROBOpoke|ty
|c|☆boyu05|thats actl incredible
|c|☆boyu05|good job bro
|
|t:|1657128419
|move|p2a: Kartana|Knock Off|p1a: Corviknight
|-damage|p1a: Corviknight|32/100
|move|p1a: Corviknight|Brave Bird|p2a: Kartana
|-damage|p2a: Kartana|48/100
|-damage|p1a: Corviknight|24/100|[from] Recoil
|
|upkeep
|turn|11
|c|☆ROBOpoke|^^
|
|t:|1657128426
|move|p2a: Kartana|Knock Off|p1a: Corviknight
|-damage|p1a: Corviknight|0 fnt
|faint|p1a: Corviknight
|-ability|p2a: Kartana|Beast Boost|boost
|-boost|p2a: Kartana|atk|1
|
|upkeep
|
|t:|1657128431
|switch|p1a: Haxorus|Haxorus, F|100/100
|-ability|p1a: Haxorus|Mold Breaker
|turn|12
|c|☆boyu05|thats gg
|
|t:|1657128439
|move|p2a: Kartana|Knock Off|p1a: Haxorus
|-damage|p1a: Haxorus|0 fnt
|-enditem|p1a: Haxorus|Choice Band|[from] move: Knock Off|[of] p2a: Kartana
|faint|p1a: Haxorus
|-ability|p2a: Kartana|Beast Boost|boost
|-boost|p2a: Kartana|atk|1
|
|upkeep
|
|t:|1657128441
|switch|p1a: Regidrago|Regidrago|100/100
|turn|13
|
|t:|1657128443
|move|p2a: Kartana|Knock Off|p1a: Regidrago
|-damage|p1a: Regidrago|0 fnt
|-enditem|p1a: Regidrago|Choice Scarf|[from] move: Knock Off|[of] p2a: Kartana
|faint|p1a: Regidrago
|-ability|p2a: Kartana|Beast Boost|boost
|-boost|p2a: Kartana|atk|1
|
|upkeep
|
|t:|1657128444
|switch|p1a: Goodra|Goodra, F|100/100
|turn|14
|
|t:|1657128447
|move|p2a: Kartana|Knock Off|p1a: Goodra
|-damage|p1a: Goodra|0 fnt
|-enditem|p1a: Goodra|Assault Vest|[from] move: Knock Off|[of] p2a: Kartana
|faint|p1a: Goodra
|
|win|ROBOpoke
|raw|boyu05's rating: 1448 &rarr; <strong>1431</strong><br />(-17 for losing)
|raw|ROBOpoke's rating: 1502 &rarr; <strong>1519</strong><br />(+17 for winning)
|c|☆ROBOpoke|gg
|c|☆boyu05|wpwp
