|raw|<div class="broadcast-blue"><strong>This battle is required to be public due to a player having a name starting with 'lt94je'.</div>
|j|☆Pinkacross
|j|☆LT94JEwhyaddicted
|t:|1661286243
|gametype|singles
|player|p1|Pinkacross|2|1685
|player|p2|LT94JEwhyaddicted|266|1785
|teamsize|p1|6
|teamsize|p2|6
|gen|8
|tier|[Gen 8] OU
|rated|
|rule|Sleep Clause Mod: Limit one foe put to sleep
|rule|Species Clause: Limit one of each Pokémon
|rule|OHKO Clause: OHKO moves are banned
|rule|Evasion Items Clause: Evasion items are banned
|rule|Evasion Moves Clause: Evasion moves are banned
|rule|Endless Battle Clause: Forcing endless battles is banned
|rule|HP Percentage Mod: HP is shown in percentages
|rule|Dynamax Clause: You cannot dynamax
|clearpoke
|poke|p1|Moltres-Galar|
|poke|p1|Tapu Lele|
|poke|p1|Volcarona, M|
|poke|p1|Volcanion|
|poke|p1|Ninetales-Alola, M|
|poke|p1|Excadrill, F|
|poke|p2|Hydreigon, F|
|poke|p2|Tapu Lele|
|poke|p2|Urshifu-*, F|
|poke|p2|Landorus-Therian, M|
|poke|p2|Corviknight, M|
|poke|p2|Rotom-Wash|
|teampreview
|j| Profdesinnoh
|j| Oily man
|j| LT94JE CRYANDHIDE
|l| LT94JE CRYANDHIDE
|c|☆Pinkacross|hf
|c|☆LT94JEwhyaddicted|u2
|j| lltmoon
|
|t:|1661286382
|start
|switch|p1a: Ninetales|Ninetales-Alola, M|100/100
|switch|p2a: Tapu Lele|Tapu Lele|100/100
|-fieldstart|move: Psychic Terrain|[from] ability: Psychic Surge|[of] p2a: Tapu Lele
|-weather|Hail|[from] ability: Snow Warning|[of] p1a: Ninetales
|turn|1
|inactive|Battle timer is ON: inactive players will automatically lose when time's up. (requested by Pinkacross)
|
|t:|1661286392
|move|p2a: Tapu Lele|Psyshock|p1a: Ninetales
|-damage|p1a: Ninetales|17/100
|move|p1a: Ninetales|Aurora Veil|p1a: Ninetales
|-sidestart|p1: Pinkacross|move: Aurora Veil
|
|-weather|Hail|[upkeep]
|-damage|p2a: Tapu Lele|94/100|[from] Hail
|upkeep
|turn|2
|
|t:|1661286411
|switch|p2a: Rotom|Rotom-Wash|100/100
|switch|p1a: Tapu Lele|Tapu Lele|100/100
|
|-weather|Hail|[upkeep]
|-damage|p1a: Tapu Lele|94/100|[from] Hail
|-damage|p2a: Rotom|94/100|[from] Hail
|-heal|p2a: Rotom|100/100|[from] item: Leftovers
|upkeep
|turn|3
|
|t:|1661286424
|move|p1a: Tapu Lele|Calm Mind|p1a: Tapu Lele
|-boost|p1a: Tapu Lele|spa|1
|-boost|p1a: Tapu Lele|spd|1
|move|p2a: Rotom|Volt Switch|p1a: Tapu Lele
|-damage|p1a: Tapu Lele|87/100
|
|t:|1661286432
|switch|p2a: Landorus|Landorus-Therian, M|100/100|[from]move: Volt Switch
|-ability|p2a: Landorus|Intimidate|boost
|-unboost|p1a: Tapu Lele|atk|1
|
|-weather|Hail|[upkeep]
|-damage|p1a: Tapu Lele|81/100|[from] Hail
|-damage|p2a: Landorus|94/100|[from] Hail
|-heal|p2a: Landorus|100/100|[from] item: Leftovers
|upkeep
|turn|4
|
|t:|1661286436
|move|p1a: Tapu Lele|Psyshock|p2a: Landorus
|-damage|p2a: Landorus|0 fnt
|faint|p2a: Landorus
|-damage|p1a: Tapu Lele|71/100|[from] item: Life Orb
|
|-weather|Hail|[upkeep]
|-damage|p1a: Tapu Lele|65/100|[from] Hail
|upkeep
|
|t:|1661286441
|switch|p2a: Urshifu|Urshifu-Rapid-Strike, F|100/100
|turn|5
|
|t:|1661286458
|switch|p1a: Volcanion|Volcanion|100/100
|move|p2a: Urshifu|Surging Strikes|p1a: Volcanion
|-immune|p1a: Volcanion|[from] ability: Water Absorb
|
|-weather|none
|-fieldend|move: Psychic Terrain
|upkeep
|turn|6
|
|t:|1661286462
|move|p2a: Urshifu|U-turn|p1a: Volcanion
|-resisted|p1a: Volcanion
|-damage|p1a: Volcanion|95/100
|
|t:|1661286464
|switch|p2a: Rotom|Rotom-Wash|100/100|[from]move: U-turn
|move|p1a: Volcanion|Sludge Bomb|p2a: Rotom
|-damage|p2a: Rotom|72/100
|-status|p2a: Rotom|psn
|
|-heal|p2a: Rotom|78/100 psn|[from] item: Leftovers
|-damage|p2a: Rotom|66/100 psn|[from] psn
|upkeep
|turn|7
|
|t:|1661286471
|switch|p1a: Excadrill|Excadrill, F|100/100
|-ability|p1a: Excadrill|Mold Breaker
|move|p2a: Rotom|Volt Switch|p1a: Excadrill
|-immune|p1a: Excadrill
|
|-heal|p2a: Rotom|72/100 psn|[from] item: Leftovers
|-damage|p2a: Rotom|60/100 psn|[from] psn
|upkeep
|turn|8
|
|t:|1661286473
|move|p1a: Excadrill|Earthquake|p2a: Rotom
|-supereffective|p2a: Rotom
|-damage|p2a: Rotom|0 fnt
|faint|p2a: Rotom
|
|-sideend|p1: Pinkacross|move: Aurora Veil
|upkeep
|
|t:|1661286479
|switch|p2a: Urshifu|Urshifu-Rapid-Strike, F|100/100
|turn|9
|j| zReptar
|
|t:|1661286483
|switch|p1a: Tapu Lele|Tapu Lele|65/100
|-fieldstart|move: Psychic Terrain|[from] ability: Psychic Surge|[of] p1a: Tapu Lele
|move|p2a: Urshifu|Close Combat|p1a: Tapu Lele
|-resisted|p1a: Tapu Lele
|-damage|p1a: Tapu Lele|44/100
|-unboost|p2a: Urshifu|def|1
|-unboost|p2a: Urshifu|spd|1
|
|upkeep
|turn|10
|
|t:|1661286486
|move|p2a: Urshifu|Surging Strikes|p1a: Tapu Lele
|-crit|p1a: Tapu Lele
|-damage|p1a: Tapu Lele|19/100
|-crit|p1a: Tapu Lele
|-damage|p1a: Tapu Lele|0 fnt
|faint|p1a: Tapu Lele
|-hitcount|p1: Tapu Lele|2
|
|upkeep
|
|t:|1661286490
|switch|p1a: Ninetales|Ninetales-Alola, M|17/100
|-weather|Hail|[from] ability: Snow Warning|[of] p1a: Ninetales
|turn|11
|
|t:|1661286494
|move|p1a: Ninetales|Aurora Veil|p1a: Ninetales
|-sidestart|p1: Pinkacross|move: Aurora Veil
|move|p2a: Urshifu|Surging Strikes|p1a: Ninetales
|-crit|p1a: Ninetales
|-damage|p1a: Ninetales|0 fnt
|faint|p1a: Ninetales
|-hitcount|p1: Ninetales|1
|
|-weather|Hail|[upkeep]
|-damage|p2a: Urshifu|94/100|[from] Hail
|upkeep
|
|t:|1661286497
|switch|p1a: Volcanion|Volcanion|95/100
|turn|12
|
|t:|1661286500
|move|p2a: Urshifu|U-turn|p1a: Volcanion
|-resisted|p1a: Volcanion
|-damage|p1a: Volcanion|90/100
|
|t:|1661286501
|switch|p2a: Hydreigon|Hydreigon, F|100/100|[from]move: U-turn
|move|p1a: Volcanion|Sludge Bomb|p2a: Hydreigon
|-damage|p2a: Hydreigon|63/100
|
|-weather|Hail|[upkeep]
|-damage|p2a: Hydreigon|57/100|[from] Hail
|-damage|p1a: Volcanion|84/100|[from] Hail
|upkeep
|turn|13
|
|t:|1661286507
|switch|p1a: Volcarona|Volcarona, M|100/100
|move|p2a: Hydreigon|Roost|p2a: Hydreigon
|-heal|p2a: Hydreigon|100/100
|-singleturn|p2a: Hydreigon|move: Roost
|
|-weather|Hail|[upkeep]
|-damage|p2a: Hydreigon|94/100|[from] Hail
|-damage|p1a: Volcarona|94/100|[from] Hail
|-fieldend|move: Psychic Terrain
|upkeep
|turn|14
|
|t:|1661286514
|move|p2a: Hydreigon|Draco Meteor|p1a: Volcarona|[miss]
|-miss|p2a: Hydreigon|p1a: Volcarona
|move|p1a: Volcarona|Quiver Dance|p1a: Volcarona
|-boost|p1a: Volcarona|spa|1
|-boost|p1a: Volcarona|spd|1
|-boost|p1a: Volcarona|spe|1
|
|-weather|Hail|[upkeep]
|-damage|p1a: Volcarona|88/100|[from] Hail
|-damage|p2a: Hydreigon|88/100|[from] Hail
|upkeep
|turn|15
|c|☆Pinkacross|srry
|c|☆LT94JEwhyaddicted|np
|
|t:|1661286525
|switch|p2a: Corviknight|Corviknight, M|100/100
|-ability|p2a: Corviknight|Pressure
|move|p1a: Volcarona|Bug Buzz|p2a: Corviknight
|-resisted|p2a: Corviknight
|-damage|p2a: Corviknight|77/100
|-damage|p1a: Volcarona|78/100|[from] item: Life Orb
|
|-weather|none
|upkeep
|turn|16
|
|t:|1661286528
|switch|p2a: Hydreigon|Hydreigon, F|88/100
|move|p1a: Volcarona|Fire Blast|p2a: Hydreigon|[miss]
|-miss|p1a: Volcarona|p2a: Hydreigon
|
|upkeep
|turn|17
|
|t:|1661286533
|switch|p2a: Corviknight|Corviknight, M|77/100
|-ability|p2a: Corviknight|Pressure
|move|p1a: Volcarona|Bug Buzz|p2a: Corviknight
|-resisted|p2a: Corviknight
|-damage|p2a: Corviknight|53/100
|-damage|p1a: Volcarona|68/100|[from] item: Life Orb
|
|upkeep
|turn|18
|
|t:|1661286535
|switch|p2a: Hydreigon|Hydreigon, F|88/100
|move|p1a: Volcarona|Fire Blast|p2a: Hydreigon|[miss]
|-miss|p1a: Volcarona|p2a: Hydreigon
|
|-sideend|p1: Pinkacross|move: Aurora Veil
|upkeep
|turn|19
|
|t:|1661286539
|move|p1a: Volcarona|Bug Buzz|p2a: Hydreigon
|-supereffective|p2a: Hydreigon
|-damage|p2a: Hydreigon|0 fnt
|faint|p2a: Hydreigon
|-damage|p1a: Volcarona|58/100|[from] item: Life Orb
|
|upkeep
|
|t:|1661286541
|switch|p2a: Urshifu|Urshifu-Rapid-Strike, F|94/100
|turn|20
|
|t:|1661286543
|switch|p1a: Volcanion|Volcanion|84/100
|move|p2a: Urshifu|Aqua Jet|p1a: Volcanion
|-heal|p1a: Volcanion|100/100|[from] ability: Water Absorb|[of] p2a: Urshifu
|
|upkeep
|turn|21
|
|t:|1661286546
|move|p2a: Urshifu|U-turn|p1a: Volcanion
|-resisted|p1a: Volcanion
|-damage|p1a: Volcanion|91/100
|
|t:|1661286549
|switch|p2a: Tapu Lele|Tapu Lele|94/100|[from]move: U-turn
|-fieldstart|move: Psychic Terrain|[from] ability: Psychic Surge|[of] p2a: Tapu Lele
|move|p1a: Volcanion|Sludge Bomb|p2a: Tapu Lele
|-supereffective|p2a: Tapu Lele
|-damage|p2a: Tapu Lele|17/100
|
|upkeep
|turn|22
|
|t:|1661286555
|switch|p1a: Excadrill|Excadrill, F|100/100
|-ability|p1a: Excadrill|Mold Breaker
|move|p2a: Tapu Lele|Thunderbolt|p1a: Excadrill
|-immune|p1a: Excadrill
|
|upkeep
|turn|23
|
|t:|1661286562
|switch|p2a: Urshifu|Urshifu-Rapid-Strike, F|94/100
|move|p1a: Excadrill|Rapid Spin|p2a: Urshifu
|-damage|p2a: Urshifu|77/100
|-boost|p1a: Excadrill|spe|1
|
|upkeep
|turn|24
|
|t:|1661286566
|move|p1a: Excadrill|Earthquake|p2a: Urshifu
|-damage|p2a: Urshifu|19/100
|move|p2a: Urshifu|Close Combat|p1a: Excadrill
|-supereffective|p1a: Excadrill
|-damage|p1a: Excadrill|0 fnt
|-unboost|p2a: Urshifu|def|1
|-unboost|p2a: Urshifu|spd|1
|faint|p1a: Excadrill
|
|upkeep
|
|t:|1661286570
|switch|p1a: Volcanion|Volcanion|91/100
|turn|25
|
|t:|1661286575
|move|p2a: Urshifu|U-turn|p1a: Volcanion
|-resisted|p1a: Volcanion
|-crit|p1a: Volcanion
|-damage|p1a: Volcanion|76/100
|
|t:|1661286578
|switch|p2a: Corviknight|Corviknight, M|53/100|[from]move: U-turn
|-ability|p2a: Corviknight|Pressure
|move|p1a: Volcanion|Flamethrower|p2a: Corviknight
|-supereffective|p2a: Corviknight
|-damage|p2a: Corviknight|0 fnt
|faint|p2a: Corviknight
|
|-fieldend|move: Psychic Terrain
|upkeep
|
|t:|1661286585
|switch|p2a: Tapu Lele|Tapu Lele|17/100
|-fieldstart|move: Psychic Terrain|[from] ability: Psychic Surge|[of] p2a: Tapu Lele
|turn|26
|
|t:|1661286590
|move|p2a: Tapu Lele|Thunderbolt|p1a: Volcanion
|-supereffective|p1a: Volcanion
|-damage|p1a: Volcanion|2/100
|move|p1a: Volcanion|Flamethrower|p2a: Tapu Lele
|-damage|p2a: Tapu Lele|0 fnt
|faint|p2a: Tapu Lele
|
|upkeep
|
|t:|1661286592
|switch|p2a: Urshifu|Urshifu-Rapid-Strike, F|19/100
|turn|27
|
|t:|1661286595
|move|p2a: Urshifu|Close Combat|p1a: Volcanion
|-damage|p1a: Volcanion|0 fnt
|-unboost|p2a: Urshifu|def|1
|-unboost|p2a: Urshifu|spd|1
|faint|p1a: Volcanion
|
|upkeep
|
|t:|1661286596
|switch|p1a: Moltres|Moltres-Galar|100/100
|turn|28
|
|t:|1661286599
|move|p2a: Urshifu|Close Combat|p1a: Moltres
|-damage|p1a: Moltres|31/100
|-unboost|p2a: Urshifu|def|1
|-unboost|p2a: Urshifu|spd|1
|-ability|p1a: Moltres|Berserk|boost
|-boost|p1a: Moltres|spa|1
|move|p1a: Moltres|Fiery Wrath|p2a: Urshifu
|-resisted|p2a: Urshifu
|-damage|p2a: Urshifu|0 fnt
|faint|p2a: Urshifu
|
|win|Pinkacross
|raw|Pinkacross's rating: 1685 &rarr; <strong>1709</strong><br />(+24 for winning)
|raw|LT94JEwhyaddicted's rating: 1763 &rarr; <strong>1739</strong><br />(-24 for losing)
|c|☆Pinkacross|gg
|c|☆LT94JEwhyaddicted|gg
