|j|☆Gayskeletor
|j|☆Steez Ibanez
|t:|1667534193
|gametype|singles
|player|p1|Gayskeletor|hooligans|1742
|player|p2|Steez Ibanez|acetrainer-gen7|1797
|teamsize|p1|6
|teamsize|p2|6
|gen|8
|tier|[Gen 8] OU
|rated|
|rule|Sleep Clause Mod: Limit one foe put to sleep
|rule|Species Clause: Limit one of each Pokémon
|rule|OHKO Clause: OHKO moves are banned
|rule|Evasion Items Clause: Evasion items are banned
|rule|Evasion Moves Clause: Evasion moves are banned
|rule|Endless Battle Clause: Forcing endless battles is banned
|rule|HP Percentage Mod: HP is shown in percentages
|rule|Dynamax Clause: You cannot dynamax
|clearpoke
|poke|p1|Tapu Koko|
|poke|p1|Scizor, M|
|poke|p1|Blissey, F|
|poke|p1|Skarmory, M|
|poke|p1|Dragonite, M|
|poke|p1|Gastrodon, M|
|poke|p2|Zeraora|
|poke|p2|Weezing-Galar, M|
|poke|p2|Gastrodon-East, M|
|poke|p2|Ferrothorn, M|
|poke|p2|Zapdos|
|poke|p2|Heatran, M|
|teampreview
|inactive|Battle timer is ON: inactive players will automatically lose when time's up. (requested by Steez Ibanez)
|inactive|Gayskeletor has 120 seconds left.
|inactive|Steez Ibanez has 120 seconds left.
|
|t:|1667534256
|start
|switch|p1a: Skarmory|Skarmory, M|100/100
|switch|p2a: Speedwagon|Weezing-Galar, M|100/100
|turn|1
|
|t:|1667534265
|switch|p1a: Blissey|Blissey, F|100/100
|move|p2a: Speedwagon|Toxic Spikes|p1a: Blissey
|-sidestart|p1: Gayskeletor|move: Toxic Spikes
|
|upkeep
|turn|2
|
|t:|1667534280
|switch|p2a: Abomination|Ferrothorn, M|100/100
|move|p1a: Blissey|Stealth Rock|p2a: Abomination
|-sidestart|p2: Steez Ibanez|move: Stealth Rock
|
|upkeep
|turn|3
|j| cypherstest
|
|t:|1667534295
|switch|p1a: Skarmory|Skarmory, M|100/100
|move|p2a: Abomination|Spikes|p1a: Skarmory
|-sidestart|p1: Gayskeletor|Spikes
|
|upkeep
|turn|4
|
|t:|1667534301
|move|p1a: Skarmory|Spikes|p2a: Abomination
|-sidestart|p2: Steez Ibanez|Spikes
|move|p2a: Abomination|Leech Seed|p1a: Skarmory
|-start|p1a: Skarmory|move: Leech Seed
|
|-damage|p1a: Skarmory|88/100|[from] Leech Seed|[of] p2a: Abomination
|upkeep
|turn|5
|
|t:|1667534311
|move|p1a: Skarmory|Spikes|p2a: Abomination
|-sidestart|p2: Steez Ibanez|Spikes
|move|p2a: Abomination|Knock Off|p1a: Skarmory
|-damage|p1a: Skarmory|76/100
|-enditem|p1a: Skarmory|Shed Shell|[from] move: Knock Off|[of] p2a: Abomination
|
|-damage|p1a: Skarmory|64/100|[from] Leech Seed|[of] p2a: Abomination
|upkeep
|turn|6
|
|t:|1667534316
|move|p1a: Skarmory|Roost|p1a: Skarmory
|-heal|p1a: Skarmory|100/100
|-singleturn|p1a: Skarmory|move: Roost
|move|p2a: Abomination|Spikes|p1a: Skarmory
|-sidestart|p1: Gayskeletor|Spikes
|
|-damage|p1a: Skarmory|88/100|[from] Leech Seed|[of] p2a: Abomination
|upkeep
|turn|7
|
|t:|1667534318
|move|p1a: Skarmory|Spikes|p2a: Abomination
|-sidestart|p2: Steez Ibanez|Spikes
|move|p2a: Abomination|Spikes|p1a: Skarmory
|-sidestart|p1: Gayskeletor|Spikes
|
|-damage|p1a: Skarmory|76/100|[from] Leech Seed|[of] p2a: Abomination
|upkeep
|turn|8
|
|t:|1667534320
|move|p1a: Skarmory|Roost|p1a: Skarmory
|-heal|p1a: Skarmory|100/100
|-singleturn|p1a: Skarmory|move: Roost
|move|p2a: Abomination|Knock Off|p1a: Skarmory
|-damage|p1a: Skarmory|92/100
|
|-damage|p1a: Skarmory|80/100|[from] Leech Seed|[of] p2a: Abomination
|upkeep
|turn|9
|
|t:|1667534332
|move|p1a: Skarmory|Roost|p1a: Skarmory
|-heal|p1a: Skarmory|100/100
|-singleturn|p1a: Skarmory|move: Roost
|move|p2a: Abomination|Knock Off|p1a: Skarmory
|-damage|p1a: Skarmory|92/100
|
|-damage|p1a: Skarmory|80/100|[from] Leech Seed|[of] p2a: Abomination
|upkeep
|turn|10
|
|t:|1667534338
|switch|p1a: Gastrodon|Gastrodon, M|100/100
|move|p2a: Abomination|Knock Off|p1a: Gastrodon
|-damage|p1a: Gastrodon|76/100
|-activate|p1a: Gastrodon|ability: Sticky Hold
|
|upkeep
|turn|11
|
|t:|1667534345
|switch|p1a: Skarmory|Skarmory, M|80/100
|switch|p2a: Gary|Gastrodon-East, M, shiny|100/100
|
|upkeep
|turn|12
|
|t:|1667534351
|move|p1a: Skarmory|Toxic|p2a: Gary|[miss]
|-miss|p1a: Skarmory|p2a: Gary
|move|p2a: Gary|Scald|p1a: Skarmory
|-damage|p1a: Skarmory|42/100
|
|upkeep
|turn|13
|
|t:|1667534359
|switch|p2a: Hephaestus|Heatran, M|100/100
|-damage|p2a: Hephaestus|88/100|[from] Stealth Rock
|-item|p2a: Hephaestus|Air Balloon
|move|p1a: Skarmory|Roost|p1a: Skarmory
|-heal|p1a: Skarmory|92/100
|-singleturn|p1a: Skarmory|move: Roost
|
|upkeep
|turn|14
|j|+Disorient
|
|t:|1667534385
|switch|p1a: Dragonite|Dragonite, M|100/100
|move|p2a: Hephaestus|Stealth Rock|p1a: Dragonite
|-sidestart|p1: Gayskeletor|move: Stealth Rock
|
|upkeep
|turn|15
|
|t:|1667534393
|move|p2a: Hephaestus|Magma Storm|p1a: Dragonite
|-resisted|p1a: Dragonite
|-damage|p1a: Dragonite|88/100
|-activate|p1a: Dragonite|move: Magma Storm|[of] p2a: Hephaestus
|move|p1a: Dragonite|Ice Beam|p2a: Hephaestus
|-resisted|p2a: Hephaestus
|-damage|p2a: Hephaestus|83/100
|-enditem|p2a: Hephaestus|Air Balloon
|
|-damage|p1a: Dragonite|76/100|[from] move: Magma Storm|[partiallytrapped]
|upkeep
|turn|16
|
|t:|1667534407
|switch|p2a: Speedwagon|Weezing-Galar, M|100/100
|-damage|p2a: Speedwagon|88/100|[from] Stealth Rock
|move|p1a: Dragonite|Earthquake|p2a: Speedwagon
|-immune|p2a: Speedwagon|[from] ability: Levitate
|
|-heal|p2a: Speedwagon|94/100|[from] item: Black Sludge
|-end|p1a: Dragonite|Magma Storm|[partiallytrapped]|[silent]
|upkeep
|turn|17
|
|t:|1667534419
|switch|p1a: Gastrodon|Gastrodon, M|76/100
|switch|p2a: Jotaro|Zeraora|100/100
|
|upkeep
|turn|18
|
|t:|1667534432
|switch|p2a: Gary|Gastrodon-East, M, shiny|100/100
|switch|p1a: Dragonite|Dragonite, M|76/100
|
|upkeep
|turn|19
|
|t:|1667534439
|switch|p1a: Blissey|Blissey, F|100/100
|move|p2a: Gary|Scald|p1a: Blissey
|-damage|p1a: Blissey|93/100
|
|upkeep
|turn|20
|
|t:|1667534444
|switch|p2a: Abomination|Ferrothorn, M|100/100
|-damage|p2a: Abomination|95/100|[from] Stealth Rock
|-damage|p2a: Abomination|70/100|[from] Spikes
|move|p1a: Blissey|Seismic Toss|p2a: Abomination
|-damage|p2a: Abomination|41/100
|-damage|p1a: Blissey|80/100|[from] ability: Iron Barbs|[of] p2a: Abomination
|-damage|p1a: Blissey|64/100|[from] item: Rocky Helmet|[of] p2a: Abomination
|
|upkeep
|turn|21
|j| tapu moxo
|
|t:|1667534453
|switch|p1a: Skarmory|Skarmory, M|92/100
|-damage|p1a: Skarmory|80/100|[from] Stealth Rock
|move|p2a: Abomination|Leech Seed|p1a: Skarmory
|-start|p1a: Skarmory|move: Leech Seed
|
|-damage|p1a: Skarmory|67/100|[from] Leech Seed|[of] p2a: Abomination
|-heal|p2a: Abomination|53/100|[silent]
|upkeep
|turn|22
|
|t:|1667534462
|move|p1a: Skarmory|Body Press|p2a: Abomination
|-supereffective|p2a: Abomination
|-damage|p2a: Abomination|18/100
|-damage|p1a: Skarmory|55/100|[from] ability: Iron Barbs|[of] p2a: Abomination
|-damage|p1a: Skarmory|39/100|[from] item: Rocky Helmet|[of] p2a: Abomination
|move|p2a: Abomination|Knock Off|p1a: Skarmory
|-damage|p1a: Skarmory|29/100
|
|-damage|p1a: Skarmory|17/100|[from] Leech Seed|[of] p2a: Abomination
|-heal|p2a: Abomination|30/100|[silent]
|upkeep
|turn|23
|
|t:|1667534468
|move|p1a: Skarmory|Roost|p1a: Skarmory
|-heal|p1a: Skarmory|67/100
|-singleturn|p1a: Skarmory|move: Roost
|move|p2a: Abomination|Knock Off|p1a: Skarmory
|-damage|p1a: Skarmory|58/100
|
|-damage|p1a: Skarmory|46/100|[from] Leech Seed|[of] p2a: Abomination
|-heal|p2a: Abomination|42/100|[silent]
|upkeep
|turn|24
|
|t:|1667534472
|move|p1a: Skarmory|Roost|p1a: Skarmory
|-heal|p1a: Skarmory|96/100
|-singleturn|p1a: Skarmory|move: Roost
|move|p2a: Abomination|Knock Off|p1a: Skarmory
|-damage|p1a: Skarmory|88/100
|
|-damage|p1a: Skarmory|75/100|[from] Leech Seed|[of] p2a: Abomination
|-heal|p2a: Abomination|53/100|[silent]
|upkeep
|turn|25
|
|t:|1667534483
|move|p1a: Skarmory|Body Press|p2a: Abomination
|-supereffective|p2a: Abomination
|-damage|p2a: Abomination|14/100
|-damage|p1a: Skarmory|63/100|[from] ability: Iron Barbs|[of] p2a: Abomination
|-damage|p1a: Skarmory|47/100|[from] item: Rocky Helmet|[of] p2a: Abomination
|move|p2a: Abomination|Knock Off|p1a: Skarmory
|-damage|p1a: Skarmory|37/100
|
|-damage|p1a: Skarmory|25/100|[from] Leech Seed|[of] p2a: Abomination
|-heal|p2a: Abomination|26/100|[silent]
|upkeep
|turn|26
|
|t:|1667534492
|move|p1a: Skarmory|Roost|p1a: Skarmory
|-heal|p1a: Skarmory|75/100
|-singleturn|p1a: Skarmory|move: Roost
|move|p2a: Abomination|Knock Off|p1a: Skarmory
|-damage|p1a: Skarmory|65/100
|
|-damage|p1a: Skarmory|53/100|[from] Leech Seed|[of] p2a: Abomination
|-heal|p2a: Abomination|38/100|[silent]
|upkeep
|turn|27
|
|t:|1667534501
|move|p1a: Skarmory|Body Press|p2a: Abomination
|-supereffective|p2a: Abomination
|-damage|p2a: Abomination|2/100
|-damage|p1a: Skarmory|41/100|[from] ability: Iron Barbs|[of] p2a: Abomination
|-damage|p1a: Skarmory|24/100|[from] item: Rocky Helmet|[of] p2a: Abomination
|move|p2a: Abomination|Knock Off|p1a: Skarmory
|-damage|p1a: Skarmory|15/100
|
|-damage|p1a: Skarmory|3/100|[from] Leech Seed|[of] p2a: Abomination
|-heal|p2a: Abomination|14/100|[silent]
|upkeep
|turn|28
|
|t:|1667534506
|move|p1a: Skarmory|Roost|p1a: Skarmory
|-heal|p1a: Skarmory|53/100
|-singleturn|p1a: Skarmory|move: Roost
|move|p2a: Abomination|Knock Off|p1a: Skarmory
|-damage|p1a: Skarmory|43/100
|
|-damage|p1a: Skarmory|31/100|[from] Leech Seed|[of] p2a: Abomination
|-heal|p2a: Abomination|25/100|[silent]
|upkeep
|turn|29
|
|t:|1667534508
|move|p1a: Skarmory|Roost|p1a: Skarmory
|-heal|p1a: Skarmory|81/100
|-singleturn|p1a: Skarmory|move: Roost
|move|p2a: Abomination|Knock Off|p1a: Skarmory
|-damage|p1a: Skarmory|72/100
|
|-damage|p1a: Skarmory|59/100|[from] Leech Seed|[of] p2a: Abomination
|-heal|p2a: Abomination|37/100|[silent]
|upkeep
|turn|30
|
|t:|1667534512
|move|p1a: Skarmory|Body Press|p2a: Abomination
|-supereffective|p2a: Abomination
|-damage|p2a: Abomination|0 fnt
|-damage|p1a: Skarmory|47/100|[from] ability: Iron Barbs|[of] p2a: Abomination
|-damage|p1a: Skarmory|31/100|[from] item: Rocky Helmet|[of] p2a: Abomination
|faint|p2a: Abomination
|
|upkeep
|
|t:|1667534514
|switch|p2a: Jotaro|Zeraora|100/100
|turn|31
|
|t:|1667534520
|switch|p1a: Gastrodon|Gastrodon, M|76/100
|move|p2a: Jotaro|Plasma Fists|p1a: Gastrodon
|-immune|p1a: Gastrodon
|
|upkeep
|turn|32
|
|t:|1667534526
|move|p2a: Jotaro|Taunt|p1a: Gastrodon
|-start|p1a: Gastrodon|move: Taunt
|cant|p1a: Gastrodon|move: Taunt|Recover
|
|upkeep
|turn|33
|
|t:|1667534533
|switch|p2a: Gary|Gastrodon-East, M, shiny|100/100
|move|p1a: Gastrodon|Earthquake|p2a: Gary
|-damage|p2a: Gary|74/100
|
|upkeep
|turn|34
|
|t:|1667534539
|switch|p1a: Blissey|Blissey, F|64/100
|move|p2a: Gary|Scald|p1a: Blissey
|-damage|p1a: Blissey|54/100
|-status|p1a: Blissey|brn
|
|-damage|p1a: Blissey|48/100 brn|[from] brn
|upkeep
|turn|35
|
|t:|1667534542
|switch|p2a: Jotaro|Zeraora|100/100
|move|p1a: Blissey|Soft-Boiled|p1a: Blissey
|-heal|p1a: Blissey|98/100 brn
|
|-damage|p1a: Blissey|92/100 brn|[from] brn
|upkeep
|turn|36
|
|t:|1667534549
|move|p2a: Jotaro|Knock Off|p1a: Blissey
|-damage|p1a: Blissey|64/100 brn
|-enditem|p1a: Blissey|Heavy-Duty Boots|[from] move: Knock Off|[of] p2a: Jotaro
|move|p1a: Blissey|Toxic|p2a: Jotaro|[miss]
|-miss|p1a: Blissey|p2a: Jotaro
|
|-damage|p1a: Blissey|58/100 brn|[from] brn
|upkeep
|turn|37
|
|t:|1667534560
|move|p2a: Jotaro|Close Combat|p1a: Blissey
|-supereffective|p1a: Blissey
|-damage|p1a: Blissey|0 fnt
|-unboost|p2a: Jotaro|def|1
|-unboost|p2a: Jotaro|spd|1
|faint|p1a: Blissey
|
|upkeep
|
|t:|1667534570
|switch|p1a: Dragonite|Dragonite, M|76/100
|turn|38
|
|t:|1667534578
|switch|p2a: Bolt|Zapdos|100/100
|move|p1a: Dragonite|Earthquake|p2a: Bolt
|-immune|p2a: Bolt
|
|upkeep
|turn|39
|
|t:|1667534583
|move|p2a: Bolt|Toxic|p1a: Dragonite|[miss]
|-miss|p2a: Bolt|p1a: Dragonite
|move|p1a: Dragonite|Roost|p1a: Dragonite
|-heal|p1a: Dragonite|100/100
|-singleturn|p1a: Dragonite|move: Roost
|
|upkeep
|turn|40
|
|t:|1667534589
|move|p2a: Bolt|Toxic|p1a: Dragonite
|-status|p1a: Dragonite|tox
|move|p1a: Dragonite|Ice Beam|p2a: Bolt
|-supereffective|p2a: Bolt
|-damage|p2a: Bolt|60/100
|
|-damage|p1a: Dragonite|94/100 tox|[from] psn
|upkeep
|turn|41
|
|t:|1667534592
|move|p2a: Bolt|Roost|p2a: Bolt
|-heal|p2a: Bolt|100/100
|-singleturn|p2a: Bolt|move: Roost
|move|p1a: Dragonite|Heal Bell|p1a: Dragonite
|-activate|p1a: Dragonite|move: Heal Bell
|-curestatus|p1a: Dragonite|tox|[msg]
|
|upkeep
|turn|42
|
|t:|1667534597
|switch|p1a: Tapu Koko|Tapu Koko|100/100
|-fieldstart|move: Electric Terrain|[from] ability: Electric Surge|[of] p1a: Tapu Koko
|move|p2a: Bolt|Volt Switch|p1a: Tapu Koko
|-resisted|p1a: Tapu Koko
|-damage|p1a: Tapu Koko|83/100
|
|t:|1667534599
|switch|p2a: Gary|Gastrodon-East, M, shiny|74/100|[from]move: Volt Switch
|
|upkeep
|turn|43
|
|t:|1667534603
|switch|p1a: Scizor|Scizor, M|100/100
|move|p2a: Gary|Recover|p2a: Gary
|-heal|p2a: Gary|100/100
|
|upkeep
|turn|44
|
|t:|1667534608
|switch|p2a: Hephaestus|Heatran, M|83/100
|-damage|p2a: Hephaestus|71/100|[from] Stealth Rock
|-damage|p2a: Hephaestus|46/100|[from] Spikes
|move|p1a: Scizor|Knock Off|p2a: Hephaestus
|-damage|p2a: Hephaestus|27/100
|
|upkeep
|turn|45
|
|t:|1667534614
|switch|p1a: Dragonite|Dragonite, M|94/100
|move|p2a: Hephaestus|Magma Storm|p1a: Dragonite
|-resisted|p1a: Dragonite
|-damage|p1a: Dragonite|69/100
|-activate|p1a: Dragonite|move: Magma Storm|[of] p2a: Hephaestus
|
|-damage|p1a: Dragonite|57/100|[from] move: Magma Storm|[partiallytrapped]
|upkeep
|turn|46
|
|t:|1667534626
|switch|p2a: Bolt|Zapdos|100/100
|move|p1a: Dragonite|Roost|p1a: Dragonite
|-heal|p1a: Dragonite|100/100
|-singleturn|p1a: Dragonite|move: Roost
|
|-end|p1a: Dragonite|Magma Storm|[partiallytrapped]|[silent]
|-fieldend|move: Electric Terrain
|upkeep
|turn|47
|
|t:|1667534635
|move|p2a: Bolt|Toxic|p1a: Dragonite|[miss]
|-miss|p2a: Bolt|p1a: Dragonite
|move|p1a: Dragonite|Ice Beam|p2a: Bolt
|-supereffective|p2a: Bolt
|-damage|p2a: Bolt|57/100
|
|upkeep
|turn|48
|
|t:|1667534638
|move|p2a: Bolt|Toxic|p1a: Dragonite
|-status|p1a: Dragonite|tox
|move|p1a: Dragonite|Ice Beam|p2a: Bolt
|-supereffective|p2a: Bolt
|-damage|p2a: Bolt|19/100
|
|-damage|p1a: Dragonite|94/100 tox|[from] psn
|upkeep
|turn|49
|
|t:|1667534641
|move|p2a: Bolt|Roost|p2a: Bolt
|-heal|p2a: Bolt|69/100
|-singleturn|p2a: Bolt|move: Roost
|move|p1a: Dragonite|Earthquake|p2a: Bolt
|-supereffective|p2a: Bolt
|-crit|p2a: Bolt
|-damage|p2a: Bolt|8/100
|
|-damage|p1a: Dragonite|82/100 tox|[from] psn
|upkeep
|turn|50
|
|t:|1667534647
|move|p2a: Bolt|Roost|p2a: Bolt
|-heal|p2a: Bolt|58/100
|-singleturn|p2a: Bolt|move: Roost
|move|p1a: Dragonite|Heal Bell|p1a: Dragonite
|-activate|p1a: Dragonite|move: Heal Bell
|-curestatus|p1a: Dragonite|tox|[msg]
|
|upkeep
|turn|51
|
|t:|1667534649
|move|p2a: Bolt|Toxic|p1a: Dragonite
|-status|p1a: Dragonite|tox
|move|p1a: Dragonite|Ice Beam|p2a: Bolt
|-supereffective|p2a: Bolt
|-damage|p2a: Bolt|18/100
|
|-damage|p1a: Dragonite|76/100 tox|[from] psn
|upkeep
|turn|52
|
|t:|1667534653
|move|p2a: Bolt|Roost|p2a: Bolt
|-heal|p2a: Bolt|68/100
|-singleturn|p2a: Bolt|move: Roost
|move|p1a: Dragonite|Heal Bell|p1a: Dragonite
|-activate|p1a: Dragonite|move: Heal Bell
|-curestatus|p1a: Dragonite|tox|[msg]
|
|upkeep
|turn|53
|
|t:|1667534662
|move|p2a: Bolt|Toxic|p1a: Dragonite
|-status|p1a: Dragonite|tox
|move|p1a: Dragonite|Ice Beam|p2a: Bolt
|-supereffective|p2a: Bolt
|-damage|p2a: Bolt|24/100
|-status|p2a: Bolt|frz
|
|-damage|p1a: Dragonite|69/100 tox|[from] psn
|upkeep
|turn|54
|
|t:|1667534674
|cant|p2a: Bolt|frz
|move|p1a: Dragonite|Heal Bell|p1a: Dragonite
|-activate|p1a: Dragonite|move: Heal Bell
|-curestatus|p1a: Dragonite|tox|[msg]
|
|upkeep
|turn|55
|
|t:|1667534678
|cant|p2a: Bolt|frz
|move|p1a: Dragonite|Ice Beam|p2a: Bolt
|-supereffective|p2a: Bolt
|-damage|p2a: Bolt|0 fnt
|faint|p2a: Bolt
|
|upkeep
|
|t:|1667534680
|switch|p2a: Speedwagon|Weezing-Galar, M|94/100
|-damage|p2a: Speedwagon|82/100|[from] Stealth Rock
|turn|56
|
|t:|1667534687
|switch|p1a: Gastrodon|Gastrodon, M|76/100
|move|p2a: Speedwagon|Strange Steam|p1a: Gastrodon
|-damage|p1a: Gastrodon|57/100
|
|-heal|p2a: Speedwagon|88/100|[from] item: Black Sludge
|upkeep
|turn|57
|
|t:|1667534690
|move|p2a: Speedwagon|Sludge Bomb|p1a: Gastrodon
|-resisted|p1a: Gastrodon
|-damage|p1a: Gastrodon|49/100
|-status|p1a: Gastrodon|psn
|move|p1a: Gastrodon|Recover|p1a: Gastrodon
|-heal|p1a: Gastrodon|99/100 psn
|
|-heal|p2a: Speedwagon|94/100|[from] item: Black Sludge
|-damage|p1a: Gastrodon|87/100 psn|[from] psn
|upkeep
|turn|58
|
|t:|1667534700
|move|p2a: Speedwagon|Strange Steam|p1a: Gastrodon
|-damage|p1a: Gastrodon|68/100 psn
|move|p1a: Gastrodon|Scald|p2a: Speedwagon
|-damage|p2a: Speedwagon|57/100
|
|-heal|p2a: Speedwagon|63/100|[from] item: Black Sludge
|-damage|p1a: Gastrodon|55/100 psn|[from] psn
|upkeep
|turn|59
|
|t:|1667534704
|move|p2a: Speedwagon|Strange Steam|p1a: Gastrodon
|-damage|p1a: Gastrodon|39/100 psn
|move|p1a: Gastrodon|Recover|p1a: Gastrodon
|-heal|p1a: Gastrodon|89/100 psn
|
|-heal|p2a: Speedwagon|69/100|[from] item: Black Sludge
|-damage|p1a: Gastrodon|77/100 psn|[from] psn
|upkeep
|turn|60
|j| Mqwe
|
|t:|1667534713
|move|p2a: Speedwagon|Strange Steam|p1a: Gastrodon
|-damage|p1a: Gastrodon|58/100 psn
|move|p1a: Gastrodon|Recover|p1a: Gastrodon
|-heal|p1a: Gastrodon|100/100 psn
|
|-heal|p2a: Speedwagon|75/100|[from] item: Black Sludge
|-damage|p1a: Gastrodon|88/100 psn|[from] psn
|upkeep
|turn|61
|
|t:|1667534716
|switch|p2a: Gary|Gastrodon-East, M, shiny|100/100
|move|p1a: Gastrodon|Scald|p2a: Gary
|-ability|p2a: Gary|Storm Drain|boost
|-boost|p2a: Gary|spa|1
|
|-damage|p1a: Gastrodon|76/100 psn|[from] psn
|upkeep
|turn|62
|
|t:|1667534721
|move|p1a: Gastrodon|Clear Smog|p2a: Gary
|-resisted|p2a: Gary
|-damage|p2a: Gary|97/100
|-clearboost|p2a: Gary
|move|p2a: Gary|Scald|p1a: Gastrodon
|-damage|p1a: Gastrodon|60/100 psn
|
|-damage|p1a: Gastrodon|47/100 psn|[from] psn
|upkeep
|turn|63
|
|t:|1667534725
|move|p1a: Gastrodon|Recover|p1a: Gastrodon
|-heal|p1a: Gastrodon|97/100 psn
|move|p2a: Gary|Scald|p1a: Gastrodon
|-damage|p1a: Gastrodon|80/100 psn
|
|-damage|p1a: Gastrodon|67/100 psn|[from] psn
|upkeep
|turn|64
|
|t:|1667534732
|switch|p1a: Dragonite|Dragonite, M|69/100
|move|p2a: Gary|Scald|p1a: Dragonite
|-resisted|p1a: Dragonite
|-damage|p1a: Dragonite|59/100
|
|upkeep
|turn|65
|
|t:|1667534735
|switch|p2a: Speedwagon|Weezing-Galar, M|75/100
|-damage|p2a: Speedwagon|62/100|[from] Stealth Rock
|move|p1a: Dragonite|Roost|p1a: Dragonite
|-heal|p1a: Dragonite|100/100
|-singleturn|p1a: Dragonite|move: Roost
|
|-heal|p2a: Speedwagon|68/100|[from] item: Black Sludge
|upkeep
|turn|66
|
|t:|1667534751
|move|p1a: Dragonite|Heal Bell|p1a: Dragonite
|-activate|p1a: Dragonite|move: Heal Bell
|-curestatus|p1: Gastrodon|psn|[msg]
|move|p2a: Speedwagon|Strange Steam|p1a: Dragonite
|-supereffective|p1a: Dragonite
|-damage|p1a: Dragonite|76/100
|
|-heal|p2a: Speedwagon|74/100|[from] item: Black Sludge
|upkeep
|turn|67
|
|t:|1667534760
|switch|p1a: Gastrodon|Gastrodon, M|67/100
|move|p2a: Speedwagon|Sludge Bomb|p1a: Gastrodon
|-resisted|p1a: Gastrodon
|-damage|p1a: Gastrodon|58/100
|
|-heal|p2a: Speedwagon|80/100|[from] item: Black Sludge
|upkeep
|turn|68
|
|t:|1667534763
|move|p2a: Speedwagon|Sludge Bomb|p1a: Gastrodon
|-resisted|p1a: Gastrodon
|-damage|p1a: Gastrodon|49/100
|move|p1a: Gastrodon|Recover|p1a: Gastrodon
|-heal|p1a: Gastrodon|99/100
|
|-heal|p2a: Speedwagon|86/100|[from] item: Black Sludge
|upkeep
|turn|69
|
|t:|1667534766
|move|p2a: Speedwagon|Sludge Bomb|p1a: Gastrodon
|-resisted|p1a: Gastrodon
|-damage|p1a: Gastrodon|90/100
|move|p1a: Gastrodon|Scald|p2a: Speedwagon
|-damage|p2a: Speedwagon|54/100
|
|-heal|p2a: Speedwagon|60/100|[from] item: Black Sludge
|upkeep
|turn|70
|
|t:|1667534768
|move|p2a: Speedwagon|Sludge Bomb|p1a: Gastrodon
|-resisted|p1a: Gastrodon
|-damage|p1a: Gastrodon|81/100
|-status|p1a: Gastrodon|psn
|move|p1a: Gastrodon|Scald|p2a: Speedwagon
|-damage|p2a: Speedwagon|27/100
|
|-heal|p2a: Speedwagon|33/100|[from] item: Black Sludge
|-damage|p1a: Gastrodon|68/100 psn|[from] psn
|upkeep
|turn|71
|
|t:|1667534770
|move|p2a: Speedwagon|Pain Split|p1a: Gastrodon
|-sethp|p1a: Gastrodon|47/100 psn|[from] move: Pain Split|[silent]
|-sethp|p2a: Speedwagon|60/100|[from] move: Pain Split
|move|p1a: Gastrodon|Scald|p2a: Speedwagon
|-damage|p2a: Speedwagon|27/100
|
|-heal|p2a: Speedwagon|33/100|[from] item: Black Sludge
|-damage|p1a: Gastrodon|35/100 psn|[from] psn
|upkeep
|turn|72
|
|t:|1667534775
|move|p2a: Speedwagon|Strange Steam|p1a: Gastrodon
|-damage|p1a: Gastrodon|16/100 psn
|-start|p1a: Gastrodon|confusion
|-activate|p1a: Gastrodon|confusion
|move|p1a: Gastrodon|Recover|p1a: Gastrodon
|-heal|p1a: Gastrodon|66/100 psn
|
|-heal|p2a: Speedwagon|39/100|[from] item: Black Sludge
|-damage|p1a: Gastrodon|54/100 psn|[from] psn
|upkeep
|turn|73
|
|t:|1667534781
|switch|p1a: Tapu Koko|Tapu Koko|83/100
|-fieldstart|move: Electric Terrain|[from] ability: Electric Surge|[of] p1a: Tapu Koko
|move|p2a: Speedwagon|Strange Steam|p1a: Tapu Koko|[miss]
|-miss|p2a: Speedwagon|p1a: Tapu Koko
|
|-heal|p2a: Speedwagon|45/100|[from] item: Black Sludge
|upkeep
|turn|74
|
|t:|1667534787
|switch|p2a: Gary|Gastrodon-East, M, shiny|97/100
|move|p1a: Tapu Koko|Volt Switch|p2a: Gary
|-immune|p2a: Gary
|
|upkeep
|turn|75
|
|t:|1667534793
|switch|p1a: Dragonite|Dragonite, M|76/100
|move|p2a: Gary|Scald|p1a: Dragonite
|-resisted|p1a: Dragonite
|-damage|p1a: Dragonite|64/100
|
|upkeep
|turn|76
|
|t:|1667534795
|switch|p2a: Speedwagon|Weezing-Galar, M|45/100
|-damage|p2a: Speedwagon|33/100|[from] Stealth Rock
|move|p1a: Dragonite|Heal Bell|p1a: Dragonite
|-activate|p1a: Dragonite|move: Heal Bell
|-curestatus|p1: Gastrodon|psn|[msg]
|
|-heal|p2a: Speedwagon|39/100|[from] item: Black Sludge
|upkeep
|turn|77
|
|t:|1667534799
|move|p1a: Dragonite|Ice Beam|p2a: Speedwagon
|-damage|p2a: Speedwagon|10/100
|move|p2a: Speedwagon|Sludge Bomb|p1a: Dragonite
|-damage|p1a: Dragonite|40/100
|-status|p1a: Dragonite|psn
|
|-heal|p2a: Speedwagon|16/100|[from] item: Black Sludge
|-damage|p1a: Dragonite|28/100 psn|[from] psn
|-fieldend|move: Electric Terrain
|upkeep
|turn|78
|
|t:|1667534804
|move|p1a: Dragonite|Ice Beam|p2a: Speedwagon
|-damage|p2a: Speedwagon|0 fnt
|faint|p2a: Speedwagon
|
|-damage|p1a: Dragonite|16/100 psn|[from] psn
|upkeep
|
|t:|1667534806
|switch|p2a: Jotaro|Zeraora|100/100
|turn|79
|
|t:|1667534816
|switch|p1a: Scizor|Scizor, M|100/100
|move|p2a: Jotaro|Knock Off|p1a: Scizor
|-damage|p1a: Scizor|72/100
|-enditem|p1a: Scizor|Heavy-Duty Boots|[from] move: Knock Off|[of] p2a: Jotaro
|
|upkeep
|turn|80
|
|t:|1667534827
|move|p2a: Jotaro|Plasma Fists|p1a: Scizor
|-damage|p1a: Scizor|27/100
|-fieldactivate|move: Ion Deluge
|-hint|Normal-type moves become Electric-type after using Plasma Fists.
|move|p1a: Scizor|Swords Dance|p1a: Scizor
|-boost|p1a: Scizor|atk|2
|
|upkeep
|turn|81
|
|t:|1667534831
|move|p1a: Scizor|Bullet Punch|p2a: Jotaro
|-resisted|p2a: Jotaro
|-damage|p2a: Jotaro|67/100
|move|p2a: Jotaro|Plasma Fists|p1a: Scizor
|-damage|p1a: Scizor|0 fnt
|-fieldactivate|move: Ion Deluge
|-hint|Normal-type moves become Electric-type after using Plasma Fists.
|faint|p1a: Scizor
|
|upkeep
|
|t:|1667534837
|switch|p1a: Gastrodon|Gastrodon, M|54/100
|turn|82
|
|t:|1667534840
|switch|p2a: Gary|Gastrodon-East, M, shiny|97/100
|move|p1a: Gastrodon|Earthquake|p2a: Gary
|-damage|p2a: Gary|69/100
|
|upkeep
|turn|83
|
|t:|1667534854
|move|p1a: Gastrodon|Recover|p1a: Gastrodon
|-heal|p1a: Gastrodon|100/100
|move|p2a: Gary|Scald|p1a: Gastrodon
|-damage|p1a: Gastrodon|83/100
|
|upkeep
|turn|84
|
|t:|1667534868
|move|p1a: Gastrodon|Earthquake|p2a: Gary
|-crit|p2a: Gary
|-damage|p2a: Gary|23/100
|move|p2a: Gary|Scald|p1a: Gastrodon
|-damage|p1a: Gastrodon|65/100
|-status|p1a: Gastrodon|brn
|
|-damage|p1a: Gastrodon|59/100 brn|[from] brn
|upkeep
|turn|85
|
|t:|1667534875
|move|p1a: Gastrodon|Earthquake|p2a: Gary
|-damage|p2a: Gary|9/100
|move|p2a: Gary|Recover|p2a: Gary
|-heal|p2a: Gary|59/100
|
|-damage|p1a: Gastrodon|53/100 brn|[from] brn
|upkeep
|turn|86
|
|t:|1667534883
|move|p1a: Gastrodon|Recover|p1a: Gastrodon
|-heal|p1a: Gastrodon|100/100 brn
|move|p2a: Gary|Scald|p1a: Gastrodon
|-damage|p1a: Gastrodon|84/100 brn
|
|-damage|p1a: Gastrodon|78/100 brn|[from] brn
|upkeep
|turn|87
|
|t:|1667534888
|switch|p1a: Skarmory|Skarmory, M|31/100
|-damage|p1a: Skarmory|18/100|[from] Stealth Rock
|move|p2a: Gary|Recover|p2a: Gary
|-heal|p2a: Gary|100/100
|
|upkeep
|turn|88
|
|t:|1667534895
|move|p1a: Skarmory|Toxic|p2a: Gary
|-status|p2a: Gary|tox
|move|p2a: Gary|Scald|p1a: Skarmory
|-damage|p1a: Skarmory|0 fnt
|faint|p1a: Skarmory
|
|-damage|p2a: Gary|94/100 tox|[from] psn
|upkeep
|
|t:|1667534899
|switch|p1a: Dragonite|Dragonite, M|16/100 psn
|turn|89
|
|t:|1667534906
|switch|p2a: Jotaro|Zeraora|67/100
|move|p1a: Dragonite|Roost|p1a: Dragonite
|-heal|p1a: Dragonite|66/100 psn
|-singleturn|p1a: Dragonite|move: Roost
|
|-damage|p1a: Dragonite|53/100 psn|[from] psn
|upkeep
|turn|90
|
|t:|1667534911
|move|p2a: Jotaro|Plasma Fists|p1a: Dragonite
|-damage|p1a: Dragonite|20/100 psn
|-fieldactivate|move: Ion Deluge
|-hint|Normal-type moves become Electric-type after using Plasma Fists.
|move|p1a: Dragonite|Earthquake|p2a: Jotaro
|-supereffective|p2a: Jotaro
|-damage|p2a: Jotaro|0 fnt
|faint|p2a: Jotaro
|
|-damage|p1a: Dragonite|8/100 psn|[from] psn
|upkeep
|
|t:|1667534914
|switch|p2a: Gary|Gastrodon-East, M, shiny|94/100 tox
|turn|91
|-message|Steez Ibanez forfeited.
|
|win|Gayskeletor
|raw|Gayskeletor's rating: 1742 &rarr; <strong>1766</strong><br />(+24 for winning)
|raw|Steez Ibanez's rating: 1810 &rarr; <strong>1786</strong><br />(-24 for losing)
|l|☆Steez Ibanez
|l|☆Gayskeletor
|j| lowelofunn
|l| cypherstest
|l| lowelofunn
|j| SetsuStsna
