|j|☆quixana
|j|☆2(H2O)-Alt
|t:|1654987983
|gametype|singles
|player|p1|quixana|ethan-pokeathlon|1637
|player|p2|2(H2O)-Alt|lady|1685
|teamsize|p1|6
|teamsize|p2|6
|gen|8
|tier|[Gen 8] OU
|rated|
|rule|Sleep Clause Mod: Limit one foe put to sleep
|rule|Species Clause: Limit one of each Pokémon
|rule|OHKO Clause: OHKO moves are banned
|rule|Evasion Moves Clause: Evasion moves are banned
|rule|Endless Battle Clause: Forcing endless battles is banned
|rule|HP Percentage Mod: HP is shown in percentages
|rule|Dynamax Clause: You cannot dynamax
|clearpoke
|poke|p1|Clefable, M|
|poke|p1|Toxapex, F|
|poke|p1|Hippowdon, F|
|poke|p1|Excadrill, F|
|poke|p1|Blacephalon|
|poke|p1|Skarmory, M|
|poke|p2|Tapu Lele|
|poke|p2|Victini|
|poke|p2|Melmetal|
|poke|p2|Dragonite, M|
|poke|p2|Landorus-Therian, M|
|poke|p2|Urshifu-*, M|
|teampreview
|inactive|Battle timer is ON: inactive players will automatically lose when time's up. (requested by 2(H2O)-Alt)
|
|t:|1654988004
|start
|switch|p1a: Clefable|Clefable, M|100/100
|switch|p2a: Urshifu|Urshifu-Rapid-Strike, M|100/100
|turn|1
|l|☆quixana
|inactive|quixana disconnected and has a minute to reconnect!
|player|p1|
|j|☆quixana
|inactive|quixana reconnected and has 110 seconds left.
|player|p1|quixana|ethan-pokeathlon
|
|t:|1654988058
|move|p2a: Urshifu|U-turn|p1a: Clefable
|-resisted|p1a: Clefable
|-damage|p1a: Clefable|87/100
|
|t:|1654988061
|switch|p2a: Melmetal|Melmetal|100/100|[from]move: U-turn
|move|p1a: Clefable|Thunder|p2a: Melmetal
|-crit|p2a: Melmetal
|-damage|p2a: Melmetal|68/100
|-status|p2a: Melmetal|par
|
|upkeep
|turn|2
|
|t:|1654988069
|switch|p1a: Skarmory|Skarmory, M, shiny|100/100
|switch|p2a: Tapu Lele|Tapu Lele|100/100
|-fieldstart|move: Psychic Terrain|[from] ability: Psychic Surge|[of] p2a: Tapu Lele
|
|upkeep
|turn|3
|
|t:|1654988098
|move|p2a: Tapu Lele|Future Sight|p1a: Skarmory
|-start|p2a: Tapu Lele|move: Future Sight
|move|p1a: Skarmory|Roost||[still]
|-fail|p1a: Skarmory|heal
|
|upkeep
|turn|4
|
|t:|1654988112
|switch|p2a: Victini|Victini|100/100
|move|p1a: Skarmory|Spikes|p2a: Victini
|-sidestart|p2: 2(H2O)-Alt|Spikes
|
|upkeep
|turn|5
|inactive|quixana has 90 seconds left.
|
|t:|1654988141
|switch|p1a: Hippowdon|Hippowdon, F|100/100
|-weather|Sandstorm|[from] ability: Sand Stream|[of] p1a: Hippowdon
|move|p2a: Victini|V-create|p1a: Hippowdon
|-damage|p1a: Hippowdon|48/100
|-unboost|p2a: Victini|spe|1
|-unboost|p2a: Victini|def|1
|-unboost|p2a: Victini|spd|1
|
|-weather|Sandstorm|[upkeep]
|-damage|p2a: Victini|94/100|[from] Sandstorm
|-end|p1a: Hippowdon|move: Future Sight
|-damage|p1a: Hippowdon|0 fnt
|faint|p1a: Hippowdon
|upkeep
|
|t:|1654988155
|switch|p1a: Blacephalon|Blacephalon|100/100
|turn|6
|
|t:|1654988161
|switch|p2a: Dragonite|Dragonite, M|100/100
|move|p1a: Blacephalon|Shadow Ball|p2a: Dragonite
|-damage|p2a: Dragonite|75/100
|
|-weather|Sandstorm|[upkeep]
|-damage|p1a: Blacephalon|94/100|[from] Sandstorm
|-damage|p2a: Dragonite|68/100|[from] Sandstorm
|-fieldend|move: Psychic Terrain
|upkeep
|turn|7
|
|t:|1654988169
|move|p1a: Blacephalon|Shadow Ball|p2a: Dragonite
|-damage|p2a: Dragonite|11/100
|move|p2a: Dragonite|Earthquake|p1a: Blacephalon
|-supereffective|p1a: Blacephalon
|-damage|p1a: Blacephalon|0 fnt
|faint|p1a: Blacephalon
|
|-weather|Sandstorm|[upkeep]
|-damage|p2a: Dragonite|5/100|[from] Sandstorm
|upkeep
|
|t:|1654988178
|switch|p1a: Excadrill|Excadrill, F|100/100
|turn|8
|
|t:|1654988184
|switch|p2a: Landorus|Landorus-Therian, M|100/100
|-ability|p2a: Landorus|Intimidate|boost
|-unboost|p1a: Excadrill|atk|1
|move|p1a: Excadrill|Rapid Spin|p2a: Landorus
|-damage|p2a: Landorus|88/100
|-boost|p1a: Excadrill|spe|1
|
|-weather|Sandstorm|[upkeep]
|-heal|p2a: Landorus|94/100|[from] item: Leftovers
|upkeep
|turn|9
|j| Falrina
|inactive|quixana has 90 seconds left.
|
|t:|1654988211
|switch|p1a: Skarmory|Skarmory, M, shiny|100/100
|move|p2a: Landorus|Earthquake|p1a: Skarmory
|-immune|p1a: Skarmory
|
|-weather|none
|-heal|p2a: Landorus|99/100|[from] item: Leftovers
|upkeep
|turn|10
|l| Falrina
|inactive|quixana has 90 seconds left.
|
|t:|1654988220
|switch|p2a: Dragonite|Dragonite, M|5/100
|move|p1a: Skarmory|Body Press|p2a: Dragonite
|-resisted|p2a: Dragonite
|-damage|p2a: Dragonite|0 fnt
|faint|p2a: Dragonite
|
|upkeep
|
|t:|1654988230
|switch|p2a: Tapu Lele|Tapu Lele|100/100
|-damage|p2a: Tapu Lele|88/100|[from] Spikes
|-fieldstart|move: Psychic Terrain|[from] ability: Psychic Surge|[of] p2a: Tapu Lele
|turn|11
|
|t:|1654988243
|switch|p1a: Excadrill|Excadrill, F|100/100
|move|p2a: Tapu Lele|Future Sight|p1a: Excadrill
|-start|p2a: Tapu Lele|move: Future Sight
|
|upkeep
|turn|12
|
|t:|1654988254
|switch|p2a: Landorus|Landorus-Therian, M|99/100
|-ability|p2a: Landorus|Intimidate|boost
|-unboost|p1a: Excadrill|atk|1
|move|p1a: Excadrill|Iron Head|p2a: Landorus
|-damage|p2a: Landorus|72/100
|
|-heal|p2a: Landorus|78/100|[from] item: Leftovers
|upkeep
|turn|13
|
|t:|1654988259
|switch|p1a: Skarmory|Skarmory, M, shiny|100/100
|move|p2a: Landorus|U-turn|p1a: Skarmory
|-resisted|p1a: Skarmory
|-damage|p1a: Skarmory|97/100
|-damage|p2a: Landorus|62/100|[from] item: Rocky Helmet|[of] p1a: Skarmory
|
|t:|1654988265
|switch|p2a: Victini|Victini|94/100|[from]move: U-turn
|
|-end|p1a: Skarmory|move: Future Sight
|-resisted|p1a: Skarmory
|-damage|p1a: Skarmory|38/100
|upkeep
|turn|14
|
|t:|1654988273
|switch|p1a: Toxapex|Toxapex, F|100/100
|move|p2a: Victini|Expanding Force|p1a: Toxapex
|-supereffective|p1a: Toxapex
|-damage|p1a: Toxapex|33/100
|
|upkeep
|turn|15
|inactive|quixana has 120 seconds left.
|
|t:|1654988283
|switch|p1a: Excadrill|Excadrill, F|100/100
|move|p2a: Victini|Expanding Force|p1a: Excadrill
|-resisted|p1a: Excadrill
|-damage|p1a: Excadrill|68/100
|
|-heal|p1a: Excadrill|74/100|[from] item: Leftovers
|-fieldend|move: Psychic Terrain
|upkeep
|turn|16
|inactive|quixana has 120 seconds left.
|
|t:|1654988291
|move|p2a: Victini|V-create|p1a: Excadrill
|-supereffective|p1a: Excadrill
|-damage|p1a: Excadrill|0 fnt
|-unboost|p2a: Victini|spe|1
|-unboost|p2a: Victini|def|1
|-unboost|p2a: Victini|spd|1
|faint|p1a: Excadrill
|
|upkeep
|inactive|quixana has 120 seconds left.
|
|t:|1654988313
|switch|p1a: Clefable|Clefable, M|87/100
|turn|17
|
|t:|1654988327
|switch|p2a: Melmetal|Melmetal|68/100 par
|-damage|p2a: Melmetal|56/100 par|[from] Spikes
|move|p1a: Clefable|Moonblast|p2a: Melmetal
|-resisted|p2a: Melmetal
|-damage|p2a: Melmetal|41/100 par
|
|upkeep
|turn|18
|
|t:|1654988331
|switch|p1a: Skarmory|Skarmory, M, shiny|38/100
|move|p2a: Melmetal|Thunder Punch|p1a: Skarmory
|-supereffective|p1a: Skarmory
|-damage|p1a: Skarmory|0 fnt
|-damage|p2a: Melmetal|25/100 par|[from] item: Rocky Helmet|[of] p1a: Skarmory
|faint|p1a: Skarmory
|
|upkeep
|
|t:|1654988335
|switch|p1a: Toxapex|Toxapex, F|66/100
|turn|19
|
|t:|1654988340
|switch|p2a: Landorus|Landorus-Therian, M|62/100
|-ability|p2a: Landorus|Intimidate|boost
|-unboost|p1a: Toxapex|atk|1
|move|p1a: Toxapex|Knock Off|p2a: Landorus
|-damage|p2a: Landorus|51/100
|-enditem|p2a: Landorus|Leftovers|[from] move: Knock Off|[of] p1a: Toxapex
|
|upkeep
|turn|20
|
|t:|1654988352
|move|p2a: Landorus|Earthquake|p1a: Toxapex
|-supereffective|p1a: Toxapex
|-damage|p1a: Toxapex|0 fnt
|faint|p1a: Toxapex
|
|upkeep
|
|t:|1654988353
|switch|p1a: Clefable|Clefable, M|87/100
|turn|21
|
|t:|1654988357
|switch|p2a: Tapu Lele|Tapu Lele|88/100
|-damage|p2a: Tapu Lele|76/100|[from] Spikes
|-fieldstart|move: Psychic Terrain|[from] ability: Psychic Surge|[of] p2a: Tapu Lele
|move|p1a: Clefable|Calm Mind|p1a: Clefable
|-boost|p1a: Clefable|spa|1
|-boost|p1a: Clefable|spd|1
|
|upkeep
|turn|22
|
|t:|1654988362
|move|p2a: Tapu Lele|Future Sight|p1a: Clefable
|-start|p2a: Tapu Lele|move: Future Sight
|move|p1a: Clefable|Soft-Boiled|p1a: Clefable
|-heal|p1a: Clefable|100/100
|
|upkeep
|turn|23
|
|t:|1654988370
|switch|p2a: Victini|Victini|94/100
|move|p1a: Clefable|Moonblast|p2a: Victini
|-resisted|p2a: Victini
|-damage|p2a: Victini|64/100
|
|upkeep
|turn|24
|
|t:|1654988377
|move|p2a: Victini|V-create|p1a: Clefable
|-damage|p1a: Clefable|37/100
|-unboost|p2a: Victini|spe|1
|-unboost|p2a: Victini|def|1
|-unboost|p2a: Victini|spd|1
|move|p1a: Clefable|Thunder|p2a: Victini|[miss]
|-miss|p1a: Clefable|p2a: Victini
|
|-end|p1a: Clefable|move: Future Sight
|-damage|p1a: Clefable|0 fnt
|faint|p1a: Clefable
|
|win|2(H2O)-Alt
|upkeep
|raw|quixana's rating: 1637 &rarr; <strong>1620</strong><br />(-17 for losing)
|raw|2(H2O)-Alt's rating: 1685 &rarr; <strong>1702</strong><br />(+17 for winning)
||Ladder isn't responding, score probably updated but might not have (Request timeout).
