|j|☆Run For Me Plz
|j|☆ndrrrziN
|t:|1645034140
|gametype|singles
|player|p1|Run For Me Plz|grimsley-gen7|1670
|player|p2|ndrrrziN|lass-gen4dp|1663
|teamsize|p1|6
|teamsize|p2|6
|gen|8
|tier|[Gen 8] OU
|rated|
|rule|Sleep Clause Mod: Limit one foe put to sleep
|rule|Species Clause: Limit one of each Pokémon
|rule|OHKO Clause: OHKO moves are banned
|rule|Evasion Moves Clause: Evasion moves are banned
|rule|Endless Battle Clause: Forcing endless battles is banned
|rule|HP Percentage Mod: HP is shown in percentages
|rule|Dynamax Clause: You cannot dynamax
|clearpoke
|poke|p1|Clefable, F|
|poke|p1|Corviknight, M|
|poke|p1|Garchomp, M|
|poke|p1|Toxapex, M|
|poke|p1|Slowking, M|
|poke|p1|Buzzwole|
|poke|p2|Ferrothorn, M|
|poke|p2|Heatran, M|
|poke|p2|Tapu Fini|
|poke|p2|Landorus-Therian, M|
|poke|p2|Tornadus-Therian, M|
|poke|p2|Rillaboom, F|
|teampreview
|inactive|Battle timer is ON: inactive players will automatically lose when time's up. (requested by ndrrrziN)
|
|t:|1645034149
|start
|switch|p1a: Lucky One|Garchomp, M, shiny|100/100
|switch|p2a: Rillaboom|Rillaboom, F|100/100
|-fieldstart|move: Grassy Terrain|[from] ability: Grassy Surge|[of] p2a: Rillaboom
|turn|1
|j| 0SiegeWarfare
|
|t:|1645034179
|move|p2a: Rillaboom|U-turn|p1a: Lucky One
|-damage|p1a: Lucky One|67/100
|-damage|p2a: Rillaboom|88/100|[from] ability: Rough Skin|[of] p1a: Lucky One
|
|t:|1645034184
|switch|p2a: Tornadus|Tornadus-Therian, M|100/100|[from]move: U-turn
|move|p1a: Lucky One|Stealth Rock|p2a: Tornadus
|-sidestart|p2: ndrrrziN|move: Stealth Rock
|
|-heal|p1a: Lucky One|73/100|[from] Grassy Terrain
|-heal|p1a: Lucky One|79/100|[from] item: Leftovers
|upkeep
|turn|2
|
|t:|1645034187
|move|p2a: Tornadus|Hurricane|p1a: Lucky One
|-damage|p1a: Lucky One|46/100
|move|p1a: Lucky One|Toxic|p2a: Tornadus
|-status|p2a: Tornadus|tox
|
|-heal|p1a: Lucky One|52/100|[from] Grassy Terrain
|-heal|p1a: Lucky One|59/100|[from] item: Leftovers
|-damage|p2a: Tornadus|94/100 tox|[from] psn
|upkeep
|turn|3
|
|t:|1645034194
|switch|p1a: All to Well|Corviknight, M, shiny|100/100
|-ability|p1a: All to Well|Pressure
|move|p2a: Tornadus|Hurricane|p1a: All to Well
|-resisted|p1a: All to Well
|-damage|p1a: All to Well|82/100
|
|-heal|p1a: All to Well|88/100|[from] item: Leftovers
|-damage|p2a: Tornadus|82/100 tox|[from] psn
|upkeep
|turn|4
|
|t:|1645034198
|switch|p1a: 22|Toxapex, M, shiny|100/100
|move|p2a: Tornadus|Defog|p1a: 22
|-unboost|p1a: 22|evasion|1
|-sideend|p2: ndrrrziN|Stealth Rock|[from] move: Defog|[of] p2a: Tornadus
|-fieldend|move: Grassy Terrain
|
|-damage|p2a: Tornadus|64/100 tox|[from] psn
|upkeep
|turn|5
|
|t:|1645034202
|switch|p2a: Tapu Fini|Tapu Fini|100/100
|-fieldstart|move: Misty Terrain|[from] ability: Misty Surge|[of] p2a: Tapu Fini
|move|p1a: 22|Knock Off|p2a: Tapu Fini
|-resisted|p2a: Tapu Fini
|-damage|p2a: Tapu Fini|95/100
|-enditem|p2a: Tapu Fini|Leftovers|[from] move: Knock Off|[of] p1a: 22
|
|upkeep
|turn|6
|
|t:|1645034208
|move|p2a: Tapu Fini|Calm Mind|p2a: Tapu Fini
|-boost|p2a: Tapu Fini|spa|1
|-boost|p2a: Tapu Fini|spd|1
|move|p1a: 22|Scald|p2a: Tapu Fini
|-resisted|p2a: Tapu Fini
|-damage|p2a: Tapu Fini|91/100
|
|upkeep
|turn|7
|
|t:|1645034211
|move|p2a: Tapu Fini|Taunt|p1a: 22
|-start|p1a: 22|move: Taunt
|cant|p1a: 22|move: Taunt|Haze
|
|upkeep
|turn|8
|
|t:|1645034213
|move|p2a: Tapu Fini|Calm Mind|p2a: Tapu Fini
|-boost|p2a: Tapu Fini|spa|1
|-boost|p2a: Tapu Fini|spd|1
|move|p1a: 22|Scald|p2a: Tapu Fini
|-resisted|p2a: Tapu Fini
|-crit|p2a: Tapu Fini
|-damage|p2a: Tapu Fini|83/100
|
|upkeep
|turn|9
|
|t:|1645034215
|move|p2a: Tapu Fini|Calm Mind|p2a: Tapu Fini
|-boost|p2a: Tapu Fini|spa|1
|-boost|p2a: Tapu Fini|spd|1
|move|p1a: 22|Scald|p2a: Tapu Fini
|-resisted|p2a: Tapu Fini
|-damage|p2a: Tapu Fini|80/100
|
|-end|p1a: 22|move: Taunt
|-fieldend|Misty Terrain
|upkeep
|turn|10
|
|t:|1645034220
|move|p2a: Tapu Fini|Taunt|p1a: 22
|-start|p1a: 22|move: Taunt
|move|p1a: 22|Scald|p2a: Tapu Fini
|-resisted|p2a: Tapu Fini
|-damage|p2a: Tapu Fini|78/100
|
|upkeep
|turn|11
|
|t:|1645034223
|move|p2a: Tapu Fini|Calm Mind|p2a: Tapu Fini
|-boost|p2a: Tapu Fini|spa|1
|-boost|p2a: Tapu Fini|spd|1
|move|p1a: 22|Scald|p2a: Tapu Fini
|-resisted|p2a: Tapu Fini
|-damage|p2a: Tapu Fini|76/100
|
|upkeep
|turn|12
|j| Awesomeacuz13
|
|t:|1645034225
|move|p2a: Tapu Fini|Calm Mind|p2a: Tapu Fini
|-boost|p2a: Tapu Fini|spa|1
|-boost|p2a: Tapu Fini|spd|1
|move|p1a: 22|Scald|p2a: Tapu Fini
|-resisted|p2a: Tapu Fini
|-damage|p2a: Tapu Fini|74/100
|
|-end|p1a: 22|move: Taunt
|upkeep
|turn|13
|
|t:|1645034229
|move|p2a: Tapu Fini|Taunt|p1a: 22
|-start|p1a: 22|move: Taunt
|move|p1a: 22|Scald|p2a: Tapu Fini
|-resisted|p2a: Tapu Fini
|-damage|p2a: Tapu Fini|73/100
|
|upkeep
|turn|14
|
|t:|1645034232
|move|p2a: Tapu Fini|Scald|p1a: 22
|-resisted|p1a: 22
|-damage|p1a: 22|74/100
|move|p1a: 22|Scald|p2a: Tapu Fini
|-resisted|p2a: Tapu Fini
|-damage|p2a: Tapu Fini|71/100
|
|upkeep
|turn|15
|
|t:|1645034237
|move|p2a: Tapu Fini|Scald|p1a: 22
|-resisted|p1a: 22
|-damage|p1a: 22|44/100
|-status|p1a: 22|brn
|move|p1a: 22|Scald|p2a: Tapu Fini
|-resisted|p2a: Tapu Fini
|-crit|p2a: Tapu Fini
|-damage|p2a: Tapu Fini|62/100
|
|-damage|p1a: 22|38/100 brn|[from] brn
|-end|p1a: 22|move: Taunt
|upkeep
|turn|16
|
|t:|1645034242
|switch|p1a: State of Grace|Clefable, F, shiny|100/100
|move|p2a: Tapu Fini|Taunt|p1a: State of Grace
|-start|p1a: State of Grace|move: Taunt
|
|upkeep
|turn|17
|c|☆Run For Me Plz|u would get a burn b4 me
|
|t:|1645034255
|move|p2a: Tapu Fini|Draining Kiss|p1a: State of Grace
|-damage|p1a: State of Grace|87/100
|-heal|p2a: Tapu Fini|74/100|[from] drain|[of] p1a: State of Grace
|move|p1a: State of Grace|Moonblast|p2a: Tapu Fini
|-damage|p2a: Tapu Fini|50/100
|
|upkeep
|turn|18
|
|t:|1645034258
|switch|p2a: Heatran|Heatran, M|100/100
|move|p1a: State of Grace|Moonblast|p2a: Heatran
|-resisted|p2a: Heatran
|-damage|p2a: Heatran|96/100
|-unboost|p2a: Heatran|spa|1
|
|-heal|p2a: Heatran|100/100|[from] item: Leftovers
|-end|p1a: State of Grace|move: Taunt
|upkeep
|turn|19
|c| 0SiegeWarfare|do you
|
|t:|1645034262
|switch|p1a: Lucky One|Garchomp, M, shiny|59/100
|move|p2a: Heatran|Magma Storm|p1a: Lucky One
|-resisted|p1a: Lucky One
|-damage|p1a: Lucky One|49/100
|-activate|p1a: Lucky One|move: Magma Storm|[of] p2a: Heatran
|
|-heal|p1a: Lucky One|56/100|[from] item: Leftovers
|-damage|p1a: Lucky One|43/100|[from] move: Magma Storm|[partiallytrapped]
|upkeep
|turn|20
|
|t:|1645034265
|switch|p2a: Landorus|Landorus-Therian, M|100/100
|-ability|p2a: Landorus|Intimidate|boost
|-unboost|p1a: Lucky One|atk|1
|move|p1a: Lucky One|Earthquake|p2a: Landorus
|-immune|p2a: Landorus
|
|-heal|p1a: Lucky One|49/100|[from] item: Leftovers
|-end|p1a: Lucky One|Magma Storm|[partiallytrapped]|[silent]
|upkeep
|turn|21
|c| 0SiegeWarfare|enjoy this kind of play
|
|t:|1645034270
|move|p2a: Landorus|U-turn|p1a: Lucky One
|-damage|p1a: Lucky One|25/100
|-damage|p2a: Landorus|88/100|[from] ability: Rough Skin|[of] p1a: Lucky One
|c| 0SiegeWarfare|run
|
|t:|1645034273
|switch|p2a: Tornadus|Tornadus-Therian, M|97/100 tox|[from]move: U-turn
|move|p1a: Lucky One|Stealth Rock|p2a: Tornadus
|-sidestart|p2: ndrrrziN|move: Stealth Rock
|
|-heal|p1a: Lucky One|31/100|[from] item: Leftovers
|-damage|p2a: Tornadus|91/100 tox|[from] psn
|upkeep
|turn|22
|c| 0SiegeWarfare|staller
|
|t:|1645034278
|switch|p1a: 22|Toxapex, M, shiny|71/100 brn
|move|p2a: Tornadus|Defog|p1a: 22
|-unboost|p1a: 22|evasion|1
|-sideend|p2: ndrrrziN|Stealth Rock|[from] move: Defog|[of] p2a: Tornadus
|
|-damage|p2a: Tornadus|79/100 tox|[from] psn
|-damage|p1a: 22|66/100 brn|[from] brn
|upkeep
|turn|23
|
|t:|1645034284
|switch|p2a: Heatran|Heatran, M|100/100
|move|p1a: 22|Knock Off|p2a: Heatran
|-damage|p2a: Heatran|94/100
|-enditem|p2a: Heatran|Leftovers|[from] move: Knock Off|[of] p1a: 22
|
|-damage|p1a: 22|60/100 brn|[from] brn
|upkeep
|turn|24
|c| Awesomeacuz13|bro this is OU, everyone either tryhards or runs stall
|c| 0SiegeWarfare|sadly
|c|☆Run For Me Plz|ain’t no one tell u to watch like u can leave lol
|inactive|Run For Me Plz has 120 seconds left.
|
|t:|1645034314
|switch|p1a: Pamplemousse|Slowking, M, shiny|100/100
|move|p2a: Heatran|Magma Storm|p1a: Pamplemousse
|-resisted|p1a: Pamplemousse
|-damage|p1a: Pamplemousse|92/100
|-activate|p1a: Pamplemousse|move: Magma Storm|[of] p2a: Heatran
|
|-damage|p1a: Pamplemousse|80/100|[from] move: Magma Storm|[partiallytrapped]
|upkeep
|turn|25
|
|t:|1645034321
|move|p2a: Heatran|Taunt|p1a: Pamplemousse
|-start|p1a: Pamplemousse|move: Taunt
|move|p1a: Pamplemousse|Scald|p2a: Heatran
|-supereffective|p2a: Heatran
|-damage|p2a: Heatran|59/100
|
|-damage|p1a: Pamplemousse|68/100|[from] move: Magma Storm|[partiallytrapped]
|upkeep
|turn|26
|
|t:|1645034325
|move|p2a: Heatran|Toxic|p1a: Pamplemousse
|-status|p1a: Pamplemousse|tox
|move|p1a: Pamplemousse|Scald|p2a: Heatran
|-supereffective|p2a: Heatran
|-damage|p2a: Heatran|24/100
|
|-damage|p1a: Pamplemousse|61/100 tox|[from] psn
|-damage|p1a: Pamplemousse|49/100 tox|[from] move: Magma Storm|[partiallytrapped]
|upkeep
|turn|27
|
|t:|1645034329
|switch|p2a: Ferrothorn|Ferrothorn, M|100/100
|move|p1a: Pamplemousse|Scald|p2a: Ferrothorn
|-resisted|p2a: Ferrothorn
|-damage|p2a: Ferrothorn|89/100
|
|-heal|p2a: Ferrothorn|95/100|[from] item: Leftovers
|-damage|p1a: Pamplemousse|37/100 tox|[from] psn
|-end|p1a: Pamplemousse|Magma Storm|[partiallytrapped]|[silent]
|-end|p1a: Pamplemousse|move: Taunt
|upkeep
|turn|28
|c| 0SiegeWarfare|you could win games faster
|c| Awesomeacuz13|there's something funny about seeing stall get absolutely fucked
|
|t:|1645034334
|switch|p1a: State of Grace|Clefable, F, shiny|87/100
|move|p2a: Ferrothorn|Leech Seed|p1a: State of Grace
|-start|p1a: State of Grace|move: Leech Seed
|
|-heal|p2a: Ferrothorn|100/100|[from] item: Leftovers
|-damage|p1a: State of Grace|74/100|[from] Leech Seed|[of] p2a: Ferrothorn
|upkeep
|turn|29
|
|t:|1645034337
|move|p1a: State of Grace|Heal Bell|p1a: State of Grace
|-activate|p1a: State of Grace|move: Heal Bell
|-curestatus|p1: Pamplemousse|tox|[msg]
|-curestatus|p1: 22|brn|[msg]
|move|p2a: Ferrothorn|Gyro Ball|p1a: State of Grace
|-supereffective|p1a: State of Grace
|-damage|p1a: State of Grace|25/100
|
|-damage|p1a: State of Grace|13/100|[from] Leech Seed|[of] p2a: Ferrothorn
|upkeep
|turn|30
|
|t:|1645034341
|switch|p1a: All to Well|Corviknight, M, shiny|88/100
|-ability|p1a: All to Well|Pressure
|move|p2a: Ferrothorn|Spikes|p1a: All to Well
|-sidestart|p1: Run For Me Plz|Spikes
|
|-heal|p1a: All to Well|94/100|[from] item: Leftovers
|upkeep
|turn|31
|c| 0SiegeWarfare|nvm
|
|t:|1645034355
|move|p1a: All to Well|Defog|p2a: Ferrothorn
|-unboost|p2a: Ferrothorn|evasion|1
|-sideend|p1: Run For Me Plz|Spikes|[from] move: Defog|[of] p1a: All to Well
|move|p2a: Ferrothorn|Leech Seed|p1a: All to Well
|-start|p1a: All to Well|move: Leech Seed
|
|-heal|p1a: All to Well|100/100|[from] item: Leftovers
|-damage|p1a: All to Well|88/100|[from] Leech Seed|[of] p2a: Ferrothorn
|upkeep
|turn|32
|
|t:|1645034363
|switch|p1a: Lucky One|Garchomp, M, shiny|31/100
|move|p2a: Ferrothorn|Spikes|p1a: Lucky One
|-sidestart|p1: Run For Me Plz|Spikes
|
|-heal|p1a: Lucky One|38/100|[from] item: Leftovers
|upkeep
|turn|33
|
|t:|1645034367
|move|p1a: Lucky One|Stealth Rock|p2a: Ferrothorn
|-sidestart|p2: ndrrrziN|move: Stealth Rock
|move|p2a: Ferrothorn|Leech Seed|p1a: Lucky One
|-start|p1a: Lucky One|move: Leech Seed
|
|-heal|p1a: Lucky One|44/100|[from] item: Leftovers
|-damage|p1a: Lucky One|31/100|[from] Leech Seed|[of] p2a: Ferrothorn
|upkeep
|turn|34
|
|t:|1645034372
|switch|p1a: All to Well|Corviknight, M, shiny|88/100
|-ability|p1a: All to Well|Pressure
|switch|p2a: Landorus|Landorus-Therian, M|88/100
|-damage|p2a: Landorus|76/100|[from] Stealth Rock
|-ability|p2a: Landorus|Intimidate|boost
|-unboost|p1a: All to Well|atk|1
|
|-heal|p1a: All to Well|94/100|[from] item: Leftovers
|upkeep
|turn|35
|
|t:|1645034378
|move|p2a: Landorus|Stone Edge|p1a: All to Well
|-damage|p1a: All to Well|62/100
|move|p1a: All to Well|Brave Bird|p2a: Landorus
|-damage|p2a: Landorus|48/100
|-damage|p1a: All to Well|55/100|[from] Recoil
|
|-heal|p1a: All to Well|61/100|[from] item: Leftovers
|upkeep
|turn|36
|
|t:|1645034382
|move|p2a: Landorus|Stone Edge|p1a: All to Well
|-damage|p1a: All to Well|32/100
|move|p1a: All to Well|Roost|p1a: All to Well
|-heal|p1a: All to Well|82/100
|-singleturn|p1a: All to Well|move: Roost
|
|-heal|p1a: All to Well|88/100|[from] item: Leftovers
|upkeep
|turn|37
|
|t:|1645034386
|switch|p2a: Heatran|Heatran, M|24/100
|-damage|p2a: Heatran|12/100|[from] Stealth Rock
|move|p1a: All to Well|Bulk Up|p1a: All to Well
|-boost|p1a: All to Well|atk|1
|-boost|p1a: All to Well|def|1
|
|-heal|p1a: All to Well|94/100|[from] item: Leftovers
|upkeep
|turn|38
|
|t:|1645034391
|switch|p1a: Pamplemousse|Slowking, M, shiny|70/100
|-damage|p1a: Pamplemousse|58/100|[from] Spikes
|move|p2a: Heatran|Magma Storm|p1a: Pamplemousse
|-resisted|p1a: Pamplemousse
|-damage|p1a: Pamplemousse|48/100
|-activate|p1a: Pamplemousse|move: Magma Storm|[of] p2a: Heatran
|
|-damage|p1a: Pamplemousse|36/100|[from] move: Magma Storm|[partiallytrapped]
|upkeep
|turn|39
|
|t:|1645034396
|switch|p2a: Rillaboom|Rillaboom, F|88/100
|-damage|p2a: Rillaboom|76/100|[from] Stealth Rock
|-fieldstart|move: Grassy Terrain|[from] ability: Grassy Surge|[of] p2a: Rillaboom
|move|p1a: Pamplemousse|Scald|p2a: Rillaboom
|-resisted|p2a: Rillaboom
|-damage|p2a: Rillaboom|59/100
|-status|p2a: Rillaboom|brn
|
|-heal|p2a: Rillaboom|65/100 brn|[from] Grassy Terrain
|-heal|p1a: Pamplemousse|42/100|[from] Grassy Terrain
|-damage|p2a: Rillaboom|59/100 brn|[from] brn
|-end|p1a: Pamplemousse|Magma Storm|[partiallytrapped]|[silent]
|upkeep
|turn|40
|
|t:|1645034400
|switch|p1a: All to Well|Corviknight, M, shiny|94/100
|-ability|p1a: All to Well|Pressure
|move|p2a: Rillaboom|U-turn|p1a: All to Well
|-resisted|p1a: All to Well
|-damage|p1a: All to Well|91/100
|
|t:|1645034404
|switch|p2a: Tornadus|Tornadus-Therian, M|100/100 tox|[from]move: U-turn
|
|-heal|p1a: All to Well|97/100|[from] item: Leftovers
|-damage|p2a: Tornadus|94/100 tox|[from] psn
|upkeep
|turn|41
|
|t:|1645034408
|move|p2a: Tornadus|Defog|p1a: All to Well
|-unboost|p1a: All to Well|evasion|1
|-sideend|p1: Run For Me Plz|Spikes|[from] move: Defog|[of] p2a: Tornadus
|-sideend|p2: ndrrrziN|Stealth Rock|[from] move: Defog|[of] p2a: Tornadus
|-fieldend|move: Grassy Terrain
|move|p1a: All to Well|Bulk Up|p1a: All to Well
|-boost|p1a: All to Well|atk|1
|-boost|p1a: All to Well|def|1
|
|-heal|p1a: All to Well|100/100|[from] item: Leftovers
|-damage|p2a: Tornadus|82/100 tox|[from] psn
|upkeep
|turn|42
|
|t:|1645034412
|move|p2a: Tornadus|Heat Wave|p1a: All to Well
|-supereffective|p1a: All to Well
|-damage|p1a: All to Well|61/100
|move|p1a: All to Well|Brave Bird|p2a: Tornadus
|-damage|p2a: Tornadus|13/100 tox
|-damage|p1a: All to Well|44/100|[from] Recoil
|
|-heal|p1a: All to Well|50/100|[from] item: Leftovers
|-damage|p2a: Tornadus|0 fnt|[from] psn
|faint|p2a: Tornadus
|upkeep
|
|t:|1645034420
|switch|p2a: Heatran|Heatran, M|12/100
|turn|43
|
|t:|1645034424
|switch|p1a: Pamplemousse|Slowking, M, shiny|75/100
|move|p2a: Heatran|Magma Storm|p1a: Pamplemousse|[miss]
|-miss|p2a: Heatran|p1a: Pamplemousse
|
|upkeep
|turn|44
|
|t:|1645034428
|switch|p2a: Rillaboom|Rillaboom, F|59/100 brn
|-fieldstart|move: Grassy Terrain|[from] ability: Grassy Surge|[of] p2a: Rillaboom
|move|p1a: Pamplemousse|Scald|p2a: Rillaboom
|-resisted|p2a: Rillaboom
|-crit|p2a: Rillaboom
|-damage|p2a: Rillaboom|33/100 brn
|
|-heal|p2a: Rillaboom|39/100 brn|[from] Grassy Terrain
|-heal|p1a: Pamplemousse|81/100|[from] Grassy Terrain
|-damage|p2a: Rillaboom|33/100 brn|[from] brn
|upkeep
|turn|45
|
|t:|1645034433
|switch|p1a: Lucky One|Garchomp, M, shiny|31/100
|move|p2a: Rillaboom|U-turn|p1a: Lucky One
|-damage|p1a: Lucky One|16/100
|-damage|p2a: Rillaboom|20/100 brn|[from] ability: Rough Skin|[of] p1a: Lucky One
|
|t:|1645034438
|switch|p2a: Landorus|Landorus-Therian, M|48/100|[from]move: U-turn
|-ability|p2a: Landorus|Intimidate|boost
|-unboost|p1a: Lucky One|atk|1
|
|-heal|p1a: Lucky One|22/100|[from] Grassy Terrain
|-heal|p1a: Lucky One|29/100|[from] item: Leftovers
|upkeep
|turn|46
|
|t:|1645034442
|switch|p1a: Red|Buzzwole|100/100
|move|p2a: Landorus|Knock Off|p1a: Red
|-resisted|p1a: Red
|-damage|p1a: Red|91/100
|-enditem|p1a: Red|Heavy-Duty Boots|[from] move: Knock Off|[of] p2a: Landorus
|
|-heal|p1a: Red|97/100|[from] Grassy Terrain
|upkeep
|turn|47
|
|t:|1645034450
|switch|p2a: Rillaboom|Rillaboom, F|20/100 brn
|move|p1a: Red|Thunder Punch|p2a: Rillaboom
|-resisted|p2a: Rillaboom
|-damage|p2a: Rillaboom|8/100 brn
|
|-heal|p2a: Rillaboom|14/100 brn|[from] Grassy Terrain
|-heal|p1a: Red|100/100|[from] Grassy Terrain
|-damage|p2a: Rillaboom|8/100 brn|[from] brn
|upkeep
|turn|48
|
|t:|1645034454
|move|p2a: Rillaboom|Wood Hammer|p1a: Red
|-resisted|p1a: Red
|-damage|p1a: Red|84/100
|-damage|p2a: Rillaboom|1/100 brn|[from] Recoil
|move|p1a: Red|Ice Punch|p2a: Rillaboom
|-supereffective|p2a: Rillaboom
|-damage|p2a: Rillaboom|0 fnt
|faint|p2a: Rillaboom
|-ability|p1a: Red|Beast Boost|boost
|-boost|p1a: Red|def|1
|
|-heal|p1a: Red|90/100|[from] Grassy Terrain
|-fieldend|move: Grassy Terrain
|upkeep
|
|t:|1645034458
|switch|p2a: Tapu Fini|Tapu Fini|50/100
|-fieldstart|move: Misty Terrain|[from] ability: Misty Surge|[of] p2a: Tapu Fini
|turn|49
|
|t:|1645034461
|move|p1a: Red|Thunder Punch|p2a: Tapu Fini
|-supereffective|p2a: Tapu Fini
|-damage|p2a: Tapu Fini|21/100
|move|p2a: Tapu Fini|Draining Kiss|p1a: Red
|-supereffective|p1a: Red
|-damage|p1a: Red|39/100
|-heal|p2a: Tapu Fini|68/100|[from] drain|[of] p1a: Red
|
|upkeep
|turn|50
|
|t:|1645034469
|switch|p1a: Pamplemousse|Slowking, M, shiny|100/100
|move|p2a: Tapu Fini|Draining Kiss|p1a: Pamplemousse
|-damage|p1a: Pamplemousse|93/100
|-heal|p2a: Tapu Fini|75/100|[from] drain|[of] p1a: Pamplemousse
|
|upkeep
|turn|51
|
|t:|1645034473
|move|p2a: Tapu Fini|Calm Mind|p2a: Tapu Fini
|-boost|p2a: Tapu Fini|spa|1
|-boost|p2a: Tapu Fini|spd|1
|move|p1a: Pamplemousse|Future Sight|p2a: Tapu Fini
|-start|p1a: Pamplemousse|move: Future Sight
|
|upkeep
|turn|52
|
|t:|1645034475
|move|p2a: Tapu Fini|Calm Mind|p2a: Tapu Fini
|-boost|p2a: Tapu Fini|spa|1
|-boost|p2a: Tapu Fini|spd|1
|move|p1a: Pamplemousse|Scald|p2a: Tapu Fini
|-resisted|p2a: Tapu Fini
|-damage|p2a: Tapu Fini|70/100
|
|upkeep
|turn|53
|
|t:|1645034477
|move|p2a: Tapu Fini|Calm Mind|p2a: Tapu Fini
|-boost|p2a: Tapu Fini|spa|1
|-boost|p2a: Tapu Fini|spd|1
|move|p1a: Pamplemousse|Scald|p2a: Tapu Fini
|-resisted|p2a: Tapu Fini
|-damage|p2a: Tapu Fini|65/100
|
|-end|p2a: Tapu Fini|move: Future Sight
|-damage|p2a: Tapu Fini|52/100
|-fieldend|Misty Terrain
|upkeep
|turn|54
|
|t:|1645034481
|move|p2a: Tapu Fini|Calm Mind|p2a: Tapu Fini
|-boost|p2a: Tapu Fini|spa|1
|-boost|p2a: Tapu Fini|spd|1
|move|p1a: Pamplemousse|Scald|p2a: Tapu Fini
|-resisted|p2a: Tapu Fini
|-damage|p2a: Tapu Fini|49/100
|
|upkeep
|turn|55
|
|t:|1645034485
|move|p2a: Tapu Fini|Calm Mind|p2a: Tapu Fini
|-boost|p2a: Tapu Fini|spa|1
|-boost|p2a: Tapu Fini|spd|1
|move|p1a: Pamplemousse|Scald|p2a: Tapu Fini
|-resisted|p2a: Tapu Fini
|-damage|p2a: Tapu Fini|45/100
|
|upkeep
|turn|56
|
|t:|1645034488
|move|p2a: Tapu Fini|Draining Kiss|p1a: Pamplemousse
|-damage|p1a: Pamplemousse|68/100
|-heal|p2a: Tapu Fini|67/100|[from] drain|[of] p1a: Pamplemousse
|move|p1a: Pamplemousse|Future Sight|p2a: Tapu Fini
|-start|p1a: Pamplemousse|move: Future Sight
|
|upkeep
|turn|57
|
|t:|1645034497
|switch|p1a: 22|Toxapex, M, shiny|93/100
|move|p2a: Tapu Fini|Calm Mind|p2a: Tapu Fini
|-boost|p2a: Tapu Fini|spa|1
|-boost|p2a: Tapu Fini|spd|1
|
|upkeep
|turn|58
|c|☆Run For Me Plz|One scald burn is that so much to ask for jesus
|
|t:|1645034504
|move|p2a: Tapu Fini|Taunt|p1a: 22
|-start|p1a: 22|move: Taunt
|move|p1a: 22|Scald|p2a: Tapu Fini
|-resisted|p2a: Tapu Fini
|-damage|p2a: Tapu Fini|65/100
|-status|p2a: Tapu Fini|brn
|
|-end|p2a: Tapu Fini|move: Future Sight
|-damage|p2a: Tapu Fini|56/100 brn
|-damage|p2a: Tapu Fini|50/100 brn|[from] brn
|upkeep
|turn|59
|
|t:|1645034508
|move|p2a: Tapu Fini|Scald|p1a: 22
|-resisted|p1a: 22
|-damage|p1a: 22|58/100
|move|p1a: 22|Scald|p2a: Tapu Fini
|-resisted|p2a: Tapu Fini
|-damage|p2a: Tapu Fini|48/100 brn
|
|-damage|p2a: Tapu Fini|42/100 brn|[from] brn
|upkeep
|turn|60
|
|t:|1645034511
|move|p2a: Tapu Fini|Scald|p1a: 22
|-resisted|p1a: 22
|-damage|p1a: 22|23/100
|move|p1a: 22|Scald|p2a: Tapu Fini
|-resisted|p2a: Tapu Fini
|-damage|p2a: Tapu Fini|41/100 brn
|
|-damage|p2a: Tapu Fini|35/100 brn|[from] brn
|-end|p1a: 22|move: Taunt
|upkeep
|turn|61
|
|t:|1645034514
|move|p2a: Tapu Fini|Taunt|p1a: 22
|-start|p1a: 22|move: Taunt
|move|p1a: 22|Scald|p2a: Tapu Fini
|-resisted|p2a: Tapu Fini
|-damage|p2a: Tapu Fini|33/100 brn
|
|-damage|p2a: Tapu Fini|27/100 brn|[from] brn
|upkeep
|turn|62
|
|t:|1645034517
|move|p2a: Tapu Fini|Draining Kiss|p1a: 22
|-resisted|p1a: 22
|-damage|p1a: 22|2/100
|-heal|p2a: Tapu Fini|41/100 brn|[from] drain|[of] p1a: 22
|move|p1a: 22|Scald|p2a: Tapu Fini
|-resisted|p2a: Tapu Fini
|-damage|p2a: Tapu Fini|39/100 brn
|
|-damage|p2a: Tapu Fini|33/100 brn|[from] brn
|upkeep
|turn|63
|
|t:|1645034522
|move|p2a: Tapu Fini|Draining Kiss|p1a: 22
|-resisted|p1a: 22
|-damage|p1a: 22|0 fnt
|-heal|p2a: Tapu Fini|34/100 brn|[from] drain|[of] p1a: 22
|faint|p1a: 22
|
|-damage|p2a: Tapu Fini|28/100 brn|[from] brn
|upkeep
|
|t:|1645034534
|switch|p1a: Red|Buzzwole|39/100
|turn|64
|
|t:|1645034536
|move|p1a: Red|Thunder Punch|p2a: Tapu Fini
|-supereffective|p2a: Tapu Fini
|-damage|p2a: Tapu Fini|0 fnt
|faint|p2a: Tapu Fini
|-ability|p1a: Red|Beast Boost|boost
|-boost|p1a: Red|def|1
|
|upkeep
|
|t:|1645034547
|switch|p2a: Heatran|Heatran, M|12/100
|turn|65
|c|☆Run For Me Plz|and y’all said sum bout stall gettin trashed when I win lol
|
|t:|1645034561
|move|p1a: Red|Drain Punch|p2a: Heatran
|-supereffective|p2a: Heatran
|-damage|p2a: Heatran|0 fnt
|-heal|p1a: Red|44/100|[from] drain|[of] p2a: Heatran
|faint|p2a: Heatran
|-ability|p1a: Red|Beast Boost|boost
|-boost|p1a: Red|def|1
|
|upkeep
|
|t:|1645034564
|switch|p2a: Ferrothorn|Ferrothorn, M|100/100
|turn|66
|
|t:|1645034567
|move|p1a: Red|Drain Punch|p2a: Ferrothorn
|-supereffective|p2a: Ferrothorn
|-damage|p2a: Ferrothorn|61/100
|-heal|p1a: Red|61/100|[from] drain|[of] p2a: Ferrothorn
|-damage|p1a: Red|48/100|[from] ability: Iron Barbs|[of] p2a: Ferrothorn
|move|p2a: Ferrothorn|Leech Seed|p1a: Red
|-start|p1a: Red|move: Leech Seed
|
|-heal|p2a: Ferrothorn|67/100|[from] item: Leftovers
|-damage|p1a: Red|36/100|[from] Leech Seed|[of] p2a: Ferrothorn
|-heal|p2a: Ferrothorn|82/100|[silent]
|upkeep
|turn|67
|
|t:|1645034570
|switch|p2a: Landorus|Landorus-Therian, M|48/100
|-ability|p2a: Landorus|Intimidate|boost
|-unboost|p1a: Red|atk|1
|move|p1a: Red|Drain Punch|p2a: Landorus
|-resisted|p2a: Landorus
|-damage|p2a: Landorus|34/100
|-heal|p1a: Red|41/100|[from] drain|[of] p2a: Landorus
|
|-damage|p1a: Red|29/100|[from] Leech Seed|[of] p2a: Landorus
|-heal|p2a: Landorus|51/100|[silent]
|upkeep
|turn|68
|c| Awesomeacuz13|well you were getting throttled originally
|
|t:|1645034574
|move|p2a: Landorus|Stone Edge|p1a: Red
|-damage|p1a: Red|20/100
|move|p1a: Red|Drain Punch|p2a: Landorus
|-resisted|p2a: Landorus
|-damage|p2a: Landorus|36/100
|-heal|p1a: Red|25/100|[from] drain|[of] p2a: Landorus
|
|-damage|p1a: Red|13/100|[from] Leech Seed|[of] p2a: Landorus
|-heal|p2a: Landorus|53/100|[silent]
|upkeep
|turn|69
|
|t:|1645034579
|move|p2a: Landorus|Stone Edge|p1a: Red
|-damage|p1a: Red|3/100
|move|p1a: Red|Ice Punch|p2a: Landorus
|-supereffective|p2a: Landorus
|-damage|p2a: Landorus|0 fnt
|faint|p2a: Landorus
|-ability|p1a: Red|Beast Boost|boost
|-boost|p1a: Red|def|1
|
|upkeep
|
|t:|1645034582
|switch|p2a: Ferrothorn|Ferrothorn, M|82/100
|turn|70
|c| Awesomeacuz13|luck took a turn on you and then here you are
|j| Zoilo_y_Aitana
|c|☆Run For Me Plz|I wasn’t tho maybe y’all aren’t that good but his team never matched up well wit me😂
|inactive|Run For Me Plz has 120 seconds left.
|
|t:|1645034613
|move|p1a: Red|Drain Punch|p2a: Ferrothorn
|-supereffective|p2a: Ferrothorn
|-damage|p2a: Ferrothorn|56/100
|-heal|p1a: Red|14/100|[from] drain|[of] p2a: Ferrothorn
|-damage|p1a: Red|1/100|[from] ability: Iron Barbs|[of] p2a: Ferrothorn
|move|p2a: Ferrothorn|Spikes|p1a: Red
|-sidestart|p1: Run For Me Plz|Spikes
|
|-heal|p2a: Ferrothorn|62/100|[from] item: Leftovers
|-damage|p1a: Red|0 fnt|[from] Leech Seed|[of] p2a: Ferrothorn
|-heal|p2a: Ferrothorn|63/100|[silent]
|faint|p1a: Red
|upkeep
|
|t:|1645034616
|switch|p1a: Pamplemousse|Slowking, M, shiny|100/100
|-damage|p1a: Pamplemousse|88/100|[from] Spikes
|turn|71
|
|t:|1645034620
|move|p1a: Pamplemousse|Flamethrower|p2a: Ferrothorn
|-supereffective|p2a: Ferrothorn
|-damage|p2a: Ferrothorn|0 fnt
|faint|p2a: Ferrothorn
|
|win|Run For Me Plz
|raw|Run For Me Plz's rating: 1670 &rarr; <strong>1690</strong><br />(+20 for winning)
|raw|ndrrrziN's rating: 1663 &rarr; <strong>1643</strong><br />(-20 for losing)
|l|☆ndrrrziN
|l|☆Run For Me Plz
|j| assino
|c| Awesomeacuz13|bro you play stall
||Ladder isn't responding, score probably updated but might not have (Request timeout).
