|raw|<div class="broadcast-blue"><strong>This battle is required to be public due to a player having a name starting with 'lt82zw'.</div>
|j|☆lt82zw ez
|j|☆BestixL
|t:|1626408272
|gametype|singles
|player|p1|lt82zw ez|sisandbro|1792
|player|p2|BestixL|liza|1770
|teamsize|p1|6
|teamsize|p2|6
|gen|8
|tier|[Gen 8] OU
|rated|
|rule|Sleep Clause Mod: Limit one foe put to sleep
|rule|Species Clause: Limit one of each Pokémon
|rule|OHKO Clause: OHKO moves are banned
|rule|Evasion Moves Clause: Evasion moves are banned
|rule|Endless Battle Clause: Forcing endless battles is banned
|rule|HP Percentage Mod: HP is shown in percentages
|rule|Dynamax Clause: You cannot dynamax
|clearpoke
|poke|p1|Mew|
|poke|p1|Kartana|
|poke|p1|Dragonite, F|
|poke|p1|Cloyster, F|
|poke|p1|Bisharp, M|
|poke|p1|Blacephalon|
|poke|p2|Tornadus-Therian, M|
|poke|p2|Rotom-Wash|
|poke|p2|Corviknight, M|
|poke|p2|Heatran, M|
|poke|p2|Clefable, M|
|poke|p2|Landorus-Therian, M|
|teampreview
|c|☆BestixL|ok
|c|☆lt82zw ez|gl
|j| joncorleone
|
|t:|1626408290
|start
|switch|p1a: Mew|Mew|100/100
|switch|p2a: Tornadus|Tornadus-Therian, M|100/100
|turn|1
|inactive|Battle timer is ON: inactive players will automatically lose when time's up. (requested by BestixL)
|
|t:|1626408294
|move|p2a: Tornadus|Taunt|p1a: Mew
|-start|p1a: Mew|move: Taunt
|cant|p1a: Mew|move: Taunt|Stealth Rock
|
|upkeep
|turn|2
|
|t:|1626408302
|switch|p1a: Bisharp|Bisharp, M|100/100
|move|p2a: Tornadus|Hurricane|p1a: Bisharp|[miss]
|-miss|p2a: Tornadus|p1a: Bisharp
|
|upkeep
|turn|3
|
|t:|1626408311
|move|p2a: Tornadus|Heat Wave|p1a: Bisharp|[miss]
|-miss|p2a: Tornadus|p1a: Bisharp
|move|p1a: Bisharp|Swords Dance|p1a: Bisharp
|-boost|p1a: Bisharp|atk|2
|
|upkeep
|turn|4
|inactive|BestixL has 120 seconds left.
|
|t:|1626408341
|move|p2a: Tornadus|U-turn|p1a: Bisharp
|-damage|p1a: Bisharp|83/100
|inactive|BestixL has 120 seconds left.
|c|☆lt82zw ez|fast fast fast
|
|t:|1626408374
|switch|p2a: Heatran|Heatran, M|100/100|[from]move: U-turn
|move|p1a: Bisharp|Knock Off|p2a: Heatran
|-damage|p2a: Heatran|0 fnt
|-enditem|p2a: Heatran|Leftovers|[from] move: Knock Off|[of] p1a: Bisharp
|faint|p2a: Heatran
|-damage|p1a: Bisharp|73/100|[from] item: Life Orb
|
|upkeep
|c| joncorleone|Fast fast fast
|
|t:|1626408384
|switch|p2a: Corviknight|Corviknight, M|100/100
|-ability|p2a: Corviknight|Pressure
|turn|5
|
|t:|1626408387
|switch|p1a: Mew|Mew|100/100
|move|p2a: Corviknight|Body Press|p1a: Mew
|-resisted|p1a: Mew
|-damage|p1a: Mew|90/100
|
|upkeep
|turn|6
|
|t:|1626408392
|switch|p2a: Landorus|Landorus-Therian, M|100/100
|-ability|p2a: Landorus|Intimidate|boost
|-unboost|p1a: Mew|atk|1
|move|p1a: Mew|Stealth Rock|p2a: Landorus
|-sidestart|p2: BestixL|move: Stealth Rock
|
|upkeep
|turn|7
|
|t:|1626408395
|move|p1a: Mew|Spikes|p2a: Landorus
|-sidestart|p2: BestixL|Spikes
|move|p2a: Landorus|Defog|p1a: Mew
|-unboost|p1a: Mew|evasion|1
|-sideend|p2: BestixL|Spikes|[from] move: Defog|[of] p2a: Landorus
|-sideend|p2: BestixL|Stealth Rock|[from] move: Defog|[of] p2a: Landorus
|
|upkeep
|turn|8
|
|t:|1626408398
|move|p1a: Mew|Stealth Rock|p2a: Landorus
|-sidestart|p2: BestixL|move: Stealth Rock
|move|p2a: Landorus|Defog|p1a: Mew
|-unboost|p1a: Mew|evasion|1
|-sideend|p2: BestixL|Stealth Rock|[from] move: Defog|[of] p2a: Landorus
|
|upkeep
|turn|9
|
|t:|1626408405
|move|p1a: Mew|Stealth Rock|p2a: Landorus
|-sidestart|p2: BestixL|move: Stealth Rock
|move|p2a: Landorus|Knock Off|p1a: Mew
|-supereffective|p1a: Mew
|-enditem|p1a: Mew|Colbur Berry|[eat]
|-enditem|p1a: Mew|Colbur Berry|[weaken]
|-damage|p1a: Mew|62/100
|
|upkeep
|turn|10
|
|t:|1626408407
|move|p1a: Mew|Taunt|p2a: Landorus
|-start|p2a: Landorus|move: Taunt
|cant|p2a: Landorus|move: Taunt|Defog
|
|upkeep
|turn|11
|
|t:|1626408410
|move|p1a: Mew|Spikes|p2a: Landorus
|-sidestart|p2: BestixL|Spikes
|move|p2a: Landorus|U-turn|p1a: Mew
|-supereffective|p1a: Mew
|-damage|p1a: Mew|22/100
|
|t:|1626408412
|switch|p2a: Tornadus|Tornadus-Therian, M|100/100|[from]move: U-turn
|
|upkeep
|turn|12
|
|t:|1626408417
|move|p2a: Tornadus|Taunt|p1a: Mew
|-start|p1a: Mew|move: Taunt
|cant|p1a: Mew|move: Taunt|Thunder Wave
|
|upkeep
|turn|13
|
|t:|1626408421
|switch|p2a: Landorus|Landorus-Therian, M|100/100
|-damage|p2a: Landorus|88/100|[from] Stealth Rock
|-ability|p2a: Landorus|Intimidate|boost
|-unboost|p1a: Mew|atk|1
|-activate|p1a: Mew|move: Struggle
|move|p1a: Mew|Struggle|p2a: Landorus
|-damage|p2a: Landorus|84/100
|-damage|p1a: Mew|0 fnt|[from] recoil
|faint|p1a: Mew
|
|-heal|p2a: Landorus|90/100|[from] item: Leftovers
|upkeep
|
|t:|1626408425
|switch|p1a: Cloyster|Cloyster, F|100/100
|turn|14
|
|t:|1626408427
|switch|p2a: Clefable|Clefable, M|100/100
|move|p1a: Cloyster|Shell Smash|p1a: Cloyster
|-unboost|p1a: Cloyster|def|1
|-unboost|p1a: Cloyster|spd|1
|-boost|p1a: Cloyster|atk|2
|-boost|p1a: Cloyster|spa|2
|-boost|p1a: Cloyster|spe|2
|
|upkeep
|turn|15
|
|t:|1626408428
|move|p1a: Cloyster|Icicle Spear|p2a: Clefable
|-damage|p2a: Clefable|84/100
|-damage|p2a: Clefable|66/100
|-damage|p2a: Clefable|49/100
|-damage|p2a: Clefable|31/100
|-damage|p2a: Clefable|13/100
|-hitcount|p2a: Clefable|5
|move|p2a: Clefable|Moonblast|p1a: Cloyster
|-damage|p1a: Cloyster|0 fnt
|faint|p1a: Cloyster
|
|-heal|p2a: Clefable|20/100|[from] item: Leftovers
|upkeep
|
|t:|1626408436
|switch|p1a: Blacephalon|Blacephalon|100/100
|turn|16
|
|t:|1626408442
|move|p1a: Blacephalon|Shadow Ball|p2a: Clefable
|-crit|p2a: Clefable
|-damage|p2a: Clefable|0 fnt
|faint|p2a: Clefable
|-ability|p1a: Blacephalon|Beast Boost|boost
|-boost|p1a: Blacephalon|spa|1
|
|upkeep
|
|t:|1626408444
|switch|p2a: Landorus|Landorus-Therian, M|90/100
|-damage|p2a: Landorus|77/100|[from] Stealth Rock
|-ability|p2a: Landorus|Intimidate|boost
|-unboost|p1a: Blacephalon|atk|1
|turn|17
|
|t:|1626408446
|move|p1a: Blacephalon|Shadow Ball|p2a: Landorus
|-damage|p2a: Landorus|25/100
|-unboost|p2a: Landorus|spd|1
|move|p2a: Landorus|Knock Off|p1a: Blacephalon
|-supereffective|p1a: Blacephalon
|-damage|p1a: Blacephalon|0 fnt
|-enditem|p1a: Blacephalon|Choice Scarf|[from] move: Knock Off|[of] p2a: Landorus
|faint|p1a: Blacephalon
|
|-heal|p2a: Landorus|31/100|[from] item: Leftovers
|upkeep
|c|☆BestixL|fast fast fast
|
|t:|1626408461
|switch|p1a: Dragonite|Dragonite, F|100/100
|turn|18
|
|t:|1626408464
|move|p1a: Dragonite|Ice Punch|p2a: Landorus
|-supereffective|p2a: Landorus
|-crit|p2a: Landorus
|-damage|p2a: Landorus|0 fnt
|faint|p2a: Landorus
|
|upkeep
|
|t:|1626408469
|switch|p2a: Rotom|Rotom-Wash|100/100
|-damage|p2a: Rotom|88/100|[from] Stealth Rock
|turn|19
|
|t:|1626408473
|move|p1a: Dragonite|Dragon Dance|p1a: Dragonite
|-boost|p1a: Dragonite|atk|1
|-boost|p1a: Dragonite|spe|1
|move|p2a: Rotom|Will-O-Wisp|p1a: Dragonite
|-status|p1a: Dragonite|brn
|
|-heal|p2a: Rotom|94/100|[from] item: Leftovers
|-damage|p1a: Dragonite|94/100 brn|[from] brn
|upkeep
|turn|20
|
|t:|1626408475
|move|p1a: Dragonite|Dragon Dance|p1a: Dragonite
|-boost|p1a: Dragonite|atk|1
|-boost|p1a: Dragonite|spe|1
|move|p2a: Rotom|Volt Switch|p1a: Dragonite
|-damage|p1a: Dragonite|65/100 brn
|
|t:|1626408477
|switch|p2a: Corviknight|Corviknight, M|100/100|[from]move: Volt Switch
|-damage|p2a: Corviknight|88/100|[from] Stealth Rock
|-ability|p2a: Corviknight|Pressure
|
|-heal|p2a: Corviknight|94/100|[from] item: Leftovers
|-damage|p1a: Dragonite|59/100 brn|[from] brn
|upkeep
|turn|21
|
|t:|1626408479
|move|p1a: Dragonite|Ice Punch|p2a: Corviknight
|-crit|p2a: Corviknight
|-damage|p2a: Corviknight|71/100
|move|p2a: Corviknight|Iron Defense|p2a: Corviknight
|-boost|p2a: Corviknight|def|2
|
|-heal|p2a: Corviknight|77/100|[from] item: Leftovers
|-damage|p1a: Dragonite|53/100 brn|[from] brn
|upkeep
|turn|22
|
|t:|1626408483
|move|p1a: Dragonite|Ice Punch|p2a: Corviknight
|-damage|p2a: Corviknight|69/100
|move|p2a: Corviknight|Roost|p2a: Corviknight
|-heal|p2a: Corviknight|100/100
|-singleturn|p2a: Corviknight|move: Roost
|
|-damage|p1a: Dragonite|47/100 brn|[from] brn
|upkeep
|turn|23
|
|t:|1626408485
|move|p1a: Dragonite|Ice Punch|p2a: Corviknight
|-damage|p2a: Corviknight|93/100
|move|p2a: Corviknight|Iron Defense|p2a: Corviknight
|-boost|p2a: Corviknight|def|2
|
|-heal|p2a: Corviknight|99/100|[from] item: Leftovers
|-damage|p1a: Dragonite|40/100 brn|[from] brn
|upkeep
|turn|24
|
|t:|1626408487
|move|p1a: Dragonite|Ice Punch|p2a: Corviknight
|-damage|p2a: Corviknight|93/100
|move|p2a: Corviknight|Body Press|p1a: Dragonite
|-resisted|p1a: Dragonite
|-damage|p1a: Dragonite|0 fnt
|faint|p1a: Dragonite
|
|-heal|p2a: Corviknight|99/100|[from] item: Leftovers
|upkeep
|
|t:|1626408489
|switch|p1a: Bisharp|Bisharp, M|73/100
|turn|25
|
|t:|1626408492
|move|p1a: Bisharp|Knock Off|p2a: Corviknight
|-damage|p2a: Corviknight|85/100
|-enditem|p2a: Corviknight|Leftovers|[from] move: Knock Off|[of] p1a: Bisharp
|-damage|p1a: Bisharp|63/100|[from] item: Life Orb
|move|p2a: Corviknight|Body Press|p1a: Bisharp
|-supereffective|p1a: Bisharp
|-damage|p1a: Bisharp|0 fnt
|faint|p1a: Bisharp
|
|upkeep
|
|t:|1626408493
|switch|p1a: Kartana|Kartana|100/100
|turn|26
|c|☆lt82zw ez|g
|-message|lt82zw ez forfeited.
|
|win|BestixL
|raw|lt82zw ez's rating: 1792 &rarr; <strong>1771</strong><br />(-21 for losing)
|raw|BestixL's rating: 1770 &rarr; <strong>1791</strong><br />(+21 for winning)
|l|☆lt82zw ez
|c|☆BestixL|g
|l| joncorleone
