|j|☆Lokido123
|j|☆playeraccount
|t:|1662271031
|gametype|singles
|player|p1|Lokido123|palmer|1204
|player|p2|playeraccount|1|1250
|teamsize|p1|6
|teamsize|p2|6
|gen|8
|tier|[Gen 8] OU
|rated|
|rule|Sleep Clause Mod: Limit one foe put to sleep
|rule|Species Clause: Limit one of each Pokémon
|rule|OHKO Clause: OHKO moves are banned
|rule|Evasion Items Clause: Evasion items are banned
|rule|Evasion Moves Clause: Evasion moves are banned
|rule|Endless Battle Clause: Forcing endless battles is banned
|rule|HP Percentage Mod: HP is shown in percentages
|rule|Dynamax Clause: You cannot dynamax
|clearpoke
|poke|p1|Venusaur, M|
|poke|p1|Ninetales, M|
|poke|p1|Dragonite, M|
|poke|p1|Tyranitar, M|
|poke|p1|Scizor, M|
|poke|p1|Gengar, M|
|poke|p2|Nidoqueen, F|
|poke|p2|Kartana|
|poke|p2|Swampert, M|
|poke|p2|Zapdos|
|poke|p2|Bisharp, F|
|poke|p2|Volcarona, M|
|teampreview
|inactive|Battle timer is ON: inactive players will automatically lose when time's up. (requested by Lokido123)
|inactive|playeraccount also wants the timer to be on.
|
|t:|1662271053
|start
|switch|p1a: Ninetales|Ninetales, M, shiny|100/100
|switch|p2a: Swampert|Swampert, M|100/100
|-weather|SunnyDay|[from] ability: Drought|[of] p1a: Ninetales
|turn|1
|
|t:|1662271060
|switch|p2a: Volcarona|Volcarona, M|100/100
|move|p1a: Ninetales|Solar Beam||[still]
|-prepare|p1a: Ninetales|Solar Beam
|-anim|p1a: Ninetales|Solar Beam|p2a: Volcarona
|-resisted|p2a: Volcarona
|-damage|p2a: Volcarona|94/100
|
|-weather|SunnyDay|[upkeep]
|upkeep
|turn|2
|
|t:|1662271074
|switch|p1a: Tyranitar|Tyranitar, M, shiny|100/100
|-weather|Sandstorm|[from] ability: Sand Stream|[of] p1a: Tyranitar
|move|p2a: Volcarona|Quiver Dance|p2a: Volcarona
|-boost|p2a: Volcarona|spa|1
|-boost|p2a: Volcarona|spd|1
|-boost|p2a: Volcarona|spe|1
|
|-weather|Sandstorm|[upkeep]
|-damage|p2a: Volcarona|88/100|[from] Sandstorm
|upkeep
|turn|3
|
|t:|1662271086
|move|p2a: Volcarona|Quiver Dance|p2a: Volcarona
|-boost|p2a: Volcarona|spa|1
|-boost|p2a: Volcarona|spd|1
|-boost|p2a: Volcarona|spe|1
|move|p1a: Tyranitar|Earthquake|p2a: Volcarona
|-damage|p2a: Volcarona|38/100
|
|-weather|Sandstorm|[upkeep]
|-damage|p2a: Volcarona|32/100|[from] Sandstorm
|upkeep
|turn|4
|
|t:|1662271104
|switch|p1a: Scizor|Scizor, M, shiny|100/100
|move|p2a: Volcarona|Giga Drain|p1a: Scizor
|-resisted|p1a: Scizor
|-damage|p1a: Scizor|84/100
|-heal|p2a: Volcarona|39/100|[from] drain|[of] p1a: Scizor
|
|-weather|Sandstorm|[upkeep]
|-damage|p2a: Volcarona|33/100|[from] Sandstorm
|upkeep
|turn|5
|
|t:|1662271114
|move|p1a: Scizor|Bullet Punch|p2a: Volcarona
|-resisted|p2a: Volcarona
|-damage|p2a: Volcarona|5/100
|-status|p1a: Scizor|brn|[from] ability: Flame Body|[of] p2a: Volcarona
|move|p2a: Volcarona|Fiery Dance|p1a: Scizor
|-supereffective|p1a: Scizor
|-damage|p1a: Scizor|0 fnt
|-boost|p2a: Volcarona|spa|1
|faint|p1a: Scizor
|
|-weather|Sandstorm|[upkeep]
|-damage|p2a: Volcarona|0 fnt|[from] Sandstorm
|faint|p2a: Volcarona
|upkeep
|
|t:|1662271128
|switch|p2a: Zapdos|Zapdos|100/100
|switch|p1a: Ninetales|Ninetales, M, shiny|100/100
|-weather|SunnyDay|[from] ability: Drought|[of] p1a: Ninetales
|turn|6
|
|t:|1662271136
|move|p1a: Ninetales|Flamethrower|p2a: Zapdos
|-damage|p2a: Zapdos|52/100
|move|p2a: Zapdos|Volt Switch|p1a: Ninetales
|-damage|p1a: Ninetales|66/100
|
|t:|1662271148
|switch|p2a: Nidoqueen|Nidoqueen, F, shiny|100/100|[from]move: Volt Switch
|
|-weather|SunnyDay|[upkeep]
|upkeep
|turn|7
|
|t:|1662271158
|move|p1a: Ninetales|Solar Beam||[still]
|-prepare|p1a: Ninetales|Solar Beam
|-anim|p1a: Ninetales|Solar Beam|p2a: Nidoqueen
|-damage|p2a: Nidoqueen|68/100
|move|p2a: Nidoqueen|Sludge Wave|p1a: Ninetales
|-damage|p1a: Ninetales|0 fnt
|faint|p1a: Ninetales
|
|-weather|SunnyDay|[upkeep]
|upkeep
|
|t:|1662271168
|switch|p1a: Venusaur|Venusaur, M, shiny|100/100
|turn|8
|
|t:|1662271171
|move|p1a: Venusaur|Earth Power|p2a: Nidoqueen
|-supereffective|p2a: Nidoqueen
|-damage|p2a: Nidoqueen|0 fnt
|faint|p2a: Nidoqueen
|-damage|p1a: Venusaur|91/100|[from] item: Life Orb
|
|-weather|SunnyDay|[upkeep]
|upkeep
|
|t:|1662271179
|switch|p2a: Zapdos|Zapdos|52/100
|turn|9
|
|t:|1662271182
|move|p1a: Venusaur|Sludge Bomb|p2a: Zapdos
|-damage|p2a: Zapdos|0 fnt
|faint|p2a: Zapdos
|-damage|p1a: Venusaur|81/100|[from] item: Life Orb
|
|-weather|SunnyDay|[upkeep]
|upkeep
|
|t:|1662271190
|switch|p2a: Bisharp|Bisharp, F|100/100
|turn|10
|
|t:|1662271197
|move|p1a: Venusaur|Weather Ball|p2a: Bisharp
|-supereffective|p2a: Bisharp
|-damage|p2a: Bisharp|0 fnt
|faint|p2a: Bisharp
|-damage|p1a: Venusaur|71/100|[from] item: Life Orb
|
|-weather|SunnyDay|[upkeep]
|upkeep
|
|t:|1662271200
|switch|p2a: Kartana|Kartana, shiny|100/100
|turn|11
|
|t:|1662271207
|move|p1a: Venusaur|Weather Ball|p2a: Kartana
|-supereffective|p2a: Kartana
|-damage|p2a: Kartana|0 fnt
|faint|p2a: Kartana
|-damage|p1a: Venusaur|61/100|[from] item: Life Orb
|
|-weather|SunnyDay|[upkeep]
|upkeep
|-message|playeraccount forfeited.
|
|win|Lokido123
|raw|Lokido123's rating: 1204 &rarr; <strong>1232</strong><br />(+28 for winning)
|raw|playeraccount's rating: 1250 &rarr; <strong>1222</strong><br />(-28 for losing)
|l|☆playeraccount
