|j|☆Hollow s0ul
|j|☆kazt 5
|inactive|Battle timer is ON: inactive players will automatically lose when time's up.
|t:|1663467246
|gametype|singles
|player|p1|Hollow s0ul|lady-gen4|
|player|p2|kazt 5|acetrainersnowf|
|teamsize|p1|6
|teamsize|p2|6
|gen|8
|tier|[Gen 8] OU
|rated|Tournament battle
|rule|Sleep Clause Mod: Limit one foe put to sleep
|rule|Species Clause: Limit one of each Pokémon
|rule|OHKO Clause: OHKO moves are banned
|rule|Evasion Items Clause: Evasion items are banned
|rule|Evasion Moves Clause: Evasion moves are banned
|rule|Endless Battle Clause: Forcing endless battles is banned
|rule|HP Percentage Mod: HP is shown in percentages
|rule|Dynamax Clause: You cannot dynamax
|clearpoke
|poke|p1|Tapu Lele|
|poke|p1|Landorus-Therian, M|
|poke|p1|Volcanion|
|poke|p1|Dragapult, F|
|poke|p1|Magnezone|
|poke|p1|Tornadus-Therian, M|
|poke|p2|Volcarona, F|
|poke|p2|Clefable, M|
|poke|p2|Kartana|
|poke|p2|Zeraora|
|poke|p2|Landorus-Therian, M|
|poke|p2|Slowbro, F|
|teampreview
|c|☆kazt 5|hf
|c|☆Hollow s0ul|u2
|
|t:|1663467259
|start
|switch|p1a: Landorus|Landorus-Therian, M|100/100
|switch|p2a: Zeraora|Zeraora|100/100
|-ability|p1a: Landorus|Intimidate|boost
|-unboost|p2a: Zeraora|atk|1
|turn|1
|
|t:|1663467263
|switch|p2a: Landorus|Landorus-Therian, M|100/100
|-ability|p2a: Landorus|Intimidate|boost
|-unboost|p1a: Landorus|atk|1
|move|p1a: Landorus|Earthquake|p2a: Landorus
|-immune|p2a: Landorus
|
|upkeep
|turn|2
|
|t:|1663467266
|move|p2a: Landorus|Toxic|p1a: Landorus
|-status|p1a: Landorus|tox
|move|p1a: Landorus|Stealth Rock|p2a: Landorus
|-sidestart|p2: kazt 5|move: Stealth Rock
|
|-damage|p1a: Landorus|94/100 tox|[from] psn
|upkeep
|turn|3
|
|t:|1663467273
|move|p2a: Landorus|Defog|p1a: Landorus
|-unboost|p1a: Landorus|evasion|1
|-sideend|p2: kazt 5|Stealth Rock|[from] move: Defog|[of] p2a: Landorus
|move|p1a: Landorus|U-turn|p2a: Landorus
|-resisted|p2a: Landorus
|-damage|p2a: Landorus|93/100
|
|t:|1663467288
|switch|p1a: Volcanion|Volcanion|100/100|[from]move: U-turn
|
|-heal|p2a: Landorus|99/100|[from] item: Leftovers
|upkeep
|turn|4
|
|t:|1663467297
|switch|p2a: Slowbro|Slowbro, F|100/100
|move|p1a: Volcanion|Steam Eruption|p2a: Slowbro
|-resisted|p2a: Slowbro
|-damage|p2a: Slowbro|69/100
|
|upkeep
|turn|5
|j| Pikablu007
|
|t:|1663467304
|switch|p1a: Magnezone|Magnezone|100/100
|move|p2a: Slowbro|Slack Off|p2a: Slowbro
|-heal|p2a: Slowbro|100/100
|
|upkeep
|turn|6
|j| THEONEPEAKISREAL
|
|t:|1663467308
|switch|p2a: Landorus|Landorus-Therian, M|99/100
|-ability|p2a: Landorus|Intimidate|boost
|-unboost|p1a: Magnezone|atk|1
|move|p1a: Magnezone|Toxic|p2a: Landorus
|-status|p2a: Landorus|tox
|
|-heal|p2a: Landorus|100/100 tox|[from] item: Leftovers
|-damage|p2a: Landorus|94/100 tox|[from] psn
|upkeep
|turn|7
|l| THEONEPEAKISREAL
|
|t:|1663467314
|switch|p1a: Landorus|Landorus-Therian, M|94/100 tox
|-ability|p1a: Landorus|Intimidate|boost
|-unboost|p2a: Landorus|atk|1
|move|p2a: Landorus|U-turn|p1a: Landorus
|-resisted|p1a: Landorus
|-damage|p1a: Landorus|87/100 tox
|
|t:|1663467318
|switch|p2a: Kartana|Kartana|100/100|[from]move: U-turn
|
|-heal|p1a: Landorus|93/100 tox|[from] item: Leftovers
|-damage|p1a: Landorus|87/100 tox|[from] psn
|upkeep
|turn|8
|
|t:|1663467326
|move|p2a: Kartana|Knock Off|p1a: Landorus
|-damage|p1a: Landorus|29/100 tox
|-enditem|p1a: Landorus|Leftovers|[from] move: Knock Off|[of] p2a: Kartana
|move|p1a: Landorus|U-turn|p2a: Kartana
|-damage|p2a: Kartana|76/100
|
|t:|1663467330
|switch|p1a: Magnezone|Magnezone|100/100|[from]move: U-turn
|
|upkeep
|turn|9
|
|t:|1663467333
|move|p2a: Kartana|Knock Off|p1a: Magnezone
|-damage|p1a: Magnezone|55/100
|-damage|p2a: Kartana|60/100|[from] item: Rocky Helmet|[of] p1a: Magnezone
|-enditem|p1a: Magnezone|Rocky Helmet|[from] move: Knock Off|[of] p2a: Kartana
|move|p1a: Magnezone|Iron Defense|p1a: Magnezone
|-boost|p1a: Magnezone|def|2
|
|upkeep
|turn|10
|
|t:|1663467335
|move|p2a: Kartana|Knock Off|p1a: Magnezone
|-damage|p1a: Magnezone|40/100
|move|p1a: Magnezone|Body Press|p2a: Kartana
|-supereffective|p2a: Kartana
|-damage|p2a: Kartana|0 fnt
|faint|p2a: Kartana
|
|upkeep
|
|t:|1663467344
|switch|p2a: Landorus|Landorus-Therian, M|94/100 tox
|-ability|p2a: Landorus|Intimidate|boost
|-unboost|p1a: Magnezone|atk|1
|turn|11
|
|t:|1663467359
|switch|p1a: Tornadus|Tornadus-Therian, M|100/100
|move|p2a: Landorus|Earthquake|p1a: Tornadus
|-immune|p1a: Tornadus
|
|-heal|p2a: Landorus|100/100 tox|[from] item: Leftovers
|-damage|p2a: Landorus|94/100 tox|[from] psn
|upkeep
|turn|12
|
|t:|1663467368
|switch|p2a: Clefable|Clefable, M|100/100
|move|p1a: Tornadus|Knock Off|p2a: Clefable
|-resisted|p2a: Clefable
|-damage|p2a: Clefable|89/100
|-enditem|p2a: Clefable|Sticky Barb|[from] move: Knock Off|[of] p1a: Tornadus
|
|upkeep
|turn|13
|
|t:|1663467376
|switch|p1a: Magnezone|Magnezone|40/100
|move|p2a: Clefable|Stealth Rock|p1a: Magnezone
|-sidestart|p1: Hollow s0ul|move: Stealth Rock
|
|upkeep
|turn|14
|
|t:|1663467383
|move|p1a: Magnezone|Thunderbolt|p2a: Clefable
|-damage|p2a: Clefable|62/100
|move|p2a: Clefable|Moonblast|p1a: Magnezone
|-resisted|p1a: Magnezone
|-damage|p1a: Magnezone|22/100
|
|upkeep
|turn|15
|
|t:|1663467387
|move|p1a: Magnezone|Body Press|p2a: Clefable
|-resisted|p2a: Clefable
|-damage|p2a: Clefable|46/100
|move|p2a: Clefable|Soft-Boiled|p2a: Clefable
|-heal|p2a: Clefable|96/100
|
|upkeep
|turn|16
|l| Pikablu007
|
|t:|1663467390
|move|p1a: Magnezone|Thunderbolt|p2a: Clefable
|-damage|p2a: Clefable|70/100
|-status|p2a: Clefable|par
|move|p2a: Clefable|Moonblast|p1a: Magnezone
|-resisted|p1a: Magnezone
|-damage|p1a: Magnezone|5/100
|
|upkeep
|turn|17
|
|t:|1663467396
|move|p1a: Magnezone|Thunderbolt|p2a: Clefable
|-damage|p2a: Clefable|42/100 par
|move|p2a: Clefable|Soft-Boiled|p2a: Clefable
|-heal|p2a: Clefable|92/100 par
|
|upkeep
|turn|18
|
|t:|1663467401
|switch|p1a: Volcanion|Volcanion|100/100
|cant|p2a: Clefable|par
|
|upkeep
|turn|19
|
|t:|1663467408
|move|p1a: Volcanion|Earth Power|p2a: Clefable
|-damage|p2a: Clefable|70/100 par
|move|p2a: Clefable|Trick|p1a: Volcanion
|-activate|p2a: Clefable|move: Trick|[of] p1a: Volcanion
|-enditem|p1a: Volcanion|Heavy-Duty Boots|[silent]|[from] move: Trick
|-item|p2a: Clefable|Heavy-Duty Boots|[from] move: Trick
|
|upkeep
|turn|20
|
|t:|1663467411
|switch|p2a: Slowbro|Slowbro, F|100/100
|move|p1a: Volcanion|Sludge Bomb|p2a: Slowbro
|-damage|p2a: Slowbro|63/100
|
|upkeep
|turn|21
|
|t:|1663467415
|move|p1a: Volcanion|Earth Power|p2a: Slowbro
|-damage|p2a: Slowbro|26/100
|move|p2a: Slowbro|Slack Off|p2a: Slowbro
|-heal|p2a: Slowbro|76/100
|
|upkeep
|turn|22
|
|t:|1663467420
|move|p1a: Volcanion|Earth Power|p2a: Slowbro
|-damage|p2a: Slowbro|38/100
|move|p2a: Slowbro|Teleport|p2a: Slowbro
|
|t:|1663467422
|switch|p2a: Zeraora|Zeraora|100/100|[from]move: Teleport
|
|upkeep
|turn|23
|
|t:|1663467425
|switch|p1a: Landorus|Landorus-Therian, M|29/100 tox
|-damage|p1a: Landorus|17/100 tox|[from] Stealth Rock
|-ability|p1a: Landorus|Intimidate|boost
|-unboost|p2a: Zeraora|atk|1
|move|p2a: Zeraora|Plasma Fists|p1a: Landorus
|-immune|p1a: Landorus
|
|-damage|p1a: Landorus|11/100 tox|[from] psn
|upkeep
|turn|24
|
|t:|1663467434
|switch|p2a: Landorus|Landorus-Therian, M|94/100 tox
|-ability|p2a: Landorus|Intimidate|boost
|-unboost|p1a: Landorus|atk|1
|move|p1a: Landorus|Earthquake|p2a: Landorus
|-immune|p2a: Landorus
|
|-heal|p2a: Landorus|100/100 tox|[from] item: Leftovers
|-damage|p2a: Landorus|94/100 tox|[from] psn
|-damage|p1a: Landorus|0 fnt|[from] psn
|faint|p1a: Landorus
|upkeep
|
|t:|1663467437
|switch|p1a: Volcanion|Volcanion|100/100
|-damage|p1a: Volcanion|76/100|[from] Stealth Rock
|turn|25
|
|t:|1663467443
|switch|p2a: Slowbro|Slowbro, F|71/100
|move|p1a: Volcanion|Steam Eruption|p2a: Slowbro
|-resisted|p2a: Slowbro
|-damage|p2a: Slowbro|40/100
|-status|p2a: Slowbro|brn
|
|-damage|p2a: Slowbro|34/100 brn|[from] brn
|upkeep
|turn|26
|
|t:|1663467449
|move|p1a: Volcanion|Earth Power|p2a: Slowbro
|-damage|p2a: Slowbro|0 fnt
|faint|p2a: Slowbro
|
|upkeep
|
|t:|1663467451
|switch|p2a: Zeraora|Zeraora|100/100
|turn|27
|
|t:|1663467456
|switch|p1a: Magnezone|Magnezone|5/100
|-damage|p1a: Magnezone|0 fnt|[from] Stealth Rock
|faint|p1a: Magnezone
|move|p2a: Zeraora|Plasma Fists|p1: Magnezone|[notarget]
|-fail|p2a: Zeraora
|
|upkeep
|
|t:|1663467460
|switch|p1a: Tapu Lele|Tapu Lele|100/100
|-damage|p1a: Tapu Lele|88/100|[from] Stealth Rock
|-fieldstart|move: Psychic Terrain|[from] ability: Psychic Surge|[of] p1a: Tapu Lele
|turn|28
|
|t:|1663467462
|move|p1a: Tapu Lele|Psyshock|p2a: Zeraora
|-damage|p2a: Zeraora|20/100
|move|p2a: Zeraora|Plasma Fists|p1a: Tapu Lele
|-damage|p1a: Tapu Lele|0 fnt
|-fieldactivate|move: Ion Deluge
|-hint|Normal-type moves become Electric-type after using Plasma Fists.
|faint|p1a: Tapu Lele
|
|upkeep
|
|t:|1663467472
|switch|p1a: Dragapult|Dragapult, F|100/100
|-damage|p1a: Dragapult|88/100|[from] Stealth Rock
|turn|29
|
|t:|1663467474
|switch|p2a: Clefable|Clefable, M|70/100 par
|move|p1a: Dragapult|U-turn|p2a: Clefable
|-resisted|p2a: Clefable
|-damage|p2a: Clefable|49/100 par
|
|t:|1663467479
|switch|p1a: Volcanion|Volcanion|76/100|[from]move: U-turn
|-damage|p1a: Volcanion|51/100|[from] Stealth Rock
|
|upkeep
|turn|30
|
|t:|1663467481
|move|p1a: Volcanion|Sludge Bomb|p2a: Clefable
|-supereffective|p2a: Clefable
|-damage|p2a: Clefable|0 fnt
|faint|p2a: Clefable
|
|upkeep
|
|t:|1663467486
|switch|p2a: Zeraora|Zeraora|20/100
|turn|31
|
|t:|1663467490
|switch|p1a: Tornadus|Tornadus-Therian, M|100/100
|move|p2a: Zeraora|Plasma Fists|p1a: Tornadus
|-supereffective|p1a: Tornadus
|-damage|p1a: Tornadus|0 fnt
|-fieldactivate|move: Ion Deluge
|-hint|Normal-type moves become Electric-type after using Plasma Fists.
|faint|p1a: Tornadus
|
|upkeep
|
|t:|1663467491
|switch|p1a: Dragapult|Dragapult, F|88/100
|-damage|p1a: Dragapult|76/100|[from] Stealth Rock
|turn|32
|
|t:|1663467502
|switch|p2a: Volcarona|Volcarona, F|100/100
|move|p1a: Dragapult|Dragon Darts|p2a: Volcarona
|-damage|p2a: Volcarona|57/100
|-anim|p1a: Dragapult|Dragon Darts|p2a: Volcarona
|-damage|p2a: Volcarona|14/100
|
|-fieldend|move: Psychic Terrain
|upkeep
|turn|33
|
|t:|1663467509
|move|p1a: Dragapult|Dragon Darts|p2a: Volcarona
|-damage|p2a: Volcarona|0 fnt
|faint|p2a: Volcarona
|
|upkeep
|
|t:|1663467515
|switch|p2a: Landorus|Landorus-Therian, M|94/100 tox
|-ability|p2a: Landorus|Intimidate|boost
|-fail|p1a: Dragapult|unboost|[from] ability: Clear Body|[of] p1a: Dragapult
|turn|34
|
|t:|1663467517
|move|p1a: Dragapult|Dragon Darts|p2a: Landorus
|-damage|p2a: Landorus|58/100 tox
|-anim|p1a: Dragapult|Dragon Darts|p2a: Landorus
|-damage|p2a: Landorus|21/100 tox
|move|p2a: Landorus|Earthquake|p1a: Dragapult
|-damage|p1a: Dragapult|14/100
|
|-heal|p2a: Landorus|27/100 tox|[from] item: Leftovers
|-damage|p2a: Landorus|21/100 tox|[from] psn
|upkeep
|turn|35
|
|t:|1663467526
|switch|p1a: Volcanion|Volcanion|51/100
|-damage|p1a: Volcanion|26/100|[from] Stealth Rock
|move|p2a: Landorus|U-turn|p1a: Volcanion
|-resisted|p1a: Volcanion
|-damage|p1a: Volcanion|16/100
|
|t:|1663467530
|switch|p2a: Zeraora|Zeraora|20/100|[from]move: U-turn
|
|upkeep
|turn|36
|j| Pakff
|
|t:|1663467539
|move|p2a: Zeraora|Plasma Fists|p1a: Volcanion
|-supereffective|p1a: Volcanion
|-damage|p1a: Volcanion|0 fnt
|-fieldactivate|move: Ion Deluge
|-hint|Normal-type moves become Electric-type after using Plasma Fists.
|faint|p1a: Volcanion
|
|upkeep
|
|t:|1663467544
|switch|p1a: Dragapult|Dragapult, F|14/100
|-damage|p1a: Dragapult|2/100|[from] Stealth Rock
|turn|37
|
|t:|1663467547
|move|p1a: Dragapult|Sucker Punch|p2a: Zeraora
|-damage|p2a: Zeraora|0 fnt
|faint|p2a: Zeraora
|
|upkeep
|
|t:|1663467549
|switch|p2a: Landorus|Landorus-Therian, M|21/100 tox
|-ability|p2a: Landorus|Intimidate|boost
|-fail|p1a: Dragapult|unboost|[from] ability: Clear Body|[of] p1a: Dragapult
|turn|38
|
|t:|1663467551
|move|p1a: Dragapult|Sucker Punch||[still]
|-fail|p1a: Dragapult
|move|p2a: Landorus|Toxic|p1a: Dragapult
|-status|p1a: Dragapult|tox
|
|-heal|p2a: Landorus|27/100 tox|[from] item: Leftovers
|-damage|p1a: Dragapult|0 fnt|[from] psn
|faint|p1a: Dragapult
|
|win|kazt 5
|upkeep
|n|☆Hollow s0ul|hollows0ul
|n|☆kazt 5|kazt5
|n| Pakff|pakff
|c|☆kazt 5|gg
|c|☆kazt 5|wp
|c|☆Hollow s0ul|gg
|l|☆Hollow s0ul
|l| Pakff
