|j|☆GORAN EL DRACO
|j|☆Aim on mai wei
|t:|1667310306
|gametype|singles
|player|p1|GORAN EL DRACO|harlequin|1744
|player|p2|Aim on mai wei|266|1864
|teamsize|p1|6
|teamsize|p2|6
|gen|8
|tier|[Gen 8] OU
|rated|
|rule|Sleep Clause Mod: Limit one foe put to sleep
|rule|Species Clause: Limit one of each Pokémon
|rule|OHKO Clause: OHKO moves are banned
|rule|Evasion Items Clause: Evasion items are banned
|rule|Evasion Moves Clause: Evasion moves are banned
|rule|Endless Battle Clause: Forcing endless battles is banned
|rule|HP Percentage Mod: HP is shown in percentages
|rule|Dynamax Clause: You cannot dynamax
|clearpoke
|poke|p1|Pelipper, M|
|poke|p1|Melmetal|
|poke|p1|Inteleon, F|
|poke|p1|Ferrothorn, F|
|poke|p1|Barraskewda, M|
|poke|p1|Seismitoad, F|
|poke|p2|Rillaboom, F|
|poke|p2|Tornadus-Therian, M|
|poke|p2|Blaziken, F|
|poke|p2|Melmetal|
|poke|p2|Garchomp, F|
|poke|p2|Slowbro, F|
|teampreview
|inactive|Battle timer is ON: inactive players will automatically lose when time's up. (requested by GORAN EL DRACO)
|
|t:|1667310319
|start
|switch|p1a: Pelipper|Pelipper, M|100/100
|switch|p2a: Slowbro|Slowbro, F|100/100
|-weather|RainDance|[from] ability: Drizzle|[of] p1a: Pelipper
|turn|1
|
|t:|1667310322
|move|p1a: Pelipper|Scald|p2a: Slowbro
|-resisted|p2a: Slowbro
|-damage|p2a: Slowbro|81/100
|-status|p2a: Slowbro|brn
|move|p2a: Slowbro|Teleport|p2a: Slowbro
|
|t:|1667310332
|switch|p2a: Garchomp|Garchomp, F|100/100|[from]move: Teleport
|
|-weather|RainDance|[upkeep]
|upkeep
|turn|2
|
|t:|1667310335
|move|p2a: Garchomp|Stealth Rock|p1a: Pelipper
|-sidestart|p1: GORAN EL DRACO|move: Stealth Rock
|move|p1a: Pelipper|Scald|p2a: Garchomp
|-damage|p2a: Garchomp|73/100
|
|-weather|RainDance|[upkeep]
|-heal|p2a: Garchomp|79/100|[from] item: Leftovers
|upkeep
|turn|3
|
|t:|1667310341
|move|p2a: Garchomp|Toxic|p1a: Pelipper
|-status|p1a: Pelipper|tox
|move|p1a: Pelipper|Scald|p2a: Garchomp
|-damage|p2a: Garchomp|54/100
|
|-weather|RainDance|[upkeep]
|-heal|p2a: Garchomp|60/100|[from] item: Leftovers
|-damage|p1a: Pelipper|94/100 tox|[from] psn
|upkeep
|turn|4
|
|t:|1667310345
|move|p2a: Garchomp|Protect|p2a: Garchomp
|-singleturn|p2a: Garchomp|Protect
|move|p1a: Pelipper|Defog|p2a: Garchomp
|-activate|p2a: Garchomp|move: Protect
|
|-weather|RainDance|[upkeep]
|-heal|p2a: Garchomp|66/100|[from] item: Leftovers
|-damage|p1a: Pelipper|82/100 tox|[from] psn
|upkeep
|turn|5
|
|t:|1667310350
|switch|p1a: Ferrothorn|Ferrothorn, F|100/100
|-damage|p1a: Ferrothorn|95/100|[from] Stealth Rock
|move|p2a: Garchomp|Stealth Rock||[still]
|-fail|p2a: Garchomp
|
|-weather|RainDance|[upkeep]
|-heal|p2a: Garchomp|73/100|[from] item: Leftovers
|-heal|p1a: Ferrothorn|100/100|[from] item: Leftovers
|upkeep
|turn|6
|
|t:|1667310362
|switch|p2a: Tornadus|Tornadus-Therian, M|100/100
|move|p1a: Ferrothorn|Stealth Rock|p2a: Tornadus
|-sidestart|p2: Aim on mai wei|move: Stealth Rock
|
|-weather|RainDance|[upkeep]
|upkeep
|turn|7
|
|t:|1667310367
|move|p2a: Tornadus|Knock Off|p1a: Ferrothorn
|-damage|p1a: Ferrothorn|84/100
|-damage|p2a: Tornadus|88/100|[from] ability: Iron Barbs|[of] p1a: Ferrothorn
|-enditem|p1a: Ferrothorn|Leftovers|[from] move: Knock Off|[of] p2a: Tornadus
|move|p1a: Ferrothorn|Knock Off|p2a: Tornadus
|-damage|p2a: Tornadus|67/100
|-enditem|p2a: Tornadus|Heavy-Duty Boots|[from] move: Knock Off|[of] p1a: Ferrothorn
|
|-weather|RainDance|[upkeep]
|upkeep
|turn|8
|
|t:|1667310375
|move|p2a: Tornadus|Heat Wave|p1a: Ferrothorn|[miss]
|-miss|p2a: Tornadus|p1a: Ferrothorn
|move|p1a: Ferrothorn|Knock Off|p2a: Tornadus
|-damage|p2a: Tornadus|52/100
|
|-weather|none
|upkeep
|turn|9
|
|t:|1667310379
|move|p2a: Tornadus|U-turn|p1a: Ferrothorn
|-damage|p1a: Ferrothorn|74/100
|-damage|p2a: Tornadus|40/100|[from] ability: Iron Barbs|[of] p1a: Ferrothorn
|
|t:|1667310388
|switch|p2a: Slowbro|Slowbro, F|100/100 brn|[from]move: U-turn
|-damage|p2a: Slowbro|88/100 brn|[from] Stealth Rock
|move|p1a: Ferrothorn|Gyro Ball|p2a: Slowbro
|-resisted|p2a: Slowbro
|-damage|p2a: Slowbro|85/100 brn
|-damage|p1a: Ferrothorn|57/100|[from] item: Rocky Helmet|[of] p2a: Slowbro
|
|-damage|p2a: Slowbro|79/100 brn|[from] brn
|upkeep
|turn|10
|
|t:|1667310398
|move|p1a: Ferrothorn|Knock Off|p2a: Slowbro
|-supereffective|p2a: Slowbro
|-damage|p2a: Slowbro|54/100 brn
|-damage|p1a: Ferrothorn|41/100|[from] item: Rocky Helmet|[of] p2a: Slowbro
|-enditem|p2a: Slowbro|Rocky Helmet|[from] move: Knock Off|[of] p1a: Ferrothorn
|move|p2a: Slowbro|Teleport|p2a: Slowbro
|
|t:|1667310403
|switch|p2a: Tornadus|Tornadus-Therian, M|73/100|[from]move: Teleport
|-damage|p2a: Tornadus|48/100|[from] Stealth Rock
|
|upkeep
|turn|11
|
|t:|1667310411
|move|p2a: Tornadus|U-turn|p1a: Ferrothorn
|-damage|p1a: Ferrothorn|29/100
|-damage|p2a: Tornadus|36/100|[from] ability: Iron Barbs|[of] p1a: Ferrothorn
|
|t:|1667310415
|switch|p2a: Slowbro|Slowbro, F|87/100 brn|[from]move: U-turn
|-damage|p2a: Slowbro|75/100 brn|[from] Stealth Rock
|move|p1a: Ferrothorn|Gyro Ball|p2a: Slowbro
|-resisted|p2a: Slowbro
|-damage|p2a: Slowbro|72/100 brn
|
|-damage|p2a: Slowbro|65/100 brn|[from] brn
|upkeep
|turn|12
|
|t:|1667310420
|switch|p1a: Pelipper|Pelipper, M|82/100 tox
|-damage|p1a: Pelipper|57/100 tox|[from] Stealth Rock
|-weather|RainDance|[from] ability: Drizzle|[of] p1a: Pelipper
|move|p2a: Slowbro|Teleport|p2a: Slowbro
|
|t:|1667310440
|switch|p2a: Rillaboom|Rillaboom, F|100/100|[from]move: Teleport
|-damage|p2a: Rillaboom|88/100|[from] Stealth Rock
|-fieldstart|move: Grassy Terrain|[from] ability: Grassy Surge|[of] p2a: Rillaboom
|
|-weather|RainDance|[upkeep]
|-heal|p2a: Rillaboom|94/100|[from] Grassy Terrain
|-heal|p2a: Rillaboom|100/100|[from] item: Leftovers
|-damage|p1a: Pelipper|51/100 tox|[from] psn
|upkeep
|turn|13
|
|t:|1667310446
|move|p2a: Rillaboom|Grassy Glide|p1a: Pelipper
|-damage|p1a: Pelipper|9/100 tox
|move|p1a: Pelipper|U-turn|p2a: Rillaboom
|-supereffective|p2a: Rillaboom
|-damage|p2a: Rillaboom|85/100
|
|t:|1667310451
|switch|p1a: Melmetal|Melmetal|100/100|[from]move: U-turn
|-damage|p1a: Melmetal|94/100|[from] Stealth Rock
|
|-weather|RainDance|[upkeep]
|-heal|p2a: Rillaboom|92/100|[from] Grassy Terrain
|-heal|p2a: Rillaboom|98/100|[from] item: Leftovers
|-heal|p1a: Melmetal|100/100|[from] Grassy Terrain
|upkeep
|turn|14
|
|t:|1667310458
|switch|p2a: Slowbro|Slowbro, F|99/100 brn
|-damage|p2a: Slowbro|86/100 brn|[from] Stealth Rock
|switch|p1a: GALARIAN SNIPER|Inteleon, F|100/100
|-damage|p1a: GALARIAN SNIPER|88/100|[from] Stealth Rock
|
|-weather|RainDance|[upkeep]
|-heal|p1a: GALARIAN SNIPER|94/100|[from] Grassy Terrain
|-heal|p2a: Slowbro|92/100 brn|[from] Grassy Terrain
|-damage|p2a: Slowbro|86/100 brn|[from] brn
|upkeep
|turn|15
|
|t:|1667310463
|move|p1a: GALARIAN SNIPER|Snipe Shot|p2a: Slowbro
|-resisted|p2a: Slowbro
|-damage|p2a: Slowbro|52/100 brn
|move|p2a: Slowbro|Toxic|p1a: GALARIAN SNIPER
|-status|p1a: GALARIAN SNIPER|tox
|
|-weather|RainDance|[upkeep]
|-heal|p1a: GALARIAN SNIPER|99/100 tox|[from] Grassy Terrain
|-heal|p2a: Slowbro|58/100 brn|[from] Grassy Terrain
|-damage|p1a: GALARIAN SNIPER|94/100 tox|[from] psn
|-damage|p2a: Slowbro|52/100 brn|[from] brn
|upkeep
|turn|16
|
|t:|1667310472
|move|p1a: GALARIAN SNIPER|Snipe Shot|p2a: Slowbro
|-resisted|p2a: Slowbro
|-crit|p2a: Slowbro
|-damage|p2a: Slowbro|0 fnt
|faint|p2a: Slowbro
|
|-weather|RainDance|[upkeep]
|-heal|p1a: GALARIAN SNIPER|99/100 tox|[from] Grassy Terrain
|-damage|p1a: GALARIAN SNIPER|88/100 tox|[from] psn
|-fieldend|move: Grassy Terrain
|upkeep
|
|t:|1667310479
|switch|p2a: Rillaboom|Rillaboom, F|98/100
|-damage|p2a: Rillaboom|85/100|[from] Stealth Rock
|-fieldstart|move: Grassy Terrain|[from] ability: Grassy Surge|[of] p2a: Rillaboom
|turn|17
|
|t:|1667310486
|switch|p1a: Melmetal|Melmetal|100/100
|-damage|p1a: Melmetal|94/100|[from] Stealth Rock
|move|p2a: Rillaboom|Grassy Glide|p1a: Melmetal
|-resisted|p1a: Melmetal
|-damage|p1a: Melmetal|82/100
|
|-weather|RainDance|[upkeep]
|-heal|p2a: Rillaboom|92/100|[from] Grassy Terrain
|-heal|p2a: Rillaboom|98/100|[from] item: Leftovers
|-heal|p1a: Melmetal|88/100|[from] Grassy Terrain
|upkeep
|turn|18
|
|t:|1667310495
|switch|p2a: Melmetal|Melmetal|100/100
|-damage|p2a: Melmetal|94/100|[from] Stealth Rock
|move|p1a: Melmetal|Double Iron Bash|p2a: Melmetal
|-resisted|p2a: Melmetal
|-damage|p2a: Melmetal|75/100
|-resisted|p2a: Melmetal
|-damage|p2a: Melmetal|55/100
|-hitcount|p2a: Melmetal|2
|
|-weather|RainDance|[upkeep]
|-heal|p1a: Melmetal|95/100|[from] Grassy Terrain
|-heal|p2a: Melmetal|61/100|[from] Grassy Terrain
|-heal|p2a: Melmetal|68/100|[from] item: Leftovers
|upkeep
|turn|19
|
|t:|1667310509
|move|p1a: Melmetal|Double Iron Bash|p2a: Melmetal
|-resisted|p2a: Melmetal
|-damage|p2a: Melmetal|50/100
|-resisted|p2a: Melmetal
|-damage|p2a: Melmetal|30/100
|-hitcount|p2a: Melmetal|2
|cant|p2a: Melmetal|flinch
|
|-weather|none
|-heal|p1a: Melmetal|100/100|[from] Grassy Terrain
|-heal|p2a: Melmetal|37/100|[from] Grassy Terrain
|-heal|p2a: Melmetal|43/100|[from] item: Leftovers
|upkeep
|turn|20
|
|t:|1667310515
|move|p1a: Melmetal|Double Iron Bash|p2a: Melmetal
|-resisted|p2a: Melmetal
|-damage|p2a: Melmetal|22/100
|-resisted|p2a: Melmetal
|-damage|p2a: Melmetal|2/100
|-hitcount|p2a: Melmetal|2
|cant|p2a: Melmetal|flinch
|
|-heal|p2a: Melmetal|8/100|[from] Grassy Terrain
|-heal|p2a: Melmetal|14/100|[from] item: Leftovers
|upkeep
|turn|21
|
|t:|1667310522
|move|p2a: Melmetal|Protect|p2a: Melmetal
|-singleturn|p2a: Melmetal|Protect
|move|p1a: Melmetal|Double Iron Bash|p2a: Melmetal
|-activate|p2a: Melmetal|move: Protect
|
|-heal|p2a: Melmetal|20/100|[from] Grassy Terrain
|-heal|p2a: Melmetal|27/100|[from] item: Leftovers
|-fieldend|move: Grassy Terrain
|upkeep
|turn|22
|
|t:|1667310525
|move|p1a: Melmetal|Double Iron Bash|p2a: Melmetal
|-resisted|p2a: Melmetal
|-damage|p2a: Melmetal|8/100
|-resisted|p2a: Melmetal
|-damage|p2a: Melmetal|0 fnt
|faint|p2a: Melmetal
|-hitcount|p2: Melmetal|2
|
|upkeep
|
|t:|1667310544
|switch|p2a: Garchomp|Garchomp, F|73/100
|-damage|p2a: Garchomp|66/100|[from] Stealth Rock
|turn|23
|
|t:|1667310549
|switch|p1a: Pelipper|Pelipper, M|9/100 tox
|-damage|p1a: Pelipper|0 fnt|[from] Stealth Rock
|faint|p1a: Pelipper
|move|p2a: Garchomp|Earthquake|p1: Pelipper|[notarget]
|-fail|p2a: Garchomp
|
|-heal|p2a: Garchomp|73/100|[from] item: Leftovers
|upkeep
|
|t:|1667310553
|switch|p1a: GALARIAN SNIPER|Inteleon, F|88/100 tox
|-damage|p1a: GALARIAN SNIPER|76/100 tox|[from] Stealth Rock
|turn|24
|
|t:|1667310562
|move|p2a: Garchomp|Protect|p2a: Garchomp
|-singleturn|p2a: Garchomp|Protect
|move|p1a: GALARIAN SNIPER|Focus Energy|p1a: GALARIAN SNIPER
|-start|p1a: GALARIAN SNIPER|move: Focus Energy
|
|-heal|p2a: Garchomp|79/100|[from] item: Leftovers
|-damage|p1a: GALARIAN SNIPER|70/100 tox|[from] psn
|upkeep
|turn|25
|j| MiniLarry
|j| izuminite
|
|t:|1667310589
|switch|p2a: Tornadus|Tornadus-Therian, M|69/100
|-damage|p2a: Tornadus|44/100|[from] Stealth Rock
|move|p1a: GALARIAN SNIPER|Snipe Shot|p2a: Tornadus
|-crit|p2a: Tornadus
|-damage|p2a: Tornadus|0 fnt
|faint|p2a: Tornadus
|
|-damage|p1a: GALARIAN SNIPER|57/100 tox|[from] psn
|upkeep
|
|t:|1667310594
|switch|p2a: Rillaboom|Rillaboom, F|98/100
|-damage|p2a: Rillaboom|85/100|[from] Stealth Rock
|-fieldstart|move: Grassy Terrain|[from] ability: Grassy Surge|[of] p2a: Rillaboom
|turn|26
|
|t:|1667310606
|move|p2a: Rillaboom|Grassy Glide|p1a: GALARIAN SNIPER
|-supereffective|p1a: GALARIAN SNIPER
|-damage|p1a: GALARIAN SNIPER|0 fnt
|faint|p1a: GALARIAN SNIPER
|
|-heal|p2a: Rillaboom|92/100|[from] Grassy Terrain
|-heal|p2a: Rillaboom|98/100|[from] item: Leftovers
|upkeep
|
|t:|1667310610
|switch|p1a: Melmetal|Melmetal|100/100
|-damage|p1a: Melmetal|94/100|[from] Stealth Rock
|turn|27
|
|t:|1667310623
|switch|p2a: Garchomp|Garchomp, F|79/100
|-damage|p2a: Garchomp|73/100|[from] Stealth Rock
|move|p1a: Melmetal|Double Iron Bash|p2a: Garchomp
|-damage|p2a: Garchomp|22/100
|-damage|p1a: Melmetal|82/100|[from] ability: Rough Skin|[of] p2a: Garchomp
|-damage|p2a: Garchomp|0 fnt
|-damage|p1a: Melmetal|70/100|[from] ability: Rough Skin|[of] p2a: Garchomp
|faint|p2a: Garchomp
|-hitcount|p2: Garchomp|2
|
|-heal|p1a: Melmetal|76/100|[from] Grassy Terrain
|upkeep
|
|t:|1667310625
|switch|p2a: Blaziken|Blaziken, F|100/100
|-damage|p2a: Blaziken|88/100|[from] Stealth Rock
|turn|28
|
|t:|1667310638
|move|p2a: Blaziken|Close Combat|p1a: Melmetal
|-supereffective|p1a: Melmetal
|-damage|p1a: Melmetal|13/100
|-unboost|p2a: Blaziken|def|1
|-unboost|p2a: Blaziken|spd|1
|move|p1a: Melmetal|Double Iron Bash|p2a: Blaziken
|-resisted|p2a: Blaziken
|-damage|p2a: Blaziken|23/100
|-resisted|p2a: Blaziken
|-damage|p2a: Blaziken|0 fnt
|faint|p2a: Blaziken
|-hitcount|p2: Blaziken|2
|
|-heal|p1a: Melmetal|19/100|[from] Grassy Terrain
|upkeep
|
|t:|1667310643
|switch|p2a: Rillaboom|Rillaboom, F|98/100
|-damage|p2a: Rillaboom|85/100|[from] Stealth Rock
|turn|29
|
|t:|1667310649
|move|p2a: Rillaboom|Drain Punch|p1a: Melmetal
|-supereffective|p1a: Melmetal
|-damage|p1a: Melmetal|0 fnt
|-heal|p2a: Rillaboom|95/100|[from] drain|[of] p1a: Melmetal
|faint|p1a: Melmetal
|
|-heal|p2a: Rillaboom|100/100|[from] Grassy Terrain
|upkeep
|
|t:|1667310654
|switch|p1a: Barraskewda|Barraskewda, M|100/100
|-damage|p1a: Barraskewda|88/100|[from] Stealth Rock
|turn|30
|
|t:|1667310662
|switch|p1a: Ferrothorn|Ferrothorn, F|29/100
|-damage|p1a: Ferrothorn|23/100|[from] Stealth Rock
|move|p2a: Rillaboom|Grassy Glide|p1a: Ferrothorn
|-resisted|p1a: Ferrothorn
|-damage|p1a: Ferrothorn|13/100
|-damage|p2a: Rillaboom|88/100|[from] ability: Iron Barbs|[of] p1a: Ferrothorn
|
|-heal|p2a: Rillaboom|94/100|[from] Grassy Terrain
|-heal|p2a: Rillaboom|100/100|[from] item: Leftovers
|-heal|p1a: Ferrothorn|19/100|[from] Grassy Terrain
|-fieldend|move: Grassy Terrain
|upkeep
|turn|31
|
|t:|1667310679
|move|p2a: Rillaboom|Drain Punch|p1a: Ferrothorn
|-supereffective|p1a: Ferrothorn
|-damage|p1a: Ferrothorn|0 fnt
|-damage|p2a: Rillaboom|88/100|[from] ability: Iron Barbs|[of] p1a: Ferrothorn
|faint|p1a: Ferrothorn
|
|-heal|p2a: Rillaboom|94/100|[from] item: Leftovers
|upkeep
|
|t:|1667310683
|switch|p1a: Seismitoad|Seismitoad, F|100/100
|-damage|p1a: Seismitoad|95/100|[from] Stealth Rock
|turn|32
|
|t:|1667310688
|move|p1a: Seismitoad|Earth Power|p2a: Rillaboom
|-resisted|p2a: Rillaboom
|-damage|p2a: Rillaboom|64/100
|-damage|p1a: Seismitoad|85/100|[from] item: Life Orb
|move|p2a: Rillaboom|Grassy Glide|p1a: Seismitoad
|-supereffective|p1a: Seismitoad
|-damage|p1a: Seismitoad|0 fnt
|faint|p1a: Seismitoad
|
|-heal|p2a: Rillaboom|70/100|[from] item: Leftovers
|upkeep
|
|t:|1667310689
|switch|p1a: Barraskewda|Barraskewda, M|88/100
|-damage|p1a: Barraskewda|76/100|[from] Stealth Rock
|turn|33
|
|t:|1667310697
|move|p1a: Barraskewda|Ice Fang|p2a: Rillaboom
|-supereffective|p2a: Rillaboom
|-damage|p2a: Rillaboom|0 fnt
|faint|p2a: Rillaboom
|
|win|GORAN EL DRACO
|raw|GORAN EL DRACO's rating: 1744 &rarr; <strong>1771</strong><br />(+27 for winning)
|raw|Aim on mai wei's rating: 1864 &rarr; <strong>1837</strong><br />(-27 for losing)
|c|☆GORAN EL DRACO|gg
|l|☆Aim on mai wei
|l| MiniLarry
