|j|☆LT93OQ Gandalf
|j|☆d18l
|t:|1660399946
|gametype|singles
|player|p1|LT93OQ Gandalf|#smpl2022wailordoftherings|1702
|player|p2|d18l|backpacker|1725
|teamsize|p1|6
|teamsize|p2|6
|gen|8
|tier|[Gen 8] OU
|rated|
|rule|Sleep Clause Mod: Limit one foe put to sleep
|rule|Species Clause: Limit one of each Pokémon
|rule|OHKO Clause: OHKO moves are banned
|rule|Evasion Items Clause: Evasion items are banned
|rule|Evasion Moves Clause: Evasion moves are banned
|rule|Endless Battle Clause: Forcing endless battles is banned
|rule|HP Percentage Mod: HP is shown in percentages
|rule|Dynamax Clause: You cannot dynamax
|clearpoke
|poke|p1|Rillaboom, M|
|poke|p1|Tornadus-Therian, M|
|poke|p1|Blaziken, M|
|poke|p1|Melmetal|
|poke|p1|Garchomp, F|
|poke|p1|Slowbro, M|
|poke|p2|Tapu Koko|
|poke|p2|Victini|
|poke|p2|Landorus-Therian, M|
|poke|p2|Tornadus-Therian, M|
|poke|p2|Rotom-Wash|
|poke|p2|Ferrothorn, M|
|teampreview
|j| 0SiegeWarfare
|
|t:|1660399968
|start
|switch|p1a: Garchomp|Garchomp, F|100/100
|switch|p2a: Rotom|Rotom-Wash|100/100
|turn|1
|
|t:|1660399974
|move|p1a: Garchomp|Toxic|p2a: Rotom
|-status|p2a: Rotom|tox
|move|p2a: Rotom|Toxic|p1a: Garchomp
|-status|p1a: Garchomp|tox
|
|-damage|p1a: Garchomp|94/100 tox|[from] psn
|-damage|p2a: Rotom|95/100 tox|[from] psn
|upkeep
|turn|2
|
|t:|1660399980
|switch|p2a: Ferrothorn|Ferrothorn, M|100/100
|move|p1a: Garchomp|Stealth Rock|p2a: Ferrothorn
|-sidestart|p2: d18l|move: Stealth Rock
|
|-heal|p1a: Garchomp|100/100 tox|[from] item: Leftovers
|-damage|p1a: Garchomp|88/100 tox|[from] psn
|upkeep
|turn|3
|
|t:|1660399982
|switch|p1a: Tornadus|Tornadus-Therian, M|100/100
|move|p2a: Ferrothorn|Stealth Rock|p1a: Tornadus
|-sidestart|p1: LT93OQ Gandalf|move: Stealth Rock
|
|upkeep
|turn|4
|
|t:|1660399992
|switch|p2a: Tapu Koko|Tapu Koko|100/100
|-damage|p2a: Tapu Koko|88/100|[from] Stealth Rock
|-fieldstart|move: Electric Terrain|[from] ability: Electric Surge|[of] p2a: Tapu Koko
|move|p1a: Tornadus|Knock Off|p2a: Tapu Koko
|-resisted|p2a: Tapu Koko
|-damage|p2a: Tapu Koko|74/100
|-enditem|p2a: Tapu Koko|Choice Specs|[from] move: Knock Off|[of] p1a: Tornadus
|
|upkeep
|turn|5
|
|t:|1660400007
|move|p2a: Tapu Koko|Dazzling Gleam|p1a: Tornadus
|-damage|p1a: Tornadus|70/100
|move|p1a: Tornadus|U-turn|p2a: Tapu Koko
|-resisted|p2a: Tapu Koko
|-damage|p2a: Tapu Koko|63/100
|
|t:|1660400013
|switch|p1a: Rillaboom|Rillaboom, M|100/100|[from]move: U-turn
|-damage|p1a: Rillaboom|88/100|[from] Stealth Rock
|-fieldstart|move: Grassy Terrain|[from] ability: Grassy Surge|[of] p1a: Rillaboom
|
|-heal|p2a: Tapu Koko|69/100|[from] Grassy Terrain
|-heal|p1a: Rillaboom|94/100|[from] Grassy Terrain
|-heal|p1a: Rillaboom|100/100|[from] item: Leftovers
|upkeep
|turn|6
|
|t:|1660400020
|switch|p2a: Ferrothorn|Ferrothorn, M|100/100
|-damage|p2a: Ferrothorn|95/100|[from] Stealth Rock
|move|p1a: Rillaboom|Grassy Glide|p2a: Ferrothorn
|-resisted|p2a: Ferrothorn
|-damage|p2a: Ferrothorn|87/100
|-damage|p1a: Rillaboom|88/100|[from] ability: Iron Barbs|[of] p2a: Ferrothorn
|-damage|p1a: Rillaboom|71/100|[from] item: Rocky Helmet|[of] p2a: Ferrothorn
|
|-heal|p1a: Rillaboom|78/100|[from] Grassy Terrain
|-heal|p1a: Rillaboom|84/100|[from] item: Leftovers
|-heal|p2a: Ferrothorn|93/100|[from] Grassy Terrain
|upkeep
|turn|7
|j| trokenferno
|
|t:|1660400041
|switch|p1a: Tornadus|Tornadus-Therian, M|100/100
|move|p2a: Ferrothorn|Leech Seed|p1a: Tornadus
|-start|p1a: Tornadus|move: Leech Seed
|
|-heal|p2a: Ferrothorn|99/100|[from] Grassy Terrain
|-damage|p1a: Tornadus|88/100|[from] Leech Seed|[of] p2a: Ferrothorn
|-heal|p2a: Ferrothorn|100/100|[silent]
|upkeep
|turn|8
|
|t:|1660400049
|switch|p2a: Rotom|Rotom-Wash|95/100 tox
|-damage|p2a: Rotom|82/100 tox|[from] Stealth Rock
|move|p1a: Tornadus|Heat Wave|p2a: Rotom
|-resisted|p2a: Rotom
|-damage|p2a: Rotom|70/100 tox
|
|-damage|p1a: Tornadus|76/100|[from] Leech Seed|[of] p2a: Rotom
|-heal|p2a: Rotom|85/100 tox|[silent]
|-damage|p2a: Rotom|79/100 tox|[from] psn
|upkeep
|turn|9
|j| Antares
|
|t:|1660400066
|move|p1a: Tornadus|U-turn|p2a: Rotom
|-damage|p2a: Rotom|66/100 tox
|-damage|p1a: Tornadus|59/100|[from] item: Rocky Helmet|[of] p2a: Rotom
|
|t:|1660400070
|switch|p1a: Garchomp|Garchomp, F|88/100 tox|[from]move: U-turn
|-damage|p1a: Garchomp|82/100 tox|[from] Stealth Rock
|move|p2a: Rotom|Hydro Pump|p1a: Garchomp
|-damage|p1a: Garchomp|54/100 tox
|
|-heal|p1a: Garchomp|61/100 tox|[from] Grassy Terrain
|-heal|p1a: Garchomp|67/100 tox|[from] item: Leftovers
|-damage|p1a: Garchomp|61/100 tox|[from] psn
|-damage|p2a: Rotom|54/100 tox|[from] psn
|-fieldend|move: Grassy Terrain
|upkeep
|turn|10
|
|t:|1660400083
|move|p1a: Garchomp|Protect|p1a: Garchomp
|-singleturn|p1a: Garchomp|Protect
|move|p2a: Rotom|Hydro Pump|p1a: Garchomp
|-activate|p1a: Garchomp|move: Protect
|
|-heal|p1a: Garchomp|67/100 tox|[from] item: Leftovers
|-damage|p1a: Garchomp|54/100 tox|[from] psn
|-damage|p2a: Rotom|36/100 tox|[from] psn
|upkeep
|turn|11
|j| Nuzzload
|l| Nuzzload
|
|t:|1660400094
|move|p1a: Garchomp|Earthquake|p2a: Rotom
|-immune|p2a: Rotom|[from] ability: Levitate
|move|p2a: Rotom|Pain Split|p1a: Garchomp
|-sethp|p1a: Garchomp|40/100 tox|[from] move: Pain Split|[silent]
|-sethp|p2a: Rotom|55/100 tox|[from] move: Pain Split
|
|-heal|p1a: Garchomp|47/100 tox|[from] item: Leftovers
|-damage|p1a: Garchomp|28/100 tox|[from] psn
|-damage|p2a: Rotom|32/100 tox|[from] psn
|upkeep
|turn|12
|
|t:|1660400107
|switch|p1a: Rillaboom|Rillaboom, M|84/100
|-damage|p1a: Rillaboom|71/100|[from] Stealth Rock
|-fieldstart|move: Grassy Terrain|[from] ability: Grassy Surge|[of] p1a: Rillaboom
|switch|p2a: Ferrothorn|Ferrothorn, M|100/100
|-damage|p2a: Ferrothorn|95/100|[from] Stealth Rock
|
|-heal|p1a: Rillaboom|78/100|[from] Grassy Terrain
|-heal|p1a: Rillaboom|84/100|[from] item: Leftovers
|-heal|p2a: Ferrothorn|100/100|[from] Grassy Terrain
|upkeep
|turn|13
|
|t:|1660400116
|switch|p2a: Tornadus|Tornadus-Therian, M|100/100
|-damage|p2a: Tornadus|76/100|[from] Stealth Rock
|move|p1a: Rillaboom|Swords Dance|p1a: Rillaboom
|-boost|p1a: Rillaboom|atk|2
|
|-heal|p1a: Rillaboom|90/100|[from] Grassy Terrain
|-heal|p1a: Rillaboom|96/100|[from] item: Leftovers
|upkeep
|turn|14
|
|t:|1660400129
|switch|p1a: Melmetal|Melmetal|100/100
|-damage|p1a: Melmetal|94/100|[from] Stealth Rock
|move|p2a: Tornadus|Hurricane|p1a: Melmetal|[miss]
|-miss|p2a: Tornadus|p1a: Melmetal
|
|-heal|p1a: Melmetal|100/100|[from] Grassy Terrain
|upkeep
|turn|15
|
|t:|1660400141
|switch|p1a: Tornadus|Tornadus-Therian, M|92/100
|move|p2a: Tornadus|U-turn|p1a: Tornadus
|-resisted|p1a: Tornadus
|-damage|p1a: Tornadus|84/100
|
|t:|1660400144
|switch|p2a: Tapu Koko|Tapu Koko|69/100|[from]move: U-turn
|-damage|p2a: Tapu Koko|57/100|[from] Stealth Rock
|-fieldstart|move: Electric Terrain|[from] ability: Electric Surge|[of] p2a: Tapu Koko
|
|upkeep
|turn|16
|j| Alexlch
|
|t:|1660400148
|switch|p1a: Garchomp|Garchomp, F|28/100 tox
|-damage|p1a: Garchomp|22/100 tox|[from] Stealth Rock
|move|p2a: Tapu Koko|Thunderbolt|p1a: Garchomp
|-immune|p1a: Garchomp
|
|-heal|p1a: Garchomp|28/100 tox|[from] item: Leftovers
|-damage|p1a: Garchomp|22/100 tox|[from] psn
|upkeep
|turn|17
|
|t:|1660400152
|switch|p1a: Rillaboom|Rillaboom, M|96/100
|-damage|p1a: Rillaboom|84/100|[from] Stealth Rock
|-fieldstart|move: Grassy Terrain|[from] ability: Grassy Surge|[of] p1a: Rillaboom
|move|p2a: Tapu Koko|Dazzling Gleam|p1a: Rillaboom
|-damage|p1a: Rillaboom|47/100
|
|-heal|p2a: Tapu Koko|63/100|[from] Grassy Terrain
|-heal|p1a: Rillaboom|53/100|[from] Grassy Terrain
|-heal|p1a: Rillaboom|60/100|[from] item: Leftovers
|upkeep
|turn|18
|
|t:|1660400164
|switch|p2a: Tornadus|Tornadus-Therian, M|100/100
|-damage|p2a: Tornadus|76/100|[from] Stealth Rock
|move|p1a: Rillaboom|Knock Off|p2a: Tornadus
|-damage|p2a: Tornadus|39/100
|-enditem|p2a: Tornadus|Assault Vest|[from] move: Knock Off|[of] p1a: Rillaboom
|
|-heal|p1a: Rillaboom|66/100|[from] Grassy Terrain
|-heal|p1a: Rillaboom|72/100|[from] item: Leftovers
|upkeep
|turn|19
|
|t:|1660400172
|switch|p1a: Garchomp|Garchomp, F|22/100 tox
|-damage|p1a: Garchomp|15/100 tox|[from] Stealth Rock
|move|p2a: Tornadus|Hurricane|p1a: Garchomp|[miss]
|-miss|p2a: Tornadus|p1a: Garchomp
|
|-heal|p1a: Garchomp|22/100 tox|[from] Grassy Terrain
|-heal|p1a: Garchomp|28/100 tox|[from] item: Leftovers
|-damage|p1a: Garchomp|22/100 tox|[from] psn
|upkeep
|turn|20
|
|t:|1660400176
|move|p1a: Garchomp|Protect|p1a: Garchomp
|-singleturn|p1a: Garchomp|Protect
|move|p2a: Tornadus|Hurricane|p1a: Garchomp
|-activate|p1a: Garchomp|move: Protect
|
|-heal|p1a: Garchomp|28/100 tox|[from] Grassy Terrain
|-heal|p1a: Garchomp|34/100 tox|[from] item: Leftovers
|-damage|p1a: Garchomp|22/100 tox|[from] psn
|upkeep
|turn|21
|
|t:|1660400178
|move|p2a: Tornadus|Hurricane|p1a: Garchomp|[miss]
|-miss|p2a: Tornadus|p1a: Garchomp
|move|p1a: Garchomp|Toxic|p2a: Tornadus
|-status|p2a: Tornadus|tox
|
|-heal|p1a: Garchomp|28/100 tox|[from] Grassy Terrain
|-heal|p1a: Garchomp|34/100 tox|[from] item: Leftovers
|-damage|p2a: Tornadus|33/100 tox|[from] psn
|-damage|p1a: Garchomp|15/100 tox|[from] psn
|-fieldend|move: Grassy Terrain
|upkeep
|turn|22
|
|t:|1660400189
|switch|p2a: Ferrothorn|Ferrothorn, M|100/100
|-damage|p2a: Ferrothorn|95/100|[from] Stealth Rock
|move|p1a: Garchomp|Protect||[still]
|-fail|p1a: Garchomp
|
|-heal|p1a: Garchomp|22/100 tox|[from] item: Leftovers
|-damage|p1a: Garchomp|0 fnt|[from] psn
|faint|p1a: Garchomp
|upkeep
|
|t:|1660400201
|switch|p1a: Tornadus|Tornadus-Therian, M|100/100
|turn|23
|
|t:|1660400204
|switch|p2a: Rotom|Rotom-Wash|32/100 tox
|-damage|p2a: Rotom|19/100 tox|[from] Stealth Rock
|move|p1a: Tornadus|Heat Wave|p2a: Rotom
|-resisted|p2a: Rotom
|-damage|p2a: Rotom|9/100 tox
|
|-damage|p2a: Rotom|3/100 tox|[from] psn
|upkeep
|turn|24
|
|t:|1660400207
|move|p1a: Tornadus|Knock Off|p2a: Rotom
|-damage|p2a: Rotom|0 fnt
|-damage|p1a: Tornadus|84/100|[from] item: Rocky Helmet|[of] p2a: Rotom
|-enditem|p2a: Rotom|Rocky Helmet|[from] move: Knock Off|[of] p1a: Tornadus
|faint|p2a: Rotom
|
|upkeep
|
|t:|1660400209
|switch|p2a: Tapu Koko|Tapu Koko|63/100
|-damage|p2a: Tapu Koko|50/100|[from] Stealth Rock
|-fieldstart|move: Electric Terrain|[from] ability: Electric Surge|[of] p2a: Tapu Koko
|turn|25
|
|t:|1660400212
|switch|p1a: Melmetal|Melmetal|100/100
|-damage|p1a: Melmetal|94/100|[from] Stealth Rock
|move|p2a: Tapu Koko|Volt Switch|p1a: Melmetal
|-crit|p1a: Melmetal
|-damage|p1a: Melmetal|47/100
|
|t:|1660400215
|switch|p2a: Victini|Victini|100/100|[from]move: Volt Switch
|
|-heal|p1a: Melmetal|53/100|[from] item: Leftovers
|upkeep
|turn|26
|
|t:|1660400226
|switch|p1a: Slowbro|Slowbro, M|100/100
|-damage|p1a: Slowbro|88/100|[from] Stealth Rock
|move|p2a: Victini|V-create|p1a: Slowbro
|-resisted|p1a: Slowbro
|-damage|p1a: Slowbro|66/100
|-unboost|p2a: Victini|spe|1
|-unboost|p2a: Victini|def|1
|-unboost|p2a: Victini|spd|1
|-damage|p2a: Victini|84/100|[from] item: Rocky Helmet|[of] p1a: Slowbro
|
|upkeep
|turn|27
|
|t:|1660400232
|switch|p1a: Rillaboom|Rillaboom, M|72/100
|-damage|p1a: Rillaboom|60/100|[from] Stealth Rock
|-fieldstart|move: Grassy Terrain|[from] ability: Grassy Surge|[of] p1a: Rillaboom
|move|p2a: Victini|Bolt Strike|p1a: Rillaboom
|-resisted|p1a: Rillaboom
|-damage|p1a: Rillaboom|41/100
|
|-heal|p2a: Victini|90/100|[from] Grassy Terrain
|-heal|p1a: Rillaboom|48/100|[from] Grassy Terrain
|-heal|p1a: Rillaboom|54/100|[from] item: Leftovers
|upkeep
|turn|28
|
|t:|1660400238
|switch|p2a: Ferrothorn|Ferrothorn, M|95/100
|-damage|p2a: Ferrothorn|89/100|[from] Stealth Rock
|move|p1a: Rillaboom|Knock Off|p2a: Ferrothorn
|-damage|p2a: Ferrothorn|67/100
|-damage|p1a: Rillaboom|41/100|[from] ability: Iron Barbs|[of] p2a: Ferrothorn
|-damage|p1a: Rillaboom|25/100|[from] item: Rocky Helmet|[of] p2a: Ferrothorn
|-enditem|p2a: Ferrothorn|Rocky Helmet|[from] move: Knock Off|[of] p1a: Rillaboom
|
|-heal|p1a: Rillaboom|31/100|[from] Grassy Terrain
|-heal|p1a: Rillaboom|37/100|[from] item: Leftovers
|-heal|p2a: Ferrothorn|73/100|[from] Grassy Terrain
|upkeep
|turn|29
|j| LT93OQ BBats
|l| LT93OQ BBats
|
|t:|1660400248
|move|p1a: Rillaboom|Swords Dance|p1a: Rillaboom
|-boost|p1a: Rillaboom|atk|2
|move|p2a: Ferrothorn|Gyro Ball|p1a: Rillaboom
|-damage|p1a: Rillaboom|0 fnt
|faint|p1a: Rillaboom
|
|-heal|p2a: Ferrothorn|79/100|[from] Grassy Terrain
|upkeep
|
|t:|1660400251
|switch|p1a: Tornadus|Tornadus-Therian, M|100/100
|turn|30
|
|t:|1660400259
|switch|p2a: Victini|Victini|90/100
|move|p1a: Tornadus|U-turn|p2a: Victini
|-damage|p2a: Victini|77/100
|
|t:|1660400262
|switch|p1a: Slowbro|Slowbro, M|99/100|[from]move: U-turn
|-damage|p1a: Slowbro|87/100|[from] Stealth Rock
|
|-heal|p2a: Victini|83/100|[from] Grassy Terrain
|-heal|p1a: Slowbro|93/100|[from] Grassy Terrain
|upkeep
|turn|31
|
|t:|1660400287
|switch|p2a: Tornadus|Tornadus-Therian, M|67/100 tox
|-damage|p2a: Tornadus|42/100 tox|[from] Stealth Rock
|move|p1a: Slowbro|Teleport|p1a: Slowbro
|inactive|Battle timer is ON: inactive players will automatically lose when time's up. (requested by LT93OQ Gandalf)
|
|t:|1660400292
|switch|p1a: Tornadus|Tornadus-Therian, M|100/100|[from]move: Teleport
|
|-damage|p2a: Tornadus|36/100 tox|[from] psn
|-fieldend|move: Grassy Terrain
|upkeep
|turn|32
|
|t:|1660400302
|move|p2a: Tornadus|U-turn|p1a: Tornadus
|-resisted|p1a: Tornadus
|-damage|p1a: Tornadus|93/100
|
|t:|1660400304
|switch|p2a: Landorus|Landorus-Therian, M|100/100|[from]move: U-turn
|-damage|p2a: Landorus|88/100|[from] Stealth Rock
|-ability|p2a: Landorus|Intimidate|boost
|-unboost|p1a: Tornadus|atk|1
|move|p1a: Tornadus|Heat Wave|p2a: Landorus
|-crit|p2a: Landorus
|-damage|p2a: Landorus|55/100
|
|-heal|p2a: Landorus|61/100|[from] item: Leftovers
|upkeep
|turn|33
|
|t:|1660400311
|move|p1a: Tornadus|Knock Off|p2a: Landorus
|-damage|p2a: Landorus|50/100
|-enditem|p2a: Landorus|Leftovers|[from] move: Knock Off|[of] p1a: Tornadus
|move|p2a: Landorus|Toxic|p1a: Tornadus
|-status|p1a: Tornadus|tox
|
|-damage|p1a: Tornadus|87/100 tox|[from] psn
|upkeep
|turn|34
|
|t:|1660400321
|move|p1a: Tornadus|U-turn|p2a: Landorus
|-resisted|p2a: Landorus
|-damage|p2a: Landorus|45/100
|
|t:|1660400326
|switch|p1a: Slowbro|Slowbro, M|100/100|[from]move: U-turn
|-damage|p1a: Slowbro|88/100|[from] Stealth Rock
|move|p2a: Landorus|U-turn|p1a: Slowbro
|-supereffective|p1a: Slowbro
|-damage|p1a: Slowbro|61/100
|-damage|p2a: Landorus|29/100|[from] item: Rocky Helmet|[of] p1a: Slowbro
|
|t:|1660400328
|switch|p2a: Tapu Koko|Tapu Koko|50/100|[from]move: U-turn
|-damage|p2a: Tapu Koko|38/100|[from] Stealth Rock
|-fieldstart|move: Electric Terrain|[from] ability: Electric Surge|[of] p2a: Tapu Koko
|
|upkeep
|turn|35
|
|t:|1660400331
|switch|p1a: Melmetal|Melmetal|53/100
|-damage|p1a: Melmetal|47/100|[from] Stealth Rock
|move|p2a: Tapu Koko|Thunderbolt|p1a: Melmetal
|-damage|p1a: Melmetal|5/100
|
|-heal|p1a: Melmetal|11/100|[from] item: Leftovers
|upkeep
|turn|36
|l| trokenferno
|
|t:|1660400334
|move|p2a: Tapu Koko|Thunderbolt|p1a: Melmetal
|-damage|p1a: Melmetal|0 fnt
|faint|p1a: Melmetal
|
|upkeep
|
|t:|1660400336
|switch|p1a: Blaziken|Blaziken, M|100/100
|-damage|p1a: Blaziken|88/100|[from] Stealth Rock
|turn|37
|
|t:|1660400338
|move|p1a: Blaziken|Protect|p1a: Blaziken
|-singleturn|p1a: Blaziken|Protect
|move|p2a: Tapu Koko|Thunderbolt|p1a: Blaziken
|-activate|p1a: Blaziken|move: Protect
|
|-heal|p1a: Blaziken|94/100|[from] item: Leftovers
|-ability|p1a: Blaziken|Speed Boost|boost
|-boost|p1a: Blaziken|spe|1
|upkeep
|turn|38
|
|t:|1660400348
|switch|p2a: Victini|Victini|83/100
|move|p1a: Blaziken|Flare Blitz|p2a: Victini
|-resisted|p2a: Victini
|-damage|p2a: Victini|52/100
|-damage|p1a: Blaziken|84/100|[from] Recoil
|
|-heal|p1a: Blaziken|90/100|[from] item: Leftovers
|-fieldend|move: Electric Terrain
|-ability|p1a: Blaziken|Speed Boost|boost
|-boost|p1a: Blaziken|spe|1
|upkeep
|turn|39
|
|t:|1660400353
|switch|p1a: Slowbro|Slowbro, M|94/100
|-damage|p1a: Slowbro|81/100|[from] Stealth Rock
|move|p2a: Victini|Bolt Strike|p1a: Slowbro
|-supereffective|p1a: Slowbro
|-damage|p1a: Slowbro|41/100
|-status|p1a: Slowbro|par
|-damage|p2a: Victini|36/100|[from] item: Rocky Helmet|[of] p1a: Slowbro
|
|upkeep
|turn|40
|
|t:|1660400362
|move|p2a: Victini|Taunt|p1a: Slowbro
|-start|p1a: Slowbro|move: Taunt
|cant|p1a: Slowbro|move: Taunt|Teleport
|
|upkeep
|turn|41
|
|t:|1660400377
|move|p2a: Victini|Bolt Strike|p1a: Slowbro|[miss]
|-miss|p2a: Victini|p1a: Slowbro
|cant|p1a: Slowbro|par
|
|upkeep
|turn|42
|
|t:|1660400382
|move|p2a: Victini|Bolt Strike|p1a: Slowbro
|-supereffective|p1a: Slowbro
|-damage|p1a: Slowbro|0 fnt
|-damage|p2a: Victini|19/100|[from] item: Rocky Helmet|[of] p1a: Slowbro
|faint|p1a: Slowbro
|
|upkeep
|
|t:|1660400385
|switch|p1a: Blaziken|Blaziken, M|90/100
|-damage|p1a: Blaziken|78/100|[from] Stealth Rock
|turn|43
|
|t:|1660400388
|switch|p2a: Landorus|Landorus-Therian, M|29/100
|-damage|p2a: Landorus|16/100|[from] Stealth Rock
|-ability|p2a: Landorus|Intimidate|boost
|-unboost|p1a: Blaziken|atk|1
|move|p1a: Blaziken|Protect||[still]
|-fail|p1a: Blaziken
|
|-heal|p1a: Blaziken|84/100|[from] item: Leftovers
|-ability|p1a: Blaziken|Speed Boost|boost
|-boost|p1a: Blaziken|spe|1
|upkeep
|turn|44
|
|t:|1660400391
|move|p1a: Blaziken|Flare Blitz|p2a: Landorus
|-damage|p2a: Landorus|0 fnt
|faint|p2a: Landorus
|-damage|p1a: Blaziken|78/100|[from] Recoil
|
|-heal|p1a: Blaziken|84/100|[from] item: Leftovers
|-ability|p1a: Blaziken|Speed Boost|boost
|-boost|p1a: Blaziken|spe|1
|upkeep
|-message|d18l forfeited.
|
|win|LT93OQ Gandalf
|raw|LT93OQ Gandalf's rating: 1702 &rarr; <strong>1723</strong><br />(+21 for winning)
|raw|d18l's rating: 1725 &rarr; <strong>1704</strong><br />(-21 for losing)
