|j|☆cute pink team
|j|☆tcian
|t:|1657959589
|gametype|singles
|player|p1|cute pink team|youngster|1845
|player|p2|tcian|byron|1725
|teamsize|p1|6
|teamsize|p2|6
|gen|8
|tier|[Gen 8] OU
|rated|
|rule|Sleep Clause Mod: Limit one foe put to sleep
|rule|Species Clause: Limit one of each Pokémon
|rule|OHKO Clause: OHKO moves are banned
|rule|Evasion Moves Clause: Evasion moves are banned
|rule|Endless Battle Clause: Forcing endless battles is banned
|rule|HP Percentage Mod: HP is shown in percentages
|rule|Dynamax Clause: You cannot dynamax
|clearpoke
|poke|p1|Tapu Lele|
|poke|p1|Mamoswine, F|
|poke|p1|Kartana|
|poke|p1|Corviknight, M|
|poke|p1|Volcanion|
|poke|p1|Zapdos|
|poke|p2|Kartana|
|poke|p2|Rillaboom, F|
|poke|p2|Zapdos|
|poke|p2|Blissey, F|
|poke|p2|Dragapult, M|
|poke|p2|Melmetal|
|teampreview
|inactive|Battle timer is ON: inactive players will automatically lose when time's up. (requested by cute pink team)
|c|☆tcian|gl
|c|☆cute pink team|u2
|inactive|tcian has 120 seconds left.
|
|t:|1657959648
|start
|switch|p1a: Zapdos|Zapdos|100/100
|switch|p2a: Melmetal|Melmetal|100/100
|turn|1
|
|t:|1657959676
|switch|p2a: Blissey|Blissey, F|100/100
|move|p1a: Zapdos|Volt Switch|p2a: Blissey
|-damage|p2a: Blissey|79/100
|
|t:|1657959682
|switch|p1a: Mamoswine|Mamoswine, F|100/100|[from]move: Volt Switch
|
|-heal|p2a: Blissey|85/100|[from] item: Leftovers
|upkeep
|turn|2
|
|t:|1657959695
|move|p1a: Mamoswine|Earthquake|p2a: Blissey
|-damage|p2a: Blissey|38/100
|move|p2a: Blissey|Stealth Rock|p1a: Mamoswine
|-sidestart|p1: cute pink team|move: Stealth Rock
|
|-heal|p2a: Blissey|45/100|[from] item: Leftovers
|upkeep
|turn|3
|
|t:|1657959705
|switch|p2a: Kartana|Kartana|100/100
|move|p1a: Mamoswine|Icicle Crash|p2a: Kartana
|-damage|p2a: Kartana|47/100
|
|upkeep
|turn|4
|
|t:|1657959710
|switch|p1a: Corviknight|Corviknight, M|100/100
|-damage|p1a: Corviknight|88/100|[from] Stealth Rock
|-ability|p1a: Corviknight|Pressure
|move|p2a: Kartana|Knock Off|p1a: Corviknight
|-damage|p1a: Corviknight|63/100
|-enditem|p1a: Corviknight|Leftovers|[from] move: Knock Off|[of] p2a: Kartana
|
|upkeep
|turn|5
|
|t:|1657959716
|switch|p2a: Zapdos|Zapdos|100/100
|move|p1a: Corviknight|Defog|p2a: Zapdos
|-unboost|p2a: Zapdos|evasion|1
|-sideend|p1: cute pink team|Stealth Rock|[from] move: Defog|[of] p1a: Corviknight
|
|upkeep
|turn|6
|
|t:|1657959723
|switch|p1a: Mamoswine|Mamoswine, F|100/100
|move|p2a: Zapdos|Hurricane|p1a: Mamoswine|[miss]
|-miss|p2a: Zapdos|p1a: Mamoswine
|
|upkeep
|turn|7
|
|t:|1657959739
|move|p2a: Zapdos|Hurricane|p1a: Mamoswine
|-damage|p1a: Mamoswine|68/100
|move|p1a: Mamoswine|Icicle Crash|p2a: Zapdos
|-supereffective|p2a: Zapdos
|-damage|p2a: Zapdos|36/100
|
|upkeep
|turn|8
|j| pz is cute
|
|t:|1657959756
|move|p2a: Zapdos|Hurricane|p1a: Mamoswine
|-damage|p1a: Mamoswine|39/100
|move|p1a: Mamoswine|Earthquake|p2a: Zapdos
|-immune|p2a: Zapdos
|
|upkeep
|turn|9
|
|t:|1657959763
|move|p2a: Zapdos|Roost|p2a: Zapdos
|-heal|p2a: Zapdos|86/100
|-singleturn|p2a: Zapdos|move: Roost
|move|p1a: Mamoswine|Icicle Crash|p2a: Zapdos
|-damage|p2a: Zapdos|50/100
|
|upkeep
|turn|10
|
|t:|1657959776
|move|p2a: Zapdos|Hurricane|p1a: Mamoswine|[miss]
|-miss|p2a: Zapdos|p1a: Mamoswine
|move|p1a: Mamoswine|Icicle Crash|p2a: Zapdos
|-supereffective|p2a: Zapdos
|-damage|p2a: Zapdos|0 fnt
|faint|p2a: Zapdos
|
|upkeep
|c|☆tcian|ah
|
|t:|1657959787
|switch|p2a: Dragapult|Dragapult, M|100/100
|turn|11
|
|t:|1657959790
|switch|p1a: Corviknight|Corviknight, M|63/100
|-ability|p1a: Corviknight|Pressure
|move|p2a: Dragapult|Shadow Ball|p1a: Corviknight
|-damage|p1a: Corviknight|16/100
|-unboost|p1a: Corviknight|spd|1
|
|upkeep
|turn|12
|
|t:|1657959794
|move|p2a: Dragapult|Shadow Ball|p1a: Corviknight
|-damage|p1a: Corviknight|0 fnt
|faint|p1a: Corviknight
|
|upkeep
|
|t:|1657959804
|switch|p1a: Zapdos|Zapdos|100/100
|turn|13
|
|t:|1657959807
|move|p2a: Dragapult|Shadow Ball|p1a: Zapdos
|-damage|p1a: Zapdos|41/100
|move|p1a: Zapdos|Hurricane|p2a: Dragapult|[miss]
|-miss|p1a: Zapdos|p2a: Dragapult
|
|upkeep
|turn|14
|
|t:|1657959814
|move|p2a: Dragapult|Shadow Ball|p1a: Zapdos
|-damage|p1a: Zapdos|0 fnt
|faint|p1a: Zapdos
|
|upkeep
|j| egospwsmg
|
|t:|1657959815
|switch|p1a: Tapu Lele|Tapu Lele|100/100
|-fieldstart|move: Psychic Terrain|[from] ability: Psychic Surge|[of] p1a: Tapu Lele
|turn|15
|inactive|tcian has 120 seconds left.
|
|t:|1657959851
|switch|p1a: Volcanion|Volcanion|100/100
|switch|p2a: Melmetal|Melmetal|100/100
|
|upkeep
|turn|16
|inactive|tcian has 120 seconds left.
|j| CangRay2
|
|t:|1657959880
|move|p1a: Volcanion|Overheat|p2a: Melmetal
|-supereffective|p2a: Melmetal
|-damage|p2a: Melmetal|0 fnt
|-unboost|p1a: Volcanion|spa|2
|faint|p2a: Melmetal
|
|upkeep
|
|t:|1657959884
|switch|p2a: Dragapult|Dragapult, M|100/100
|turn|17
|
|t:|1657959891
|switch|p1a: Mamoswine|Mamoswine, F|39/100
|move|p2a: Dragapult|Shadow Ball|p1a: Mamoswine
|-damage|p1a: Mamoswine|5/100
|
|upkeep
|turn|18
|inactive|tcian has 120 seconds left.
|
|t:|1657959897
|move|p1a: Mamoswine|Ice Shard|p2a: Dragapult
|-activate|p2a: Dragapult|move: Psychic Terrain
|move|p2a: Dragapult|Shadow Ball|p1a: Mamoswine
|-damage|p1a: Mamoswine|0 fnt
|faint|p1a: Mamoswine
|
|upkeep
|
|t:|1657959900
|switch|p1a: Tapu Lele|Tapu Lele|100/100
|turn|19
|l| egospwsmg
|
|t:|1657959917
|switch|p2a: Kartana|Kartana|47/100
|move|p1a: Tapu Lele|Psychic|p2a: Kartana
|-resisted|p2a: Kartana
|-damage|p2a: Kartana|0 fnt
|faint|p2a: Kartana
|
|-fieldend|move: Psychic Terrain
|upkeep
|
|t:|1657959924
|switch|p2a: Dragapult|Dragapult, M|100/100
|turn|20
|
|t:|1657959933
|switch|p1a: Volcanion|Volcanion|100/100
|move|p2a: Dragapult|Shadow Ball|p1a: Volcanion
|-damage|p1a: Volcanion|35/100
|
|upkeep
|turn|21
|
|t:|1657959936
|move|p2a: Dragapult|Shadow Ball|p1a: Volcanion
|-damage|p1a: Volcanion|0 fnt
|faint|p1a: Volcanion
|
|upkeep
|
|t:|1657959937
|switch|p1a: Tapu Lele|Tapu Lele|100/100
|-fieldstart|move: Psychic Terrain|[from] ability: Psychic Surge|[of] p1a: Tapu Lele
|turn|22
|
|t:|1657959945
|switch|p2a: Blissey|Blissey, F|45/100
|move|p1a: Tapu Lele|Psyshock|p2a: Blissey
|-damage|p2a: Blissey|0 fnt
|faint|p2a: Blissey
|
|upkeep
|
|t:|1657959948
|switch|p2a: Rillaboom|Rillaboom, F|100/100
|-fieldstart|move: Grassy Terrain|[from] ability: Grassy Surge|[of] p2a: Rillaboom
|turn|23
|j| I've Peaked
|inactive|tcian has 120 seconds left.
|inactive|cute pink team has 120 seconds left.
|
|t:|1657960004
|move|p1a: Tapu Lele|Psyshock|p2a: Rillaboom
|-damage|p2a: Rillaboom|48/100
|move|p2a: Rillaboom|Knock Off|p1a: Tapu Lele
|-damage|p1a: Tapu Lele|27/100
|-enditem|p1a: Tapu Lele|Choice Scarf|[from] move: Knock Off|[of] p2a: Rillaboom
|
|-heal|p2a: Rillaboom|54/100|[from] Grassy Terrain
|-heal|p1a: Tapu Lele|33/100|[from] Grassy Terrain
|upkeep
|turn|24
|j| IceGuysFinishLast
|
|t:|1657960013
|move|p2a: Rillaboom|Knock Off|p1a: Tapu Lele
|-damage|p1a: Tapu Lele|0 fnt
|faint|p1a: Tapu Lele
|
|-heal|p2a: Rillaboom|60/100|[from] Grassy Terrain
|upkeep
|
|t:|1657960018
|switch|p1a: Kartana|Kartana|100/100
|turn|25
|
|t:|1657960021
|move|p1a: Kartana|Knock Off|p2a: Rillaboom
|-damage|p2a: Rillaboom|0 fnt
|-enditem|p2a: Rillaboom|Choice Band|[from] move: Knock Off|[of] p1a: Kartana
|faint|p2a: Rillaboom
|-ability|p1a: Kartana|Beast Boost|boost
|-boost|p1a: Kartana|atk|1
|-damage|p1a: Kartana|91/100|[from] item: Life Orb
|
|-heal|p1a: Kartana|97/100|[from] Grassy Terrain
|upkeep
|
|t:|1657960023
|switch|p2a: Dragapult|Dragapult, M|100/100
|turn|26
|
|t:|1657960027
|move|p2a: Dragapult|Flamethrower|p1a: Kartana
|-supereffective|p1a: Kartana
|-damage|p1a: Kartana|0 fnt
|faint|p1a: Kartana
|
|win|tcian
|raw|cute pink team's rating: 1845 &rarr; <strong>1818</strong><br />(-27 for losing)
|raw|tcian's rating: 1725 &rarr; <strong>1752</strong><br />(+27 for winning)
|l|☆cute pink team
|c|☆tcian|gg
|l|☆tcian
|l| I've Peaked
|l| IceGuysFinishLast
