|j|☆Hgfhhfghfff
|j|☆minimax_ai
|t:|1667517515
|gametype|singles
|player|p1|Hgfhhfghfff|266|1584
|player|p2|minimax_ai|lusamine-nihilego|1644
|teamsize|p1|6
|teamsize|p2|6
|gen|8
|tier|[Gen 8] OU
|rated|
|rule|Sleep Clause Mod: Limit one foe put to sleep
|rule|Species Clause: Limit one of each Pokémon
|rule|OHKO Clause: OHKO moves are banned
|rule|Evasion Items Clause: Evasion items are banned
|rule|Evasion Moves Clause: Evasion moves are banned
|rule|Endless Battle Clause: Forcing endless battles is banned
|rule|HP Percentage Mod: HP is shown in percentages
|rule|Dynamax Clause: You cannot dynamax
|clearpoke
|poke|p1|Jirachi|
|poke|p1|Zapdos|
|poke|p1|Diancie|
|poke|p1|Rillaboom, M|
|poke|p1|Keldeo|
|poke|p1|Silvally-*|
|poke|p2|Rotom-Wash|
|poke|p2|Weavile, M|
|poke|p2|Landorus-Therian, M|
|poke|p2|Heatran, M|
|poke|p2|Tangrowth, M|
|poke|p2|Melmetal|
|teampreview
|c|☆minimax_ai|hf
|inactive|Battle timer is ON: inactive players will automatically lose when time's up. (requested by minimax_ai)
|
|t:|1667517522
|start
|switch|p1a: Keldeo|Keldeo|100/100
|switch|p2a: Melmetal|Melmetal|100/100
|turn|1
|
|t:|1667517530
|switch|p1a: Zapdos|Zapdos|100/100
|move|p2a: Melmetal|Thunder Punch|p1a: Zapdos
|-damage|p1a: Zapdos|66/100
|-status|p2a: Melmetal|par|[from] ability: Static|[of] p1a: Zapdos
|
|upkeep
|turn|2
|
|t:|1667517538
|switch|p1a: Silvally|Silvally-Ground|100/100
|move|p2a: Melmetal|Ice Punch|p1a: Silvally
|-supereffective|p1a: Silvally
|-damage|p1a: Silvally|26/100
|
|upkeep
|turn|3
|
|t:|1667517545
|move|p1a: Silvally|Multi-Attack|p2a: Melmetal
|-supereffective|p2a: Melmetal
|-damage|p2a: Melmetal|51/100 par
|move|p2a: Melmetal|Double Iron Bash|p1a: Silvally
|-damage|p1a: Silvally|0 fnt
|faint|p1a: Silvally
|-hitcount|p1: Silvally|1
|
|upkeep
|
|t:|1667517558
|switch|p1a: Zapdos|Zapdos|66/100
|turn|4
|
|t:|1667517561
|move|p1a: Zapdos|Discharge|p2a: Melmetal
|-damage|p2a: Melmetal|33/100 par
|move|p2a: Melmetal|Thunder Punch|p1a: Zapdos
|-damage|p1a: Zapdos|33/100
|
|upkeep
|turn|5
|
|t:|1667517566
|move|p1a: Zapdos|Roost|p1a: Zapdos
|-heal|p1a: Zapdos|83/100
|-singleturn|p1a: Zapdos|move: Roost
|cant|p2a: Melmetal|par
|
|upkeep
|turn|6
|
|t:|1667517569
|move|p1a: Zapdos|Discharge|p2a: Melmetal
|-damage|p2a: Melmetal|15/100 par
|move|p2a: Melmetal|Thunder Punch|p1a: Zapdos
|-damage|p1a: Zapdos|48/100
|
|upkeep
|turn|7
|
|t:|1667517575
|move|p1a: Zapdos|Discharge|p2a: Melmetal
|-damage|p2a: Melmetal|0 fnt
|faint|p2a: Melmetal
|
|upkeep
|
|t:|1667517575
|switch|p2a: Weavile|Weavile, M|100/100
|-ability|p2a: Weavile|Pressure
|turn|8
|
|t:|1667517581
|switch|p1a: Keldeo|Keldeo|100/100
|move|p2a: Weavile|Knock Off|p1a: Keldeo
|-resisted|p1a: Keldeo
|-damage|p1a: Keldeo|62/100
|-ability|p1a: Keldeo|Justified|boost
|-boost|p1a: Keldeo|atk|1
|-enditem|p1a: Keldeo|Leftovers|[from] move: Knock Off|[of] p2a: Weavile
|
|upkeep
|turn|9
|
|t:|1667517588
|switch|p2a: rotomwash|Rotom-Wash|100/100
|move|p1a: Keldeo|Scald|p2a: rotomwash
|-resisted|p2a: rotomwash
|-damage|p2a: rotomwash|80/100
|
|-heal|p2a: rotomwash|86/100|[from] item: Leftovers
|upkeep
|turn|10
|
|t:|1667517593
|switch|p1a: Jirachi|Jirachi|100/100
|move|p2a: rotomwash|Thunderbolt|p1a: Jirachi
|-crit|p1a: Jirachi
|-damage|p1a: Jirachi|68/100
|
|-heal|p2a: rotomwash|92/100|[from] item: Leftovers
|-heal|p1a: Jirachi|74/100|[from] item: Leftovers
|upkeep
|turn|11
|
|t:|1667517597
|move|p2a: rotomwash|Thunderbolt|p1a: Jirachi
|-damage|p1a: Jirachi|50/100
|move|p1a: Jirachi|Stealth Rock|p2a: rotomwash
|-sidestart|p2: minimax_ai|move: Stealth Rock
|
|-heal|p2a: rotomwash|99/100|[from] item: Leftovers
|-heal|p1a: Jirachi|56/100|[from] item: Leftovers
|upkeep
|turn|12
|
|t:|1667517600
|move|p2a: rotomwash|Thunderbolt|p1a: Jirachi
|-damage|p1a: Jirachi|33/100
|move|p1a: Jirachi|U-turn|p2a: rotomwash
|-damage|p2a: rotomwash|81/100
|
|t:|1667517604
|switch|p1a: Rillaboom|Rillaboom, M|100/100|[from]move: U-turn
|-fieldstart|move: Grassy Terrain|[from] ability: Grassy Surge|[of] p1a: Rillaboom
|
|-heal|p2a: rotomwash|88/100|[from] item: Leftovers
|upkeep
|turn|13
|
|t:|1667517608
|switch|p2a: Tangrowth|Tangrowth, M|100/100
|-damage|p2a: Tangrowth|88/100|[from] Stealth Rock
|move|p1a: Rillaboom|U-turn|p2a: Tangrowth
|-supereffective|p2a: Tangrowth
|-damage|p2a: Tangrowth|58/100
|-damage|p1a: Rillaboom|84/100|[from] item: Rocky Helmet|[of] p2a: Tangrowth
|
|t:|1667517611
|switch|p1a: Zapdos|Zapdos|48/100|[from]move: U-turn
|
|-heal|p2a: Tangrowth|65/100|[from] Grassy Terrain
|upkeep
|turn|14
|
|t:|1667517615
|switch|p1a: Keldeo|Keldeo|62/100
|switch|p2a: landorustherian|Landorus-Therian, M|100/100
|-damage|p2a: landorustherian|88/100|[from] Stealth Rock
|-ability|p2a: landorustherian|Intimidate|boost
|-unboost|p1a: Keldeo|atk|1
|
|-heal|p1a: Keldeo|69/100|[from] Grassy Terrain
|-heal|p2a: landorustherian|94/100|[from] item: Leftovers
|upkeep
|turn|15
|
|t:|1667517618
|switch|p2a: Tangrowth|Tangrowth, M|98/100
|-damage|p2a: Tangrowth|85/100|[from] Stealth Rock
|move|p1a: Keldeo|Scald|p2a: Tangrowth
|-resisted|p2a: Tangrowth
|-damage|p2a: Tangrowth|55/100
|
|-heal|p1a: Keldeo|75/100|[from] Grassy Terrain
|-heal|p2a: Tangrowth|61/100|[from] Grassy Terrain
|upkeep
|turn|16
|
|t:|1667517627
|move|p1a: Keldeo|Substitute|p1a: Keldeo
|-start|p1a: Keldeo|Substitute
|-damage|p1a: Keldeo|50/100
|move|p2a: Tangrowth|Giga Drain|p1a: Keldeo
|-supereffective|p1a: Keldeo
|-end|p1a: Keldeo|Substitute
|-heal|p2a: Tangrowth|71/100|[from] drain|[of] p1a: Keldeo
|
|-heal|p1a: Keldeo|56/100|[from] Grassy Terrain
|-heal|p2a: Tangrowth|77/100|[from] Grassy Terrain
|-fieldend|move: Grassy Terrain
|upkeep
|turn|17
|
|t:|1667517634
|switch|p1a: Jirachi|Jirachi|33/100
|move|p2a: Tangrowth|Giga Drain|p1a: Jirachi
|-resisted|p1a: Jirachi
|-damage|p1a: Jirachi|24/100
|-heal|p2a: Tangrowth|82/100|[from] drain|[of] p1a: Jirachi
|
|-heal|p1a: Jirachi|30/100|[from] item: Leftovers
|upkeep
|turn|18
|
|t:|1667517640
|move|p1a: Jirachi|U-turn|p2a: Tangrowth
|-supereffective|p2a: Tangrowth
|-damage|p2a: Tangrowth|65/100
|-damage|p1a: Jirachi|13/100|[from] item: Rocky Helmet|[of] p2a: Tangrowth
|
|t:|1667517646
|switch|p1a: Zapdos|Zapdos|48/100|[from]move: U-turn
|move|p2a: Tangrowth|Knock Off|p1a: Zapdos
|-damage|p1a: Zapdos|26/100
|-status|p2a: Tangrowth|par|[from] ability: Static|[of] p1a: Zapdos
|-enditem|p1a: Zapdos|Heavy-Duty Boots|[from] move: Knock Off|[of] p2a: Tangrowth
|
|upkeep
|turn|19
|
|t:|1667517654
|switch|p1a: Keldeo|Keldeo|56/100
|switch|p2a: landorustherian|Landorus-Therian, M|94/100
|-damage|p2a: landorustherian|82/100|[from] Stealth Rock
|-ability|p2a: landorustherian|Intimidate|boost
|-unboost|p1a: Keldeo|atk|1
|
|-heal|p2a: landorustherian|88/100|[from] item: Leftovers
|upkeep
|turn|20
|
|t:|1667517657
|switch|p2a: Tangrowth|Tangrowth, M|99/100 par
|-damage|p2a: Tangrowth|86/100 par|[from] Stealth Rock
|move|p1a: Keldeo|Scald|p2a: Tangrowth
|-resisted|p2a: Tangrowth
|-damage|p2a: Tangrowth|57/100 par
|
|upkeep
|turn|21
|
|t:|1667517665
|switch|p1a: Zapdos|Zapdos|26/100
|cant|p2a: Tangrowth|par
|
|upkeep
|turn|22
|
|t:|1667517667
|switch|p2a: landorustherian|Landorus-Therian, M|88/100
|-damage|p2a: landorustherian|76/100|[from] Stealth Rock
|-ability|p2a: landorustherian|Intimidate|boost
|-unboost|p1a: Zapdos|atk|1
|move|p1a: Zapdos|Roost|p1a: Zapdos
|-heal|p1a: Zapdos|76/100
|-singleturn|p1a: Zapdos|move: Roost
|
|-heal|p2a: landorustherian|82/100|[from] item: Leftovers
|upkeep
|turn|23
|
|t:|1667517670
|move|p1a: Zapdos|Hurricane|p2a: landorustherian
|-damage|p2a: landorustherian|46/100
|-start|p2a: landorustherian|confusion
|-activate|p2a: landorustherian|confusion
|move|p2a: landorustherian|Defog|p1a: Zapdos
|-unboost|p1a: Zapdos|evasion|1
|-sideend|p2: minimax_ai|Stealth Rock|[from] move: Defog|[of] p2a: landorustherian
|
|-heal|p2a: landorustherian|52/100|[from] item: Leftovers
|upkeep
|turn|24
|
|t:|1667517679
|move|p1a: Zapdos|Hurricane|p2a: landorustherian
|-damage|p2a: landorustherian|15/100
|-activate|p2a: landorustherian|confusion
|move|p2a: landorustherian|U-turn|p1a: Zapdos
|-resisted|p1a: Zapdos
|-damage|p1a: Zapdos|65/100
|
|t:|1667517679
|switch|p2a: Weavile|Weavile, M|100/100|[from]move: U-turn
|-ability|p2a: Weavile|Pressure
|
|upkeep
|turn|25
|
|t:|1667517692
|move|p2a: Weavile|Triple Axel|p1a: Zapdos
|-supereffective|p1a: Zapdos
|-damage|p1a: Zapdos|35/100
|-supereffective|p1a: Zapdos
|-damage|p1a: Zapdos|0 fnt
|faint|p1a: Zapdos
|-hitcount|p1: Zapdos|2
|
|upkeep
|
|t:|1667517699
|switch|p1a: Keldeo|Keldeo|56/100
|turn|26
|
|t:|1667517701
|switch|p2a: Tangrowth|Tangrowth, M|90/100 par
|move|p1a: Keldeo|Scald|p2a: Tangrowth
|-resisted|p2a: Tangrowth
|-damage|p2a: Tangrowth|57/100 par
|
|upkeep
|turn|27
|
|t:|1667517708
|switch|p1a: Jirachi|Jirachi|13/100
|cant|p2a: Tangrowth|par
|
|-heal|p1a: Jirachi|19/100|[from] item: Leftovers
|upkeep
|turn|28
|
|t:|1667517711
|switch|p2a: rotomwash|Rotom-Wash|88/100
|move|p1a: Jirachi|Stealth Rock|p2a: rotomwash
|-sidestart|p2: minimax_ai|move: Stealth Rock
|
|-heal|p2a: rotomwash|94/100|[from] item: Leftovers
|-heal|p1a: Jirachi|25/100|[from] item: Leftovers
|upkeep
|turn|29
|
|t:|1667517715
|move|p2a: rotomwash|Hydro Pump|p1a: Jirachi
|-damage|p1a: Jirachi|1/100
|move|p1a: Jirachi|Healing Wish|p1a: Jirachi
|faint|p1a: Jirachi
|
|-heal|p2a: rotomwash|99/100|[from] item: Leftovers
|upkeep
|
|t:|1667517725
|switch|p1a: Keldeo|Keldeo|56/100
|-heal|p1a: Keldeo|100/100|[from] move: Healing Wish
|turn|30
|
|t:|1667517728
|switch|p1a: Rillaboom|Rillaboom, M|84/100
|-fieldstart|move: Grassy Terrain|[from] ability: Grassy Surge|[of] p1a: Rillaboom
|move|p2a: rotomwash|Thunderbolt|p1a: Rillaboom
|-resisted|p1a: Rillaboom
|-damage|p1a: Rillaboom|62/100
|-status|p1a: Rillaboom|par
|
|-heal|p2a: rotomwash|100/100|[from] item: Leftovers
|-heal|p1a: Rillaboom|68/100 par|[from] Grassy Terrain
|upkeep
|turn|31
|
|t:|1667517738
|switch|p2a: Tangrowth|Tangrowth, M|91/100 par
|-damage|p2a: Tangrowth|78/100 par|[from] Stealth Rock
|move|p1a: Rillaboom|U-turn|p2a: Tangrowth
|-supereffective|p2a: Tangrowth
|-damage|p2a: Tangrowth|49/100 par
|-damage|p1a: Rillaboom|52/100 par|[from] item: Rocky Helmet|[of] p2a: Tangrowth
|
|t:|1667517745
|switch|p1a: Diancie|Diancie|100/100|[from]move: U-turn
|
|-heal|p2a: Tangrowth|55/100 par|[from] Grassy Terrain
|upkeep
|turn|32
|
|t:|1667517748
|switch|p2a: rotomwash|Rotom-Wash|100/100
|-damage|p2a: rotomwash|88/100|[from] Stealth Rock
|move|p1a: Diancie|Mystical Fire|p2a: rotomwash
|-resisted|p2a: rotomwash
|-damage|p2a: rotomwash|76/100
|-unboost|p2a: rotomwash|spa|1
|
|-heal|p2a: rotomwash|83/100|[from] item: Leftovers
|upkeep
|turn|33
|
|t:|1667517755
|move|p2a: rotomwash|Hydro Pump|p1a: Diancie
|-supereffective|p1a: Diancie
|-damage|p1a: Diancie|71/100
|move|p1a: Diancie|Draining Kiss|p2a: rotomwash
|-damage|p2a: rotomwash|58/100
|-heal|p1a: Diancie|89/100|[from] drain|[of] p2a: rotomwash
|
|-heal|p2a: rotomwash|64/100|[from] item: Leftovers
|-heal|p1a: Diancie|95/100|[from] Grassy Terrain
|upkeep
|turn|34
|
|t:|1667517763
|move|p2a: rotomwash|Nasty Plot|p2a: rotomwash
|-boost|p2a: rotomwash|spa|2
|move|p1a: Diancie|Diamond Storm|p2a: rotomwash
|-damage|p2a: rotomwash|25/100
|
|-heal|p2a: rotomwash|31/100|[from] item: Leftovers
|-heal|p1a: Diancie|100/100|[from] Grassy Terrain
|-fieldend|move: Grassy Terrain
|upkeep
|turn|35
|
|t:|1667517771
|switch|p1a: Rillaboom|Rillaboom, M|52/100 par
|-fieldstart|move: Grassy Terrain|[from] ability: Grassy Surge|[of] p1a: Rillaboom
|move|p2a: rotomwash|Pain Split|p1a: Rillaboom
|-sethp|p1a: Rillaboom|40/100 par|[from] move: Pain Split|[silent]
|-sethp|p2a: rotomwash|44/100|[from] move: Pain Split
|
|-heal|p2a: rotomwash|50/100|[from] item: Leftovers
|-heal|p1a: Rillaboom|46/100 par|[from] Grassy Terrain
|upkeep
|turn|36
|
|t:|1667517774
|switch|p2a: Heatran|Heatran, M|100/100
|-damage|p2a: Heatran|88/100|[from] Stealth Rock
|-item|p2a: Heatran|Air Balloon
|move|p1a: Rillaboom|U-turn|p2a: Heatran
|-resisted|p2a: Heatran
|-damage|p2a: Heatran|82/100
|-enditem|p2a: Heatran|Air Balloon
|j| GalarianN00b3
|l| GalarianN00b3
|
|t:|1667517789
|switch|p1a: Keldeo|Keldeo|100/100|[from]move: U-turn
|
|-heal|p2a: Heatran|88/100|[from] Grassy Terrain
|upkeep
|turn|37
|
|t:|1667517792
|switch|p2a: Tangrowth|Tangrowth, M|88/100 par
|-damage|p2a: Tangrowth|76/100 par|[from] Stealth Rock
|move|p1a: Keldeo|Scald|p2a: Tangrowth
|-resisted|p2a: Tangrowth
|-damage|p2a: Tangrowth|45/100 par
|
|-heal|p2a: Tangrowth|51/100 par|[from] Grassy Terrain
|upkeep
|turn|38
|
|t:|1667517801
|switch|p1a: Rillaboom|Rillaboom, M|46/100 par
|cant|p2a: Tangrowth|par
|
|-heal|p1a: Rillaboom|52/100 par|[from] Grassy Terrain
|-heal|p2a: Tangrowth|58/100 par|[from] Grassy Terrain
|upkeep
|turn|39
|
|t:|1667517807
|cant|p1a: Rillaboom|par
|move|p2a: Tangrowth|Giga Drain|p1a: Rillaboom
|-resisted|p1a: Rillaboom
|-damage|p1a: Rillaboom|30/100 par
|-heal|p2a: Tangrowth|67/100 par|[from] drain|[of] p1a: Rillaboom
|
|-heal|p1a: Rillaboom|36/100 par|[from] Grassy Terrain
|-heal|p2a: Tangrowth|73/100 par|[from] Grassy Terrain
|-fieldend|move: Grassy Terrain
|upkeep
|turn|40
|
|t:|1667517815
|cant|p1a: Rillaboom|par
|move|p2a: Tangrowth|Sleep Powder|p1a: Rillaboom
|-immune|p1a: Rillaboom
|
|upkeep
|turn|41
|
|t:|1667517817
|cant|p1a: Rillaboom|par
|move|p2a: Tangrowth|Sleep Powder|p1a: Rillaboom
|-immune|p1a: Rillaboom
|
|upkeep
|turn|42
|
|t:|1667517820
|move|p1a: Rillaboom|Knock Off|p2a: Tangrowth
|-damage|p2a: Tangrowth|55/100 par
|-damage|p1a: Rillaboom|19/100 par|[from] item: Rocky Helmet|[of] p2a: Tangrowth
|-enditem|p2a: Tangrowth|Rocky Helmet|[from] move: Knock Off|[of] p1a: Rillaboom
|cant|p2a: Tangrowth|par
|
|upkeep
|turn|43
|
|t:|1667517824
|switch|p2a: landorustherian|Landorus-Therian, M|15/100
|-damage|p2a: landorustherian|3/100|[from] Stealth Rock
|-ability|p2a: landorustherian|Intimidate|boost
|-unboost|p1a: Rillaboom|atk|1
|move|p1a: Rillaboom|U-turn|p2a: landorustherian
|-resisted|p2a: landorustherian
|-damage|p2a: landorustherian|0 fnt
|faint|p2a: landorustherian
|
|t:|1667517838
|switch|p1a: Keldeo|Keldeo|100/100|[from]move: U-turn
|
|upkeep
|
|t:|1667517838
|switch|p2a: Tangrowth|Tangrowth, M|89/100 par
|-damage|p2a: Tangrowth|76/100 par|[from] Stealth Rock
|turn|44
|
|t:|1667517848
|switch|p1a: Rillaboom|Rillaboom, M|19/100 par
|-fieldstart|move: Grassy Terrain|[from] ability: Grassy Surge|[of] p1a: Rillaboom
|move|p2a: Tangrowth|Sleep Powder|p1a: Rillaboom
|-immune|p1a: Rillaboom
|
|-heal|p1a: Rillaboom|25/100 par|[from] Grassy Terrain
|-heal|p2a: Tangrowth|82/100 par|[from] Grassy Terrain
|upkeep
|turn|45
|
|t:|1667517852
|move|p1a: Rillaboom|Wood Hammer|p2a: Tangrowth
|-resisted|p2a: Tangrowth
|-damage|p2a: Tangrowth|57/100 par
|-damage|p1a: Rillaboom|15/100 par|[from] Recoil
|move|p2a: Tangrowth|Knock Off|p1a: Rillaboom
|-damage|p1a: Rillaboom|0 fnt
|-enditem|p1a: Rillaboom|Miracle Seed|[from] move: Knock Off|[of] p2a: Tangrowth
|faint|p1a: Rillaboom
|
|-heal|p2a: Tangrowth|63/100 par|[from] Grassy Terrain
|upkeep
|
|t:|1667517860
|switch|p1a: Diancie|Diancie|100/100
|turn|46
|
|t:|1667517862
|switch|p2a: rotomwash|Rotom-Wash|50/100
|-damage|p2a: rotomwash|38/100|[from] Stealth Rock
|move|p1a: Diancie|Mystical Fire|p2a: rotomwash
|-resisted|p2a: rotomwash
|-damage|p2a: rotomwash|25/100
|-unboost|p2a: rotomwash|spa|1
|
|-heal|p2a: rotomwash|31/100|[from] item: Leftovers
|upkeep
|turn|47
|
|t:|1667517867
|move|p2a: rotomwash|Pain Split|p1a: Diancie
|-sethp|p1a: Diancie|66/100|[from] move: Pain Split|[silent]
|-sethp|p2a: rotomwash|66/100|[from] move: Pain Split
|move|p1a: Diancie|Draining Kiss|p2a: rotomwash
|-damage|p2a: rotomwash|38/100
|-heal|p1a: Diancie|87/100|[from] drain|[of] p2a: rotomwash
|
|-heal|p2a: rotomwash|44/100|[from] item: Leftovers
|-heal|p1a: Diancie|93/100|[from] Grassy Terrain
|upkeep
|turn|48
|
|t:|1667517874
|move|p2a: rotomwash|Pain Split|p1a: Diancie
|-sethp|p1a: Diancie|68/100|[from] move: Pain Split|[silent]
|-sethp|p2a: rotomwash|68/100|[from] move: Pain Split
|move|p1a: Diancie|Diamond Storm|p2a: rotomwash
|-damage|p2a: rotomwash|34/100
|
|-heal|p2a: rotomwash|41/100|[from] item: Leftovers
|-heal|p1a: Diancie|74/100|[from] Grassy Terrain
|-fieldend|move: Grassy Terrain
|upkeep
|turn|49
|
|t:|1667517877
|move|p2a: rotomwash|Pain Split|p1a: Diancie
|-sethp|p1a: Diancie|58/100|[from] move: Pain Split|[silent]
|-sethp|p2a: rotomwash|57/100|[from] move: Pain Split
|move|p1a: Diancie|Draining Kiss|p2a: rotomwash
|-damage|p2a: rotomwash|31/100
|-heal|p1a: Diancie|78/100|[from] drain|[of] p2a: rotomwash
|
|-heal|p2a: rotomwash|37/100|[from] item: Leftovers
|upkeep
|turn|50
|
|t:|1667517886
|move|p2a: rotomwash|Pain Split|p1a: Diancie
|-sethp|p1a: Diancie|57/100|[from] move: Pain Split|[silent]
|-sethp|p2a: rotomwash|57/100|[from] move: Pain Split
|move|p1a: Diancie|Diamond Storm|p2a: rotomwash
|-crit|p2a: rotomwash
|-damage|p2a: rotomwash|0 fnt
|faint|p2a: rotomwash
|
|upkeep
|
|t:|1667517886
|switch|p2a: Tangrowth|Tangrowth, M|96/100 par
|-damage|p2a: Tangrowth|84/100 par|[from] Stealth Rock
|turn|51
|
|t:|1667517892
|move|p1a: Diancie|Mystical Fire|p2a: Tangrowth
|-supereffective|p2a: Tangrowth
|-damage|p2a: Tangrowth|17/100 par
|-unboost|p2a: Tangrowth|spa|1
|cant|p2a: Tangrowth|par
|
|upkeep
|turn|52
|
|t:|1667517901
|move|p1a: Diancie|Earth Power|p2a: Tangrowth
|-resisted|p2a: Tangrowth
|-damage|p2a: Tangrowth|0 fnt
|faint|p2a: Tangrowth
|
|upkeep
|
|t:|1667517901
|switch|p2a: Weavile|Weavile, M|100/100
|-damage|p2a: Weavile|76/100|[from] Stealth Rock
|-ability|p2a: Weavile|Pressure
|turn|53
|
|t:|1667517909
|move|p2a: Weavile|Triple Axel|p1a: Diancie
|-damage|p1a: Diancie|45/100
|-damage|p1a: Diancie|23/100
|-damage|p1a: Diancie|0 fnt
|faint|p1a: Diancie
|-hitcount|p1: Diancie|3
|
|upkeep
|
|t:|1667517916
|switch|p1a: Keldeo|Keldeo|100/100
|turn|54
|
|t:|1667517918
|move|p2a: Weavile|Triple Axel|p1a: Keldeo
|-resisted|p1a: Keldeo
|-damage|p1a: Keldeo|92/100
|-resisted|p1a: Keldeo
|-damage|p1a: Keldeo|74/100
|-resisted|p1a: Keldeo
|-damage|p1a: Keldeo|48/100
|-hitcount|p1a: Keldeo|3
|move|p1a: Keldeo|Scald|p2a: Weavile
|-damage|p2a: Weavile|18/100
|
|upkeep
|turn|55
|
|t:|1667517922
|move|p2a: Weavile|Triple Axel|p1a: Keldeo
|-resisted|p1a: Keldeo
|-damage|p1a: Keldeo|40/100
|-resisted|p1a: Keldeo
|-damage|p1a: Keldeo|23/100
|-resisted|p1a: Keldeo
|-damage|p1a: Keldeo|0 fnt
|faint|p1a: Keldeo
|-hitcount|p1: Keldeo|3
|
|win|minimax_ai
|raw|Hgfhhfghfff's rating: 1584 &rarr; <strong>1567</strong><br />(-17 for losing)
|raw|minimax_ai's rating: 1644 &rarr; <strong>1661</strong><br />(+17 for winning)
|c|☆minimax_ai|gg
