|j|☆MonaLise
|j|☆Highv0ltag3
|t:|1656181447
|gametype|singles
|player|p1|MonaLise|acetrainercouple|1824
|player|p2|Highv0ltag3|volo|1884
|teamsize|p1|6
|teamsize|p2|6
|gen|8
|tier|[Gen 8] OU
|rated|
|rule|Sleep Clause Mod: Limit one foe put to sleep
|rule|Species Clause: Limit one of each Pokémon
|rule|OHKO Clause: OHKO moves are banned
|rule|Evasion Moves Clause: Evasion moves are banned
|rule|Endless Battle Clause: Forcing endless battles is banned
|rule|HP Percentage Mod: HP is shown in percentages
|rule|Dynamax Clause: You cannot dynamax
|clearpoke
|poke|p1|Ninetales-Alola, F|
|poke|p1|Arctozolt|
|poke|p1|Kartana|
|poke|p1|Swampert, M|
|poke|p1|Corviknight, F|
|poke|p1|Blacephalon|
|poke|p2|Xatu, F|
|poke|p2|Corviknight, F|
|poke|p2|Buzzwole|
|poke|p2|Chansey, F|
|poke|p2|Toxapex, F|
|poke|p2|Hippowdon, M|
|teampreview
|inactive|Battle timer is ON: inactive players will automatically lose when time's up. (requested by MonaLise)
|c|☆Highv0ltag3|finally
|inactive|Highv0ltag3 has 120 seconds left.
|
|t:|1656181479
|start
|switch|p1a: Swampert|Swampert, M, shiny|100/100
|switch|p2a: Chansey|Chansey, F|100/100
|turn|1
|j| clflucker
|
|t:|1656181484
|switch|p2a: Xatu|Xatu, F|100/100
|move|p1a: Swampert|Flip Turn|p2a: Xatu
|-damage|p2a: Xatu|68/100
|j| Arnaud senju vgc
|
|t:|1656181487
|switch|p1a: Blacephalon|Blacephalon|100/100|[from]move: Flip Turn
|
|-heal|p2a: Xatu|74/100|[from] item: Leftovers
|upkeep
|turn|2
|
|t:|1656181491
|switch|p2a: Hippowdon|Hippowdon, M|100/100
|move|p1a: Blacephalon|Shadow Ball|p2a: Hippowdon
|-damage|p2a: Hippowdon|47/100
|
|-heal|p2a: Hippowdon|54/100|[from] item: Leftovers
|upkeep
|turn|3
|
|t:|1656181499
|switch|p1a: Swampert|Swampert, M, shiny|100/100
|switch|p2a: Chansey|Chansey, F|100/100
|
|upkeep
|turn|4
|
|t:|1656181505
|switch|p2a: Corviknight|Corviknight, F|100/100
|-ability|p2a: Corviknight|Pressure
|move|p1a: Swampert|Flip Turn|p2a: Corviknight
|-damage|p2a: Corviknight|85/100
|
|t:|1656181507
|switch|p1a: Blacephalon|Blacephalon|100/100|[from]move: Flip Turn
|
|upkeep
|turn|5
|
|t:|1656181510
|switch|p2a: Toxapex|Toxapex, F|100/100
|move|p1a: Blacephalon|Flamethrower|p2a: Toxapex
|-resisted|p2a: Toxapex
|-damage|p2a: Toxapex|68/100
|
|-heal|p2a: Toxapex|75/100|[from] item: Black Sludge
|upkeep
|turn|6
|
|t:|1656181513
|switch|p1a: Swampert|Swampert, M, shiny|100/100
|move|p2a: Toxapex|Scald|p1a: Swampert
|-damage|p1a: Swampert|89/100
|
|-heal|p1a: Swampert|96/100|[from] item: Leftovers
|-heal|p2a: Toxapex|81/100|[from] item: Black Sludge
|upkeep
|turn|7
|
|t:|1656181518
|move|p1a: Swampert|Flip Turn|p2a: Toxapex
|-resisted|p2a: Toxapex
|-damage|p2a: Toxapex|74/100
|
|t:|1656181522
|switch|p1a: Arctozolt|Arctozolt|100/100|[from]move: Flip Turn
|move|p2a: Toxapex|Scald|p1a: Arctozolt
|-crit|p1a: Arctozolt
|-damage|p1a: Arctozolt|65/100
|
|-heal|p2a: Toxapex|80/100|[from] item: Black Sludge
|upkeep
|turn|8
|
|t:|1656181526
|switch|p2a: Buzzwole|Buzzwole|100/100
|move|p1a: Arctozolt|Freeze-Dry|p2a: Buzzwole
|-damage|p2a: Buzzwole|73/100
|
|-heal|p2a: Buzzwole|79/100|[from] item: Leftovers
|upkeep
|turn|9
|
|t:|1656181530
|switch|p1a: Corviknight|Corviknight, F, shiny|100/100
|-ability|p1a: Corviknight|Pressure
|move|p2a: Buzzwole|Roost|p2a: Buzzwole
|-heal|p2a: Buzzwole|100/100
|-singleturn|p2a: Buzzwole|move: Roost
|
|upkeep
|turn|10
|
|t:|1656181534
|switch|p2a: Toxapex|Toxapex, F|100/100
|move|p1a: Corviknight|U-turn|p2a: Toxapex
|-resisted|p2a: Toxapex
|-damage|p2a: Toxapex|96/100
|
|t:|1656181538
|switch|p1a: Swampert|Swampert, M, shiny|96/100|[from]move: U-turn
|
|-heal|p1a: Swampert|100/100|[from] item: Leftovers
|-heal|p2a: Toxapex|100/100|[from] item: Black Sludge
|upkeep
|turn|11
|
|t:|1656181541
|move|p1a: Swampert|Flip Turn|p2a: Toxapex
|-resisted|p2a: Toxapex
|-damage|p2a: Toxapex|94/100
|
|t:|1656181550
|switch|p1a: Ninetales|Ninetales-Alola, F|100/100|[from]move: Flip Turn
|-weather|Hail|[from] ability: Snow Warning|[of] p1a: Ninetales
|move|p2a: Toxapex|Scald|p1a: Ninetales
|-damage|p1a: Ninetales|80/100
|-status|p1a: Ninetales|brn
|
|-weather|Hail|[upkeep]
|-damage|p2a: Toxapex|88/100|[from] Hail
|-heal|p2a: Toxapex|94/100|[from] item: Black Sludge
|-damage|p1a: Ninetales|74/100 brn|[from] brn
|upkeep
|turn|12
|
|t:|1656181556
|move|p1a: Ninetales|Freeze-Dry|p2a: Toxapex
|-supereffective|p2a: Toxapex
|-damage|p2a: Toxapex|46/100
|move|p2a: Toxapex|Scald|p1a: Ninetales
|-damage|p1a: Ninetales|53/100 brn
|
|-weather|Hail|[upkeep]
|-damage|p2a: Toxapex|40/100|[from] Hail
|-heal|p2a: Toxapex|46/100|[from] item: Black Sludge
|-damage|p1a: Ninetales|48/100 brn|[from] brn
|upkeep
|turn|13
|
|t:|1656181566
|switch|p1a: Arctozolt|Arctozolt|65/100
|switch|p2a: Chansey|Chansey, F|100/100
|
|-weather|Hail|[upkeep]
|-damage|p2a: Chansey|94/100|[from] Hail
|upkeep
|turn|14
|c|☆Highv0ltag3|u think u achieved something
|c|☆Highv0ltag3|but i have "the counter"
|
|t:|1656181588
|switch|p2a: Buzzwole|Buzzwole|100/100
|move|p1a: Arctozolt|Bolt Beak|p2a: Buzzwole
|-damage|p2a: Buzzwole|63/100
|
|-weather|Hail|[upkeep]
|-damage|p2a: Buzzwole|57/100|[from] Hail
|-heal|p2a: Buzzwole|63/100|[from] item: Leftovers
|upkeep
|turn|15
|
|t:|1656181591
|move|p1a: Arctozolt|Blizzard|p2a: Buzzwole
|-crit|p2a: Buzzwole
|-damage|p2a: Buzzwole|0 fnt
|faint|p2a: Buzzwole
|
|-weather|none
|upkeep
|j| Ran Kob
|c|☆Highv0ltag3|NOOOOOOOOOOOOOOOOO
|c|☆MonaLise|Nice counter
|c|☆Highv0ltag3|fucking crit
|c|☆Highv0ltag3|im spd for this
|c|☆Highv0ltag3|are you kidding me
|
|t:|1656181610
|switch|p2a: Chansey|Chansey, F|94/100
|turn|16
|
|t:|1656181621
|move|p1a: Arctozolt|Bolt Beak|p2a: Chansey
|-damage|p2a: Chansey|46/100
|move|p2a: Chansey|Toxic|p1a: Arctozolt
|-status|p1a: Arctozolt|tox
|
|-damage|p1a: Arctozolt|59/100 tox|[from] psn
|upkeep
|turn|17
|
|t:|1656181632
|switch|p1a: Kartana|Kartana|100/100
|switch|p2a: Hippowdon|Hippowdon, M|54/100
|
|-heal|p2a: Hippowdon|60/100|[from] item: Leftovers
|upkeep
|turn|18
|
|t:|1656181636
|switch|p2a: Corviknight|Corviknight, F|85/100
|-ability|p2a: Corviknight|Pressure
|move|p1a: Kartana|Swords Dance|p1a: Kartana
|-boost|p1a: Kartana|atk|2
|
|upkeep
|turn|19
|l| Ran Kob
|
|t:|1656181643
|move|p1a: Kartana|Swords Dance|p1a: Kartana
|-boost|p1a: Kartana|atk|2
|move|p2a: Corviknight|Roost|p2a: Corviknight
|-heal|p2a: Corviknight|100/100
|-singleturn|p2a: Corviknight|move: Roost
|
|upkeep
|turn|20
|
|t:|1656181646
|move|p1a: Kartana|Knock Off|p2a: Corviknight
|-damage|p2a: Corviknight|40/100
|-enditem|p2a: Corviknight|Shed Shell|[from] move: Knock Off|[of] p1a: Kartana
|move|p2a: Corviknight|Body Press|p1a: Kartana
|-supereffective|p1a: Kartana
|-damage|p1a: Kartana|60/100
|
|upkeep
|turn|21
|
|t:|1656181649
|move|p1a: Kartana|Sacred Sword|p2a: Corviknight
|-damage|p2a: Corviknight|0 fnt
|faint|p2a: Corviknight
|-ability|p1a: Kartana|Beast Boost|boost
|-boost|p1a: Kartana|spe|1
|
|upkeep
|
|t:|1656181652
|switch|p2a: Toxapex|Toxapex, F|79/100
|turn|22
|
|t:|1656181655
|move|p1a: Kartana|Leaf Blade|p2a: Toxapex
|-crit|p2a: Toxapex
|-damage|p2a: Toxapex|0 fnt
|faint|p2a: Toxapex
|-ability|p1a: Kartana|Beast Boost|boost
|-boost|p1a: Kartana|spe|1
|
|upkeep
|c|☆Highv0ltag3|gg
|c|☆MonaLise|gg
|c| clflucker|woah
|c|☆Highv0ltag3|that crit bro
|c| clflucker|nightmare for stall that team
|c|☆Highv0ltag3|do u trust me
|c|☆Highv0ltag3|20 spd making the difference
|inactive|Highv0ltag3 has 120 seconds left.
|-message|Highv0ltag3 forfeited.
|
|win|MonaLise
|raw|MonaLise's rating: 1824 &rarr; <strong>1847</strong><br />(+23 for winning)
|raw|Highv0ltag3's rating: 1884 &rarr; <strong>1861</strong><br />(-23 for losing)
|c|☆MonaLise|I trust arctozolt
|l| clflucker
|l|☆MonaLise
||Ladder isn't responding, score probably updated but might not have (Request timeout).
|l| Arnaud senju vgc
|j|☆MonaLise
|player|p1|MonaLise|acetrainercouple
