|j|☆CherN0ble
|j|☆drop a baby
|t:|1663654519
|gametype|singles
|player|p1|CherN0ble|steven|1606
|player|p2|drop a baby|chase|1674
|teamsize|p1|6
|teamsize|p2|6
|gen|8
|tier|[Gen 8] OU
|rated|
|rule|Sleep Clause Mod: Limit one foe put to sleep
|rule|Species Clause: Limit one of each Pokémon
|rule|OHKO Clause: OHKO moves are banned
|rule|Evasion Items Clause: Evasion items are banned
|rule|Evasion Moves Clause: Evasion moves are banned
|rule|Endless Battle Clause: Forcing endless battles is banned
|rule|HP Percentage Mod: HP is shown in percentages
|rule|Dynamax Clause: You cannot dynamax
|clearpoke
|poke|p1|Gastrodon, F|
|poke|p1|Blissey, F|
|poke|p1|Slowking-Galar, M|
|poke|p1|Toxapex, M|
|poke|p1|Clefable, F|
|poke|p1|Corviknight, M|
|poke|p2|Tapu Lele|
|poke|p2|Victini|
|poke|p2|Melmetal|
|poke|p2|Dragonite, M|
|poke|p2|Landorus-Therian, M|
|poke|p2|Urshifu-*, M|
|teampreview
|inactive|Battle timer is ON: inactive players will automatically lose when time's up. (requested by drop a baby)
|
|t:|1663654532
|start
|switch|p1a: Corviknight|Corviknight, M|100/100
|switch|p2a: Landorus|Landorus-Therian, M|100/100
|-ability|p2a: Landorus|Intimidate|boost
|-unboost|p1a: Corviknight|atk|1
|-ability|p1a: Corviknight|Pressure
|turn|1
|
|t:|1663654537
|move|p2a: Landorus|Stealth Rock|p1a: Corviknight
|-sidestart|p1: CherN0ble|move: Stealth Rock
|move|p1a: Corviknight|Iron Defense|p1a: Corviknight
|-boost|p1a: Corviknight|def|2
|
|upkeep
|turn|2
|
|t:|1663654542
|switch|p2a: Tapu Lele|Tapu Lele|100/100
|-fieldstart|move: Psychic Terrain|[from] ability: Psychic Surge|[of] p2a: Tapu Lele
|move|p1a: Corviknight|Defog|p2a: Tapu Lele
|-unboost|p2a: Tapu Lele|evasion|1
|-sideend|p1: CherN0ble|Stealth Rock|[from] move: Defog|[of] p1a: Corviknight
|-fieldend|move: Psychic Terrain
|
|upkeep
|turn|3
|
|t:|1663654548
|switch|p2a: Landorus|Landorus-Therian, M|100/100
|-ability|p2a: Landorus|Intimidate|boost
|-unboost|p1a: Corviknight|atk|1
|move|p1a: Corviknight|Body Press|p2a: Landorus
|-resisted|p2a: Landorus
|-damage|p2a: Landorus|74/100
|
|-heal|p2a: Landorus|80/100|[from] item: Leftovers
|upkeep
|turn|4
|
|t:|1663654555
|move|p2a: Landorus|Stealth Rock|p1a: Corviknight
|-sidestart|p1: CherN0ble|move: Stealth Rock
|move|p1a: Corviknight|Defog|p2a: Landorus
|-unboost|p2a: Landorus|evasion|1
|-sideend|p1: CherN0ble|Stealth Rock|[from] move: Defog|[of] p1a: Corviknight
|
|-heal|p2a: Landorus|86/100|[from] item: Leftovers
|upkeep
|turn|5
|
|t:|1663654558
|move|p2a: Landorus|Stealth Rock|p1a: Corviknight
|-sidestart|p1: CherN0ble|move: Stealth Rock
|move|p1a: Corviknight|Body Press|p2a: Landorus
|-resisted|p2a: Landorus
|-crit|p2a: Landorus
|-damage|p2a: Landorus|48/100
|
|-heal|p2a: Landorus|54/100|[from] item: Leftovers
|upkeep
|turn|6
|
|t:|1663654564
|switch|p2a: Victini|Victini|100/100
|move|p1a: Corviknight|Defog|p2a: Victini
|-unboost|p2a: Victini|evasion|1
|-sideend|p1: CherN0ble|Stealth Rock|[from] move: Defog|[of] p1a: Corviknight
|
|upkeep
|turn|7
|
|t:|1663654570
|switch|p1a: Gastrodon|Gastrodon, F|100/100
|move|p2a: Victini|U-turn|p1a: Gastrodon
|-damage|p1a: Gastrodon|80/100
|
|t:|1663654573
|switch|p2a: Tapu Lele|Tapu Lele|100/100|[from]move: U-turn
|-fieldstart|move: Psychic Terrain|[from] ability: Psychic Surge|[of] p2a: Tapu Lele
|
|-heal|p1a: Gastrodon|86/100|[from] item: Leftovers
|upkeep
|turn|8
|
|t:|1663654577
|switch|p1a: Blissey|Blissey, F|100/100
|move|p2a: Tapu Lele|Future Sight|p1a: Blissey
|-start|p2a: Tapu Lele|move: Future Sight
|
|upkeep
|turn|9
|
|t:|1663654580
|switch|p2a: Urshifu|Urshifu-Rapid-Strike, M|100/100
|move|p1a: Blissey|Thunder Wave|p2a: Urshifu
|-status|p2a: Urshifu|par
|
|upkeep
|turn|10
|
|t:|1663654589
|switch|p1a: Corviknight|Corviknight, M|100/100
|-ability|p1a: Corviknight|Pressure
|cant|p2a: Urshifu|par
|
|-end|p1a: Corviknight|move: Future Sight
|-resisted|p1a: Corviknight
|-damage|p1a: Corviknight|61/100
|upkeep
|turn|11
|
|t:|1663654596
|switch|p1a: Toxapex|Toxapex, M|100/100
|move|p2a: Urshifu|Close Combat|p1a: Toxapex
|-resisted|p1a: Toxapex
|-damage|p1a: Toxapex|70/100
|-unboost|p2a: Urshifu|def|1
|-unboost|p2a: Urshifu|spd|1
|
|-fieldend|move: Psychic Terrain
|upkeep
|turn|12
|
|t:|1663654604
|switch|p2a: Landorus|Landorus-Therian, M|54/100
|-ability|p2a: Landorus|Intimidate|boost
|-unboost|p1a: Toxapex|atk|1
|move|p1a: Toxapex|Toxic|p2a: Landorus
|-status|p2a: Landorus|tox
|
|-heal|p2a: Landorus|60/100 tox|[from] item: Leftovers
|-damage|p2a: Landorus|54/100 tox|[from] psn
|upkeep
|turn|13
|
|t:|1663654607
|switch|p1a: Corviknight|Corviknight, M|61/100
|-ability|p1a: Corviknight|Pressure
|move|p2a: Landorus|Stealth Rock|p1a: Corviknight
|-sidestart|p1: CherN0ble|move: Stealth Rock
|
|-heal|p2a: Landorus|60/100 tox|[from] item: Leftovers
|-damage|p2a: Landorus|48/100 tox|[from] psn
|upkeep
|turn|14
|
|t:|1663654610
|switch|p2a: Victini|Victini|100/100
|move|p1a: Corviknight|Roost|p1a: Corviknight
|-heal|p1a: Corviknight|100/100
|-singleturn|p1a: Corviknight|move: Roost
|
|upkeep
|turn|15
|
|t:|1663654614
|switch|p1a: Gastrodon|Gastrodon, F|86/100
|-damage|p1a: Gastrodon|80/100|[from] Stealth Rock
|move|p2a: Victini|U-turn|p1a: Gastrodon
|-damage|p1a: Gastrodon|61/100
|
|t:|1663654618
|switch|p2a: Tapu Lele|Tapu Lele|100/100|[from]move: U-turn
|-fieldstart|move: Psychic Terrain|[from] ability: Psychic Surge|[of] p2a: Tapu Lele
|
|-heal|p1a: Gastrodon|67/100|[from] item: Leftovers
|upkeep
|turn|16
|
|t:|1663654621
|switch|p1a: Blissey|Blissey, F|100/100
|move|p2a: Tapu Lele|Future Sight|p1a: Blissey
|-start|p2a: Tapu Lele|move: Future Sight
|
|upkeep
|turn|17
|
|t:|1663654624
|switch|p2a: Urshifu|Urshifu-Rapid-Strike, M|100/100 par
|move|p1a: Blissey|Stealth Rock|p2a: Urshifu
|-sidestart|p2: drop a baby|move: Stealth Rock
|
|upkeep
|turn|18
|
|t:|1663654631
|switch|p1a: Corviknight|Corviknight, M|100/100
|-damage|p1a: Corviknight|88/100|[from] Stealth Rock
|-ability|p1a: Corviknight|Pressure
|move|p2a: Urshifu|Close Combat|p1a: Corviknight
|-damage|p1a: Corviknight|27/100
|-unboost|p2a: Urshifu|def|1
|-unboost|p2a: Urshifu|spd|1
|
|-end|p1a: Corviknight|move: Future Sight
|-resisted|p1a: Corviknight
|-damage|p1a: Corviknight|0 fnt
|faint|p1a: Corviknight
|upkeep
|
|t:|1663654636
|switch|p1a: Clefable|Clefable, F|100/100
|-damage|p1a: Clefable|88/100|[from] Stealth Rock
|turn|19
|
|t:|1663654643
|switch|p2a: Melmetal|Melmetal|100/100
|-damage|p2a: Melmetal|94/100|[from] Stealth Rock
|move|p1a: Clefable|Moonblast|p2a: Melmetal
|-resisted|p2a: Melmetal
|-damage|p2a: Melmetal|86/100
|
|-heal|p1a: Clefable|94/100|[from] item: Leftovers
|-fieldend|move: Psychic Terrain
|upkeep
|turn|20
|
|t:|1663654649
|switch|p1a: Toxapex|Toxapex, M|100/100
|-damage|p1a: Toxapex|88/100|[from] Stealth Rock
|switch|p2a: Dragonite|Dragonite, M|100/100
|
|upkeep
|turn|21
|
|t:|1663654651
|move|p2a: Dragonite|Heal Bell|p2a: Dragonite
|-activate|p2a: Dragonite|move: Heal Bell
|-curestatus|p2: Urshifu|par|[msg]
|-curestatus|p2: Landorus|tox|[msg]
|move|p1a: Toxapex|Knock Off|p2a: Dragonite
|-damage|p2a: Dragonite|95/100
|-enditem|p2a: Dragonite|Heavy-Duty Boots|[from] move: Knock Off|[of] p1a: Toxapex
|
|upkeep
|turn|22
|
|t:|1663654658
|move|p2a: Dragonite|Defog|p1a: Toxapex
|-unboost|p1a: Toxapex|evasion|1
|-sideend|p1: CherN0ble|Stealth Rock|[from] move: Defog|[of] p2a: Dragonite
|-sideend|p2: drop a baby|Stealth Rock|[from] move: Defog|[of] p2a: Dragonite
|move|p1a: Toxapex|Toxic|p2a: Dragonite
|-status|p2a: Dragonite|tox
|
|-damage|p2a: Dragonite|89/100 tox|[from] psn
|upkeep
|turn|23
|
|t:|1663654662
|move|p2a: Dragonite|Earthquake|p1a: Toxapex
|-supereffective|p1a: Toxapex
|-damage|p1a: Toxapex|49/100
|move|p1a: Toxapex|Knock Off|p2a: Dragonite
|-damage|p2a: Dragonite|82/100 tox
|
|-damage|p2a: Dragonite|70/100 tox|[from] psn
|upkeep
|turn|24
|
|t:|1663654668
|switch|p1a: Clefable|Clefable, F|94/100
|move|p2a: Dragonite|Heal Bell|p2a: Dragonite
|-activate|p2a: Dragonite|move: Heal Bell
|-curestatus|p2a: Dragonite|tox|[msg]
|
|-heal|p1a: Clefable|99/100|[from] item: Leftovers
|upkeep
|turn|25
|
|t:|1663654674
|switch|p2a: Melmetal|Melmetal|86/100
|switch|p1a: Gastrodon|Gastrodon, F|67/100
|
|-heal|p1a: Gastrodon|73/100|[from] item: Leftovers
|upkeep
|turn|26
|
|t:|1663654679
|switch|p2a: Urshifu|Urshifu-Rapid-Strike, M|100/100
|move|p1a: Gastrodon|Recover|p1a: Gastrodon
|-heal|p1a: Gastrodon|100/100
|
|upkeep
|turn|27
|
|t:|1663654682
|move|p1a: Gastrodon|Protect|p1a: Gastrodon
|-singleturn|p1a: Gastrodon|Protect
|move|p2a: Urshifu|U-turn|p1a: Gastrodon
|-damage|p1a: Gastrodon|63/100
|
|t:|1663654687
|switch|p2a: Tapu Lele|Tapu Lele|100/100|[from]move: U-turn
|-fieldstart|move: Psychic Terrain|[from] ability: Psychic Surge|[of] p2a: Tapu Lele
|
|-heal|p1a: Gastrodon|69/100|[from] item: Leftovers
|upkeep
|turn|28
|
|t:|1663654690
|switch|p1a: Blissey|Blissey, F|100/100
|move|p2a: Tapu Lele|Future Sight|p1a: Blissey
|-start|p2a: Tapu Lele|move: Future Sight
|
|upkeep
|turn|29
|
|t:|1663654692
|switch|p2a: Victini|Victini|100/100
|move|p1a: Blissey|Stealth Rock|p2a: Victini
|-sidestart|p2: drop a baby|move: Stealth Rock
|
|upkeep
|turn|30
|
|t:|1663654696
|switch|p1a: Toxapex|Toxapex, M|83/100
|move|p2a: Victini|V-create|p1a: Toxapex
|-resisted|p1a: Toxapex
|-damage|p1a: Toxapex|59/100
|-unboost|p2a: Victini|spe|1
|-unboost|p2a: Victini|def|1
|-unboost|p2a: Victini|spd|1
|
|-end|p1a: Toxapex|move: Future Sight
|-supereffective|p1a: Toxapex
|-enditem|p1a: Toxapex|Payapa Berry|[eat]
|-enditem|p1a: Toxapex|Payapa Berry|[weaken]
|-damage|p1a: Toxapex|0 fnt
|faint|p1a: Toxapex
|upkeep
|
|t:|1663654705
|switch|p1a: Slowking|Slowking-Galar, M|100/100
|turn|31
|
|t:|1663654708
|move|p2a: Victini|U-turn|p1a: Slowking
|-damage|p1a: Slowking|79/100
|
|t:|1663654711
|switch|p2a: Melmetal|Melmetal|86/100|[from]move: U-turn
|-damage|p2a: Melmetal|80/100|[from] Stealth Rock
|move|p1a: Slowking|Future Sight|p2a: Melmetal
|-start|p1a: Slowking|move: Future Sight
|
|-fieldend|move: Psychic Terrain
|upkeep
|turn|32
|
|t:|1663654716
|switch|p1a: Gastrodon|Gastrodon, F|69/100
|move|p2a: Melmetal|Double Iron Bash|p1a: Gastrodon
|-resisted|p1a: Gastrodon
|-damage|p1a: Gastrodon|47/100
|-resisted|p1a: Gastrodon
|-damage|p1a: Gastrodon|26/100
|-hitcount|p1a: Gastrodon|2
|
|-heal|p1a: Gastrodon|32/100|[from] item: Leftovers
|upkeep
|turn|33
|
|t:|1663654724
|move|p1a: Gastrodon|Recover|p1a: Gastrodon
|-heal|p1a: Gastrodon|82/100
|move|p2a: Melmetal|Earthquake|p1a: Gastrodon
|-damage|p1a: Gastrodon|45/100
|
|-end|p2a: Melmetal|move: Future Sight
|-resisted|p2a: Melmetal
|-damage|p2a: Melmetal|64/100
|-heal|p1a: Gastrodon|51/100|[from] item: Leftovers
|upkeep
|turn|34
|
|t:|1663654732
|switch|p2a: Dragonite|Dragonite, M|70/100
|-damage|p2a: Dragonite|45/100|[from] Stealth Rock
|move|p1a: Gastrodon|Recover|p1a: Gastrodon
|-heal|p1a: Gastrodon|100/100
|
|upkeep
|turn|35
|
|t:|1663654735
|move|p2a: Dragonite|Roost|p2a: Dragonite
|-heal|p2a: Dragonite|95/100
|-singleturn|p2a: Dragonite|move: Roost
|move|p1a: Gastrodon|Scald|p2a: Dragonite
|-resisted|p2a: Dragonite
|-damage|p2a: Dragonite|85/100
|-status|p2a: Dragonite|brn
|
|-damage|p2a: Dragonite|79/100 brn|[from] brn
|upkeep
|turn|36
|
|t:|1663654739
|switch|p1a: Slowking|Slowking-Galar, M|100/100
|move|p2a: Dragonite|Defog|p1a: Slowking
|-unboost|p1a: Slowking|evasion|1
|-sideend|p2: drop a baby|Stealth Rock|[from] move: Defog|[of] p2a: Dragonite
|
|-damage|p2a: Dragonite|73/100 brn|[from] brn
|upkeep
|turn|37
|
|t:|1663654744
|switch|p2a: Melmetal|Melmetal|64/100
|move|p1a: Slowking|Future Sight|p2a: Melmetal
|-start|p1a: Slowking|move: Future Sight
|
|upkeep
|turn|38
|
|t:|1663654749
|move|p2a: Melmetal|Double Iron Bash|p1a: Slowking
|-damage|p1a: Slowking|60/100
|-damage|p1a: Slowking|16/100
|-hitcount|p1a: Slowking|2
|move|p1a: Slowking|Flamethrower|p2a: Melmetal
|-supereffective|p2a: Melmetal
|-damage|p2a: Melmetal|29/100
|
|upkeep
|turn|39
|
|t:|1663654756
|switch|p1a: Gastrodon|Gastrodon, F|100/100
|move|p2a: Melmetal|Double Iron Bash|p1a: Gastrodon
|-resisted|p1a: Gastrodon
|-damage|p1a: Gastrodon|79/100
|-resisted|p1a: Gastrodon
|-damage|p1a: Gastrodon|60/100
|-hitcount|p1a: Gastrodon|2
|
|-end|p2a: Melmetal|move: Future Sight
|-resisted|p2a: Melmetal
|-damage|p2a: Melmetal|13/100
|-heal|p1a: Gastrodon|66/100|[from] item: Leftovers
|upkeep
|turn|40
|
|t:|1663654765
|switch|p1a: Slowking|Slowking-Galar, M|49/100
|switch|p2a: Tapu Lele|Tapu Lele|100/100
|-fieldstart|move: Psychic Terrain|[from] ability: Psychic Surge|[of] p2a: Tapu Lele
|
|upkeep
|turn|41
|
|t:|1663654769
|move|p2a: Tapu Lele|Psyshock|p1a: Slowking
|-damage|p1a: Slowking|0 fnt
|faint|p1a: Slowking
|
|upkeep
|
|t:|1663654770
|switch|p1a: Clefable|Clefable, F|99/100
|turn|42
|
|t:|1663654773
|switch|p2a: Victini|Victini|100/100
|move|p1a: Clefable|Moonblast|p2a: Victini
|-resisted|p2a: Victini
|-damage|p2a: Victini|85/100
|
|-heal|p1a: Clefable|100/100|[from] item: Leftovers
|upkeep
|turn|43
|-message|CherN0ble forfeited.
|
|win|drop a baby
|raw|CherN0ble's rating: 1606 &rarr; <strong>1590</strong><br />(-16 for losing)
|raw|drop a baby's rating: 1674 &rarr; <strong>1690</strong><br />(+16 for winning)
|l|☆CherN0ble
