|j|☆dior bikini
|j|☆A
|inactive|Battle timer is ON: inactive players will automatically lose when time's up.
|player|p1|dior bikini|youngster|
|player|p2|A|clemont|
|teamsize|p1|6
|teamsize|p2|6
|gametype|singles
|gen|8
|tier|[Gen 8] OU
|rated|Tournament battle
|clearpoke
|poke|p1|Sandaconda, F|
|poke|p1|Cloyster, F|
|poke|p1|Jirachi|
|poke|p1|Togekiss, M|
|poke|p1|Bisharp, M|
|poke|p1|Dragapult, M|
|poke|p2|Clefable, F|
|poke|p2|Rotom-Mow|
|poke|p2|Kommo-o, M|
|poke|p2|Toxapex, M|
|poke|p2|Mandibuzz, F|
|poke|p2|Jirachi|
|rule|Sleep Clause Mod: Limit one foe put to sleep
|rule|Species Clause: Limit one of each Pokémon
|rule|OHKO Clause: OHKO moves are banned
|rule|Evasion Moves Clause: Evasion moves are banned
|rule|Endless Battle Clause: Forcing endless battles is banned
|rule|HP Percentage Mod: HP is shown in percentages
|rule|Dynamax Clause: You cannot dynamax
|teampreview
|j| MienshaoDaGoat
|j| d18l
|j| Shaka14
|j|#moondazing
|c|☆A|ah brought the wrong team hecc
|c|☆A|hf gl
|j| Accaciatura
|c|☆dior bikini|thanks
|j| sinnoh myths
|j| Wlap
|inactive|A has 120 seconds left.
|
|start
|switch|p1a: Dragapult|Dragapult, M|100/100
|switch|p2a: epic games|Kommo-o, M|100/100
|turn|1
|
|move|p1a: Dragapult|Thunder Wave|p2a: epic games
|-status|p2a: epic games|par
|move|p2a: epic games|Stealth Rock|p1a: Dragapult
|-sidestart|p1: dior bikini|move: Stealth Rock
|
|upkeep
|turn|2
|j| blossoming sunrise
|
|switch|p2a: irrationallty m8|Mandibuzz, F|100/100
|move|p1a: Dragapult|Thunder Wave|p2a: irrationallty m8
|-status|p2a: irrationallty m8|par
|
|upkeep
|turn|3
|
|switch|p1a: Sandaconda|Sandaconda, F|100/100
|-damage|p1a: Sandaconda|95/100|[from] Stealth Rock
|switch|p2a: yeah boii|Rotom-Mow, shiny|100/100
|
|upkeep
|turn|4
|
|switch|p1a: Dragapult|Dragapult, M|100/100
|-damage|p1a: Dragapult|88/100|[from] Stealth Rock
|move|p2a: yeah boii|Trick|p1a: Dragapult
|-activate|p2a: yeah boii|move: Trick|[of] p1a: Dragapult
|-item|p1a: Dragapult|Choice Scarf|[from] move: Trick
|-item|p2a: yeah boii|Colbur Berry|[from] move: Trick
|
|upkeep
|turn|5
|c| MienshaoDaGoat|chadaconda
|
|move|p1a: Dragapult|Draco Meteor|p2a: yeah boii|[miss]
|-miss|p1a: Dragapult|p2a: yeah boii
|move|p2a: yeah boii|Will-O-Wisp|p1a: Dragapult
|-status|p1a: Dragapult|brn
|
|-damage|p1a: Dragapult|82/100 brn|[from] brn
|upkeep
|turn|6
|
|switch|p2a: hypocrite|Clefable, F, shiny|100/100
|move|p1a: Dragapult|Draco Meteor|p2a: hypocrite
|-immune|p2a: hypocrite
|
|-damage|p1a: Dragapult|76/100 brn|[from] brn
|upkeep
|turn|7
|
|switch|p1a: Sandaconda|Sandaconda, F|95/100
|-damage|p1a: Sandaconda|89/100|[from] Stealth Rock
|switch|p2a: yeah boii|Rotom-Mow, shiny|100/100
|
|upkeep
|turn|8
|
|switch|p1a: Dragapult|Dragapult, M|76/100 brn
|-damage|p1a: Dragapult|64/100 brn|[from] Stealth Rock
|move|p2a: yeah boii|Leaf Storm|p1a: Dragapult
|-resisted|p1a: Dragapult
|-damage|p1a: Dragapult|32/100 brn
|-unboost|p2a: yeah boii|spa|2
|
|-damage|p1a: Dragapult|26/100 brn|[from] brn
|upkeep
|turn|9
|j| smearedcheese
|
|switch|p2a: irrationallty m8|Mandibuzz, F|100/100 par
|move|p1a: Dragapult|Draco Meteor|p2a: irrationallty m8
|-damage|p2a: irrationallty m8|59/100 par
|-unboost|p1a: Dragapult|spa|2
|
|-damage|p1a: Dragapult|20/100 brn|[from] brn
|upkeep
|turn|10
|
|switch|p1a: Sandaconda|Sandaconda, F|89/100
|-damage|p1a: Sandaconda|83/100|[from] Stealth Rock
|switch|p2a: hypocrite|Clefable, F, shiny|100/100
|
|upkeep
|turn|11
|
|move|p1a: Sandaconda|Glare|p2a: hypocrite
|-status|p2a: hypocrite|par
|move|p2a: hypocrite|Calm Mind|p2a: hypocrite
|-boost|p2a: hypocrite|spa|1
|-boost|p2a: hypocrite|spd|1
|
|upkeep
|turn|12
|
|move|p1a: Sandaconda|Stealth Rock|p2a: hypocrite
|-sidestart|p2: A|move: Stealth Rock
|cant|p2a: hypocrite|par
|
|upkeep
|turn|13
|
|move|p1a: Sandaconda|Earthquake|p2a: hypocrite
|-damage|p2a: hypocrite|59/100 par
|cant|p2a: hypocrite|par
|
|-heal|p2a: hypocrite|65/100 par|[from] item: Leftovers
|upkeep
|turn|14
|
|move|p1a: Sandaconda|Earthquake|p2a: hypocrite
|-damage|p2a: hypocrite|23/100 par
|move|p2a: hypocrite|Moonblast|p1a: Sandaconda
|-damage|p1a: Sandaconda|3/100
|-weather|Sandstorm|[from] ability: Sand Spit|[of] p1a: Sandaconda
|
|-weather|Sandstorm|[upkeep]
|-heal|p2a: hypocrite|29/100 par|[from] item: Leftovers
|upkeep
|turn|15
|
|switch|p2a: yeah boii|Rotom-Mow, shiny|100/100
|-damage|p2a: yeah boii|88/100|[from] Stealth Rock
|move|p1a: Sandaconda|Rock Tomb|p2a: yeah boii|[miss]
|-miss|p1a: Sandaconda|p2a: yeah boii
|
|-weather|Sandstorm|[upkeep]
|-damage|p2a: yeah boii|82/100|[from] Sandstorm
|upkeep
|turn|16
|c|☆dior bikini|this kid
|
|move|p2a: yeah boii|Leaf Storm|p1a: Sandaconda
|-supereffective|p1a: Sandaconda
|-damage|p1a: Sandaconda|0 fnt
|-unboost|p2a: yeah boii|spa|2
|faint|p1a: Sandaconda
|
|-weather|Sandstorm|[upkeep]
|-damage|p2a: yeah boii|76/100|[from] Sandstorm
|upkeep
|c| Wlap|That sucked
|c|☆dior bikini|the draco sucked, idc about this
|
|switch|p1a: Bisharp|Bisharp, M|100/100
|-damage|p1a: Bisharp|95/100|[from] Stealth Rock
|turn|17
|
|move|p2a: yeah boii|Will-O-Wisp|p1a: Bisharp|[miss]
|-miss|p2a: yeah boii|p1a: Bisharp
|move|p1a: Bisharp|Knock Off|p2a: yeah boii
|-crit|p2a: yeah boii
|-damage|p2a: yeah boii|0 fnt
|-enditem|p2a: yeah boii|Colbur Berry|[from] move: Knock Off|[of] p1a: Bisharp
|faint|p2a: yeah boii
|
|-weather|Sandstorm|[upkeep]
|upkeep
|c| Wlap|No the clef hax
|
|switch|p2a: epic games|Kommo-o, M|100/100 par
|-damage|p2a: epic games|94/100 par|[from] Stealth Rock
|turn|18
|c|☆dior bikini|as if that mattere
|c|☆dior bikini|d
|c|☆dior bikini|man sets up vs a rachi in the back
|
|switch|p1a: Togekiss|Togekiss, M|100/100
|cant|p2a: epic games|par
|
|-weather|none
|-heal|p2a: epic games|100/100 par|[from] item: Leftovers
|upkeep
|turn|19
|
|switch|p2a: cool laddy|Jirachi, shiny|100/100
|-damage|p2a: cool laddy|94/100|[from] Stealth Rock
|move|p1a: Togekiss|Flamethrower|p2a: cool laddy
|-supereffective|p2a: cool laddy
|-damage|p2a: cool laddy|46/100
|
|upkeep
|turn|20
|
|switch|p1a: Jirachi|Jirachi|100/100
|-damage|p1a: Jirachi|94/100|[from] Stealth Rock
|move|p2a: cool laddy|Trick|p1a: Jirachi
|-activate|p2a: cool laddy|move: Trick|[of] p1a: Jirachi
|-item|p1a: Jirachi|Choice Scarf|[from] move: Trick
|-item|p2a: cool laddy|Leftovers|[from] move: Trick
|
|-heal|p2a: cool laddy|52/100|[from] item: Leftovers
|upkeep
|turn|21
|
|switch|p2a: the chungus|Toxapex, M, shiny|100/100
|-damage|p2a: the chungus|88/100|[from] Stealth Rock
|move|p1a: Jirachi|Fire Punch|p2a: the chungus
|-resisted|p2a: the chungus
|-damage|p2a: the chungus|81/100
|
|-heal|p2a: the chungus|87/100|[from] item: Black Sludge
|upkeep
|turn|22
|
|switch|p1a: Bisharp|Bisharp, M|95/100
|-damage|p1a: Bisharp|89/100|[from] Stealth Rock
|move|p2a: the chungus|Scald|p1a: Bisharp
|-damage|p1a: Bisharp|62/100
|-status|p1a: Bisharp|brn
|-enditem|p1a: Bisharp|Lum Berry|[eat]
|-curestatus|p1a: Bisharp|brn|[msg]
|
|-heal|p2a: the chungus|93/100|[from] item: Black Sludge
|upkeep
|turn|23
|
|move|p1a: Bisharp|Knock Off|p2a: the chungus
|-damage|p2a: the chungus|59/100
|-enditem|p2a: the chungus|Black Sludge|[from] move: Knock Off|[of] p1a: Bisharp
|move|p2a: the chungus|Scald|p1a: Bisharp
|-damage|p1a: Bisharp|35/100
|
|upkeep
|turn|24
|
|move|p1a: Bisharp|Swords Dance|p1a: Bisharp
|-boost|p1a: Bisharp|atk|2
|move|p2a: the chungus|Scald|p1a: Bisharp
|-damage|p1a: Bisharp|7/100
|
|upkeep
|turn|25
|
|move|p1a: Bisharp|Knock Off|p2a: the chungus
|-damage|p2a: the chungus|13/100
|move|p2a: the chungus|Recover|p2a: the chungus
|-heal|p2a: the chungus|63/100
|
|upkeep
|turn|26
|
|move|p1a: Bisharp|Knock Off|p2a: the chungus
|-damage|p2a: the chungus|14/100
|move|p2a: the chungus|Scald|p1a: Bisharp
|-damage|p1a: Bisharp|0 fnt
|faint|p1a: Bisharp
|
|upkeep
|j| Claudio Paz
|inactive|dior bikini has 120 seconds left.
|
|switch|p1a: Togekiss|Togekiss, M|100/100
|turn|27
|
|move|p1a: Togekiss|Air Slash|p2a: the chungus
|-damage|p2a: the chungus|0 fnt
|faint|p2a: the chungus
|
|upkeep
|
|switch|p2a: cool laddy|Jirachi, shiny|52/100
|-damage|p2a: cool laddy|46/100|[from] Stealth Rock
|turn|28
|
|switch|p1a: Jirachi|Jirachi|94/100
|-damage|p1a: Jirachi|88/100|[from] Stealth Rock
|move|p2a: cool laddy|Iron Head|p1a: Jirachi
|-resisted|p1a: Jirachi
|-damage|p1a: Jirachi|74/100
|
|-heal|p2a: cool laddy|52/100|[from] item: Leftovers
|upkeep
|turn|29
|
|switch|p2a: epic games|Kommo-o, M|100/100 par
|-damage|p2a: epic games|94/100 par|[from] Stealth Rock
|move|p1a: Jirachi|Iron Head|p2a: epic games
|-damage|p2a: epic games|73/100 par
|
|-heal|p2a: epic games|79/100 par|[from] item: Leftovers
|upkeep
|turn|30
|
|switch|p1a: Togekiss|Togekiss, M|100/100
|move|p2a: epic games|Protect||[still]
|-fail|p2a: epic games
|
|-heal|p2a: epic games|85/100 par|[from] item: Leftovers
|upkeep
|turn|31
|
|switch|p2a: hypocrite|Clefable, F, shiny|29/100 par
|move|p1a: Togekiss|Air Slash|p2a: hypocrite
|-damage|p2a: hypocrite|0 fnt
|faint|p2a: hypocrite
|
|upkeep
|
|switch|p2a: cool laddy|Jirachi, shiny|52/100
|-damage|p2a: cool laddy|46/100|[from] Stealth Rock
|turn|32
|
|switch|p1a: Jirachi|Jirachi|74/100
|-damage|p1a: Jirachi|68/100|[from] Stealth Rock
|move|p2a: cool laddy|Thunder Wave|p1a: Jirachi
|-status|p1a: Jirachi|par
|
|-heal|p2a: cool laddy|52/100|[from] item: Leftovers
|upkeep
|turn|33
|
|move|p2a: cool laddy|Iron Head|p1a: Jirachi
|-resisted|p1a: Jirachi
|-damage|p1a: Jirachi|52/100 par
|cant|p1a: Jirachi|par
|
|-heal|p2a: cool laddy|58/100|[from] item: Leftovers
|upkeep
|turn|34
|
|move|p2a: cool laddy|Iron Head|p1a: Jirachi
|-resisted|p1a: Jirachi
|-damage|p1a: Jirachi|37/100 par
|cant|p1a: Jirachi|flinch
|
|-heal|p2a: cool laddy|64/100|[from] item: Leftovers
|upkeep
|turn|35
|
|move|p2a: cool laddy|Iron Head|p1a: Jirachi
|-resisted|p1a: Jirachi
|-damage|p1a: Jirachi|21/100 par
|move|p1a: Jirachi|Fire Punch|p2a: cool laddy
|-supereffective|p2a: cool laddy
|-damage|p2a: cool laddy|24/100
|
|-heal|p2a: cool laddy|30/100|[from] item: Leftovers
|upkeep
|turn|36
|
|move|p2a: cool laddy|Iron Head|p1a: Jirachi
|-resisted|p1a: Jirachi
|-damage|p1a: Jirachi|5/100 par
|move|p1a: Jirachi|Fire Punch|p2a: cool laddy
|-supereffective|p2a: cool laddy
|-damage|p2a: cool laddy|0 fnt
|faint|p2a: cool laddy
|
|upkeep
|c| Wlap|Oh no
|c|☆A|gg
|c|☆dior bikini|gg
|-message|A forfeited.
|
|win|dior bikini
