|j|☆Draco09876
|j|☆chokst du
|t:|1652993471
|gametype|singles
|player|p1|Draco09876|101|1620
|player|p2|chokst du|lucas|1659
|teamsize|p1|6
|teamsize|p2|6
|gen|8
|tier|[Gen 8] OU
|rated|
|rule|Sleep Clause Mod: Limit one foe put to sleep
|rule|Species Clause: Limit one of each Pokémon
|rule|OHKO Clause: OHKO moves are banned
|rule|Evasion Moves Clause: Evasion moves are banned
|rule|Endless Battle Clause: Forcing endless battles is banned
|rule|HP Percentage Mod: HP is shown in percentages
|rule|Dynamax Clause: You cannot dynamax
|clearpoke
|poke|p1|Weavile, M|
|poke|p1|Zapdos|
|poke|p1|Landorus-Therian, M|
|poke|p1|Slowking-Galar, M|
|poke|p1|Volcanion|
|poke|p1|Urshifu-*, M|
|poke|p2|Dragapult, M|
|poke|p2|Tyranitar, M|
|poke|p2|Ferrothorn, F|
|poke|p2|Zapdos-Galar|
|poke|p2|Excadrill, F|
|poke|p2|Slowbro, F|
|teampreview
|j| stirb
|inactive|Battle timer is ON: inactive players will automatically lose when time's up. (requested by Draco09876)
|j| Longus Mongus
|
|t:|1652993505
|start
|switch|p1a: Zapdos|Zapdos|100/100
|switch|p2a: Zapdos|Zapdos-Galar|100/100
|-ability|p1a: Zapdos|Pressure
|turn|1
|
|t:|1652993509
|switch|p2a: Tyranitar|Tyranitar, M|100/100
|-weather|Sandstorm|[from] ability: Sand Stream|[of] p2a: Tyranitar
|move|p1a: Zapdos|Volt Switch|p2a: Tyranitar
|-damage|p2a: Tyranitar|85/100
|
|t:|1652993512
|switch|p1a: Landorus|Landorus-Therian, M|100/100|[from]move: Volt Switch
|-ability|p1a: Landorus|Intimidate|boost
|-unboost|p2a: Tyranitar|atk|1
|
|-weather|Sandstorm|[upkeep]
|upkeep
|turn|2
|
|t:|1652993517
|move|p1a: Landorus|Earthquake|p2a: Tyranitar
|-supereffective|p2a: Tyranitar
|-damage|p2a: Tyranitar|8/100
|move|p2a: Tyranitar|Toxic|p1a: Landorus
|-status|p1a: Landorus|tox
|
|-weather|Sandstorm|[upkeep]
|-damage|p1a: Landorus|94/100 tox|[from] psn
|upkeep
|turn|3
|
|t:|1652993522
|switch|p2a: Slowbro|Slowbro, F|100/100
|move|p1a: Landorus|U-turn|p2a: Slowbro
|-supereffective|p2a: Slowbro
|-damage|p2a: Slowbro|76/100
|-damage|p1a: Landorus|78/100 tox|[from] item: Rocky Helmet|[of] p2a: Slowbro
|
|t:|1652993526
|switch|p1a: Zapdos|Zapdos|100/100|[from]move: U-turn
|-ability|p1a: Zapdos|Pressure
|
|-weather|Sandstorm|[upkeep]
|-damage|p1a: Zapdos|94/100|[from] Sandstorm
|-damage|p2a: Slowbro|70/100|[from] Sandstorm
|upkeep
|turn|4
|
|t:|1652993531
|move|p1a: Zapdos|Hurricane|p2a: Slowbro|[miss]
|-miss|p1a: Zapdos|p2a: Slowbro
|move|p2a: Slowbro|Teleport|p2a: Slowbro
|
|t:|1652993533
|switch|p2a: Dragapult|Dragapult, M|100/100|[from]move: Teleport
|
|-weather|Sandstorm|[upkeep]
|-damage|p2a: Dragapult|95/100|[from] Sandstorm
|-damage|p1a: Zapdos|88/100|[from] Sandstorm
|upkeep
|turn|5
|
|t:|1652993538
|move|p2a: Dragapult|Draco Meteor|p1a: Zapdos
|-damage|p1a: Zapdos|0 fnt
|-unboost|p2a: Dragapult|spa|2
|faint|p1a: Zapdos
|
|-weather|none
|upkeep
|
|t:|1652993542
|switch|p1a: Weavile|Weavile, M|100/100
|-ability|p1a: Weavile|Pressure
|turn|6
|
|t:|1652993548
|switch|p2a: Ferrothorn|Ferrothorn, F|100/100
|move|p1a: Weavile|Triple Axel|p2a: Ferrothorn
|-damage|p2a: Ferrothorn|95/100
|-damage|p1a: Weavile|88/100|[from] ability: Iron Barbs|[of] p2a: Ferrothorn
|-damage|p2a: Ferrothorn|83/100
|-damage|p1a: Weavile|76/100|[from] ability: Iron Barbs|[of] p2a: Ferrothorn
|-damage|p2a: Ferrothorn|66/100
|-damage|p1a: Weavile|63/100|[from] ability: Iron Barbs|[of] p2a: Ferrothorn
|-hitcount|p2a: Ferrothorn|3
|
|-heal|p2a: Ferrothorn|72/100|[from] item: Leftovers
|upkeep
|turn|7
|
|t:|1652993556
|switch|p1a: Slowking|Slowking-Galar, M|100/100
|move|p2a: Ferrothorn|Leech Seed|p1a: Slowking
|-start|p1a: Slowking|move: Leech Seed
|
|-heal|p2a: Ferrothorn|78/100|[from] item: Leftovers
|-damage|p1a: Slowking|88/100|[from] Leech Seed|[of] p2a: Ferrothorn
|-heal|p2a: Ferrothorn|92/100|[silent]
|upkeep
|turn|8
|
|t:|1652993566
|switch|p2a: Dragapult|Dragapult, M|95/100
|move|p1a: Slowking|Flamethrower|p2a: Dragapult
|-resisted|p2a: Dragapult
|-damage|p2a: Dragapult|74/100
|
|-damage|p1a: Slowking|76/100|[from] Leech Seed|[of] p2a: Dragapult
|-heal|p2a: Dragapult|89/100|[silent]
|upkeep
|turn|9
|
|t:|1652993570
|move|p2a: Dragapult|Shadow Ball|p1a: Slowking
|-supereffective|p1a: Slowking
|-damage|p1a: Slowking|16/100
|move|p1a: Slowking|Future Sight|p2a: Dragapult
|-start|p1a: Slowking|move: Future Sight
|
|-damage|p1a: Slowking|3/100|[from] Leech Seed|[of] p2a: Dragapult
|-heal|p2a: Dragapult|100/100|[silent]
|upkeep
|turn|10
|
|t:|1652993578
|switch|p2a: Slowbro|Slowbro, F|100/100
|switch|p1a: Landorus|Landorus-Therian, M|78/100 tox
|-ability|p1a: Landorus|Intimidate|boost
|-unboost|p2a: Slowbro|atk|1
|
|-heal|p1a: Landorus|84/100 tox|[from] item: Leftovers
|-damage|p1a: Landorus|78/100 tox|[from] psn
|upkeep
|turn|11
|
|t:|1652993584
|move|p1a: Landorus|Knock Off|p2a: Slowbro
|-supereffective|p2a: Slowbro
|-damage|p2a: Slowbro|63/100
|-damage|p1a: Landorus|61/100 tox|[from] item: Rocky Helmet|[of] p2a: Slowbro
|-enditem|p2a: Slowbro|Rocky Helmet|[from] move: Knock Off|[of] p1a: Landorus
|move|p2a: Slowbro|Teleport|p2a: Slowbro
|
|t:|1652993587
|switch|p2a: Tyranitar|Tyranitar, M|8/100|[from]move: Teleport
|-weather|Sandstorm|[from] ability: Sand Stream|[of] p2a: Tyranitar
|
|-weather|Sandstorm|[upkeep]
|-end|p2a: Tyranitar|move: Future Sight
|-immune|p2a: Tyranitar
|-heal|p1a: Landorus|68/100 tox|[from] item: Leftovers
|-damage|p1a: Landorus|55/100 tox|[from] psn
|upkeep
|turn|12
|
|t:|1652993593
|switch|p2a: Slowbro|Slowbro, F|96/100
|move|p1a: Landorus|U-turn|p2a: Slowbro
|-supereffective|p2a: Slowbro
|-damage|p2a: Slowbro|69/100
|
|t:|1652993598
|switch|p1a: Slowking|Slowking-Galar, M|37/100|[from]move: U-turn
|
|-weather|Sandstorm|[upkeep]
|-damage|p2a: Slowbro|63/100|[from] Sandstorm
|-damage|p1a: Slowking|30/100|[from] Sandstorm
|upkeep
|turn|13
|
|t:|1652993602
|move|p1a: Slowking|Sludge Bomb|p2a: Slowbro
|-damage|p2a: Slowbro|13/100
|move|p2a: Slowbro|Teleport|p2a: Slowbro
|
|t:|1652993605
|switch|p2a: Tyranitar|Tyranitar, M|8/100|[from]move: Teleport
|
|-weather|Sandstorm|[upkeep]
|-damage|p1a: Slowking|24/100|[from] Sandstorm
|upkeep
|turn|14
|
|t:|1652993616
|switch|p1a: Landorus|Landorus-Therian, M|55/100 tox
|-ability|p1a: Landorus|Intimidate|boost
|-unboost|p2a: Tyranitar|atk|1
|move|p2a: Tyranitar|Stealth Rock|p1a: Landorus
|-sidestart|p1: Draco09876|move: Stealth Rock
|
|-weather|Sandstorm|[upkeep]
|-heal|p1a: Landorus|61/100 tox|[from] item: Leftovers
|-damage|p1a: Landorus|55/100 tox|[from] psn
|upkeep
|turn|15
|
|t:|1652993622
|switch|p2a: Zapdos|Zapdos-Galar|100/100
|move|p1a: Landorus|U-turn|p2a: Zapdos
|-resisted|p2a: Zapdos
|-damage|p2a: Zapdos|94/100
|
|t:|1652993627
|switch|p1a: Weavile|Weavile, M|63/100|[from]move: U-turn
|-ability|p1a: Weavile|Pressure
|
|-weather|none
|upkeep
|turn|16
|
|t:|1652993634
|switch|p2a: Ferrothorn|Ferrothorn, F|92/100
|move|p1a: Weavile|Triple Axel|p2a: Ferrothorn
|-damage|p2a: Ferrothorn|86/100
|-damage|p1a: Weavile|51/100|[from] ability: Iron Barbs|[of] p2a: Ferrothorn
|-damage|p2a: Ferrothorn|75/100
|-damage|p1a: Weavile|38/100|[from] ability: Iron Barbs|[of] p2a: Ferrothorn
|-damage|p2a: Ferrothorn|56/100
|-damage|p1a: Weavile|26/100|[from] ability: Iron Barbs|[of] p2a: Ferrothorn
|-hitcount|p2a: Ferrothorn|3
|
|-heal|p2a: Ferrothorn|62/100|[from] item: Leftovers
|upkeep
|turn|17
|
|t:|1652993640
|move|p1a: Weavile|Knock Off|p2a: Ferrothorn
|-crit|p2a: Ferrothorn
|-damage|p2a: Ferrothorn|20/100
|-damage|p1a: Weavile|13/100|[from] ability: Iron Barbs|[of] p2a: Ferrothorn
|-enditem|p2a: Ferrothorn|Leftovers|[from] move: Knock Off|[of] p1a: Weavile
|move|p2a: Ferrothorn|Knock Off|p1a: Weavile
|-resisted|p1a: Weavile
|-damage|p1a: Weavile|0 fnt
|-enditem|p1a: Weavile|Heavy-Duty Boots|[from] move: Knock Off|[of] p2a: Ferrothorn
|faint|p1a: Weavile
|
|upkeep
|-message|Draco09876 forfeited.
|
|win|chokst du
|raw|Draco09876's rating: 1620 &rarr; <strong>1602</strong><br />(-18 for losing)
|raw|chokst du's rating: 1659 &rarr; <strong>1677</strong><br />(+18 for winning)
|l|☆Draco09876
|l| stirb
|player|p2|chokst du|lucas
||Ladder isn't responding, score probably updated but might not have (Request timeout).
