|j|☆wuilan jie
|j|☆Amelza
|t:|1655816642
|gametype|singles
|player|p1|wuilan jie|red|1616
|player|p2|Amelza|hugh|1661
|teamsize|p1|6
|teamsize|p2|6
|gen|8
|tier|[Gen 8] OU
|rated|
|rule|Sleep Clause Mod: Limit one foe put to sleep
|rule|Species Clause: Limit one of each Pokémon
|rule|OHKO Clause: OHKO moves are banned
|rule|Evasion Moves Clause: Evasion moves are banned
|rule|Endless Battle Clause: Forcing endless battles is banned
|rule|HP Percentage Mod: HP is shown in percentages
|rule|Dynamax Clause: You cannot dynamax
|clearpoke
|poke|p1|Kartana|
|poke|p1|Dragapult, F|
|poke|p1|Swampert, M|
|poke|p1|Bisharp, M|
|poke|p1|Victini|
|poke|p1|Tornadus-Therian, M|
|poke|p2|Blacephalon|
|poke|p2|Kartana|
|poke|p2|Zeraora|
|poke|p2|Dragonite, F|
|poke|p2|Ferrothorn, F|
|poke|p2|Tapu Fini|
|teampreview
|c|☆Amelza|glhf
|
|t:|1655816669
|start
|switch|p1a: Victini|Victini|100/100
|switch|p2a: Dragortnite|Dragonite, F|100/100
|turn|1
|
|t:|1655816680
|move|p1a: Victini|Glaciate|p2a: Dragortnite
|-supereffective|p2a: Dragortnite
|-damage|p2a: Dragortnite|77/100
|-unboost|p2a: Dragortnite|spe|1
|move|p2a: Dragortnite|Earthquake|p1a: Victini
|-supereffective|p1a: Victini
|-damage|p1a: Victini|34/100
|
|upkeep
|turn|2
|j| OneTreeWaiting
|
|t:|1655816694
|switch|p2a: Tapu Lele?|Tapu Fini|100/100
|-fieldstart|move: Misty Terrain|[from] ability: Misty Surge|[of] p2a: Tapu Lele?
|move|p1a: Victini|U-turn|p2a: Tapu Lele?
|-resisted|p2a: Tapu Lele?
|-damage|p2a: Tapu Lele?|92/100
|j| mclasmclsa
|
|t:|1655816701
|switch|p1a: Kartana|Kartana|100/100|[from]move: U-turn
|
|-heal|p2a: Tapu Lele?|98/100|[from] item: Leftovers
|upkeep
|turn|3
|
|t:|1655816711
|switch|p2a: Dragortnite|Dragonite, F|77/100
|move|p1a: Kartana|Sacred Sword|p2a: Dragortnite
|-resisted|p2a: Dragortnite
|-damage|p2a: Dragortnite|55/100
|
|upkeep
|turn|4
|
|t:|1655816718
|switch|p1a: Dragapult|Dragapult, F|100/100
|move|p2a: Dragortnite|Roost|p2a: Dragortnite
|-heal|p2a: Dragortnite|100/100
|-singleturn|p2a: Dragortnite|move: Roost
|
|upkeep
|turn|5
|
|t:|1655816724
|switch|p2a: Tapu Lele?|Tapu Fini|98/100
|move|p1a: Dragapult|Dragon Darts|p2a: Tapu Lele?
|-immune|p2a: Tapu Lele?
|
|-heal|p2a: Tapu Lele?|100/100|[from] item: Leftovers
|upkeep
|turn|6
|
|t:|1655816734
|switch|p1a: Swampert|Swampert, M|100/100
|move|p2a: Tapu Lele?|Surf|p1a: Swampert
|-damage|p1a: Swampert|80/100
|
|-heal|p1a: Swampert|86/100|[from] item: Leftovers
|-fieldend|Misty Terrain
|upkeep
|turn|7
|j| 3443tr3t43
|
|t:|1655816741
|move|p2a: Tapu Lele?|Taunt|p1a: Swampert
|-start|p1a: Swampert|move: Taunt
|cant|p1a: Swampert|move: Taunt|Stealth Rock
|
|-heal|p1a: Swampert|93/100|[from] item: Leftovers
|upkeep
|turn|8
|l| 3443tr3t43
|
|t:|1655816747
|switch|p2a: Thornadus|Ferrothorn, F|100/100
|move|p1a: Swampert|Flip Turn|p2a: Thornadus
|-resisted|p2a: Thornadus
|-crit|p2a: Thornadus
|-damage|p2a: Thornadus|91/100
|-damage|p1a: Swampert|80/100|[from] ability: Iron Barbs|[of] p2a: Thornadus
|
|t:|1655816753
|switch|p1a: Victini|Victini|34/100|[from]move: Flip Turn
|
|-heal|p2a: Thornadus|97/100|[from] item: Leftovers
|upkeep
|turn|9
|
|t:|1655816763
|switch|p2a: Dragortnite|Dragonite, F|100/100
|move|p1a: Victini|Bolt Strike|p2a: Dragortnite
|-damage|p2a: Dragortnite|84/100
|
|upkeep
|turn|10
|
|t:|1655816777
|move|p1a: Victini|U-turn|p2a: Dragortnite
|-resisted|p2a: Dragortnite
|-damage|p2a: Dragortnite|75/100
|
|t:|1655816788
|switch|p1a: Dragapult|Dragapult, F|100/100|[from]move: U-turn
|move|p2a: Dragortnite|Earthquake|p1a: Dragapult
|-damage|p1a: Dragapult|53/100
|
|upkeep
|turn|11
|
|t:|1655816795
|move|p1a: Dragapult|Dragon Dance|p1a: Dragapult
|-boost|p1a: Dragapult|atk|1
|-boost|p1a: Dragapult|spe|1
|move|p2a: Dragortnite|Ice Beam|p1a: Dragapult
|-supereffective|p1a: Dragapult
|-damage|p1a: Dragapult|0 fnt
|faint|p1a: Dragapult
|
|upkeep
|
|t:|1655816800
|switch|p1a: Bisharp|Bisharp, M|100/100
|turn|12
|
|t:|1655816809
|move|p1a: Bisharp|Knock Off|p2a: Dragortnite
|-damage|p2a: Dragortnite|24/100
|-enditem|p2a: Dragortnite|Heavy-Duty Boots|[from] move: Knock Off|[of] p1a: Bisharp
|move|p2a: Dragortnite|Earthquake|p1a: Bisharp
|-supereffective|p1a: Bisharp
|-damage|p1a: Bisharp|12/100
|
|upkeep
|turn|13
|
|t:|1655816817
|move|p1a: Bisharp|Knock Off|p2a: Dragortnite
|-damage|p2a: Dragortnite|0 fnt
|faint|p2a: Dragortnite
|
|upkeep
|
|t:|1655816825
|switch|p2a: Paper-????|Kartana|100/100
|turn|14
|
|t:|1655816828
|switch|p1a: Tornadus|Tornadus-Therian, M|100/100
|move|p2a: Paper-????|Knock Off|p1a: Tornadus
|-damage|p1a: Tornadus|49/100
|-enditem|p1a: Tornadus|Heavy-Duty Boots|[from] move: Knock Off|[of] p2a: Paper-????
|
|upkeep
|turn|15
|
|t:|1655816844
|switch|p2a: Pokerface|Zeraora|100/100
|move|p1a: Tornadus|U-turn|p2a: Pokerface
|-damage|p2a: Pokerface|80/100
|
|t:|1655816852
|switch|p1a: Swampert|Swampert, M|80/100|[from]move: U-turn
|
|-heal|p2a: Pokerface|86/100|[from] item: Leftovers
|-heal|p1a: Swampert|86/100|[from] item: Leftovers
|upkeep
|turn|16
|
|t:|1655816859
|move|p2a: Pokerface|Knock Off|p1a: Swampert
|-damage|p1a: Swampert|56/100
|-enditem|p1a: Swampert|Leftovers|[from] move: Knock Off|[of] p2a: Pokerface
|move|p1a: Swampert|Yawn|p2a: Pokerface
|-start|p2a: Pokerface|move: Yawn|[of] p1a: Swampert
|
|-heal|p2a: Pokerface|92/100|[from] item: Leftovers
|upkeep
|turn|17
|
|t:|1655816875
|switch|p2a: Thornadus|Ferrothorn, F|97/100
|move|p1a: Swampert|Flip Turn|p2a: Thornadus
|-resisted|p2a: Thornadus
|-damage|p2a: Thornadus|91/100
|-damage|p1a: Swampert|44/100|[from] ability: Iron Barbs|[of] p2a: Thornadus
|
|t:|1655816880
|switch|p1a: Victini|Victini|34/100|[from]move: Flip Turn
|
|-heal|p2a: Thornadus|97/100|[from] item: Leftovers
|upkeep
|turn|18
|c| OneTreeWaiting|no earthquake switch in
|c|☆Amelza|no ghost pls
|raw|<div class="broadcast-red"><strong>Moderated chat was set to +!</strong><br />Only users of rank + and higher can talk.</div>
|
|t:|1655816917
|switch|p2a: Pokerface|Zeraora|92/100
|move|p1a: Victini|V-create|p2a: Pokerface
|-damage|p2a: Pokerface|0 fnt
|-unboost|p1a: Victini|spe|1
|-unboost|p1a: Victini|def|1
|-unboost|p1a: Victini|spd|1
|faint|p2a: Pokerface
|
|upkeep
|
|t:|1655816924
|switch|p2a: The king is back|Blacephalon|100/100
|turn|19
|
|t:|1655816934
|switch|p1a: Tornadus|Tornadus-Therian, M|82/100
|move|p2a: The king is back|Overheat|p1a: Tornadus
|-damage|p1a: Tornadus|0 fnt
|-unboost|p2a: The king is back|spa|2
|faint|p1a: Tornadus
|-ability|p2a: The king is back|Beast Boost|boost
|-boost|p2a: The king is back|spa|1
|
|upkeep
|
|t:|1655816949
|switch|p1a: Bisharp|Bisharp, M|12/100
|turn|20
|
|t:|1655816955
|move|p1a: Bisharp|Sucker Punch|p2a: The king is back
|-supereffective|p2a: The king is back
|-damage|p2a: The king is back|0 fnt
|faint|p2a: The king is back
|
|upkeep
|
|t:|1655816974
|switch|p2a: Paper-????|Kartana|100/100
|turn|21
|
|t:|1655816986
|move|p1a: Bisharp|Sucker Punch|p2a: Paper-????
|-damage|p2a: Paper-????|53/100
|move|p2a: Paper-????|Sacred Sword|p1a: Bisharp
|-supereffective|p1a: Bisharp
|-damage|p1a: Bisharp|0 fnt
|faint|p1a: Bisharp
|-ability|p2a: Paper-????|Beast Boost|boost
|-boost|p2a: Paper-????|atk|1
|
|upkeep
|
|t:|1655816994
|switch|p1a: Swampert|Swampert, M|44/100
|turn|22
|
|t:|1655816997
|move|p2a: Paper-????|Sacred Sword|p1a: Swampert
|-damage|p1a: Swampert|0 fnt
|faint|p1a: Swampert
|-ability|p2a: Paper-????|Beast Boost|boost
|-boost|p2a: Paper-????|atk|1
|
|upkeep
|
|t:|1655817000
|switch|p1a: Kartana|Kartana|100/100
|turn|23
|
|t:|1655817008
|switch|p2a: Tapu Lele?|Tapu Fini|100/100
|-fieldstart|move: Misty Terrain|[from] ability: Misty Surge|[of] p2a: Tapu Lele?
|move|p1a: Kartana|Sacred Sword|p2a: Tapu Lele?
|-resisted|p2a: Tapu Lele?
|-crit|p2a: Tapu Lele?
|-damage|p2a: Tapu Lele?|66/100
|
|-heal|p2a: Tapu Lele?|72/100|[from] item: Leftovers
|upkeep
|turn|24
|
|t:|1655817017
|move|p1a: Kartana|Sacred Sword|p2a: Tapu Lele?
|-resisted|p2a: Tapu Lele?
|-crit|p2a: Tapu Lele?
|-damage|p2a: Tapu Lele?|38/100
|move|p2a: Tapu Lele?|Surf|p1a: Kartana
|-resisted|p1a: Kartana
|-damage|p1a: Kartana|55/100
|
|-heal|p2a: Tapu Lele?|44/100|[from] item: Leftovers
|upkeep
|turn|25
|
|t:|1655817021
|move|p1a: Kartana|Sacred Sword|p2a: Tapu Lele?
|-resisted|p2a: Tapu Lele?
|-damage|p2a: Tapu Lele?|21/100
|move|p2a: Tapu Lele?|Draining Kiss|p1a: Kartana
|-resisted|p1a: Kartana
|-crit|p1a: Kartana
|-damage|p1a: Kartana|19/100
|-heal|p2a: Tapu Lele?|41/100|[from] drain|[of] p1a: Kartana
|
|-heal|p2a: Tapu Lele?|48/100|[from] item: Leftovers
|upkeep
|turn|26
|-message|wuilan jie forfeited.
|
|win|Amelza
|raw|wuilan jie's rating: 1616 &rarr; <strong>1599</strong><br />(-17 for losing)
|raw|Amelza's rating: 1661 &rarr; <strong>1678</strong><br />(+17 for winning)
|l|☆wuilan jie
||Ladder isn't responding, score probably updated but might not have (Request timeout).
