|j|‽not mb
|j|☆LT82ZW 729
|t:|1626286237
|gametype|singles
|player|p1|not mb|266|1895
|player|p2|LT82ZW 729|schoolkid-gen4dp|1944
|teamsize|p1|6
|teamsize|p2|6
|gen|8
|tier|[Gen 8] OU
|rated|
|rule|Sleep Clause Mod: Limit one foe put to sleep
|rule|Species Clause: Limit one of each Pokémon
|rule|OHKO Clause: OHKO moves are banned
|rule|Evasion Moves Clause: Evasion moves are banned
|rule|Endless Battle Clause: Forcing endless battles is banned
|rule|HP Percentage Mod: HP is shown in percentages
|rule|Dynamax Clause: You cannot dynamax
|clearpoke
|poke|p1|Landorus-Therian, M|
|poke|p1|Ferrothorn, F|
|poke|p1|Weavile, M|
|poke|p1|Toxapex, F|
|poke|p1|Tornadus-Therian, M|
|poke|p1|Zeraora|
|poke|p2|Scizor, F|
|poke|p2|Toxapex, F|
|poke|p2|Blissey, F|
|poke|p2|Skarmory, M|
|poke|p2|Quagsire, M|
|poke|p2|Tornadus-Therian, M|
|teampreview
|j| lt82zw con
|j| meme0267
|j| 1 loss is 1 pushup
|inactive|Battle timer is ON: inactive players will automatically lose when time's up. (requested by LT82ZW 729)
|j| AngleProtractor
|
|t:|1626286277
|start
|switch|p1a: Zeraora|Zeraora|100/100
|switch|p2a: Toxapex|Toxapex, F|100/100
|turn|1
|
|t:|1626286291
|switch|p1a: Toxapex|Toxapex, F|100/100
|move|p2a: Toxapex|Knock Off|p1a: Toxapex
|-damage|p1a: Toxapex|89/100
|-enditem|p1a: Toxapex|Shed Shell|[from] move: Knock Off|[of] p2a: Toxapex
|
|upkeep
|turn|2
|j| LT82ZW Empo
|
|t:|1626286297
|switch|p2a: Skarmory|Skarmory, M|100/100
|move|p1a: Toxapex|Scald|p2a: Skarmory
|-damage|p2a: Skarmory|78/100
|
|upkeep
|turn|3
|j| Avalunch
|
|t:|1626286303
|move|p2a: Skarmory|Stealth Rock|p1a: Toxapex
|-sidestart|p1: not mb|move: Stealth Rock
|move|p1a: Toxapex|Scald|p2a: Skarmory
|-crit|p2a: Skarmory
|-damage|p2a: Skarmory|42/100
|-status|p2a: Skarmory|brn
|
|-damage|p2a: Skarmory|36/100 brn|[from] brn
|upkeep
|turn|4
|
|t:|1626286319
|switch|p1a: Landorus|Landorus-Therian, M|100/100
|-damage|p1a: Landorus|88/100|[from] Stealth Rock
|-ability|p1a: Landorus|Intimidate|boost
|-unboost|p2a: Skarmory|atk|1
|move|p2a: Skarmory|Roost|p2a: Skarmory
|-heal|p2a: Skarmory|86/100 brn
|-singleturn|p2a: Skarmory|move: Roost
|
|-heal|p1a: Landorus|94/100|[from] item: Leftovers
|-damage|p2a: Skarmory|80/100 brn|[from] brn
|upkeep
|turn|5
|j| Raballer
|j| LT82ZW SW
|
|t:|1626286332
|move|p1a: Landorus|Stealth Rock|p2a: Skarmory
|-sidestart|p2: LT82ZW 729|move: Stealth Rock
|move|p2a: Skarmory|Spikes|p1a: Landorus
|-sidestart|p1: not mb|Spikes
|
|-heal|p1a: Landorus|99/100|[from] item: Leftovers
|-damage|p2a: Skarmory|74/100 brn|[from] brn
|upkeep
|turn|6
|j| LT82ZW Stall
|
|t:|1626286341
|switch|p1a: Ferrothorn|Ferrothorn, F|100/100
|-damage|p1a: Ferrothorn|88/100|[from] Spikes
|-damage|p1a: Ferrothorn|82/100|[from] Stealth Rock
|move|p2a: Skarmory|Roost|p2a: Skarmory
|-heal|p2a: Skarmory|100/100 brn
|-singleturn|p2a: Skarmory|move: Roost
|
|-heal|p1a: Ferrothorn|88/100|[from] item: Leftovers
|-damage|p2a: Skarmory|95/100 brn|[from] brn
|upkeep
|turn|7
|
|t:|1626286345
|switch|p2a: Tornadus|Tornadus-Therian, M|100/100
|move|p1a: Ferrothorn|Spikes|p2a: Tornadus
|-sidestart|p2: LT82ZW 729|Spikes
|
|-heal|p1a: Ferrothorn|94/100|[from] item: Leftovers
|upkeep
|turn|8
|
|t:|1626286351
|switch|p1a: Toxapex|Toxapex, F|100/100
|-damage|p1a: Toxapex|88/100|[from] Stealth Rock
|-damage|p1a: Toxapex|75/100|[from] Spikes
|move|p2a: Tornadus|Nasty Plot|p2a: Tornadus
|-boost|p2a: Tornadus|spa|2
|
|upkeep
|turn|9
|
|t:|1626286354
|move|p2a: Tornadus|Hurricane|p1a: Toxapex|[miss]
|-miss|p2a: Tornadus|p1a: Toxapex
|move|p1a: Toxapex|Light Screen|p1a: Toxapex
|-sidestart|p1: not mb|move: Light Screen
|
|upkeep
|turn|10
|
|t:|1626286365
|move|p2a: Tornadus|Hurricane|p1a: Toxapex
|-damage|p1a: Toxapex|43/100
|-start|p1a: Toxapex|confusion
|-activate|p1a: Toxapex|confusion
|move|p1a: Toxapex|Haze|p1a: Toxapex
|-clearallboost
|
|upkeep
|turn|11
|j| LT82ZW Gray
|
|t:|1626286371
|switch|p1a: Zeraora|Zeraora|100/100
|move|p2a: Tornadus|Nasty Plot|p2a: Tornadus
|-boost|p2a: Tornadus|spa|2
|
|upkeep
|turn|12
|
|t:|1626286380
|switch|p2a: Quagsire|Quagsire, M|100/100
|move|p1a: Zeraora|Knock Off|p2a: Quagsire
|-damage|p2a: Quagsire|80/100
|-enditem|p2a: Quagsire|Heavy-Duty Boots|[from] move: Knock Off|[of] p1a: Zeraora
|
|upkeep
|turn|13
|j| LT82ZW ing
|j| Heracrossed Up
|j| LT82ZW ivyz
|
|t:|1626286406
|switch|p1a: Tornadus|Tornadus-Therian, M|100/100
|move|p2a: Quagsire|Recover|p2a: Quagsire
|-heal|p2a: Quagsire|100/100
|
|-sideend|p1: not mb|move: Light Screen
|upkeep
|turn|14
|j| H.M.N.I.P
|
|t:|1626286427
|switch|p2a: Toxapex|Toxapex, F|100/100
|-damage|p2a: Toxapex|88/100|[from] Spikes
|-damage|p2a: Toxapex|75/100|[from] Stealth Rock
|move|p1a: Tornadus|Taunt|p2a: Toxapex
|-start|p2a: Toxapex|move: Taunt
|
|upkeep
|turn|15
|
|t:|1626286431
|move|p1a: Tornadus|U-turn|p2a: Toxapex
|-resisted|p2a: Toxapex
|-damage|p2a: Toxapex|71/100
|
|t:|1626286435
|switch|p1a: Toxapex|Toxapex, F|76/100|[from]move: U-turn
|-damage|p1a: Toxapex|63/100|[from] Spikes
|-damage|p1a: Toxapex|51/100|[from] Stealth Rock
|move|p2a: Toxapex|Knock Off|p1a: Toxapex
|-damage|p1a: Toxapex|42/100
|
|upkeep
|turn|16
|
|t:|1626286443
|switch|p2a: Blissey|Blissey, F|100/100
|move|p1a: Toxapex|Recover|p1a: Toxapex
|-heal|p1a: Toxapex|92/100
|
|upkeep
|turn|17
|
|t:|1626286456
|move|p2a: Blissey|Toxic|p1a: Toxapex
|-immune|p1a: Toxapex
|move|p1a: Toxapex|Light Screen|p1a: Toxapex
|-sidestart|p1: not mb|move: Light Screen
|
|upkeep
|turn|18
|l| LT82ZW ivyz
|
|t:|1626286462
|move|p2a: Blissey|Heal Bell|p2a: Blissey
|-activate|p2a: Blissey|move: Heal Bell
|-curestatus|p2: Skarmory|brn|[msg]
|move|p1a: Toxapex|Scald|p2a: Blissey
|-damage|p2a: Blissey|94/100
|-status|p2a: Blissey|brn
|
|-damage|p2a: Blissey|88/100 brn|[from] brn
|upkeep
|turn|19
|
|t:|1626286472
|switch|p1a: Ferrothorn|Ferrothorn, F|94/100
|-damage|p1a: Ferrothorn|82/100|[from] Spikes
|-damage|p1a: Ferrothorn|75/100|[from] Stealth Rock
|move|p2a: Blissey|Toxic|p1a: Ferrothorn
|-immune|p1a: Ferrothorn
|
|-heal|p1a: Ferrothorn|82/100|[from] item: Leftovers
|-damage|p2a: Blissey|82/100 brn|[from] brn
|upkeep
|turn|20
|
|t:|1626286476
|switch|p2a: Skarmory|Skarmory, M|95/100
|-damage|p2a: Skarmory|82/100|[from] Stealth Rock
|move|p1a: Ferrothorn|Leech Seed|p2a: Skarmory|[miss]
|-miss|p1a: Ferrothorn|p2a: Skarmory
|
|-heal|p1a: Ferrothorn|88/100|[from] item: Leftovers
|upkeep
|turn|21
|
|t:|1626286485
|move|p2a: Skarmory|Spikes|p1a: Ferrothorn
|-sidestart|p1: not mb|Spikes
|move|p1a: Ferrothorn|Spikes|p2a: Skarmory
|-sidestart|p2: LT82ZW 729|Spikes
|
|-heal|p1a: Ferrothorn|94/100|[from] item: Leftovers
|-sideend|p1: not mb|move: Light Screen
|upkeep
|turn|22
|
|t:|1626286489
|move|p2a: Skarmory|Spikes|p1a: Ferrothorn
|-sidestart|p1: not mb|Spikes
|move|p1a: Ferrothorn|Spikes|p2a: Skarmory
|-sidestart|p2: LT82ZW 729|Spikes
|
|-heal|p1a: Ferrothorn|100/100|[from] item: Leftovers
|upkeep
|turn|23
|
|t:|1626286496
|move|p2a: Skarmory|Roost|p2a: Skarmory
|-heal|p2a: Skarmory|100/100
|-singleturn|p2a: Skarmory|move: Roost
|move|p1a: Ferrothorn|Leech Seed|p2a: Skarmory
|-start|p2a: Skarmory|move: Leech Seed
|
|-damage|p2a: Skarmory|88/100|[from] Leech Seed|[of] p1a: Ferrothorn
|upkeep
|turn|24
|
|t:|1626286505
|switch|p2a: Scizor|Scizor, F|100/100
|move|p1a: Ferrothorn|Leech Seed|p2a: Scizor
|-start|p2a: Scizor|move: Leech Seed
|
|-damage|p2a: Scizor|88/100|[from] Leech Seed|[of] p1a: Ferrothorn
|upkeep
|turn|25
|
|t:|1626286516
|switch|p2a: Tornadus|Tornadus-Therian, M|100/100
|move|p1a: Ferrothorn|Body Press|p2a: Tornadus
|-resisted|p2a: Tornadus
|-damage|p2a: Tornadus|78/100
|
|upkeep
|turn|26
|
|t:|1626286524
|switch|p1a: Zeraora|Zeraora|100/100
|move|p2a: Tornadus|Hurricane|p1a: Zeraora
|-resisted|p1a: Zeraora
|-damage|p1a: Zeraora|65/100
|
|upkeep
|turn|27
|
|t:|1626286530
|switch|p2a: Quagsire|Quagsire, M|100/100
|-damage|p2a: Quagsire|76/100|[from] Spikes
|-damage|p2a: Quagsire|70/100|[from] Stealth Rock
|move|p1a: Zeraora|Toxic|p2a: Quagsire
|-status|p2a: Quagsire|tox
|
|-damage|p2a: Quagsire|63/100 tox|[from] psn
|upkeep
|turn|28
|j| hailarctozolt
|j| LT82ZW Seko
|
|t:|1626286539
|switch|p1a: Tornadus|Tornadus-Therian, M|100/100
|move|p2a: Quagsire|Recover|p2a: Quagsire
|-heal|p2a: Quagsire|100/100 tox
|
|-damage|p2a: Quagsire|88/100 tox|[from] psn
|upkeep
|turn|29
|j| RQWT3
|j| LT82ZW Ming
|
|t:|1626286556
|switch|p2a: Scizor|Scizor, F|88/100
|move|p1a: Tornadus|Taunt|p2a: Scizor
|-start|p2a: Scizor|move: Taunt
|
|upkeep
|turn|30
|l| LT82ZW Seko
|j| halimeandra
|
|t:|1626286563
|move|p1a: Tornadus|Knock Off|p2a: Scizor
|-damage|p2a: Scizor|69/100
|-enditem|p2a: Scizor|Heavy-Duty Boots|[from] move: Knock Off|[of] p1a: Tornadus
|move|p2a: Scizor|U-turn|p1a: Tornadus
|-resisted|p1a: Tornadus
|-damage|p1a: Tornadus|84/100
|
|t:|1626286566
|switch|p2a: Tornadus|Tornadus-Therian, M|100/100|[from]move: U-turn
|
|upkeep
|turn|31
|j| dumbnose
|
|t:|1626286571
|move|p2a: Tornadus|Hurricane|p1a: Tornadus
|-damage|p1a: Tornadus|36/100
|-start|p1a: Tornadus|confusion
|-activate|p1a: Tornadus|confusion
|move|p1a: Tornadus|U-turn|p2a: Tornadus
|-resisted|p2a: Tornadus
|-damage|p2a: Tornadus|90/100
|
|t:|1626286577
|switch|p1a: Zeraora|Zeraora|65/100|[from]move: U-turn
|
|upkeep
|turn|32
|
|t:|1626286580
|switch|p2a: Quagsire|Quagsire, M|88/100 tox
|-damage|p2a: Quagsire|82/100 tox|[from] Stealth Rock
|-damage|p2a: Quagsire|57/100 tox|[from] Spikes
|move|p1a: Zeraora|Knock Off|p2a: Quagsire
|-damage|p2a: Quagsire|43/100 tox
|
|-damage|p2a: Quagsire|37/100 tox|[from] psn
|upkeep
|turn|33
|
|t:|1626286584
|switch|p1a: Tornadus|Tornadus-Therian, M|70/100
|move|p2a: Quagsire|Recover|p2a: Quagsire
|-heal|p2a: Quagsire|87/100 tox
|
|-damage|p2a: Quagsire|75/100 tox|[from] psn
|upkeep
|turn|34
|j| Coronavirus EUW
|l| LT82ZW Stall
|l| halimeandra
|
|t:|1626286591
|switch|p2a: Toxapex|Toxapex, F|100/100
|-damage|p2a: Toxapex|88/100|[from] Stealth Rock
|-damage|p2a: Toxapex|63/100|[from] Spikes
|move|p1a: Tornadus|Hurricane|p2a: Toxapex
|-damage|p2a: Toxapex|31/100
|
|upkeep
|turn|35
|j| LT82ZW Stall
|
|t:|1626286601
|switch|p2a: Skarmory|Skarmory, M|88/100
|-damage|p2a: Skarmory|76/100|[from] Stealth Rock
|move|p1a: Tornadus|Hurricane|p2a: Skarmory
|-resisted|p2a: Skarmory
|-damage|p2a: Skarmory|50/100
|
|upkeep
|turn|36
|
|t:|1626286606
|switch|p2a: Tornadus|Tornadus-Therian, M|100/100
|move|p1a: Tornadus|Taunt|p2a: Tornadus
|-start|p2a: Tornadus|move: Taunt
|
|upkeep
|turn|37
|j| NPC666
|
|t:|1626286609
|move|p2a: Tornadus|Hurricane|p1a: Tornadus
|-damage|p1a: Tornadus|20/100
|move|p1a: Tornadus|U-turn|p2a: Tornadus
|-resisted|p2a: Tornadus
|-damage|p2a: Tornadus|90/100
|
|t:|1626286612
|switch|p1a: Zeraora|Zeraora|65/100|[from]move: U-turn
|
|upkeep
|turn|38
|
|t:|1626286621
|switch|p2a: Scizor|Scizor, F|69/100
|-damage|p2a: Scizor|56/100|[from] Stealth Rock
|-damage|p2a: Scizor|31/100|[from] Spikes
|move|p1a: Zeraora|Knock Off|p2a: Scizor
|-damage|p2a: Scizor|12/100
|
|upkeep
|turn|39
|j| Nend0
|
|t:|1626286624
|move|p2a: Scizor|Bullet Punch|p1a: Zeraora
|-resisted|p1a: Zeraora
|-damage|p1a: Zeraora|49/100
|move|p1a: Zeraora|Knock Off|p2a: Scizor
|-damage|p2a: Scizor|0 fnt
|faint|p2a: Scizor
|
|upkeep
|
|t:|1626286634
|switch|p2a: Quagsire|Quagsire, M|75/100 tox
|-damage|p2a: Quagsire|69/100 tox|[from] Stealth Rock
|-damage|p2a: Quagsire|44/100 tox|[from] Spikes
|turn|40
|
|t:|1626286644
|switch|p1a: Tornadus|Tornadus-Therian, M|53/100
|move|p2a: Quagsire|Recover|p2a: Quagsire
|-heal|p2a: Quagsire|94/100 tox
|
|-damage|p2a: Quagsire|88/100 tox|[from] psn
|upkeep
|turn|41
|
|t:|1626286648
|switch|p2a: Tornadus|Tornadus-Therian, M|100/100
|move|p1a: Tornadus|Hurricane|p2a: Tornadus
|-damage|p2a: Tornadus|50/100
|
|upkeep
|turn|42
|j| Serpi n_n
|
|t:|1626286655
|move|p2a: Tornadus|Hurricane|p1a: Tornadus
|-damage|p1a: Tornadus|0 fnt
|faint|p1a: Tornadus
|
|upkeep
|
|t:|1626286668
|switch|p1a: Weavile|Weavile, M|100/100
|-ability|p1a: Weavile|Pressure
|turn|43
|j| Crokstar
|l| Coronavirus EUW
|
|t:|1626286681
|move|p1a: Weavile|Ice Shard|p2a: Tornadus
|-supereffective|p2a: Tornadus
|-damage|p2a: Tornadus|0 fnt
|faint|p2a: Tornadus
|
|upkeep
|
|t:|1626286684
|switch|p2a: Skarmory|Skarmory, M|50/100
|-damage|p2a: Skarmory|38/100|[from] Stealth Rock
|turn|44
|l| Raballer
|
|t:|1626286702
|switch|p1a: Ferrothorn|Ferrothorn, F|100/100
|-damage|p1a: Ferrothorn|94/100|[from] Stealth Rock
|-damage|p1a: Ferrothorn|69/100|[from] Spikes
|move|p2a: Skarmory|Roost|p2a: Skarmory
|-heal|p2a: Skarmory|88/100
|-singleturn|p2a: Skarmory|move: Roost
|
|-heal|p1a: Ferrothorn|75/100|[from] item: Leftovers
|upkeep
|turn|45
|
|t:|1626286707
|move|p2a: Skarmory|Body Press|p1a: Ferrothorn
|-supereffective|p1a: Ferrothorn
|-damage|p1a: Ferrothorn|40/100
|-damage|p2a: Skarmory|75/100|[from] ability: Iron Barbs|[of] p1a: Ferrothorn
|move|p1a: Ferrothorn|Leech Seed|p2a: Skarmory
|-start|p2a: Skarmory|move: Leech Seed
|
|-heal|p1a: Ferrothorn|46/100|[from] item: Leftovers
|-damage|p2a: Skarmory|63/100|[from] Leech Seed|[of] p1a: Ferrothorn
|-heal|p1a: Ferrothorn|58/100|[silent]
|upkeep
|turn|46
|
|t:|1626286718
|switch|p2a: Toxapex|Toxapex, F|64/100
|-damage|p2a: Toxapex|39/100|[from] Spikes
|-damage|p2a: Toxapex|27/100|[from] Stealth Rock
|move|p1a: Ferrothorn|Body Press|p2a: Toxapex
|-resisted|p2a: Toxapex
|-damage|p2a: Toxapex|16/100
|
|-heal|p1a: Ferrothorn|64/100|[from] item: Leftovers
|upkeep
|turn|47
|
|t:|1626286725
|move|p2a: Toxapex|Recover|p2a: Toxapex
|-heal|p2a: Toxapex|66/100
|move|p1a: Ferrothorn|Leech Seed|p2a: Toxapex
|-start|p2a: Toxapex|move: Leech Seed
|
|-heal|p1a: Ferrothorn|70/100|[from] item: Leftovers
|-damage|p2a: Toxapex|54/100|[from] Leech Seed|[of] p1a: Ferrothorn
|-heal|p1a: Ferrothorn|81/100|[silent]
|upkeep
|turn|48
|j| Coronavirus EUW
|
|t:|1626286737
|switch|p1a: Landorus|Landorus-Therian, M|99/100
|-damage|p1a: Landorus|88/100|[from] Stealth Rock
|-ability|p1a: Landorus|Intimidate|boost
|-unboost|p2a: Toxapex|atk|1
|move|p2a: Toxapex|Knock Off|p1a: Landorus
|-damage|p1a: Landorus|78/100
|-enditem|p1a: Landorus|Leftovers|[from] move: Knock Off|[of] p2a: Toxapex
|
|-damage|p2a: Toxapex|41/100|[from] Leech Seed|[of] p1a: Landorus
|-heal|p1a: Landorus|88/100|[silent]
|upkeep
|turn|49
|l| LT82ZW ing
|
|t:|1626286744
|switch|p2a: Skarmory|Skarmory, M|63/100
|-damage|p2a: Skarmory|51/100|[from] Stealth Rock
|move|p1a: Landorus|U-turn|p2a: Skarmory
|-resisted|p2a: Skarmory
|-damage|p2a: Skarmory|48/100
|
|t:|1626286748
|switch|p1a: Zeraora|Zeraora|49/100|[from]move: U-turn
|
|upkeep
|turn|50
|
|t:|1626286751
|switch|p2a: Quagsire|Quagsire, M|88/100 tox
|-damage|p2a: Quagsire|63/100 tox|[from] Spikes
|-damage|p2a: Quagsire|57/100 tox|[from] Stealth Rock
|move|p1a: Zeraora|Plasma Fists|p2a: Quagsire
|-immune|p2a: Quagsire
|
|-damage|p2a: Quagsire|50/100 tox|[from] psn
|upkeep
|turn|51
|
|t:|1626286759
|switch|p1a: Landorus|Landorus-Therian, M|88/100
|-damage|p1a: Landorus|76/100|[from] Stealth Rock
|-ability|p1a: Landorus|Intimidate|boost
|-unboost|p2a: Quagsire|atk|1
|move|p2a: Quagsire|Recover|p2a: Quagsire
|-heal|p2a: Quagsire|100/100 tox
|
|-damage|p2a: Quagsire|88/100 tox|[from] psn
|upkeep
|turn|52
|l| LT82ZW Empo
|
|t:|1626286766
|move|p1a: Landorus|U-turn|p2a: Quagsire
|-damage|p2a: Quagsire|74/100 tox
|
|t:|1626286773
|switch|p1a: Toxapex|Toxapex, F|100/100|[from]move: U-turn
|-damage|p1a: Toxapex|88/100|[from] Stealth Rock
|-damage|p1a: Toxapex|63/100|[from] Spikes
|move|p2a: Quagsire|Scald|p1a: Toxapex
|-resisted|p1a: Toxapex
|-damage|p1a: Toxapex|57/100
|-status|p1a: Toxapex|brn
|
|-damage|p2a: Quagsire|55/100 tox|[from] psn
|-damage|p1a: Toxapex|51/100 brn|[from] brn
|upkeep
|turn|53
|l| Coronavirus EUW
|
|t:|1626286780
|move|p1a: Toxapex|Scald|p2a: Quagsire
|-damage|p2a: Quagsire|35/100 tox
|move|p2a: Quagsire|Recover|p2a: Quagsire
|-heal|p2a: Quagsire|85/100 tox
|
|-damage|p2a: Quagsire|60/100 tox|[from] psn
|-damage|p1a: Toxapex|45/100 brn|[from] brn
|upkeep
|turn|54
|
|t:|1626286788
|switch|p2a: Blissey|Blissey, F|82/100
|move|p1a: Toxapex|Scald|p2a: Blissey
|-damage|p2a: Blissey|75/100
|
|-damage|p1a: Toxapex|38/100 brn|[from] brn
|upkeep
|turn|55
|
|t:|1626286796
|switch|p1a: Weavile|Weavile, M|100/100
|-ability|p1a: Weavile|Pressure
|move|p2a: Blissey|Seismic Toss|p1a: Weavile
|-damage|p1a: Weavile|65/100
|
|upkeep
|turn|56
|
|t:|1626286802
|switch|p2a: Toxapex|Toxapex, F|75/100
|-damage|p2a: Toxapex|50/100|[from] Spikes
|-damage|p2a: Toxapex|37/100|[from] Stealth Rock
|move|p1a: Weavile|Swords Dance|p1a: Weavile
|-boost|p1a: Weavile|atk|2
|
|upkeep
|turn|57
|-message|LT82ZW 729 forfeited.
|
|win|not mb
|raw|not mb's rating: 1895 &rarr; <strong>1918</strong><br />(+23 for winning)
|raw|LT82ZW 729's rating: 1944 &rarr; <strong>1921</strong><br />(-23 for losing)
|l|☆LT82ZW 729
|l| LT82ZW Ming
|l| Serpi n_n
|l| RQWT3
|l| H.M.N.I.P
|j| leo568
|l|‽not mb
|l| LT82ZW Stall
|l| Avalunch
|l| Nend0
|j| LT53XY devin
|l| hailarctozolt
|l| leo568
|l| meme0267
|l| LT53XY devin
|l| dumbnose
||Ladder isn't responding, score probably updated but might not have (Request timeout).
|j| rult70r ylon
|j| HYper
|l| HYper
|l| rult70r ylon
|l| Crokstar
|j| Corpulent America
|l| LT82ZW SW
|l| LT82ZW Gray
|j| OU make me yawn
|l| NPC666
|l| Corpulent America
