|j|☆ultimategoogolplex
|j|☆Blacksponge
|t:|1667523534
|gametype|singles
|player|p1|ultimategoogolplex|2|1715
|player|p2|Blacksponge|lucas|1717
|teamsize|p1|6
|teamsize|p2|6
|gen|8
|tier|[Gen 8] OU
|rated|
|rule|Sleep Clause Mod: Limit one foe put to sleep
|rule|Species Clause: Limit one of each Pokémon
|rule|OHKO Clause: OHKO moves are banned
|rule|Evasion Items Clause: Evasion items are banned
|rule|Evasion Moves Clause: Evasion moves are banned
|rule|Endless Battle Clause: Forcing endless battles is banned
|rule|HP Percentage Mod: HP is shown in percentages
|rule|Dynamax Clause: You cannot dynamax
|clearpoke
|poke|p1|Weavile, F|
|poke|p1|Volcanion|
|poke|p1|Zapdos|
|poke|p1|Landorus-Therian, M|
|poke|p1|Kartana|
|poke|p1|Melmetal|
|poke|p2|Tyranitar, F|
|poke|p2|Dragapult, F|
|poke|p2|Heatran, F|
|poke|p2|Clefable, M|
|poke|p2|Tapu Koko|
|poke|p2|Victini|
|teampreview
|inactive|Battle timer is ON: inactive players will automatically lose when time's up. (requested by ultimategoogolplex)
|
|t:|1667523547
|start
|switch|p1a: Weavile|Weavile, F|100/100
|switch|p2a: Victini|Victini|100/100
|-ability|p1a: Weavile|Pressure
|turn|1
|
|t:|1667523553
|switch|p1a: Volcanion|Volcanion|100/100
|switch|p2a: Clefable|Clefable, M|100/100
|
|upkeep
|turn|2
|
|t:|1667523563
|switch|p2a: Dragapult|Dragapult, F|100/100
|move|p1a: Volcanion|Steam Eruption|p2a: Dragapult
|-resisted|p2a: Dragapult
|-damage|p2a: Dragapult|44/100
|
|upkeep
|turn|3
|
|t:|1667523566
|switch|p1a: Melmetal|Melmetal|100/100
|move|p2a: Dragapult|Dragon Darts|p1a: Melmetal
|-resisted|p1a: Melmetal
|-damage|p1a: Melmetal|88/100
|-anim|p2a: Dragapult|Dragon Darts|p1a: Melmetal
|-resisted|p1a: Melmetal
|-damage|p1a: Melmetal|76/100
|
|upkeep
|turn|4
|
|t:|1667523579
|switch|p2a: Victini|Victini|100/100
|move|p1a: Melmetal|Double Iron Bash|p2a: Victini
|-resisted|p2a: Victini
|-damage|p2a: Victini|79/100
|-resisted|p2a: Victini
|-damage|p2a: Victini|60/100
|-hitcount|p2a: Victini|2
|
|upkeep
|turn|5
|
|t:|1667523587
|switch|p1a: Landorus|Landorus-Therian, M|100/100
|-ability|p1a: Landorus|Intimidate|boost
|-unboost|p2a: Victini|atk|1
|move|p2a: Victini|V-create|p1a: Landorus
|-crit|p1a: Landorus
|-damage|p1a: Landorus|0 fnt
|-unboost|p2a: Victini|spe|1
|-unboost|p2a: Victini|def|1
|-unboost|p2a: Victini|spd|1
|faint|p1a: Landorus
|
|upkeep
|
|t:|1667523590
|switch|p1a: Volcanion|Volcanion|100/100
|turn|6
|
|t:|1667523598
|switch|p2a: Tapu Koko|Tapu Koko|100/100
|-fieldstart|move: Electric Terrain|[from] ability: Electric Surge|[of] p2a: Tapu Koko
|move|p1a: Volcanion|Steam Eruption|p2a: Tapu Koko|[miss]
|-miss|p1a: Volcanion|p2a: Tapu Koko
|
|upkeep
|turn|7
|
|t:|1667523603
|switch|p1a: Melmetal|Melmetal|76/100
|move|p2a: Tapu Koko|Thunderbolt|p1a: Melmetal
|-damage|p1a: Melmetal|48/100
|
|upkeep
|turn|8
|
|t:|1667523609
|move|p2a: Tapu Koko|Thunderbolt|p1a: Melmetal
|-damage|p1a: Melmetal|20/100
|move|p1a: Melmetal|Earthquake|p2a: Tapu Koko
|-supereffective|p2a: Tapu Koko
|-damage|p2a: Tapu Koko|0 fnt
|faint|p2a: Tapu Koko
|
|upkeep
|
|t:|1667523616
|switch|p2a: Victini|Victini|60/100
|turn|9
|
|t:|1667523619
|move|p2a: Victini|Bolt Strike|p1a: Melmetal
|-crit|p1a: Melmetal
|-damage|p1a: Melmetal|0 fnt
|faint|p1a: Melmetal
|
|upkeep
|
|t:|1667523623
|switch|p1a: Weavile|Weavile, F|100/100
|-ability|p1a: Weavile|Pressure
|turn|10
|
|t:|1667523630
|switch|p2a: Clefable|Clefable, M|100/100
|move|p1a: Weavile|Triple Axel|p2a: Clefable
|-damage|p2a: Clefable|88/100
|-damage|p2a: Clefable|64/100
|-damage|p2a: Clefable|30/100
|-hitcount|p2a: Clefable|3
|
|-heal|p2a: Clefable|36/100|[from] item: Leftovers
|-fieldend|move: Electric Terrain
|upkeep
|turn|11
|
|t:|1667523634
|switch|p1a: Volcanion|Volcanion|100/100
|switch|p2a: Heatran|Heatran, F|100/100
|
|upkeep
|turn|12
|
|t:|1667523647
|switch|p2a: Clefable|Clefable, M|36/100
|move|p1a: Volcanion|Steam Eruption|p2a: Clefable
|-damage|p2a: Clefable|0 fnt
|faint|p2a: Clefable
|
|upkeep
|j| Zombini62
|
|t:|1667523650
|switch|p2a: Victini|Victini|60/100
|turn|13
|
|t:|1667523661
|switch|p1a: Zapdos|Zapdos|100/100
|move|p2a: Victini|V-create|p1a: Zapdos
|-damage|p1a: Zapdos|0 fnt
|-unboost|p2a: Victini|spe|1
|-unboost|p2a: Victini|def|1
|-unboost|p2a: Victini|spd|1
|faint|p1a: Zapdos
|
|upkeep
|
|t:|1667523668
|switch|p1a: Volcanion|Volcanion|100/100
|turn|14
|
|t:|1667523678
|move|p1a: Volcanion|Steam Eruption|p2a: Victini
|-supereffective|p2a: Victini
|-damage|p2a: Victini|0 fnt
|faint|p2a: Victini
|
|upkeep
|
|t:|1667523685
|switch|p2a: Tyranitar|Tyranitar, F|100/100
|-weather|Sandstorm|[from] ability: Sand Stream|[of] p2a: Tyranitar
|turn|15
|
|t:|1667523689
|move|p1a: Volcanion|Steam Eruption|p2a: Tyranitar
|-supereffective|p2a: Tyranitar
|-damage|p2a: Tyranitar|0 fnt
|faint|p2a: Tyranitar
|
|-weather|Sandstorm|[upkeep]
|-damage|p1a: Volcanion|95/100|[from] Sandstorm
|upkeep
|
|t:|1667523694
|switch|p2a: Dragapult|Dragapult, F|44/100
|turn|16
|
|t:|1667523697
|switch|p1a: Kartana|Kartana|100/100
|move|p2a: Dragapult|Dragon Darts|p1a: Kartana
|-resisted|p1a: Kartana
|-damage|p1a: Kartana|77/100
|-anim|p2a: Dragapult|Dragon Darts|p1a: Kartana
|-resisted|p1a: Kartana
|-damage|p1a: Kartana|56/100
|
|-weather|Sandstorm|[upkeep]
|-damage|p2a: Dragapult|38/100|[from] Sandstorm
|upkeep
|turn|17
|
|t:|1667523702
|switch|p2a: Heatran|Heatran, F|100/100
|move|p1a: Kartana|Knock Off|p2a: Heatran
|-damage|p2a: Heatran|58/100
|-enditem|p2a: Heatran|Choice Scarf|[from] move: Knock Off|[of] p1a: Kartana
|
|-weather|Sandstorm|[upkeep]
|upkeep
|turn|18
|
|t:|1667523707
|switch|p1a: Volcanion|Volcanion|95/100
|switch|p2a: Dragapult|Dragapult, F|38/100
|
|-weather|Sandstorm|[upkeep]
|-damage|p2a: Dragapult|32/100|[from] Sandstorm
|-damage|p1a: Volcanion|89/100|[from] Sandstorm
|upkeep
|turn|19
|
|t:|1667523714
|switch|p1a: Kartana|Kartana|56/100
|move|p2a: Dragapult|Phantom Force||[still]
|-prepare|p2a: Dragapult|Phantom Force
|
|-weather|none
|upkeep
|turn|20
|
|t:|1667523719
|switch|p1a: Weavile|Weavile, F|100/100
|-ability|p1a: Weavile|Pressure
|move|p2a: Dragapult|Phantom Force|p1a: Weavile|[from]lockedmove
|-resisted|p1a: Weavile
|-damage|p1a: Weavile|37/100
|
|upkeep
|turn|21
|
|t:|1667523722
|switch|p2a: Heatran|Heatran, F|58/100
|move|p1a: Weavile|Ice Shard|p2a: Heatran
|-resisted|p2a: Heatran
|-damage|p2a: Heatran|51/100
|
|upkeep
|turn|22
|
|t:|1667523728
|switch|p1a: Volcanion|Volcanion|89/100
|move|p2a: Heatran|Earth Power|p1a: Volcanion
|-supereffective|p1a: Volcanion
|-damage|p1a: Volcanion|15/100
|-unboost|p1a: Volcanion|spd|1
|
|upkeep
|turn|23
|
|t:|1667523735
|move|p2a: Heatran|Earth Power|p1a: Volcanion
|-supereffective|p1a: Volcanion
|-damage|p1a: Volcanion|0 fnt
|faint|p1a: Volcanion
|
|upkeep
|j| CanUrepeat
|
|t:|1667523738
|switch|p1a: Weavile|Weavile, F|37/100
|-ability|p1a: Weavile|Pressure
|turn|24
|
|t:|1667523750
|move|p1a: Weavile|Knock Off|p2a: Heatran
|-damage|p2a: Heatran|0 fnt
|faint|p2a: Heatran
|
|upkeep
|
|t:|1667523753
|switch|p2a: Dragapult|Dragapult, F|32/100
|turn|25
|
|t:|1667523768
|switch|p1a: Kartana|Kartana|56/100
|move|p2a: Dragapult|Dragon Darts|p1a: Kartana
|-resisted|p1a: Kartana
|-damage|p1a: Kartana|36/100
|-anim|p2a: Dragapult|Dragon Darts|p1a: Kartana
|-resisted|p1a: Kartana
|-crit|p1a: Kartana
|-damage|p1a: Kartana|2/100
|
|upkeep
|turn|26
|
|t:|1667523771
|move|p1a: Kartana|Knock Off|p2a: Dragapult
|-supereffective|p2a: Dragapult
|-damage|p2a: Dragapult|0 fnt
|-enditem|p2a: Dragapult|Choice Band|[from] move: Knock Off|[of] p1a: Kartana
|faint|p2a: Dragapult
|
|win|ultimategoogolplex
|raw|ultimategoogolplex's rating: 1715 &rarr; <strong>1735</strong><br />(+20 for winning)
|raw|Blacksponge's rating: 1717 &rarr; <strong>1697</strong><br />(-20 for losing)
|l|☆Blacksponge
