|j|☆NSiskut
|j|☆ArcanineSquad
|t:|1604231948
|player|p1|NSiskut|clay|1335
|player|p2|ArcanineSquad|cynthia-gen4|1364
|teamsize|p1|6
|teamsize|p2|6
|gametype|singles
|gen|8
|tier|[Gen 8] OU
|rated|
|clearpoke
|poke|p1|Rillaboom, F|
|poke|p1|Urshifu-*, F|
|poke|p1|Landorus, M|
|poke|p1|Regieleki|
|poke|p1|Swampert, M|
|poke|p1|Glastrier|
|poke|p2|Glastrier|
|poke|p2|Clefable, F|
|poke|p2|Zygarde|
|poke|p2|Toxapex, F|
|poke|p2|Tornadus-Therian, M|
|poke|p2|Heatran, F|
|rule|Sleep Clause Mod: Limit one foe put to sleep
|rule|Species Clause: Limit one of each Pokémon
|rule|OHKO Clause: OHKO moves are banned
|rule|Evasion Moves Clause: Evasion moves are banned
|rule|Endless Battle Clause: Forcing endless battles is banned
|rule|HP Percentage Mod: HP is shown in percentages
|rule|Dynamax Clause: You cannot dynamax
|teampreview
|inactive|Battle timer is ON: inactive players will automatically lose when time's up. (requested by ArcanineSquad)
|
|t:|1604231962
|start
|switch|p1a: Swampert|Swampert, M|100/100
|switch|p2a: Clefable|Clefable, F, shiny|100/100
|turn|1
|
|t:|1604231973
|move|p2a: Clefable|Moonblast|p1a: Swampert
|-damage|p1a: Swampert|74/100
|-unboost|p1a: Swampert|spa|1
|move|p1a: Swampert|Stealth Rock|p2a: Clefable
|-sidestart|p2: ArcanineSquad|move: Stealth Rock
|
|-heal|p1a: Swampert|80/100|[from] item: Leftovers
|upkeep
|turn|2
|
|t:|1604231981
|move|p2a: Clefable|Moonblast|p1a: Swampert
|-damage|p1a: Swampert|53/100
|move|p1a: Swampert|Flip Turn|p2a: Clefable
|-damage|p2a: Clefable|83/100
|
|t:|1604232002
|switch|p1a: Rillaboom|Rillaboom, F|100/100|[from]move: Flip Turn
|-fieldstart|move: Grassy Terrain|[from] ability: Grassy Surge|[of] p1a: Rillaboom
|
|-heal|p2a: Clefable|89/100|[from] item: Leftovers
|-heal|p2a: Clefable|95/100|[from] Grassy Terrain
|upkeep
|turn|3
|
|t:|1604232017
|switch|p2a: Tornadus|Tornadus-Therian, M|100/100
|move|p1a: Rillaboom|U-turn|p2a: Tornadus
|-resisted|p2a: Tornadus
|-damage|p2a: Tornadus|76/100
|
|t:|1604232027
|switch|p1a: Regieleki|Regieleki|100/100|[from]move: U-turn
|
|upkeep
|turn|4
|inactive|NSiskut has 120 seconds left.
|
|t:|1604232042
|switch|p1a: Glastrier|Glastrier|100/100
|switch|p2a: Zygarde|Zygarde, shiny|100/100
|-damage|p2a: Zygarde|94/100|[from] Stealth Rock
|-ability|p2a: Zygarde|Aura Break
|
|-heal|p2a: Zygarde|100/100|[from] item: Leftovers
|upkeep
|turn|5
|
|t:|1604232056
|switch|p2a: Toxapex|Toxapex, F, shiny|100/100
|-damage|p2a: Toxapex|88/100|[from] Stealth Rock
|move|p1a: Glastrier|High Horsepower|p2a: Toxapex
|-supereffective|p2a: Toxapex
|-damage|p2a: Toxapex|4/100
|-damage|p1a: Glastrier|84/100|[from] item: Rocky Helmet|[of] p2a: Toxapex
|
|-heal|p2a: Toxapex|10/100|[from] Grassy Terrain
|-heal|p1a: Glastrier|90/100|[from] Grassy Terrain
|upkeep
|turn|6
|inactive|NSiskut has 120 seconds left.
|
|t:|1604232074
|switch|p2a: Tornadus|Tornadus-Therian, M|100/100
|switch|p1a: Regieleki|Regieleki|100/100
|
|-fieldend|move: Grassy Terrain
|upkeep
|turn|7
|
|t:|1604232081
|move|p1a: Regieleki|Thunderbolt|p2a: Tornadus
|-supereffective|p2a: Tornadus
|-damage|p2a: Tornadus|0 fnt
|faint|p2a: Tornadus
|
|upkeep
|-message|ArcanineSquad forfeited.
|
|win|NSiskut
|l|☆ArcanineSquad
|raw|NSiskut's rating: 1335 &rarr; <strong>1355</strong><br />(+20 for winning)
|raw|ArcanineSquad's rating: 1344 &rarr; <strong>1323</strong><br />(-21 for losing)
