|raw|<div class="broadcast-blue"><strong>This battle is required to be public due to a player having a name starting with 'lt93oq'.</div>
|j|‽BLOODCLAT
|j|☆LT93OQ Gray
|t:|1660936920
|gametype|singles
|player|p1|BLOODCLAT|hoopster|1893
|player|p2|LT93OQ Gray|266|1933
|teamsize|p1|6
|teamsize|p2|6
|gen|8
|tier|[Gen 8] OU
|rated|
|rule|Sleep Clause Mod: Limit one foe put to sleep
|rule|Species Clause: Limit one of each Pokémon
|rule|OHKO Clause: OHKO moves are banned
|rule|Evasion Items Clause: Evasion items are banned
|rule|Evasion Moves Clause: Evasion moves are banned
|rule|Endless Battle Clause: Forcing endless battles is banned
|rule|HP Percentage Mod: HP is shown in percentages
|rule|Dynamax Clause: You cannot dynamax
|clearpoke
|poke|p1|Ninetales-Alola, F|
|poke|p1|Landorus-Therian, M|
|poke|p1|Corviknight, M|
|poke|p1|Volcanion|
|poke|p1|Tornadus-Therian, M|
|poke|p1|Arctozolt|
|poke|p2|Dragapult, F|
|poke|p2|Heatran, F|
|poke|p2|Tapu Lele|
|poke|p2|Melmetal|
|poke|p2|Landorus-Therian, M|
|poke|p2|Tapu Fini|
|teampreview
|
|t:|1660936938
|start
|switch|p1a: Tornadus|Tornadus-Therian, M|100/100
|switch|p2a: Heatran|Heatran, F|100/100
|-item|p2a: Heatran|Air Balloon
|turn|1
|j| lt93oq 3d
|
|t:|1660936944
|move|p1a: Tornadus|U-turn|p2a: Heatran
|-resisted|p2a: Heatran
|-damage|p2a: Heatran|98/100
|-enditem|p2a: Heatran|Air Balloon
|
|t:|1660936946
|switch|p1a: Landorus|Landorus-Therian, M|100/100|[from]move: U-turn
|-ability|p1a: Landorus|Intimidate|boost
|-unboost|p2a: Heatran|atk|1
|move|p2a: Heatran|Stealth Rock|p1a: Landorus
|-sidestart|p1: BLOODCLAT|move: Stealth Rock
|
|upkeep
|turn|2
|j| LT93OQ SERPI
|
|t:|1660936948
|switch|p2a: Landorus|Landorus-Therian, M|100/100
|-ability|p2a: Landorus|Intimidate|boost
|-unboost|p1a: Landorus|atk|1
|move|p1a: Landorus|Defog|p2a: Landorus
|-unboost|p2a: Landorus|evasion|1
|-sideend|p1: BLOODCLAT|Stealth Rock|[from] move: Defog|[of] p1a: Landorus
|
|upkeep
|turn|3
|
|t:|1660936950
|move|p1a: Landorus|U-turn|p2a: Landorus
|-resisted|p2a: Landorus
|-damage|p2a: Landorus|93/100
|
|t:|1660936954
|switch|p1a: Corviknight|Corviknight, M|100/100|[from]move: U-turn
|-ability|p1a: Corviknight|Pressure
|move|p2a: Landorus|Stealth Rock|p1a: Corviknight
|-sidestart|p1: BLOODCLAT|move: Stealth Rock
|
|-heal|p2a: Landorus|99/100|[from] item: Leftovers
|upkeep
|turn|4
|j| Empo
|
|t:|1660936956
|move|p2a: Landorus|U-turn|p1a: Corviknight
|-resisted|p1a: Corviknight
|-damage|p1a: Corviknight|97/100
|-damage|p2a: Landorus|82/100|[from] item: Rocky Helmet|[of] p1a: Corviknight
|
|t:|1660936957
|switch|p2a: Heatran|Heatran, F|98/100|[from]move: U-turn
|move|p1a: Corviknight|Defog|p2a: Heatran
|-unboost|p2a: Heatran|evasion|1
|-sideend|p1: BLOODCLAT|Stealth Rock|[from] move: Defog|[of] p1a: Corviknight
|
|upkeep
|turn|5
|
|t:|1660936959
|switch|p1a: Volcanion|Volcanion|100/100
|move|p2a: Heatran|Stealth Rock|p1a: Volcanion
|-sidestart|p1: BLOODCLAT|move: Stealth Rock
|
|upkeep
|turn|6
|
|t:|1660936967
|switch|p2a: Dragapult|Dragapult, F|100/100
|move|p1a: Volcanion|Steam Eruption|p2a: Dragapult
|-resisted|p2a: Dragapult
|-damage|p2a: Dragapult|41/100
|
|upkeep
|turn|7
|j| LT93OQ im garbage
|
|t:|1660936973
|switch|p1a: Tornadus|Tornadus-Therian, M|100/100
|-damage|p1a: Tornadus|76/100|[from] Stealth Rock
|move|p2a: Dragapult|Shadow Ball|p1a: Tornadus
|-damage|p1a: Tornadus|41/100
|
|upkeep
|turn|8
|
|t:|1660936981
|switch|p2a: Landorus|Landorus-Therian, M|82/100
|-ability|p2a: Landorus|Intimidate|boost
|-unboost|p1a: Tornadus|atk|1
|move|p1a: Tornadus|U-turn|p2a: Landorus
|-resisted|p2a: Landorus
|-damage|p2a: Landorus|77/100
|
|t:|1660936983
|switch|p1a: Corviknight|Corviknight, M|97/100|[from]move: U-turn
|-damage|p1a: Corviknight|85/100|[from] Stealth Rock
|-ability|p1a: Corviknight|Pressure
|
|-heal|p2a: Landorus|83/100|[from] item: Leftovers
|upkeep
|turn|9
|
|t:|1660936986
|move|p2a: Landorus|U-turn|p1a: Corviknight
|-resisted|p1a: Corviknight
|-damage|p1a: Corviknight|81/100
|-damage|p2a: Landorus|67/100|[from] item: Rocky Helmet|[of] p1a: Corviknight
|
|t:|1660936987
|switch|p2a: Heatran|Heatran, F|98/100|[from]move: U-turn
|move|p1a: Corviknight|Defog|p2a: Heatran
|-unboost|p2a: Heatran|evasion|1
|-sideend|p1: BLOODCLAT|Stealth Rock|[from] move: Defog|[of] p1a: Corviknight
|
|upkeep
|turn|10
|
|t:|1660936990
|switch|p1a: Volcanion|Volcanion|100/100
|move|p2a: Heatran|Stealth Rock|p1a: Volcanion
|-sidestart|p1: BLOODCLAT|move: Stealth Rock
|
|upkeep
|turn|11
|j| LT93OQ ivyz
|
|t:|1660936991
|switch|p2a: Tapu Fini|Tapu Fini|100/100
|-fieldstart|move: Misty Terrain|[from] ability: Misty Surge|[of] p2a: Tapu Fini
|move|p1a: Volcanion|Steam Eruption|p2a: Tapu Fini
|-resisted|p2a: Tapu Fini
|-damage|p2a: Tapu Fini|57/100
|
|upkeep
|turn|12
|l| LT93OQ ivyz
|
|t:|1660936995
|move|p2a: Tapu Fini|Moonblast|p1a: Volcanion
|-resisted|p1a: Volcanion
|-damage|p1a: Volcanion|75/100
|move|p1a: Volcanion|Steam Eruption|p2a: Tapu Fini
|-resisted|p2a: Tapu Fini
|-damage|p2a: Tapu Fini|18/100
|
|upkeep
|turn|13
|
|t:|1660936997
|move|p2a: Tapu Fini|Moonblast|p1a: Volcanion
|-resisted|p1a: Volcanion
|-damage|p1a: Volcanion|51/100
|-unboost|p1a: Volcanion|spa|1
|move|p1a: Volcanion|Steam Eruption|p2a: Tapu Fini
|-resisted|p2a: Tapu Fini
|-damage|p2a: Tapu Fini|0 fnt
|faint|p2a: Tapu Fini
|
|upkeep
|
|t:|1660936998
|switch|p2a: Tapu Lele|Tapu Lele|100/100
|-fieldstart|move: Psychic Terrain|[from] ability: Psychic Surge|[of] p2a: Tapu Lele
|turn|14
|
|t:|1660937015
|switch|p1a: Tornadus|Tornadus-Therian, M|74/100
|-damage|p1a: Tornadus|49/100|[from] Stealth Rock
|move|p2a: Tapu Lele|Psychic|p1a: Tornadus
|-damage|p1a: Tornadus|0 fnt
|faint|p1a: Tornadus
|
|upkeep
|j| Lt93O Quetzalcoatl
|
|t:|1660937032
|switch|p1a: Ninetales|Ninetales-Alola, F|100/100
|-damage|p1a: Ninetales|76/100|[from] Stealth Rock
|-weather|Hail|[from] ability: Snow Warning|[of] p1a: Ninetales
|turn|15
|
|t:|1660937034
|move|p1a: Ninetales|Aurora Veil|p1a: Ninetales
|-sidestart|p1: BLOODCLAT|move: Aurora Veil
|move|p2a: Tapu Lele|Psychic|p1a: Ninetales
|-damage|p1a: Ninetales|27/100
|
|-weather|Hail|[upkeep]
|-damage|p2a: Tapu Lele|94/100|[from] Hail
|upkeep
|turn|16
|
|t:|1660937042
|switch|p1a: Corviknight|Corviknight, M|81/100
|-damage|p1a: Corviknight|69/100|[from] Stealth Rock
|-ability|p1a: Corviknight|Pressure
|move|p2a: Tapu Lele|Psychic|p1a: Corviknight
|-resisted|p1a: Corviknight
|-damage|p1a: Corviknight|45/100
|
|-weather|Hail|[upkeep]
|-damage|p2a: Tapu Lele|88/100|[from] Hail
|-damage|p1a: Corviknight|39/100|[from] Hail
|upkeep
|turn|17
|
|t:|1660937049
|switch|p2a: Dragapult|Dragapult, F|41/100
|move|p1a: Corviknight|Roost|p1a: Corviknight
|-heal|p1a: Corviknight|89/100
|-singleturn|p1a: Corviknight|move: Roost
|
|-weather|Hail|[upkeep]
|-damage|p2a: Dragapult|35/100|[from] Hail
|-damage|p1a: Corviknight|83/100|[from] Hail
|upkeep
|turn|18
|
|t:|1660937051
|move|p2a: Dragapult|Flamethrower|p1a: Corviknight
|-supereffective|p1a: Corviknight
|-damage|p1a: Corviknight|9/100
|move|p1a: Corviknight|U-turn|p2a: Dragapult
|-resisted|p2a: Dragapult
|-damage|p2a: Dragapult|25/100
|
|t:|1660937054
|switch|p1a: Arctozolt|Arctozolt|100/100|[from]move: U-turn
|-damage|p1a: Arctozolt|76/100|[from] Stealth Rock
|
|-weather|Hail|[upkeep]
|-damage|p2a: Dragapult|19/100|[from] Hail
|-heal|p1a: Arctozolt|82/100|[from] item: Leftovers
|-fieldend|move: Psychic Terrain
|upkeep
|turn|19
|
|t:|1660937069
|switch|p2a: Melmetal|Melmetal|100/100
|move|p1a: Arctozolt|Bolt Beak|p2a: Melmetal
|-damage|p2a: Melmetal|58/100
|
|-weather|Hail|[upkeep]
|-damage|p2a: Melmetal|52/100|[from] Hail
|-heal|p1a: Arctozolt|88/100|[from] item: Leftovers
|-heal|p2a: Melmetal|58/100|[from] item: Leftovers
|-sideend|p1: BLOODCLAT|move: Aurora Veil
|upkeep
|turn|20
|
|t:|1660937079
|switch|p1a: Corviknight|Corviknight, M|9/100
|-damage|p1a: Corviknight|0 fnt|[from] Stealth Rock
|faint|p1a: Corviknight
|move|p2a: Melmetal|Double Iron Bash|p1: Corviknight|[notarget]
|-fail|p2a: Melmetal
|
|-weather|Hail|[upkeep]
|-damage|p2a: Melmetal|52/100|[from] Hail
|-heal|p2a: Melmetal|58/100|[from] item: Leftovers
|upkeep
|
|t:|1660937080
|switch|p1a: Landorus|Landorus-Therian, M|100/100
|-damage|p1a: Landorus|88/100|[from] Stealth Rock
|-ability|p1a: Landorus|Intimidate|boost
|-unboost|p2a: Melmetal|atk|1
|turn|21
|j|+spoo
|
|t:|1660937090
|move|p2a: Melmetal|Protect|p2a: Melmetal
|-singleturn|p2a: Melmetal|Protect
|move|p1a: Landorus|Defog|p2a: Melmetal
|-activate|p2a: Melmetal|move: Protect
|
|-weather|Hail|[upkeep]
|-damage|p1a: Landorus|82/100|[from] Hail
|-damage|p2a: Melmetal|52/100|[from] Hail
|-heal|p1a: Landorus|88/100|[from] item: Leftovers
|-heal|p2a: Melmetal|58/100|[from] item: Leftovers
|upkeep
|turn|22
|
|t:|1660937097
|switch|p2a: Landorus|Landorus-Therian, M|67/100
|-ability|p2a: Landorus|Intimidate|boost
|-unboost|p1a: Landorus|atk|1
|move|p1a: Landorus|Toxic|p2a: Landorus|[miss]
|-miss|p1a: Landorus|p2a: Landorus
|
|-weather|none
|-heal|p1a: Landorus|94/100|[from] item: Leftovers
|-heal|p2a: Landorus|73/100|[from] item: Leftovers
|upkeep
|turn|23
|
|t:|1660937099
|move|p1a: Landorus|Toxic|p2a: Landorus
|-status|p2a: Landorus|tox
|move|p2a: Landorus|Toxic|p1a: Landorus
|-status|p1a: Landorus|tox
|
|-heal|p1a: Landorus|100/100 tox|[from] item: Leftovers
|-heal|p2a: Landorus|79/100 tox|[from] item: Leftovers
|-damage|p1a: Landorus|94/100 tox|[from] psn
|-damage|p2a: Landorus|73/100 tox|[from] psn
|upkeep
|turn|24
|
|t:|1660937103
|move|p1a: Landorus|Defog|p2a: Landorus
|-unboost|p2a: Landorus|evasion|1
|-sideend|p1: BLOODCLAT|Stealth Rock|[from] move: Defog|[of] p1a: Landorus
|move|p2a: Landorus|Stealth Rock|p1a: Landorus
|-sidestart|p1: BLOODCLAT|move: Stealth Rock
|
|-heal|p1a: Landorus|100/100 tox|[from] item: Leftovers
|-heal|p2a: Landorus|79/100 tox|[from] item: Leftovers
|-damage|p1a: Landorus|88/100 tox|[from] psn
|-damage|p2a: Landorus|67/100 tox|[from] psn
|upkeep
|turn|25
|
|t:|1660937106
|move|p1a: Landorus|Defog|p2a: Landorus
|-unboost|p2a: Landorus|evasion|1
|-sideend|p1: BLOODCLAT|Stealth Rock|[from] move: Defog|[of] p1a: Landorus
|move|p2a: Landorus|Stealth Rock|p1a: Landorus
|-sidestart|p1: BLOODCLAT|move: Stealth Rock
|
|-heal|p1a: Landorus|94/100 tox|[from] item: Leftovers
|-heal|p2a: Landorus|73/100 tox|[from] item: Leftovers
|-damage|p1a: Landorus|76/100 tox|[from] psn
|-damage|p2a: Landorus|55/100 tox|[from] psn
|upkeep
|turn|26
|
|t:|1660937112
|move|p1a: Landorus|U-turn|p2a: Landorus
|-resisted|p2a: Landorus
|-damage|p2a: Landorus|48/100 tox
|
|t:|1660937114
|switch|p1a: Ninetales|Ninetales-Alola, F|27/100|[from]move: U-turn
|-damage|p1a: Ninetales|3/100|[from] Stealth Rock
|-weather|Hail|[from] ability: Snow Warning|[of] p1a: Ninetales
|move|p2a: Landorus|Stealth Rock||[still]
|-fail|p2a: Landorus
|
|-weather|Hail|[upkeep]
|-damage|p2a: Landorus|42/100 tox|[from] Hail
|-heal|p2a: Landorus|48/100 tox|[from] item: Leftovers
|-damage|p2a: Landorus|24/100 tox|[from] psn
|upkeep
|turn|27
|
|t:|1660937120
|move|p1a: Ninetales|Aurora Veil|p1a: Ninetales
|-sidestart|p1: BLOODCLAT|move: Aurora Veil
|move|p2a: Landorus|U-turn|p1a: Ninetales
|-resisted|p1a: Ninetales
|-damage|p1a: Ninetales|0 fnt
|faint|p1a: Ninetales
|
|t:|1660937126
|switch|p2a: Melmetal|Melmetal|58/100|[from]move: U-turn
|
|-weather|Hail|[upkeep]
|-damage|p2a: Melmetal|52/100|[from] Hail
|-heal|p2a: Melmetal|58/100|[from] item: Leftovers
|upkeep
|
|t:|1660937128
|switch|p1a: Volcanion|Volcanion|51/100
|-damage|p1a: Volcanion|26/100|[from] Stealth Rock
|turn|28
|
|t:|1660937133
|switch|p2a: Landorus|Landorus-Therian, M|24/100 tox
|-ability|p2a: Landorus|Intimidate|boost
|-unboost|p1a: Volcanion|atk|1
|move|p1a: Volcanion|Steam Eruption|p2a: Landorus
|-supereffective|p2a: Landorus
|-damage|p2a: Landorus|0 fnt
|faint|p2a: Landorus
|
|-weather|Hail|[upkeep]
|-damage|p1a: Volcanion|20/100|[from] Hail
|upkeep
|
|t:|1660937140
|switch|p2a: Tapu Lele|Tapu Lele|88/100
|-fieldstart|move: Psychic Terrain|[from] ability: Psychic Surge|[of] p2a: Tapu Lele
|turn|29
|
|t:|1660937150
|move|p2a: Tapu Lele|Psychic|p1a: Volcanion
|-damage|p1a: Volcanion|0 fnt
|faint|p1a: Volcanion
|
|-weather|Hail|[upkeep]
|-damage|p2a: Tapu Lele|82/100|[from] Hail
|upkeep
|
|t:|1660937151
|switch|p1a: Arctozolt|Arctozolt|88/100
|-damage|p1a: Arctozolt|63/100|[from] Stealth Rock
|turn|30
|
|t:|1660937156
|move|p1a: Arctozolt|Bolt Beak|p2a: Tapu Lele
|-damage|p2a: Tapu Lele|0 fnt
|faint|p2a: Tapu Lele
|
|-weather|Hail|[upkeep]
|-heal|p1a: Arctozolt|69/100|[from] item: Leftovers
|upkeep
|
|t:|1660937158
|switch|p2a: Heatran|Heatran, F|98/100
|turn|31
|
|t:|1660937161
|move|p1a: Arctozolt|Bolt Beak|p2a: Heatran
|-damage|p2a: Heatran|47/100
|-status|p1a: Arctozolt|brn|[from] ability: Flame Body|[of] p2a: Heatran
|move|p2a: Heatran|Magma Storm|p1a: Arctozolt
|-supereffective|p1a: Arctozolt
|-damage|p1a: Arctozolt|12/100 brn
|-activate|p1a: Arctozolt|move: Magma Storm|[of] p2a: Heatran
|
|-weather|Hail|[upkeep]
|-damage|p2a: Heatran|41/100|[from] Hail
|-heal|p1a: Arctozolt|19/100 brn|[from] item: Leftovers
|-damage|p1a: Arctozolt|12/100 brn|[from] brn
|-damage|p1a: Arctozolt|0 fnt|[from] move: Magma Storm|[partiallytrapped]
|faint|p1a: Arctozolt
|-sideend|p1: BLOODCLAT|move: Aurora Veil
|upkeep
|
|t:|1660937164
|switch|p1a: Landorus|Landorus-Therian, M|76/100 tox
|-damage|p1a: Landorus|63/100 tox|[from] Stealth Rock
|-ability|p1a: Landorus|Intimidate|boost
|-unboost|p2a: Heatran|atk|1
|turn|32
|
|t:|1660937167
|move|p1a: Landorus|Earthquake|p2a: Heatran
|-supereffective|p2a: Heatran
|-damage|p2a: Heatran|0 fnt
|faint|p2a: Heatran
|
|-weather|Hail|[upkeep]
|-damage|p1a: Landorus|57/100 tox|[from] Hail
|-heal|p1a: Landorus|63/100 tox|[from] item: Leftovers
|-damage|p1a: Landorus|57/100 tox|[from] psn
|upkeep
|l|+spoo
|
|t:|1660937169
|switch|p2a: Melmetal|Melmetal|58/100
|turn|33
|
|t:|1660937171
|move|p2a: Melmetal|Protect|p2a: Melmetal
|-singleturn|p2a: Melmetal|Protect
|move|p1a: Landorus|Earthquake|p2a: Melmetal
|-activate|p2a: Melmetal|move: Protect
|
|-weather|none
|-heal|p1a: Landorus|63/100 tox|[from] item: Leftovers
|-heal|p2a: Melmetal|64/100|[from] item: Leftovers
|-damage|p1a: Landorus|51/100 tox|[from] psn
|-fieldend|move: Psychic Terrain
|upkeep
|turn|34
|
|t:|1660937176
|move|p2a: Melmetal|Protect||[still]
|-fail|p2a: Melmetal
|move|p1a: Landorus|Earthquake|p2a: Melmetal
|-supereffective|p2a: Melmetal
|-damage|p2a: Melmetal|1/100
|
|-heal|p1a: Landorus|57/100 tox|[from] item: Leftovers
|-heal|p2a: Melmetal|8/100|[from] item: Leftovers
|-damage|p1a: Landorus|39/100 tox|[from] psn
|upkeep
|turn|35
|inactive|Battle timer is ON: inactive players will automatically lose when time's up. (requested by LT93OQ Gray)
|
|t:|1660937209
|move|p2a: Melmetal|Protect|p2a: Melmetal
|-singleturn|p2a: Melmetal|Protect
|move|p1a: Landorus|Earthquake|p2a: Melmetal
|-activate|p2a: Melmetal|move: Protect
|
|-heal|p1a: Landorus|45/100 tox|[from] item: Leftovers
|-heal|p2a: Melmetal|14/100|[from] item: Leftovers
|-damage|p1a: Landorus|20/100 tox|[from] psn
|upkeep
|turn|36
|
|t:|1660937213
|move|p1a: Landorus|Earthquake|p2a: Melmetal
|-supereffective|p2a: Melmetal
|-damage|p2a: Melmetal|0 fnt
|faint|p2a: Melmetal
|
|-heal|p1a: Landorus|26/100 tox|[from] item: Leftovers
|-damage|p1a: Landorus|0 fnt|[from] psn
|faint|p1a: Landorus
|
|win|LT93OQ Gray
|upkeep
|raw|BLOODCLAT's rating: 1866 &rarr; <strong>1850</strong><br />(-16 for losing)
|raw|LT93OQ Gray's rating: 1933 &rarr; <strong>1949</strong><br />(+16 for winning)
|l|‽BLOODCLAT
|l|☆LT93OQ Gray
|l| lt93oq 3d
