|raw|<div class="broadcast-blue"><strong>This battle is required to be public due to a player having a name starting with 'lt91bb'.</div>
|j|☆lt91bb fakee
|j|☆Orangesavior
|t:|1659126418
|gametype|singles
|player|p1|lt91bb fakee|misty-masters|1739
|player|p2|Orangesavior|silver|1697
|teamsize|p1|6
|teamsize|p2|6
|gen|8
|tier|[Gen 8] OU
|rated|
|rule|Sleep Clause Mod: Limit one foe put to sleep
|rule|Species Clause: Limit one of each Pokémon
|rule|OHKO Clause: OHKO moves are banned
|rule|Evasion Moves Clause: Evasion moves are banned
|rule|Endless Battle Clause: Forcing endless battles is banned
|rule|HP Percentage Mod: HP is shown in percentages
|rule|Dynamax Clause: You cannot dynamax
|clearpoke
|poke|p1|Hippowdon, M|
|poke|p1|Tapu Fini|
|poke|p1|Ferrothorn, M|
|poke|p1|Heatran, M|
|poke|p1|Zapdos|
|poke|p1|Buzzwole|
|poke|p2|Pelipper, F|
|poke|p2|Barraskewda, F|
|poke|p2|Ferrothorn, F|
|poke|p2|Seismitoad, F|
|poke|p2|Tapu Koko|
|poke|p2|Tornadus-Therian, M|
|teampreview
|inactive|Battle timer is ON: inactive players will automatically lose when time's up. (requested by Orangesavior)
|
|t:|1659126428
|start
|switch|p1a: Zapdos|Zapdos, shiny|100/100
|switch|p2a: Speed Overdose|Tapu Koko|100/100
|-fieldstart|move: Electric Terrain|[from] ability: Electric Surge|[of] p2a: Speed Overdose
|-ability|p1a: Zapdos|Pressure
|turn|1
|
|t:|1659126432
|switch|p1a: Hippowdon|Hippowdon, M, shiny|100/100
|-weather|Sandstorm|[from] ability: Sand Stream|[of] p1a: Hippowdon
|move|p2a: Speed Overdose|Dazzling Gleam|p1a: Hippowdon
|-damage|p1a: Hippowdon|64/100
|
|-weather|Sandstorm|[upkeep]
|-damage|p2a: Speed Overdose|94/100|[from] Sandstorm
|-heal|p1a: Hippowdon|71/100|[from] item: Leftovers
|upkeep
|turn|2
|
|t:|1659126437
|switch|p2a: Big Gulp sponsor|Pelipper, F|100/100
|-weather|RainDance|[from] ability: Drizzle|[of] p2a: Big Gulp sponsor
|move|p1a: Hippowdon|Stealth Rock|p2a: Big Gulp sponsor
|-sidestart|p2: Orangesavior|move: Stealth Rock
|
|-weather|RainDance|[upkeep]
|-heal|p1a: Hippowdon|77/100|[from] item: Leftovers
|upkeep
|turn|3
|
|t:|1659126443
|switch|p1a: Ferrothorn|Ferrothorn, M, shiny|100/100
|move|p2a: Big Gulp sponsor|Defog|p1a: Ferrothorn
|-unboost|p1a: Ferrothorn|evasion|1
|-sideend|p2: Orangesavior|Stealth Rock|[from] move: Defog|[of] p2a: Big Gulp sponsor
|-fieldend|move: Electric Terrain
|
|-weather|RainDance|[upkeep]
|upkeep
|turn|4
|
|t:|1659126447
|switch|p2a: Hates rain|Ferrothorn, F|100/100
|move|p1a: Ferrothorn|Knock Off|p2a: Hates rain
|-damage|p2a: Hates rain|88/100
|-damage|p1a: Ferrothorn|88/100|[from] ability: Iron Barbs|[of] p2a: Hates rain
|-enditem|p2a: Hates rain|Leftovers|[from] move: Knock Off|[of] p1a: Ferrothorn
|
|-weather|RainDance|[upkeep]
|-heal|p1a: Ferrothorn|94/100|[from] item: Leftovers
|upkeep
|turn|5
|
|t:|1659126452
|switch|p1a: Zapdos|Zapdos, shiny|100/100
|-ability|p1a: Zapdos|Pressure
|move|p2a: Hates rain|Spikes|p1a: Zapdos
|-sidestart|p1: lt91bb fakee|Spikes
|
|-weather|RainDance|[upkeep]
|upkeep
|turn|6
|
|t:|1659126455
|switch|p2a: Agent ¥|Seismitoad, F, shiny|100/100
|move|p1a: Zapdos|Substitute|p1a: Zapdos
|-start|p1a: Zapdos|Substitute
|-damage|p1a: Zapdos|76/100
|
|-weather|RainDance|[upkeep]
|upkeep
|turn|7
|
|t:|1659126457
|move|p2a: Agent ¥|Weather Ball|p1a: Zapdos
|-end|p1a: Zapdos|Substitute
|-damage|p2a: Agent ¥|91/100|[from] item: Life Orb
|move|p1a: Zapdos|Hurricane|p2a: Agent ¥
|-damage|p2a: Agent ¥|16/100
|-start|p2a: Agent ¥|confusion
|
|-weather|RainDance|[upkeep]
|upkeep
|turn|8
|
|t:|1659126463
|switch|p1a: Ferrothorn|Ferrothorn, M, shiny|94/100
|-damage|p1a: Ferrothorn|82/100|[from] Spikes
|-activate|p2a: Agent ¥|confusion
|-damage|p2a: Agent ¥|7/100|[from] confusion
|
|-weather|RainDance|[upkeep]
|-heal|p1a: Ferrothorn|88/100|[from] item: Leftovers
|upkeep
|turn|9
|
|t:|1659126471
|-activate|p2a: Agent ¥|confusion
|move|p2a: Agent ¥|Earth Power|p1a: Ferrothorn
|-crit|p1a: Ferrothorn
|-damage|p1a: Ferrothorn|38/100
|-damage|p2a: Agent ¥|0 fnt|[from] item: Life Orb
|faint|p2a: Agent ¥
|move|p1a: Ferrothorn|Spikes|p2: Agent ¥
|-sidestart|p2: Orangesavior|Spikes
|
|-weather|none
|-heal|p1a: Ferrothorn|44/100|[from] item: Leftovers
|upkeep
|
|t:|1659126487
|switch|p2a: Hates rain|Ferrothorn, F|88/100
|-damage|p2a: Hates rain|76/100|[from] Spikes
|turn|10
|
|t:|1659126500
|switch|p1a: Zapdos|Zapdos, shiny|76/100
|-ability|p1a: Zapdos|Pressure
|move|p2a: Hates rain|Leech Seed|p1a: Zapdos
|-start|p1a: Zapdos|move: Leech Seed
|
|-damage|p1a: Zapdos|63/100|[from] Leech Seed|[of] p2a: Hates rain
|-heal|p2a: Hates rain|87/100|[silent]
|upkeep
|turn|11
|
|t:|1659126504
|move|p1a: Zapdos|Roost|p1a: Zapdos
|-heal|p1a: Zapdos|100/100
|-singleturn|p1a: Zapdos|move: Roost
|move|p2a: Hates rain|Knock Off|p1a: Zapdos
|-damage|p1a: Zapdos|73/100
|-enditem|p1a: Zapdos|Heavy-Duty Boots|[from] move: Knock Off|[of] p2a: Hates rain
|
|-damage|p1a: Zapdos|60/100|[from] Leech Seed|[of] p2a: Hates rain
|-heal|p2a: Hates rain|99/100|[silent]
|upkeep
|turn|12
|
|t:|1659126510
|switch|p2a: Big Gulp sponsor|Pelipper, F|100/100
|-weather|RainDance|[from] ability: Drizzle|[of] p2a: Big Gulp sponsor
|move|p1a: Zapdos|Roost|p1a: Zapdos
|-heal|p1a: Zapdos|100/100
|-singleturn|p1a: Zapdos|move: Roost
|
|-weather|RainDance|[upkeep]
|-damage|p1a: Zapdos|88/100|[from] Leech Seed|[of] p2a: Big Gulp sponsor
|upkeep
|turn|13
|
|t:|1659126515
|switch|p2a: Speed Overdose|Tapu Koko|94/100
|-damage|p2a: Speed Overdose|82/100|[from] Spikes
|-fieldstart|move: Electric Terrain|[from] ability: Electric Surge|[of] p2a: Speed Overdose
|move|p1a: Zapdos|Charge Beam|p2a: Speed Overdose
|-resisted|p2a: Speed Overdose
|-damage|p2a: Speed Overdose|62/100
|
|-weather|RainDance|[upkeep]
|-damage|p1a: Zapdos|76/100|[from] Leech Seed|[of] p2a: Speed Overdose
|-heal|p2a: Speed Overdose|77/100|[silent]
|upkeep
|turn|14
|
|t:|1659126518
|switch|p1a: Hippowdon|Hippowdon, M, shiny|77/100
|-damage|p1a: Hippowdon|64/100|[from] Spikes
|-weather|Sandstorm|[from] ability: Sand Stream|[of] p1a: Hippowdon
|move|p2a: Speed Overdose|Grass Knot|p1a: Hippowdon
|-supereffective|p1a: Hippowdon
|-damage|p1a: Hippowdon|0 fnt
|faint|p1a: Hippowdon
|
|-weather|Sandstorm|[upkeep]
|-damage|p2a: Speed Overdose|71/100|[from] Sandstorm
|upkeep
|
|t:|1659126521
|switch|p1a: Heatran|Heatran, M|100/100
|-damage|p1a: Heatran|88/100|[from] Spikes
|turn|15
|
|t:|1659126525
|switch|p2a: Big Gulp sponsor|Pelipper, F|100/100
|-weather|RainDance|[from] ability: Drizzle|[of] p2a: Big Gulp sponsor
|move|p1a: Heatran|Eruption|p2a: Big Gulp sponsor
|-resisted|p2a: Big Gulp sponsor
|-damage|p2a: Big Gulp sponsor|65/100
|
|-weather|RainDance|[upkeep]
|upkeep
|turn|16
|
|t:|1659126529
|switch|p1a: Zapdos|Zapdos, shiny|76/100
|-ability|p1a: Zapdos|Pressure
|move|p2a: Big Gulp sponsor|U-turn|p1a: Zapdos
|-resisted|p1a: Zapdos
|-damage|p1a: Zapdos|70/100
|
|t:|1659126532
|switch|p2a: One fish two fish|Barraskewda, F|100/100|[from]move: U-turn
|-damage|p2a: One fish two fish|88/100|[from] Spikes
|
|-weather|RainDance|[upkeep]
|upkeep
|turn|17
|
|t:|1659126539
|switch|p1a: Buzzwole|Buzzwole, shiny|100/100
|-damage|p1a: Buzzwole|88/100|[from] Spikes
|move|p2a: One fish two fish|Liquidation|p1a: Buzzwole
|-damage|p1a: Buzzwole|33/100
|-damage|p2a: One fish two fish|72/100|[from] item: Rocky Helmet|[of] p1a: Buzzwole
|
|-weather|RainDance|[upkeep]
|-fieldend|move: Electric Terrain
|upkeep
|turn|18
|
|t:|1659126544
|move|p2a: One fish two fish|Liquidation|p1a: Buzzwole
|-damage|p1a: Buzzwole|0 fnt
|-damage|p2a: One fish two fish|56/100|[from] item: Rocky Helmet|[of] p1a: Buzzwole
|faint|p1a: Buzzwole
|
|-weather|RainDance|[upkeep]
|upkeep
|
|t:|1659126546
|switch|p1a: Ferrothorn|Ferrothorn, M, shiny|44/100
|-damage|p1a: Ferrothorn|32/100|[from] Spikes
|turn|19
|
|t:|1659126550
|switch|p2a: Hates rain|Ferrothorn, F|99/100
|-damage|p2a: Hates rain|86/100|[from] Spikes
|move|p1a: Ferrothorn|Spikes|p2a: Hates rain
|-sidestart|p2: Orangesavior|Spikes
|
|-weather|RainDance|[upkeep]
|-heal|p1a: Ferrothorn|38/100|[from] item: Leftovers
|upkeep
|turn|20
|
|t:|1659126554
|move|p1a: Ferrothorn|Spikes|p2a: Hates rain
|-sidestart|p2: Orangesavior|Spikes
|move|p2a: Hates rain|Leech Seed|p1a: Ferrothorn
|-immune|p1a: Ferrothorn
|
|-weather|RainDance|[upkeep]
|-heal|p1a: Ferrothorn|44/100|[from] item: Leftovers
|upkeep
|turn|21
|
|t:|1659126557
|switch|p1a: Zapdos|Zapdos, shiny|70/100
|-ability|p1a: Zapdos|Pressure
|move|p2a: Hates rain|Leech Seed|p1a: Zapdos
|-start|p1a: Zapdos|move: Leech Seed
|
|-weather|RainDance|[upkeep]
|-damage|p1a: Zapdos|58/100|[from] Leech Seed|[of] p2a: Hates rain
|-heal|p2a: Hates rain|97/100|[silent]
|upkeep
|turn|22
|
|t:|1659126562
|switch|p1a: Tapu Fini|Tapu Fini, shiny|100/100
|-damage|p1a: Tapu Fini|88/100|[from] Spikes
|-fieldstart|move: Misty Terrain|[from] ability: Misty Surge|[of] p1a: Tapu Fini
|move|p2a: Hates rain|Spikes|p1a: Tapu Fini
|-sidestart|p1: lt91bb fakee|Spikes
|
|-weather|none
|upkeep
|turn|23
|
|t:|1659126566
|switch|p1a: Zapdos|Zapdos, shiny|58/100
|-ability|p1a: Zapdos|Pressure
|move|p2a: Hates rain|Leech Seed|p1a: Zapdos
|-start|p1a: Zapdos|move: Leech Seed
|
|-damage|p1a: Zapdos|45/100|[from] Leech Seed|[of] p2a: Hates rain
|-heal|p2a: Hates rain|100/100|[silent]
|upkeep
|turn|24
|
|t:|1659126569
|switch|p2a: Big Gulp sponsor|Pelipper, F|65/100
|-weather|RainDance|[from] ability: Drizzle|[of] p2a: Big Gulp sponsor
|move|p1a: Zapdos|Roost|p1a: Zapdos
|-heal|p1a: Zapdos|96/100
|-singleturn|p1a: Zapdos|move: Roost
|
|-weather|RainDance|[upkeep]
|-damage|p1a: Zapdos|83/100|[from] Leech Seed|[of] p2a: Big Gulp sponsor
|-heal|p2a: Big Gulp sponsor|77/100|[silent]
|upkeep
|turn|25
|
|t:|1659126583
|switch|p1a: Tapu Fini|Tapu Fini, shiny|88/100
|-damage|p1a: Tapu Fini|72/100|[from] Spikes
|switch|p2a: Lando Black sheep|Tornadus-Therian, M|100/100
|
|-weather|RainDance|[upkeep]
|upkeep
|turn|26
|
|t:|1659126589
|switch|p1a: Heatran|Heatran, M|88/100
|-damage|p1a: Heatran|72/100|[from] Spikes
|move|p2a: Lando Black sheep|Knock Off|p1a: Heatran
|-damage|p1a: Heatran|52/100
|-enditem|p1a: Heatran|Choice Specs|[from] move: Knock Off|[of] p2a: Lando Black sheep
|
|-weather|RainDance|[upkeep]
|-fieldend|Misty Terrain
|upkeep
|turn|27
|
|t:|1659126608
|move|p2a: Lando Black sheep|Defog|p1a: Heatran
|-unboost|p1a: Heatran|evasion|1
|-sideend|p1: lt91bb fakee|Spikes|[from] move: Defog|[of] p2a: Lando Black sheep
|-sideend|p2: Orangesavior|Spikes|[from] move: Defog|[of] p2a: Lando Black sheep
|move|p1a: Heatran|Flash Cannon|p2a: Lando Black sheep
|-damage|p2a: Lando Black sheep|51/100
|
|-weather|RainDance|[upkeep]
|upkeep
|turn|28
|
|t:|1659126620
|move|p2a: Lando Black sheep|U-turn|p1a: Heatran
|-resisted|p1a: Heatran
|-damage|p1a: Heatran|49/100
|
|t:|1659126623
|switch|p2a: Big Gulp sponsor|Pelipper, F|77/100|[from]move: U-turn
|move|p1a: Heatran|Flamethrower|p2a: Big Gulp sponsor
|-resisted|p2a: Big Gulp sponsor
|-damage|p2a: Big Gulp sponsor|62/100
|
|-weather|RainDance|[upkeep]
|upkeep
|turn|29
|
|t:|1659126626
|switch|p1a: Zapdos|Zapdos, shiny|83/100
|-ability|p1a: Zapdos|Pressure
|move|p2a: Big Gulp sponsor|U-turn|p1a: Zapdos
|-resisted|p1a: Zapdos
|-damage|p1a: Zapdos|78/100
|
|t:|1659126629
|switch|p2a: One fish two fish|Barraskewda, F|56/100|[from]move: U-turn
|
|-weather|RainDance|[upkeep]
|upkeep
|turn|30
|
|t:|1659126633
|switch|p1a: Heatran|Heatran, M|49/100
|move|p2a: One fish two fish|Liquidation|p1a: Heatran
|-supereffective|p1a: Heatran
|-damage|p1a: Heatran|0 fnt
|faint|p1a: Heatran
|
|-weather|RainDance|[upkeep]
|upkeep
|
|t:|1659126635
|switch|p1a: Ferrothorn|Ferrothorn, M, shiny|44/100
|turn|31
|
|t:|1659126640
|move|p2a: One fish two fish|Liquidation|p1a: Ferrothorn
|-resisted|p1a: Ferrothorn
|-damage|p1a: Ferrothorn|3/100
|-damage|p2a: One fish two fish|43/100|[from] ability: Iron Barbs|[of] p1a: Ferrothorn
|move|p1a: Ferrothorn|Spikes|p2a: One fish two fish
|-sidestart|p2: Orangesavior|Spikes
|
|-weather|none
|-heal|p1a: Ferrothorn|9/100|[from] item: Leftovers
|upkeep
|turn|32
|
|t:|1659126646
|switch|p1a: Tapu Fini|Tapu Fini, shiny|72/100
|-fieldstart|move: Misty Terrain|[from] ability: Misty Surge|[of] p1a: Tapu Fini
|move|p2a: One fish two fish|Liquidation|p1a: Tapu Fini
|-resisted|p1a: Tapu Fini
|-damage|p1a: Tapu Fini|38/100
|
|upkeep
|turn|33
|
|t:|1659126651
|switch|p2a: Hates rain|Ferrothorn, F|100/100
|-damage|p2a: Hates rain|88/100|[from] Spikes
|move|p1a: Tapu Fini|Moonblast|p2a: Hates rain
|-resisted|p2a: Hates rain
|-damage|p2a: Hates rain|74/100
|-unboost|p2a: Hates rain|spa|1
|
|upkeep
|turn|34
|
|t:|1659126654
|switch|p1a: Ferrothorn|Ferrothorn, M, shiny|9/100
|move|p2a: Hates rain|Spikes|p1a: Ferrothorn
|-sidestart|p1: lt91bb fakee|Spikes
|
|-heal|p1a: Ferrothorn|15/100|[from] item: Leftovers
|upkeep
|turn|35
|
|t:|1659126659
|move|p1a: Ferrothorn|Spikes|p2a: Hates rain
|-sidestart|p2: Orangesavior|Spikes
|move|p2a: Hates rain|Knock Off|p1a: Ferrothorn
|-damage|p1a: Ferrothorn|0 fnt
|-damage|p2a: Hates rain|61/100|[from] ability: Iron Barbs|[of] p1a: Ferrothorn
|-enditem|p1a: Ferrothorn|Leftovers|[from] move: Knock Off|[of] p2a: Hates rain
|faint|p1a: Ferrothorn
|
|upkeep
|
|t:|1659126660
|switch|p1a: Zapdos|Zapdos, shiny|78/100
|-ability|p1a: Zapdos|Pressure
|turn|36
|
|t:|1659126664
|switch|p2a: Big Gulp sponsor|Pelipper, F|62/100
|-weather|RainDance|[from] ability: Drizzle|[of] p2a: Big Gulp sponsor
|move|p1a: Zapdos|Substitute|p1a: Zapdos
|-start|p1a: Zapdos|Substitute
|-damage|p1a: Zapdos|53/100
|
|-weather|RainDance|[upkeep]
|-fieldend|Misty Terrain
|upkeep
|turn|37
|
|t:|1659126671
|switch|p2a: Lando Black sheep|Tornadus-Therian, M|84/100
|move|p1a: Zapdos|Charge Beam|p2a: Lando Black sheep
|-supereffective|p2a: Lando Black sheep
|-damage|p2a: Lando Black sheep|26/100
|-boost|p1a: Zapdos|spa|1
|
|-weather|RainDance|[upkeep]
|upkeep
|turn|38
|
|t:|1659126674
|move|p2a: Lando Black sheep|Hurricane|p1a: Zapdos
|-resisted|p1a: Zapdos
|-activate|p1a: Zapdos|move: Substitute|[damage]
|move|p1a: Zapdos|Roost|p1a: Zapdos
|-heal|p1a: Zapdos|100/100
|-singleturn|p1a: Zapdos|move: Roost
|
|-weather|RainDance|[upkeep]
|upkeep
|turn|39
|
|t:|1659126680
|move|p2a: Lando Black sheep|Hurricane|p1a: Zapdos
|-resisted|p1a: Zapdos
|-end|p1a: Zapdos|Substitute
|move|p1a: Zapdos|Substitute|p1a: Zapdos
|-start|p1a: Zapdos|Substitute
|-damage|p1a: Zapdos|76/100
|
|-weather|RainDance|[upkeep]
|upkeep
|turn|40
|
|t:|1659126686
|move|p2a: Lando Black sheep|Hurricane|p1a: Zapdos
|-resisted|p1a: Zapdos
|-activate|p1a: Zapdos|move: Substitute|[damage]
|move|p1a: Zapdos|Hurricane|p2a: Lando Black sheep
|-damage|p2a: Lando Black sheep|0 fnt
|faint|p2a: Lando Black sheep
|
|-weather|RainDance|[upkeep]
|upkeep
|
|t:|1659126690
|switch|p2a: One fish two fish|Barraskewda, F|43/100
|-damage|p2a: One fish two fish|27/100|[from] Spikes
|turn|41
|
|t:|1659126698
|move|p2a: One fish two fish|Liquidation|p1a: Zapdos
|-end|p1a: Zapdos|Substitute
|move|p1a: Zapdos|Hurricane|p2a: One fish two fish
|-damage|p2a: One fish two fish|0 fnt
|faint|p2a: One fish two fish
|
|-weather|RainDance|[upkeep]
|upkeep
|
|t:|1659126701
|switch|p2a: Speed Overdose|Tapu Koko|71/100
|-damage|p2a: Speed Overdose|54/100|[from] Spikes
|-fieldstart|move: Electric Terrain|[from] ability: Electric Surge|[of] p2a: Speed Overdose
|turn|42
|
|t:|1659126706
|move|p2a: Speed Overdose|Thunder|p1a: Zapdos
|-damage|p1a: Zapdos|0 fnt
|faint|p1a: Zapdos
|
|-weather|RainDance|[upkeep]
|upkeep
|
|t:|1659126708
|switch|p1a: Tapu Fini|Tapu Fini, shiny|38/100
|-damage|p1a: Tapu Fini|26/100|[from] Spikes
|-fieldstart|move: Misty Terrain|[from] ability: Misty Surge|[of] p1a: Tapu Fini
|turn|43
|
|t:|1659126712
|move|p1a: Tapu Fini|Surf|p2a: Speed Overdose
|-damage|p2a: Speed Overdose|0 fnt
|faint|p2a: Speed Overdose
|
|-weather|none
|upkeep
|
|t:|1659126714
|switch|p2a: Hates rain|Ferrothorn, F|61/100
|-damage|p2a: Hates rain|45/100|[from] Spikes
|turn|44
|
|t:|1659126716
|move|p1a: Tapu Fini|Surf|p2a: Hates rain
|-resisted|p2a: Hates rain
|-damage|p2a: Hates rain|31/100
|move|p2a: Hates rain|Gyro Ball|p1a: Tapu Fini
|-damage|p1a: Tapu Fini|0 fnt
|faint|p1a: Tapu Fini
|
|win|Orangesavior
|raw|lt91bb fakee's rating: 1739 &rarr; <strong>1717</strong><br />(-22 for losing)
|raw|Orangesavior's rating: 1697 &rarr; <strong>1719</strong><br />(+22 for winning)
|l|☆lt91bb fakee
|c|☆Orangesavior|Gg
