|html|<div class="broadcast-blue"><strong>[Gen 8] OU is currently suspecting Melmetal! For information on how to participate check out the <a href="https://www.smogon.com/forums/threads/np-ss-ou-suspect-process-round-12-monster-mash.3709234/">suspect thread</a>.</strong></div>
|j|☆sansmateriel
|j|☆Delibird Heart
|t:|1666695363
|gametype|singles
|player|p1|sansmateriel|ltsurge|1440
|player|p2|Delibird Heart|guitarist-gen4|1518
|teamsize|p1|6
|teamsize|p2|6
|gen|8
|tier|[Gen 8] OU
|rated|
|rule|Sleep Clause Mod: Limit one foe put to sleep
|rule|Species Clause: Limit one of each Pokémon
|rule|OHKO Clause: OHKO moves are banned
|rule|Evasion Items Clause: Evasion items are banned
|rule|Evasion Moves Clause: Evasion moves are banned
|rule|Endless Battle Clause: Forcing endless battles is banned
|rule|HP Percentage Mod: HP is shown in percentages
|rule|Dynamax Clause: You cannot dynamax
|clearpoke
|poke|p1|Slowking-Galar, M|
|poke|p1|Corviknight, F|
|poke|p1|Landorus-Therian, M|
|poke|p1|Zeraora|
|poke|p1|Volcarona, F|
|poke|p1|Weavile, M|
|poke|p2|Ninetales-Alola, F|
|poke|p2|Arctozolt|
|poke|p2|Blissey, F|
|poke|p2|Zapdos|
|poke|p2|Garchomp, F|
|poke|p2|Ferrothorn, M|
|teampreview
|inactive|Battle timer is ON: inactive players will automatically lose when time's up. (requested by Delibird Heart)
|inactive|sansmateriel has 120 seconds left.
|
|t:|1666695395
|start
|switch|p1a: Slowking|Slowking-Galar, M|100/100
|switch|p2a: Garchomp|Garchomp, F|100/100
|turn|1
|
|t:|1666695404
|switch|p1a: Landorus|Landorus-Therian, M|100/100
|-ability|p1a: Landorus|Intimidate|boost
|-unboost|p2a: Garchomp|atk|1
|move|p2a: Garchomp|Stealth Rock|p1a: Landorus
|-sidestart|p1: sansmateriel|move: Stealth Rock
|
|upkeep
|turn|2
|
|t:|1666695409
|move|p2a: Garchomp|Toxic|p1a: Landorus
|-status|p1a: Landorus|tox
|move|p1a: Landorus|Stealth Rock|p2a: Garchomp
|-sidestart|p2: Delibird Heart|move: Stealth Rock
|
|-damage|p1a: Landorus|94/100 tox|[from] psn
|upkeep
|turn|3
|
|t:|1666695415
|switch|p2a: Ferrothorn|Ferrothorn, M|100/100
|-damage|p2a: Ferrothorn|95/100|[from] Stealth Rock
|move|p1a: Landorus|U-turn|p2a: Ferrothorn
|-crit|p2a: Ferrothorn
|-damage|p2a: Ferrothorn|75/100
|-damage|p1a: Landorus|82/100 tox|[from] ability: Iron Barbs|[of] p2a: Ferrothorn
|
|t:|1666695422
|switch|p1a: Volcarona|Volcarona, F|100/100|[from]move: U-turn
|
|-heal|p2a: Ferrothorn|81/100|[from] item: Leftovers
|upkeep
|turn|4
|
|t:|1666695430
|switch|p1a: Zeraora|Zeraora|100/100
|switch|p2a: Blissey|Blissey, F|100/100
|
|upkeep
|turn|5
|
|t:|1666695437
|switch|p2a: Garchomp|Garchomp, F|100/100
|-damage|p2a: Garchomp|94/100|[from] Stealth Rock
|move|p1a: Zeraora|Knock Off|p2a: Garchomp
|-damage|p2a: Garchomp|74/100
|-damage|p1a: Zeraora|88/100|[from] ability: Rough Skin|[of] p2a: Garchomp
|-damage|p1a: Zeraora|72/100|[from] item: Rocky Helmet|[of] p2a: Garchomp
|-enditem|p2a: Garchomp|Rocky Helmet|[from] move: Knock Off|[of] p1a: Zeraora
|
|upkeep
|turn|6
|
|t:|1666695449
|switch|p1a: Corviknight|Corviknight, F|100/100
|-damage|p1a: Corviknight|88/100|[from] Stealth Rock
|-ability|p1a: Corviknight|Pressure
|switch|p2a: Ferrothorn|Ferrothorn, M|81/100
|-damage|p2a: Ferrothorn|75/100|[from] Stealth Rock
|
|-heal|p2a: Ferrothorn|81/100|[from] item: Leftovers
|upkeep
|turn|7
|
|t:|1666695457
|move|p1a: Corviknight|U-turn|p2a: Ferrothorn
|-damage|p2a: Ferrothorn|72/100
|-damage|p1a: Corviknight|75/100|[from] ability: Iron Barbs|[of] p2a: Ferrothorn
|
|t:|1666695461
|switch|p1a: Volcarona|Volcarona, F|100/100|[from]move: U-turn
|move|p2a: Ferrothorn|Knock Off|p1a: Volcarona
|-damage|p1a: Volcarona|68/100
|-enditem|p1a: Volcarona|Heavy-Duty Boots|[from] move: Knock Off|[of] p2a: Ferrothorn
|
|-heal|p2a: Ferrothorn|78/100|[from] item: Leftovers
|upkeep
|turn|8
|
|t:|1666695469
|switch|p2a: Blissey|Blissey, F|100/100
|move|p1a: Volcarona|Flamethrower|p2a: Blissey
|-damage|p2a: Blissey|82/100
|
|upkeep
|turn|9
|
|t:|1666695479
|move|p1a: Volcarona|Quiver Dance|p1a: Volcarona
|-boost|p1a: Volcarona|spa|1
|-boost|p1a: Volcarona|spd|1
|-boost|p1a: Volcarona|spe|1
|move|p2a: Blissey|Teleport|p2a: Blissey
|
|t:|1666695488
|switch|p2a: Garchomp|Garchomp, F|74/100|[from]move: Teleport
|-damage|p2a: Garchomp|68/100|[from] Stealth Rock
|
|upkeep
|turn|10
|
|t:|1666695496
|switch|p2a: Blissey|Blissey, F|82/100
|move|p1a: Volcarona|Bug Buzz|p2a: Blissey
|-damage|p2a: Blissey|56/100
|-unboost|p2a: Blissey|spd|1
|
|upkeep
|turn|11
|
|t:|1666695509
|move|p1a: Volcarona|Bug Buzz|p2a: Blissey
|-damage|p2a: Blissey|14/100
|move|p2a: Blissey|Soft-Boiled|p2a: Blissey
|-heal|p2a: Blissey|64/100
|
|upkeep
|turn|12
|
|t:|1666695534
|switch|p2a: Zapdos|Zapdos|100/100
|move|p1a: Volcarona|Bug Buzz|p2a: Zapdos
|-resisted|p2a: Zapdos
|-crit|p2a: Zapdos
|-damage|p2a: Zapdos|48/100
|
|upkeep
|turn|13
|
|t:|1666695542
|move|p1a: Volcarona|Flamethrower|p2a: Zapdos
|-damage|p2a: Zapdos|0 fnt
|faint|p2a: Zapdos
|
|upkeep
|
|t:|1666695543
|switch|p2a: Blissey|Blissey, F|64/100
|turn|14
|
|t:|1666695548
|move|p1a: Volcarona|Quiver Dance|p1a: Volcarona
|-boost|p1a: Volcarona|spa|1
|-boost|p1a: Volcarona|spd|1
|-boost|p1a: Volcarona|spe|1
|move|p2a: Blissey|Toxic|p1a: Volcarona|[miss]
|-miss|p2a: Blissey|p1a: Volcarona
|
|upkeep
|turn|15
|
|t:|1666695553
|move|p1a: Volcarona|Bug Buzz|p2a: Blissey
|-damage|p2a: Blissey|26/100
|move|p2a: Blissey|Soft-Boiled|p2a: Blissey
|-heal|p2a: Blissey|76/100
|
|upkeep
|turn|16
|
|t:|1666695558
|move|p1a: Volcarona|Bug Buzz|p2a: Blissey
|-crit|p2a: Blissey
|-damage|p2a: Blissey|28/100
|move|p2a: Blissey|Soft-Boiled|p2a: Blissey
|-heal|p2a: Blissey|78/100
|
|upkeep
|turn|17
|
|t:|1666695564
|move|p1a: Volcarona|Bug Buzz|p2a: Blissey
|-damage|p2a: Blissey|41/100
|move|p2a: Blissey|Soft-Boiled|p2a: Blissey
|-heal|p2a: Blissey|91/100
|
|upkeep
|turn|18
|
|t:|1666695571
|move|p1a: Volcarona|Bug Buzz|p2a: Blissey
|-crit|p2a: Blissey
|-damage|p2a: Blissey|36/100
|move|p2a: Blissey|Toxic|p1a: Volcarona
|-status|p1a: Volcarona|tox
|
|-damage|p1a: Volcarona|62/100 tox|[from] psn
|upkeep
|turn|19
|c|☆Delibird Heart|nah 50 crits per second
|c|☆Delibird Heart|go actually hang urself
|-message|Delibird Heart forfeited.
|
|win|sansmateriel
|raw|sansmateriel's rating: 1440 &rarr; <strong>1464</strong><br />(+24 for winning)
|raw|Delibird Heart's rating: 1518 &rarr; <strong>1494</strong><br />(-24 for losing)
|l|☆Delibird Heart
||Ladder isn't responding, score probably updated but might not have (Request timeout).
