|j|‽minimax_ai
|j|☆Mamaw31180
|t:|1667650048
|gametype|singles
|player|p1|minimax_ai|169|1629
|player|p2|Mamaw31180|lucas|1753
|teamsize|p1|6
|teamsize|p2|6
|gen|8
|tier|[Gen 8] OU
|rated|
|rule|Sleep Clause Mod: Limit one foe put to sleep
|rule|Species Clause: Limit one of each Pokémon
|rule|OHKO Clause: OHKO moves are banned
|rule|Evasion Items Clause: Evasion items are banned
|rule|Evasion Moves Clause: Evasion moves are banned
|rule|Endless Battle Clause: Forcing endless battles is banned
|rule|HP Percentage Mod: HP is shown in percentages
|rule|Dynamax Clause: You cannot dynamax
|clearpoke
|poke|p1|Rotom-Wash|
|poke|p1|Weavile, F|
|poke|p1|Landorus-Therian, M|
|poke|p1|Heatran, M|
|poke|p1|Tangrowth, M|
|poke|p1|Melmetal|
|poke|p2|Kartana|
|poke|p2|Blacephalon|
|poke|p2|Landorus-Therian, M|
|poke|p2|Slowbro, F|
|poke|p2|Zapdos|
|poke|p2|Tyranitar, M|
|teampreview
|inactive|Battle timer is ON: inactive players will automatically lose when time's up. (requested by minimax_ai)
|
|t:|1667650056
|start
|switch|p1a: Melmetal|Melmetal|100/100
|switch|p2a: Slowbro|Slowbro, F|100/100
|turn|1
|
|t:|1667650062
|switch|p1a: Rotom|Rotom-Wash|100/100
|move|p2a: Slowbro|Body Press|p1a: Rotom
|-damage|p1a: Rotom|74/100
|
|-heal|p1a: Rotom|80/100|[from] item: Leftovers
|upkeep
|turn|2
|
|t:|1667650065
|move|p1a: Rotom|Hydro Pump|p2a: Slowbro
|-resisted|p2a: Slowbro
|-damage|p2a: Slowbro|76/100
|move|p2a: Slowbro|Teleport|p2a: Slowbro
|
|t:|1667650070
|switch|p2a: Kartana|Kartana|100/100|[from]move: Teleport
|
|-heal|p1a: Rotom|87/100|[from] item: Leftovers
|upkeep
|turn|3
|
|t:|1667650075
|switch|p2a: Blacephalon|Blacephalon|100/100
|switch|p1a: Tangrowth|Tangrowth, M|100/100
|
|upkeep
|turn|4
|
|t:|1667650081
|switch|p1a: Landorus|Landorus-Therian, M|100/100
|-ability|p1a: Landorus|Intimidate|boost
|-unboost|p2a: Blacephalon|atk|1
|move|p2a: Blacephalon|Shadow Ball|p1a: Landorus
|-damage|p1a: Landorus|52/100
|
|-heal|p1a: Landorus|59/100|[from] item: Leftovers
|upkeep
|turn|5
|inactive|Mamaw31180 has 120 seconds left.
|inactive|Mamaw31180 has 90 seconds left.
|
|t:|1667650143
|switch|p2a: Slowbro|Slowbro, F|100/100
|switch|p1a: Melmetal|Melmetal|100/100
|
|upkeep
|turn|6
|
|t:|1667650146
|move|p1a: Melmetal|Double Iron Bash|p2a: Slowbro
|-resisted|p2a: Slowbro
|-damage|p2a: Slowbro|88/100
|-resisted|p2a: Slowbro
|-damage|p2a: Slowbro|75/100
|-hitcount|p2a: Slowbro|2
|move|p2a: Slowbro|Teleport|p2a: Slowbro
|
|t:|1667650150
|switch|p2a: Blacephalon|Blacephalon|100/100|[from]move: Teleport
|
|upkeep
|turn|7
|
|t:|1667650152
|switch|p1a: Rotom|Rotom-Wash|87/100
|move|p2a: Blacephalon|Overheat|p1a: Rotom
|-resisted|p1a: Rotom
|-damage|p1a: Rotom|24/100
|-unboost|p2a: Blacephalon|spa|2
|
|-heal|p1a: Rotom|30/100|[from] item: Leftovers
|upkeep
|turn|8
|inactive|Mamaw31180 has 120 seconds left.
|
|t:|1667650157
|switch|p1a: Heatran|Heatran, M|100/100
|-item|p1a: Heatran|Air Balloon
|move|p2a: Blacephalon|Overheat|p1a: Heatran
|-start|p1a: Heatran|ability: Flash Fire
|
|upkeep
|turn|9
|
|t:|1667650160
|switch|p2a: Tyranitar|Tyranitar, M|100/100
|-weather|Sandstorm|[from] ability: Sand Stream|[of] p2a: Tyranitar
|move|p1a: Heatran|Stealth Rock|p2a: Tyranitar
|-sidestart|p2: Mamaw31180|move: Stealth Rock
|
|-weather|Sandstorm|[upkeep]
|upkeep
|turn|10
|
|t:|1667650172
|-end|p1a: Heatran|ability: Flash Fire|[silent]
|switch|p1a: Tangrowth|Tangrowth, M|100/100
|move|p2a: Tyranitar|Stone Edge|p1a: Tangrowth
|-damage|p1a: Tangrowth|55/100
|
|-weather|Sandstorm|[upkeep]
|-damage|p1a: Tangrowth|49/100|[from] Sandstorm
|upkeep
|turn|11
|
|t:|1667650176
|switch|p2a: Zapdos|Zapdos|100/100
|move|p1a: Tangrowth|Giga Drain|p2a: Zapdos
|-resisted|p2a: Zapdos
|-damage|p2a: Zapdos|87/100
|-heal|p1a: Tangrowth|55/100|[from] drain|[of] p2a: Zapdos
|
|-weather|Sandstorm|[upkeep]
|-damage|p2a: Zapdos|81/100|[from] Sandstorm
|-damage|p1a: Tangrowth|49/100|[from] Sandstorm
|upkeep
|turn|12
|
|t:|1667650179
|switch|p1a: Landorus|Landorus-Therian, M|59/100
|-ability|p1a: Landorus|Intimidate|boost
|-unboost|p2a: Zapdos|atk|1
|move|p2a: Zapdos|Defog|p1a: Landorus
|-unboost|p1a: Landorus|evasion|1
|-sideend|p2: Mamaw31180|Stealth Rock|[from] move: Defog|[of] p2a: Zapdos
|
|-weather|Sandstorm|[upkeep]
|-damage|p2a: Zapdos|75/100|[from] Sandstorm
|-heal|p1a: Landorus|65/100|[from] item: Leftovers
|upkeep
|turn|13
|
|t:|1667650185
|switch|p2a: Tyranitar|Tyranitar, M|100/100
|move|p1a: Landorus|U-turn|p2a: Tyranitar
|-supereffective|p2a: Tyranitar
|-damage|p2a: Tyranitar|62/100
|
|t:|1667650185
|switch|p1a: Melmetal|Melmetal|100/100|[from]move: U-turn
|
|-weather|none
|upkeep
|turn|14
|
|t:|1667650190
|switch|p2a: Zapdos|Zapdos|75/100
|move|p1a: Melmetal|Double Iron Bash|p2a: Zapdos
|-resisted|p2a: Zapdos
|-damage|p2a: Zapdos|60/100
|-resisted|p2a: Zapdos
|-damage|p2a: Zapdos|43/100
|-status|p1a: Melmetal|par|[from] ability: Static|[of] p2a: Zapdos
|-hitcount|p2a: Zapdos|2
|
|upkeep
|turn|15
|
|t:|1667650193
|move|p2a: Zapdos|Roost|p2a: Zapdos
|-heal|p2a: Zapdos|93/100
|-singleturn|p2a: Zapdos|move: Roost
|cant|p1a: Melmetal|par
|
|upkeep
|turn|16
|
|t:|1667650197
|switch|p2a: Slowbro|Slowbro, F|100/100
|cant|p1a: Melmetal|par
|
|upkeep
|turn|17
|
|t:|1667650199
|move|p1a: Melmetal|Thunder Punch|p2a: Slowbro
|-supereffective|p2a: Slowbro
|-damage|p2a: Slowbro|63/100
|move|p2a: Slowbro|Teleport|p2a: Slowbro
|
|t:|1667650202
|switch|p2a: Blacephalon|Blacephalon|100/100|[from]move: Teleport
|
|upkeep
|turn|18
|
|t:|1667650207
|switch|p1a: Landorus|Landorus-Therian, M|65/100
|-ability|p1a: Landorus|Intimidate|boost
|-unboost|p2a: Blacephalon|atk|1
|move|p2a: Blacephalon|Overheat|p1a: Landorus
|-damage|p1a: Landorus|0 fnt
|-unboost|p2a: Blacephalon|spa|2
|faint|p1a: Landorus
|-ability|p2a: Blacephalon|Beast Boost|boost
|-boost|p2a: Blacephalon|spa|1
|
|upkeep
|
|t:|1667650207
|switch|p1a: Weavile|Weavile, F|100/100
|-ability|p1a: Weavile|Pressure
|turn|19
|
|t:|1667650211
|switch|p2a: Slowbro|Slowbro, F|97/100
|move|p1a: Weavile|Knock Off|p2a: Slowbro
|-supereffective|p2a: Slowbro
|-enditem|p2a: Slowbro|Colbur Berry|[eat]
|-enditem|p2a: Slowbro|Colbur Berry|[weaken]
|-damage|p2a: Slowbro|52/100
|
|upkeep
|turn|20
|
|t:|1667650218
|switch|p2a: Tyranitar|Tyranitar, M|62/100
|-weather|Sandstorm|[from] ability: Sand Stream|[of] p2a: Tyranitar
|move|p1a: Weavile|Knock Off|p2a: Tyranitar
|-resisted|p2a: Tyranitar
|-damage|p2a: Tyranitar|27/100
|-enditem|p2a: Tyranitar|Choice Band|[from] move: Knock Off|[of] p1a: Weavile
|
|-weather|Sandstorm|[upkeep]
|-damage|p1a: Weavile|94/100|[from] Sandstorm
|upkeep
|turn|21
|
|t:|1667650225
|switch|p1a: Tangrowth|Tangrowth, M|82/100
|move|p2a: Tyranitar|Stone Edge|p1a: Tangrowth
|-crit|p1a: Tangrowth
|-damage|p1a: Tangrowth|37/100
|
|-weather|Sandstorm|[upkeep]
|-damage|p1a: Tangrowth|31/100|[from] Sandstorm
|upkeep
|turn|22
|
|t:|1667650229
|switch|p1a: Melmetal|Melmetal|100/100 par
|move|p2a: Tyranitar|Stone Edge|p1a: Melmetal
|-resisted|p1a: Melmetal
|-damage|p1a: Melmetal|85/100 par
|
|-weather|Sandstorm|[upkeep]
|upkeep
|turn|23
|
|t:|1667650235
|move|p2a: Tyranitar|Fire Punch|p1a: Melmetal
|-supereffective|p1a: Melmetal
|-damage|p1a: Melmetal|50/100 par
|move|p1a: Melmetal|Double Iron Bash|p2a: Tyranitar
|-supereffective|p2a: Tyranitar
|-damage|p2a: Tyranitar|0 fnt
|faint|p2a: Tyranitar
|-hitcount|p2: Tyranitar|1
|
|-weather|Sandstorm|[upkeep]
|upkeep
|
|t:|1667650243
|switch|p2a: Landorus|Landorus-Therian, M|100/100
|-ability|p2a: Landorus|Intimidate|boost
|-unboost|p1a: Melmetal|atk|1
|turn|24
|
|t:|1667650249
|switch|p1a: Tangrowth|Tangrowth, M|64/100
|move|p2a: Landorus|U-turn|p1a: Tangrowth
|-supereffective|p1a: Tangrowth
|-damage|p1a: Tangrowth|41/100
|-damage|p2a: Landorus|84/100|[from] item: Rocky Helmet|[of] p1a: Tangrowth
|
|t:|1667650251
|switch|p2a: Blacephalon|Blacephalon|100/100|[from]move: U-turn
|
|-weather|none
|upkeep
|turn|25
|
|t:|1667650253
|switch|p1a: Melmetal|Melmetal|50/100 par
|move|p2a: Blacephalon|Shadow Ball|p1a: Melmetal
|-damage|p1a: Melmetal|15/100 par
|
|upkeep
|turn|26
|
|t:|1667650256
|switch|p1a: Weavile|Weavile, F|94/100
|-ability|p1a: Weavile|Pressure
|move|p2a: Blacephalon|Shadow Ball|p1a: Weavile
|-resisted|p1a: Weavile
|-damage|p1a: Weavile|48/100
|
|upkeep
|turn|27
|
|t:|1667650260
|switch|p2a: Slowbro|Slowbro, F|86/100
|move|p1a: Weavile|Knock Off|p2a: Slowbro
|-supereffective|p2a: Slowbro
|-damage|p2a: Slowbro|30/100
|
|upkeep
|turn|28
|
|t:|1667650275
|move|p1a: Weavile|Knock Off|p2a: Slowbro
|-supereffective|p2a: Slowbro
|-damage|p2a: Slowbro|0 fnt
|faint|p2a: Slowbro
|
|upkeep
|
|t:|1667650278
|switch|p2a: Landorus|Landorus-Therian, M|84/100
|-ability|p2a: Landorus|Intimidate|boost
|-unboost|p1a: Weavile|atk|1
|turn|29
|
|t:|1667650280
|switch|p1a: Heatran|Heatran, M|100/100
|-item|p1a: Heatran|Air Balloon
|move|p2a: Landorus|U-turn|p1a: Heatran
|-resisted|p1a: Heatran
|-damage|p1a: Heatran|96/100
|-enditem|p1a: Heatran|Air Balloon
|
|t:|1667650284
|switch|p2a: Zapdos|Zapdos|93/100|[from]move: U-turn
|
|upkeep
|turn|30
|
|t:|1667650285
|move|p1a: Heatran|Magma Storm|p2a: Zapdos|[miss]
|-miss|p1a: Heatran|p2a: Zapdos
|move|p2a: Zapdos|Volt Switch|p1a: Heatran
|-damage|p1a: Heatran|65/100
|
|t:|1667650288
|switch|p2a: Landorus|Landorus-Therian, M|84/100|[from]move: Volt Switch
|-ability|p2a: Landorus|Intimidate|boost
|-unboost|p1a: Heatran|atk|1
|
|-heal|p2a: Landorus|90/100|[from] item: Leftovers
|upkeep
|turn|31
|
|t:|1667650291
|switch|p1a: Tangrowth|Tangrowth, M|74/100
|move|p2a: Landorus|Stealth Rock|p1a: Tangrowth
|-sidestart|p1: minimax_ai|move: Stealth Rock
|
|-heal|p2a: Landorus|96/100|[from] item: Leftovers
|upkeep
|turn|32
|
|t:|1667650294
|move|p2a: Landorus|U-turn|p1a: Tangrowth
|-supereffective|p1a: Tangrowth
|-damage|p1a: Tangrowth|51/100
|-damage|p2a: Landorus|80/100|[from] item: Rocky Helmet|[of] p1a: Tangrowth
|
|t:|1667650298
|switch|p2a: Zapdos|Zapdos|93/100|[from]move: U-turn
|move|p1a: Tangrowth|Sleep Powder|p2a: Zapdos
|-status|p2a: Zapdos|slp|[from] move: Sleep Powder
|
|upkeep
|turn|33
|
|t:|1667650302
|switch|p2a: Landorus|Landorus-Therian, M|80/100
|-ability|p2a: Landorus|Intimidate|boost
|-unboost|p1a: Tangrowth|atk|1
|move|p1a: Tangrowth|Giga Drain|p2a: Landorus
|-damage|p2a: Landorus|60/100
|-heal|p1a: Tangrowth|60/100|[from] drain|[of] p2a: Landorus
|
|-heal|p2a: Landorus|66/100|[from] item: Leftovers
|upkeep
|turn|34
|
|t:|1667650304
|move|p2a: Landorus|Knock Off|p1a: Tangrowth
|-damage|p1a: Tangrowth|45/100
|-damage|p2a: Landorus|49/100|[from] item: Rocky Helmet|[of] p1a: Tangrowth
|-enditem|p1a: Tangrowth|Rocky Helmet|[from] move: Knock Off|[of] p2a: Landorus
|move|p1a: Tangrowth|Giga Drain|p2a: Landorus
|-damage|p2a: Landorus|28/100
|-heal|p1a: Tangrowth|55/100|[from] drain|[of] p2a: Landorus
|
|-heal|p2a: Landorus|34/100|[from] item: Leftovers
|upkeep
|turn|35
|
|t:|1667650307
|move|p2a: Landorus|U-turn|p1a: Tangrowth
|-supereffective|p1a: Tangrowth
|-damage|p1a: Tangrowth|34/100
|
|t:|1667650309
|switch|p2a: Zapdos|Zapdos|93/100 slp|[from]move: U-turn
|move|p1a: Tangrowth|Giga Drain|p2a: Zapdos
|-resisted|p2a: Zapdos
|-damage|p2a: Zapdos|79/100 slp
|-heal|p1a: Tangrowth|41/100|[from] drain|[of] p2a: Zapdos
|
|upkeep
|turn|36
|
|t:|1667650312
|cant|p2a: Zapdos|slp
|move|p1a: Tangrowth|Giga Drain|p2a: Zapdos
|-resisted|p2a: Zapdos
|-damage|p2a: Zapdos|66/100 slp
|-heal|p1a: Tangrowth|47/100|[from] drain|[of] p2a: Zapdos
|
|upkeep
|turn|37
|
|t:|1667650316
|-curestatus|p2a: Zapdos|slp|[msg]
|move|p2a: Zapdos|Volt Switch|p1a: Tangrowth
|-resisted|p1a: Tangrowth
|-damage|p1a: Tangrowth|26/100
|
|t:|1667650318
|switch|p2a: Landorus|Landorus-Therian, M|34/100|[from]move: Volt Switch
|-ability|p2a: Landorus|Intimidate|boost
|-unboost|p1a: Tangrowth|atk|1
|move|p1a: Tangrowth|Giga Drain|p2a: Landorus
|-damage|p2a: Landorus|14/100
|-heal|p1a: Tangrowth|35/100|[from] drain|[of] p2a: Landorus
|
|-heal|p2a: Landorus|20/100|[from] item: Leftovers
|upkeep
|turn|38
|
|t:|1667650320
|move|p2a: Landorus|U-turn|p1a: Tangrowth
|-supereffective|p1a: Tangrowth
|-damage|p1a: Tangrowth|10/100
|
|t:|1667650324
|switch|p2a: Zapdos|Zapdos|66/100|[from]move: U-turn
|move|p1a: Tangrowth|Sleep Powder|p2a: Zapdos
|-status|p2a: Zapdos|slp|[from] move: Sleep Powder
|
|upkeep
|turn|39
|
|t:|1667650331
|switch|p2a: Landorus|Landorus-Therian, M|20/100
|-ability|p2a: Landorus|Intimidate|boost
|-unboost|p1a: Tangrowth|atk|1
|move|p1a: Tangrowth|Giga Drain|p2a: Landorus
|-damage|p2a: Landorus|0 fnt
|-heal|p1a: Tangrowth|19/100|[from] drain|[of] p2a: Landorus
|faint|p2a: Landorus
|
|upkeep
|
|t:|1667650340
|switch|p2a: Blacephalon|Blacephalon|100/100
|turn|40
|
|t:|1667650342
|switch|p1a: Melmetal|Melmetal|15/100 par
|-damage|p1a: Melmetal|8/100 par|[from] Stealth Rock
|move|p2a: Blacephalon|Shadow Ball|p1a: Melmetal
|-damage|p1a: Melmetal|0 fnt
|faint|p1a: Melmetal
|-ability|p2a: Blacephalon|Beast Boost|boost
|-boost|p2a: Blacephalon|spa|1
|
|upkeep
|
|t:|1667650342
|switch|p1a: Weavile|Weavile, F|48/100
|-damage|p1a: Weavile|23/100|[from] Stealth Rock
|-ability|p1a: Weavile|Pressure
|turn|41
|
|t:|1667650345
|move|p1a: Weavile|Knock Off|p2a: Blacephalon
|-supereffective|p2a: Blacephalon
|-damage|p2a: Blacephalon|0 fnt
|-enditem|p2a: Blacephalon|Choice Specs|[from] move: Knock Off|[of] p1a: Weavile
|faint|p2a: Blacephalon
|
|upkeep
|
|t:|1667650347
|switch|p2a: Kartana|Kartana|100/100
|turn|42
|
|t:|1667650349
|move|p2a: Kartana|Sacred Sword|p1a: Weavile
|-supereffective|p1a: Weavile
|-damage|p1a: Weavile|0 fnt
|faint|p1a: Weavile
|-ability|p2a: Kartana|Beast Boost|boost
|-boost|p2a: Kartana|atk|1
|
|upkeep
|
|t:|1667650349
|switch|p1a: Tangrowth|Tangrowth, M|52/100
|-damage|p1a: Tangrowth|40/100|[from] Stealth Rock
|turn|43
|
|t:|1667650354
|move|p2a: Kartana|Sacred Sword|p1a: Tangrowth
|-damage|p1a: Tangrowth|7/100
|move|p1a: Tangrowth|Focus Blast|p2a: Kartana
|-supereffective|p2a: Kartana
|-damage|p2a: Kartana|0 fnt
|faint|p2a: Kartana
|
|upkeep
|-message|Mamaw31180 forfeited.
|
|win|minimax_ai
|raw|minimax_ai's rating: 1629 &rarr; <strong>1656</strong><br />(+27 for winning)
|raw|Mamaw31180's rating: 1753 &rarr; <strong>1726</strong><br />(-27 for losing)
|l|☆Mamaw31180
