|j|☆ldailey19
|j|☆baigu3
|t:|1663306567
|gametype|singles
|player|p1|ldailey19|lance|1552
|player|p2|baigu3|266|1618
|teamsize|p1|6
|teamsize|p2|6
|gen|8
|tier|[Gen 8] OU
|rated|
|rule|Sleep Clause Mod: Limit one foe put to sleep
|rule|Species Clause: Limit one of each Pokémon
|rule|OHKO Clause: OHKO moves are banned
|rule|Evasion Items Clause: Evasion items are banned
|rule|Evasion Moves Clause: Evasion moves are banned
|rule|Endless Battle Clause: Forcing endless battles is banned
|rule|HP Percentage Mod: HP is shown in percentages
|rule|Dynamax Clause: You cannot dynamax
|clearpoke
|poke|p1|Magnezone|
|poke|p1|Weavile, M|
|poke|p1|Urshifu-*, F|
|poke|p1|Heatran, M|
|poke|p1|Landorus-Therian, M|
|poke|p1|Dragapult, M|
|poke|p2|Pelipper, M|
|poke|p2|Ferrothorn, F|
|poke|p2|Zapdos|
|poke|p2|Barraskewda, M|
|poke|p2|Volcanion|
|poke|p2|Seismitoad, F|
|teampreview
|inactive|Battle timer is ON: inactive players will automatically lose when time's up. (requested by ldailey19)
|inactive|ldailey19 has 120 seconds left.
|inactive|ldailey19 has 90 seconds left.
|
|t:|1663306642
|start
|switch|p1a: Urshifu|Urshifu-Rapid-Strike, F|100/100
|switch|p2a: Pelipper|Pelipper, M|100/100
|-weather|RainDance|[from] ability: Drizzle|[of] p2a: Pelipper
|turn|1
|
|t:|1663306656
|switch|p2a: Zapdos|Zapdos|100/100
|move|p1a: Urshifu|Thunder Punch|p2a: Zapdos
|-damage|p2a: Zapdos|83/100
|
|-weather|RainDance|[upkeep]
|upkeep
|turn|2
|
|t:|1663306677
|move|p1a: Urshifu|Surging Strikes|p2a: Zapdos
|-crit|p2a: Zapdos
|-damage|p2a: Zapdos|61/100
|-crit|p2a: Zapdos
|-damage|p2a: Zapdos|40/100
|-crit|p2a: Zapdos
|-damage|p2a: Zapdos|18/100
|-hitcount|p2a: Zapdos|3
|move|p2a: Zapdos|U-turn|p1a: Urshifu
|-resisted|p1a: Urshifu
|-damage|p1a: Urshifu|94/100
|
|t:|1663306687
|switch|p2a: Volcanion|Volcanion|100/100|[from]move: U-turn
|
|-weather|RainDance|[upkeep]
|upkeep
|turn|3
|inactive|ldailey19 has 120 seconds left.
|
|t:|1663306736
|switch|p1a: Dragapult|Dragapult, M, shiny|100/100
|move|p2a: Volcanion|Steam Eruption|p1a: Dragapult
|-resisted|p1a: Dragapult
|-enditem|p1a: Dragapult|Focus Sash
|-damage|p1a: Dragapult|1/100
|-status|p1a: Dragapult|brn
|
|-weather|RainDance|[upkeep]
|-damage|p1a: Dragapult|0 fnt|[from] brn
|faint|p1a: Dragapult
|upkeep
|inactive|ldailey19 has 90 seconds left.
|
|t:|1663306755
|switch|p1a: Magnezone|Magnezone, shiny|100/100
|turn|4
|
|t:|1663306759
|switch|p2a: Seismitoad|Seismitoad, F|100/100
|move|p1a: Magnezone|Volt Switch|p2a: Seismitoad
|-immune|p2a: Seismitoad
|
|-weather|RainDance|[upkeep]
|upkeep
|turn|5
|
|t:|1663306772
|switch|p1a: Landorus|Landorus-Therian, M|100/100
|-ability|p1a: Landorus|Intimidate|boost
|-unboost|p2a: Seismitoad|atk|1
|move|p2a: Seismitoad|Liquidation|p1a: Landorus
|-supereffective|p1a: Landorus
|-damage|p1a: Landorus|31/100
|-unboost|p1a: Landorus|def|1
|-damage|p2a: Seismitoad|84/100|[from] item: Rocky Helmet|[of] p1a: Landorus
|-damage|p2a: Seismitoad|74/100|[from] item: Life Orb
|
|-weather|RainDance|[upkeep]
|upkeep
|turn|6
|
|t:|1663306780
|move|p2a: Seismitoad|Liquidation|p1a: Landorus
|-supereffective|p1a: Landorus
|-damage|p1a: Landorus|0 fnt
|-damage|p2a: Seismitoad|58/100|[from] item: Rocky Helmet|[of] p1a: Landorus
|faint|p1a: Landorus
|-damage|p2a: Seismitoad|48/100|[from] item: Life Orb
|
|-weather|RainDance|[upkeep]
|upkeep
|
|t:|1663306791
|switch|p1a: Urshifu|Urshifu-Rapid-Strike, F|94/100
|turn|7
|
|t:|1663306795
|switch|p2a: Zapdos|Zapdos|18/100
|move|p1a: Urshifu|Close Combat|p2a: Zapdos
|-resisted|p2a: Zapdos
|-damage|p2a: Zapdos|0 fnt
|-unboost|p1a: Urshifu|def|1
|-unboost|p1a: Urshifu|spd|1
|faint|p2a: Zapdos
|
|-weather|RainDance|[upkeep]
|upkeep
|
|t:|1663306800
|switch|p2a: Volcanion|Volcanion|100/100
|turn|8
|inactive|ldailey19 has 120 seconds left.
|
|t:|1663306814
|switch|p1a: Magnezone|Magnezone, shiny|100/100
|move|p2a: Volcanion|Steam Eruption|p1a: Magnezone
|-damage|p1a: Magnezone|1/100
|
|-weather|none
|upkeep
|turn|9
|inactive|ldailey19 has 120 seconds left.
|
|t:|1663306825
|switch|p2a: Ferrothorn|Ferrothorn, F|100/100
|move|p1a: Magnezone|Thunderbolt|p2a: Ferrothorn
|-resisted|p2a: Ferrothorn
|-damage|p2a: Ferrothorn|81/100
|
|-heal|p2a: Ferrothorn|87/100|[from] item: Leftovers
|upkeep
|turn|10
|inactive|ldailey19 has 120 seconds left.
|
|t:|1663306836
|move|p1a: Magnezone|Body Press|p2a: Ferrothorn
|-supereffective|p2a: Ferrothorn
|-damage|p2a: Ferrothorn|55/100
|-damage|p1a: Magnezone|0 fnt|[from] ability: Iron Barbs|[of] p2a: Ferrothorn
|faint|p1a: Magnezone
|move|p2a: Ferrothorn|Stealth Rock|p1: Magnezone
|-sidestart|p1: ldailey19|move: Stealth Rock
|
|-heal|p2a: Ferrothorn|61/100|[from] item: Leftovers
|upkeep
|inactive|ldailey19 has 120 seconds left.
|
|t:|1663306847
|switch|p1a: Urshifu|Urshifu-Rapid-Strike, F|94/100
|-damage|p1a: Urshifu|88/100|[from] Stealth Rock
|turn|11
|
|t:|1663306850
|switch|p2a: Pelipper|Pelipper, M|100/100
|-weather|RainDance|[from] ability: Drizzle|[of] p2a: Pelipper
|move|p1a: Urshifu|Close Combat|p2a: Pelipper
|-resisted|p2a: Pelipper
|-damage|p2a: Pelipper|78/100
|-unboost|p1a: Urshifu|def|1
|-unboost|p1a: Urshifu|spd|1
|
|-weather|RainDance|[upkeep]
|upkeep
|turn|12
|
|t:|1663306853
|switch|p2a: Seismitoad|Seismitoad, F|48/100
|move|p1a: Urshifu|Thunder Punch|p2a: Seismitoad
|-immune|p2a: Seismitoad
|
|-weather|RainDance|[upkeep]
|upkeep
|turn|13
|
|t:|1663306856
|move|p1a: Urshifu|Aqua Jet|p2a: Seismitoad
|-damage|p2a: Seismitoad|7/100
|move|p2a: Seismitoad|Power Whip|p1a: Urshifu
|-supereffective|p1a: Urshifu
|-damage|p1a: Urshifu|0 fnt
|faint|p1a: Urshifu
|-damage|p2a: Seismitoad|0 fnt|[from] item: Life Orb
|faint|p2a: Seismitoad
|
|-weather|RainDance|[upkeep]
|upkeep
|-message|ldailey19 forfeited.
|
|win|baigu3
|raw|ldailey19's rating: 1552 &rarr; <strong>1536</strong><br />(-16 for losing)
|raw|baigu3's rating: 1618 &rarr; <strong>1634</strong><br />(+16 for winning)
|l|☆ldailey19
