|j|☆Wildfiree
|j|☆big boss 447
|t:|1647815122
|gametype|singles
|player|p1|Wildfiree|burnet|1539
|player|p2|big boss 447|harlequin|1703
|teamsize|p1|6
|teamsize|p2|6
|gen|8
|tier|[Gen 8] OU
|rated|
|rule|Sleep Clause Mod: Limit one foe put to sleep
|rule|Species Clause: Limit one of each Pokémon
|rule|OHKO Clause: OHKO moves are banned
|rule|Evasion Moves Clause: Evasion moves are banned
|rule|Endless Battle Clause: Forcing endless battles is banned
|rule|HP Percentage Mod: HP is shown in percentages
|rule|Dynamax Clause: You cannot dynamax
|clearpoke
|poke|p1|Pelipper, F|
|poke|p1|Volcanion|
|poke|p1|Ferrothorn, F|
|poke|p1|Zapdos|
|poke|p1|Garchomp, F|
|poke|p1|Barraskewda, M|
|poke|p2|Tyranitar, M|
|poke|p2|Urshifu-*, M|
|poke|p2|Landorus-Therian, M|
|poke|p2|Tapu Lele|
|poke|p2|Corviknight, F|
|poke|p2|Volcanion|
|teampreview
|inactive|Battle timer is ON: inactive players will automatically lose when time's up. (requested by big boss 447)
|
|t:|1647815131
|start
|switch|p1a: Barraskewda|Barraskewda, M|100/100
|switch|p2a: Urshifu|Urshifu-Rapid-Strike, M|100/100
|turn|1
|
|t:|1647815137
|move|p1a: Barraskewda|Flip Turn|p2a: Urshifu
|-resisted|p2a: Urshifu
|-damage|p2a: Urshifu|75/100
|
|t:|1647815139
|switch|p1a: Pelipper|Pelipper, F|100/100|[from]move: Flip Turn
|-weather|RainDance|[from] ability: Drizzle|[of] p1a: Pelipper
|move|p2a: Urshifu|Thunder Punch|p1a: Pelipper
|-supereffective|p1a: Pelipper
|-damage|p1a: Pelipper|0 fnt
|faint|p1a: Pelipper
|
|-weather|RainDance|[upkeep]
|upkeep
|
|t:|1647815146
|switch|p1a: Garchomp|Garchomp, F|100/100
|turn|2
|
|t:|1647815154
|switch|p2a: Tapu Lele|Tapu Lele|100/100
|-fieldstart|move: Psychic Terrain|[from] ability: Psychic Surge|[of] p2a: Tapu Lele
|move|p1a: Garchomp|Swords Dance|p1a: Garchomp
|-boost|p1a: Garchomp|atk|2
|
|-weather|RainDance|[upkeep]
|upkeep
|turn|3
|
|t:|1647815162
|move|p2a: Tapu Lele|Moonblast|p1a: Garchomp
|-supereffective|p1a: Garchomp
|-damage|p1a: Garchomp|0 fnt
|faint|p1a: Garchomp
|
|-weather|RainDance|[upkeep]
|upkeep
|
|t:|1647815164
|switch|p1a: Volcanion|Volcanion|100/100
|turn|4
|
|t:|1647815171
|move|p2a: Tapu Lele|Moonblast|p1a: Volcanion
|-resisted|p1a: Volcanion
|-damage|p1a: Volcanion|74/100
|move|p1a: Volcanion|Steam Eruption|p2a: Tapu Lele|[miss]
|-miss|p1a: Volcanion|p2a: Tapu Lele
|
|-weather|RainDance|[upkeep]
|upkeep
|turn|5
|
|t:|1647815176
|switch|p2a: Volcanion|Volcanion|100/100
|move|p1a: Volcanion|Steam Eruption|p2a: Volcanion
|-immune|p2a: Volcanion|[from] ability: Water Absorb
|
|-weather|RainDance|[upkeep]
|upkeep
|turn|6
|-message|Wildfiree forfeited.
|
|win|big boss 447
|raw|Wildfiree's rating: 1539 &rarr; <strong>1528</strong><br />(-11 for losing)
|raw|big boss 447's rating: 1703 &rarr; <strong>1714</strong><br />(+11 for winning)
