|html|<div class="broadcast-blue"><strong>[Gen 8] OU is currently suspecting Melmetal! For information on how to participate check out the <a href="https://www.smogon.com/forums/threads/np-ss-ou-suspect-process-round-12-monster-mash.3709234/">suspect thread</a>.</strong></div>
|j|☆LT94JE Allistair
|j|☆Elite4donovan
|t:|1666819641
|gametype|singles
|player|p1|LT94JE Allistair|1|1559
|player|p2|Elite4donovan|lucas|1624
|teamsize|p1|6
|teamsize|p2|6
|gen|8
|tier|[Gen 8] OU
|rated|
|rule|Sleep Clause Mod: Limit one foe put to sleep
|rule|Species Clause: Limit one of each Pokémon
|rule|OHKO Clause: OHKO moves are banned
|rule|Evasion Items Clause: Evasion items are banned
|rule|Evasion Moves Clause: Evasion moves are banned
|rule|Endless Battle Clause: Forcing endless battles is banned
|rule|HP Percentage Mod: HP is shown in percentages
|rule|Dynamax Clause: You cannot dynamax
|clearpoke
|poke|p1|Mew|
|poke|p1|Slurpuff, M|
|poke|p1|Vanilluxe, F|
|poke|p1|Jirachi|
|poke|p1|Espeon, F|
|poke|p1|Heatran, M|
|poke|p2|Gyarados, F|
|poke|p2|Mew|
|poke|p2|Garchomp, F|
|poke|p2|Bisharp, F|
|poke|p2|Dragapult, F|
|poke|p2|Volcarona, M|
|teampreview
|
|t:|1666819658
|start
|switch|p1a: Slurpuff|Slurpuff, M|100/100
|switch|p2a: Mew|Mew|100/100
|turn|1
|
|t:|1666819680
|switch|p2a: Dragapult|Dragapult, F|100/100
|move|p1a: Slurpuff|Magic Coat|p1a: Slurpuff
|-singleturn|p1a: Slurpuff|move: Magic Coat
|
|upkeep
|turn|2
|
|t:|1666819684
|move|p2a: Dragapult|Shadow Ball|p1a: Slurpuff
|-damage|p1a: Slurpuff|8/100
|move|p1a: Slurpuff|Sticky Web|p2a: Dragapult
|-sidestart|p2: Elite4donovan|move: Sticky Web
|
|upkeep
|turn|3
|
|t:|1666819693
|move|p2a: Dragapult|Shadow Ball|p1a: Slurpuff
|-damage|p1a: Slurpuff|0 fnt
|faint|p1a: Slurpuff
|
|upkeep
|j| Boopieoopiee
|l| Boopieoopiee
|
|t:|1666819721
|switch|p1a: Mew|Mew|100/100
|turn|4
|j| first_to_strike
|l| first_to_strike
|
|t:|1666819773
|move|p2a: Dragapult|Shadow Ball|p1a: Mew
|-supereffective|p1a: Mew
|-damage|p1a: Mew|15/100
|-unboost|p1a: Mew|spd|1
|-enditem|p1a: Mew|Weakness Policy
|-boost|p1a: Mew|atk|2|[from] item: Weakness Policy
|-boost|p1a: Mew|spa|2|[from] item: Weakness Policy
|move|p1a: Mew|Stored Power|p2a: Dragapult
|-damage|p2a: Dragapult|15/100
|
|upkeep
|turn|5
|
|t:|1666819781
|move|p2a: Dragapult|Shadow Ball|p1a: Mew
|-supereffective|p1a: Mew
|-damage|p1a: Mew|0 fnt
|faint|p1a: Mew
|
|upkeep
|
|t:|1666819785
|switch|p1a: Heatran|Heatran, M|100/100
|turn|6
|j| 0zorcNecropHADES
|l|☆Elite4donovan
|player|p2|
|j|☆Elite4donovan
|player|p2|Elite4donovan|lucas
|
|t:|1666819848
|move|p2a: Dragapult|Shadow Ball|p1a: Heatran
|-damage|p1a: Heatran|52/100
|move|p1a: Heatran|Flamethrower|p2a: Dragapult
|-resisted|p2a: Dragapult
|-damage|p2a: Dragapult|0 fnt
|faint|p2a: Dragapult
|
|upkeep
|
|t:|1666819854
|switch|p2a: Gyarados|Gyarados, F, shiny|100/100
|turn|7
|
|t:|1666819875
|move|p2a: Gyarados|Dragon Dance|p2a: Gyarados
|-boost|p2a: Gyarados|atk|1
|-boost|p2a: Gyarados|spe|1
|move|p1a: Heatran|Will-O-Wisp|p2a: Gyarados
|-status|p2a: Gyarados|brn
|
|-damage|p2a: Gyarados|94/100 brn|[from] brn
|upkeep
|turn|8
|
|t:|1666819881
|switch|p1a: Vanilluxe|Vanilluxe, F|100/100
|-weather|Hail|[from] ability: Snow Warning|[of] p1a: Vanilluxe
|move|p2a: Gyarados|Earthquake|p1a: Vanilluxe
|-damage|p1a: Vanilluxe|56/100
|-damage|p2a: Gyarados|84/100 brn|[from] item: Life Orb
|
|-weather|Hail|[upkeep]
|-damage|p2a: Gyarados|78/100 brn|[from] Hail
|-damage|p2a: Gyarados|72/100 brn|[from] brn
|upkeep
|turn|9
|
|t:|1666819903
|move|p2a: Gyarados|Waterfall|p1a: Vanilluxe
|-damage|p1a: Vanilluxe|1/100
|-damage|p2a: Gyarados|62/100 brn|[from] item: Life Orb
|move|p1a: Vanilluxe|Aurora Veil|p1a: Vanilluxe
|-sidestart|p1: LT94JE Allistair|move: Aurora Veil
|
|-weather|Hail|[upkeep]
|-damage|p2a: Gyarados|56/100 brn|[from] Hail
|-damage|p2a: Gyarados|50/100 brn|[from] brn
|upkeep
|turn|10
|
|t:|1666819912
|move|p2a: Gyarados|Waterfall|p1a: Vanilluxe
|-crit|p1a: Vanilluxe
|-damage|p1a: Vanilluxe|0 fnt
|faint|p1a: Vanilluxe
|-ability|p2a: Gyarados|Moxie|boost
|-boost|p2a: Gyarados|atk|1
|-damage|p2a: Gyarados|40/100 brn|[from] item: Life Orb
|
|-weather|Hail|[upkeep]
|-damage|p2a: Gyarados|34/100 brn|[from] Hail
|-damage|p2a: Gyarados|28/100 brn|[from] brn
|upkeep
|
|t:|1666819926
|switch|p1a: Jirachi|Jirachi|100/100
|turn|11
|
|t:|1666819940
|switch|p2a: Mew|Mew|100/100
|-activate|p2a: Mew|move: Sticky Web
|-unboost|p2a: Mew|spe|1
|move|p1a: Jirachi|Cosmic Power|p1a: Jirachi
|-boost|p1a: Jirachi|def|1
|-boost|p1a: Jirachi|spd|1
|
|-weather|Hail|[upkeep]
|-damage|p1a: Jirachi|94/100|[from] Hail
|-damage|p2a: Mew|94/100|[from] Hail
|upkeep
|turn|12
|l|0zorcnecrophades
|
|t:|1666819945
|move|p1a: Jirachi|Cosmic Power|p1a: Jirachi
|-boost|p1a: Jirachi|def|1
|-boost|p1a: Jirachi|spd|1
|move|p2a: Mew|Thunder Wave|p1a: Jirachi
|-status|p1a: Jirachi|par
|
|-weather|none
|upkeep
|turn|13
|
|t:|1666819952
|move|p2a: Mew|Taunt|p1a: Jirachi
|-start|p1a: Jirachi|move: Taunt
|cant|p1a: Jirachi|move: Taunt|Cosmic Power
|
|upkeep
|turn|14
|
|t:|1666819957
|move|p2a: Mew|Spikes|p1a: Jirachi
|-sidestart|p1: LT94JE Allistair|Spikes
|cant|p1a: Jirachi|par
|
|upkeep
|turn|15
|
|t:|1666819960
|move|p2a: Mew|Spikes|p1a: Jirachi
|-sidestart|p1: LT94JE Allistair|Spikes
|move|p1a: Jirachi|Stored Power|p2a: Mew
|-resisted|p2a: Mew
|-damage|p2a: Mew|79/100
|
|-end|p1a: Jirachi|move: Taunt
|upkeep
|turn|16
|
|t:|1666819965
|move|p2a: Mew|Taunt|p1a: Jirachi
|-start|p1a: Jirachi|move: Taunt
|move|p1a: Jirachi|Stored Power|p2a: Mew
|-resisted|p2a: Mew
|-damage|p2a: Mew|62/100
|
|-sideend|p1: LT94JE Allistair|move: Aurora Veil
|upkeep
|turn|17
|
|t:|1666819968
|move|p2a: Mew|Spikes|p1a: Jirachi
|-sidestart|p1: LT94JE Allistair|Spikes
|move|p1a: Jirachi|Stored Power|p2a: Mew
|-resisted|p2a: Mew
|-damage|p2a: Mew|45/100
|
|upkeep
|turn|18
|
|t:|1666819973
|move|p2a: Mew|Stealth Rock|p1a: Jirachi
|-sidestart|p1: LT94JE Allistair|move: Stealth Rock
|move|p1a: Jirachi|Stored Power|p2a: Mew
|-resisted|p2a: Mew
|-damage|p2a: Mew|29/100
|
|-end|p1a: Jirachi|move: Taunt
|upkeep
|turn|19
|
|t:|1666819981
|move|p2a: Mew|Taunt|p1a: Jirachi
|-start|p1a: Jirachi|move: Taunt
|move|p1a: Jirachi|Stored Power|p2a: Mew
|-resisted|p2a: Mew
|-damage|p2a: Mew|13/100
|
|upkeep
|turn|20
|
|t:|1666820003
|move|p2a: Mew|Thunder Wave|p1a: Jirachi|[miss]
|-miss|p2a: Mew|p1a: Jirachi
|move|p1a: Jirachi|Stored Power|p2a: Mew
|-resisted|p2a: Mew
|-damage|p2a: Mew|0 fnt
|faint|p2a: Mew
|
|upkeep
|
|t:|1666820005
|switch|p2a: Bisharp|Bisharp, F|100/100
|-activate|p2a: Bisharp|move: Sticky Web
|-unboost|p2a: Bisharp|spe|1
|-ability|p2a: Bisharp|Defiant|boost
|-boost|p2a: Bisharp|atk|2
|turn|21
|
|t:|1666820012
|move|p1a: Jirachi|Aura Sphere|p2a: Bisharp
|-supereffective|p2a: Bisharp
|-damage|p2a: Bisharp|0 fnt
|faint|p2a: Bisharp
|
|-end|p1a: Jirachi|move: Taunt
|upkeep
|
|t:|1666820017
|switch|p2a: Garchomp|Garchomp, F|100/100
|-activate|p2a: Garchomp|move: Sticky Web
|-unboost|p2a: Garchomp|spe|1
|turn|22
|
|t:|1666820025
|move|p2a: Garchomp|Swords Dance|p2a: Garchomp
|-boost|p2a: Garchomp|atk|2
|cant|p1a: Jirachi|par
|
|upkeep
|turn|23
|
|t:|1666820031
|move|p2a: Garchomp|Swords Dance|p2a: Garchomp
|-boost|p2a: Garchomp|atk|2
|move|p1a: Jirachi|Stored Power|p2a: Garchomp
|-damage|p2a: Garchomp|57/100
|
|upkeep
|turn|24
|
|t:|1666820034
|move|p2a: Garchomp|Earthquake|p1a: Jirachi
|-supereffective|p1a: Jirachi
|-damage|p1a: Jirachi|0 fnt
|faint|p1a: Jirachi
|-damage|p2a: Garchomp|47/100|[from] item: Life Orb
|
|upkeep
|
|t:|1666820040
|switch|p1a: Heatran|Heatran, M|52/100
|-damage|p1a: Heatran|27/100|[from] Spikes
|-damage|p1a: Heatran|15/100|[from] Stealth Rock
|turn|25
|
|t:|1666820049
|move|p1a: Heatran|Flamethrower|p2a: Garchomp
|-resisted|p2a: Garchomp
|-damage|p2a: Garchomp|24/100
|-status|p2a: Garchomp|brn
|move|p2a: Garchomp|Scale Shot|p1a: Heatran
|-resisted|p1a: Heatran
|-damage|p1a: Heatran|3/100
|-resisted|p1a: Heatran
|-damage|p1a: Heatran|0 fnt
|faint|p1a: Heatran
|-hitcount|p1: Heatran|2
|-unboost|p2a: Garchomp|def|1
|-boost|p2a: Garchomp|spe|1
|-damage|p2a: Garchomp|15/100 brn|[from] item: Life Orb
|
|-damage|p2a: Garchomp|8/100 brn|[from] brn
|upkeep
|j| gerald.jones061
|
|t:|1666820069
|switch|p1a: Espeon|Espeon, F|100/100
|-damage|p1a: Espeon|76/100|[from] Spikes
|-damage|p1a: Espeon|64/100|[from] Stealth Rock
|turn|26
|
|t:|1666820078
|move|p1a: Espeon|Dazzling Gleam|p2a: Garchomp
|-supereffective|p2a: Garchomp
|-damage|p2a: Garchomp|0 fnt
|faint|p2a: Garchomp
|
|upkeep
|
|t:|1666820079
|switch|p2a: Volcarona|Volcarona, M|100/100
|turn|27
|
|t:|1666820085
|move|p1a: Espeon|Calm Mind|p1a: Espeon
|-boost|p1a: Espeon|spa|1
|-boost|p1a: Espeon|spd|1
|move|p2a: Volcarona|Bug Buzz|p1a: Espeon
|-supereffective|p1a: Espeon
|-crit|p1a: Espeon
|-damage|p1a: Espeon|0 fnt
|faint|p1a: Espeon
|
|win|Elite4donovan
|raw|LT94JE Allistair's rating: 1559 &rarr; <strong>1544</strong><br />(-15 for losing)
|raw|Elite4donovan's rating: 1647 &rarr; <strong>1662</strong><br />(+15 for winning)
|c|☆Elite4donovan|gg
|c|☆LT94JE Allistair|gg
|l|☆LT94JE Allistair
||Ladder isn't responding, score probably updated but might not have (Request timeout).
