|html|<div class="broadcast-blue"><strong>[Gen 8] OU is currently suspecting Melmetal! For information on how to participate check out the <a href="https://www.smogon.com/forums/threads/np-ss-ou-suspect-process-round-12-monster-mash.3709234/">suspect thread</a>.</strong></div>
|j|☆Shotintheheart
|j|☆why addicted
|t:|1666565608
|gametype|singles
|player|p1|Shotintheheart|linebacker|1830
|player|p2|why addicted|169|1856
|teamsize|p1|6
|teamsize|p2|6
|gen|8
|tier|[Gen 8] OU
|rated|
|rule|Sleep Clause Mod: Limit one foe put to sleep
|rule|Species Clause: Limit one of each Pokémon
|rule|OHKO Clause: OHKO moves are banned
|rule|Evasion Items Clause: Evasion items are banned
|rule|Evasion Moves Clause: Evasion moves are banned
|rule|Endless Battle Clause: Forcing endless battles is banned
|rule|HP Percentage Mod: HP is shown in percentages
|rule|Dynamax Clause: You cannot dynamax
|clearpoke
|poke|p1|Rillaboom, F|
|poke|p1|Zapdos|
|poke|p1|Obstagoon, M|
|poke|p1|Tapu Fini|
|poke|p1|Heatran, M|
|poke|p1|Swampert, M|
|poke|p2|Landorus-Therian, M|
|poke|p2|Heatran, F|
|poke|p2|Ferrothorn, F|
|poke|p2|Dragapult, M|
|poke|p2|Tapu Lele|
|poke|p2|Urshifu-*, M|
|teampreview
|
|t:|1666565622
|start
|switch|p1a: Tapu Fini|Tapu Fini|100/100
|switch|p2a: Dragapult|Dragapult, M|100/100
|-fieldstart|move: Misty Terrain|[from] ability: Misty Surge|[of] p1a: Tapu Fini
|turn|1
|
|t:|1666565629
|move|p2a: Dragapult|U-turn|p1a: Tapu Fini
|-resisted|p1a: Tapu Fini
|-damage|p1a: Tapu Fini|95/100
|
|t:|1666565632
|switch|p2a: Ferrothorn|Ferrothorn, F|100/100|[from]move: U-turn
|move|p1a: Tapu Fini|Taunt|p2a: Ferrothorn
|-start|p2a: Ferrothorn|move: Taunt
|
|-heal|p1a: Tapu Fini|100/100|[from] item: Leftovers
|upkeep
|turn|2
|
|t:|1666565635
|switch|p1a: Zapdos|Zapdos|100/100
|move|p2a: Ferrothorn|Knock Off|p1a: Zapdos
|-damage|p1a: Zapdos|84/100
|-enditem|p1a: Zapdos|Heavy-Duty Boots|[from] move: Knock Off|[of] p2a: Ferrothorn
|
|upkeep
|turn|3
|
|t:|1666565641
|move|p1a: Zapdos|Heat Wave|p2a: Ferrothorn
|-supereffective|p2a: Ferrothorn
|-damage|p2a: Ferrothorn|16/100
|move|p2a: Ferrothorn|Knock Off|p1a: Zapdos
|-damage|p1a: Zapdos|73/100
|
|-end|p2a: Ferrothorn|move: Taunt
|upkeep
|turn|4
|j| BabyPigsAreLaughin
|
|t:|1666565649
|switch|p2a: Heatran|Heatran, F|100/100
|move|p1a: Zapdos|Heat Wave|p2a: Heatran
|-start|p2a: Heatran|ability: Flash Fire
|
|upkeep
|turn|5
|
|t:|1666565655
|move|p1a: Zapdos|Volt Switch|p2a: Heatran
|-crit|p2a: Heatran
|-damage|p2a: Heatran|73/100
|
|t:|1666565661
|switch|p1a: Heatran|Heatran, M|100/100|[from]move: Volt Switch
|move|p2a: Heatran|Magma Storm|p1a: Heatran
|-start|p1a: Heatran|ability: Flash Fire
|
|-heal|p2a: Heatran|79/100|[from] item: Leftovers
|-fieldend|Misty Terrain
|upkeep
|turn|6
|
|t:|1666565668
|move|p2a: Heatran|Protect|p2a: Heatran
|-singleturn|p2a: Heatran|Protect
|move|p1a: Heatran|Earth Power|p2a: Heatran
|-activate|p2a: Heatran|move: Protect
|
|-heal|p2a: Heatran|85/100|[from] item: Leftovers
|upkeep
|turn|7
|
|t:|1666565675
|-end|p1a: Heatran|ability: Flash Fire|[silent]
|switch|p1a: Tapu Fini|Tapu Fini|100/100
|-fieldstart|move: Misty Terrain|[from] ability: Misty Surge|[of] p1a: Tapu Fini
|move|p2a: Heatran|Magma Storm|p1a: Tapu Fini
|-resisted|p1a: Tapu Fini
|-crit|p1a: Tapu Fini
|-damage|p1a: Tapu Fini|59/100
|-activate|p1a: Tapu Fini|move: Magma Storm|[of] p2a: Heatran
|
|-heal|p1a: Tapu Fini|66/100|[from] item: Leftovers
|-heal|p2a: Heatran|91/100|[from] item: Leftovers
|-damage|p1a: Tapu Fini|53/100|[from] move: Magma Storm|[partiallytrapped]
|upkeep
|turn|8
|
|t:|1666565683
|move|p2a: Heatran|Protect|p2a: Heatran
|-singleturn|p2a: Heatran|Protect
|move|p1a: Tapu Fini|Scald|p2a: Heatran
|-activate|p2a: Heatran|move: Protect
|
|-heal|p1a: Tapu Fini|59/100|[from] item: Leftovers
|-heal|p2a: Heatran|97/100|[from] item: Leftovers
|-damage|p1a: Tapu Fini|47/100|[from] move: Magma Storm|[partiallytrapped]
|upkeep
|turn|9
|
|t:|1666565689
|move|p1a: Tapu Fini|Calm Mind|p1a: Tapu Fini
|-boost|p1a: Tapu Fini|spa|1
|-boost|p1a: Tapu Fini|spd|1
|move|p2a: Heatran|Heavy Slam|p1a: Tapu Fini
|-damage|p1a: Tapu Fini|19/100
|
|-heal|p1a: Tapu Fini|25/100|[from] item: Leftovers
|-heal|p2a: Heatran|100/100|[from] item: Leftovers
|-damage|p1a: Tapu Fini|12/100|[from] move: Magma Storm|[partiallytrapped]
|upkeep
|turn|10
|
|t:|1666565705
|move|p1a: Tapu Fini|Scald|p2a: Heatran
|-supereffective|p2a: Heatran
|-damage|p2a: Heatran|55/100
|move|p2a: Heatran|Heavy Slam|p1a: Tapu Fini
|-damage|p1a: Tapu Fini|0 fnt
|faint|p1a: Tapu Fini
|
|-heal|p2a: Heatran|61/100|[from] item: Leftovers
|upkeep
|
|t:|1666565713
|switch|p1a: Swampert|Swampert, M|100/100
|turn|11
|
|t:|1666565720
|-end|p2a: Heatran|ability: Flash Fire|[silent]
|switch|p2a: Landorus|Landorus-Therian, M|100/100
|-ability|p2a: Landorus|Intimidate|boost
|-unboost|p1a: Swampert|atk|1
|move|p1a: Swampert|High Horsepower|p2a: Landorus
|-immune|p2a: Landorus
|
|-fieldend|Misty Terrain
|upkeep
|turn|12
|
|t:|1666565726
|move|p2a: Landorus|Knock Off|p1a: Swampert
|-damage|p1a: Swampert|74/100
|-enditem|p1a: Swampert|Leftovers|[from] move: Knock Off|[of] p2a: Landorus
|move|p1a: Swampert|Flip Turn|p2a: Landorus
|-supereffective|p2a: Landorus
|-damage|p2a: Landorus|69/100
|
|t:|1666565733
|switch|p1a: Obstagoon|Obstagoon, M|100/100|[from]move: Flip Turn
|
|-heal|p2a: Landorus|75/100|[from] item: Leftovers
|-status|p1a: Obstagoon|brn|[from] item: Flame Orb
|upkeep
|turn|13
|
|t:|1666565739
|switch|p2a: Ferrothorn|Ferrothorn, F|16/100
|move|p1a: Obstagoon|Facade|p2a: Ferrothorn
|-resisted|p2a: Ferrothorn
|-damage|p2a: Ferrothorn|0 fnt
|-damage|p1a: Obstagoon|88/100 brn|[from] ability: Iron Barbs|[of] p2a: Ferrothorn
|-damage|p1a: Obstagoon|72/100 brn|[from] item: Rocky Helmet|[of] p2a: Ferrothorn
|faint|p2a: Ferrothorn
|
|-damage|p1a: Obstagoon|66/100 brn|[from] brn
|upkeep
|
|t:|1666565748
|switch|p2a: Urshifu|Urshifu-Rapid-Strike, M|100/100
|turn|14
|
|t:|1666565755
|switch|p1a: Zapdos|Zapdos|73/100
|move|p2a: Urshifu|Close Combat|p1a: Zapdos
|-resisted|p1a: Zapdos
|-damage|p1a: Zapdos|51/100
|-unboost|p2a: Urshifu|def|1
|-unboost|p2a: Urshifu|spd|1
|
|upkeep
|turn|15
|
|t:|1666565761
|move|p2a: Urshifu|U-turn|p1a: Zapdos
|-resisted|p1a: Zapdos
|-damage|p1a: Zapdos|43/100
|
|t:|1666565766
|switch|p2a: Heatran|Heatran, F|61/100|[from]move: U-turn
|move|p1a: Zapdos|Roost|p1a: Zapdos
|-heal|p1a: Zapdos|93/100
|-singleturn|p1a: Zapdos|move: Roost
|
|-heal|p2a: Heatran|67/100|[from] item: Leftovers
|upkeep
|turn|16
|
|t:|1666565774
|move|p1a: Zapdos|Volt Switch|p2a: Heatran
|-damage|p2a: Heatran|49/100
|
|t:|1666565779
|switch|p1a: Swampert|Swampert, M|74/100|[from]move: Volt Switch
|move|p2a: Heatran|Toxic|p1a: Swampert
|-status|p1a: Swampert|tox
|
|-heal|p2a: Heatran|55/100|[from] item: Leftovers
|-damage|p1a: Swampert|68/100 tox|[from] psn
|upkeep
|turn|17
|
|t:|1666565786
|switch|p2a: Urshifu|Urshifu-Rapid-Strike, M|100/100
|move|p1a: Swampert|Stealth Rock|p2a: Urshifu
|-sidestart|p2: why addicted|move: Stealth Rock
|
|-damage|p1a: Swampert|56/100 tox|[from] psn
|upkeep
|turn|18
|
|t:|1666565797
|move|p2a: Urshifu|Surging Strikes|p1a: Swampert
|-crit|p1a: Swampert
|-damage|p1a: Swampert|37/100 tox
|-crit|p1a: Swampert
|-damage|p1a: Swampert|19/100 tox
|-crit|p1a: Swampert
|-damage|p1a: Swampert|2/100 tox
|-hitcount|p1a: Swampert|3
|move|p1a: Swampert|Flip Turn|p2a: Urshifu
|-resisted|p2a: Urshifu
|-damage|p2a: Urshifu|83/100
|
|t:|1666565806
|switch|p1a: Rillaboom|Rillaboom, F|100/100|[from]move: Flip Turn
|-fieldstart|move: Grassy Terrain|[from] ability: Grassy Surge|[of] p1a: Rillaboom
|
|-heal|p2a: Urshifu|89/100|[from] Grassy Terrain
|upkeep
|turn|19
|
|t:|1666565811
|move|p2a: Urshifu|U-turn|p1a: Rillaboom
|-supereffective|p1a: Rillaboom
|-damage|p1a: Rillaboom|47/100
|
|t:|1666565816
|switch|p2a: Landorus|Landorus-Therian, M|75/100|[from]move: U-turn
|-damage|p2a: Landorus|62/100|[from] Stealth Rock
|-ability|p2a: Landorus|Intimidate|boost
|-unboost|p1a: Rillaboom|atk|1
|move|p1a: Rillaboom|U-turn|p2a: Landorus
|-resisted|p2a: Landorus
|-damage|p2a: Landorus|50/100
|
|t:|1666565821
|switch|p1a: Obstagoon|Obstagoon, M|66/100 brn|[from]move: U-turn
|
|-heal|p1a: Obstagoon|72/100 brn|[from] Grassy Terrain
|-heal|p2a: Landorus|56/100|[from] item: Leftovers
|-damage|p1a: Obstagoon|66/100 brn|[from] brn
|upkeep
|turn|20
|
|t:|1666565826
|switch|p2a: Dragapult|Dragapult, M|100/100
|-damage|p2a: Dragapult|88/100|[from] Stealth Rock
|move|p1a: Obstagoon|Facade|p2a: Dragapult
|-immune|p2a: Dragapult
|
|-heal|p2a: Dragapult|94/100|[from] Grassy Terrain
|-heal|p1a: Obstagoon|72/100 brn|[from] Grassy Terrain
|-damage|p1a: Obstagoon|66/100 brn|[from] brn
|upkeep
|turn|21
|
|t:|1666565830
|switch|p1a: Zapdos|Zapdos|93/100
|move|p2a: Dragapult|Draco Meteor|p1a: Zapdos
|-damage|p1a: Zapdos|0 fnt
|-unboost|p2a: Dragapult|spa|2
|faint|p1a: Zapdos
|
|-heal|p2a: Dragapult|99/100|[from] Grassy Terrain
|upkeep
|
|t:|1666565837
|switch|p1a: Heatran|Heatran, M|100/100
|turn|22
|
|t:|1666565843
|move|p2a: Dragapult|Draco Meteor|p1a: Heatran
|-resisted|p1a: Heatran
|-damage|p1a: Heatran|78/100
|-unboost|p2a: Dragapult|spa|2
|move|p1a: Heatran|Eruption|p2a: Dragapult
|-resisted|p2a: Dragapult
|-damage|p2a: Dragapult|57/100
|
|-heal|p2a: Dragapult|63/100|[from] Grassy Terrain
|-heal|p1a: Heatran|85/100|[from] Grassy Terrain
|-fieldend|move: Grassy Terrain
|upkeep
|turn|23
|
|t:|1666565854
|switch|p2a: Landorus|Landorus-Therian, M|56/100
|-damage|p2a: Landorus|44/100|[from] Stealth Rock
|-ability|p2a: Landorus|Intimidate|boost
|-unboost|p1a: Heatran|atk|1
|move|p1a: Heatran|Eruption|p2a: Landorus
|-damage|p2a: Landorus|0 fnt
|faint|p2a: Landorus
|
|upkeep
|
|t:|1666565862
|switch|p2a: Urshifu|Urshifu-Rapid-Strike, M|89/100
|-damage|p2a: Urshifu|83/100|[from] Stealth Rock
|turn|24
|
|t:|1666565868
|switch|p1a: Swampert|Swampert, M|2/100 tox
|move|p2a: Urshifu|Close Combat|p1a: Swampert
|-damage|p1a: Swampert|0 fnt
|-unboost|p2a: Urshifu|def|1
|-unboost|p2a: Urshifu|spd|1
|faint|p1a: Swampert
|
|upkeep
|
|t:|1666565872
|switch|p1a: Rillaboom|Rillaboom, F|47/100
|-fieldstart|move: Grassy Terrain|[from] ability: Grassy Surge|[of] p1a: Rillaboom
|turn|25
|
|t:|1666565877
|switch|p2a: Heatran|Heatran, F|55/100
|-damage|p2a: Heatran|42/100|[from] Stealth Rock
|move|p1a: Rillaboom|Grassy Glide|p2a: Heatran
|-resisted|p2a: Heatran
|-damage|p2a: Heatran|26/100
|
|-heal|p1a: Rillaboom|53/100|[from] Grassy Terrain
|-heal|p2a: Heatran|32/100|[from] Grassy Terrain
|-heal|p2a: Heatran|39/100|[from] item: Leftovers
|upkeep
|turn|26
|
|t:|1666565884
|switch|p1a: Heatran|Heatran, M|85/100
|move|p2a: Heatran|Magma Storm|p1a: Heatran
|-start|p1a: Heatran|ability: Flash Fire
|
|-heal|p1a: Heatran|91/100|[from] Grassy Terrain
|-heal|p2a: Heatran|45/100|[from] Grassy Terrain
|-heal|p2a: Heatran|51/100|[from] item: Leftovers
|upkeep
|turn|27
|
|t:|1666565887
|move|p2a: Heatran|Protect|p2a: Heatran
|-singleturn|p2a: Heatran|Protect
|move|p1a: Heatran|Earth Power|p2a: Heatran
|-activate|p2a: Heatran|move: Protect
|
|-heal|p1a: Heatran|97/100|[from] Grassy Terrain
|-heal|p2a: Heatran|57/100|[from] Grassy Terrain
|-heal|p2a: Heatran|63/100|[from] item: Leftovers
|upkeep
|turn|28
|
|t:|1666565897
|switch|p2a: Tapu Lele|Tapu Lele|100/100
|-damage|p2a: Tapu Lele|88/100|[from] Stealth Rock
|-fieldstart|move: Psychic Terrain|[from] ability: Psychic Surge|[of] p2a: Tapu Lele
|move|p1a: Heatran|Earth Power|p2a: Tapu Lele
|-damage|p2a: Tapu Lele|50/100
|-unboost|p2a: Tapu Lele|spd|1
|
|upkeep
|turn|29
|j|+Dragonillis
|
|t:|1666565901
|move|p2a: Tapu Lele|Thunderbolt|p1a: Heatran
|-damage|p1a: Heatran|63/100
|move|p1a: Heatran|Earth Power|p2a: Tapu Lele
|-damage|p2a: Tapu Lele|0 fnt
|faint|p2a: Tapu Lele
|
|upkeep
|j| ultimategoogolplex
|
|t:|1666565906
|switch|p2a: Urshifu|Urshifu-Rapid-Strike, M|83/100
|-damage|p2a: Urshifu|77/100|[from] Stealth Rock
|turn|30
|j| aww damn
|
|t:|1666565921
|-end|p1a: Heatran|ability: Flash Fire|[silent]
|switch|p1a: Rillaboom|Rillaboom, F|53/100
|-fieldstart|move: Grassy Terrain|[from] ability: Grassy Surge|[of] p1a: Rillaboom
|move|p2a: Urshifu|Close Combat|p1a: Rillaboom
|-damage|p1a: Rillaboom|0 fnt
|-unboost|p2a: Urshifu|def|1
|-unboost|p2a: Urshifu|spd|1
|faint|p1a: Rillaboom
|
|-heal|p2a: Urshifu|83/100|[from] Grassy Terrain
|upkeep
|
|t:|1666565925
|switch|p1a: Heatran|Heatran, M|63/100
|turn|31
|
|t:|1666565929
|switch|p2a: Dragapult|Dragapult, M|63/100
|-damage|p2a: Dragapult|50/100|[from] Stealth Rock
|move|p1a: Heatran|Nature Power|p2a: Dragapult
|move|p1a: Heatran|Energy Ball|p2a: Dragapult|[from]move: Nature Power
|-resisted|p2a: Dragapult
|-damage|p2a: Dragapult|18/100
|
|-heal|p2a: Dragapult|24/100|[from] Grassy Terrain
|-heal|p1a: Heatran|70/100|[from] Grassy Terrain
|upkeep
|turn|32
|
|t:|1666565937
|move|p2a: Dragapult|U-turn|p1a: Heatran
|-resisted|p1a: Heatran
|-damage|p1a: Heatran|66/100
|
|t:|1666565939
|switch|p2a: Heatran|Heatran, F|63/100|[from]move: U-turn
|-damage|p2a: Heatran|51/100|[from] Stealth Rock
|move|p1a: Heatran|Nature Power|p2a: Heatran
|move|p1a: Heatran|Energy Ball|p2a: Heatran|[from]move: Nature Power
|-resisted|p2a: Heatran
|-crit|p2a: Heatran
|-damage|p2a: Heatran|41/100
|
|-heal|p1a: Heatran|72/100|[from] Grassy Terrain
|-heal|p2a: Heatran|47/100|[from] Grassy Terrain
|-heal|p2a: Heatran|54/100|[from] item: Leftovers
|upkeep
|turn|33
|
|t:|1666565944
|switch|p1a: Obstagoon|Obstagoon, M|66/100 brn
|move|p2a: Heatran|Magma Storm|p1a: Obstagoon
|-damage|p1a: Obstagoon|11/100 brn
|-activate|p1a: Obstagoon|move: Magma Storm|[of] p2a: Heatran
|
|-heal|p1a: Obstagoon|17/100 brn|[from] Grassy Terrain
|-heal|p2a: Heatran|60/100|[from] Grassy Terrain
|-heal|p2a: Heatran|66/100|[from] item: Leftovers
|-damage|p1a: Obstagoon|11/100 brn|[from] brn
|-damage|p1a: Obstagoon|0 fnt|[from] move: Magma Storm|[partiallytrapped]
|faint|p1a: Obstagoon
|upkeep
|
|t:|1666565946
|switch|p1a: Heatran|Heatran, M|72/100
|turn|34
|
|t:|1666565948
|move|p2a: Heatran|Protect|p2a: Heatran
|-singleturn|p2a: Heatran|Protect
|move|p1a: Heatran|Earth Power|p2a: Heatran
|-activate|p2a: Heatran|move: Protect
|
|-heal|p1a: Heatran|78/100|[from] Grassy Terrain
|-heal|p2a: Heatran|72/100|[from] Grassy Terrain
|-heal|p2a: Heatran|78/100|[from] item: Leftovers
|-fieldend|move: Grassy Terrain
|upkeep
|turn|35
|
|t:|1666565957
|move|p1a: Heatran|Earth Power|p2a: Heatran
|-supereffective|p2a: Heatran
|-damage|p2a: Heatran|0 fnt
|faint|p2a: Heatran
|
|upkeep
|
|t:|1666565960
|switch|p2a: Urshifu|Urshifu-Rapid-Strike, M|83/100
|-damage|p2a: Urshifu|77/100|[from] Stealth Rock
|turn|36
|
|t:|1666565963
|move|p1a: Heatran|Earth Power|p2a: Urshifu
|-damage|p2a: Urshifu|27/100
|move|p2a: Urshifu|Surging Strikes|p1a: Heatran
|-supereffective|p1a: Heatran
|-crit|p1a: Heatran
|-damage|p1a: Heatran|37/100
|-supereffective|p1a: Heatran
|-crit|p1a: Heatran
|-damage|p1a: Heatran|0 fnt
|faint|p1a: Heatran
|-hitcount|p1: Heatran|2
|
|win|why addicted
|raw|Shotintheheart's rating: 1830 &rarr; <strong>1811</strong><br />(-19 for losing)
|raw|why addicted's rating: 1856 &rarr; <strong>1875</strong><br />(+19 for winning)
|c|☆Shotintheheart|gg
|l|☆Shotintheheart
|l| ultimategoogolplex
||Ladder isn't responding, score probably updated but might not have (Request timeout).
|l| BabyPigsAreLaughin
