|j|☆Mayd4y
|j|☆Maitredouard2
|t:|1657622840
|gametype|singles
|player|p1|Mayd4y|lucas|1454
|player|p2|Maitredouard2|lance|1530
|teamsize|p1|6
|teamsize|p2|6
|gen|8
|tier|[Gen 8] OU
|rated|
|rule|Sleep Clause Mod: Limit one foe put to sleep
|rule|Species Clause: Limit one of each Pokémon
|rule|OHKO Clause: OHKO moves are banned
|rule|Evasion Moves Clause: Evasion moves are banned
|rule|Endless Battle Clause: Forcing endless battles is banned
|rule|HP Percentage Mod: HP is shown in percentages
|rule|Dynamax Clause: You cannot dynamax
|clearpoke
|poke|p1|Tapu Lele|
|poke|p1|Slowbro, M|
|poke|p1|Blissey, F|
|poke|p1|Zapdos|
|poke|p1|Blacephalon|
|poke|p1|Melmetal|
|poke|p2|Mandibuzz, F|
|poke|p2|Landorus-Therian, M|
|poke|p2|Blissey, F|
|poke|p2|Heatran, F|
|poke|p2|Toxapex, M|
|poke|p2|Tapu Lele|
|teampreview
|inactive|Battle timer is ON: inactive players will automatically lose when time's up. (requested by Mayd4y)
|
|t:|1657622855
|start
|switch|p1a: Slowbro|Slowbro, M|100/100
|switch|p2a: Landorus|Landorus-Therian, M|100/100
|-ability|p2a: Landorus|Intimidate|boost
|-unboost|p1a: Slowbro|atk|1
|turn|1
|inactive|Maitredouard2 has 120 seconds left.
|
|t:|1657622894
|move|p2a: Landorus|Knock Off|p1a: Slowbro
|-supereffective|p1a: Slowbro
|-damage|p1a: Slowbro|60/100
|-enditem|p1a: Slowbro|Heavy-Duty Boots|[from] move: Knock Off|[of] p2a: Landorus
|move|p1a: Slowbro|Scald|p2a: Landorus
|-supereffective|p2a: Landorus
|-damage|p2a: Landorus|25/100
|-status|p2a: Landorus|brn
|
|-damage|p2a: Landorus|19/100 brn|[from] brn
|upkeep
|turn|2
|inactive|Maitredouard2 has 120 seconds left.
|
|t:|1657622906
|switch|p2a: Tapu Lele|Tapu Lele|100/100
|-fieldstart|move: Psychic Terrain|[from] ability: Psychic Surge|[of] p2a: Tapu Lele
|move|p1a: Slowbro|Scald|p2a: Tapu Lele
|-damage|p2a: Tapu Lele|68/100
|
|upkeep
|turn|3
|inactive|Maitredouard2 has 120 seconds left.
|
|t:|1657622916
|switch|p1a: Melmetal|Melmetal|100/100
|move|p2a: Tapu Lele|Shadow Ball|p1a: Melmetal
|-damage|p1a: Melmetal|60/100
|
|upkeep
|turn|4
|
|t:|1657622926
|switch|p2a: Toxapex|Toxapex, M|100/100
|move|p1a: Melmetal|Thunder Wave|p2a: Toxapex
|-status|p2a: Toxapex|par
|
|upkeep
|turn|5
|
|t:|1657622933
|switch|p1a: Tapu Lele|Tapu Lele|100/100
|cant|p2a: Toxapex|par
|
|upkeep
|turn|6
|
|t:|1657622938
|switch|p2a: Blissey|Blissey, F|100/100
|move|p1a: Tapu Lele|Psyshock|p2a: Blissey
|-damage|p2a: Blissey|23/100
|
|-fieldend|move: Psychic Terrain
|upkeep
|turn|7
|
|t:|1657622945
|move|p1a: Tapu Lele|Psyshock|p2a: Blissey
|-damage|p2a: Blissey|0 fnt
|faint|p2a: Blissey
|
|upkeep
|
|t:|1657622950
|switch|p2a: Heatran|Heatran, F|100/100
|-item|p2a: Heatran|Air Balloon
|turn|8
|
|t:|1657622958
|switch|p1a: Slowbro|Slowbro, M|93/100
|move|p2a: Heatran|Magma Storm|p1a: Slowbro
|-resisted|p1a: Slowbro
|-damage|p1a: Slowbro|61/100
|-activate|p1a: Slowbro|move: Magma Storm|[of] p2a: Heatran
|
|-damage|p1a: Slowbro|48/100|[from] move: Magma Storm|[partiallytrapped]
|upkeep
|turn|9
|
|t:|1657622967
|move|p2a: Heatran|Taunt|p1a: Slowbro
|-start|p1a: Slowbro|move: Taunt
|cant|p1a: Slowbro|move: Taunt|Thunder Wave
|
|-damage|p1a: Slowbro|36/100|[from] move: Magma Storm|[partiallytrapped]
|upkeep
|turn|10
|
|t:|1657622974
|move|p2a: Heatran|Earth Power|p1a: Slowbro
|-damage|p1a: Slowbro|0 fnt
|faint|p1a: Slowbro
|
|upkeep
|
|t:|1657622982
|switch|p1a: Blissey|Blissey, F|100/100
|turn|11
|
|t:|1657622989
|move|p2a: Heatran|Magma Storm|p1a: Blissey
|-damage|p1a: Blissey|79/100
|-activate|p1a: Blissey|move: Magma Storm|[of] p2a: Heatran
|move|p1a: Blissey|Seismic Toss|p2a: Heatran
|-damage|p2a: Heatran|75/100
|-enditem|p2a: Heatran|Air Balloon
|
|-damage|p1a: Blissey|66/100|[from] move: Magma Storm|[partiallytrapped]
|upkeep
|turn|12
|
|t:|1657623000
|move|p2a: Heatran|Toxic|p1a: Blissey
|-status|p1a: Blissey|tox
|move|p1a: Blissey|Seismic Toss|p2a: Heatran
|-damage|p2a: Heatran|49/100
|
|-damage|p1a: Blissey|60/100 tox|[from] psn
|-damage|p1a: Blissey|48/100 tox|[from] move: Magma Storm|[partiallytrapped]
|upkeep
|turn|13
|
|t:|1657623010
|move|p2a: Heatran|Magma Storm|p1a: Blissey
|-damage|p1a: Blissey|27/100 tox
|move|p1a: Blissey|Seismic Toss|p2a: Heatran
|-damage|p2a: Heatran|23/100
|
|-damage|p1a: Blissey|15/100 tox|[from] psn
|-damage|p1a: Blissey|2/100 tox|[from] move: Magma Storm|[partiallytrapped]
|upkeep
|turn|14
|
|t:|1657623019
|move|p2a: Heatran|Earth Power|p1a: Blissey
|-damage|p1a: Blissey|0 fnt
|faint|p1a: Blissey
|
|upkeep
|
|t:|1657623022
|switch|p1a: Blacephalon|Blacephalon|100/100
|turn|15
|
|t:|1657623029
|switch|p2a: Mandibuzz|Mandibuzz, F|100/100
|move|p1a: Blacephalon|Shadow Ball|p2a: Mandibuzz
|-resisted|p2a: Mandibuzz
|-damage|p2a: Mandibuzz|84/100
|-unboost|p2a: Mandibuzz|spd|1
|
|upkeep
|turn|16
|
|t:|1657623037
|switch|p1a: Zapdos|Zapdos|100/100
|move|p2a: Mandibuzz|Toxic|p1a: Zapdos
|-status|p1a: Zapdos|tox
|
|-damage|p1a: Zapdos|94/100 tox|[from] psn
|upkeep
|turn|17
|
|t:|1657623045
|switch|p2a: Landorus|Landorus-Therian, M|19/100 brn
|-ability|p2a: Landorus|Intimidate|boost
|-unboost|p1a: Zapdos|atk|1
|move|p1a: Zapdos|Hurricane|p2a: Landorus
|-damage|p2a: Landorus|0 fnt
|faint|p2a: Landorus
|
|-damage|p1a: Zapdos|82/100 tox|[from] psn
|upkeep
|
|t:|1657623056
|switch|p2a: Tapu Lele|Tapu Lele|68/100
|-fieldstart|move: Psychic Terrain|[from] ability: Psychic Surge|[of] p2a: Tapu Lele
|turn|18
|
|t:|1657623063
|move|p2a: Tapu Lele|Shadow Ball|p1a: Zapdos
|-damage|p1a: Zapdos|41/100 tox
|move|p1a: Zapdos|Hurricane|p2a: Tapu Lele|[miss]
|-miss|p1a: Zapdos|p2a: Tapu Lele
|
|-damage|p1a: Zapdos|23/100 tox|[from] psn
|upkeep
|turn|19
|
|t:|1657623072
|move|p2a: Tapu Lele|Shadow Ball|p1a: Zapdos
|-damage|p1a: Zapdos|0 fnt
|faint|p1a: Zapdos
|
|upkeep
|
|t:|1657623079
|switch|p1a: Blacephalon|Blacephalon|100/100
|turn|20
|
|t:|1657623085
|switch|p2a: Mandibuzz|Mandibuzz, F|84/100
|move|p1a: Blacephalon|Fire Blast|p2a: Mandibuzz
|-damage|p2a: Mandibuzz|38/100
|
|upkeep
|turn|21
|
|t:|1657623097
|switch|p1a: Tapu Lele|Tapu Lele|100/100
|switch|p2a: Heatran|Heatran, F|23/100
|
|upkeep
|turn|22
|
|t:|1657623104
|switch|p2a: Toxapex|Toxapex, M|100/100 par
|move|p1a: Tapu Lele|Psychic|p2a: Toxapex
|-supereffective|p2a: Toxapex
|-damage|p2a: Toxapex|0 fnt
|faint|p2a: Toxapex
|
|-fieldend|move: Psychic Terrain
|upkeep
|
|t:|1657623113
|switch|p2a: Mandibuzz|Mandibuzz, F|38/100
|turn|23
|
|t:|1657623117
|switch|p1a: Melmetal|Melmetal|60/100
|move|p2a: Mandibuzz|Roost|p2a: Mandibuzz
|-heal|p2a: Mandibuzz|88/100
|-singleturn|p2a: Mandibuzz|move: Roost
|
|upkeep
|turn|24
|
|t:|1657623124
|move|p2a: Mandibuzz|Taunt|p1a: Melmetal
|-start|p1a: Melmetal|move: Taunt
|cant|p1a: Melmetal|move: Taunt|Thunder Wave
|
|upkeep
|turn|25
|
|t:|1657623129
|move|p2a: Mandibuzz|Foul Play|p1a: Melmetal
|-damage|p1a: Melmetal|26/100
|move|p1a: Melmetal|Double Iron Bash|p2a: Mandibuzz
|-damage|p2a: Mandibuzz|59/100
|-damage|p2a: Mandibuzz|30/100
|-hitcount|p2a: Mandibuzz|2
|
|upkeep
|turn|26
|
|t:|1657623138
|switch|p1a: Tapu Lele|Tapu Lele|100/100
|-fieldstart|move: Psychic Terrain|[from] ability: Psychic Surge|[of] p1a: Tapu Lele
|move|p2a: Mandibuzz|Foul Play|p1a: Tapu Lele
|-damage|p1a: Tapu Lele|61/100
|
|upkeep
|turn|27
|
|t:|1657623148
|switch|p2a: Heatran|Heatran, F|23/100
|move|p1a: Tapu Lele|Moonblast|p2a: Heatran
|-resisted|p2a: Heatran
|-damage|p2a: Heatran|5/100
|
|upkeep
|turn|28
|
|t:|1657623155
|move|p1a: Tapu Lele|Moonblast|p2a: Heatran
|-resisted|p2a: Heatran
|-damage|p2a: Heatran|0 fnt
|faint|p2a: Heatran
|
|upkeep
|
|t:|1657623161
|switch|p2a: Tapu Lele|Tapu Lele|68/100
|turn|29
|
|t:|1657623164
|switch|p1a: Melmetal|Melmetal|26/100
|move|p2a: Tapu Lele|Shadow Ball|p1a: Melmetal
|-damage|p1a: Melmetal|0 fnt
|faint|p1a: Melmetal
|
|upkeep
|
|t:|1657623171
|switch|p1a: Blacephalon|Blacephalon|100/100
|turn|30
|
|t:|1657623180
|move|p1a: Blacephalon|Shadow Ball|p2a: Tapu Lele
|-supereffective|p2a: Tapu Lele
|-damage|p2a: Tapu Lele|0 fnt
|faint|p2a: Tapu Lele
|-ability|p1a: Blacephalon|Beast Boost|boost
|-boost|p1a: Blacephalon|spa|1
|
|-fieldend|move: Psychic Terrain
|upkeep
|
|t:|1657623188
|switch|p2a: Mandibuzz|Mandibuzz, F|30/100
|turn|31
|
|t:|1657623190
|move|p1a: Blacephalon|Shadow Ball|p2a: Mandibuzz
|-resisted|p2a: Mandibuzz
|-damage|p2a: Mandibuzz|4/100
|move|p2a: Mandibuzz|Roost|p2a: Mandibuzz
|-heal|p2a: Mandibuzz|54/100
|-singleturn|p2a: Mandibuzz|move: Roost
|
|upkeep
|turn|32
|
|t:|1657623198
|move|p1a: Blacephalon|Shadow Ball|p2a: Mandibuzz
|-resisted|p2a: Mandibuzz
|-damage|p2a: Mandibuzz|31/100
|move|p2a: Mandibuzz|Roost|p2a: Mandibuzz
|-heal|p2a: Mandibuzz|81/100
|-singleturn|p2a: Mandibuzz|move: Roost
|
|upkeep
|turn|33
|
|t:|1657623206
|move|p1a: Blacephalon|Shadow Ball|p2a: Mandibuzz
|-resisted|p2a: Mandibuzz
|-damage|p2a: Mandibuzz|58/100
|move|p2a: Mandibuzz|Roost|p2a: Mandibuzz
|-heal|p2a: Mandibuzz|100/100
|-singleturn|p2a: Mandibuzz|move: Roost
|
|upkeep
|turn|34
|
|t:|1657623214
|move|p1a: Blacephalon|Shadow Ball|p2a: Mandibuzz
|-resisted|p2a: Mandibuzz
|-damage|p2a: Mandibuzz|77/100
|move|p2a: Mandibuzz|Foul Play|p1a: Blacephalon
|-supereffective|p1a: Blacephalon
|-damage|p1a: Blacephalon|0 fnt
|faint|p1a: Blacephalon
|
|upkeep
|
|t:|1657623220
|switch|p1a: Tapu Lele|Tapu Lele|61/100
|-fieldstart|move: Psychic Terrain|[from] ability: Psychic Surge|[of] p1a: Tapu Lele
|turn|35
|
|t:|1657623226
|move|p1a: Tapu Lele|Moonblast|p2a: Mandibuzz
|-supereffective|p2a: Mandibuzz
|-damage|p2a: Mandibuzz|0 fnt
|faint|p2a: Mandibuzz
|
|win|Mayd4y
|raw|Mayd4y's rating: 1454 &rarr; <strong>1478</strong><br />(+24 for winning)
|raw|Maitredouard2's rating: 1530 &rarr; <strong>1506</strong><br />(-24 for losing)
|l|☆Maitredouard2
