|html|<div class="broadcast-blue"><strong>[Gen 8] OU is currently suspecting Melmetal! For information on how to participate check out the <a href="https://www.smogon.com/forums/threads/np-ss-ou-suspect-process-round-12-monster-mash.3709234/">suspect thread</a>.</strong></div>
|j|☆therockcena
|j|☆Thatgenyou
|t:|1666378538
|gametype|singles
|player|p1|therockcena|cynthia|1568
|player|p2|Thatgenyou|2|1577
|teamsize|p1|6
|teamsize|p2|6
|gen|8
|tier|[Gen 8] OU
|rated|
|rule|Sleep Clause Mod: Limit one foe put to sleep
|rule|Species Clause: Limit one of each Pokémon
|rule|OHKO Clause: OHKO moves are banned
|rule|Evasion Items Clause: Evasion items are banned
|rule|Evasion Moves Clause: Evasion moves are banned
|rule|Endless Battle Clause: Forcing endless battles is banned
|rule|HP Percentage Mod: HP is shown in percentages
|rule|Dynamax Clause: You cannot dynamax
|clearpoke
|poke|p1|Celesteela|
|poke|p1|Polteageist-Antique|
|poke|p1|Volcarona, M|
|poke|p1|Pelipper, F|
|poke|p1|Excadrill, M|
|poke|p1|Kartana|
|poke|p2|Tapu Fini|
|poke|p2|Melmetal|
|poke|p2|Tapu Lele|
|poke|p2|Landorus-Therian, M|
|poke|p2|Zapdos|
|poke|p2|Hydreigon, F|
|teampreview
|inactive|Battle timer is ON: inactive players will automatically lose when time's up. (requested by therockcena)
|inactive|Thatgenyou has 120 seconds left.
|
|t:|1666378591
|start
|switch|p1a: Pelipper|Pelipper, F|100/100
|switch|p2a: Harley Quinn|Tapu Lele|100/100
|-fieldstart|move: Psychic Terrain|[from] ability: Psychic Surge|[of] p2a: Harley Quinn
|-weather|RainDance|[from] ability: Drizzle|[of] p1a: Pelipper
|turn|1
|
|t:|1666378603
|move|p2a: Harley Quinn|Thunderbolt|p1a: Pelipper
|-supereffective|p1a: Pelipper
|-damage|p1a: Pelipper|0 fnt
|faint|p1a: Pelipper
|
|-weather|RainDance|[upkeep]
|upkeep
|
|t:|1666378608
|switch|p1a: Polteageist|Polteageist-Antique|100/100
|turn|2
|
|t:|1666378618
|move|p2a: Harley Quinn|Thunderbolt|p1a: Polteageist
|-damage|p1a: Polteageist|44/100
|move|p1a: Polteageist|Shell Smash|p1a: Polteageist
|-unboost|p1a: Polteageist|def|1
|-unboost|p1a: Polteageist|spd|1
|-boost|p1a: Polteageist|atk|2
|-boost|p1a: Polteageist|spa|2
|-boost|p1a: Polteageist|spe|2
|
|-weather|RainDance|[upkeep]
|upkeep
|turn|3
|j| palpster9
|j| Jynx nuggets
|l| Jynx nuggets
|inactive|Thatgenyou has 120 seconds left.
|
|t:|1666378652
|switch|p2a: Adam Smasher|Melmetal|100/100
|move|p1a: Polteageist|Shadow Ball|p2a: Adam Smasher
|-damage|p2a: Adam Smasher|23/100
|
|-weather|RainDance|[upkeep]
|-heal|p2a: Adam Smasher|29/100|[from] item: Leftovers
|upkeep
|turn|4
|
|t:|1666378660
|move|p1a: Polteageist|Shadow Ball|p2a: Adam Smasher
|-damage|p2a: Adam Smasher|0 fnt
|faint|p2a: Adam Smasher
|
|-weather|RainDance|[upkeep]
|upkeep
|
|t:|1666378665
|switch|p2a: The Wither|Hydreigon, F|100/100
|turn|5
|
|t:|1666378670
|move|p1a: Polteageist|Shadow Ball|p2a: The Wither
|-resisted|p2a: The Wither
|-damage|p2a: The Wither|50/100
|move|p2a: The Wither|Dark Pulse|p1a: Polteageist
|-supereffective|p1a: Polteageist
|-damage|p1a: Polteageist|0 fnt
|faint|p1a: Polteageist
|
|-weather|none
|-heal|p2a: The Wither|56/100|[from] item: Leftovers
|-fieldend|move: Psychic Terrain
|upkeep
|
|t:|1666378674
|switch|p1a: Excadrill|Excadrill, M|100/100
|-ability|p1a: Excadrill|Mold Breaker
|turn|6
|l| palpster9
|inactive|Thatgenyou has 120 seconds left.
|
|t:|1666378724
|switch|p2a: Gustavo Fring|Landorus-Therian, M|100/100
|-ability|p2a: Gustavo Fring|Intimidate|boost
|-unboost|p1a: Excadrill|atk|1
|move|p1a: Excadrill|Stealth Rock|p2a: Gustavo Fring
|-sidestart|p2: Thatgenyou|move: Stealth Rock
|
|upkeep
|turn|7
|
|t:|1666378740
|switch|p1a: Celesteela|Celesteela|100/100
|move|p2a: Gustavo Fring|Knock Off|p1a: Celesteela
|-damage|p1a: Celesteela|70/100
|-enditem|p1a: Celesteela|Power Herb|[from] move: Knock Off|[of] p2a: Gustavo Fring
|
|upkeep
|turn|8
|
|t:|1666378749
|move|p1a: Celesteela|Autotomize|p1a: Celesteela
|-boost|p1a: Celesteela|spe|2
|-start|p1a: Celesteela|Autotomize
|move|p2a: Gustavo Fring|U-turn|p1a: Celesteela
|-resisted|p1a: Celesteela
|-damage|p1a: Celesteela|64/100
|inactive|Thatgenyou has 90 seconds left.
|
|t:|1666378770
|switch|p2a: Griffith|Zapdos|100/100|[from]move: U-turn
|
|upkeep
|turn|9
|
|t:|1666378775
|move|p1a: Celesteela|Air Slash|p2a: Griffith
|-resisted|p2a: Griffith
|-damage|p2a: Griffith|82/100
|move|p2a: Griffith|Volt Switch|p1a: Celesteela
|-supereffective|p1a: Celesteela
|-damage|p1a: Celesteela|4/100
|inactive|Thatgenyou has 90 seconds left.
|
|t:|1666378797
|switch|p2a: Gustavo Fring|Landorus-Therian, M|100/100|[from]move: Volt Switch
|-damage|p2a: Gustavo Fring|88/100|[from] Stealth Rock
|-ability|p2a: Gustavo Fring|Intimidate|boost
|-unboost|p1a: Celesteela|atk|1
|
|-heal|p2a: Gustavo Fring|94/100|[from] item: Leftovers
|upkeep
|turn|10
|inactive|Thatgenyou has 90 seconds left.
|
|t:|1666378805
|move|p1a: Celesteela|Meteor Beam||[still]
|-prepare|p1a: Celesteela|Meteor Beam
|-boost|p1a: Celesteela|spa|1
|move|p2a: Gustavo Fring|U-turn|p1a: Celesteela
|-resisted|p1a: Celesteela
|-damage|p1a: Celesteela|0 fnt
|faint|p1a: Celesteela
|inactive|Thatgenyou has 90 seconds left.
|j| Kakashihatakehere
|
|t:|1666378824
|switch|p2a: Bellatrix|Tapu Fini, shiny|100/100|[from]move: U-turn
|-damage|p2a: Bellatrix|88/100|[from] Stealth Rock
|-fieldstart|move: Misty Terrain|[from] ability: Misty Surge|[of] p2a: Bellatrix
|
|upkeep
|
|t:|1666378827
|switch|p1a: Kartana|Kartana|100/100
|turn|11
|
|t:|1666378832
|switch|p2a: Griffith|Zapdos|82/100
|move|p1a: Kartana|Swords Dance|p1a: Kartana
|-boost|p1a: Kartana|atk|2
|
|upkeep
|turn|12
|
|t:|1666378837
|move|p1a: Kartana|Psycho Cut|p2a: Griffith
|-damage|p2a: Griffith|43/100
|move|p2a: Griffith|Hurricane|p1a: Kartana
|-crit|p1a: Kartana
|-damage|p1a: Kartana|0 fnt
|faint|p1a: Kartana
|
|upkeep
|
|t:|1666378839
|switch|p1a: Volcarona|Volcarona, M|100/100
|turn|13
|
|t:|1666378856
|move|p1a: Volcarona|Flamethrower|p2a: Griffith
|-damage|p2a: Griffith|0 fnt
|faint|p2a: Griffith
|
|upkeep
|inactive|Thatgenyou has 90 seconds left.
|
|t:|1666378873
|switch|p2a: Bellatrix|Tapu Fini, shiny|88/100
|-damage|p2a: Bellatrix|76/100|[from] Stealth Rock
|turn|14
|
|t:|1666378877
|switch|p1a: Excadrill|Excadrill, M|100/100
|-ability|p1a: Excadrill|Mold Breaker
|move|p2a: Bellatrix|Surf|p1a: Excadrill
|-supereffective|p1a: Excadrill
|-damage|p1a: Excadrill|16/100
|
|-fieldend|Misty Terrain
|upkeep
|turn|15
|
|t:|1666378885
|move|p2a: Bellatrix|Surf|p1a: Excadrill
|-supereffective|p1a: Excadrill
|-damage|p1a: Excadrill|0 fnt
|faint|p1a: Excadrill
|
|upkeep
|
|t:|1666378888
|switch|p1a: Volcarona|Volcarona, M|100/100
|turn|16
|
|t:|1666378891
|move|p2a: Bellatrix|Surf|p1a: Volcarona
|-supereffective|p1a: Volcarona
|-crit|p1a: Volcarona
|-damage|p1a: Volcarona|0 fnt
|faint|p1a: Volcarona
|
|win|Thatgenyou
|raw|therockcena's rating: 1568 &rarr; <strong>1549</strong><br />(-19 for losing)
|raw|Thatgenyou's rating: 1577 &rarr; <strong>1596</strong><br />(+19 for winning)
|l|☆therockcena
|c|☆Thatgenyou|gg
|l| Kakashihatakehere
||Ladder isn't responding, score probably updated but might not have (Request timeout).
