|html|<div class="broadcast-blue"><strong>[Gen 8] OU is currently suspecting Melmetal! For information on how to participate check out the <a href="https://www.smogon.com/forums/threads/np-ss-ou-suspect-process-round-12-monster-mash.3709234/">suspect thread</a>.</strong></div>
|j|☆Blinkboy
|j|☆ChandosH
|t:|1665872383
|gametype|singles
|player|p1|Blinkboy|170|1404
|player|p2|ChandosH|n-masters|1413
|teamsize|p1|6
|teamsize|p2|6
|gen|8
|tier|[Gen 8] OU
|rated|
|rule|Sleep Clause Mod: Limit one foe put to sleep
|rule|Species Clause: Limit one of each Pokémon
|rule|OHKO Clause: OHKO moves are banned
|rule|Evasion Items Clause: Evasion items are banned
|rule|Evasion Moves Clause: Evasion moves are banned
|rule|Endless Battle Clause: Forcing endless battles is banned
|rule|HP Percentage Mod: HP is shown in percentages
|rule|Dynamax Clause: You cannot dynamax
|clearpoke
|poke|p1|Garchomp, M|
|poke|p1|Melmetal|
|poke|p1|Tapu Lele|
|poke|p1|Tornadus-Therian, M|
|poke|p1|Ferrothorn, F|
|poke|p1|Rotom-Wash|
|poke|p2|Marowak-Alola, F|
|poke|p2|Corviknight, M|
|poke|p2|Toxapex, F|
|poke|p2|Hatterene, F|
|poke|p2|Blissey, F|
|poke|p2|Rotom-Wash|
|teampreview
|inactive|Battle timer is ON: inactive players will automatically lose when time's up. (requested by Blinkboy)
|
|t:|1665872405
|start
|switch|p1a: Tornadus|Tornadus-Therian, M|100/100
|switch|p2a: Toxapex|Toxapex, F|100/100
|turn|1
|
|t:|1665872414
|switch|p2a: Corviknight|Corviknight, M|100/100
|-ability|p2a: Corviknight|Pressure
|move|p1a: Tornadus|Knock Off|p2a: Corviknight
|-crit|p2a: Corviknight
|-damage|p2a: Corviknight|82/100
|-enditem|p2a: Corviknight|Leftovers|[from] move: Knock Off|[of] p1a: Tornadus
|
|upkeep
|turn|2
|
|t:|1665872425
|move|p1a: Tornadus|U-turn|p2a: Corviknight
|-resisted|p2a: Corviknight
|-damage|p2a: Corviknight|80/100
|
|t:|1665872428
|switch|p1a: Rotom|Rotom-Wash|100/100|[from]move: U-turn
|move|p2a: Corviknight|U-turn|p1a: Rotom
|-damage|p1a: Rotom|85/100
|
|t:|1665872435
|switch|p2a: Blissey|Blissey, F|100/100|[from]move: U-turn
|
|-heal|p1a: Rotom|91/100|[from] item: Leftovers
|upkeep
|turn|3
|
|t:|1665872444
|move|p1a: Rotom|Volt Switch|p2a: Blissey
|-damage|p2a: Blissey|91/100
|
|t:|1665872446
|switch|p1a: Ferrothorn|Ferrothorn, F|100/100|[from]move: Volt Switch
|move|p2a: Blissey|Teleport|p2a: Blissey
|
|t:|1665872450
|switch|p2a: Marowak|Marowak-Alola, F|100/100|[from]move: Teleport
|
|upkeep
|turn|4
|
|t:|1665872457
|switch|p1a: Garchomp|Garchomp, M|100/100
|move|p2a: Marowak|Poltergeist|p1a: Garchomp
|-activate|p1a: Garchomp|move: Poltergeist|Leftovers
|-damage|p1a: Garchomp|7/100
|
|-heal|p1a: Garchomp|13/100|[from] item: Leftovers
|upkeep
|turn|5
|
|t:|1665872465
|switch|p2a: Corviknight|Corviknight, M|80/100
|-ability|p2a: Corviknight|Pressure
|move|p1a: Garchomp|Swords Dance|p1a: Garchomp
|-boost|p1a: Garchomp|atk|2
|
|-heal|p1a: Garchomp|20/100|[from] item: Leftovers
|upkeep
|turn|6
|
|t:|1665872470
|move|p1a: Garchomp|Fire Fang|p2a: Corviknight
|-supereffective|p2a: Corviknight
|-damage|p2a: Corviknight|26/100
|-status|p2a: Corviknight|brn
|move|p2a: Corviknight|Brave Bird|p1a: Garchomp
|-damage|p1a: Garchomp|3/100
|-damage|p2a: Corviknight|13/100 brn|[from] ability: Rough Skin|[of] p1a: Garchomp
|-damage|p2a: Corviknight|8/100 brn|[from] Recoil
|
|-heal|p1a: Garchomp|9/100|[from] item: Leftovers
|-damage|p2a: Corviknight|2/100 brn|[from] brn
|upkeep
|turn|7
|
|t:|1665872488
|move|p1a: Garchomp|Scale Shot|p2a: Corviknight
|-resisted|p2a: Corviknight
|-damage|p2a: Corviknight|0 fnt
|faint|p2a: Corviknight
|-hitcount|p2: Corviknight|1
|-unboost|p1a: Garchomp|def|1
|-boost|p1a: Garchomp|spe|1
|
|-heal|p1a: Garchomp|15/100|[from] item: Leftovers
|upkeep
|
|t:|1665872500
|switch|p2a: Hatterene|Hatterene, F|100/100
|turn|8
|
|t:|1665872510
|move|p1a: Garchomp|Earthquake|p2a: Hatterene
|-damage|p2a: Hatterene|8/100
|move|p2a: Hatterene|Psyshock|p1a: Garchomp
|-damage|p1a: Garchomp|0 fnt
|faint|p1a: Garchomp
|
|-heal|p2a: Hatterene|14/100|[from] item: Leftovers
|upkeep
|
|t:|1665872523
|switch|p1a: Tornadus|Tornadus-Therian, M|100/100
|turn|9
|
|t:|1665872531
|switch|p2a: Toxapex|Toxapex, F|100/100
|move|p1a: Tornadus|Knock Off|p2a: Toxapex
|-damage|p2a: Toxapex|89/100
|-enditem|p2a: Toxapex|Eject Button|[from] move: Knock Off|[of] p1a: Tornadus
|
|upkeep
|turn|10
|
|t:|1665872544
|move|p1a: Tornadus|U-turn|p2a: Toxapex
|-resisted|p2a: Toxapex
|-damage|p2a: Toxapex|84/100
|
|t:|1665872554
|switch|p1a: Rotom|Rotom-Wash|91/100|[from]move: U-turn
|move|p2a: Toxapex|Toxic|p1a: Rotom
|-status|p1a: Rotom|tox
|
|-heal|p1a: Rotom|98/100 tox|[from] item: Leftovers
|-damage|p1a: Rotom|91/100 tox|[from] psn
|upkeep
|turn|11
|
|t:|1665872557
|switch|p2a: Blissey|Blissey, F|91/100
|move|p1a: Rotom|Volt Switch|p2a: Blissey
|-damage|p2a: Blissey|82/100
|
|t:|1665872560
|switch|p1a: Melmetal|Melmetal|100/100|[from]move: Volt Switch
|
|upkeep
|turn|12
|
|t:|1665872568
|switch|p2a: Toxapex|Toxapex, F|100/100
|move|p1a: Melmetal|Double Iron Bash|p2a: Toxapex
|-resisted|p2a: Toxapex
|-damage|p2a: Toxapex|86/100
|-resisted|p2a: Toxapex
|-damage|p2a: Toxapex|73/100
|-hitcount|p2a: Toxapex|2
|
|upkeep
|turn|13
|
|t:|1665872588
|switch|p1a: Ferrothorn|Ferrothorn, F|100/100
|switch|p2a: Marowak|Marowak-Alola, F|100/100
|
|upkeep
|turn|14
|
|t:|1665872601
|switch|p1a: Rotom|Rotom-Wash|91/100 tox
|move|p2a: Marowak|Flame Charge|p1a: Rotom
|-resisted|p1a: Rotom
|-damage|p1a: Rotom|69/100 tox
|-boost|p2a: Marowak|spe|1
|
|-heal|p1a: Rotom|75/100 tox|[from] item: Leftovers
|-damage|p1a: Rotom|69/100 tox|[from] psn
|upkeep
|turn|15
|
|t:|1665872614
|move|p2a: Marowak|Poltergeist|p1a: Rotom
|-activate|p1a: Rotom|move: Poltergeist|Leftovers
|-damage|p1a: Rotom|0 fnt
|faint|p1a: Rotom
|
|upkeep
|
|t:|1665872620
|switch|p1a: Tornadus|Tornadus-Therian, M|100/100
|turn|16
|
|t:|1665872626
|switch|p2a: Toxapex|Toxapex, F|100/100
|move|p1a: Tornadus|Knock Off|p2a: Toxapex
|-damage|p2a: Toxapex|93/100
|
|upkeep
|turn|17
|inactive|ChandosH has 120 seconds left.
|
|t:|1665872679
|switch|p2a: Rotom|Rotom-Wash|100/100
|move|p1a: Tornadus|Hurricane|p2a: Rotom
|-resisted|p2a: Rotom
|-damage|p2a: Rotom|83/100
|
|-heal|p2a: Rotom|89/100|[from] item: Leftovers
|upkeep
|turn|18
|
|t:|1665872686
|move|p1a: Tornadus|Knock Off|p2a: Rotom
|-damage|p2a: Rotom|69/100
|-enditem|p2a: Rotom|Leftovers|[from] move: Knock Off|[of] p1a: Tornadus
|move|p2a: Rotom|Thunder Wave|p1a: Tornadus
|-status|p1a: Tornadus|par
|
|upkeep
|turn|19
|
|t:|1665872698
|move|p2a: Rotom|Volt Switch|p1a: Tornadus
|-supereffective|p1a: Tornadus
|-damage|p1a: Tornadus|64/100 par
|
|t:|1665872706
|switch|p2a: Toxapex|Toxapex, F|100/100|[from]move: Volt Switch
|move|p1a: Tornadus|U-turn|p2a: Toxapex
|-resisted|p2a: Toxapex
|-damage|p2a: Toxapex|97/100
|
|t:|1665872714
|switch|p1a: Tapu Lele|Tapu Lele|100/100|[from]move: U-turn
|-fieldstart|move: Psychic Terrain|[from] ability: Psychic Surge|[of] p1a: Tapu Lele
|
|upkeep
|turn|20
|
|t:|1665872727
|move|p1a: Tapu Lele|Future Sight|p2a: Toxapex
|-start|p1a: Tapu Lele|move: Future Sight
|move|p2a: Toxapex|Toxic|p1a: Tapu Lele
|-status|p1a: Tapu Lele|tox
|
|-damage|p1a: Tapu Lele|94/100 tox|[from] psn
|upkeep
|turn|21
|
|t:|1665872739
|switch|p1a: Melmetal|Melmetal|100/100
|switch|p2a: Blissey|Blissey, F|82/100
|
|upkeep
|turn|22
|
|t:|1665872746
|switch|p2a: Hatterene|Hatterene, F|14/100
|move|p1a: Melmetal|Double Iron Bash|p2a: Hatterene
|-supereffective|p2a: Hatterene
|-damage|p2a: Hatterene|0 fnt
|faint|p2a: Hatterene
|-hitcount|p2: Hatterene|1
|
|-hint|Future Sight did not hit because the target is fainted.
|upkeep
|inactive|ChandosH has 90 seconds left.
|
|t:|1665872777
|switch|p2a: Marowak|Marowak-Alola, F|100/100
|turn|23
|
|t:|1665872801
|switch|p1a: Tornadus|Tornadus-Therian, M|98/100 par
|move|p2a: Marowak|Earthquake|p1a: Tornadus
|-immune|p1a: Tornadus
|
|-fieldend|move: Psychic Terrain
|upkeep
|turn|24
|
|t:|1665872808
|move|p2a: Marowak|Poltergeist|p1a: Tornadus
|-activate|p1a: Tornadus|move: Poltergeist|Assault Vest
|-crit|p1a: Tornadus
|-damage|p1a: Tornadus|0 fnt
|faint|p1a: Tornadus
|
|upkeep
|
|t:|1665872811
|switch|p1a: Tapu Lele|Tapu Lele|94/100 tox
|-fieldstart|move: Psychic Terrain|[from] ability: Psychic Surge|[of] p1a: Tapu Lele
|turn|25
|
|t:|1665872832
|switch|p2a: Blissey|Blissey, F|82/100
|move|p1a: Tapu Lele|Psychic|p2a: Blissey
|-damage|p2a: Blissey|61/100
|
|-damage|p1a: Tapu Lele|88/100 tox|[from] psn
|upkeep
|turn|26
|
|t:|1665872838
|switch|p1a: Melmetal|Melmetal|100/100
|move|p2a: Blissey|Soft-Boiled|p2a: Blissey
|-heal|p2a: Blissey|100/100
|
|upkeep
|turn|27
|
|t:|1665872851
|switch|p2a: Rotom|Rotom-Wash|69/100
|move|p1a: Melmetal|Double Iron Bash|p2a: Rotom
|-resisted|p2a: Rotom
|-damage|p2a: Rotom|58/100
|-resisted|p2a: Rotom
|-damage|p2a: Rotom|47/100
|-hitcount|p2a: Rotom|2
|
|upkeep
|turn|28
|
|t:|1665872870
|switch|p1a: Tapu Lele|Tapu Lele|88/100 tox
|move|p2a: Rotom|Pain Split|p1a: Tapu Lele
|-sethp|p1a: Tapu Lele|69/100 tox|[from] move: Pain Split|[silent]
|-sethp|p2a: Rotom|64/100|[from] move: Pain Split
|
|-damage|p1a: Tapu Lele|63/100 tox|[from] psn
|upkeep
|turn|29
|
|t:|1665872878
|switch|p2a: Blissey|Blissey, F|100/100
|move|p1a: Tapu Lele|Psychic|p2a: Blissey
|-damage|p2a: Blissey|79/100
|
|-damage|p1a: Tapu Lele|51/100 tox|[from] psn
|-fieldend|move: Psychic Terrain
|upkeep
|turn|30
|
|t:|1665872886
|switch|p1a: Melmetal|Melmetal|100/100
|move|p2a: Blissey|Soft-Boiled|p2a: Blissey
|-heal|p2a: Blissey|100/100
|
|upkeep
|turn|31
|
|t:|1665872895
|switch|p2a: Rotom|Rotom-Wash|64/100
|move|p1a: Melmetal|Superpower|p2a: Rotom
|-crit|p2a: Rotom
|-damage|p2a: Rotom|0 fnt
|-unboost|p1a: Melmetal|atk|1
|-unboost|p1a: Melmetal|def|1
|faint|p2a: Rotom
|
|upkeep
|
|t:|1665872900
|switch|p2a: Marowak|Marowak-Alola, F|100/100
|turn|32
|
|t:|1665872916
|move|p2a: Marowak|Earthquake|p1a: Melmetal
|-supereffective|p1a: Melmetal
|-damage|p1a: Melmetal|9/100
|move|p1a: Melmetal|Double Iron Bash|p2a: Marowak
|-resisted|p2a: Marowak
|-damage|p2a: Marowak|83/100
|-resisted|p2a: Marowak
|-damage|p2a: Marowak|66/100
|-hitcount|p2a: Marowak|2
|
|upkeep
|turn|33
|
|t:|1665872926
|move|p2a: Marowak|Flame Charge|p1a: Melmetal
|-supereffective|p1a: Melmetal
|-damage|p1a: Melmetal|0 fnt
|-boost|p2a: Marowak|spe|1
|faint|p1a: Melmetal
|
|upkeep
|
|t:|1665872929
|switch|p1a: Tapu Lele|Tapu Lele|51/100 tox
|-fieldstart|move: Psychic Terrain|[from] ability: Psychic Surge|[of] p1a: Tapu Lele
|turn|34
|
|t:|1665872934
|switch|p2a: Blissey|Blissey, F|100/100
|move|p1a: Tapu Lele|Psychic|p2a: Blissey
|-damage|p2a: Blissey|80/100
|-unboost|p2a: Blissey|spd|1
|
|-damage|p1a: Tapu Lele|45/100 tox|[from] psn
|upkeep
|turn|35
|
|t:|1665872945
|switch|p1a: Ferrothorn|Ferrothorn, F|100/100
|move|p2a: Blissey|Soft-Boiled|p2a: Blissey
|-heal|p2a: Blissey|100/100
|
|upkeep
|turn|36
|
|t:|1665872950
|move|p2a: Blissey|Thunder Wave|p1a: Ferrothorn
|-status|p1a: Ferrothorn|par
|cant|p1a: Ferrothorn|par
|
|upkeep
|turn|37
|
|t:|1665872954
|move|p1a: Ferrothorn|Stealth Rock|p2a: Blissey
|-sidestart|p2: ChandosH|move: Stealth Rock
|move|p2a: Blissey|Teleport|p2a: Blissey
|inactive|ChandosH has 120 seconds left.
|
|t:|1665872997
|switch|p2a: Marowak|Marowak-Alola, F|66/100|[from]move: Teleport
|-damage|p2a: Marowak|41/100|[from] Stealth Rock
|
|upkeep
|turn|38
|
|t:|1665873005
|move|p2a: Marowak|Flame Charge|p1a: Ferrothorn
|-supereffective|p1a: Ferrothorn
|-damage|p1a: Ferrothorn|1/100 par
|-boost|p2a: Marowak|spe|1
|-damage|p2a: Marowak|28/100|[from] ability: Iron Barbs|[of] p1a: Ferrothorn
|move|p1a: Ferrothorn|Power Whip|p2a: Marowak
|-resisted|p2a: Marowak
|-damage|p2a: Marowak|7/100
|
|-fieldend|move: Psychic Terrain
|upkeep
|turn|39
|inactive|ChandosH has 120 seconds left.
|c|☆ChandosH|Lol
|l|☆Blinkboy
|inactive|Blinkboy disconnected and has a minute to reconnect!
|player|p1|
|
|t:|1665873024
|move|p2a: Marowak|Earthquake|p1a: Ferrothorn
|-damage|p1a: Ferrothorn|0 fnt
|faint|p1a: Ferrothorn
|
|upkeep
|c|☆ChandosH|gg wp
|inactive|Blinkboy has 30 seconds to reconnect!
|inactive|Blinkboy has 20 seconds to reconnect!
|inactive|Blinkboy has 15 seconds to reconnect!
|inactive|Blinkboy has 10 seconds to reconnect!
|inactive|Blinkboy has 5 seconds to reconnect!
|-message|Blinkboy lost due to inactivity.
|
|win|ChandosH
|raw|Blinkboy's rating: 1404 &rarr; <strong>1385</strong><br />(-19 for losing)
|raw|ChandosH's rating: 1413 &rarr; <strong>1432</strong><br />(+19 for winning)
||Ladder isn't responding, score probably updated but might not have (Request timeout).
