|j|☆o7 CloudyEJ
|j|☆bizarman
|inactive|Battle timer is ON: inactive players will automatically lose when time's up.
|t:|1657361011
|gametype|singles
|player|p1|o7 CloudyEJ|psychic-gen4|
|player|p2|bizarman|scientist-gen4|
|teamsize|p1|6
|teamsize|p2|6
|gen|8
|tier|[Gen 8] OU
|rated|Tournament battle
|rule|Sleep Clause Mod: Limit one foe put to sleep
|rule|Species Clause: Limit one of each Pokémon
|rule|OHKO Clause: OHKO moves are banned
|rule|Evasion Moves Clause: Evasion moves are banned
|rule|Endless Battle Clause: Forcing endless battles is banned
|rule|HP Percentage Mod: HP is shown in percentages
|rule|Dynamax Clause: You cannot dynamax
|clearpoke
|poke|p1|Buzzwole|
|poke|p1|Swampert, M|
|poke|p1|Dragonite, M|
|poke|p1|Landorus-Therian, M|
|poke|p1|Magnezone|
|poke|p1|Aegislash, F|
|poke|p2|Moltres-Galar|
|poke|p2|Slowbro, F|
|poke|p2|Melmetal|
|poke|p2|Tapu Koko|
|poke|p2|Kartana|
|poke|p2|Landorus-Therian, M|
|teampreview
|j| gatorskk
|c|☆bizarman|glhf
|j| zapthotz
|
|t:|1657361030
|start
|switch|p1a: Swampert|Swampert, M, shiny|100/100
|switch|p2a: Landorus|Landorus-Therian, M|100/100
|-ability|p2a: Landorus|Intimidate|boost
|-unboost|p1a: Swampert|atk|1
|turn|1
|
|t:|1657361042
|move|p2a: Landorus|Stealth Rock|p1a: Swampert
|-sidestart|p1: o7 CloudyEJ|move: Stealth Rock
|move|p1a: Swampert|Stealth Rock|p2a: Landorus
|-sidestart|p2: bizarman|move: Stealth Rock
|
|upkeep
|turn|2
|
|t:|1657361050
|move|p2a: Landorus|U-turn|p1a: Swampert
|-damage|p1a: Swampert|80/100
|
|t:|1657361058
|switch|p2a: Slowbro|Slowbro, F|100/100|[from]move: U-turn
|-damage|p2a: Slowbro|88/100|[from] Stealth Rock
|move|p1a: Swampert|Flip Turn|p2a: Slowbro
|-resisted|p2a: Slowbro
|-damage|p2a: Slowbro|84/100
|-damage|p1a: Swampert|64/100|[from] item: Rocky Helmet|[of] p2a: Slowbro
|
|t:|1657361064
|switch|p1a: Aegislash|Aegislash, F, shiny|100/100|[from]move: Flip Turn
|-damage|p1a: Aegislash|94/100|[from] Stealth Rock
|
|-heal|p1a: Aegislash|100/100|[from] item: Leftovers
|upkeep
|turn|3
|inactive|bizarman has 120 seconds left.
|
|t:|1657361103
|switch|p2a: Moltres|Moltres-Galar|100/100
|move|p1a: Aegislash|Substitute|p1a: Aegislash
|-start|p1a: Aegislash|Substitute
|-damage|p1a: Aegislash|76/100
|
|-heal|p1a: Aegislash|82/100|[from] item: Leftovers
|upkeep
|turn|4
|inactive|bizarman has 120 seconds left.
|
|t:|1657361110
|move|p2a: Moltres|Fiery Wrath|p1a: Aegislash
|-supereffective|p1a: Aegislash
|-end|p1a: Aegislash|Substitute
|move|p1a: Aegislash|Toxic|p2a: Moltres
|-status|p2a: Moltres|tox
|
|-heal|p1a: Aegislash|88/100|[from] item: Leftovers
|-damage|p2a: Moltres|94/100 tox|[from] psn
|upkeep
|turn|5
|j| Pichu 3212
|inactive|bizarman has 120 seconds left.
|
|t:|1657361133
|move|p1a: Aegislash|King's Shield|p1a: Aegislash
|-singleturn|p1a: Aegislash|Protect
|move|p2a: Moltres|Nasty Plot|p2a: Moltres
|-boost|p2a: Moltres|spa|2
|
|-heal|p1a: Aegislash|94/100|[from] item: Leftovers
|-damage|p2a: Moltres|82/100 tox|[from] psn
|upkeep
|turn|6
|
|t:|1657361141
|switch|p1a: Dragonite|Dragonite, M|100/100
|move|p2a: Moltres|Fiery Wrath|p1a: Dragonite
|-damage|p1a: Dragonite|75/100
|
|-damage|p2a: Moltres|63/100 tox|[from] psn
|upkeep
|turn|7
|inactive|bizarman has 120 seconds left.
|
|t:|1657361148
|move|p2a: Moltres|Fiery Wrath|p1a: Dragonite
|-damage|p1a: Dragonite|24/100
|move|p1a: Dragonite|Roost|p1a: Dragonite
|-heal|p1a: Dragonite|74/100
|-singleturn|p1a: Dragonite|move: Roost
|
|-damage|p2a: Moltres|38/100 tox|[from] psn
|upkeep
|turn|8
|j| AlIoutdragadarts
|inactive|bizarman has 120 seconds left.
|l| AlIoutdragadarts
|
|t:|1657361161
|switch|p2a: Slowbro|Slowbro, F|100/100
|-damage|p2a: Slowbro|88/100|[from] Stealth Rock
|move|p1a: Dragonite|Roost|p1a: Dragonite
|-heal|p1a: Dragonite|100/100
|-singleturn|p1a: Dragonite|move: Roost
|
|upkeep
|turn|9
|inactive|bizarman has 120 seconds left.
|j| Talpr0ne
|j| yeshahR
|inactive|bizarman has 90 seconds left.
|
|t:|1657361205
|move|p1a: Dragonite|Substitute|p1a: Dragonite
|-start|p1a: Dragonite|Substitute
|-damage|p1a: Dragonite|76/100
|move|p2a: Slowbro|Future Sight|p1a: Dragonite
|-start|p2a: Slowbro|move: Future Sight
|
|upkeep
|turn|10
|inactive|bizarman has 90 seconds left.
|
|t:|1657361236
|move|p1a: Dragonite|Roost|p1a: Dragonite
|-heal|p1a: Dragonite|100/100
|-singleturn|p1a: Dragonite|move: Roost
|move|p2a: Slowbro|Ice Beam|p1a: Dragonite
|-supereffective|p1a: Dragonite
|-activate|p1a: Dragonite|move: Substitute|[damage]
|
|upkeep
|turn|11
|
|t:|1657361259
|switch|p1a: Aegislash|Aegislash, F, shiny|94/100
|-damage|p1a: Aegislash|88/100|[from] Stealth Rock
|move|p2a: Slowbro|Ice Beam|p1a: Aegislash
|-resisted|p1a: Aegislash
|-damage|p1a: Aegislash|82/100
|
|-end|p1a: Aegislash|move: Future Sight
|-resisted|p1a: Aegislash
|-damage|p1a: Aegislash|69/100
|-heal|p1a: Aegislash|75/100|[from] item: Leftovers
|upkeep
|turn|12
|l| yeshahR
|inactive|bizarman has 60 seconds left.
|
|t:|1657361290
|switch|p2a: Moltres|Moltres-Galar|38/100 tox
|-formechange|p1a: Aegislash|Aegislash-Blade||[from] ability: Stance Change
|move|p1a: Aegislash|Shadow Ball|p2a: Moltres
|-resisted|p2a: Moltres
|-damage|p2a: Moltres|23/100 tox
|
|-heal|p1a: Aegislash|81/100|[from] item: Leftovers
|-damage|p2a: Moltres|17/100 tox|[from] psn
|upkeep
|turn|13
|inactive|bizarman has 60 seconds left.
|
|t:|1657361317
|switch|p1a: Dragonite|Dragonite, M|100/100
|move|p2a: Moltres|Nasty Plot|p2a: Moltres
|-boost|p2a: Moltres|spa|2
|
|-damage|p2a: Moltres|4/100 tox|[from] psn
|upkeep
|turn|14
|
|t:|1657361325
|move|p2a: Moltres|Fiery Wrath|p1a: Dragonite
|-damage|p1a: Dragonite|75/100
|move|p1a: Dragonite|Roost|p1a: Dragonite
|-heal|p1a: Dragonite|100/100
|-singleturn|p1a: Dragonite|move: Roost
|
|-damage|p2a: Moltres|0 fnt|[from] psn
|faint|p2a: Moltres
|upkeep
|
|t:|1657361335
|switch|p2a: Melmetal|Melmetal|100/100
|-damage|p2a: Melmetal|94/100|[from] Stealth Rock
|turn|15
|
|t:|1657361341
|switch|p1a: Buzzwole|Buzzwole|100/100
|-damage|p1a: Buzzwole|88/100|[from] Stealth Rock
|move|p2a: Melmetal|Double Iron Bash|p1a: Buzzwole
|-damage|p1a: Buzzwole|72/100
|-damage|p2a: Melmetal|78/100|[from] item: Rocky Helmet|[of] p1a: Buzzwole
|-damage|p1a: Buzzwole|56/100
|-damage|p2a: Melmetal|61/100|[from] item: Rocky Helmet|[of] p1a: Buzzwole
|-hitcount|p1a: Buzzwole|2
|
|upkeep
|turn|16
|
|t:|1657361354
|switch|p2a: Slowbro|Slowbro, F|100/100
|-damage|p2a: Slowbro|88/100|[from] Stealth Rock
|move|p1a: Buzzwole|Toxic|p2a: Slowbro
|-status|p2a: Slowbro|tox
|
|-damage|p2a: Slowbro|82/100 tox|[from] psn
|upkeep
|turn|17
|
|t:|1657361362
|move|p1a: Buzzwole|Roost|p1a: Buzzwole
|-heal|p1a: Buzzwole|100/100
|-singleturn|p1a: Buzzwole|move: Roost
|move|p2a: Slowbro|Future Sight|p1a: Buzzwole
|-start|p2a: Slowbro|move: Future Sight
|
|-damage|p2a: Slowbro|70/100 tox|[from] psn
|upkeep
|turn|18
|inactive|bizarman has 60 seconds left.
|
|t:|1657361367
|switch|p1a: Aegislash|Aegislash, F, shiny|81/100
|-damage|p1a: Aegislash|75/100|[from] Stealth Rock
|move|p2a: Slowbro|Teleport|p2a: Slowbro
|inactive|bizarman has 60 seconds left.
|
|t:|1657361374
|switch|p2a: Landorus|Landorus-Therian, M|100/100|[from]move: Teleport
|-damage|p2a: Landorus|88/100|[from] Stealth Rock
|-ability|p2a: Landorus|Intimidate|boost
|-unboost|p1a: Aegislash|atk|1
|
|-heal|p2a: Landorus|94/100|[from] item: Leftovers
|-heal|p1a: Aegislash|81/100|[from] item: Leftovers
|upkeep
|turn|19
|
|t:|1657361384
|switch|p1a: Dragonite|Dragonite, M|100/100
|move|p2a: Landorus|Earthquake|p1a: Dragonite
|-immune|p1a: Dragonite
|
|-end|p1a: Dragonite|move: Future Sight
|-damage|p1a: Dragonite|87/100
|-heal|p2a: Landorus|99/100|[from] item: Leftovers
|upkeep
|turn|20
|
|t:|1657361394
|move|p2a: Landorus|U-turn|p1a: Dragonite
|-resisted|p1a: Dragonite
|-damage|p1a: Dragonite|77/100
|
|t:|1657361400
|switch|p2a: Tapu Koko|Tapu Koko|100/100|[from]move: U-turn
|-fieldstart|move: Electric Terrain|[from] ability: Electric Surge|[of] p2a: Tapu Koko
|move|p1a: Dragonite|Defog|p2a: Tapu Koko
|-unboost|p2a: Tapu Koko|evasion|1
|-sideend|p2: bizarman|Stealth Rock|[from] move: Defog|[of] p1a: Dragonite
|-sideend|p1: o7 CloudyEJ|Stealth Rock|[from] move: Defog|[of] p1a: Dragonite
|-fieldend|move: Electric Terrain
|
|upkeep
|turn|21
|
|t:|1657361408
|switch|p1a: Swampert|Swampert, M, shiny|64/100
|move|p2a: Tapu Koko|U-turn|p1a: Swampert
|-damage|p1a: Swampert|49/100
|
|t:|1657361422
|switch|p2a: Kartana|Kartana|100/100|[from]move: U-turn
|
|-heal|p1a: Swampert|55/100|[from] item: Leftovers
|upkeep
|turn|22
|
|t:|1657361429
|switch|p1a: Buzzwole|Buzzwole|100/100
|move|p2a: Kartana|Knock Off|p1a: Buzzwole
|-resisted|p1a: Buzzwole
|-damage|p1a: Buzzwole|91/100
|-enditem|p1a: Buzzwole|Rocky Helmet|[from] move: Knock Off|[of] p2a: Kartana
|
|upkeep
|turn|23
|
|t:|1657361436
|switch|p2a: Slowbro|Slowbro, F|100/100 tox
|switch|p1a: Aegislash|Aegislash, F, shiny|81/100
|
|-heal|p1a: Aegislash|87/100|[from] item: Leftovers
|-damage|p2a: Slowbro|94/100 tox|[from] psn
|upkeep
|turn|24
|
|t:|1657361444
|switch|p2a: Landorus|Landorus-Therian, M|99/100
|-ability|p2a: Landorus|Intimidate|boost
|-unboost|p1a: Aegislash|atk|1
|-formechange|p1a: Aegislash|Aegislash-Blade||[from] ability: Stance Change
|move|p1a: Aegislash|Shadow Ball|p2a: Landorus
|-damage|p2a: Landorus|71/100
|
|-heal|p2a: Landorus|77/100|[from] item: Leftovers
|-heal|p1a: Aegislash|94/100|[from] item: Leftovers
|upkeep
|turn|25
|inactive|bizarman has 90 seconds left.
|
|t:|1657361455
|switch|p1a: Buzzwole|Buzzwole|91/100
|move|p2a: Landorus|Stealth Rock|p1a: Buzzwole
|-sidestart|p1: o7 CloudyEJ|move: Stealth Rock
|
|-heal|p2a: Landorus|83/100|[from] item: Leftovers
|upkeep
|turn|26
|inactive|bizarman has 90 seconds left.
|
|t:|1657361461
|switch|p2a: Slowbro|Slowbro, F|100/100 tox
|switch|p1a: Dragonite|Dragonite, M|77/100
|
|-damage|p2a: Slowbro|94/100 tox|[from] psn
|upkeep
|turn|27
|
|t:|1657361469
|move|p1a: Dragonite|Roost|p1a: Dragonite
|-heal|p1a: Dragonite|100/100
|-singleturn|p1a: Dragonite|move: Roost
|move|p2a: Slowbro|Future Sight|p1a: Dragonite
|-start|p2a: Slowbro|move: Future Sight
|
|-damage|p2a: Slowbro|82/100 tox|[from] psn
|upkeep
|turn|28
|
|t:|1657361475
|move|p1a: Dragonite|Defog|p2a: Slowbro
|-unboost|p2a: Slowbro|evasion|1
|-sideend|p1: o7 CloudyEJ|Stealth Rock|[from] move: Defog|[of] p1a: Dragonite
|move|p2a: Slowbro|Teleport|p2a: Slowbro
|
|t:|1657361482
|switch|p2a: Kartana|Kartana|100/100|[from]move: Teleport
|
|upkeep
|turn|29
|
|t:|1657361488
|move|p2a: Kartana|Knock Off|p1a: Dragonite
|-damage|p1a: Dragonite|81/100
|-enditem|p1a: Dragonite|Heavy-Duty Boots|[from] move: Knock Off|[of] p2a: Kartana
|move|p1a: Dragonite|Roost|p1a: Dragonite
|-heal|p1a: Dragonite|100/100
|-singleturn|p1a: Dragonite|move: Roost
|
|-end|p1a: Dragonite|move: Future Sight
|-damage|p1a: Dragonite|87/100
|upkeep
|turn|30
|
|t:|1657361498
|switch|p2a: Landorus|Landorus-Therian, M|83/100
|-ability|p2a: Landorus|Intimidate|boost
|-unboost|p1a: Dragonite|atk|1
|switch|p1a: Magnezone|Magnezone, shiny|100/100
|
|-heal|p2a: Landorus|89/100|[from] item: Leftovers
|upkeep
|turn|31
|j| osswert
|
|t:|1657361506
|switch|p1a: Dragonite|Dragonite, M|87/100
|move|p2a: Landorus|Stealth Rock|p1a: Dragonite
|-sidestart|p1: o7 CloudyEJ|move: Stealth Rock
|
|-heal|p2a: Landorus|95/100|[from] item: Leftovers
|upkeep
|turn|32
|l| osswert
|inactive|bizarman has 120 seconds left.
|
|t:|1657361511
|move|p2a: Landorus|U-turn|p1a: Dragonite
|-resisted|p1a: Dragonite
|-damage|p1a: Dragonite|76/100
|inactive|bizarman has 120 seconds left.
|
|t:|1657361519
|switch|p2a: Melmetal|Melmetal|61/100|[from]move: U-turn
|move|p1a: Dragonite|Defog|p2a: Melmetal
|-unboost|p2a: Melmetal|evasion|1
|-sideend|p1: o7 CloudyEJ|Stealth Rock|[from] move: Defog|[of] p1a: Dragonite
|
|upkeep
|turn|33
|
|t:|1657361526
|switch|p1a: Buzzwole|Buzzwole|91/100
|switch|p2a: Tapu Koko|Tapu Koko|100/100
|-fieldstart|move: Electric Terrain|[from] ability: Electric Surge|[of] p2a: Tapu Koko
|
|upkeep
|turn|34
|
|t:|1657361534
|switch|p1a: Landorus|Landorus-Therian, M|100/100
|-ability|p1a: Landorus|Intimidate|boost
|-unboost|p2a: Tapu Koko|atk|1
|move|p2a: Tapu Koko|Dazzling Gleam|p1a: Landorus
|-damage|p1a: Landorus|60/100
|
|upkeep
|turn|35
|
|t:|1657361542
|switch|p2a: Landorus|Landorus-Therian, M|95/100
|-ability|p2a: Landorus|Intimidate|boost
|-unboost|p1a: Landorus|atk|1
|move|p1a: Landorus|Knock Off|p2a: Landorus
|-damage|p2a: Landorus|59/100
|-enditem|p2a: Landorus|Leftovers|[from] move: Knock Off|[of] p1a: Landorus
|
|upkeep
|turn|36
|
|t:|1657361549
|switch|p1a: Dragonite|Dragonite, M|76/100
|move|p2a: Landorus|U-turn|p1a: Dragonite
|-resisted|p1a: Dragonite
|-damage|p1a: Dragonite|66/100
|
|t:|1657361554
|switch|p2a: Tapu Koko|Tapu Koko|100/100|[from]move: U-turn
|
|upkeep
|turn|37
|
|t:|1657361560
|switch|p1a: Magnezone|Magnezone, shiny|100/100
|move|p2a: Tapu Koko|U-turn|p1a: Magnezone
|-resisted|p1a: Magnezone
|-damage|p1a: Magnezone|93/100
|
|t:|1657361566
|switch|p2a: Landorus|Landorus-Therian, M|59/100|[from]move: U-turn
|-ability|p2a: Landorus|Intimidate|boost
|-unboost|p1a: Magnezone|atk|1
|
|-fieldend|move: Electric Terrain
|upkeep
|turn|38
|
|t:|1657361572
|switch|p1a: Dragonite|Dragonite, M|66/100
|move|p2a: Landorus|U-turn|p1a: Dragonite
|-resisted|p1a: Dragonite
|-damage|p1a: Dragonite|55/100
|
|t:|1657361578
|switch|p2a: Tapu Koko|Tapu Koko|100/100|[from]move: U-turn
|-fieldstart|move: Electric Terrain|[from] ability: Electric Surge|[of] p2a: Tapu Koko
|
|upkeep
|turn|39
|
|t:|1657361584
|switch|p1a: Swampert|Swampert, M, shiny|55/100
|move|p2a: Tapu Koko|Dazzling Gleam|p1a: Swampert
|-damage|p1a: Swampert|31/100
|
|-heal|p1a: Swampert|37/100|[from] item: Leftovers
|upkeep
|turn|40
|
|t:|1657361590
|move|p2a: Tapu Koko|U-turn|p1a: Swampert
|-damage|p1a: Swampert|22/100
|
|t:|1657361593
|switch|p2a: Slowbro|Slowbro, F|100/100 tox|[from]move: U-turn
|move|p1a: Swampert|Stealth Rock|p2a: Slowbro
|-sidestart|p2: bizarman|move: Stealth Rock
|
|-heal|p1a: Swampert|28/100|[from] item: Leftovers
|-damage|p2a: Slowbro|94/100 tox|[from] psn
|upkeep
|turn|41
|
|t:|1657361600
|switch|p1a: Aegislash|Aegislash, F, shiny|94/100
|move|p2a: Slowbro|Future Sight|p1a: Aegislash
|-start|p2a: Slowbro|move: Future Sight
|
|-heal|p1a: Aegislash|99/100|[from] item: Leftovers
|-damage|p2a: Slowbro|82/100 tox|[from] psn
|upkeep
|turn|42
|
|t:|1657361607
|move|p1a: Aegislash|Substitute|p1a: Aegislash
|-start|p1a: Aegislash|Substitute
|-damage|p1a: Aegislash|75/100
|move|p2a: Slowbro|Teleport|p2a: Slowbro
|
|t:|1657361612
|switch|p2a: Landorus|Landorus-Therian, M|59/100|[from]move: Teleport
|-damage|p2a: Landorus|47/100|[from] Stealth Rock
|-ability|p2a: Landorus|Intimidate|boost
|-immune|p1a: Aegislash
|
|-heal|p1a: Aegislash|81/100|[from] item: Leftovers
|-fieldend|move: Electric Terrain
|upkeep
|turn|43
|
|t:|1657361619
|move|p1a: Aegislash|King's Shield|p1a: Aegislash
|-singleturn|p1a: Aegislash|Protect
|move|p2a: Landorus|Earthquake|p1a: Aegislash
|-activate|p1a: Aegislash|move: Protect
|
|-end|p1a: Aegislash|move: Future Sight
|-resisted|p1a: Aegislash
|-activate|p1a: Aegislash|move: Substitute|[damage]
|-heal|p1a: Aegislash|87/100|[from] item: Leftovers
|upkeep
|turn|44
|
|t:|1657361628
|move|p2a: Landorus|Earthquake|p1a: Aegislash
|-supereffective|p1a: Aegislash
|-end|p1a: Aegislash|Substitute
|-formechange|p1a: Aegislash|Aegislash-Blade||[from] ability: Stance Change
|move|p1a: Aegislash|Shadow Ball|p2a: Landorus
|-damage|p2a: Landorus|19/100
|
|-heal|p1a: Aegislash|94/100|[from] item: Leftovers
|upkeep
|turn|45
|
|t:|1657361637
|move|p2a: Landorus|Stealth Rock|p1a: Aegislash
|-sidestart|p1: o7 CloudyEJ|move: Stealth Rock
|move|p1a: Aegislash|Shadow Ball|p2a: Landorus
|-damage|p2a: Landorus|0 fnt
|faint|p2a: Landorus
|
|-heal|p1a: Aegislash|99/100|[from] item: Leftovers
|upkeep
|
|t:|1657361645
|switch|p2a: Kartana|Kartana|100/100
|-damage|p2a: Kartana|94/100|[from] Stealth Rock
|turn|46
|
|t:|1657361650
|switch|p1a: Buzzwole|Buzzwole|91/100
|-damage|p1a: Buzzwole|79/100|[from] Stealth Rock
|move|p2a: Kartana|Swords Dance|p2a: Kartana
|-boost|p2a: Kartana|atk|2
|
|upkeep
|turn|47
|
|t:|1657361658
|switch|p2a: Slowbro|Slowbro, F|100/100 tox
|-damage|p2a: Slowbro|88/100 tox|[from] Stealth Rock
|move|p1a: Buzzwole|Drain Punch|p2a: Slowbro
|-resisted|p2a: Slowbro
|-damage|p2a: Slowbro|79/100 tox
|-heal|p1a: Buzzwole|83/100|[from] drain|[of] p2a: Slowbro
|-damage|p1a: Buzzwole|67/100|[from] item: Rocky Helmet|[of] p2a: Slowbro
|
|-damage|p2a: Slowbro|73/100 tox|[from] psn
|upkeep
|turn|48
|
|t:|1657361669
|move|p1a: Buzzwole|Roost|p1a: Buzzwole
|-heal|p1a: Buzzwole|100/100
|-singleturn|p1a: Buzzwole|move: Roost
|move|p2a: Slowbro|Teleport|p2a: Slowbro
|
|t:|1657361672
|switch|p2a: Tapu Koko|Tapu Koko|100/100|[from]move: Teleport
|-fieldstart|move: Electric Terrain|[from] ability: Electric Surge|[of] p2a: Tapu Koko
|
|upkeep
|turn|49
|
|t:|1657361677
|switch|p1a: Magnezone|Magnezone, shiny|93/100
|-damage|p1a: Magnezone|86/100|[from] Stealth Rock
|move|p2a: Tapu Koko|Dazzling Gleam|p1a: Magnezone
|-resisted|p1a: Magnezone
|-damage|p1a: Magnezone|68/100
|
|upkeep
|turn|50
|
|t:|1657361685
|move|p2a: Tapu Koko|U-turn|p1a: Magnezone
|-resisted|p1a: Magnezone
|-damage|p1a: Magnezone|61/100
|
|t:|1657361691
|switch|p2a: Melmetal|Melmetal|61/100|[from]move: U-turn
|-damage|p2a: Melmetal|55/100|[from] Stealth Rock
|move|p1a: Magnezone|Volt Switch|p2a: Melmetal
|-damage|p2a: Melmetal|19/100
|
|t:|1657361696
|switch|p1a: Landorus|Landorus-Therian, M|60/100|[from]move: Volt Switch
|-damage|p1a: Landorus|48/100|[from] Stealth Rock
|-ability|p1a: Landorus|Intimidate|boost
|-unboost|p2a: Melmetal|atk|1
|
|upkeep
|turn|51
|
|t:|1657361704
|move|p1a: Landorus|Earthquake|p2a: Melmetal
|-supereffective|p2a: Melmetal
|-damage|p2a: Melmetal|0 fnt
|faint|p2a: Melmetal
|
|upkeep
|
|t:|1657361712
|switch|p2a: Slowbro|Slowbro, F|100/100 tox
|-damage|p2a: Slowbro|88/100 tox|[from] Stealth Rock
|turn|52
|
|t:|1657361716
|switch|p1a: Aegislash|Aegislash, F, shiny|99/100
|-damage|p1a: Aegislash|94/100|[from] Stealth Rock
|move|p2a: Slowbro|Future Sight|p1a: Aegislash
|-start|p2a: Slowbro|move: Future Sight
|
|-heal|p1a: Aegislash|99/100|[from] item: Leftovers
|-damage|p2a: Slowbro|82/100 tox|[from] psn
|-fieldend|move: Electric Terrain
|upkeep
|turn|53
|j| Forwards
|
|t:|1657361724
|move|p1a: Aegislash|Substitute|p1a: Aegislash
|-start|p1a: Aegislash|Substitute
|-damage|p1a: Aegislash|75/100
|move|p2a: Slowbro|Teleport|p2a: Slowbro
|
|t:|1657361727
|switch|p2a: Tapu Koko|Tapu Koko|100/100|[from]move: Teleport
|-fieldstart|move: Electric Terrain|[from] ability: Electric Surge|[of] p2a: Tapu Koko
|
|-heal|p1a: Aegislash|81/100|[from] item: Leftovers
|upkeep
|turn|54
|
|t:|1657361733
|move|p1a: Aegislash|King's Shield|p1a: Aegislash
|-singleturn|p1a: Aegislash|Protect
|move|p2a: Tapu Koko|Thunderbolt|p1a: Aegislash
|-activate|p1a: Aegislash|move: Protect
|
|-end|p1a: Aegislash|move: Future Sight
|-resisted|p1a: Aegislash
|-activate|p1a: Aegislash|move: Substitute|[damage]
|-heal|p1a: Aegislash|87/100|[from] item: Leftovers
|upkeep
|turn|55
|
|t:|1657361742
|move|p2a: Tapu Koko|Thunderbolt|p1a: Aegislash
|-end|p1a: Aegislash|Substitute
|-formechange|p1a: Aegislash|Aegislash-Blade||[from] ability: Stance Change
|move|p1a: Aegislash|Shadow Ball|p2a: Tapu Koko
|-damage|p2a: Tapu Koko|42/100
|
|-heal|p1a: Aegislash|94/100|[from] item: Leftovers
|upkeep
|turn|56
|
|t:|1657361755
|-formechange|p1a: Aegislash|Aegislash||[from] ability: Stance Change
|move|p1a: Aegislash|King's Shield|p1a: Aegislash
|-singleturn|p1a: Aegislash|Protect
|move|p2a: Tapu Koko|Roost|p2a: Tapu Koko
|-heal|p2a: Tapu Koko|93/100
|-singleturn|p2a: Tapu Koko|move: Roost
|
|-heal|p1a: Aegislash|99/100|[from] item: Leftovers
|upkeep
|turn|57
|l| gatorskk
|
|t:|1657361762
|move|p2a: Tapu Koko|Thunderbolt|p1a: Aegislash
|-damage|p1a: Aegislash|70/100
|move|p1a: Aegislash|Toxic|p2a: Tapu Koko
|-status|p2a: Tapu Koko|tox
|
|-heal|p1a: Aegislash|76/100|[from] item: Leftovers
|-damage|p2a: Tapu Koko|87/100 tox|[from] psn
|-fieldend|move: Electric Terrain
|upkeep
|turn|58
|
|t:|1657361770
|move|p1a: Aegislash|King's Shield|p1a: Aegislash
|-singleturn|p1a: Aegislash|Protect
|move|p2a: Tapu Koko|Thunderbolt|p1a: Aegislash
|-activate|p1a: Aegislash|move: Protect
|
|-heal|p1a: Aegislash|83/100|[from] item: Leftovers
|-damage|p2a: Tapu Koko|75/100 tox|[from] psn
|upkeep
|turn|59
|c|☆bizarman|gg
|-message|bizarman forfeited.
|
|win|o7 CloudyEJ
|n|☆o7 CloudyEJ|o7cloudyej
|n|☆bizarman|bizarman
|n| zapthotz|zapthotz
|n| Pichu 3212|pichu3212
|n| Talpr0ne|talpr0ne
|n| Forwards|forwards
