|raw|<div class="broadcast-red"><strong>This battle is invite-only!</strong><br />Users must be invited with <code>/invite</code> (or be staff) to join</div>
|j|☆ArianaBlonde
|j|☆Kurosaki61
|player|p1|ArianaBlonde|dawn-gen4pt|1640
|player|p2|Kurosaki61|101|1578
|teamsize|p1|6
|teamsize|p2|6
|gametype|singles
|gen|8
|tier|[Gen 8] OU
|rated|
|clearpoke
|poke|p1|Primarina, F|
|poke|p1|Grimmsnarl, M|
|poke|p1|Terrakion|
|poke|p1|Kommo-o, M|
|poke|p1|Blastoise, M|
|poke|p1|Cinccino, F|
|poke|p2|Dragapult, M|
|poke|p2|Bisharp, M|
|poke|p2|Seismitoad, F|
|poke|p2|Clefable, F|
|poke|p2|Mandibuzz, F|
|poke|p2|Weavile, F|
|rule|Sleep Clause Mod: Limit one foe put to sleep
|rule|Species Clause: Limit one of each Pokémon
|rule|OHKO Clause: OHKO moves are banned
|rule|Evasion Moves Clause: Evasion moves are banned
|rule|Endless Battle Clause: Forcing endless battles is banned
|rule|HP Percentage Mod: HP is shown in percentages
|rule|Dynamax Clause: You cannot dynamax
|teampreview
|inactive|Battle timer is ON: inactive players will automatically lose when time's up. (requested by Kurosaki61)
|
|start
|switch|p1a: Grimmito|Grimmsnarl, M|100/100
|switch|p2a: Mandibuzz|Mandibuzz, F|100/100
|turn|1
|
|move|p1a: Grimmito|Reflect|p1a: Grimmito
|-sidestart|p1: ArianaBlonde|Reflect
|move|p2a: Mandibuzz|Foul Play|p1a: Grimmito
|-resisted|p1a: Grimmito
|-damage|p1a: Grimmito|91/100
|
|upkeep
|turn|2
|
|move|p1a: Grimmito|Thunder Wave|p2a: Mandibuzz
|-hint|Since gen 7, Dark is immune to Prankster moves.
|-immune|p2a: Mandibuzz
|move|p2a: Mandibuzz|Defog|p1a: Grimmito
|-unboost|p1a: Grimmito|evasion|1
|-sideend|p1: ArianaBlonde|Reflect
|
|upkeep
|turn|3
|
|move|p1a: Grimmito|Reflect|p1a: Grimmito
|-sidestart|p1: ArianaBlonde|Reflect
|move|p2a: Mandibuzz|U-turn|p1a: Grimmito
|-damage|p1a: Grimmito|84/100
|
|switch|p2a: Bisharp|Bisharp, M|100/100|[from]move: U-turn
|
|upkeep
|turn|4
|
|switch|p1a: Terrakito|Terrakion, shiny|100/100
|move|p2a: Bisharp|Swords Dance|p2a: Bisharp
|-boost|p2a: Bisharp|atk|2
|
|upkeep
|turn|5
|
|switch|p2a: Dragapult|Dragapult, M|100/100
|move|p1a: Terrakito|Earthquake|p2a: Dragapult
|-damage|p2a: Dragapult|55/100
|
|upkeep
|turn|6
|
|move|p2a: Dragapult|Dragon Dance|p2a: Dragapult
|-boost|p2a: Dragapult|atk|1
|-boost|p2a: Dragapult|spe|1
|move|p1a: Terrakito|Stone Edge|p2a: Dragapult
|-damage|p2a: Dragapult|0 fnt
|faint|p2a: Dragapult
|
|upkeep
|
|switch|p2a: Seismitoad|Seismitoad, F|100/100
|turn|7
|
|move|p1a: Terrakito|Swords Dance|p1a: Terrakito
|-boost|p1a: Terrakito|atk|2
|move|p2a: Seismitoad|Stealth Rock|p1a: Terrakito
|-sidestart|p1: ArianaBlonde|move: Stealth Rock
|
|upkeep
|turn|8
|
|move|p1a: Terrakito|Close Combat|p2a: Seismitoad
|-damage|p2a: Seismitoad|10/100
|-unboost|p1a: Terrakito|def|1
|-unboost|p1a: Terrakito|spd|1
|move|p2a: Seismitoad|Scald|p1a: Terrakito
|-supereffective|p1a: Terrakito
|-damage|p1a: Terrakito|15/100
|
|-heal|p2a: Seismitoad|16/100|[from] item: Leftovers
|upkeep
|turn|9
|
|move|p1a: Terrakito|Earthquake|p2a: Seismitoad
|-damage|p2a: Seismitoad|0 fnt
|faint|p2a: Seismitoad
|
|upkeep
|
|switch|p2a: Weavile|Weavile, F|100/100
|-ability|p2a: Weavile|Pressure
|turn|10
|
|move|p2a: Weavile|Beat Up|p1a: Terrakito
|-resisted|p1a: Terrakito
|-damage|p1a: Terrakito|11/100
|-ability|p1a: Terrakito|Justified|boost
|-boost|p1a: Terrakito|atk|1
|-resisted|p1a: Terrakito
|-damage|p1a: Terrakito|9/100
|-ability|p1a: Terrakito|Justified|boost
|-boost|p1a: Terrakito|atk|1
|-resisted|p1a: Terrakito
|-damage|p1a: Terrakito|6/100
|-ability|p1a: Terrakito|Justified|boost
|-boost|p1a: Terrakito|atk|1
|-resisted|p1a: Terrakito
|-damage|p1a: Terrakito|2/100
|-ability|p1a: Terrakito|Justified|boost
|-boost|p1a: Terrakito|atk|1
|-hitcount|p1a: Terrakito|4
|move|p1a: Terrakito|Earthquake|p2a: Weavile
|-damage|p2a: Weavile|0 fnt
|faint|p2a: Weavile
|
|-sideend|p1: ArianaBlonde|Reflect
|upkeep
|
|switch|p2a: Bisharp|Bisharp, M|100/100
|turn|11
|
|move|p2a: Bisharp|Sucker Punch||[still]
|-fail|p2a: Bisharp
|move|p1a: Terrakito|Swords Dance|p1a: Terrakito
|-boost|p1a: Terrakito|atk|0
|
|upkeep
|turn|12
|
|move|p1a: Terrakito|Close Combat|p2a: Bisharp
|-supereffective|p2a: Bisharp
|-damage|p2a: Bisharp|0 fnt
|-unboost|p1a: Terrakito|def|1
|-unboost|p1a: Terrakito|spd|1
|faint|p2a: Bisharp
|
|upkeep
|-message|Kurosaki61 forfeited.
|
|win|ArianaBlonde
|l|☆Kurosaki61
|c|☆ArianaBlonde|/log ArianaBlonde made this room public.
|raw|ArianaBlonde's rating: 1640 &rarr; <strong>1656</strong><br />(+16 for winning)
|raw|Kurosaki61's rating: 1578 &rarr; <strong>1561</strong><br />(-17 for losing)
