|j|☆DashIsBack
|j|☆galarian dragapult
|t:|1635047194
|gametype|singles
|player|p1|DashIsBack|hoopster|1722
|player|p2|galarian dragapult|101|1757
|teamsize|p1|6
|teamsize|p2|6
|gen|8
|tier|[Gen 8] OU
|rated|
|rule|Sleep Clause Mod: Limit one foe put to sleep
|rule|Species Clause: Limit one of each Pokémon
|rule|OHKO Clause: OHKO moves are banned
|rule|Evasion Moves Clause: Evasion moves are banned
|rule|Endless Battle Clause: Forcing endless battles is banned
|rule|HP Percentage Mod: HP is shown in percentages
|rule|Dynamax Clause: You cannot dynamax
|clearpoke
|poke|p1|Blaziken, M|
|poke|p1|Scizor, M|
|poke|p1|Weavile, M|
|poke|p1|Swampert, M|
|poke|p1|Vikavolt, M|
|poke|p1|Hitmonchan, M|
|poke|p2|Dragapult, F|
|poke|p2|Heatran, F|
|poke|p2|Magnezone|
|poke|p2|Landorus-Therian, M|
|poke|p2|Tapu Fini|
|poke|p2|Melmetal|
|teampreview
|inactive|Battle timer is ON: inactive players will automatically lose when time's up. (requested by DashIsBack)
|
|t:|1635047203
|start
|switch|p1a: Gradius|Vikavolt, M, shiny|100/100
|switch|p2a: Landorus|Landorus-Therian, M|100/100
|-ability|p2a: Landorus|Intimidate|boost
|-unboost|p1a: Gradius|atk|1
|turn|1
|
|t:|1635047228
|move|p2a: Landorus|Knock Off|p1a: Gradius
|-damage|p1a: Gradius|66/100
|-damage|p2a: Landorus|84/100|[from] item: Rocky Helmet|[of] p1a: Gradius
|-enditem|p1a: Gradius|Rocky Helmet|[from] move: Knock Off|[of] p2a: Landorus
|move|p1a: Gradius|Sticky Web|p2a: Landorus
|-sidestart|p2: galarian dragapult|move: Sticky Web
|
|-heal|p2a: Landorus|90/100|[from] item: Leftovers
|upkeep
|turn|2
|
|t:|1635047239
|move|p2a: Landorus|Defog|p1a: Gradius
|-unboost|p1a: Gradius|evasion|1
|-sideend|p2: galarian dragapult|Sticky Web|[from] move: Defog|[of] p2a: Landorus
|move|p1a: Gradius|Energy Ball|p2a: Landorus
|-damage|p2a: Landorus|61/100
|
|-heal|p2a: Landorus|67/100|[from] item: Leftovers
|upkeep
|turn|3
|j| Limited_Toolkit
|
|t:|1635047247
|move|p2a: Landorus|Knock Off|p1a: Gradius
|-damage|p1a: Gradius|44/100
|move|p1a: Gradius|Energy Ball|p2a: Landorus
|-damage|p2a: Landorus|42/100
|
|-heal|p2a: Landorus|48/100|[from] item: Leftovers
|upkeep
|turn|4
|
|t:|1635047251
|move|p2a: Landorus|Knock Off|p1a: Gradius
|-crit|p1a: Gradius
|-damage|p1a: Gradius|10/100
|move|p1a: Gradius|Sticky Web|p2a: Landorus
|-sidestart|p2: galarian dragapult|move: Sticky Web
|
|-heal|p2a: Landorus|54/100|[from] item: Leftovers
|upkeep
|turn|5
|
|t:|1635047258
|move|p2a: Landorus|Defog|p1a: Gradius
|-unboost|p1a: Gradius|evasion|1
|-sideend|p2: galarian dragapult|Sticky Web|[from] move: Defog|[of] p2a: Landorus
|move|p1a: Gradius|Sticky Web|p2a: Landorus
|-sidestart|p2: galarian dragapult|move: Sticky Web
|
|-heal|p2a: Landorus|60/100|[from] item: Leftovers
|upkeep
|turn|6
|
|t:|1635047263
|move|p2a: Landorus|Defog|p1a: Gradius
|-unboost|p1a: Gradius|evasion|1
|-sideend|p2: galarian dragapult|Sticky Web|[from] move: Defog|[of] p2a: Landorus
|move|p1a: Gradius|Sticky Web|p2a: Landorus
|-sidestart|p2: galarian dragapult|move: Sticky Web
|
|-heal|p2a: Landorus|66/100|[from] item: Leftovers
|upkeep
|turn|7
|
|t:|1635047266
|move|p2a: Landorus|Earthquake|p1a: Gradius
|-immune|p1a: Gradius|[from] ability: Levitate
|move|p1a: Gradius|Sticky Web||[still]
|-fail|p1a: Gradius
|
|-heal|p2a: Landorus|72/100|[from] item: Leftovers
|upkeep
|turn|8
|
|t:|1635047271
|move|p2a: Landorus|Defog|p1a: Gradius
|-unboost|p1a: Gradius|evasion|1
|-sideend|p2: galarian dragapult|Sticky Web|[from] move: Defog|[of] p2a: Landorus
|move|p1a: Gradius|Sticky Web|p2a: Landorus
|-sidestart|p2: galarian dragapult|move: Sticky Web
|
|-heal|p2a: Landorus|78/100|[from] item: Leftovers
|upkeep
|turn|9
|
|t:|1635047273
|move|p2a: Landorus|Earthquake|p1a: Gradius
|-immune|p1a: Gradius|[from] ability: Levitate
|move|p1a: Gradius|Sticky Web||[still]
|-fail|p1a: Gradius
|
|-heal|p2a: Landorus|84/100|[from] item: Leftovers
|upkeep
|turn|10
|
|t:|1635047278
|move|p2a: Landorus|Defog|p1a: Gradius
|-unboost|p1a: Gradius|evasion|1
|-sideend|p2: galarian dragapult|Sticky Web|[from] move: Defog|[of] p2a: Landorus
|move|p1a: Gradius|Energy Ball|p2a: Landorus
|-damage|p2a: Landorus|58/100
|
|-heal|p2a: Landorus|64/100|[from] item: Leftovers
|upkeep
|turn|11
|
|t:|1635047281
|move|p2a: Landorus|Knock Off|p1a: Gradius
|-damage|p1a: Gradius|0 fnt
|faint|p1a: Gradius
|
|-heal|p2a: Landorus|70/100|[from] item: Leftovers
|upkeep
|
|t:|1635047283
|switch|p1a: Sin|Weavile, M, shiny|100/100
|turn|12
|
|t:|1635047285
|move|p1a: Sin|Swords Dance|p1a: Sin
|-boost|p1a: Sin|atk|2
|move|p2a: Landorus|U-turn|p1a: Sin
|-supereffective|p1a: Sin
|-damage|p1a: Sin|21/100
|
|t:|1635047298
|switch|p2a: Melmetal|Melmetal|100/100|[from]move: U-turn
|
|upkeep
|turn|13
|
|t:|1635047313
|move|p1a: Sin|Low Kick|p2a: Melmetal
|-supereffective|p2a: Melmetal
|-damage|p2a: Melmetal|0 fnt
|faint|p2a: Melmetal
|-damage|p1a: Sin|12/100|[from] item: Life Orb
|
|upkeep
|
|t:|1635047322
|switch|p2a: Dragapult|Dragapult, F|100/100
|turn|14
|
|t:|1635047323
|move|p1a: Sin|Ice Shard|p2a: Dragapult
|-supereffective|p2a: Dragapult
|-damage|p2a: Dragapult|0 fnt
|faint|p2a: Dragapult
|-damage|p1a: Sin|2/100|[from] item: Life Orb
|
|upkeep
|
|t:|1635047326
|switch|p2a: Tapu Fini|Tapu Fini|100/100
|-fieldstart|move: Misty Terrain|[from] ability: Misty Surge|[of] p2a: Tapu Fini
|turn|15
|
|t:|1635047335
|switch|p1a: Kipper|Swampert, M, shiny|100/100
|move|p2a: Tapu Fini|Draining Kiss|p1a: Kipper
|-damage|p1a: Kipper|87/100
|-damage|p2a: Tapu Fini|84/100|[from] item: Rocky Helmet|[of] p1a: Kipper
|
|-heal|p2a: Tapu Fini|90/100|[from] item: Leftovers
|upkeep
|turn|16
|
|t:|1635047338
|move|p2a: Tapu Fini|Substitute|p2a: Tapu Fini
|-start|p2a: Tapu Fini|Substitute
|-damage|p2a: Tapu Fini|65/100
|move|p1a: Kipper|Stealth Rock|p2a: Tapu Fini
|-sidestart|p2: galarian dragapult|move: Stealth Rock
|
|-heal|p2a: Tapu Fini|71/100|[from] item: Leftovers
|upkeep
|turn|17
|
|t:|1635047343
|move|p2a: Tapu Fini|Calm Mind|p2a: Tapu Fini
|-boost|p2a: Tapu Fini|spa|1
|-boost|p2a: Tapu Fini|spd|1
|move|p1a: Kipper|Roar|p2a: Tapu Fini
|drag|p2a: Magnezone|Magnezone|100/100
|-damage|p2a: Magnezone|94/100|[from] Stealth Rock
|
|upkeep
|turn|18
|
|t:|1635047347
|move|p2a: Magnezone|Iron Defense|p2a: Magnezone
|-boost|p2a: Magnezone|def|2
|move|p1a: Kipper|Scald|p2a: Magnezone
|-damage|p2a: Magnezone|68/100
|
|upkeep
|turn|19
|
|t:|1635047351
|move|p2a: Magnezone|Body Press|p1a: Kipper
|-crit|p1a: Kipper
|-damage|p1a: Kipper|18/100
|-damage|p2a: Magnezone|51/100|[from] item: Rocky Helmet|[of] p1a: Kipper
|move|p1a: Kipper|Roar|p2a: Magnezone
|drag|p2a: Tapu Fini|Tapu Fini|71/100
|-damage|p2a: Tapu Fini|59/100|[from] Stealth Rock
|
|-heal|p2a: Tapu Fini|65/100|[from] item: Leftovers
|-fieldend|Misty Terrain
|upkeep
|turn|20
|
|t:|1635047356
|move|p2a: Tapu Fini|Scald|p1a: Kipper
|-damage|p1a: Kipper|0 fnt
|faint|p1a: Kipper
|
|-heal|p2a: Tapu Fini|71/100|[from] item: Leftovers
|upkeep
|
|t:|1635047360
|switch|p1a: Tychan|Hitmonchan, M|100/100
|turn|21
|
|t:|1635047363
|switch|p2a: Landorus|Landorus-Therian, M|70/100
|-damage|p2a: Landorus|58/100|[from] Stealth Rock
|-ability|p2a: Landorus|Intimidate|boost
|-unboost|p1a: Tychan|atk|1
|move|p1a: Tychan|Thunder Punch|p2a: Landorus
|-immune|p2a: Landorus
|
|-heal|p2a: Landorus|64/100|[from] item: Leftovers
|upkeep
|turn|22
|
|t:|1635047365
|move|p2a: Landorus|U-turn|p1a: Tychan
|-resisted|p1a: Tychan
|-damage|p1a: Tychan|82/100
|
|t:|1635047367
|switch|p2a: Magnezone|Magnezone|51/100|[from]move: U-turn
|-damage|p2a: Magnezone|45/100|[from] Stealth Rock
|move|p1a: Tychan|Ice Punch|p2a: Magnezone
|-resisted|p2a: Magnezone
|-damage|p2a: Magnezone|38/100
|
|upkeep
|turn|23
|
|t:|1635047370
|switch|p1a: Ken|Blaziken, M, shiny|100/100
|switch|p2a: Landorus|Landorus-Therian, M|64/100
|-damage|p2a: Landorus|52/100|[from] Stealth Rock
|-ability|p2a: Landorus|Intimidate|boost
|-unboost|p1a: Ken|atk|1
|
|-heal|p2a: Landorus|58/100|[from] item: Leftovers
|upkeep
|turn|24
|
|t:|1635047372
|move|p2a: Landorus|Earthquake|p1a: Ken
|-supereffective|p1a: Ken
|-enditem|p1a: Ken|Focus Sash
|-damage|p1a: Ken|1/100
|move|p1a: Ken|Flamethrower|p2a: Landorus
|-damage|p2a: Landorus|24/100
|
|-heal|p2a: Landorus|30/100|[from] item: Leftovers
|-ability|p1a: Ken|Speed Boost|boost
|-boost|p1a: Ken|spe|1
|upkeep
|turn|25
|
|t:|1635047379
|switch|p2a: Magnezone|Magnezone|38/100
|-damage|p2a: Magnezone|32/100|[from] Stealth Rock
|move|p1a: Ken|Flamethrower|p2a: Magnezone
|-supereffective|p2a: Magnezone
|-damage|p2a: Magnezone|0 fnt
|faint|p2a: Magnezone
|
|-ability|p1a: Ken|Speed Boost|boost
|-boost|p1a: Ken|spe|1
|upkeep
|
|t:|1635047381
|switch|p2a: Tapu Fini|Tapu Fini|71/100
|-damage|p2a: Tapu Fini|59/100|[from] Stealth Rock
|-fieldstart|move: Misty Terrain|[from] ability: Misty Surge|[of] p2a: Tapu Fini
|turn|26
|
|t:|1635047383
|switch|p1a: Tychan|Hitmonchan, M|82/100
|move|p2a: Tapu Fini|Draining Kiss|p1a: Tychan
|-supereffective|p1a: Tychan
|-damage|p1a: Tychan|60/100
|-heal|p2a: Tapu Fini|71/100|[from] drain|[of] p1a: Tychan
|
|-heal|p2a: Tapu Fini|77/100|[from] item: Leftovers
|upkeep
|turn|27
|
|t:|1635047386
|switch|p2a: Landorus|Landorus-Therian, M|30/100
|-damage|p2a: Landorus|18/100|[from] Stealth Rock
|-ability|p2a: Landorus|Intimidate|boost
|-unboost|p1a: Tychan|atk|1
|move|p1a: Tychan|Ice Punch|p2a: Landorus
|-supereffective|p2a: Landorus
|-damage|p2a: Landorus|0 fnt
|faint|p2a: Landorus
|
|upkeep
|
|t:|1635047388
|switch|p2a: Tapu Fini|Tapu Fini|77/100
|-damage|p2a: Tapu Fini|65/100|[from] Stealth Rock
|turn|28
|
|t:|1635047393
|switch|p1a: Ken|Blaziken, M, shiny|1/100
|move|p2a: Tapu Fini|Calm Mind|p2a: Tapu Fini
|-boost|p2a: Tapu Fini|spa|1
|-boost|p2a: Tapu Fini|spd|1
|
|-heal|p2a: Tapu Fini|71/100|[from] item: Leftovers
|upkeep
|turn|29
|
|t:|1635047398
|move|p2a: Tapu Fini|Draining Kiss|p1a: Ken
|-damage|p1a: Ken|0 fnt
|-heal|p2a: Tapu Fini|71/100|[from] drain|[of] p1a: Ken
|faint|p1a: Ken
|
|-heal|p2a: Tapu Fini|77/100|[from] item: Leftovers
|upkeep
|
|t:|1635047401
|switch|p1a: Tychan|Hitmonchan, M|60/100
|turn|30
|
|t:|1635047405
|move|p2a: Tapu Fini|Calm Mind|p2a: Tapu Fini
|-boost|p2a: Tapu Fini|spa|1
|-boost|p2a: Tapu Fini|spd|1
|move|p1a: Tychan|Thunder Punch|p2a: Tapu Fini
|-supereffective|p2a: Tapu Fini
|-damage|p2a: Tapu Fini|35/100
|
|-heal|p2a: Tapu Fini|42/100|[from] item: Leftovers
|-fieldend|Misty Terrain
|upkeep
|turn|31
|
|t:|1635047410
|move|p2a: Tapu Fini|Draining Kiss|p1a: Tychan
|-supereffective|p1a: Tychan
|-damage|p1a: Tychan|12/100
|-heal|p2a: Tapu Fini|67/100|[from] drain|[of] p1a: Tychan
|move|p1a: Tychan|Thunder Punch|p2a: Tapu Fini
|-supereffective|p2a: Tapu Fini
|-damage|p2a: Tapu Fini|24/100
|
|-heal|p2a: Tapu Fini|31/100|[from] item: Leftovers
|upkeep
|turn|32
|
|t:|1635047418
|move|p1a: Tychan|Mach Punch|p2a: Tapu Fini
|-resisted|p2a: Tapu Fini
|-damage|p2a: Tapu Fini|21/100
|move|p2a: Tapu Fini|Draining Kiss|p1a: Tychan
|-supereffective|p1a: Tychan
|-crit|p1a: Tychan
|-damage|p1a: Tychan|0 fnt
|-heal|p2a: Tapu Fini|27/100|[from] drain|[of] p1a: Tychan
|faint|p1a: Tychan
|
|-heal|p2a: Tapu Fini|33/100|[from] item: Leftovers
|upkeep
|
|t:|1635047420
|switch|p1a: Red Death|Scizor, M|100/100
|turn|33
|
|t:|1635047422
|move|p1a: Red Death|Bullet Punch|p2a: Tapu Fini
|-damage|p2a: Tapu Fini|0 fnt
|faint|p2a: Tapu Fini
|
|upkeep
|
|t:|1635047424
|switch|p2a: Heatran|Heatran, F|100/100
|-damage|p2a: Heatran|88/100|[from] Stealth Rock
|turn|34
|
|t:|1635047427
|move|p1a: Red Death|Bullet Punch|p2a: Heatran
|-resisted|p2a: Heatran
|-damage|p2a: Heatran|77/100
|move|p2a: Heatran|Magma Storm|p1a: Red Death
|-supereffective|p1a: Red Death
|-damage|p1a: Red Death|0 fnt
|faint|p1a: Red Death
|
|-heal|p2a: Heatran|83/100|[from] item: Leftovers
|upkeep
|
|t:|1635047429
|switch|p1a: Sin|Weavile, M, shiny|2/100
|turn|35
|
|t:|1635047432
|move|p1a: Sin|Low Kick|p2a: Heatran
|-supereffective|p2a: Heatran
|-damage|p2a: Heatran|0 fnt
|faint|p2a: Heatran
|-damage|p1a: Sin|0 fnt|[from] item: Life Orb
|faint|p1a: Sin
|
|win|DashIsBack
|raw|DashIsBack's rating: 1722 &rarr; <strong>1744</strong><br />(+22 for winning)
|raw|galarian dragapult's rating: 1757 &rarr; <strong>1735</strong><br />(-22 for losing)
|l|☆galarian dragapult
|c|☆DashIsBack|gg
|l|☆DashIsBack
