|j|☆Tard-Buster
|j|☆Arnaud senju vgc
|player|p1|Tard-Buster|blue-gen1two|1792
|player|p2|Arnaud senju vgc|alder|1811
|teamsize|p1|6
|teamsize|p2|6
|gametype|singles
|gen|8
|tier|[Gen 8] OU
|rated|
|clearpoke
|poke|p1|Torkoal, F|
|poke|p1|Volcarona, M|
|poke|p1|Darmanitan, M|
|poke|p1|Mandibuzz, F|
|poke|p1|Clefable, M|
|poke|p1|Venusaur, M|
|poke|p2|Ribombee, F|
|poke|p2|Togekiss, M|
|poke|p2|Excadrill, F|
|poke|p2|Cloyster, F|
|poke|p2|Urshifu-*, F|
|poke|p2|Magearna|
|rule|Sleep Clause Mod: Limit one foe put to sleep
|rule|Species Clause: Limit one of each Pokémon
|rule|OHKO Clause: OHKO moves are banned
|rule|Evasion Moves Clause: Evasion moves are banned
|rule|Endless Battle Clause: Forcing endless battles is banned
|rule|HP Percentage Mod: HP is shown in percentages
|rule|Dynamax Clause: You cannot dynamax
|teampreview
|inactive|Battle timer is ON: inactive players will automatically lose when time's up. (requested by Arnaud senju vgc)
|j| yessica95
|
|start
|switch|p1a: Torch|Torkoal, F, shiny|100/100
|switch|p2a: Urshifu|Urshifu-Rapid-Strike, F|100/100
|-weather|SunnyDay|[from] ability: Drought|[of] p1a: Torch
|turn|1
|
|switch|p1a: Bonez|Mandibuzz, F, shiny|100/100
|move|p2a: Urshifu|Surging Strikes|p1a: Bonez
|-crit|p1a: Bonez
|-damage|p1a: Bonez|92/100
|-crit|p1a: Bonez
|-damage|p1a: Bonez|85/100
|-crit|p1a: Bonez
|-damage|p1a: Bonez|77/100
|-hitcount|p1a: Bonez|3
|
|-weather|SunnyDay|[upkeep]
|upkeep
|turn|2
|
|move|p2a: Urshifu|Surging Strikes|p1a: Bonez
|-crit|p1a: Bonez
|-damage|p1a: Bonez|68/100
|-crit|p1a: Bonez
|-damage|p1a: Bonez|59/100
|-crit|p1a: Bonez
|-damage|p1a: Bonez|52/100
|-hitcount|p1a: Bonez|3
|move|p1a: Bonez|U-turn|p2a: Urshifu
|-resisted|p2a: Urshifu
|-damage|p2a: Urshifu|95/100
|
|switch|p1a: Lil Blaine|Venusaur, M, shiny|100/100|[from]move: U-turn
|
|-weather|SunnyDay|[upkeep]
|upkeep
|turn|3
|
|move|p1a: Lil Blaine|Weather Ball|p2a: Urshifu
|-resisted|p2a: Urshifu
|-damage|p2a: Urshifu|52/100
|-damage|p1a: Lil Blaine|91/100|[from] item: Life Orb
|move|p2a: Urshifu|Surging Strikes|p1a: Lil Blaine
|-resisted|p1a: Lil Blaine
|-crit|p1a: Lil Blaine
|-damage|p1a: Lil Blaine|81/100
|-resisted|p1a: Lil Blaine
|-crit|p1a: Lil Blaine
|-damage|p1a: Lil Blaine|71/100
|-resisted|p1a: Lil Blaine
|-crit|p1a: Lil Blaine
|-damage|p1a: Lil Blaine|61/100
|-hitcount|p1a: Lil Blaine|3
|
|-weather|SunnyDay|[upkeep]
|upkeep
|turn|4
|j| Dickooooo
|
|move|p1a: Lil Blaine|Giga Drain|p2a: Urshifu
|-supereffective|p2a: Urshifu
|-damage|p2a: Urshifu|0 fnt
|-heal|p1a: Lil Blaine|90/100|[from] drain|[of] p2a: Urshifu
|-damage|p1a: Lil Blaine|80/100|[from] item: Life Orb
|faint|p2a: Urshifu
|
|-weather|SunnyDay|[upkeep]
|upkeep
|
|switch|p2a: Excadrill|Excadrill, F|100/100
|-ability|p2a: Excadrill|Mold Breaker
|turn|5
|
|switch|p1a: Bonez|Mandibuzz, F, shiny|52/100
|move|p2a: Excadrill|Earthquake|p1a: Bonez
|-immune|p1a: Bonez
|
|-weather|SunnyDay|[upkeep]
|upkeep
|turn|6
|
|move|p2a: Excadrill|Iron Head|p1a: Bonez
|-damage|p1a: Bonez|26/100
|move|p1a: Bonez|U-turn|p2a: Excadrill
|-resisted|p2a: Excadrill
|-damage|p2a: Excadrill|93/100
|
|switch|p1a: Donkey Kong|Darmanitan, M, shiny|100/100|[from]move: U-turn
|
|-weather|SunnyDay|[upkeep]
|upkeep
|turn|7
|j| Gingy is bad
|j| jojo is terrible
|l| Gingy is bad
|
|switch|p2a: Ribombee|Ribombee, F|100/100
|move|p1a: Donkey Kong|Flare Blitz|p2a: Ribombee
|-supereffective|p2a: Ribombee
|-enditem|p2a: Ribombee|Focus Sash
|-damage|p2a: Ribombee|1/100
|-damage|p1a: Donkey Kong|76/100|[from] Recoil
|
|-weather|SunnyDay|[upkeep]
|upkeep
|turn|8
|j| MatisXYZ
|j| HeroOfTheStreet
|
|move|p1a: Donkey Kong|Flare Blitz|p2a: Ribombee
|-supereffective|p2a: Ribombee
|-damage|p2a: Ribombee|0 fnt
|-damage|p1a: Donkey Kong|76/100|[from] Recoil
|faint|p2a: Ribombee
|
|-weather|none
|upkeep
|
|switch|p2a: Cloyster|Cloyster, F|100/100
|turn|9
|l| HeroOfTheStreet
|l| jojo is terrible
|j| Zombini62
|l|☆Tard-Buster
|inactive|Tard-Buster disconnected and has a minute to reconnect!
|player|p1|
|j|☆Tard-Buster
|inactive|Tard-Buster reconnected and has 115 seconds left.
|player|p1|Tard-Buster|blue-gen1two
|
|move|p1a: Donkey Kong|Flare Blitz|p2a: Cloyster
|-damage|p2a: Cloyster|33/100
|-damage|p1a: Donkey Kong|58/100|[from] Recoil
|move|p2a: Cloyster|Shell Smash|p2a: Cloyster
|-unboost|p2a: Cloyster|def|1
|-unboost|p2a: Cloyster|spd|1
|-boost|p2a: Cloyster|atk|2
|-boost|p2a: Cloyster|spa|2
|-boost|p2a: Cloyster|spe|2
|
|upkeep
|turn|10
|inactive|Tard-Buster has 120 seconds left.
|
|move|p2a: Cloyster|Icicle Spear|p1a: Donkey Kong
|-resisted|p1a: Donkey Kong
|-damage|p1a: Donkey Kong|44/100
|-resisted|p1a: Donkey Kong
|-damage|p1a: Donkey Kong|30/100
|-resisted|p1a: Donkey Kong
|-damage|p1a: Donkey Kong|15/100
|-resisted|p1a: Donkey Kong
|-damage|p1a: Donkey Kong|0 fnt
|-hitcount|p1a: Donkey Kong|4
|faint|p1a: Donkey Kong
|
|upkeep
|inactive|Tard-Buster has 120 seconds left.
|
|switch|p1a: Torch|Torkoal, F, shiny|100/100
|-weather|SunnyDay|[from] ability: Drought|[of] p1a: Torch
|turn|11
|
|move|p2a: Cloyster|Rock Blast|p1a: Torch
|-supereffective|p1a: Torch
|-damage|p1a: Torch|86/100
|-supereffective|p1a: Torch
|-damage|p1a: Torch|71/100
|-supereffective|p1a: Torch
|-damage|p1a: Torch|56/100
|-supereffective|p1a: Torch
|-damage|p1a: Torch|43/100
|-supereffective|p1a: Torch
|-damage|p1a: Torch|29/100
|-hitcount|p1a: Torch|5
|move|p1a: Torch|Lava Plume|p2a: Cloyster
|-damage|p2a: Cloyster|0 fnt
|faint|p2a: Cloyster
|
|-weather|SunnyDay|[upkeep]
|upkeep
|
|switch|p2a: Togekiss|Togekiss, M|100/100
|turn|12
|
|switch|p1a: Menace|Volcarona, M, shiny|100/100
|move|p2a: Togekiss|Substitute|p2a: Togekiss
|-start|p2a: Togekiss|Substitute
|-damage|p2a: Togekiss|75/100
|
|-weather|SunnyDay|[upkeep]
|-heal|p2a: Togekiss|82/100|[from] item: Leftovers
|upkeep
|turn|13
|
|move|p1a: Menace|Fire Blast|p2a: Togekiss
|-end|p2a: Togekiss|Substitute
|move|p2a: Togekiss|Air Slash|p1a: Menace
|-supereffective|p1a: Menace
|-damage|p1a: Menace|31/100
|
|-weather|SunnyDay|[upkeep]
|-heal|p2a: Togekiss|88/100|[from] item: Leftovers
|upkeep
|turn|14
|j| Seucra
|
|move|p1a: Menace|Fire Blast|p2a: Togekiss|[miss]
|-miss|p1a: Menace|p2a: Togekiss
|move|p2a: Togekiss|Air Slash|p1a: Menace
|-supereffective|p1a: Menace
|-damage|p1a: Menace|0 fnt
|faint|p1a: Menace
|
|-weather|SunnyDay|[upkeep]
|-heal|p2a: Togekiss|94/100|[from] item: Leftovers
|upkeep
|j| RealSoul
|
|switch|p1a: Lil Blaine|Venusaur, M, shiny|80/100
|turn|15
|
|switch|p2a: Excadrill|Excadrill, F|93/100
|-ability|p2a: Excadrill|Mold Breaker
|move|p1a: Lil Blaine|Sludge Bomb|p2a: Excadrill
|-immune|p2a: Excadrill
|
|-weather|SunnyDay|[upkeep]
|upkeep
|turn|16
|l| Seucra
|
|move|p1a: Lil Blaine|Weather Ball|p2a: Excadrill
|-supereffective|p2a: Excadrill
|-damage|p2a: Excadrill|0 fnt
|-damage|p1a: Lil Blaine|70/100|[from] item: Life Orb
|faint|p2a: Excadrill
|
|-weather|SunnyDay|[upkeep]
|upkeep
|
|switch|p2a: Togekiss|Togekiss, M|94/100
|turn|17
|
|move|p1a: Lil Blaine|Sludge Bomb|p2a: Togekiss
|-supereffective|p2a: Togekiss
|-damage|p2a: Togekiss|0 fnt
|-damage|p1a: Lil Blaine|60/100|[from] item: Life Orb
|faint|p2a: Togekiss
|
|-weather|SunnyDay|[upkeep]
|upkeep
|
|switch|p2a: Magearna|Magearna|100/100
|turn|18
|
|move|p1a: Lil Blaine|Weather Ball|p2a: Magearna
|-supereffective|p2a: Magearna
|-damage|p2a: Magearna|16/100
|-damage|p1a: Lil Blaine|50/100|[from] item: Life Orb
|move|p2a: Magearna|Calm Mind|p2a: Magearna
|-boost|p2a: Magearna|spa|1
|-boost|p2a: Magearna|spd|1
|
|-weather|none
|-heal|p2a: Magearna|22/100|[from] item: Leftovers
|upkeep
|turn|19
|
|switch|p1a: Torch|Torkoal, F, shiny|29/100
|-weather|SunnyDay|[from] ability: Drought|[of] p1a: Torch
|move|p2a: Magearna|Stored Power|p1a: Torch
|-damage|p1a: Torch|0 fnt
|faint|p1a: Torch
|-ability|p2a: Magearna|Soul-Heart|boost
|-boost|p2a: Magearna|spa|1
|
|-weather|SunnyDay|[upkeep]
|-heal|p2a: Magearna|28/100|[from] item: Leftovers
|upkeep
|
|switch|p1a: Lil Blaine|Venusaur, M, shiny|50/100
|turn|20
|l| yessica95
|
|move|p1a: Lil Blaine|Weather Ball|p2a: Magearna
|-supereffective|p2a: Magearna
|-damage|p2a: Magearna|0 fnt
|-damage|p1a: Lil Blaine|40/100|[from] item: Life Orb
|faint|p2a: Magearna
|
|win|Tard-Buster
|l|☆Arnaud senju vgc
