|raw|<div class="broadcast-blue"><strong>This battle is required to be public due to a player having a name starting with 'LT73IU'.</div>
|j|☆relic stone
|j|☆LT73IU vso
|t:|1598671205
|player|p1|relic stone|lusamine-nihilego|2007
|player|p2|LT73IU vso|pokemonranger-gen4|2034
|teamsize|p1|6
|teamsize|p2|6
|gametype|singles
|gen|8
|tier|[Gen 8] OU
|rated|
|clearpoke
|poke|p1|Torkoal, M|
|poke|p1|Venusaur, M|
|poke|p1|Togekiss, M|
|poke|p1|Urshifu-*, M|
|poke|p1|Charizard, M|
|poke|p1|Excadrill, M|
|poke|p2|Kyurem|
|poke|p2|Zeraora|
|poke|p2|Clefable, M|
|poke|p2|Mantine, M|
|poke|p2|Amoonguss, F|
|poke|p2|Conkeldurr, F|
|rule|Sleep Clause Mod: Limit one foe put to sleep
|rule|Species Clause: Limit one of each Pokémon
|rule|OHKO Clause: OHKO moves are banned
|rule|Evasion Moves Clause: Evasion moves are banned
|rule|Endless Battle Clause: Forcing endless battles is banned
|rule|HP Percentage Mod: HP is shown in percentages
|rule|Dynamax Clause: You cannot dynamax
|teampreview
|j| egalvanc
|c|☆relic stone|hf
|j| Destro16
|c|☆LT73IU vso|hf
|
|t:|1598671216
|start
|switch|p1a: Impaler|Excadrill, M, shiny|100/100
|switch|p2a: Kyurem|Kyurem|100/100
|-ability|p2a: Kyurem|Pressure
|-ability|p1a: Impaler|Mold Breaker
|turn|1
|j| OnePumpChump69
|
|t:|1598671220
|move|p2a: Kyurem|Focus Blast|p1a: Impaler|[miss]
|-miss|p2a: Kyurem|p1a: Impaler
|move|p1a: Impaler|Stealth Rock|p2a: Kyurem
|-sidestart|p2: LT73IU vso|move: Stealth Rock
|
|upkeep
|turn|2
|j| LT73IU ad
|l| LT73IU ad
|
|t:|1598671226
|switch|p2a: Amoonguss|Amoonguss, F|100/100
|-damage|p2a: Amoonguss|88/100|[from] Stealth Rock
|switch|p1a: Cloud n1n3|Togekiss, M|100/100
|
|-heal|p2a: Amoonguss|94/100|[from] item: Black Sludge
|upkeep
|turn|3
|
|t:|1598671230
|move|p1a: Cloud n1n3|Trick|p2a: Amoonguss
|-activate|p1a: Cloud n1n3|move: Trick|[of] p2a: Amoonguss
|-item|p2a: Amoonguss|Choice Scarf|[from] move: Trick
|-item|p1a: Cloud n1n3|Black Sludge|[from] move: Trick
|move|p2a: Amoonguss|Spore|p1a: Cloud n1n3
|-status|p1a: Cloud n1n3|slp|[from] move: Spore
|
|-damage|p1a: Cloud n1n3|88/100 slp|[from] item: Black Sludge
|upkeep
|turn|4
|
|t:|1598671235
|switch|p1a: Kazame|Torkoal, M|100/100
|-weather|SunnyDay|[from] ability: Drought|[of] p1a: Kazame
|switch|p2a: Conkeldurr|Conkeldurr, F|100/100
|-damage|p2a: Conkeldurr|95/100|[from] Stealth Rock
|
|-weather|SunnyDay|[upkeep]
|-status|p2a: Conkeldurr|brn|[from] item: Flame Orb
|upkeep
|turn|5
|j| spikematoi
|
|t:|1598671241
|move|p2a: Conkeldurr|Facade|p1a: Kazame
|-damage|p1a: Kazame|54/100
|move|p1a: Kazame|Lava Plume|p2a: Conkeldurr
|-damage|p2a: Conkeldurr|41/100 brn
|
|-weather|SunnyDay|[upkeep]
|-damage|p2a: Conkeldurr|35/100 brn|[from] brn
|upkeep
|turn|6
|
|t:|1598671244
|move|p2a: Conkeldurr|Close Combat|p1a: Kazame
|-damage|p1a: Kazame|0 fnt
|-unboost|p2a: Conkeldurr|def|1
|-unboost|p2a: Conkeldurr|spd|1
|faint|p1a: Kazame
|
|-weather|SunnyDay|[upkeep]
|-damage|p2a: Conkeldurr|29/100 brn|[from] brn
|upkeep
|
|t:|1598671252
|switch|p1a: Sage|Charizard, M|100/100
|turn|7
|
|t:|1598671255
|move|p2a: Conkeldurr|Mach Punch|p1a: Sage
|-resisted|p1a: Sage
|-damage|p1a: Sage|77/100
|move|p1a: Sage|Weather Ball|p2a: Conkeldurr
|-damage|p2a: Conkeldurr|0 fnt
|faint|p2a: Conkeldurr
|
|-weather|SunnyDay|[upkeep]
|-damage|p1a: Sage|64/100|[from] ability: Solar Power|[of] p1a: Sage
|upkeep
|
|t:|1598671257
|switch|p2a: Zeraora|Zeraora|100/100
|turn|8
|
|t:|1598671262
|move|p2a: Zeraora|Close Combat|p1a: Sage
|-resisted|p1a: Sage
|-damage|p1a: Sage|37/100
|-unboost|p2a: Zeraora|def|1
|-unboost|p2a: Zeraora|spd|1
|move|p1a: Sage|Weather Ball|p2a: Zeraora
|-damage|p2a: Zeraora|0 fnt
|faint|p2a: Zeraora
|
|-weather|SunnyDay|[upkeep]
|-damage|p1a: Sage|24/100|[from] ability: Solar Power|[of] p1a: Sage
|upkeep
|
|t:|1598671265
|switch|p2a: Mantine|Mantine, M|100/100
|turn|9
|
|t:|1598671274
|switch|p1a: Impaler|Excadrill, M, shiny|100/100
|-ability|p1a: Impaler|Mold Breaker
|move|p2a: Mantine|Defog|p1a: Impaler
|-unboost|p1a: Impaler|evasion|1
|-sideend|p2: LT73IU vso|Stealth Rock|[from] move: Defog|[of] p2a: Mantine
|
|-weather|SunnyDay|[upkeep]
|upkeep
|turn|10
|
|t:|1598671278
|switch|p2a: Kyurem|Kyurem|100/100
|-ability|p2a: Kyurem|Pressure
|move|p1a: Impaler|Toxic|p2a: Kyurem
|-status|p2a: Kyurem|tox
|
|-weather|SunnyDay|[upkeep]
|-damage|p2a: Kyurem|94/100 tox|[from] psn
|upkeep
|turn|11
|j| Sugarhigh
|
|t:|1598671281
|move|p2a: Kyurem|Ice Beam|p1a: Impaler
|-damage|p1a: Impaler|49/100
|move|p1a: Impaler|Stealth Rock|p2a: Kyurem
|-sidestart|p2: LT73IU vso|move: Stealth Rock
|
|-weather|none
|-heal|p1a: Impaler|55/100|[from] item: Leftovers
|-damage|p2a: Kyurem|82/100 tox|[from] psn
|upkeep
|turn|12
|
|t:|1598671286
|switch|p2a: Amoonguss|Amoonguss, F|100/100
|-damage|p2a: Amoonguss|88/100|[from] Stealth Rock
|move|p1a: Impaler|Earthquake|p2a: Amoonguss
|-damage|p2a: Amoonguss|55/100
|
|-heal|p1a: Impaler|61/100|[from] item: Leftovers
|upkeep
|turn|13
|
|t:|1598671290
|switch|p2a: Mantine|Mantine, M|100/100
|move|p1a: Impaler|Earthquake|p2a: Mantine
|-immune|p2a: Mantine
|
|-heal|p1a: Impaler|67/100|[from] item: Leftovers
|upkeep
|turn|14
|
|t:|1598671298
|switch|p2a: Amoonguss|Amoonguss, F|88/100
|-damage|p2a: Amoonguss|76/100|[from] Stealth Rock
|move|p1a: Impaler|Toxic|p2a: Amoonguss
|-immune|p2a: Amoonguss
|
|-heal|p1a: Impaler|73/100|[from] item: Leftovers
|upkeep
|turn|15
|
|t:|1598671304
|move|p1a: Impaler|Earthquake|p2a: Amoonguss
|-damage|p2a: Amoonguss|44/100
|move|p2a: Amoonguss|Spore|p1a: Impaler
|-message|Sleep Clause Mod activated.
|
|-heal|p1a: Impaler|79/100|[from] item: Leftovers
|upkeep
|turn|16
|
|t:|1598671309
|switch|p2a: Clefable|Clefable, M|100/100
|move|p1a: Impaler|Toxic|p2a: Clefable|[miss]
|-miss|p1a: Impaler|p2a: Clefable
|
|-heal|p1a: Impaler|85/100|[from] item: Leftovers
|upkeep
|turn|17
|
|t:|1598671318
|move|p1a: Impaler|Earthquake|p2a: Clefable
|-damage|p2a: Clefable|66/100
|move|p2a: Clefable|Wish|p2a: Clefable
|
|-heal|p1a: Impaler|92/100|[from] item: Leftovers
|-heal|p2a: Clefable|72/100|[from] item: Leftovers
|upkeep
|turn|18
|
|t:|1598671322
|move|p1a: Impaler|Earthquake|p2a: Clefable
|-damage|p2a: Clefable|39/100
|move|p2a: Clefable|Moonblast|p1a: Impaler
|-resisted|p1a: Impaler
|-damage|p1a: Impaler|79/100
|
|-heal|p2a: Clefable|89/100|[from] move: Wish|[wisher] Clefable
|-heal|p1a: Impaler|85/100|[from] item: Leftovers
|-heal|p2a: Clefable|95/100|[from] item: Leftovers
|upkeep
|turn|19
|
|t:|1598671328
|move|p2a: Clefable|Protect|p2a: Clefable
|-singleturn|p2a: Clefable|Protect
|move|p1a: Impaler|Earthquake|p2a: Clefable
|-activate|p2a: Clefable|move: Protect
|
|-heal|p1a: Impaler|91/100|[from] item: Leftovers
|-heal|p2a: Clefable|100/100|[from] item: Leftovers
|upkeep
|turn|20
|
|t:|1598671330
|move|p1a: Impaler|Earthquake|p2a: Clefable
|-damage|p2a: Clefable|64/100
|move|p2a: Clefable|Wish|p2a: Clefable
|
|-heal|p1a: Impaler|97/100|[from] item: Leftovers
|-heal|p2a: Clefable|71/100|[from] item: Leftovers
|upkeep
|turn|21
|
|t:|1598671332
|move|p1a: Impaler|Earthquake|p2a: Clefable
|-damage|p2a: Clefable|37/100
|move|p2a: Clefable|Moonblast|p1a: Impaler
|-resisted|p1a: Impaler
|-damage|p1a: Impaler|85/100
|
|-heal|p2a: Clefable|87/100|[from] move: Wish|[wisher] Clefable
|-heal|p1a: Impaler|91/100|[from] item: Leftovers
|-heal|p2a: Clefable|93/100|[from] item: Leftovers
|upkeep
|turn|22
|
|t:|1598671336
|move|p2a: Clefable|Protect|p2a: Clefable
|-singleturn|p2a: Clefable|Protect
|move|p1a: Impaler|Earthquake|p2a: Clefable
|-activate|p2a: Clefable|move: Protect
|
|-heal|p1a: Impaler|97/100|[from] item: Leftovers
|-heal|p2a: Clefable|99/100|[from] item: Leftovers
|upkeep
|turn|23
|
|t:|1598671338
|move|p1a: Impaler|Earthquake|p2a: Clefable
|-damage|p2a: Clefable|66/100
|move|p2a: Clefable|Wish|p2a: Clefable
|
|-heal|p1a: Impaler|100/100|[from] item: Leftovers
|-heal|p2a: Clefable|72/100|[from] item: Leftovers
|upkeep
|turn|24
|inactive|Battle timer is ON: inactive players will automatically lose when time's up. (requested by LT73IU vso)
|
|t:|1598671343
|switch|p1a: Rex|Venusaur, M|100/100
|move|p2a: Clefable|Moonblast|p1a: Rex
|-resisted|p1a: Rex
|-damage|p1a: Rex|84/100
|
|-heal|p2a: Clefable|100/100|[from] move: Wish|[wisher] Clefable
|upkeep
|turn|25
|
|t:|1598671348
|switch|p2a: Mantine|Mantine, M|100/100
|move|p1a: Rex|Growth|p1a: Rex
|-boost|p1a: Rex|atk|1
|-boost|p1a: Rex|spa|1
|
|upkeep
|turn|26
|
|t:|1598671356
|move|p1a: Rex|Giga Drain|p2a: Mantine
|-damage|p2a: Mantine|66/100
|-heal|p1a: Rex|100/100|[from] drain|[of] p2a: Mantine
|-damage|p1a: Rex|91/100|[from] item: Life Orb
|move|p2a: Mantine|Scald|p1a: Rex
|-resisted|p1a: Rex
|-damage|p1a: Rex|79/100
|
|upkeep
|turn|27
|
|t:|1598671359
|switch|p1a: Chuck Norris|Urshifu, M|100/100
|move|p2a: Mantine|Roost|p2a: Mantine
|-heal|p2a: Mantine|100/100
|-singleturn|p2a: Mantine|move: Roost
|
|upkeep
|turn|28
|
|t:|1598671364
|move|p1a: Chuck Norris|Wicked Blow|p2a: Mantine
|-crit|p2a: Mantine
|-damage|p2a: Mantine|1/100
|-damage|p1a: Chuck Norris|91/100|[from] item: Life Orb
|move|p2a: Mantine|Scald|p1a: Chuck Norris
|-damage|p1a: Chuck Norris|59/100
|
|upkeep
|turn|29
|
|t:|1598671368
|switch|p2a: Amoonguss|Amoonguss, F|77/100
|-damage|p2a: Amoonguss|65/100|[from] Stealth Rock
|move|p1a: Chuck Norris|Poison Jab|p2a: Amoonguss
|-damage|p2a: Amoonguss|33/100
|-damage|p1a: Chuck Norris|49/100|[from] item: Life Orb
|
|upkeep
|turn|30
|
|t:|1598671372
|switch|p2a: Clefable|Clefable, M|100/100
|move|p1a: Chuck Norris|Wicked Blow|p2a: Clefable
|-resisted|p2a: Clefable
|-crit|p2a: Clefable
|-damage|p2a: Clefable|69/100
|-damage|p1a: Chuck Norris|39/100|[from] item: Life Orb
|
|-heal|p2a: Clefable|75/100|[from] item: Leftovers
|upkeep
|turn|31
|
|t:|1598671377
|move|p1a: Chuck Norris|Poison Jab|p2a: Clefable
|-supereffective|p2a: Clefable
|-damage|p2a: Clefable|9/100
|-damage|p1a: Chuck Norris|29/100|[from] item: Life Orb
|move|p2a: Clefable|Moonblast|p1a: Chuck Norris
|-supereffective|p1a: Chuck Norris
|-damage|p1a: Chuck Norris|0 fnt
|faint|p1a: Chuck Norris
|
|-heal|p2a: Clefable|15/100|[from] item: Leftovers
|upkeep
|
|t:|1598671384
|switch|p1a: Rex|Venusaur, M|79/100
|turn|32
|
|t:|1598671389
|move|p2a: Clefable|Protect|p2a: Clefable
|-singleturn|p2a: Clefable|Protect
|move|p1a: Rex|Giga Drain|p2a: Clefable
|-activate|p2a: Clefable|move: Protect
|
|-heal|p2a: Clefable|21/100|[from] item: Leftovers
|upkeep
|turn|33
|
|t:|1598671393
|switch|p2a: Mantine|Mantine, M|1/100
|move|p1a: Rex|Giga Drain|p2a: Mantine
|-damage|p2a: Mantine|0 fnt
|-heal|p1a: Rex|79/100|[from] drain|[of] p2a: Mantine
|-damage|p1a: Rex|69/100|[from] item: Life Orb
|faint|p2a: Mantine
|
|upkeep
|
|t:|1598671395
|switch|p2a: Kyurem|Kyurem|82/100 tox
|-damage|p2a: Kyurem|57/100 tox|[from] Stealth Rock
|-ability|p2a: Kyurem|Pressure
|turn|34
|
|t:|1598671401
|switch|p1a: Cloud n1n3|Togekiss, M|88/100 slp
|move|p2a: Kyurem|Ice Beam|p1a: Cloud n1n3
|-supereffective|p1a: Cloud n1n3
|-damage|p1a: Cloud n1n3|0 fnt
|faint|p1a: Cloud n1n3
|
|-damage|p2a: Kyurem|51/100 tox|[from] psn
|upkeep
|
|t:|1598671402
|switch|p1a: Sage|Charizard, M|24/100
|turn|35
|j| crimchi
|
|t:|1598671410
|move|p1a: Sage|Overheat|p2a: Kyurem
|-crit|p2a: Kyurem
|-damage|p2a: Kyurem|0 fnt
|-unboost|p1a: Sage|spa|2
|faint|p2a: Kyurem
|
|upkeep
|
|t:|1598671412
|switch|p2a: Clefable|Clefable, M|21/100
|turn|36
|
|t:|1598671414
|move|p2a: Clefable|Protect|p2a: Clefable
|-singleturn|p2a: Clefable|Protect
|move|p1a: Sage|Overheat|p2a: Clefable
|-activate|p2a: Clefable|move: Protect
|
|-heal|p2a: Clefable|27/100|[from] item: Leftovers
|upkeep
|turn|37
|
|t:|1598671418
|move|p2a: Clefable|Protect||[still]
|-fail|p2a: Clefable
|move|p1a: Sage|Overheat|p2a: Clefable
|-damage|p2a: Clefable|0 fnt
|-unboost|p1a: Sage|spa|2
|faint|p2a: Clefable
|
|upkeep
|l| crimchi
|
|t:|1598671420
|switch|p2a: Amoonguss|Amoonguss, F|66/100
|-damage|p2a: Amoonguss|54/100|[from] Stealth Rock
|turn|38
|j| Poisonous Moth
|c|☆LT73IU vso|gg
|-message|LT73IU vso forfeited.
|
|win|relic stone
|l|☆LT73IU vso
|c|☆relic stone|gg
|j| Vessev
|raw|relic stone's rating: 2007 &rarr; <strong>2028</strong><br />(+21 for winning)
|raw|LT73IU vso's rating: 2034 &rarr; <strong>2012</strong><br />(-22 for losing)
|l| Poisonous Moth
