|j|☆minimax_ai
|j|☆Blacksponge
|t:|1667521745
|gametype|singles
|player|p1|minimax_ai|lusamine-nihilego|1713
|player|p2|Blacksponge|lucas|1772
|teamsize|p1|6
|teamsize|p2|6
|gen|8
|tier|[Gen 8] OU
|rated|
|rule|Sleep Clause Mod: Limit one foe put to sleep
|rule|Species Clause: Limit one of each Pokémon
|rule|OHKO Clause: OHKO moves are banned
|rule|Evasion Items Clause: Evasion items are banned
|rule|Evasion Moves Clause: Evasion moves are banned
|rule|Endless Battle Clause: Forcing endless battles is banned
|rule|HP Percentage Mod: HP is shown in percentages
|rule|Dynamax Clause: You cannot dynamax
|clearpoke
|poke|p1|Rotom-Wash|
|poke|p1|Weavile, F|
|poke|p1|Landorus-Therian, M|
|poke|p1|Heatran, M|
|poke|p1|Tangrowth, M|
|poke|p1|Melmetal|
|poke|p2|Tyranitar, F|
|poke|p2|Dragapult, F|
|poke|p2|Heatran, F|
|poke|p2|Clefable, F|
|poke|p2|Tapu Koko|
|poke|p2|Victini|
|teampreview
|j| atlas tales
|c|☆minimax_ai|hf
|inactive|Battle timer is ON: inactive players will automatically lose when time's up. (requested by minimax_ai)
|
|t:|1667521758
|start
|switch|p1a: Melmetal|Melmetal|100/100
|switch|p2a: Heatran|Heatran, F|100/100
|turn|1
|
|t:|1667521761
|move|p2a: Heatran|Earth Power|p1a: Melmetal
|-supereffective|p1a: Melmetal
|-damage|p1a: Melmetal|66/100
|move|p1a: Melmetal|Earthquake|p2a: Heatran
|-supereffective|p2a: Heatran
|-damage|p2a: Heatran|0 fnt
|faint|p2a: Heatran
|
|upkeep
|
|t:|1667521766
|switch|p2a: Victini|Victini|100/100
|turn|2
|
|t:|1667521769
|switch|p1a: landorustherian|Landorus-Therian, M|100/100
|-ability|p1a: landorustherian|Intimidate|boost
|-unboost|p2a: Victini|atk|1
|move|p2a: Victini|V-create|p1a: landorustherian
|-damage|p1a: landorustherian|22/100
|-unboost|p2a: Victini|spe|1
|-unboost|p2a: Victini|def|1
|-unboost|p2a: Victini|spd|1
|
|-heal|p1a: landorustherian|28/100|[from] item: Leftovers
|upkeep
|turn|3
|
|t:|1667521771
|switch|p2a: Clefable|Clefable, F|100/100
|move|p1a: landorustherian|Earthquake|p2a: Clefable
|-damage|p2a: Clefable|63/100
|
|-heal|p1a: landorustherian|34/100|[from] item: Leftovers
|-heal|p2a: Clefable|69/100|[from] item: Leftovers
|upkeep
|turn|4
|
|t:|1667521773
|move|p1a: landorustherian|U-turn|p2a: Clefable
|-resisted|p2a: Clefable
|-damage|p2a: Clefable|60/100
|
|t:|1667521774
|switch|p1a: Melmetal|Melmetal|66/100|[from]move: U-turn
|move|p2a: Clefable|Stealth Rock|p1a: Melmetal
|-sidestart|p1: minimax_ai|move: Stealth Rock
|
|-heal|p2a: Clefable|66/100|[from] item: Leftovers
|upkeep
|turn|5
|
|t:|1667521777
|switch|p2a: Victini|Victini|100/100
|move|p1a: Melmetal|Double Iron Bash|p2a: Victini
|-resisted|p2a: Victini
|-damage|p2a: Victini|80/100
|-resisted|p2a: Victini
|-damage|p2a: Victini|60/100
|-hitcount|p2a: Victini|2
|
|upkeep
|turn|6
|
|t:|1667521780
|move|p2a: Victini|Brick Break|p1a: Melmetal
|-supereffective|p1a: Melmetal
|-damage|p1a: Melmetal|23/100
|move|p1a: Melmetal|Earthquake|p2a: Victini
|-supereffective|p2a: Victini
|-damage|p2a: Victini|0 fnt
|faint|p2a: Victini
|
|upkeep
|
|t:|1667521785
|switch|p2a: Tyranitar|Tyranitar, F|100/100
|-weather|Sandstorm|[from] ability: Sand Stream|[of] p2a: Tyranitar
|turn|7
|
|t:|1667521787
|switch|p1a: landorustherian|Landorus-Therian, M|34/100
|-damage|p1a: landorustherian|21/100|[from] Stealth Rock
|-ability|p1a: landorustherian|Intimidate|boost
|-unboost|p2a: Tyranitar|atk|1
|move|p2a: Tyranitar|Assurance|p1a: landorustherian
|-damage|p1a: landorustherian|0 fnt
|faint|p1a: landorustherian
|
|-weather|Sandstorm|[upkeep]
|upkeep
|
|t:|1667521787
|switch|p1a: Weavile|Weavile, F|100/100
|-damage|p1a: Weavile|76/100|[from] Stealth Rock
|-ability|p1a: Weavile|Pressure
|turn|8
|
|t:|1667521790
|switch|p2a: Tapu Koko|Tapu Koko|100/100
|-fieldstart|move: Electric Terrain|[from] ability: Electric Surge|[of] p2a: Tapu Koko
|move|p1a: Weavile|Triple Axel|p2a: Tapu Koko
|-damage|p2a: Tapu Koko|81/100
|-hitcount|p2a: Tapu Koko|1
|
|-weather|Sandstorm|[upkeep]
|-damage|p2a: Tapu Koko|75/100|[from] Sandstorm
|-damage|p1a: Weavile|70/100|[from] Sandstorm
|upkeep
|turn|9
|
|t:|1667521797
|switch|p1a: Melmetal|Melmetal|23/100
|-damage|p1a: Melmetal|17/100|[from] Stealth Rock
|move|p2a: Tapu Koko|Thunderbolt|p1a: Melmetal
|-damage|p1a: Melmetal|0 fnt
|faint|p1a: Melmetal
|
|-weather|Sandstorm|[upkeep]
|-damage|p2a: Tapu Koko|69/100|[from] Sandstorm
|upkeep
|
|t:|1667521797
|switch|p1a: Heatran|Heatran, M|100/100
|-damage|p1a: Heatran|88/100|[from] Stealth Rock
|-item|p1a: Heatran|Air Balloon
|turn|10
|
|t:|1667521811
|switch|p2a: Clefable|Clefable, F|66/100
|move|p1a: Heatran|Earth Power|p2a: Clefable
|-damage|p2a: Clefable|37/100
|
|-weather|Sandstorm|[upkeep]
|-damage|p2a: Clefable|31/100|[from] Sandstorm
|-heal|p2a: Clefable|37/100|[from] item: Leftovers
|upkeep
|turn|11
|
|t:|1667521815
|switch|p2a: Tyranitar|Tyranitar, F|100/100
|move|p1a: Heatran|Earth Power|p2a: Tyranitar
|-supereffective|p2a: Tyranitar
|-damage|p2a: Tyranitar|58/100
|
|-weather|none
|upkeep
|turn|12
|
|t:|1667521819
|switch|p2a: Clefable|Clefable, F|37/100
|move|p1a: Heatran|Earth Power|p2a: Clefable
|-damage|p2a: Clefable|5/100
|
|-heal|p2a: Clefable|11/100|[from] item: Leftovers
|-fieldend|move: Electric Terrain
|upkeep
|turn|13
|
|t:|1667521822
|move|p1a: Heatran|Magma Storm|p2a: Clefable
|-damage|p2a: Clefable|0 fnt
|faint|p2a: Clefable
|
|upkeep
|
|t:|1667521824
|switch|p2a: Tyranitar|Tyranitar, F|58/100
|-weather|Sandstorm|[from] ability: Sand Stream|[of] p2a: Tyranitar
|turn|14
|
|t:|1667521827
|move|p1a: Heatran|Earth Power|p2a: Tyranitar
|-supereffective|p2a: Tyranitar
|-damage|p2a: Tyranitar|15/100
|-unboost|p2a: Tyranitar|spd|1
|move|p2a: Tyranitar|Stone Edge|p1a: Heatran
|-damage|p1a: Heatran|0 fnt
|-enditem|p1a: Heatran|Air Balloon
|faint|p1a: Heatran
|
|-weather|Sandstorm|[upkeep]
|upkeep
|
|t:|1667521827
|switch|p1a: Weavile|Weavile, F|70/100
|-damage|p1a: Weavile|45/100|[from] Stealth Rock
|-ability|p1a: Weavile|Pressure
|turn|15
|
|t:|1667521831
|move|p1a: Weavile|Triple Axel|p2a: Tyranitar
|-damage|p2a: Tyranitar|0 fnt
|faint|p2a: Tyranitar
|-hitcount|p2: Tyranitar|1
|
|-weather|Sandstorm|[upkeep]
|-damage|p1a: Weavile|39/100|[from] Sandstorm
|upkeep
|
|t:|1667521835
|switch|p2a: Tapu Koko|Tapu Koko|69/100
|-fieldstart|move: Electric Terrain|[from] ability: Electric Surge|[of] p2a: Tapu Koko
|turn|16
|
|t:|1667521837
|switch|p1a: Tangrowth|Tangrowth, M|100/100
|-damage|p1a: Tangrowth|88/100|[from] Stealth Rock
|move|p2a: Tapu Koko|Thunderbolt|p1a: Tangrowth
|-resisted|p1a: Tangrowth
|-crit|p1a: Tangrowth
|-damage|p1a: Tangrowth|32/100
|
|-weather|Sandstorm|[upkeep]
|-damage|p2a: Tapu Koko|63/100|[from] Sandstorm
|-damage|p1a: Tangrowth|26/100|[from] Sandstorm
|upkeep
|turn|17
|
|t:|1667521839
|switch|p1a: Weavile|Weavile, F|39/100
|-damage|p1a: Weavile|14/100|[from] Stealth Rock
|-ability|p1a: Weavile|Pressure
|move|p2a: Tapu Koko|Thunderbolt|p1a: Weavile
|-damage|p1a: Weavile|0 fnt
|faint|p1a: Weavile
|
|-weather|Sandstorm|[upkeep]
|-damage|p2a: Tapu Koko|57/100|[from] Sandstorm
|upkeep
|
|t:|1667521839
|switch|p1a: rotomwash|Rotom-Wash|100/100
|-damage|p1a: rotomwash|88/100|[from] Stealth Rock
|turn|18
|
|t:|1667521842
|move|p2a: Tapu Koko|Thunderbolt|p1a: rotomwash
|-damage|p1a: rotomwash|36/100
|move|p1a: rotomwash|Hydro Pump|p2a: Tapu Koko
|-damage|p2a: Tapu Koko|0 fnt
|faint|p2a: Tapu Koko
|
|-weather|none
|-heal|p1a: rotomwash|43/100|[from] item: Leftovers
|upkeep
|
|t:|1667521843
|switch|p2a: Dragapult|Dragapult, F|100/100
|turn|19
|
|t:|1667521845
|move|p2a: Dragapult|Dragon Darts|p1a: rotomwash
|-damage|p1a: rotomwash|2/100
|-anim|p2a: Dragapult|Dragon Darts|p1a: rotomwash
|-damage|p1a: rotomwash|0 fnt
|faint|p1a: rotomwash
|
|upkeep
|
|t:|1667521845
|switch|p1a: Tangrowth|Tangrowth, M|59/100
|-damage|p1a: Tangrowth|47/100|[from] Stealth Rock
|turn|20
|
|t:|1667521847
|move|p2a: Dragapult|Dragon Darts|p1a: Tangrowth
|-damage|p1a: Tangrowth|26/100
|-anim|p2a: Dragapult|Dragon Darts|p1a: Tangrowth
|-damage|p1a: Tangrowth|6/100
|move|p1a: Tangrowth|Knock Off|p2a: Dragapult
|-supereffective|p2a: Dragapult
|-damage|p2a: Dragapult|44/100
|-enditem|p2a: Dragapult|Choice Band|[from] move: Knock Off|[of] p1a: Tangrowth
|
|-fieldend|move: Electric Terrain
|upkeep
|turn|21
|
|t:|1667521849
|move|p2a: Dragapult|Dragon Darts|p1a: Tangrowth
|-damage|p1a: Tangrowth|0 fnt
|faint|p1a: Tangrowth
|
|win|Blacksponge
|raw|minimax_ai's rating: 1713 &rarr; <strong>1696</strong><br />(-17 for losing)
|raw|Blacksponge's rating: 1772 &rarr; <strong>1789</strong><br />(+17 for winning)
|c|☆minimax_ai|gg
