|j|☆SDK04
|j|☆OUT Kazt
|inactive|Battle timer is ON: inactive players will automatically lose when time's up.
|t:|1660790499
|gametype|singles
|player|p1|SDK04|nate|
|player|p2|OUT Kazt|acetrainersnowf|
|teamsize|p1|6
|teamsize|p2|6
|gen|8
|tier|[Gen 8] OU
|rated|Tournament battle
|rule|Sleep Clause Mod: Limit one foe put to sleep
|rule|Species Clause: Limit one of each Pokémon
|rule|OHKO Clause: OHKO moves are banned
|rule|Evasion Items Clause: Evasion items are banned
|rule|Evasion Moves Clause: Evasion moves are banned
|rule|Endless Battle Clause: Forcing endless battles is banned
|rule|HP Percentage Mod: HP is shown in percentages
|rule|Dynamax Clause: You cannot dynamax
|clearpoke
|poke|p1|Excadrill, F|
|poke|p1|Tyranitar, M|
|poke|p1|Ferrothorn, F|
|poke|p1|Clefable, F|
|poke|p1|Rotom-Wash|
|poke|p1|Tornadus-Therian, M|
|poke|p2|Glaceon, M|
|poke|p2|Clefable, M|
|poke|p2|Dragapult, M|
|poke|p2|Ninetales-Alola, F|
|poke|p2|Slowbro, F|
|poke|p2|Landorus-Therian, M|
|teampreview
|
|t:|1660790510
|start
|switch|p1a: Rotom|Rotom-Wash|100/100
|switch|p2a: Slowbro|Slowbro, F|100/100
|turn|1
|j| Aphelion4
|
|t:|1660790513
|move|p1a: Rotom|Thunder Wave|p2a: Slowbro
|-status|p2a: Slowbro|par
|move|p2a: Slowbro|Scald|p1a: Rotom
|-resisted|p1a: Rotom
|-damage|p1a: Rotom|90/100
|
|-heal|p1a: Rotom|96/100|[from] item: Leftovers
|upkeep
|turn|2
|l| Aphelion4
|
|t:|1660790518
|move|p1a: Rotom|Volt Switch|p2a: Slowbro
|-supereffective|p2a: Slowbro
|-damage|p2a: Slowbro|46/100 par
|
|t:|1660790521
|switch|p1a: Tyranitar|Tyranitar, M|100/100|[from]move: Volt Switch
|-weather|Sandstorm|[from] ability: Sand Stream|[of] p1a: Tyranitar
|move|p2a: Slowbro|Future Sight|p1a: Tyranitar
|-start|p2a: Slowbro|move: Future Sight
|
|-weather|Sandstorm|[upkeep]
|-damage|p2a: Slowbro|40/100 par|[from] Sandstorm
|upkeep
|turn|3
|
|t:|1660790525
|switch|p2a: Landorus|Landorus-Therian, M|100/100
|-ability|p2a: Landorus|Intimidate|boost
|-unboost|p1a: Tyranitar|atk|1
|move|p1a: Tyranitar|Crunch|p2a: Landorus
|-damage|p2a: Landorus|47/100
|
|-weather|Sandstorm|[upkeep]
|-heal|p2a: Landorus|53/100|[from] item: Leftovers
|upkeep
|turn|4
|
|t:|1660790536
|switch|p1a: Clefable|Clefable, F|100/100
|move|p2a: Landorus|Knock Off|p1a: Clefable
|-resisted|p1a: Clefable
|-damage|p1a: Clefable|85/100
|-enditem|p1a: Clefable|Leftovers|[from] move: Knock Off|[of] p2a: Landorus
|
|-weather|Sandstorm|[upkeep]
|-end|p1a: Clefable|move: Future Sight
|-damage|p1a: Clefable|52/100
|-heal|p2a: Landorus|58/100|[from] item: Leftovers
|upkeep
|turn|5
|
|t:|1660790542
|move|p2a: Landorus|U-turn|p1a: Clefable
|-resisted|p1a: Clefable
|-damage|p1a: Clefable|41/100
|
|t:|1660790544
|switch|p2a: Glaceon|Glaceon, M|100/100|[from]move: U-turn
|move|p1a: Clefable|Soft-Boiled|p1a: Clefable
|-heal|p1a: Clefable|91/100
|
|-weather|Sandstorm|[upkeep]
|-damage|p2a: Glaceon|95/100|[from] Sandstorm
|upkeep
|turn|6
|c|☆SDK04|Yo what
|
|t:|1660790549
|move|p2a: Glaceon|Freeze-Dry|p1a: Clefable
|-damage|p1a: Clefable|41/100
|move|p1a: Clefable|Knock Off|p2a: Glaceon
|-damage|p2a: Glaceon|77/100
|-enditem|p2a: Glaceon|Choice Specs|[from] move: Knock Off|[of] p1a: Clefable
|
|-weather|none
|upkeep
|turn|7
|j| AmygdalanResponse
|c|☆SDK04|Ou
|
|t:|1660790553
|move|p2a: Glaceon|Blizzard|p1a: Clefable|[miss]
|-miss|p2a: Glaceon|p1a: Clefable
|move|p1a: Clefable|Soft-Boiled|p1a: Clefable
|-heal|p1a: Clefable|91/100
|
|upkeep
|turn|8
|
|t:|1660790558
|move|p2a: Glaceon|Blizzard|p1a: Clefable
|-damage|p1a: Clefable|43/100
|move|p1a: Clefable|Moonblast|p2a: Glaceon
|-crit|p2a: Glaceon
|-damage|p2a: Glaceon|17/100
|-unboost|p2a: Glaceon|spa|1
|
|upkeep
|turn|9
|c|☆OUT Kazt|damn
|
|t:|1660790571
|switch|p2a: Ninetales|Ninetales-Alola, F|100/100
|-weather|Hail|[from] ability: Snow Warning|[of] p2a: Ninetales
|move|p1a: Clefable|Soft-Boiled|p1a: Clefable
|-heal|p1a: Clefable|93/100
|
|-weather|Hail|[upkeep]
|upkeep
|turn|10
|
|t:|1660790575
|move|p2a: Ninetales|Encore|p1a: Clefable
|-start|p1a: Clefable|Encore
|move|p1a: Clefable|Soft-Boiled|p1a: Clefable
|-heal|p1a: Clefable|100/100
|
|-weather|Hail|[upkeep]
|upkeep
|turn|11
|l| AmygdalanResponse
|
|t:|1660790583
|switch|p1a: Tyranitar|Tyranitar, M|100/100
|-weather|Sandstorm|[from] ability: Sand Stream|[of] p1a: Tyranitar
|move|p2a: Ninetales|Moonblast|p1a: Tyranitar
|-supereffective|p1a: Tyranitar
|-damage|p1a: Tyranitar|63/100
|
|-weather|Sandstorm|[upkeep]
|-damage|p2a: Ninetales|94/100|[from] Sandstorm
|upkeep
|turn|12
|
|t:|1660790588
|move|p2a: Ninetales|Moonblast|p1a: Tyranitar
|-supereffective|p1a: Tyranitar
|-damage|p1a: Tyranitar|27/100
|move|p1a: Tyranitar|Stone Edge|p2a: Ninetales
|-supereffective|p2a: Ninetales
|-damage|p2a: Ninetales|0 fnt
|faint|p2a: Ninetales
|
|-weather|Sandstorm|[upkeep]
|upkeep
|
|t:|1660790601
|switch|p2a: Landorus|Landorus-Therian, M|58/100
|-ability|p2a: Landorus|Intimidate|boost
|-unboost|p1a: Tyranitar|atk|1
|turn|13
|
|t:|1660790604
|switch|p1a: Ferrothorn|Ferrothorn, F|100/100
|move|p2a: Landorus|U-turn|p1a: Ferrothorn
|-damage|p1a: Ferrothorn|84/100
|-damage|p2a: Landorus|46/100|[from] ability: Iron Barbs|[of] p1a: Ferrothorn
|
|t:|1660790607
|switch|p2a: Glaceon|Glaceon, M|17/100|[from]move: U-turn
|
|-weather|Sandstorm|[upkeep]
|-damage|p2a: Glaceon|12/100|[from] Sandstorm
|-heal|p1a: Ferrothorn|90/100|[from] item: Leftovers
|upkeep
|turn|14
|
|t:|1660790610
|move|p2a: Glaceon|Blizzard|p1a: Ferrothorn|[miss]
|-miss|p2a: Glaceon|p1a: Ferrothorn
|move|p1a: Ferrothorn|Leech Seed|p2a: Glaceon
|-start|p2a: Glaceon|move: Leech Seed
|
|-weather|Sandstorm|[upkeep]
|-damage|p2a: Glaceon|6/100|[from] Sandstorm
|-heal|p1a: Ferrothorn|97/100|[from] item: Leftovers
|-damage|p2a: Glaceon|0 fnt|[from] Leech Seed|[of] p1a: Ferrothorn
|-heal|p1a: Ferrothorn|100/100|[silent]
|faint|p2a: Glaceon
|upkeep
|
|t:|1660790618
|switch|p2a: Clefable|Clefable, M|100/100
|turn|15
|
|t:|1660790622
|move|p2a: Clefable|Trick|p1a: Ferrothorn
|-activate|p2a: Clefable|move: Trick|[of] p1a: Ferrothorn
|-item|p1a: Ferrothorn|Sticky Barb|[from] move: Trick
|-item|p2a: Clefable|Leftovers|[from] move: Trick
|move|p1a: Ferrothorn|Knock Off|p2a: Clefable
|-resisted|p2a: Clefable
|-damage|p2a: Clefable|88/100
|-enditem|p2a: Clefable|Leftovers|[from] move: Knock Off|[of] p1a: Ferrothorn
|
|-weather|none
|-damage|p1a: Ferrothorn|88/100|[from] item: Sticky Barb
|upkeep
|turn|16
|
|t:|1660790625
|move|p2a: Clefable|Stealth Rock|p1a: Ferrothorn
|-sidestart|p1: SDK04|move: Stealth Rock
|move|p1a: Ferrothorn|Spikes|p2a: Clefable
|-sidestart|p2: OUT Kazt|Spikes
|
|-damage|p1a: Ferrothorn|75/100|[from] item: Sticky Barb
|upkeep
|turn|17
|j| Eli⿻ssem
|
|t:|1660790628
|switch|p2a: Landorus|Landorus-Therian, M|46/100
|-ability|p2a: Landorus|Intimidate|boost
|-unboost|p1a: Ferrothorn|atk|1
|move|p1a: Ferrothorn|Spikes|p2a: Landorus
|-sidestart|p2: OUT Kazt|Spikes
|
|-heal|p2a: Landorus|52/100|[from] item: Leftovers
|-damage|p1a: Ferrothorn|63/100|[from] item: Sticky Barb
|upkeep
|turn|18
|
|t:|1660790630
|switch|p2a: Clefable|Clefable, M|88/100
|move|p1a: Ferrothorn|Knock Off|p2a: Clefable
|-resisted|p2a: Clefable
|-damage|p2a: Clefable|83/100
|
|-damage|p1a: Ferrothorn|50/100|[from] item: Sticky Barb
|upkeep
|turn|19
|
|t:|1660790634
|switch|p2a: Landorus|Landorus-Therian, M|52/100
|-ability|p2a: Landorus|Intimidate|boost
|-unboost|p1a: Ferrothorn|atk|1
|switch|p1a: Tyranitar|Tyranitar, M|27/100
|-damage|p1a: Tyranitar|15/100|[from] Stealth Rock
|-weather|Sandstorm|[from] ability: Sand Stream|[of] p1a: Tyranitar
|
|-weather|Sandstorm|[upkeep]
|-heal|p2a: Landorus|58/100|[from] item: Leftovers
|upkeep
|turn|20
|
|t:|1660790637
|move|p2a: Landorus|Earthquake|p1a: Tyranitar
|-supereffective|p1a: Tyranitar
|-damage|p1a: Tyranitar|0 fnt
|faint|p1a: Tyranitar
|
|-weather|Sandstorm|[upkeep]
|-heal|p2a: Landorus|64/100|[from] item: Leftovers
|upkeep
|
|t:|1660790642
|switch|p1a: Tornadus|Tornadus-Therian, M|100/100
|turn|21
|
|t:|1660790651
|switch|p2a: Slowbro|Slowbro, F|73/100 par
|-damage|p2a: Slowbro|56/100 par|[from] Spikes
|move|p1a: Tornadus|Hurricane|p2a: Slowbro
|-damage|p2a: Slowbro|15/100 par
|
|-weather|Sandstorm|[upkeep]
|-damage|p1a: Tornadus|94/100|[from] Sandstorm
|-damage|p2a: Slowbro|9/100 par|[from] Sandstorm
|upkeep
|turn|22
|
|t:|1660790657
|move|p1a: Tornadus|U-turn|p2a: Slowbro
|-supereffective|p2a: Slowbro
|-damage|p2a: Slowbro|0 fnt
|-damage|p1a: Tornadus|78/100|[from] item: Rocky Helmet|[of] p2a: Slowbro
|faint|p2a: Slowbro
|
|t:|1660790664
|switch|p1a: Excadrill|Excadrill, F|100/100|[from]move: U-turn
|-damage|p1a: Excadrill|97/100|[from] Stealth Rock
|
|-weather|Sandstorm|[upkeep]
|-heal|p1a: Excadrill|100/100|[from] item: Leftovers
|upkeep
|
|t:|1660790666
|switch|p2a: Landorus|Landorus-Therian, M|64/100
|-ability|p2a: Landorus|Intimidate|boost
|-unboost|p1a: Excadrill|atk|1
|turn|23
|
|t:|1660790671
|switch|p1a: Rotom|Rotom-Wash|96/100
|-damage|p1a: Rotom|83/100|[from] Stealth Rock
|move|p2a: Landorus|Earthquake|p1a: Rotom
|-immune|p1a: Rotom|[from] ability: Levitate
|
|-weather|none
|-heal|p2a: Landorus|70/100|[from] item: Leftovers
|-heal|p1a: Rotom|90/100|[from] item: Leftovers
|upkeep
|turn|24
|
|t:|1660790674
|move|p2a: Landorus|U-turn|p1a: Rotom
|-damage|p1a: Rotom|61/100
|
|t:|1660790675
|switch|p2a: Clefable|Clefable, M|83/100|[from]move: U-turn
|move|p1a: Rotom|Hydro Pump|p2a: Clefable|[miss]
|-miss|p1a: Rotom|p2a: Clefable
|
|-heal|p1a: Rotom|68/100|[from] item: Leftovers
|upkeep
|turn|25
|
|t:|1660790680
|move|p1a: Rotom|Thunder Wave|p2a: Clefable
|-status|p2a: Clefable|par
|move|p2a: Clefable|Trick|p1a: Rotom
|-activate|p2a: Clefable|move: Trick|[of] p1a: Rotom
|-enditem|p1a: Rotom|Leftovers|[silent]|[from] move: Trick
|-item|p2a: Clefable|Leftovers|[from] move: Trick
|
|-heal|p2a: Clefable|89/100 par|[from] item: Leftovers
|upkeep
|turn|26
|
|t:|1660790686
|move|p1a: Rotom|Pain Split|p2a: Clefable
|-sethp|p2a: Clefable|71/100 par|[from] move: Pain Split|[silent]
|-sethp|p1a: Rotom|91/100|[from] move: Pain Split
|move|p2a: Clefable|Moonblast|p1a: Rotom
|-damage|p1a: Rotom|66/100
|
|-heal|p2a: Clefable|77/100 par|[from] item: Leftovers
|upkeep
|turn|27
|
|t:|1660790690
|move|p1a: Rotom|Hydro Pump|p2a: Clefable
|-damage|p2a: Clefable|52/100 par
|move|p2a: Clefable|Moonblast|p1a: Rotom
|-damage|p1a: Rotom|40/100
|
|-heal|p2a: Clefable|58/100 par|[from] item: Leftovers
|upkeep
|turn|28
|
|t:|1660790697
|move|p1a: Rotom|Pain Split|p2a: Clefable
|-sethp|p2a: Clefable|44/100 par|[from] move: Pain Split|[silent]
|-sethp|p1a: Rotom|57/100|[from] move: Pain Split
|move|p2a: Clefable|Moonblast|p1a: Rotom
|-damage|p1a: Rotom|30/100
|
|-heal|p2a: Clefable|50/100 par|[from] item: Leftovers
|upkeep
|turn|29
|
|t:|1660790701
|move|p1a: Rotom|Volt Switch|p2a: Clefable
|-damage|p2a: Clefable|32/100 par
|
|t:|1660790703
|switch|p1a: Excadrill|Excadrill, F|100/100|[from]move: Volt Switch
|-damage|p1a: Excadrill|97/100|[from] Stealth Rock
|move|p2a: Clefable|Moonblast|p1a: Excadrill
|-resisted|p1a: Excadrill
|-damage|p1a: Excadrill|77/100
|
|-heal|p1a: Excadrill|83/100|[from] item: Leftovers
|-heal|p2a: Clefable|38/100 par|[from] item: Leftovers
|upkeep
|turn|30
|
|t:|1660790707
|switch|p2a: Dragapult|Dragapult, M|100/100
|-damage|p2a: Dragapult|84/100|[from] Spikes
|move|p1a: Excadrill|Iron Head|p2a: Dragapult
|-damage|p2a: Dragapult|23/100
|
|-heal|p1a: Excadrill|89/100|[from] item: Leftovers
|upkeep
|turn|31
|
|t:|1660790712
|switch|p1a: Clefable|Clefable, F|100/100
|move|p2a: Dragapult|Phantom Force||[still]
|-prepare|p2a: Dragapult|Phantom Force
|
|upkeep
|turn|32
|
|t:|1660790714
|move|p2a: Dragapult|Phantom Force|p1a: Clefable|[from]lockedmove
|-damage|p1a: Clefable|44/100
|move|p1a: Clefable|Moonblast|p2a: Dragapult
|-supereffective|p2a: Dragapult
|-damage|p2a: Dragapult|0 fnt
|faint|p2a: Dragapult
|
|upkeep
|
|t:|1660790717
|switch|p2a: Landorus|Landorus-Therian, M|70/100
|-ability|p2a: Landorus|Intimidate|boost
|-unboost|p1a: Clefable|atk|1
|turn|33
|
|t:|1660790719
|move|p2a: Landorus|Earthquake|p1a: Clefable
|-damage|p1a: Clefable|0 fnt
|faint|p1a: Clefable
|
|-heal|p2a: Landorus|76/100|[from] item: Leftovers
|upkeep
|
|t:|1660790723
|switch|p1a: Tornadus|Tornadus-Therian, M|100/100
|turn|34
|
|t:|1660790728
|switch|p2a: Clefable|Clefable, M|38/100 par
|move|p1a: Tornadus|Knock Off|p2a: Clefable
|-resisted|p2a: Clefable
|-damage|p2a: Clefable|28/100 par
|-enditem|p2a: Clefable|Leftovers|[from] move: Knock Off|[of] p1a: Tornadus
|
|upkeep
|turn|35
|
|t:|1660790731
|move|p1a: Tornadus|Hurricane|p2a: Clefable|[miss]
|-miss|p1a: Tornadus|p2a: Clefable
|move|p2a: Clefable|Soft-Boiled|p2a: Clefable
|-heal|p2a: Clefable|78/100 par
|
|upkeep
|turn|36
|
|t:|1660790736
|switch|p2a: Landorus|Landorus-Therian, M|76/100
|-ability|p2a: Landorus|Intimidate|boost
|-unboost|p1a: Tornadus|atk|1
|move|p1a: Tornadus|Hurricane|p2a: Landorus
|-damage|p2a: Landorus|27/100
|
|-heal|p2a: Landorus|33/100|[from] item: Leftovers
|upkeep
|turn|37
|
|t:|1660790739
|move|p1a: Tornadus|Hurricane|p2a: Landorus
|-damage|p2a: Landorus|0 fnt
|faint|p2a: Landorus
|
|upkeep
|-message|OUT Kazt forfeited.
|
|win|SDK04
|n|☆SDK04|sdk04
|n|☆OUT Kazt|outkazt
|n| Eli⿻ssem|elissem
|l|☆OUT Kazt
|c|☆SDK04|gg
|c|☆SDK04|wp
