|j|☆cute pink team
|j|☆LT92PF PDC
|t:|1659872496
|gametype|singles
|player|p1|cute pink team|misty-gen1|1734
|player|p2|LT92PF PDC|ethan|1817
|teamsize|p1|6
|teamsize|p2|6
|gen|8
|tier|[Gen 8] OU
|rated|
|rule|Sleep Clause Mod: Limit one foe put to sleep
|rule|Species Clause: Limit one of each Pokémon
|rule|OHKO Clause: OHKO moves are banned
|rule|Evasion Items Clause: Evasion items are banned
|rule|Evasion Moves Clause: Evasion moves are banned
|rule|Endless Battle Clause: Forcing endless battles is banned
|rule|HP Percentage Mod: HP is shown in percentages
|rule|Dynamax Clause: You cannot dynamax
|clearpoke
|poke|p1|Tyranitar, M|
|poke|p1|Corviknight, F|
|poke|p1|Volcanion|
|poke|p1|Zapdos|
|poke|p1|Weavile, M|
|poke|p1|Nidoking, M|
|poke|p2|Hawlucha, F|
|poke|p2|Espeon, M|
|poke|p2|Tapu Lele|
|poke|p2|Omastar, M|
|poke|p2|Cloyster, F|
|poke|p2|Polteageist|
|teampreview
|inactive|Battle timer is ON: inactive players will automatically lose when time's up. (requested by cute pink team)
|j| LT92PF OZDI
|
|t:|1659872525
|start
|switch|p1a: Tyranitar|Tyranitar, M|100/100
|switch|p2a: Tapu Lele|Tapu Lele|100/100
|-fieldstart|move: Psychic Terrain|[from] ability: Psychic Surge|[of] p2a: Tapu Lele
|-weather|Sandstorm|[from] ability: Sand Stream|[of] p1a: Tyranitar
|turn|1
|
|t:|1659872532
|move|p2a: Tapu Lele|Moonblast|p1a: Tyranitar
|-supereffective|p1a: Tyranitar
|-damage|p1a: Tyranitar|37/100
|-unboost|p1a: Tyranitar|spa|1
|move|p1a: Tyranitar|Crunch|p2a: Tapu Lele
|-damage|p2a: Tapu Lele|13/100
|
|-weather|Sandstorm|[upkeep]
|-damage|p2a: Tapu Lele|7/100|[from] Sandstorm
|upkeep
|turn|2
|
|t:|1659872541
|switch|p2a: Espeon|Espeon, M|100/100
|switch|p1a: Corviknight|Corviknight, F|100/100
|-ability|p1a: Corviknight|Pressure
|
|-weather|Sandstorm|[upkeep]
|-damage|p2a: Espeon|94/100|[from] Sandstorm
|upkeep
|turn|3
|j| fishous friend ☻
|
|t:|1659872552
|move|p2a: Espeon|Zap Cannon|p1a: Corviknight
|-supereffective|p1a: Corviknight
|-crit|p1a: Corviknight
|-damage|p1a: Corviknight|20/100
|-status|p1a: Corviknight|par
|move|p1a: Corviknight|U-turn|p2a: Espeon
|-supereffective|p2a: Espeon
|-damage|p2a: Espeon|41/100
|-enditem|p2a: Espeon|Eject Button
|
|t:|1659872564
|switch|p2a: Cloyster|Cloyster, F|100/100
|
|-weather|Sandstorm|[upkeep]
|-damage|p2a: Cloyster|94/100|[from] Sandstorm
|-heal|p1a: Corviknight|27/100 par|[from] item: Leftovers
|upkeep
|turn|4
|
|t:|1659872567
|move|p2a: Cloyster|Shell Smash|p2a: Cloyster
|-unboost|p2a: Cloyster|def|1
|-unboost|p2a: Cloyster|spd|1
|-boost|p2a: Cloyster|atk|2
|-boost|p2a: Cloyster|spa|2
|-boost|p2a: Cloyster|spe|2
|move|p1a: Corviknight|U-turn|p2a: Cloyster
|-damage|p2a: Cloyster|77/100
|
|t:|1659872581
|switch|p1a: Volcanion|Volcanion|100/100|[from]move: U-turn
|
|-weather|Sandstorm|[upkeep]
|-damage|p2a: Cloyster|71/100|[from] Sandstorm
|-damage|p1a: Volcanion|95/100|[from] Sandstorm
|upkeep
|turn|5
|
|t:|1659872585
|move|p2a: Cloyster|Rock Blast|p1a: Volcanion
|-supereffective|p1a: Volcanion
|-damage|p1a: Volcanion|61/100
|-supereffective|p1a: Volcanion
|-damage|p1a: Volcanion|31/100
|-supereffective|p1a: Volcanion
|-damage|p1a: Volcanion|0 fnt
|faint|p1a: Volcanion
|-hitcount|p1: Volcanion|3
|
|-weather|none
|upkeep
|c|☆LT92PF PDC|gg
|
|t:|1659872590
|switch|p1a: Nidoking|Nidoking, M|100/100
|turn|6
|
|t:|1659872592
|move|p2a: Cloyster|Icicle Spear|p1a: Nidoking
|-supereffective|p1a: Nidoking
|-damage|p1a: Nidoking|31/100
|-supereffective|p1a: Nidoking
|-damage|p1a: Nidoking|0 fnt
|faint|p1a: Nidoking
|-hitcount|p1: Nidoking|2
|
|upkeep
|-message|cute pink team forfeited.
|
|win|LT92PF PDC
|raw|cute pink team's rating: 1734 &rarr; <strong>1719</strong><br />(-15 for losing)
|raw|LT92PF PDC's rating: 1817 &rarr; <strong>1832</strong><br />(+15 for winning)
|l|☆cute pink team
|l|☆LT92PF PDC
