|raw|<div class="broadcast-blue"><strong>This battle is required to be public due to a player having a name starting with 'lt94je'.</div>
|j|☆LT94JE ToastSmith
|j|‽BLOODCLAT
|t:|1661624732
|gametype|singles
|player|p1|LT94JE ToastSmith|musician|1766
|player|p2|BLOODCLAT|hoopster|1810
|teamsize|p1|6
|teamsize|p2|6
|gen|8
|tier|[Gen 8] OU
|rated|
|rule|Sleep Clause Mod: Limit one foe put to sleep
|rule|Species Clause: Limit one of each Pokémon
|rule|OHKO Clause: OHKO moves are banned
|rule|Evasion Items Clause: Evasion items are banned
|rule|Evasion Moves Clause: Evasion moves are banned
|rule|Endless Battle Clause: Forcing endless battles is banned
|rule|HP Percentage Mod: HP is shown in percentages
|rule|Dynamax Clause: You cannot dynamax
|clearpoke
|poke|p1|Turtonator, M|
|poke|p1|Blastoise, M|
|poke|p1|Barbaracle, M|
|poke|p1|Cloyster, F|
|poke|p1|Polteageist|
|poke|p1|Crustle, M|
|poke|p2|Keldeo|
|poke|p2|Toxapex, M|
|poke|p2|Landorus-Therian, M|
|poke|p2|Dragonite, F|
|poke|p2|Ferrothorn, M|
|poke|p2|Weavile, F|
|teampreview
|inactive|Battle timer is ON: inactive players will automatically lose when time's up. (requested by LT94JE ToastSmith)
|inactive|LT94JE ToastSmith has 120 seconds left.
|
|t:|1661624767
|start
|switch|p1a: Ridley|Cloyster, F|100/100
|switch|p2a: Toxapex|Toxapex, M|100/100
|turn|1
|
|t:|1661624770
|move|p1a: Ridley|Shell Smash|p1a: Ridley
|-unboost|p1a: Ridley|def|1
|-unboost|p1a: Ridley|spd|1
|-boost|p1a: Ridley|atk|2
|-boost|p1a: Ridley|spa|2
|-boost|p1a: Ridley|spe|2
|move|p2a: Toxapex|Toxic Spikes|p1a: Ridley
|-sidestart|p1: LT94JE ToastSmith|move: Toxic Spikes
|
|upkeep
|turn|2
|
|t:|1661624774
|move|p1a: Ridley|Shell Smash|p1a: Ridley
|-unboost|p1a: Ridley|def|1
|-unboost|p1a: Ridley|spd|1
|-boost|p1a: Ridley|atk|2
|-boost|p1a: Ridley|spa|2
|-boost|p1a: Ridley|spe|2
|move|p2a: Toxapex|Haze|p2a: Toxapex
|-clearallboost
|
|upkeep
|turn|3
|
|t:|1661624776
|move|p1a: Ridley|Shell Smash|p1a: Ridley
|-unboost|p1a: Ridley|def|1
|-unboost|p1a: Ridley|spd|1
|-boost|p1a: Ridley|atk|2
|-boost|p1a: Ridley|spa|2
|-boost|p1a: Ridley|spe|2
|move|p2a: Toxapex|Scald|p1a: Ridley
|-resisted|p1a: Ridley
|-damage|p1a: Ridley|62/100
|
|upkeep
|turn|4
|
|t:|1661624785
|move|p1a: Ridley|Liquidation|p2a: Toxapex
|-resisted|p2a: Toxapex
|-damage|p2a: Toxapex|75/100
|move|p2a: Toxapex|Haze|p2a: Toxapex
|-clearallboost
|
|-heal|p2a: Toxapex|81/100|[from] item: Black Sludge
|upkeep
|turn|5
|
|t:|1661624789
|move|p1a: Ridley|Shell Smash|p1a: Ridley
|-unboost|p1a: Ridley|def|1
|-unboost|p1a: Ridley|spd|1
|-boost|p1a: Ridley|atk|2
|-boost|p1a: Ridley|spa|2
|-boost|p1a: Ridley|spe|2
|move|p2a: Toxapex|Scald|p1a: Ridley
|-resisted|p1a: Ridley
|-damage|p1a: Ridley|24/100
|-status|p1a: Ridley|brn
|
|-heal|p2a: Toxapex|87/100|[from] item: Black Sludge
|-damage|p1a: Ridley|18/100 brn|[from] brn
|upkeep
|turn|6
|
|t:|1661624794
|move|p1a: Ridley|Explosion|p2a: Toxapex
|-damage|p2a: Toxapex|35/100
|faint|p1a: Ridley
|move|p2a: Toxapex|Toxic Spikes|p1: Ridley
|-sidestart|p1: LT94JE ToastSmith|move: Toxic Spikes
|
|-heal|p2a: Toxapex|42/100|[from] item: Black Sludge
|upkeep
|
|t:|1661624803
|switch|p1a: Bowser|Blastoise, M|100/100
|-status|p1a: Bowser|tox
|turn|7
|
|t:|1661624811
|move|p1a: Bowser|Rapid Spin|p2a: Toxapex
|-damage|p2a: Toxapex|34/100
|-boost|p1a: Bowser|spe|1
|-sideend|p1: LT94JE ToastSmith|Toxic Spikes|[from] move: Rapid Spin|[of] p1a: Bowser
|move|p2a: Toxapex|Recover|p2a: Toxapex
|-heal|p2a: Toxapex|84/100
|
|-heal|p2a: Toxapex|90/100|[from] item: Black Sludge
|-damage|p1a: Bowser|95/100 tox|[from] psn
|upkeep
|turn|8
|
|t:|1661624815
|switch|p1a: Kirby|Polteageist|100/100
|move|p2a: Toxapex|Toxic Spikes|p1a: Kirby
|-sidestart|p1: LT94JE ToastSmith|move: Toxic Spikes
|
|-heal|p2a: Toxapex|96/100|[from] item: Black Sludge
|upkeep
|turn|9
|
|t:|1661624819
|switch|p2a: Weavile|Weavile, F|100/100
|-ability|p2a: Weavile|Pressure
|move|p1a: Kirby|Shell Smash|p1a: Kirby
|-unboost|p1a: Kirby|def|1
|-unboost|p1a: Kirby|spd|1
|-boost|p1a: Kirby|atk|2
|-boost|p1a: Kirby|spa|2
|-boost|p1a: Kirby|spe|2
|
|upkeep
|turn|10
|j| ShaqFromBasketball
|
|t:|1661624822
|move|p1a: Kirby|Giga Drain|p2a: Weavile
|-damage|p2a: Weavile|25/100
|move|p2a: Weavile|Knock Off|p1a: Kirby
|-supereffective|p1a: Kirby
|-enditem|p1a: Kirby|Focus Sash
|-damage|p1a: Kirby|1/100
|-ability|p1a: Kirby|Weak Armor|boost
|-unboost|p1a: Kirby|def|1
|-boost|p1a: Kirby|spe|2
|
|upkeep
|turn|11
|
|t:|1661624826
|move|p2a: Weavile|Ice Shard|p1a: Kirby
|-damage|p1a: Kirby|0 fnt
|faint|p1a: Kirby
|
|upkeep
|
|t:|1661624830
|switch|p1a: Little Mac|Barbaracle, M|100/100
|-status|p1a: Little Mac|psn
|turn|12
|
|t:|1661624832
|move|p2a: Weavile|Knock Off|p1a: Little Mac
|-damage|p1a: Little Mac|46/100 psn
|-enditem|p1a: Little Mac|Focus Sash|[from] move: Knock Off|[of] p2a: Weavile
|move|p1a: Little Mac|Shell Smash|p1a: Little Mac
|-unboost|p1a: Little Mac|def|1
|-unboost|p1a: Little Mac|spd|1
|-boost|p1a: Little Mac|atk|2
|-boost|p1a: Little Mac|spa|2
|-boost|p1a: Little Mac|spe|2
|
|-damage|p1a: Little Mac|34/100 psn|[from] psn
|upkeep
|turn|13
|
|t:|1661624840
|switch|p2a: Ferrothorn|Ferrothorn, M|100/100
|move|p1a: Little Mac|Liquidation|p2a: Ferrothorn
|-resisted|p2a: Ferrothorn
|-damage|p2a: Ferrothorn|63/100
|-damage|p1a: Little Mac|22/100 psn|[from] ability: Iron Barbs|[of] p2a: Ferrothorn
|
|-heal|p2a: Ferrothorn|69/100|[from] item: Leftovers
|-damage|p1a: Little Mac|10/100 psn|[from] psn
|upkeep
|turn|14
|
|t:|1661624844
|move|p1a: Little Mac|Superpower|p2a: Ferrothorn
|-supereffective|p2a: Ferrothorn
|-damage|p2a: Ferrothorn|0 fnt
|-unboost|p1a: Little Mac|atk|1
|-unboost|p1a: Little Mac|def|1
|-damage|p1a: Little Mac|0 fnt|[from] ability: Iron Barbs|[of] p2a: Ferrothorn
|faint|p2a: Ferrothorn
|faint|p1a: Little Mac
|
|upkeep
|
|t:|1661624851
|switch|p1a: Bowser|Blastoise, M|95/100 tox
|switch|p2a: Keldeo|Keldeo|100/100
|turn|15
|
|t:|1661624854
|move|p2a: Keldeo|Substitute|p2a: Keldeo
|-start|p2a: Keldeo|Substitute
|-damage|p2a: Keldeo|76/100
|move|p1a: Bowser|Shell Smash|p1a: Bowser
|-unboost|p1a: Bowser|def|1
|-unboost|p1a: Bowser|spd|1
|-boost|p1a: Bowser|atk|2
|-boost|p1a: Bowser|spa|2
|-boost|p1a: Bowser|spe|2
|
|-heal|p2a: Keldeo|82/100|[from] item: Leftovers
|-damage|p1a: Bowser|89/100 tox|[from] psn
|upkeep
|turn|16
|
|t:|1661624858
|move|p1a: Bowser|Surf|p2a: Keldeo
|-resisted|p2a: Keldeo
|-end|p2a: Keldeo|Substitute
|move|p2a: Keldeo|Scald|p1a: Bowser
|-resisted|p1a: Bowser
|-crit|p1a: Bowser
|-damage|p1a: Bowser|27/100 tox
|
|-heal|p2a: Keldeo|88/100|[from] item: Leftovers
|-damage|p1a: Bowser|15/100 tox|[from] psn
|upkeep
|turn|17
|
|t:|1661624861
|move|p1a: Bowser|Surf|p2a: Keldeo
|-resisted|p2a: Keldeo
|-damage|p2a: Keldeo|31/100
|move|p2a: Keldeo|Substitute|p2a: Keldeo
|-start|p2a: Keldeo|Substitute
|-damage|p2a: Keldeo|6/100
|
|-heal|p2a: Keldeo|13/100|[from] item: Leftovers
|-damage|p1a: Bowser|0 fnt|[from] psn
|faint|p1a: Bowser
|upkeep
|
|t:|1661624864
|switch|p1a: King K Rool|Turtonator, M|100/100
|-status|p1a: King K Rool|psn
|turn|18
|
|t:|1661624877
|move|p2a: Keldeo|Taunt|p1a: King K Rool
|-start|p1a: King K Rool|move: Taunt
|cant|p1a: King K Rool|move: Taunt|Shell Smash
|
|-heal|p2a: Keldeo|19/100|[from] item: Leftovers
|-damage|p1a: King K Rool|88/100 psn|[from] psn
|upkeep
|turn|19
|-message|LT94JE ToastSmith forfeited.
|
|win|BLOODCLAT
|raw|LT94JE ToastSmith's rating: 1766 &rarr; <strong>1749</strong><br />(-17 for losing)
|raw|BLOODCLAT's rating: 1810 &rarr; <strong>1827</strong><br />(+17 for winning)
|l|☆LT94JE ToastSmith
|l|‽BLOODCLAT
||Ladder isn't responding, score probably updated but might not have (Request timeout).
