|j|☆BeastyJ157
|j|☆FangFoe
|inactive|Battle timer is ON: inactive players will automatically lose when time's up.
|t:|1634392455
|gametype|singles
|player|p1|BeastyJ157|pokekid|
|player|p2|FangFoe|acetrainerf-gen2|
|teamsize|p1|6
|teamsize|p2|6
|gen|8
|tier|[Gen 8] OU
|rated|Tournament battle
|rule|Sleep Clause Mod: Limit one foe put to sleep
|rule|Species Clause: Limit one of each Pokémon
|rule|OHKO Clause: OHKO moves are banned
|rule|Evasion Moves Clause: Evasion moves are banned
|rule|Endless Battle Clause: Forcing endless battles is banned
|rule|HP Percentage Mod: HP is shown in percentages
|rule|Dynamax Clause: You cannot dynamax
|clearpoke
|poke|p1|Weavile, F|
|poke|p1|Dragapult, M|
|poke|p1|Landorus-Therian, M|
|poke|p1|Heatran, M|
|poke|p1|Ferrothorn, F|
|poke|p1|Zapdos|
|poke|p2|Ninetales-Alola, M|
|poke|p2|Blaziken, F|
|poke|p2|Zeraora|
|poke|p2|Garchomp, F|
|poke|p2|Melmetal|
|poke|p2|Moltres-Galar|
|teampreview
|j|%AM
|c|☆FangFoe|hf
|c|☆BeastyJ157|u2
|inactive|BeastyJ157 has 120 seconds left.
|
|t:|1634392485
|start
|switch|p1a: Tran|Heatran, M|100/100
|switch|p2a: Blaziken|Blaziken, F|100/100
|turn|1
|
|t:|1634392496
|switch|p2a: Garchomp|Garchomp, F|100/100
|switch|p1a: Zappy|Zapdos|100/100
|
|upkeep
|turn|2
|
|t:|1634392509
|move|p2a: Garchomp|Fire Fang|p1a: Zappy
|-damage|p1a: Zappy|83/100
|move|p1a: Zappy|Hurricane|p2a: Garchomp|[miss]
|-miss|p1a: Zappy|p2a: Garchomp
|
|upkeep
|turn|3
|
|t:|1634392514
|switch|p2a: Melmetal|Melmetal|100/100
|move|p1a: Zappy|Hurricane|p2a: Melmetal
|-resisted|p2a: Melmetal
|-damage|p2a: Melmetal|81/100
|
|-heal|p2a: Melmetal|87/100|[from] item: Leftovers
|upkeep
|turn|4
|
|t:|1634392519
|move|p1a: Zappy|Discharge|p2a: Melmetal
|-damage|p2a: Melmetal|55/100
|move|p2a: Melmetal|Ice Punch|p1a: Zappy
|-supereffective|p1a: Zappy
|-crit|p1a: Zappy
|-damage|p1a: Zappy|0 fnt
|-status|p2a: Melmetal|par|[from] ability: Static|[of] p1a: Zappy
|faint|p1a: Zappy
|
|-heal|p2a: Melmetal|61/100 par|[from] item: Leftovers
|upkeep
|c|☆BeastyJ157|dang cirts
|c|☆BeastyJ157|crits
|
|t:|1634392535
|switch|p1a: Dpult|Dragapult, M|100/100
|turn|5
|
|t:|1634392538
|move|p1a: Dpult|Shadow Ball|p2a: Melmetal
|-damage|p2a: Melmetal|8/100 par
|-unboost|p2a: Melmetal|spd|1
|cant|p2a: Melmetal|par
|
|-heal|p2a: Melmetal|14/100 par|[from] item: Leftovers
|upkeep
|turn|6
|
|t:|1634392544
|move|p1a: Dpult|Shadow Ball|p2a: Melmetal
|-damage|p2a: Melmetal|0 fnt
|faint|p2a: Melmetal
|
|upkeep
|
|t:|1634392547
|switch|p2a: Moltres|Moltres-Galar|100/100
|turn|7
|
|t:|1634392556
|switch|p1a: Tran|Heatran, M|100/100
|move|p2a: Moltres|Agility|p2a: Moltres
|-boost|p2a: Moltres|spe|2
|
|upkeep
|turn|8
|
|t:|1634392561
|move|p2a: Moltres|Nasty Plot|p2a: Moltres
|-boost|p2a: Moltres|spa|2
|move|p1a: Tran|Magma Storm|p2a: Moltres|[miss]
|-miss|p1a: Tran|p2a: Moltres
|
|upkeep
|turn|9
|
|t:|1634392565
|move|p2a: Moltres|Fiery Wrath|p1a: Tran
|-damage|p1a: Tran|50/100
|move|p1a: Tran|Magma Storm|p2a: Moltres
|-damage|p2a: Moltres|66/100
|-activate|p2a: Moltres|move: Magma Storm|[of] p1a: Tran
|
|-heal|p2a: Moltres|72/100|[from] item: Leftovers
|-heal|p1a: Tran|56/100|[from] item: Leftovers
|-damage|p2a: Moltres|60/100|[from] move: Magma Storm|[partiallytrapped]
|upkeep
|turn|10
|
|t:|1634392574
|move|p2a: Moltres|Fiery Wrath|p1a: Tran
|-damage|p1a: Tran|6/100
|move|p1a: Tran|Magma Storm|p2a: Moltres|[miss]
|-miss|p1a: Tran|p2a: Moltres
|
|-heal|p2a: Moltres|66/100|[from] item: Leftovers
|-heal|p1a: Tran|12/100|[from] item: Leftovers
|-damage|p2a: Moltres|53/100|[from] move: Magma Storm|[partiallytrapped]
|upkeep
|turn|11
|
|t:|1634392580
|move|p2a: Moltres|Fiery Wrath|p1a: Tran
|-damage|p1a: Tran|0 fnt
|faint|p1a: Tran
|
|-heal|p2a: Moltres|60/100|[from] item: Leftovers
|-end|p2a: Moltres|Magma Storm|[partiallytrapped]|[silent]
|upkeep
|
|t:|1634392582
|switch|p1a: Calamity|Weavile, F|100/100
|-ability|p1a: Calamity|Pressure
|turn|12
|
|t:|1634392586
|move|p1a: Calamity|Ice Shard|p2a: Moltres
|-supereffective|p2a: Moltres
|-damage|p2a: Moltres|13/100
|-ability|p2a: Moltres|Berserk|boost
|-boost|p2a: Moltres|spa|1
|move|p2a: Moltres|Hurricane|p1a: Calamity
|-damage|p1a: Calamity|0 fnt
|faint|p1a: Calamity
|
|-heal|p2a: Moltres|19/100|[from] item: Leftovers
|upkeep
|
|t:|1634392596
|switch|p1a: Lando|Landorus-Therian, M|100/100
|-ability|p1a: Lando|Intimidate|boost
|-unboost|p2a: Moltres|atk|1
|turn|13
|
|t:|1634392599
|move|p2a: Moltres|Fiery Wrath|p1a: Lando
|-damage|p1a: Lando|21/100
|move|p1a: Lando|U-turn|p2a: Moltres
|-crit|p2a: Moltres
|-damage|p2a: Moltres|0 fnt
|faint|p2a: Moltres
|c|☆BeastyJ157|gg
|
|t:|1634392605
|switch|p1a: Dpult|Dragapult, M|100/100|[from]move: U-turn
|
|upkeep
|c|☆BeastyJ157|nv,m
|
|t:|1634392613
|switch|p2a: Ninetales|Ninetales-Alola, M|100/100
|-weather|Hail|[from] ability: Snow Warning|[of] p2a: Ninetales
|turn|14
|
|t:|1634392626
|move|p1a: Dpult|Flamethrower|p2a: Ninetales
|-supereffective|p2a: Ninetales
|-damage|p2a: Ninetales|25/100
|-status|p2a: Ninetales|brn
|move|p2a: Ninetales|Aurora Veil|p2a: Ninetales
|-sidestart|p2: FangFoe|move: Aurora Veil
|
|-weather|Hail|[upkeep]
|-damage|p1a: Dpult|95/100|[from] Hail
|-damage|p2a: Ninetales|19/100 brn|[from] brn
|upkeep
|turn|15
|
|t:|1634392632
|move|p1a: Dpult|Flamethrower|p2a: Ninetales
|-supereffective|p2a: Ninetales
|-damage|p2a: Ninetales|0 fnt
|faint|p2a: Ninetales
|
|-weather|Hail|[upkeep]
|-damage|p1a: Dpult|89/100|[from] Hail
|upkeep
|
|t:|1634392637
|switch|p2a: Blaziken|Blaziken, F|100/100
|turn|16
|
|t:|1634392643
|switch|p1a: Lando|Landorus-Therian, M|21/100
|-ability|p1a: Lando|Intimidate|boost
|-unboost|p2a: Blaziken|atk|1
|move|p2a: Blaziken|Swords Dance|p2a: Blaziken
|-boost|p2a: Blaziken|atk|2
|
|-weather|Hail|[upkeep]
|-damage|p2a: Blaziken|95/100|[from] Hail
|-damage|p1a: Lando|15/100|[from] Hail
|-heal|p1a: Lando|21/100|[from] item: Leftovers
|-ability|p2a: Blaziken|Speed Boost|boost
|-boost|p2a: Blaziken|spe|1
|upkeep
|turn|17
|
|t:|1634392653
|move|p2a: Blaziken|Close Combat|p1a: Lando
|-resisted|p1a: Lando
|-damage|p1a: Lando|0 fnt
|-unboost|p2a: Blaziken|def|1
|-unboost|p2a: Blaziken|spd|1
|faint|p1a: Lando
|-damage|p2a: Blaziken|85/100|[from] item: Life Orb
|
|-weather|Hail|[upkeep]
|-damage|p2a: Blaziken|79/100|[from] Hail
|-ability|p2a: Blaziken|Speed Boost|boost
|-boost|p2a: Blaziken|spe|1
|upkeep
|
|t:|1634392663
|switch|p1a: Dpult|Dragapult, M|89/100
|turn|18
|
|t:|1634392667
|move|p2a: Blaziken|Flare Blitz|p1a: Dpult
|-resisted|p1a: Dpult
|-damage|p1a: Dpult|0 fnt
|faint|p1a: Dpult
|-damage|p2a: Blaziken|48/100|[from] Recoil
|-damage|p2a: Blaziken|38/100|[from] item: Life Orb
|
|-weather|none
|-ability|p2a: Blaziken|Speed Boost|boost
|-boost|p2a: Blaziken|spe|1
|upkeep
|c|☆FangFoe|gg
|
|t:|1634392671
|switch|p1a: Ferro|Ferrothorn, F|100/100
|turn|19
|c|☆BeastyJ157|gg
|
|t:|1634392678
|move|p2a: Blaziken|Flare Blitz|p1a: Ferro
|-supereffective|p1a: Ferro
|-damage|p1a: Ferro|0 fnt
|-damage|p2a: Blaziken|26/100|[from] ability: Iron Barbs|[of] p1a: Ferro
|faint|p1a: Ferro
|-damage|p2a: Blaziken|0 fnt|[from] Recoil
|faint|p2a: Blaziken
|
|win|FangFoe
|n|☆BeastyJ157|beastyj157
|n|☆FangFoe|fangfoe
|n|+AM|am
|l|☆BeastyJ157
