|j|☆Shedinjanigans 2
|j|☆Sww-Suwa
|inactive|Battle timer is ON: inactive players will automatically lose when time's up.
|t:|1658677934
|gametype|singles
|player|p1|Shedinjanigans 2|juggler|
|player|p2|Sww-Suwa|lisia|
|teamsize|p1|6
|teamsize|p2|6
|gen|8
|tier|[Gen 8] OU
|rated|Tournament battle
|rule|Sleep Clause Mod: Limit one foe put to sleep
|rule|Species Clause: Limit one of each Pokémon
|rule|OHKO Clause: OHKO moves are banned
|rule|Evasion Moves Clause: Evasion moves are banned
|rule|Endless Battle Clause: Forcing endless battles is banned
|rule|HP Percentage Mod: HP is shown in percentages
|rule|Dynamax Clause: You cannot dynamax
|clearpoke
|poke|p1|Blacephalon|
|poke|p1|Hawlucha, M|
|poke|p1|Diggersby, F|
|poke|p1|Slurpuff, F|
|poke|p1|Barraskewda, F|
|poke|p1|Amoonguss, M|
|poke|p2|Weavile, M|
|poke|p2|Hawlucha, M|
|poke|p2|Regieleki|
|poke|p2|Zeraora|
|poke|p2|Tapu Koko|
|poke|p2|Azelf|
|teampreview
|j| wedgie dealer
|c|☆Sww-Suwa|hf
|
|t:|1658677944
|start
|switch|p1a: Barraskewda|Barraskewda, F|100/100
|switch|p2a: Azelf|Azelf|100/100
|turn|1
|c|☆Shedinjanigans 2|u2
|j| Adwf194
|c|☆Sww-Suwa|uh
|
|t:|1658677961
|move|p1a: Barraskewda|Flip Turn|p2a: Azelf
|-enditem|p1a: Barraskewda|Water Gem|[from] gem
|-damage|p2a: Azelf|39/100
|c|☆Sww-Suwa|o dam
|c|☆Sww-Suwa|it lived
|c|☆Sww-Suwa|go azelf!
|
|t:|1658677975
|switch|p1a: Blacephalon|Blacephalon|100/100|[from]move: Flip Turn
|move|p2a: Azelf|Stealth Rock|p1a: Blacephalon
|-sidestart|p1: Shedinjanigans 2|move: Stealth Rock
|
|upkeep
|turn|2
|
|t:|1658677999
|move|p2a: Azelf|Magic Coat|p2a: Azelf
|-singleturn|p2a: Azelf|move: Magic Coat
|move|p1a: Blacephalon|Substitute|p1a: Blacephalon
|-start|p1a: Blacephalon|Substitute
|-damage|p1a: Blacephalon|76/100
|
|upkeep
|turn|3
|
|t:|1658678008
|move|p2a: Azelf|Taunt|p1a: Blacephalon
|-start|p1a: Blacephalon|move: Taunt
|move|p1a: Blacephalon|Shadow Ball|p2a: Azelf
|-enditem|p1a: Blacephalon|Ghost Gem|[from] gem
|-supereffective|p2a: Azelf
|-damage|p2a: Azelf|0 fnt
|faint|p2a: Azelf
|-ability|p1a: Blacephalon|Beast Boost|boost
|-boost|p1a: Blacephalon|spa|1
|
|upkeep
|
|t:|1658678021
|switch|p2a: Zeraora|Zeraora, shiny|100/100
|turn|4
|
|t:|1658678028
|move|p2a: Zeraora|Knock Off|p1a: Blacephalon
|-supereffective|p1a: Blacephalon
|-end|p1a: Blacephalon|Substitute
|move|p1a: Blacephalon|Fire Blast|p2a: Zeraora
|-damage|p2a: Zeraora|0 fnt
|faint|p2a: Zeraora
|-ability|p1a: Blacephalon|Beast Boost|boost
|-boost|p1a: Blacephalon|spa|1
|
|upkeep
|
|t:|1658678033
|switch|p2a: Weavile|Weavile, M|100/100
|turn|5
|
|t:|1658678044
|move|p2a: Weavile|Knock Off|p1a: Blacephalon
|-supereffective|p1a: Blacephalon
|-crit|p1a: Blacephalon
|-damage|p1a: Blacephalon|0 fnt
|faint|p1a: Blacephalon
|
|upkeep
|j| cogonahorse
|
|t:|1658678049
|switch|p1a: Barraskewda|Barraskewda, F|100/100
|-damage|p1a: Barraskewda|88/100|[from] Stealth Rock
|turn|6
|inactive|Sww-Suwa has 120 seconds left.
|
|t:|1658678082
|switch|p2a: Tapu Koko|Tapu Koko, shiny|100/100
|-fieldstart|move: Electric Terrain|[from] ability: Electric Surge|[of] p2a: Tapu Koko
|move|p1a: Barraskewda|Flip Turn|p2a: Tapu Koko
|-damage|p2a: Tapu Koko|57/100
|
|t:|1658678106
|switch|p1a: Diggersby|Diggersby, F|100/100|[from]move: Flip Turn
|-damage|p1a: Diggersby|94/100|[from] Stealth Rock
|
|upkeep
|turn|7
|inactive|Sww-Suwa has 120 seconds left.
|
|t:|1658678123
|move|p2a: Tapu Koko|Dazzling Gleam|p1a: Diggersby
|-enditem|p2a: Tapu Koko|Fairy Gem|[from] gem
|-damage|p1a: Diggersby|43/100
|move|p1a: Diggersby|Earthquake|p2a: Tapu Koko
|-supereffective|p2a: Tapu Koko
|-damage|p2a: Tapu Koko|0 fnt
|faint|p2a: Tapu Koko
|
|upkeep
|inactive|Sww-Suwa has 120 seconds left.
|
|t:|1658678130
|switch|p2a: Hawlucha|Hawlucha, M|100/100
|turn|8
|
|t:|1658678137
|move|p1a: Diggersby|Quick Attack|p2a: Hawlucha
|-enditem|p1a: Diggersby|Normal Gem|[from] gem
|-damage|p2a: Hawlucha|48/100
|move|p2a: Hawlucha|Acrobatics|p1a: Diggersby
|-enditem|p2a: Hawlucha|Flying Gem|[from] gem
|-damage|p1a: Diggersby|0 fnt
|faint|p1a: Diggersby
|
|upkeep
|
|t:|1658678143
|switch|p1a: Barraskewda|Barraskewda, F|88/100
|-damage|p1a: Barraskewda|76/100|[from] Stealth Rock
|turn|9
|
|t:|1658678150
|move|p1a: Barraskewda|Aqua Jet|p2a: Hawlucha
|-damage|p2a: Hawlucha|17/100
|move|p2a: Hawlucha|Acrobatics|p1a: Barraskewda
|-damage|p1a: Barraskewda|0 fnt
|faint|p1a: Barraskewda
|
|upkeep
|
|t:|1658678157
|switch|p1a: Slurpuff|Slurpuff, F|100/100
|-damage|p1a: Slurpuff|88/100|[from] Stealth Rock
|turn|10
|
|t:|1658678163
|move|p2a: Hawlucha|Acrobatics|p1a: Slurpuff
|-damage|p1a: Slurpuff|29/100
|move|p1a: Slurpuff|Play Rough|p2a: Hawlucha
|-supereffective|p2a: Hawlucha
|-damage|p2a: Hawlucha|0 fnt
|faint|p2a: Hawlucha
|
|-fieldend|move: Electric Terrain
|upkeep
|
|t:|1658678170
|switch|p2a: Regieleki|Regieleki|100/100
|turn|11
|
|t:|1658678177
|move|p2a: Regieleki|Wild Charge|p1a: Slurpuff
|-damage|p1a: Slurpuff|0 fnt
|faint|p1a: Slurpuff
|-damage|p2a: Regieleki|93/100|[from] Recoil
|
|upkeep
|
|t:|1658678180
|switch|p1a: Amoonguss|Amoonguss, M|100/100
|-damage|p1a: Amoonguss|88/100|[from] Stealth Rock
|turn|12
|j| El Hueco Mundo
|j| Fitzcarraldo
|
|t:|1658678185
|move|p2a: Regieleki|Explosion|p1a: Amoonguss
|-enditem|p2a: Regieleki|Normal Gem|[from] gem
|-damage|p1a: Amoonguss|0 fnt
|faint|p2a: Regieleki
|faint|p1a: Amoonguss
|
|upkeep
|
|t:|1658678188
|switch|p2a: Weavile|Weavile, M|100/100
|switch|p1a: Hawlucha|Hawlucha, M|100/100
|-damage|p1a: Hawlucha|88/100|[from] Stealth Rock
|turn|13
|
|t:|1658678192
|move|p2a: Weavile|Triple Axel|p1a: Hawlucha
|-enditem|p2a: Weavile|Ice Gem|[from] gem
|-supereffective|p1a: Hawlucha
|-damage|p1a: Hawlucha|53/100
|-supereffective|p1a: Hawlucha
|-damage|p1a: Hawlucha|0 fnt
|faint|p1a: Hawlucha
|-hitcount|p1: Hawlucha|2
|
|win|Sww-Suwa
|n|☆Shedinjanigans 2|shedinjanigans2
|n|☆Sww-Suwa|swwsuwa
|n| wedgie dealer|wedgiedealer
|n| Adwf194|adwf194
|n| cogonahorse|cogonahorse
|n| El Hueco Mundo|elhuecomundo
|n| Fitzcarraldo|fitzcarraldo
|c|☆Sww-Suwa|gg
|c|☆Shedinjanigans 2|gg
|l|☆Shedinjanigans 2
|l|☆Sww-Suwa
