|j|☆onionlicker88
|j|☆GGeorgie◕‿◕
|t:|1661370813
|gametype|singles
|player|p1|onionlicker88|collector|1616
|player|p2|GGeorgie◕‿◕|hiker-gen2|1566
|teamsize|p1|6
|teamsize|p2|6
|gen|8
|tier|[Gen 8] OU
|rated|
|rule|Sleep Clause Mod: Limit one foe put to sleep
|rule|Species Clause: Limit one of each Pokémon
|rule|OHKO Clause: OHKO moves are banned
|rule|Evasion Items Clause: Evasion items are banned
|rule|Evasion Moves Clause: Evasion moves are banned
|rule|Endless Battle Clause: Forcing endless battles is banned
|rule|HP Percentage Mod: HP is shown in percentages
|rule|Dynamax Clause: You cannot dynamax
|clearpoke
|poke|p1|Accelgor, M|
|poke|p1|Regieleki|
|poke|p1|Landorus-Therian, M|
|poke|p1|Tangrowth, M|
|poke|p1|Aegislash, M|
|poke|p1|Azumarill, M|
|poke|p2|Zapdos|
|poke|p2|Tyranitar, F|
|poke|p2|Landorus-Therian, M|
|poke|p2|Excadrill, F|
|poke|p2|Clefable, M|
|poke|p2|Ferrothorn, M|
|teampreview
|inactive|Battle timer is ON: inactive players will automatically lose when time's up. (requested by GGeorgie◕‿◕)
|
|t:|1661370835
|start
|switch|p1a: Onion|Accelgor, M, shiny|100/100
|switch|p2a: Zapdos|Zapdos|100/100
|turn|1
|
|t:|1661370848
|switch|p1a: Ugly Onion|Landorus-Therian, M, shiny|100/100
|-ability|p1a: Ugly Onion|Intimidate|boost
|-unboost|p2a: Zapdos|atk|1
|move|p2a: Zapdos|Heat Wave|p1a: Ugly Onion
|-damage|p1a: Ugly Onion|67/100
|
|-heal|p1a: Ugly Onion|73/100|[from] item: Leftovers
|upkeep
|turn|2
|inactive|onionlicker88 has 120 seconds left.
|
|t:|1661370891
|switch|p2a: Ferrothorn|Ferrothorn, M, shiny|100/100
|move|p1a: Ugly Onion|Knock Off|p2a: Ferrothorn
|-damage|p2a: Ferrothorn|82/100
|-damage|p1a: Ugly Onion|61/100|[from] ability: Iron Barbs|[of] p2a: Ferrothorn
|-damage|p1a: Ugly Onion|44/100|[from] item: Rocky Helmet|[of] p2a: Ferrothorn
|-enditem|p2a: Ferrothorn|Rocky Helmet|[from] move: Knock Off|[of] p1a: Ugly Onion
|
|-heal|p1a: Ugly Onion|50/100|[from] item: Leftovers
|upkeep
|turn|3
|
|t:|1661370902
|move|p1a: Ugly Onion|Stealth Rock|p2a: Ferrothorn
|-sidestart|p2: GGeorgie◕‿◕|move: Stealth Rock
|move|p2a: Ferrothorn|Knock Off|p1a: Ugly Onion
|-damage|p1a: Ugly Onion|28/100
|-enditem|p1a: Ugly Onion|Leftovers|[from] move: Knock Off|[of] p2a: Ferrothorn
|
|upkeep
|turn|4
|inactive|onionlicker88 has 120 seconds left.
|
|t:|1661370910
|move|p1a: Ugly Onion|Earthquake|p2a: Ferrothorn
|-damage|p2a: Ferrothorn|55/100
|move|p2a: Ferrothorn|Spikes|p1a: Ugly Onion
|-sidestart|p1: onionlicker88|Spikes
|
|upkeep
|turn|5
|
|t:|1661370913
|move|p1a: Ugly Onion|Earthquake|p2a: Ferrothorn
|-damage|p2a: Ferrothorn|26/100
|move|p2a: Ferrothorn|Power Whip|p1a: Ugly Onion
|-damage|p1a: Ugly Onion|0 fnt
|faint|p1a: Ugly Onion
|
|upkeep
|
|t:|1661370923
|switch|p1a: Pointy Onion|Aegislash, M, shiny|100/100
|-damage|p1a: Pointy Onion|88/100|[from] Spikes
|turn|6
|
|t:|1661370928
|-formechange|p1a: Pointy Onion|Aegislash-Blade||[from] ability: Stance Change
|move|p1a: Pointy Onion|Shadow Ball|p2a: Ferrothorn
|-damage|p2a: Ferrothorn|0 fnt
|faint|p2a: Ferrothorn
|
|upkeep
|
|t:|1661370933
|switch|p2a: Excadrill|Excadrill, F|100/100
|-damage|p2a: Excadrill|97/100|[from] Stealth Rock
|turn|7
|
|t:|1661370942
|move|p2a: Excadrill|Earthquake|p1a: Pointy Onion
|-supereffective|p1a: Pointy Onion
|-damage|p1a: Pointy Onion|0 fnt
|faint|p1a: Pointy Onion
|
|-heal|p2a: Excadrill|100/100|[from] item: Leftovers
|upkeep
|
|t:|1661370946
|switch|p1a: Fat Onion|Tangrowth, M, shiny|100/100
|-damage|p1a: Fat Onion|88/100|[from] Spikes
|turn|8
|
|t:|1661370950
|move|p2a: Excadrill|Rapid Spin|p1a: Fat Onion
|-damage|p1a: Fat Onion|74/100
|-boost|p2a: Excadrill|spe|1
|-sideend|p2: GGeorgie◕‿◕|Stealth Rock|[from] move: Rapid Spin|[of] p2a: Excadrill
|move|p1a: Fat Onion|Knock Off|p2a: Excadrill
|-damage|p2a: Excadrill|69/100
|-enditem|p2a: Excadrill|Leftovers|[from] move: Knock Off|[of] p1a: Fat Onion
|
|upkeep
|turn|9
|
|t:|1661370954
|switch|p2a: Clefable|Clefable, M|100/100
|move|p1a: Fat Onion|Giga Drain|p2a: Clefable
|-damage|p2a: Clefable|74/100
|-heal|p1a: Fat Onion|87/100|[from] drain|[of] p2a: Clefable
|
|upkeep
|turn|10
|
|t:|1661370958
|move|p2a: Clefable|Calm Mind|p2a: Clefable
|-boost|p2a: Clefable|spa|1
|-boost|p2a: Clefable|spd|1
|move|p1a: Fat Onion|Knock Off|p2a: Clefable
|-resisted|p2a: Clefable
|-damage|p2a: Clefable|65/100
|-enditem|p2a: Clefable|Life Orb|[from] move: Knock Off|[of] p1a: Fat Onion
|
|upkeep
|turn|11
|
|t:|1661370962
|switch|p1a: Squish Onion|Azumarill, M, shiny|100/100
|-damage|p1a: Squish Onion|88/100|[from] Spikes
|move|p2a: Clefable|Moonblast|p1a: Squish Onion
|-damage|p1a: Squish Onion|29/100
|
|upkeep
|turn|12
|
|t:|1661370965
|move|p1a: Squish Onion|Liquidation|p2a: Clefable
|-damage|p2a: Clefable|0 fnt
|faint|p2a: Clefable
|
|upkeep
|
|t:|1661370967
|switch|p2a: Landorus|Landorus-Therian, M|100/100
|-ability|p2a: Landorus|Intimidate|boost
|-unboost|p1a: Squish Onion|atk|1
|turn|13
|
|t:|1661370971
|switch|p1a: Fat Onion|Tangrowth, M, shiny|100/100
|-damage|p1a: Fat Onion|88/100|[from] Spikes
|move|p2a: Landorus|Earthquake|p1a: Fat Onion
|-resisted|p1a: Fat Onion
|-damage|p1a: Fat Onion|69/100
|
|upkeep
|turn|14
|
|t:|1661370976
|switch|p2a: Zapdos|Zapdos|100/100
|move|p1a: Fat Onion|Knock Off|p2a: Zapdos
|-damage|p2a: Zapdos|72/100
|-status|p1a: Fat Onion|par|[from] ability: Static|[of] p2a: Zapdos
|-enditem|p2a: Zapdos|Choice Specs|[from] move: Knock Off|[of] p1a: Fat Onion
|
|upkeep
|turn|15
|
|t:|1661370983
|switch|p1a: Onion2|Regieleki, shiny|100/100
|move|p2a: Zapdos|Heat Wave|p1a: Onion2
|-damage|p1a: Onion2|42/100
|
|upkeep
|turn|16
|
|t:|1661370986
|switch|p2a: Excadrill|Excadrill, F|69/100
|move|p1a: Onion2|Rapid Spin|p2a: Excadrill
|-resisted|p2a: Excadrill
|-damage|p2a: Excadrill|62/100
|-boost|p1a: Onion2|spe|1
|-sideend|p1: onionlicker88|Spikes|[from] move: Rapid Spin|[of] p1a: Onion2
|
|upkeep
|turn|17
|
|t:|1661370992
|switch|p1a: Fat Onion|Tangrowth, M, shiny|100/100 par
|move|p2a: Excadrill|Earthquake|p1a: Fat Onion
|-resisted|p1a: Fat Onion
|-damage|p1a: Fat Onion|80/100 par
|
|upkeep
|turn|18
|
|t:|1661370997
|switch|p2a: Zapdos|Zapdos|72/100
|switch|p1a: Onion|Accelgor, M, shiny|100/100
|
|upkeep
|turn|19
|
|t:|1661371002
|switch|p2a: Landorus|Landorus-Therian, M|100/100
|-ability|p2a: Landorus|Intimidate|boost
|-unboost|p1a: Onion|atk|1
|move|p1a: Onion|Final Gambit|p2a: Landorus
|-damage|p2a: Landorus|0 fnt
|faint|p1a: Onion
|faint|p2a: Landorus
|
|upkeep
|
|t:|1661371009
|switch|p1a: Squish Onion|Azumarill, M, shiny|29/100
|switch|p2a: Zapdos|Zapdos|72/100
|turn|20
|
|t:|1661371018
|switch|p1a: Onion2|Regieleki, shiny|42/100
|move|p2a: Zapdos|Volt Switch|p1a: Onion2
|-resisted|p1a: Onion2
|-damage|p1a: Onion2|6/100
|
|t:|1661371020
|switch|p2a: Tyranitar|Tyranitar, F, shiny|100/100|[from]move: Volt Switch
|-weather|Sandstorm|[from] ability: Sand Stream|[of] p2a: Tyranitar
|
|-weather|Sandstorm|[upkeep]
|-damage|p1a: Onion2|0 fnt|[from] Sandstorm
|faint|p1a: Onion2
|upkeep
|
|t:|1661371023
|switch|p1a: Squish Onion|Azumarill, M, shiny|29/100
|turn|21
|
|t:|1661371025
|move|p2a: Tyranitar|Earthquake|p1a: Squish Onion
|-damage|p1a: Squish Onion|0 fnt
|faint|p1a: Squish Onion
|
|-weather|Sandstorm|[upkeep]
|upkeep
|
|t:|1661371027
|switch|p1a: Fat Onion|Tangrowth, M, shiny|100/100 par
|turn|22
|
|t:|1661371029
|move|p2a: Tyranitar|Stone Edge|p1a: Fat Onion|[miss]
|-miss|p2a: Tyranitar|p1a: Fat Onion
|move|p1a: Fat Onion|Giga Drain|p2a: Tyranitar
|-supereffective|p2a: Tyranitar
|-damage|p2a: Tyranitar|60/100
|
|-weather|Sandstorm|[upkeep]
|-damage|p1a: Fat Onion|94/100 par|[from] Sandstorm
|upkeep
|turn|23
|
|t:|1661371031
|move|p2a: Tyranitar|Stone Edge|p1a: Fat Onion
|-damage|p1a: Fat Onion|53/100 par
|move|p1a: Fat Onion|Giga Drain|p2a: Tyranitar
|-supereffective|p2a: Tyranitar
|-damage|p2a: Tyranitar|23/100
|-heal|p1a: Fat Onion|69/100 par|[from] drain|[of] p2a: Tyranitar
|
|-weather|Sandstorm|[upkeep]
|-damage|p1a: Fat Onion|63/100 par|[from] Sandstorm
|upkeep
|turn|24
|
|t:|1661371034
|move|p2a: Tyranitar|Stone Edge|p1a: Fat Onion
|-damage|p1a: Fat Onion|18/100 par
|move|p1a: Fat Onion|Giga Drain|p2a: Tyranitar
|-supereffective|p2a: Tyranitar
|-damage|p2a: Tyranitar|0 fnt
|-heal|p1a: Fat Onion|28/100 par|[from] drain|[of] p2a: Tyranitar
|faint|p2a: Tyranitar
|
|-weather|none
|upkeep
|
|t:|1661371037
|switch|p2a: Zapdos|Zapdos|72/100
|turn|25
|
|t:|1661371039
|move|p2a: Zapdos|Heat Wave|p1a: Fat Onion
|-supereffective|p1a: Fat Onion
|-damage|p1a: Fat Onion|0 fnt
|faint|p1a: Fat Onion
|
|win|GGeorgie◕‿◕
|raw|onionlicker88's rating: 1616 &rarr; <strong>1593</strong><br />(-23 for losing)
|raw|GGeorgie◕‿◕'s rating: 1566 &rarr; <strong>1589</strong><br />(+23 for winning)
|l|☆onionlicker88
||Ladder isn't responding, score probably updated but might not have (Request timeout).
