|j|☆gaasaa
|j|☆El Stefano
|t:|1661326212
|gametype|singles
|player|p1|gaasaa|101|1669
|player|p2|El Stefano|265|1596
|teamsize|p1|6
|teamsize|p2|6
|gen|8
|tier|[Gen 8] OU
|rated|
|rule|Sleep Clause Mod: Limit one foe put to sleep
|rule|Species Clause: Limit one of each Pokémon
|rule|OHKO Clause: OHKO moves are banned
|rule|Evasion Items Clause: Evasion items are banned
|rule|Evasion Moves Clause: Evasion moves are banned
|rule|Endless Battle Clause: Forcing endless battles is banned
|rule|HP Percentage Mod: HP is shown in percentages
|rule|Dynamax Clause: You cannot dynamax
|clearpoke
|poke|p1|Volcarona, M|
|poke|p1|Tapu Lele|
|poke|p1|Dragonite, M|
|poke|p1|Zapdos|
|poke|p1|Conkeldurr, M|
|poke|p1|Kommo-o, M|
|poke|p2|Clefable, M|
|poke|p2|Reuniclus, M|
|poke|p2|Nidoking, M|
|poke|p2|Regieleki|
|poke|p2|Scrafty, F|
|poke|p2|Garchomp, F|
|teampreview
|inactive|Battle timer is ON: inactive players will automatically lose when time's up. (requested by gaasaa)
|
|t:|1661326234
|start
|switch|p1a: Zapdos|Zapdos|100/100
|switch|p2a: Nidoking|Nidoking, M|100/100
|turn|1
|
|t:|1661326254
|move|p2a: Nidoking|Ice Beam|p1a: Zapdos
|-supereffective|p1a: Zapdos
|-damage|p1a: Zapdos|56/100
|move|p1a: Zapdos|Roost|p1a: Zapdos
|-heal|p1a: Zapdos|100/100
|-singleturn|p1a: Zapdos|move: Roost
|
|upkeep
|turn|2
|
|t:|1661326261
|move|p2a: Nidoking|Ice Beam|p1a: Zapdos
|-supereffective|p1a: Zapdos
|-damage|p1a: Zapdos|57/100
|move|p1a: Zapdos|Heat Wave|p2a: Nidoking
|-damage|p2a: Nidoking|60/100
|
|upkeep
|turn|3
|
|t:|1661326267
|move|p2a: Nidoking|Ice Beam|p1a: Zapdos
|-supereffective|p1a: Zapdos
|-damage|p1a: Zapdos|10/100
|move|p1a: Zapdos|Roost|p1a: Zapdos
|-heal|p1a: Zapdos|60/100
|-singleturn|p1a: Zapdos|move: Roost
|
|upkeep
|turn|4
|
|t:|1661326275
|move|p2a: Nidoking|Ice Beam|p1a: Zapdos
|-supereffective|p1a: Zapdos
|-damage|p1a: Zapdos|14/100
|move|p1a: Zapdos|Roost|p1a: Zapdos
|-heal|p1a: Zapdos|64/100
|-singleturn|p1a: Zapdos|move: Roost
|
|upkeep
|turn|5
|
|t:|1661326279
|move|p2a: Nidoking|Ice Beam|p1a: Zapdos
|-supereffective|p1a: Zapdos
|-damage|p1a: Zapdos|22/100
|move|p1a: Zapdos|Roost|p1a: Zapdos
|-heal|p1a: Zapdos|72/100
|-singleturn|p1a: Zapdos|move: Roost
|
|upkeep
|turn|6
|
|t:|1661326284
|switch|p1a: Tapu Lele|Tapu Lele|100/100
|-fieldstart|move: Psychic Terrain|[from] ability: Psychic Surge|[of] p1a: Tapu Lele
|move|p2a: Nidoking|Ice Beam|p1a: Tapu Lele
|-damage|p1a: Tapu Lele|64/100
|
|upkeep
|turn|7
|
|t:|1661326289
|switch|p2a: Reuniclus|Reuniclus, M|100/100
|move|p1a: Tapu Lele|Psyshock|p2a: Reuniclus
|-resisted|p2a: Reuniclus
|-damage|p2a: Reuniclus|71/100
|
|-heal|p2a: Reuniclus|77/100|[from] item: Leftovers
|upkeep
|turn|8
|
|t:|1661326297
|switch|p2a: Nidoking|Nidoking, M|60/100
|move|p1a: Tapu Lele|Psyshock|p2a: Nidoking
|-supereffective|p2a: Nidoking
|-damage|p2a: Nidoking|0 fnt
|faint|p2a: Nidoking
|
|upkeep
|
|t:|1661326305
|switch|p2a: Reuniclus|Reuniclus, M|77/100
|turn|9
|
|t:|1661326314
|switch|p1a: Dragonite|Dragonite, M|100/100
|move|p2a: Reuniclus|Iron Defense|p2a: Reuniclus
|-boost|p2a: Reuniclus|def|2
|
|-heal|p2a: Reuniclus|83/100|[from] item: Leftovers
|upkeep
|turn|10
|
|t:|1661326318
|move|p1a: Dragonite|Thunder Wave|p2a: Reuniclus
|-status|p2a: Reuniclus|par
|move|p2a: Reuniclus|Iron Defense|p2a: Reuniclus
|-boost|p2a: Reuniclus|def|2
|
|-heal|p2a: Reuniclus|89/100 par|[from] item: Leftovers
|-fieldend|move: Psychic Terrain
|upkeep
|turn|11
|
|t:|1661326333
|switch|p1a: Tapu Lele|Tapu Lele|64/100
|-fieldstart|move: Psychic Terrain|[from] ability: Psychic Surge|[of] p1a: Tapu Lele
|cant|p2a: Reuniclus|par
|
|-heal|p2a: Reuniclus|95/100 par|[from] item: Leftovers
|upkeep
|turn|12
|
|t:|1661326338
|move|p1a: Tapu Lele|Moonblast|p2a: Reuniclus
|-damage|p2a: Reuniclus|25/100 par
|move|p2a: Reuniclus|Calm Mind|p2a: Reuniclus
|-boost|p2a: Reuniclus|spa|1
|-boost|p2a: Reuniclus|spd|1
|
|-heal|p2a: Reuniclus|31/100 par|[from] item: Leftovers
|upkeep
|turn|13
|
|t:|1661326348
|move|p1a: Tapu Lele|Moonblast|p2a: Reuniclus
|-damage|p2a: Reuniclus|0 fnt
|faint|p2a: Reuniclus
|
|upkeep
|
|t:|1661326356
|switch|p2a: Regieleki|Regieleki|100/100
|turn|14
|
|t:|1661326363
|switch|p1a: Kommo-o|Kommo-o, M|100/100
|move|p2a: Regieleki|Thunderbolt|p1a: Kommo-o
|-resisted|p1a: Kommo-o
|-damage|p1a: Kommo-o|67/100
|
|upkeep
|turn|15
|
|t:|1661326377
|move|p2a: Regieleki|Reflect|p2a: Regieleki
|-sidestart|p2: El Stefano|Reflect
|move|p1a: Kommo-o|Flash Cannon|p2a: Regieleki
|-resisted|p2a: Regieleki
|-damage|p2a: Regieleki|77/100
|-unboost|p2a: Regieleki|spd|1
|
|-fieldend|move: Psychic Terrain
|upkeep
|turn|16
|
|t:|1661326383
|move|p2a: Regieleki|Light Screen|p2a: Regieleki
|-sidestart|p2: El Stefano|move: Light Screen
|move|p1a: Kommo-o|Clanging Scales|p2a: Regieleki
|-damage|p2a: Regieleki|2/100
|-unboost|p1a: Kommo-o|def|1
|-enditem|p1a: Kommo-o|Throat Spray
|-boost|p1a: Kommo-o|spa|1|[from] item: Throat Spray
|
|upkeep
|turn|17
|
|t:|1661326395
|switch|p2a: Scrafty|Scrafty, F|100/100
|move|p1a: Kommo-o|Flash Cannon|p2a: Scrafty
|-damage|p2a: Scrafty|84/100
|
|-heal|p2a: Scrafty|90/100|[from] item: Leftovers
|upkeep
|turn|18
|
|t:|1661326400
|move|p1a: Kommo-o|Aura Sphere|p2a: Scrafty
|-supereffective|p2a: Scrafty
|-damage|p2a: Scrafty|40/100
|move|p2a: Scrafty|Knock Off|p1a: Kommo-o
|-resisted|p1a: Kommo-o
|-damage|p1a: Kommo-o|53/100
|
|-heal|p2a: Scrafty|46/100|[from] item: Leftovers
|upkeep
|turn|19
|
|t:|1661326412
|switch|p2a: Clefable|Clefable, M|100/100
|move|p1a: Kommo-o|Flash Cannon|p2a: Clefable
|-supereffective|p2a: Clefable
|-damage|p2a: Clefable|67/100
|
|-heal|p2a: Clefable|73/100|[from] item: Leftovers
|upkeep
|turn|20
|
|t:|1661326438
|switch|p1a: Dragonite|Dragonite, M|100/100
|move|p2a: Clefable|Calm Mind|p2a: Clefable
|-boost|p2a: Clefable|spa|1
|-boost|p2a: Clefable|spd|1
|
|-heal|p2a: Clefable|79/100|[from] item: Leftovers
|upkeep
|turn|21
|
|t:|1661326446
|move|p1a: Dragonite|Thunder Wave|p2a: Clefable
|-status|p2a: Clefable|par
|cant|p2a: Clefable|par
|
|-heal|p2a: Clefable|85/100 par|[from] item: Leftovers
|upkeep
|turn|22
|
|t:|1661326463
|switch|p1a: Conkeldurr|Conkeldurr, M|100/100
|move|p2a: Clefable|Calm Mind|p2a: Clefable
|-boost|p2a: Clefable|spa|1
|-boost|p2a: Clefable|spd|1
|
|-heal|p2a: Clefable|91/100 par|[from] item: Leftovers
|-sideend|p2: El Stefano|Reflect
|-status|p1a: Conkeldurr|brn|[from] item: Flame Orb
|upkeep
|turn|23
|
|t:|1661326469
|move|p1a: Conkeldurr|Knock Off|p2a: Clefable
|-resisted|p2a: Clefable
|-damage|p2a: Clefable|70/100 par
|-enditem|p2a: Clefable|Leftovers|[from] move: Knock Off|[of] p1a: Conkeldurr
|move|p2a: Clefable|Moonblast|p1a: Conkeldurr
|-supereffective|p1a: Conkeldurr
|-damage|p1a: Conkeldurr|0 fnt
|faint|p1a: Conkeldurr
|
|-sideend|p2: El Stefano|move: Light Screen
|upkeep
|
|t:|1661326473
|switch|p1a: Tapu Lele|Tapu Lele|64/100
|-fieldstart|move: Psychic Terrain|[from] ability: Psychic Surge|[of] p1a: Tapu Lele
|turn|24
|
|t:|1661326478
|switch|p2a: Scrafty|Scrafty, F|46/100
|move|p1a: Tapu Lele|Psyshock|p2a: Scrafty
|-immune|p2a: Scrafty
|
|-heal|p2a: Scrafty|52/100|[from] item: Leftovers
|upkeep
|turn|25
|
|t:|1661326497
|switch|p1a: Zapdos|Zapdos|72/100
|switch|p2a: Garchomp|Garchomp, F|100/100
|
|upkeep
|turn|26
|
|t:|1661326501
|move|p2a: Garchomp|Swords Dance|p2a: Garchomp
|-boost|p2a: Garchomp|atk|2
|move|p1a: Zapdos|Toxic|p2a: Garchomp
|-status|p2a: Garchomp|tox
|
|-damage|p2a: Garchomp|94/100 tox|[from] psn
|upkeep
|turn|27
|
|t:|1661326509
|move|p2a: Garchomp|Scale Shot|p1a: Zapdos
|-damage|p1a: Zapdos|44/100
|-damage|p1a: Zapdos|18/100
|-damage|p1a: Zapdos|0 fnt
|faint|p1a: Zapdos
|-hitcount|p1: Zapdos|3
|-unboost|p2a: Garchomp|def|1
|-boost|p2a: Garchomp|spe|1
|
|-damage|p2a: Garchomp|82/100 tox|[from] psn
|upkeep
|
|t:|1661326520
|switch|p1a: Dragonite|Dragonite, M|100/100
|turn|28
|
|t:|1661326525
|switch|p1a: Tapu Lele|Tapu Lele|64/100
|move|p2a: Garchomp|Scale Shot|p1a: Tapu Lele
|-immune|p1a: Tapu Lele
|
|-damage|p2a: Garchomp|64/100 tox|[from] psn
|-fieldend|move: Psychic Terrain
|upkeep
|turn|29
|
|t:|1661326533
|switch|p1a: Dragonite|Dragonite, M|100/100
|move|p2a: Garchomp|Scale Shot|p1a: Dragonite
|-supereffective|p1a: Dragonite
|-damage|p1a: Dragonite|75/100
|-supereffective|p1a: Dragonite
|-damage|p1a: Dragonite|25/100
|-supereffective|p1a: Dragonite
|-damage|p1a: Dragonite|0 fnt
|faint|p1a: Dragonite
|-hitcount|p1: Dragonite|3
|-unboost|p2a: Garchomp|def|1
|-boost|p2a: Garchomp|spe|1
|
|-damage|p2a: Garchomp|39/100 tox|[from] psn
|upkeep
|
|t:|1661326557
|switch|p1a: Kommo-o|Kommo-o, M|53/100
|turn|30
|
|t:|1661326561
|move|p2a: Garchomp|Earthquake|p1a: Kommo-o
|-damage|p1a: Kommo-o|0 fnt
|faint|p1a: Kommo-o
|
|-damage|p2a: Garchomp|8/100 tox|[from] psn
|upkeep
|
|t:|1661326565
|switch|p1a: Tapu Lele|Tapu Lele|64/100
|-fieldstart|move: Psychic Terrain|[from] ability: Psychic Surge|[of] p1a: Tapu Lele
|turn|31
|
|t:|1661326574
|move|p2a: Garchomp|Earthquake|p1a: Tapu Lele
|-damage|p1a: Tapu Lele|0 fnt
|faint|p1a: Tapu Lele
|
|-damage|p2a: Garchomp|0 fnt|[from] psn
|faint|p2a: Garchomp
|upkeep
|
|t:|1661326582
|switch|p2a: Regieleki|Regieleki|2/100
|switch|p1a: Volcarona|Volcarona, M|100/100
|turn|32
|
|t:|1661326587
|move|p2a: Regieleki|Light Screen|p2a: Regieleki
|-sidestart|p2: El Stefano|move: Light Screen
|move|p1a: Volcarona|Quiver Dance|p1a: Volcarona
|-boost|p1a: Volcarona|spa|1
|-boost|p1a: Volcarona|spd|1
|-boost|p1a: Volcarona|spe|1
|
|upkeep
|turn|33
|
|t:|1661326591
|move|p2a: Regieleki|Thunderbolt|p1a: Volcarona
|-damage|p1a: Volcarona|69/100
|move|p1a: Volcarona|Quiver Dance|p1a: Volcarona
|-boost|p1a: Volcarona|spa|1
|-boost|p1a: Volcarona|spd|1
|-boost|p1a: Volcarona|spe|1
|
|upkeep
|turn|34
|
|t:|1661326595
|move|p2a: Regieleki|Thunderbolt|p1a: Volcarona
|-damage|p1a: Volcarona|43/100
|move|p1a: Volcarona|Quiver Dance|p1a: Volcarona
|-boost|p1a: Volcarona|spa|1
|-boost|p1a: Volcarona|spd|1
|-boost|p1a: Volcarona|spe|1
|
|upkeep
|turn|35
|
|t:|1661326600
|move|p1a: Volcarona|Quiver Dance|p1a: Volcarona
|-boost|p1a: Volcarona|spa|1
|-boost|p1a: Volcarona|spd|1
|-boost|p1a: Volcarona|spe|1
|move|p2a: Regieleki|Thunderbolt|p1a: Volcarona
|-damage|p1a: Volcarona|24/100
|
|-fieldend|move: Psychic Terrain
|upkeep
|turn|36
|
|t:|1661326605
|move|p1a: Volcarona|Roost|p1a: Volcarona
|-heal|p1a: Volcarona|74/100
|-singleturn|p1a: Volcarona|move: Roost
|move|p2a: Regieleki|Thunderbolt|p1a: Volcarona
|-damage|p1a: Volcarona|57/100
|
|upkeep
|turn|37
|
|t:|1661326611
|switch|p2a: Scrafty|Scrafty, F|52/100
|move|p1a: Volcarona|Roost|p1a: Volcarona
|-heal|p1a: Volcarona|100/100
|-singleturn|p1a: Volcarona|move: Roost
|
|-heal|p2a: Scrafty|58/100|[from] item: Leftovers
|upkeep
|turn|38
|
|t:|1661326614
|move|p1a: Volcarona|Fiery Dance|p2a: Scrafty
|-damage|p2a: Scrafty|14/100
|-boost|p1a: Volcarona|spa|1
|move|p2a: Scrafty|Amnesia|p2a: Scrafty
|-boost|p2a: Scrafty|spd|2
|
|-heal|p2a: Scrafty|20/100|[from] item: Leftovers
|upkeep
|turn|39
|
|t:|1661326619
|move|p1a: Volcarona|Fiery Dance|p2a: Scrafty
|-damage|p2a: Scrafty|0 fnt
|-boost|p1a: Volcarona|spa|1
|faint|p2a: Scrafty
|
|-sideend|p2: El Stefano|move: Light Screen
|upkeep
|-message|El Stefano forfeited.
|
|win|gaasaa
|raw|gaasaa's rating: 1669 &rarr; <strong>1685</strong><br />(+16 for winning)
|raw|El Stefano's rating: 1596 &rarr; <strong>1580</strong><br />(-16 for losing)
|l|☆El Stefano
