|j|☆wsdfg
|j|☆brettfavreguilty
|t:|1665114383
|gametype|singles
|player|p1|wsdfg|170|1734
|player|p2|brettfavreguilty|266|1675
|teamsize|p1|6
|teamsize|p2|6
|gen|8
|tier|[Gen 8] OU
|rated|
|rule|Sleep Clause Mod: Limit one foe put to sleep
|rule|Species Clause: Limit one of each Pokémon
|rule|OHKO Clause: OHKO moves are banned
|rule|Evasion Items Clause: Evasion items are banned
|rule|Evasion Moves Clause: Evasion moves are banned
|rule|Endless Battle Clause: Forcing endless battles is banned
|rule|HP Percentage Mod: HP is shown in percentages
|rule|Dynamax Clause: You cannot dynamax
|clearpoke
|poke|p1|Tyranitar, M|
|poke|p1|Clefable, M|
|poke|p1|Excadrill, M|
|poke|p1|Tangrowth, M|
|poke|p1|Mew|
|poke|p1|Rotom-Wash|
|poke|p2|Weavile, F|
|poke|p2|Silvally-*|
|poke|p2|Magnezone|
|poke|p2|Rillaboom, F|
|poke|p2|Landorus-Therian, M|
|poke|p2|Swampert, F|
|teampreview
|inactive|Battle timer is ON: inactive players will automatically lose when time's up. (requested by brettfavreguilty)
|
|t:|1665114403
|start
|switch|p1a: Crescent|Clefable, M, shiny|100/100
|switch|p2a: Swampert|Swampert, F|100/100
|turn|1
|l|☆brettfavreguilty
|inactive|brettfavreguilty disconnected and has a minute to reconnect!
|player|p2|
|j|☆brettfavreguilty
|inactive|brettfavreguilty reconnected and has 140 seconds left.
|player|p2|brettfavreguilty|266
|
|t:|1665114421
|move|p2a: Swampert|Earthquake|p1a: Crescent
|-crit|p1a: Crescent
|-damage|p1a: Crescent|59/100
|move|p1a: Crescent|Knock Off|p2a: Swampert
|-damage|p2a: Swampert|87/100
|-enditem|p2a: Swampert|Rocky Helmet|[from] move: Knock Off|[of] p1a: Crescent
|
|upkeep
|turn|2
|
|t:|1665114424
|move|p2a: Swampert|Earthquake|p1a: Crescent
|-damage|p1a: Crescent|29/100
|move|p1a: Crescent|Soft-Boiled|p1a: Crescent
|-heal|p1a: Crescent|79/100
|
|upkeep
|turn|3
|j| zigzaglightning
|
|t:|1665114428
|move|p1a: Crescent|Stealth Rock|p2a: Swampert
|-sidestart|p2: brettfavreguilty|move: Stealth Rock
|move|p2a: Swampert|Stealth Rock|p1a: Crescent
|-sidestart|p1: wsdfg|move: Stealth Rock
|
|upkeep
|turn|4
|
|t:|1665114433
|move|p1a: Crescent|Moonblast|p2a: Swampert
|-damage|p2a: Swampert|66/100
|move|p2a: Swampert|Flip Turn|p1a: Crescent
|-damage|p1a: Crescent|63/100
|-damage|p2a: Swampert|50/100|[from] item: Rocky Helmet|[of] p1a: Crescent
|
|t:|1665114445
|switch|p2a: Silvally|Silvally-Fairy|100/100|[from]move: Flip Turn
|-damage|p2a: Silvally|88/100|[from] Stealth Rock
|
|upkeep
|turn|5
|
|t:|1665114452
|switch|p1a: Impaler|Excadrill, M, shiny|100/100
|-damage|p1a: Impaler|97/100|[from] Stealth Rock
|move|p2a: Silvally|Swords Dance|p2a: Silvally
|-boost|p2a: Silvally|atk|2
|
|-heal|p1a: Impaler|100/100|[from] item: Leftovers
|upkeep
|turn|6
|l| zigzaglightning
|
|t:|1665114456
|move|p2a: Silvally|Flame Charge|p1a: Impaler
|-supereffective|p1a: Impaler
|-crit|p1a: Impaler
|-damage|p1a: Impaler|0 fnt
|-boost|p2a: Silvally|spe|1
|faint|p1a: Impaler
|
|upkeep
|
|t:|1665114460
|switch|p1a: Ramen|Tangrowth, M, shiny|100/100
|-damage|p1a: Ramen|88/100|[from] Stealth Rock
|turn|7
|
|t:|1665114464
|move|p2a: Silvally|Multi-Attack|p1a: Ramen
|-damage|p1a: Ramen|29/100
|-damage|p2a: Silvally|72/100|[from] item: Rocky Helmet|[of] p1a: Ramen
|move|p1a: Ramen|Giga Drain|p2a: Silvally
|-damage|p2a: Silvally|40/100
|-heal|p1a: Ramen|42/100|[from] drain|[of] p2a: Silvally
|
|upkeep
|turn|8
|
|t:|1665114478
|switch|p1a: Chaos|Mew, shiny|100/100
|-damage|p1a: Chaos|88/100|[from] Stealth Rock
|move|p2a: Silvally|Multi-Attack|p1a: Chaos
|-crit|p1a: Chaos
|-damage|p1a: Chaos|0 fnt
|faint|p1a: Chaos
|
|upkeep
|
|t:|1665114481
|switch|p1a: Ramen|Tangrowth, M, shiny|76/100
|-damage|p1a: Ramen|63/100|[from] Stealth Rock
|turn|9
|
|t:|1665114483
|move|p2a: Silvally|Multi-Attack|p1a: Ramen
|-crit|p1a: Ramen
|-damage|p1a: Ramen|0 fnt
|-damage|p2a: Silvally|23/100|[from] item: Rocky Helmet|[of] p1a: Ramen
|faint|p1a: Ramen
|
|upkeep
|j| Celtis
|c|☆wsdfg|sometimes it just aint ur game lol
|-message|wsdfg forfeited.
|
|win|brettfavreguilty
|raw|wsdfg's rating: 1734 &rarr; <strong>1711</strong><br />(-23 for losing)
|raw|brettfavreguilty's rating: 1675 &rarr; <strong>1698</strong><br />(+23 for winning)
|l|☆wsdfg
|l| Celtis
||Ladder isn't responding, score probably updated but might not have (Request timeout).
