|j|☆Geo13000
|j|☆Meracx
|t:|1664119615
|gametype|singles
|player|p1|Geo13000|2|1695
|player|p2|Meracx|thorton|1778
|teamsize|p1|6
|teamsize|p2|6
|gen|8
|tier|[Gen 8] OU
|rated|
|rule|Sleep Clause Mod: Limit one foe put to sleep
|rule|Species Clause: Limit one of each Pokémon
|rule|OHKO Clause: OHKO moves are banned
|rule|Evasion Items Clause: Evasion items are banned
|rule|Evasion Moves Clause: Evasion moves are banned
|rule|Endless Battle Clause: Forcing endless battles is banned
|rule|HP Percentage Mod: HP is shown in percentages
|rule|Dynamax Clause: You cannot dynamax
|clearpoke
|poke|p1|Corviknight, F|
|poke|p1|Slowbro, F|
|poke|p1|Clefable, F|
|poke|p1|Blissey, F|
|poke|p1|Gastrodon, F|
|poke|p1|Jirachi|
|poke|p2|Blaziken, F|
|poke|p2|Moltres-Galar|
|poke|p2|Dragapult, F|
|poke|p2|Volcarona, M|
|poke|p2|Ninetales-Alola, M|
|poke|p2|Rillaboom, F|
|teampreview
|
|t:|1664119635
|start
|switch|p1a: Clefable|Clefable, F|100/100
|switch|p2a: Dragapult|Dragapult, F|100/100
|turn|1
|
|t:|1664119638
|move|p2a: Dragapult|Shadow Ball|p1a: Clefable
|-damage|p1a: Clefable|62/100
|-damage|p2a: Dragapult|91/100|[from] item: Life Orb
|move|p1a: Clefable|Trick|p2a: Dragapult
|-activate|p1a: Clefable|move: Trick|[of] p2a: Dragapult
|-item|p2a: Dragapult|Choice Scarf|[from] move: Trick
|-item|p1a: Clefable|Life Orb|[from] move: Trick
|
|upkeep
|turn|2
|
|t:|1664119651
|move|p2a: Dragapult|Shadow Ball|p1a: Clefable
|-damage|p1a: Clefable|31/100
|-unboost|p1a: Clefable|spd|1
|move|p1a: Clefable|Soft-Boiled|p1a: Clefable
|-heal|p1a: Clefable|81/100
|
|upkeep
|turn|3
|
|t:|1664119657
|switch|p2a: Blaziken|Blaziken, F|100/100
|-item|p2a: Blaziken|Air Balloon
|switch|p1a: Blissey|Blissey, F|100/100
|
|upkeep
|turn|4
|
|t:|1664119661
|switch|p1a: Slowbro|Slowbro, F|100/100
|move|p2a: Blaziken|Swords Dance|p2a: Blaziken
|-boost|p2a: Blaziken|atk|2
|
|-ability|p2a: Blaziken|Speed Boost|boost
|-boost|p2a: Blaziken|spe|1
|upkeep
|turn|5
|
|t:|1664119665
|move|p2a: Blaziken|Swords Dance|p2a: Blaziken
|-boost|p2a: Blaziken|atk|2
|move|p1a: Slowbro|Scald|p2a: Blaziken
|-supereffective|p2a: Blaziken
|-crit|p2a: Blaziken
|-damage|p2a: Blaziken|0 fnt
|-enditem|p2a: Blaziken|Air Balloon
|faint|p2a: Blaziken
|
|upkeep
|
|t:|1664119670
|switch|p2a: Moltres|Moltres-Galar|100/100
|turn|6
|
|t:|1664119675
|switch|p1a: Jirachi|Jirachi|100/100
|move|p2a: Moltres|Nasty Plot|p2a: Moltres
|-boost|p2a: Moltres|spa|2
|
|upkeep
|turn|7
|
|t:|1664119678
|move|p1a: Jirachi|Trick|p2a: Moltres
|-activate|p1a: Jirachi|move: Trick|[of] p2a: Moltres
|-item|p2a: Moltres|Choice Scarf|[from] move: Trick
|-item|p1a: Jirachi|Weakness Policy|[from] move: Trick
|move|p2a: Moltres|Fiery Wrath|p1a: Jirachi
|-supereffective|p1a: Jirachi
|-damage|p1a: Jirachi|0 fnt
|faint|p1a: Jirachi
|
|upkeep
|
|t:|1664119682
|switch|p1a: Clefable|Clefable, F|81/100
|turn|8
|
|t:|1664119684
|move|p2a: Moltres|Fiery Wrath|p1a: Clefable
|-resisted|p1a: Clefable
|-damage|p1a: Clefable|60/100
|cant|p1a: Clefable|flinch
|
|upkeep
|turn|9
|j| joker456
|
|t:|1664119688
|move|p2a: Moltres|Fiery Wrath|p1a: Clefable
|-resisted|p1a: Clefable
|-damage|p1a: Clefable|39/100
|move|p1a: Clefable|Soft-Boiled|p1a: Clefable
|-heal|p1a: Clefable|89/100
|
|upkeep
|turn|10
|
|t:|1664119693
|move|p2a: Moltres|Fiery Wrath|p1a: Clefable
|-resisted|p1a: Clefable
|-damage|p1a: Clefable|68/100
|move|p1a: Clefable|Moonblast|p2a: Moltres
|-supereffective|p2a: Moltres
|-damage|p2a: Moltres|24/100
|-unboost|p2a: Moltres|spa|1
|-ability|p2a: Moltres|Berserk|boost
|-boost|p2a: Moltres|spa|1
|-damage|p1a: Clefable|58/100|[from] item: Life Orb
|
|upkeep
|turn|11
|
|t:|1664119699
|move|p2a: Moltres|Fiery Wrath|p1a: Clefable
|-resisted|p1a: Clefable
|-damage|p1a: Clefable|39/100
|move|p1a: Clefable|Soft-Boiled|p1a: Clefable
|-heal|p1a: Clefable|89/100
|
|upkeep
|turn|12
|
|t:|1664119704
|switch|p1a: Blissey|Blissey, F|100/100
|move|p2a: Moltres|Fiery Wrath|p1a: Blissey
|-damage|p1a: Blissey|67/100
|
|-heal|p1a: Blissey|73/100|[from] item: Leftovers
|upkeep
|turn|13
|
|t:|1664119711
|move|p2a: Moltres|Fiery Wrath|p1a: Blissey
|-damage|p1a: Blissey|43/100
|cant|p1a: Blissey|flinch
|
|-heal|p1a: Blissey|49/100|[from] item: Leftovers
|upkeep
|turn|14
|
|t:|1664119715
|move|p2a: Moltres|Fiery Wrath|p1a: Blissey
|-damage|p1a: Blissey|15/100
|move|p1a: Blissey|Soft-Boiled|p1a: Blissey
|-heal|p1a: Blissey|65/100
|
|-heal|p1a: Blissey|71/100|[from] item: Leftovers
|upkeep
|turn|15
|
|t:|1664119721
|move|p2a: Moltres|Fiery Wrath|p1a: Blissey
|-damage|p1a: Blissey|41/100
|cant|p1a: Blissey|flinch
|
|-heal|p1a: Blissey|47/100|[from] item: Leftovers
|upkeep
|turn|16
|
|t:|1664119725
|move|p2a: Moltres|Fiery Wrath|p1a: Blissey
|-damage|p1a: Blissey|13/100
|move|p1a: Blissey|Soft-Boiled|p1a: Blissey
|-heal|p1a: Blissey|63/100
|
|-heal|p1a: Blissey|69/100|[from] item: Leftovers
|upkeep
|turn|17
|
|t:|1664119728
|move|p2a: Moltres|Fiery Wrath|p1a: Blissey
|-damage|p1a: Blissey|36/100
|move|p1a: Blissey|Soft-Boiled|p1a: Blissey
|-heal|p1a: Blissey|86/100
|
|-heal|p1a: Blissey|92/100|[from] item: Leftovers
|upkeep
|turn|18
|
|t:|1664119731
|move|p2a: Moltres|Fiery Wrath|p1a: Blissey
|-crit|p1a: Blissey
|-damage|p1a: Blissey|45/100
|move|p1a: Blissey|Stealth Rock|p2a: Moltres
|-sidestart|p2: Meracx|move: Stealth Rock
|
|-heal|p1a: Blissey|51/100|[from] item: Leftovers
|upkeep
|turn|19
|l| joker456
|
|t:|1664119735
|move|p2a: Moltres|Fiery Wrath|p1a: Blissey
|-damage|p1a: Blissey|20/100
|move|p1a: Blissey|Soft-Boiled|p1a: Blissey
|-heal|p1a: Blissey|70/100
|
|-heal|p1a: Blissey|76/100|[from] item: Leftovers
|upkeep
|turn|20
|
|t:|1664119739
|move|p2a: Moltres|Fiery Wrath|p1a: Blissey
|-damage|p1a: Blissey|43/100
|cant|p1a: Blissey|flinch
|
|-heal|p1a: Blissey|49/100|[from] item: Leftovers
|upkeep
|turn|21
|
|t:|1664119742
|move|p2a: Moltres|Fiery Wrath|p1a: Blissey
|-damage|p1a: Blissey|17/100
|move|p1a: Blissey|Soft-Boiled|p1a: Blissey
|-heal|p1a: Blissey|67/100
|
|-heal|p1a: Blissey|73/100|[from] item: Leftovers
|upkeep
|turn|22
|
|t:|1664119746
|move|p2a: Moltres|Fiery Wrath|p1a: Blissey
|-damage|p1a: Blissey|43/100
|move|p1a: Blissey|Soft-Boiled|p1a: Blissey
|-heal|p1a: Blissey|93/100
|
|-heal|p1a: Blissey|99/100|[from] item: Leftovers
|upkeep
|turn|23
|-message|Meracx forfeited.
|
|win|Geo13000
|raw|Geo13000's rating: 1695 &rarr; <strong>1720</strong><br />(+25 for winning)
|raw|Meracx's rating: 1778 &rarr; <strong>1753</strong><br />(-25 for losing)
|l|☆Meracx
||Ladder isn't responding, score probably updated but might not have (Request timeout).
