|j|☆AndreThaGiiant
|j|☆FENDINI
|t:|1649853653
|gametype|singles
|player|p1|AndreThaGiiant|265|1546
|player|p2|FENDINI|n|1567
|teamsize|p1|6
|teamsize|p2|6
|gen|8
|tier|[Gen 8] OU
|rated|
|rule|Sleep Clause Mod: Limit one foe put to sleep
|rule|Species Clause: Limit one of each Pokémon
|rule|OHKO Clause: OHKO moves are banned
|rule|Evasion Moves Clause: Evasion moves are banned
|rule|Endless Battle Clause: Forcing endless battles is banned
|rule|HP Percentage Mod: HP is shown in percentages
|rule|Dynamax Clause: You cannot dynamax
|clearpoke
|poke|p1|Pikachu-Sinnoh, M|
|poke|p1|Gyarados, F|
|poke|p1|Tapu Fini|
|poke|p1|Buzzwole|
|poke|p1|Durant, M|
|poke|p1|Mamoswine, F|
|poke|p2|Glastrier|
|poke|p2|Tapu Fini|
|poke|p2|Ferrothorn, F|
|poke|p2|Krookodile, M|
|poke|p2|Zapdos|
|poke|p2|Victini|
|teampreview
|inactive|Battle timer is ON: inactive players will automatically lose when time's up. (requested by FENDINI)
|
|t:|1649853673
|start
|switch|p1a: Pikachu|Pikachu-Sinnoh, M|100/100
|switch|p2a: Victini|Victini|100/100
|turn|1
|
|t:|1649853682
|switch|p2a: Ferrothorn|Ferrothorn, F|100/100
|switch|p1a: Gyarados|Gyarados, F|100/100
|-ability|p1a: Gyarados|Intimidate|boost
|-unboost|p2a: Ferrothorn|atk|1
|
|upkeep
|turn|2
|
|t:|1649853688
|move|p1a: Gyarados|Substitute|p1a: Gyarados
|-start|p1a: Gyarados|Substitute
|-damage|p1a: Gyarados|76/100
|move|p2a: Ferrothorn|Spikes|p1a: Gyarados
|-sidestart|p1: AndreThaGiiant|Spikes
|
|-heal|p1a: Gyarados|82/100|[from] item: Leftovers
|upkeep
|turn|3
|
|t:|1649853693
|switch|p2a: Glastrier|Glastrier|100/100
|move|p1a: Gyarados|Dragon Dance|p1a: Gyarados
|-boost|p1a: Gyarados|atk|1
|-boost|p1a: Gyarados|spe|1
|
|-heal|p1a: Gyarados|88/100|[from] item: Leftovers
|upkeep
|turn|4
|
|t:|1649853696
|move|p1a: Gyarados|Waterfall|p2a: Glastrier
|-damage|p2a: Glastrier|50/100
|move|p2a: Glastrier|Icicle Spear|p1a: Gyarados
|-end|p1a: Gyarados|Substitute
|-crit|p1a: Gyarados
|-damage|p1a: Gyarados|42/100
|-damage|p1a: Gyarados|10/100
|-damage|p1a: Gyarados|0 fnt
|faint|p1a: Gyarados
|-ability|p2a: Glastrier|Chilling Neigh|boost
|-boost|p2a: Glastrier|atk|1
|-hitcount|p1: Gyarados|4
|
|upkeep
|
|t:|1649853706
|switch|p1a: Pikachu|Pikachu-Sinnoh, M|100/100
|-damage|p1a: Pikachu|88/100|[from] Spikes
|turn|5
|
|t:|1649853710
|switch|p2a: Ferrothorn|Ferrothorn, F|100/100
|move|p1a: Pikachu|Volt Tackle|p2a: Ferrothorn
|-resisted|p2a: Ferrothorn
|-damage|p2a: Ferrothorn|87/100
|-damage|p1a: Pikachu|76/100|[from] ability: Iron Barbs|[of] p2a: Ferrothorn
|-damage|p1a: Pikachu|59/100|[from] item: Rocky Helmet|[of] p2a: Ferrothorn
|-damage|p1a: Pikachu|52/100|[from] Recoil
|-damage|p1a: Pikachu|42/100|[from] item: Life Orb
|
|upkeep
|turn|6
|
|t:|1649853719
|move|p1a: Pikachu|Volt Switch|p2a: Ferrothorn
|-resisted|p2a: Ferrothorn
|-damage|p2a: Ferrothorn|80/100
|-damage|p1a: Pikachu|32/100|[from] item: Life Orb
|
|t:|1649853732
|switch|p1a: Durant|Durant, M|100/100|[from]move: Volt Switch
|-damage|p1a: Durant|88/100|[from] Spikes
|move|p2a: Ferrothorn|Knock Off|p1a: Durant
|-crit|p1a: Durant
|-damage|p1a: Durant|48/100
|-enditem|p1a: Durant|Leftovers|[from] move: Knock Off|[of] p2a: Ferrothorn
|
|upkeep
|turn|7
|
|t:|1649853749
|switch|p2a: Zapdos|Zapdos|100/100
|move|p1a: Durant|Hone Claws|p1a: Durant
|-boost|p1a: Durant|atk|1
|-boost|p1a: Durant|accuracy|1
|
|upkeep
|turn|8
|
|t:|1649853755
|switch|p2a: Krookodile|Krookodile, M|100/100
|move|p1a: Durant|Stone Edge|p2a: Krookodile|[miss]
|-miss|p1a: Durant|p2a: Krookodile
|
|upkeep
|turn|9
|
|t:|1649853760
|move|p2a: Krookodile|Earthquake|p1a: Durant
|-damage|p1a: Durant|0 fnt
|faint|p1a: Durant
|-ability|p2a: Krookodile|Moxie|boost
|-boost|p2a: Krookodile|atk|1
|
|upkeep
|
|t:|1649853765
|switch|p1a: Buzzwole|Buzzwole, shiny|100/100
|-damage|p1a: Buzzwole|88/100|[from] Spikes
|turn|10
|
|t:|1649853773
|switch|p2a: Zapdos|Zapdos|100/100
|move|p1a: Buzzwole|Ice Punch|p2a: Zapdos
|-supereffective|p2a: Zapdos
|-damage|p2a: Zapdos|64/100
|
|upkeep
|turn|11
|
|t:|1649853776
|move|p1a: Buzzwole|Ice Punch|p2a: Zapdos
|-supereffective|p2a: Zapdos
|-damage|p2a: Zapdos|25/100
|move|p2a: Zapdos|Hurricane|p1a: Buzzwole
|-supereffective|p1a: Buzzwole
|-damage|p1a: Buzzwole|0 fnt
|faint|p1a: Buzzwole
|
|upkeep
|-message|AndreThaGiiant forfeited.
|
|win|FENDINI
|raw|AndreThaGiiant's rating: 1546 &rarr; <strong>1527</strong><br />(-19 for losing)
|raw|FENDINI's rating: 1567 &rarr; <strong>1586</strong><br />(+19 for winning)
|l|☆AndreThaGiiant
