|j|☆Markiito18
|j|☆NeoNaruto®++
|t:|1662000482
|gametype|singles
|player|p1|Markiito18|preschooler|1511
|player|p2|NeoNaruto®++|burglar-gen1rb|1574
|teamsize|p1|6
|teamsize|p2|6
|gen|8
|tier|[Gen 8] OU
|rated|
|rule|Sleep Clause Mod: Limit one foe put to sleep
|rule|Species Clause: Limit one of each Pokémon
|rule|OHKO Clause: OHKO moves are banned
|rule|Evasion Items Clause: Evasion items are banned
|rule|Evasion Moves Clause: Evasion moves are banned
|rule|Endless Battle Clause: Forcing endless battles is banned
|rule|HP Percentage Mod: HP is shown in percentages
|rule|Dynamax Clause: You cannot dynamax
|clearpoke
|poke|p1|Buzzwole|
|poke|p1|Tapu Lele|
|poke|p1|Tornadus-Therian, M|
|poke|p1|Blissey, F|
|poke|p1|Magnezone|
|poke|p1|Gastrodon-East, M|
|poke|p2|Landorus-Therian, M|
|poke|p2|Ferrothorn, M|
|poke|p2|Tapu Koko|
|poke|p2|Dragonite, F|
|poke|p2|Darmanitan, M|
|poke|p2|Tyranitar, M|
|teampreview
|inactive|Battle timer is ON: inactive players will automatically lose when time's up. (requested by NeoNaruto®++)
|
|t:|1662000512
|start
|switch|p1a: Tornadus|Tornadus-Therian, M|100/100
|switch|p2a: PURRP FOR SALE|Darmanitan, M|100/100
|turn|1
|
|t:|1662000540
|switch|p2a: Bernie Landers|Landorus-Therian, M|100/100
|-ability|p2a: Bernie Landers|Intimidate|boost
|-unboost|p1a: Tornadus|atk|1
|move|p1a: Tornadus|Knock Off|p2a: Bernie Landers
|-damage|p2a: Bernie Landers|92/100
|-damage|p1a: Tornadus|84/100|[from] item: Rocky Helmet|[of] p2a: Bernie Landers
|-enditem|p2a: Bernie Landers|Rocky Helmet|[from] move: Knock Off|[of] p1a: Tornadus
|
|upkeep
|turn|2
|
|t:|1662000551
|move|p1a: Tornadus|Hurricane|p2a: Bernie Landers
|-damage|p2a: Bernie Landers|48/100
|-start|p2a: Bernie Landers|confusion
|-activate|p2a: Bernie Landers|confusion
|move|p2a: Bernie Landers|Knock Off|p1a: Tornadus
|-damage|p1a: Tornadus|53/100
|-enditem|p1a: Tornadus|Heavy-Duty Boots|[from] move: Knock Off|[of] p2a: Bernie Landers
|
|upkeep
|turn|3
|
|t:|1662000559
|move|p1a: Tornadus|Hurricane|p2a: Bernie Landers|[miss]
|-miss|p1a: Tornadus|p2a: Bernie Landers
|-activate|p2a: Bernie Landers|confusion
|move|p2a: Bernie Landers|Stealth Rock|p1a: Tornadus
|-sidestart|p1: Markiito18|move: Stealth Rock
|
|upkeep
|turn|4
|
|t:|1662000563
|switch|p2a: PURRP FOR SALE|Darmanitan, M|100/100
|move|p1a: Tornadus|Defog|p2a: PURRP FOR SALE
|-unboost|p2a: PURRP FOR SALE|evasion|1
|-sideend|p1: Markiito18|Stealth Rock|[from] move: Defog|[of] p1a: Tornadus
|
|upkeep
|turn|5
|
|t:|1662000566
|switch|p1a: Gastrodon|Gastrodon-East, M|100/100
|move|p2a: PURRP FOR SALE|Flare Blitz|p1a: Gastrodon
|-resisted|p1a: Gastrodon
|-damage|p1a: Gastrodon|49/100
|-damage|p2a: PURRP FOR SALE|80/100|[from] Recoil
|
|-heal|p1a: Gastrodon|55/100|[from] item: Leftovers
|upkeep
|turn|6
|
|t:|1662000572
|switch|p2a: RX PAPi|Ferrothorn, M|100/100
|move|p1a: Gastrodon|Recover|p1a: Gastrodon
|-heal|p1a: Gastrodon|100/100
|
|upkeep
|turn|7
|
|t:|1662000575
|switch|p1a: Tornadus|Tornadus-Therian, M|86/100
|move|p2a: RX PAPi|Leech Seed|p1a: Tornadus
|-start|p1a: Tornadus|move: Leech Seed
|
|-damage|p1a: Tornadus|74/100|[from] Leech Seed|[of] p2a: RX PAPi
|upkeep
|turn|8
|
|t:|1662000583
|move|p2a: RX PAPi|Protect|p2a: RX PAPi
|-singleturn|p2a: RX PAPi|Protect
|move|p1a: Tornadus|U-turn|p2a: RX PAPi
|-activate|p2a: RX PAPi|move: Protect
|
|-damage|p1a: Tornadus|61/100|[from] Leech Seed|[of] p2a: RX PAPi
|upkeep
|turn|9
|
|t:|1662000593
|switch|p1a: Magnezone|Magnezone|100/100
|move|p2a: RX PAPi|Spikes|p1a: Magnezone
|-sidestart|p1: Markiito18|Spikes
|
|upkeep
|turn|10
|
|t:|1662000600
|move|p1a: Magnezone|Iron Defense|p1a: Magnezone
|-boost|p1a: Magnezone|def|2
|move|p2a: RX PAPi|Leech Seed|p1a: Magnezone
|-start|p1a: Magnezone|move: Leech Seed
|
|-damage|p1a: Magnezone|88/100|[from] Leech Seed|[of] p2a: RX PAPi
|upkeep
|turn|11
|
|t:|1662000604
|move|p1a: Magnezone|Iron Defense|p1a: Magnezone
|-boost|p1a: Magnezone|def|2
|move|p2a: RX PAPi|Spikes|p1a: Magnezone
|-sidestart|p1: Markiito18|Spikes
|
|-heal|p1a: Magnezone|94/100|[from] item: Leftovers
|-damage|p1a: Magnezone|82/100|[from] Leech Seed|[of] p2a: RX PAPi
|upkeep
|turn|12
|
|t:|1662000606
|move|p1a: Magnezone|Body Press|p2a: RX PAPi
|-supereffective|p2a: RX PAPi
|-damage|p2a: RX PAPi|5/100
|-damage|p1a: Magnezone|70/100|[from] ability: Iron Barbs|[of] p2a: RX PAPi
|-damage|p1a: Magnezone|53/100|[from] item: Rocky Helmet|[of] p2a: RX PAPi
|move|p2a: RX PAPi|Spikes|p1a: Magnezone
|-sidestart|p1: Markiito18|Spikes
|
|-heal|p1a: Magnezone|59/100|[from] item: Leftovers
|-damage|p1a: Magnezone|47/100|[from] Leech Seed|[of] p2a: RX PAPi
|-heal|p2a: RX PAPi|16/100|[silent]
|upkeep
|turn|13
|
|t:|1662000615
|move|p2a: RX PAPi|Protect|p2a: RX PAPi
|-singleturn|p2a: RX PAPi|Protect
|move|p1a: Magnezone|Body Press|p2a: RX PAPi
|-activate|p2a: RX PAPi|move: Protect
|
|-heal|p1a: Magnezone|53/100|[from] item: Leftovers
|-damage|p1a: Magnezone|41/100|[from] Leech Seed|[of] p2a: RX PAPi
|-heal|p2a: RX PAPi|28/100|[silent]
|upkeep
|turn|14
|
|t:|1662000619
|move|p2a: RX PAPi|Protect||[still]
|-fail|p2a: RX PAPi
|move|p1a: Magnezone|Body Press|p2a: RX PAPi
|-supereffective|p2a: RX PAPi
|-damage|p2a: RX PAPi|0 fnt
|-damage|p1a: Magnezone|28/100|[from] ability: Iron Barbs|[of] p2a: RX PAPi
|-damage|p1a: Magnezone|12/100|[from] item: Rocky Helmet|[of] p2a: RX PAPi
|faint|p2a: RX PAPi
|
|-heal|p1a: Magnezone|18/100|[from] item: Leftovers
|upkeep
|
|t:|1662000621
|switch|p2a: PURRP FOR SALE|Darmanitan, M|80/100
|turn|15
|
|t:|1662000632
|move|p2a: PURRP FOR SALE|Flare Blitz|p1a: Magnezone
|-supereffective|p1a: Magnezone
|-damage|p1a: Magnezone|0 fnt
|faint|p1a: Magnezone
|-damage|p2a: PURRP FOR SALE|75/100|[from] Recoil
|
|upkeep
|
|t:|1662000638
|switch|p1a: Gastrodon|Gastrodon-East, M|100/100
|-damage|p1a: Gastrodon|76/100|[from] Spikes
|turn|16
|
|t:|1662000646
|switch|p2a: Bernie Landers|Landorus-Therian, M|48/100
|-ability|p2a: Bernie Landers|Intimidate|boost
|-unboost|p1a: Gastrodon|atk|1
|move|p1a: Gastrodon|Earth Power|p2a: Bernie Landers
|-immune|p2a: Bernie Landers
|
|-heal|p1a: Gastrodon|82/100|[from] item: Leftovers
|upkeep
|turn|17
|
|t:|1662000651
|switch|p1a: Tornadus|Tornadus-Therian, M|94/100
|move|p2a: Bernie Landers|Knock Off|p1a: Tornadus
|-damage|p1a: Tornadus|74/100
|
|upkeep
|turn|18
|
|t:|1662000655
|move|p1a: Tornadus|Defog|p2a: Bernie Landers
|-unboost|p2a: Bernie Landers|evasion|1
|-sideend|p1: Markiito18|Spikes|[from] move: Defog|[of] p1a: Tornadus
|move|p2a: Bernie Landers|U-turn|p1a: Tornadus
|-resisted|p1a: Tornadus
|-damage|p1a: Tornadus|63/100
|
|t:|1662000656
|switch|p2a: VODECi|Tapu Koko|100/100|[from]move: U-turn
|-fieldstart|move: Electric Terrain|[from] ability: Electric Surge|[of] p2a: VODECi
|
|upkeep
|turn|19
|
|t:|1662000665
|switch|p1a: Blissey|Blissey, F|100/100
|move|p2a: VODECi|Volt Switch|p1a: Blissey
|-damage|p1a: Blissey|77/100
|
|t:|1662000666
|switch|p2a: PURRP FOR SALE|Darmanitan, M|75/100|[from]move: Volt Switch
|
|upkeep
|turn|20
|inactive|Markiito18 has 120 seconds left.
|
|t:|1662000725
|switch|p1a: Buzzwole|Buzzwole, shiny|100/100
|move|p2a: PURRP FOR SALE|Flare Blitz|p1a: Buzzwole
|-supereffective|p1a: Buzzwole
|-damage|p1a: Buzzwole|0 fnt
|faint|p1a: Buzzwole
|-damage|p2a: PURRP FOR SALE|38/100|[from] Recoil
|
|upkeep
|
|t:|1662000730
|switch|p1a: Gastrodon|Gastrodon-East, M|82/100
|turn|21
|
|t:|1662000735
|switch|p2a: Bernie Landers|Landorus-Therian, M|48/100
|-ability|p2a: Bernie Landers|Intimidate|boost
|-unboost|p1a: Gastrodon|atk|1
|switch|p1a: Tapu Lele|Tapu Lele|100/100
|-fieldstart|move: Psychic Terrain|[from] ability: Psychic Surge|[of] p1a: Tapu Lele
|
|upkeep
|turn|22
|
|t:|1662000740
|switch|p2a: DA LAST REX(3005)|Tyranitar, M|100/100
|-weather|Sandstorm|[from] ability: Sand Stream|[of] p2a: DA LAST REX(3005)
|move|p1a: Tapu Lele|Moonblast|p2a: DA LAST REX(3005)
|-supereffective|p2a: DA LAST REX(3005)
|-damage|p2a: DA LAST REX(3005)|56/100
|-unboost|p2a: DA LAST REX(3005)|spa|1
|
|-weather|Sandstorm|[upkeep]
|-damage|p1a: Tapu Lele|94/100|[from] Sandstorm
|upkeep
|turn|23
|
|t:|1662000750
|switch|p1a: Gastrodon|Gastrodon-East, M|82/100
|move|p2a: DA LAST REX(3005)|Heavy Slam|p1a: Gastrodon
|-resisted|p1a: Gastrodon
|-damage|p1a: Gastrodon|70/100
|
|-weather|Sandstorm|[upkeep]
|-heal|p1a: Gastrodon|76/100|[from] item: Leftovers
|upkeep
|turn|24
|
|t:|1662000756
|switch|p2a: Bernie Landers|Landorus-Therian, M|48/100
|-ability|p2a: Bernie Landers|Intimidate|boost
|-unboost|p1a: Gastrodon|atk|1
|move|p1a: Gastrodon|Scald|p2a: Bernie Landers
|-supereffective|p2a: Bernie Landers
|-damage|p2a: Bernie Landers|0 fnt
|faint|p2a: Bernie Landers
|
|-weather|Sandstorm|[upkeep]
|-heal|p1a: Gastrodon|82/100|[from] item: Leftovers
|upkeep
|
|t:|1662000762
|switch|p2a: VODECi|Tapu Koko|100/100
|-fieldstart|move: Electric Terrain|[from] ability: Electric Surge|[of] p2a: VODECi
|turn|25
|
|t:|1662000771
|move|p2a: VODECi|Dazzling Gleam|p1a: Gastrodon
|-damage|p1a: Gastrodon|30/100
|move|p1a: Gastrodon|Recover|p1a: Gastrodon
|-heal|p1a: Gastrodon|80/100
|
|-weather|Sandstorm|[upkeep]
|-damage|p2a: VODECi|94/100|[from] Sandstorm
|-heal|p1a: Gastrodon|86/100|[from] item: Leftovers
|upkeep
|turn|26
|
|t:|1662000776
|switch|p2a: PURRP FOR SALE|Darmanitan, M|38/100
|move|p1a: Gastrodon|Earth Power|p2a: PURRP FOR SALE
|-supereffective|p2a: PURRP FOR SALE
|-damage|p2a: PURRP FOR SALE|0 fnt
|faint|p2a: PURRP FOR SALE
|
|-weather|none
|-heal|p1a: Gastrodon|92/100|[from] item: Leftovers
|upkeep
|
|t:|1662000779
|switch|p2a: VODECi|Tapu Koko|94/100
|turn|27
|
|t:|1662000786
|switch|p1a: Tornadus|Tornadus-Therian, M|96/100
|move|p2a: VODECi|Dazzling Gleam|p1a: Tornadus
|-damage|p1a: Tornadus|41/100
|
|upkeep
|turn|28
|
|t:|1662000791
|switch|p2a: Fat Charizard|Dragonite, F, shiny|100/100
|switch|p1a: Blissey|Blissey, F|77/100
|
|upkeep
|turn|29
|
|t:|1662000799
|switch|p1a: Gastrodon|Gastrodon-East, M|92/100
|move|p2a: Fat Charizard|Dual Wingbeat|p1a: Gastrodon
|-damage|p1a: Gastrodon|74/100
|-damage|p1a: Gastrodon|55/100
|-hitcount|p1a: Gastrodon|2
|
|-heal|p1a: Gastrodon|61/100|[from] item: Leftovers
|-fieldend|move: Electric Terrain
|upkeep
|turn|30
|
|t:|1662000806
|switch|p2a: VODECi|Tapu Koko|94/100
|-fieldstart|move: Electric Terrain|[from] ability: Electric Surge|[of] p2a: VODECi
|move|p1a: Gastrodon|Recover|p1a: Gastrodon
|-heal|p1a: Gastrodon|100/100
|
|upkeep
|turn|31
|
|t:|1662000813
|switch|p1a: Blissey|Blissey, F|77/100
|move|p2a: VODECi|Dazzling Gleam|p1a: Blissey
|-damage|p1a: Blissey|56/100
|
|upkeep
|turn|32
|
|t:|1662000823
|move|p2a: VODECi|Dazzling Gleam|p1a: Blissey
|-damage|p1a: Blissey|36/100
|move|p1a: Blissey|Soft-Boiled|p1a: Blissey
|-heal|p1a: Blissey|86/100
|
|upkeep
|turn|33
|-message|NeoNaruto®++ forfeited.
|
|win|Markiito18
|raw|Markiito18's rating: 1526 &rarr; <strong>1550</strong><br />(+24 for winning)
|raw|NeoNaruto®++'s rating: 1591 &rarr; <strong>1567</strong><br />(-24 for losing)
|l|☆NeoNaruto®++
