|j|☆Iznamakin
|j|☆Shotintheheart
|t:|1664199532
|gametype|singles
|player|p1|Iznamakin|chase|1865
|player|p2|Shotintheheart|linebacker|1931
|teamsize|p1|6
|teamsize|p2|6
|gen|8
|tier|[Gen 8] OU
|rated|
|rule|Sleep Clause Mod: Limit one foe put to sleep
|rule|Species Clause: Limit one of each Pokémon
|rule|OHKO Clause: OHKO moves are banned
|rule|Evasion Items Clause: Evasion items are banned
|rule|Evasion Moves Clause: Evasion moves are banned
|rule|Endless Battle Clause: Forcing endless battles is banned
|rule|HP Percentage Mod: HP is shown in percentages
|rule|Dynamax Clause: You cannot dynamax
|clearpoke
|poke|p1|Dragapult, M|
|poke|p1|Celesteela|
|poke|p1|Rillaboom, M|
|poke|p1|Bisharp, M|
|poke|p1|Blaziken, M|
|poke|p1|Nihilego|
|poke|p2|Rillaboom, M|
|poke|p2|Zapdos|
|poke|p2|Obstagoon, M|
|poke|p2|Heatran, M|
|poke|p2|Tapu Fini|
|poke|p2|Swampert, M|
|teampreview
|inactive|Battle timer is ON: inactive players will automatically lose when time's up. (requested by Iznamakin)
|
|t:|1664199549
|start
|switch|p1a: Nihilego|Nihilego|100/100
|switch|p2a: Zapdos|Zapdos, shiny|100/100
|turn|1
|
|t:|1664199555
|move|p1a: Nihilego|Stealth Rock|p2a: Zapdos
|-sidestart|p2: Shotintheheart|move: Stealth Rock
|move|p2a: Zapdos|Volt Switch|p1a: Nihilego
|-damage|p1a: Nihilego|80/100
|
|t:|1664199561
|switch|p2a: Heatran|Heatran, M|100/100|[from]move: Volt Switch
|-damage|p2a: Heatran|88/100|[from] Stealth Rock
|
|upkeep
|turn|2
|
|t:|1664199566
|move|p2a: Heatran|Earth Power|p1a: Nihilego
|-supereffective|p1a: Nihilego
|-damage|p1a: Nihilego|0 fnt
|faint|p1a: Nihilego
|
|upkeep
|
|t:|1664199586
|switch|p1a: Guardian Angel|Celesteela, shiny|100/100
|turn|3
|j| Gharless1
|
|t:|1664199592
|switch|p2a: Swampert|Swampert, M|100/100
|-damage|p2a: Swampert|94/100|[from] Stealth Rock
|move|p1a: Guardian Angel|Autotomize|p1a: Guardian Angel
|-boost|p1a: Guardian Angel|spe|2
|-start|p1a: Guardian Angel|Autotomize
|
|-heal|p2a: Swampert|100/100|[from] item: Leftovers
|upkeep
|turn|4
|
|t:|1664199594
|move|p1a: Guardian Angel|Air Slash|p2a: Swampert
|-damage|p2a: Swampert|76/100
|cant|p2a: Swampert|flinch
|
|-heal|p2a: Swampert|82/100|[from] item: Leftovers
|upkeep
|turn|5
|
|t:|1664199607
|move|p1a: Guardian Angel|Air Slash|p2a: Swampert
|-damage|p2a: Swampert|58/100
|cant|p2a: Swampert|flinch
|
|-heal|p2a: Swampert|64/100|[from] item: Leftovers
|upkeep
|turn|6
|j| KappaHalo
|j| Palladiawa A
|l| Gharless1
|
|t:|1664199616
|move|p1a: Guardian Angel|Air Slash|p2a: Swampert
|-damage|p2a: Swampert|37/100
|cant|p2a: Swampert|flinch
|
|-heal|p2a: Swampert|44/100|[from] item: Leftovers
|upkeep
|turn|7
|
|t:|1664199627
|move|p1a: Guardian Angel|Air Slash|p2a: Swampert
|-damage|p2a: Swampert|19/100
|cant|p2a: Swampert|flinch
|
|-heal|p2a: Swampert|26/100|[from] item: Leftovers
|upkeep
|turn|8
|j| DDVDD
|
|t:|1664199635
|move|p1a: Guardian Angel|Air Slash|p2a: Swampert
|-damage|p2a: Swampert|0 fnt
|faint|p2a: Swampert
|-ability|p1a: Guardian Angel|Beast Boost|boost
|-boost|p1a: Guardian Angel|spa|1
|
|upkeep
|l| DDVDD
|inactive|Shotintheheart has 120 seconds left.
|c| Palladiawa A|this is a stupid game
|
|t:|1664199694
|switch|p2a: Tapu Fini|Tapu Fini|100/100
|-damage|p2a: Tapu Fini|88/100|[from] Stealth Rock
|-fieldstart|move: Misty Terrain|[from] ability: Misty Surge|[of] p2a: Tapu Fini
|turn|9
|
|t:|1664199709
|move|p1a: Guardian Angel|Air Slash|p2a: Tapu Fini
|-damage|p2a: Tapu Fini|42/100
|move|p2a: Tapu Fini|Calm Mind|p2a: Tapu Fini
|-boost|p2a: Tapu Fini|spa|1
|-boost|p2a: Tapu Fini|spd|1
|
|-heal|p2a: Tapu Fini|48/100|[from] item: Leftovers
|upkeep
|turn|10
|
|t:|1664199718
|move|p1a: Guardian Angel|Air Slash|p2a: Tapu Fini
|-damage|p2a: Tapu Fini|15/100
|move|p2a: Tapu Fini|Scald|p1a: Guardian Angel
|-damage|p1a: Guardian Angel|61/100
|
|-heal|p2a: Tapu Fini|22/100|[from] item: Leftovers
|upkeep
|turn|11
|
|t:|1664199725
|move|p1a: Guardian Angel|Air Slash|p2a: Tapu Fini
|-damage|p2a: Tapu Fini|0 fnt
|faint|p2a: Tapu Fini
|-ability|p1a: Guardian Angel|Beast Boost|boost
|-boost|p1a: Guardian Angel|spa|1
|
|upkeep
|
|t:|1664199742
|switch|p2a: Rillaboom|Rillaboom, M|100/100
|-damage|p2a: Rillaboom|88/100|[from] Stealth Rock
|-fieldstart|move: Grassy Terrain|[from] ability: Grassy Surge|[of] p2a: Rillaboom
|turn|12
|
|t:|1664199745
|move|p2a: Rillaboom|Grassy Glide|p1a: Guardian Angel
|-resisted|p1a: Guardian Angel
|-damage|p1a: Guardian Angel|42/100
|move|p1a: Guardian Angel|Flamethrower|p2a: Rillaboom
|-supereffective|p2a: Rillaboom
|-damage|p2a: Rillaboom|0 fnt
|faint|p2a: Rillaboom
|-ability|p1a: Guardian Angel|Beast Boost|boost
|-boost|p1a: Guardian Angel|spa|1
|
|upkeep
|
|t:|1664199751
|switch|p2a: Obstagoon|Obstagoon, M|100/100
|-damage|p2a: Obstagoon|88/100|[from] Stealth Rock
|turn|13
|
|t:|1664199753
|move|p2a: Obstagoon|Obstruct|p2a: Obstagoon
|-singleturn|p2a: Obstagoon|Protect
|move|p1a: Guardian Angel|Air Slash|p2a: Obstagoon
|-activate|p2a: Obstagoon|move: Protect
|
|-heal|p2a: Obstagoon|94/100|[from] Grassy Terrain
|-status|p2a: Obstagoon|brn|[from] item: Flame Orb
|upkeep
|turn|14
|inactive|Shotintheheart has 120 seconds left.
|
|t:|1664199761
|move|p1a: Guardian Angel|Air Slash|p2a: Obstagoon
|-damage|p2a: Obstagoon|0 fnt
|faint|p2a: Obstagoon
|-ability|p1a: Guardian Angel|Beast Boost|boost
|-boost|p1a: Guardian Angel|spa|1
|
|upkeep
|inactive|Shotintheheart has 120 seconds left.
|c|☆Shotintheheart|right
|c|☆Shotintheheart|gg
|
|t:|1664199774
|switch|p2a: Heatran|Heatran, M|88/100
|-damage|p2a: Heatran|76/100|[from] Stealth Rock
|turn|15
|
|t:|1664199777
|move|p1a: Guardian Angel|Meteor Beam||[still]
|-prepare|p1a: Guardian Angel|Meteor Beam
|-boost|p1a: Guardian Angel|spa|1
|-enditem|p1a: Guardian Angel|Power Herb
|-anim|p1a: Guardian Angel|Meteor Beam|p2a: Heatran
|-damage|p2a: Heatran|0 fnt
|faint|p2a: Heatran
|-ability|p1a: Guardian Angel|Beast Boost|boost
|-boost|p1a: Guardian Angel|spa|1
|
|upkeep
|-message|Shotintheheart forfeited.
|
|win|Iznamakin
|raw|Iznamakin's rating: 1865 &rarr; <strong>1889</strong><br />(+24 for winning)
|raw|Shotintheheart's rating: 1931 &rarr; <strong>1907</strong><br />(-24 for losing)
|l|☆Shotintheheart
