|j|☆SoopySoop
|j|☆BTLT007 SF'
|inactive|Battle timer is ON: inactive players will automatically lose when time's up.
|t:|1667649564
|gametype|singles
|player|p1|SoopySoop|marlon|
|player|p2|BTLT007 SF'|palmer|
|teamsize|p1|6
|teamsize|p2|6
|gen|8
|tier|[Gen 8] OU
|rated|Tournament battle
|rule|Sleep Clause Mod: Limit one foe put to sleep
|rule|Species Clause: Limit one of each Pokémon
|rule|OHKO Clause: OHKO moves are banned
|rule|Evasion Items Clause: Evasion items are banned
|rule|Evasion Moves Clause: Evasion moves are banned
|rule|Endless Battle Clause: Forcing endless battles is banned
|rule|HP Percentage Mod: HP is shown in percentages
|rule|Dynamax Clause: You cannot dynamax
|clearpoke
|poke|p1|Pelipper, F|
|poke|p1|Zapdos|
|poke|p1|Barraskewda, M|
|poke|p1|Ferrothorn, F|
|poke|p1|Dragapult, F|
|poke|p1|Thundurus-Therian, M|
|poke|p2|Corviknight, M|
|poke|p2|Tornadus-Therian, M|
|poke|p2|Toxapex, F|
|poke|p2|Clefable, F|
|poke|p2|Hippowdon, M|
|poke|p2|Heatran, M|
|teampreview
|inactive|BTLT007 SF' also wants the timer to be on.
|j| ln3a1_danghoangnam
|j| cypherstest
|
|t:|1667649579
|start
|switch|p1a: BarraSooped|Barraskewda, M|100/100
|switch|p2a: Tornadus|Tornadus-Therian, M|100/100
|turn|1
|j| gzm01
|j|@moondazing
|j| GengarAdept
|
|t:|1667649590
|move|p1a: BarraSooped|Flip Turn|p2a: Tornadus
|-damage|p2a: Tornadus|47/100
|-damage|p1a: BarraSooped|84/100|[from] item: Rocky Helmet|[of] p2a: Tornadus
|
|t:|1667649594
|switch|p1a: Thorny|Ferrothorn, F|100/100|[from]move: Flip Turn
|move|p2a: Tornadus|Knock Off|p1a: Thorny
|-damage|p1a: Thorny|88/100
|-damage|p2a: Tornadus|35/100|[from] ability: Iron Barbs|[of] p1a: Thorny
|-enditem|p1a: Thorny|Leftovers|[from] move: Knock Off|[of] p2a: Tornadus
|
|upkeep
|turn|2
|
|t:|1667649599
|switch|p1a: Gulpy|Pelipper, F, shiny|100/100
|-weather|RainDance|[from] ability: Drizzle|[of] p1a: Gulpy
|move|p2a: Tornadus|Heat Wave|p1a: Gulpy
|-resisted|p1a: Gulpy
|-damage|p1a: Gulpy|92/100
|
|-weather|RainDance|[upkeep]
|upkeep
|turn|3
|
|t:|1667649608
|switch|p2a: Hippowdon|Hippowdon, M|100/100
|-weather|Sandstorm|[from] ability: Sand Stream|[of] p2a: Hippowdon
|move|p1a: Gulpy|U-turn|p2a: Hippowdon
|-damage|p2a: Hippowdon|94/100
|
|t:|1667649611
|switch|p1a: BarraSooped|Barraskewda, M|84/100|[from]move: U-turn
|
|-weather|Sandstorm|[upkeep]
|-damage|p1a: BarraSooped|78/100|[from] Sandstorm
|-heal|p2a: Hippowdon|100/100|[from] item: Leftovers
|upkeep
|turn|4
|
|t:|1667649615
|switch|p2a: Toxapex|Toxapex, F|100/100
|move|p1a: BarraSooped|Flip Turn|p2a: Toxapex
|-resisted|p2a: Toxapex
|-damage|p2a: Toxapex|83/100
|
|t:|1667649618
|switch|p1a: Thundyy|Thundurus-Therian, M|100/100|[from]move: Flip Turn
|
|-weather|Sandstorm|[upkeep]
|-damage|p1a: Thundyy|94/100|[from] Sandstorm
|-damage|p2a: Toxapex|76/100|[from] Sandstorm
|upkeep
|turn|5
|
|t:|1667649625
|switch|p2a: Hippowdon|Hippowdon, M|100/100
|move|p1a: Thundyy|Nasty Plot|p1a: Thundyy
|-boost|p1a: Thundyy|spa|2
|
|-weather|Sandstorm|[upkeep]
|-damage|p1a: Thundyy|88/100|[from] Sandstorm
|upkeep
|turn|6
|
|t:|1667649628
|switch|p2a: Clefable|Clefable, F|100/100
|move|p1a: Thundyy|Focus Blast|p2a: Clefable|[miss]
|-miss|p1a: Thundyy|p2a: Clefable
|
|-weather|Sandstorm|[upkeep]
|-damage|p1a: Thundyy|82/100|[from] Sandstorm
|-damage|p2a: Clefable|94/100|[from] Sandstorm
|-heal|p2a: Clefable|100/100|[from] item: Leftovers
|upkeep
|turn|7
|j| Clastia
|
|t:|1667649637
|move|p1a: Thundyy|Weather Ball|p2a: Clefable
|-damage|p2a: Clefable|68/100
|move|p2a: Clefable|Calm Mind|p2a: Clefable
|-boost|p2a: Clefable|spa|1
|-boost|p2a: Clefable|spd|1
|
|-weather|none
|-heal|p2a: Clefable|74/100|[from] item: Leftovers
|upkeep
|turn|8
|
|t:|1667649641
|switch|p1a: Gulpy|Pelipper, F, shiny|92/100
|-weather|RainDance|[from] ability: Drizzle|[of] p1a: Gulpy
|move|p2a: Clefable|Soft-Boiled|p2a: Clefable
|-heal|p2a: Clefable|100/100
|
|-weather|RainDance|[upkeep]
|upkeep
|turn|9
|
|t:|1667649643
|switch|p2a: Hippowdon|Hippowdon, M|100/100
|-weather|Sandstorm|[from] ability: Sand Stream|[of] p2a: Hippowdon
|move|p1a: Gulpy|U-turn|p2a: Hippowdon
|-damage|p2a: Hippowdon|95/100
|
|t:|1667649649
|switch|p1a: Thorny|Ferrothorn, F|88/100|[from]move: U-turn
|
|-weather|Sandstorm|[upkeep]
|-heal|p2a: Hippowdon|100/100|[from] item: Leftovers
|upkeep
|turn|10
|
|t:|1667649653
|switch|p2a: Tornadus|Tornadus-Therian, M|68/100
|move|p1a: Thorny|Spikes|p2a: Tornadus
|-sidestart|p2: BTLT007 SF'|Spikes
|
|-weather|Sandstorm|[upkeep]
|-damage|p2a: Tornadus|62/100|[from] Sandstorm
|upkeep
|turn|11
|
|t:|1667649659
|move|p2a: Tornadus|Defog|p1a: Thorny
|-unboost|p1a: Thorny|evasion|1
|-sideend|p2: BTLT007 SF'|Spikes|[from] move: Defog|[of] p2a: Tornadus
|move|p1a: Thorny|Leech Seed|p2a: Tornadus
|-start|p2a: Tornadus|move: Leech Seed
|
|-weather|Sandstorm|[upkeep]
|-damage|p2a: Tornadus|56/100|[from] Sandstorm
|-damage|p2a: Tornadus|43/100|[from] Leech Seed|[of] p1a: Thorny
|-heal|p1a: Thorny|100/100|[silent]
|upkeep
|turn|12
|
|t:|1667649665
|switch|p2a: Corviknight|Corviknight, M|100/100
|-ability|p2a: Corviknight|Pressure
|switch|p1a: Gulpy|Pelipper, F, shiny|92/100
|-weather|RainDance|[from] ability: Drizzle|[of] p1a: Gulpy
|
|-weather|RainDance|[upkeep]
|upkeep
|turn|13
|
|t:|1667649669
|switch|p2a: Hippowdon|Hippowdon, M|100/100
|-weather|Sandstorm|[from] ability: Sand Stream|[of] p2a: Hippowdon
|move|p1a: Gulpy|Scald|p2a: Hippowdon
|-supereffective|p2a: Hippowdon
|-damage|p2a: Hippowdon|64/100
|-status|p2a: Hippowdon|brn
|
|-weather|Sandstorm|[upkeep]
|-damage|p1a: Gulpy|86/100|[from] Sandstorm
|-heal|p2a: Hippowdon|70/100 brn|[from] item: Leftovers
|-damage|p2a: Hippowdon|64/100 brn|[from] brn
|upkeep
|turn|14
|
|t:|1667649677
|switch|p1a: Thorny|Ferrothorn, F|100/100
|move|p2a: Hippowdon|Slack Off|p2a: Hippowdon
|-heal|p2a: Hippowdon|100/100 brn
|
|-weather|Sandstorm|[upkeep]
|-damage|p2a: Hippowdon|94/100 brn|[from] brn
|upkeep
|turn|15
|j| Buraq
|
|t:|1667649681
|switch|p2a: Tornadus|Tornadus-Therian, M|76/100
|move|p1a: Thorny|Knock Off|p2a: Tornadus
|-damage|p2a: Tornadus|56/100
|-damage|p1a: Thorny|84/100|[from] item: Rocky Helmet|[of] p2a: Tornadus
|-enditem|p2a: Tornadus|Rocky Helmet|[from] move: Knock Off|[of] p1a: Thorny
|
|-weather|Sandstorm|[upkeep]
|-damage|p2a: Tornadus|50/100|[from] Sandstorm
|upkeep
|turn|16
|l| Buraq
|
|t:|1667649689
|switch|p1a: Thundyy|Thundurus-Therian, M|82/100
|move|p2a: Tornadus|Heat Wave|p1a: Thundyy
|-damage|p1a: Thundyy|48/100
|
|-weather|Sandstorm|[upkeep]
|-damage|p2a: Tornadus|44/100|[from] Sandstorm
|-damage|p1a: Thundyy|42/100|[from] Sandstorm
|upkeep
|turn|17
|
|t:|1667649700
|switch|p2a: Hippowdon|Hippowdon, M|94/100 brn
|switch|p1a: Gulpy|Pelipper, F, shiny|86/100
|-weather|RainDance|[from] ability: Drizzle|[of] p1a: Gulpy
|
|-weather|RainDance|[upkeep]
|-heal|p2a: Hippowdon|100/100 brn|[from] item: Leftovers
|-damage|p2a: Hippowdon|94/100 brn|[from] brn
|upkeep
|turn|18
|
|t:|1667649709
|move|p1a: Gulpy|U-turn|p2a: Hippowdon
|-damage|p2a: Hippowdon|89/100 brn
|
|t:|1667649711
|switch|p1a: Thorny|Ferrothorn, F|84/100|[from]move: U-turn
|move|p2a: Hippowdon|Toxic|p1a: Thorny
|-immune|p1a: Thorny
|
|-weather|RainDance|[upkeep]
|-heal|p2a: Hippowdon|95/100 brn|[from] item: Leftovers
|-damage|p2a: Hippowdon|89/100 brn|[from] brn
|upkeep
|turn|19
|
|t:|1667649719
|switch|p2a: Tornadus|Tornadus-Therian, M|77/100
|switch|p1a: BarraSooped|Barraskewda, M|78/100
|
|-weather|RainDance|[upkeep]
|upkeep
|turn|20
|
|t:|1667649723
|switch|p2a: Toxapex|Toxapex, F|100/100
|move|p1a: BarraSooped|Flip Turn|p2a: Toxapex
|-resisted|p2a: Toxapex
|-crit|p2a: Toxapex
|-damage|p2a: Toxapex|57/100
|
|t:|1667649725
|switch|p1a: Thundyy|Thundurus-Therian, M|42/100|[from]move: Flip Turn
|
|-weather|RainDance|[upkeep]
|upkeep
|turn|21
|
|t:|1667649729
|switch|p2a: Hippowdon|Hippowdon, M|89/100 brn
|-weather|Sandstorm|[from] ability: Sand Stream|[of] p2a: Hippowdon
|move|p1a: Thundyy|Thunder|p2a: Hippowdon
|-immune|p2a: Hippowdon
|
|-weather|Sandstorm|[upkeep]
|-damage|p1a: Thundyy|36/100|[from] Sandstorm
|-heal|p2a: Hippowdon|95/100 brn|[from] item: Leftovers
|-damage|p2a: Hippowdon|89/100 brn|[from] brn
|upkeep
|turn|22
|l| ln3a1_danghoangnam
|j| Azure_Cry$ta1
|
|t:|1667649734
|switch|p1a: Thorny|Ferrothorn, F|84/100
|move|p2a: Hippowdon|Toxic|p1a: Thorny|[miss]
|-miss|p2a: Hippowdon|p1a: Thorny
|
|-weather|Sandstorm|[upkeep]
|-heal|p2a: Hippowdon|95/100 brn|[from] item: Leftovers
|-damage|p2a: Hippowdon|89/100 brn|[from] brn
|upkeep
|turn|23
|
|t:|1667649739
|switch|p2a: Tornadus|Tornadus-Therian, M|100/100
|move|p1a: Thorny|Spikes|p2a: Tornadus
|-sidestart|p2: BTLT007 SF'|Spikes
|
|-weather|Sandstorm|[upkeep]
|-damage|p2a: Tornadus|94/100|[from] Sandstorm
|upkeep
|turn|24
|
|t:|1667649742
|switch|p1a: Gulpy|Pelipper, F, shiny|86/100
|-weather|RainDance|[from] ability: Drizzle|[of] p1a: Gulpy
|move|p2a: Tornadus|Defog|p1a: Gulpy
|-unboost|p1a: Gulpy|evasion|1
|-sideend|p2: BTLT007 SF'|Spikes|[from] move: Defog|[of] p2a: Tornadus
|
|-weather|RainDance|[upkeep]
|upkeep
|turn|25
|
|t:|1667649745
|switch|p1a: Thorny|Ferrothorn, F|84/100
|move|p2a: Tornadus|Toxic|p1a: Thorny
|-immune|p1a: Thorny
|
|-weather|RainDance|[upkeep]
|upkeep
|turn|26
|
|t:|1667649749
|switch|p1a: Draggy|Dragapult, F, shiny|100/100
|move|p2a: Tornadus|Heat Wave|p1a: Draggy
|-resisted|p1a: Draggy
|-damage|p1a: Draggy|93/100
|
|-weather|RainDance|[upkeep]
|upkeep
|turn|27
|
|t:|1667649753
|switch|p2a: Toxapex|Toxapex, F|91/100
|move|p1a: Draggy|Shadow Ball|p2a: Toxapex
|-damage|p2a: Toxapex|53/100
|
|-weather|RainDance|[upkeep]
|upkeep
|turn|28
|
|t:|1667649758
|move|p1a: Draggy|Shadow Ball|p2a: Toxapex
|-damage|p2a: Toxapex|18/100
|move|p2a: Toxapex|Toxic|p1a: Draggy
|-status|p1a: Draggy|tox
|
|-weather|RainDance|[upkeep]
|-damage|p1a: Draggy|87/100 tox|[from] psn
|upkeep
|turn|29
|
|t:|1667649761
|switch|p2a: Heatran|Heatran, M|100/100
|-item|p2a: Heatran|Air Balloon
|move|p1a: Draggy|Shadow Ball|p2a: Heatran
|-damage|p2a: Heatran|68/100
|-enditem|p2a: Heatran|Air Balloon
|
|-weather|RainDance|[upkeep]
|-damage|p1a: Draggy|75/100 tox|[from] psn
|upkeep
|turn|30
|
|t:|1667649768
|switch|p1a: BarraSooped|Barraskewda, M|78/100
|move|p2a: Heatran|Earth Power|p1a: BarraSooped
|-damage|p1a: BarraSooped|17/100
|
|-weather|RainDance|[upkeep]
|upkeep
|turn|31
|
|t:|1667649785
|switch|p2a: Toxapex|Toxapex, F|51/100
|move|p1a: BarraSooped|Liquidation|p2a: Toxapex
|-resisted|p2a: Toxapex
|-damage|p2a: Toxapex|15/100
|-unboost|p2a: Toxapex|def|1
|
|-weather|none
|upkeep
|turn|32
|
|t:|1667649790
|switch|p2a: Corviknight|Corviknight, M|100/100
|-ability|p2a: Corviknight|Pressure
|move|p1a: BarraSooped|Liquidation|p2a: Corviknight
|-damage|p2a: Corviknight|59/100
|
|-heal|p2a: Corviknight|65/100|[from] item: Leftovers
|upkeep
|turn|33
|
|t:|1667649796
|switch|p1a: Gulpy|Pelipper, F, shiny|86/100
|-weather|RainDance|[from] ability: Drizzle|[of] p1a: Gulpy
|move|p2a: Corviknight|U-turn|p1a: Gulpy
|-resisted|p1a: Gulpy
|-damage|p1a: Gulpy|81/100
|
|t:|1667649798
|switch|p2a: Toxapex|Toxapex, F|48/100|[from]move: U-turn
|
|-weather|RainDance|[upkeep]
|upkeep
|turn|34
|
|t:|1667649802
|move|p1a: Gulpy|U-turn|p2a: Toxapex
|-resisted|p2a: Toxapex
|-damage|p2a: Toxapex|45/100
|
|t:|1667649804
|switch|p1a: Thundyy|Thundurus-Therian, M|36/100|[from]move: U-turn
|move|p2a: Toxapex|Recover|p2a: Toxapex
|-heal|p2a: Toxapex|95/100
|
|-weather|RainDance|[upkeep]
|upkeep
|turn|35
|
|t:|1667649807
|switch|p2a: Hippowdon|Hippowdon, M|89/100 brn
|-weather|Sandstorm|[from] ability: Sand Stream|[of] p2a: Hippowdon
|move|p1a: Thundyy|Nasty Plot|p1a: Thundyy
|-boost|p1a: Thundyy|spa|2
|
|-weather|Sandstorm|[upkeep]
|-damage|p1a: Thundyy|30/100|[from] Sandstorm
|-heal|p2a: Hippowdon|95/100 brn|[from] item: Leftovers
|-damage|p2a: Hippowdon|89/100 brn|[from] brn
|upkeep
|turn|36
|
|t:|1667649813
|switch|p2a: Clefable|Clefable, F|100/100
|move|p1a: Thundyy|Thunder|p2a: Clefable
|-damage|p2a: Clefable|39/100
|-status|p2a: Clefable|par
|
|-weather|Sandstorm|[upkeep]
|-damage|p1a: Thundyy|24/100|[from] Sandstorm
|-damage|p2a: Clefable|33/100 par|[from] Sandstorm
|-heal|p2a: Clefable|39/100 par|[from] item: Leftovers
|upkeep
|turn|37
|
|t:|1667649822
|move|p1a: Thundyy|Weather Ball|p2a: Clefable
|-damage|p2a: Clefable|3/100 par
|cant|p2a: Clefable|par
|
|-weather|Sandstorm|[upkeep]
|-damage|p1a: Thundyy|18/100|[from] Sandstorm
|-damage|p2a: Clefable|0 fnt|[from] Sandstorm
|faint|p2a: Clefable
|upkeep
|
|t:|1667649828
|switch|p2a: Tornadus|Tornadus-Therian, M|100/100
|turn|38
|j| justvented
|
|t:|1667649835
|move|p2a: Tornadus|Knock Off|p1a: Thundyy
|-damage|p1a: Thundyy|0 fnt
|-enditem|p1a: Thundyy|Heavy-Duty Boots|[from] move: Knock Off|[of] p2a: Tornadus
|faint|p1a: Thundyy
|
|-weather|Sandstorm|[upkeep]
|-damage|p2a: Tornadus|94/100|[from] Sandstorm
|upkeep
|
|t:|1667649845
|switch|p1a: Gulpy|Pelipper, F, shiny|81/100
|-weather|RainDance|[from] ability: Drizzle|[of] p1a: Gulpy
|turn|39
|l| justvented
|
|t:|1667649857
|move|p2a: Tornadus|Toxic|p1a: Gulpy
|-status|p1a: Gulpy|tox
|move|p1a: Gulpy|U-turn|p2a: Tornadus
|-resisted|p2a: Tornadus
|-damage|p2a: Tornadus|90/100
|
|t:|1667649864
|switch|p1a: BarraSooped|Barraskewda, M|17/100|[from]move: U-turn
|
|-weather|RainDance|[upkeep]
|upkeep
|turn|40
|
|t:|1667649866
|switch|p2a: Toxapex|Toxapex, F|100/100
|move|p1a: BarraSooped|Flip Turn|p2a: Toxapex
|-resisted|p2a: Toxapex
|-damage|p2a: Toxapex|72/100
|
|t:|1667649869
|switch|p1a: Thundy|Zapdos|100/100|[from]move: Flip Turn
|
|-weather|RainDance|[upkeep]
|upkeep
|turn|41
|
|t:|1667649877
|switch|p1a: Gulpy|Pelipper, F, shiny|81/100 tox
|move|p2a: Toxapex|Light Screen|p2a: Toxapex
|-sidestart|p2: BTLT007 SF'|move: Light Screen
|
|-weather|RainDance|[upkeep]
|-damage|p1a: Gulpy|74/100 tox|[from] psn
|upkeep
|turn|42
|
|t:|1667649884
|switch|p2a: Hippowdon|Hippowdon, M|89/100 brn
|-weather|Sandstorm|[from] ability: Sand Stream|[of] p2a: Hippowdon
|move|p1a: Gulpy|U-turn|p2a: Hippowdon
|-damage|p2a: Hippowdon|83/100 brn
|l| Azure_Cry$ta1
|
|t:|1667649886
|switch|p1a: Thorny|Ferrothorn, F|84/100|[from]move: U-turn
|
|-weather|Sandstorm|[upkeep]
|-heal|p2a: Hippowdon|89/100 brn|[from] item: Leftovers
|-damage|p2a: Hippowdon|83/100 brn|[from] brn
|upkeep
|turn|43
|
|t:|1667649899
|switch|p2a: Heatran|Heatran, M|68/100
|move|p1a: Thorny|Leech Seed|p2a: Heatran
|-start|p2a: Heatran|move: Leech Seed
|
|-weather|Sandstorm|[upkeep]
|-damage|p2a: Heatran|56/100|[from] Leech Seed|[of] p1a: Thorny
|-heal|p1a: Thorny|98/100|[silent]
|upkeep
|turn|44
|
|t:|1667649902
|switch|p1a: Gulpy|Pelipper, F, shiny|74/100 tox
|-weather|RainDance|[from] ability: Drizzle|[of] p1a: Gulpy
|move|p2a: Heatran|Magma Storm|p1a: Gulpy
|-resisted|p1a: Gulpy
|-damage|p1a: Gulpy|59/100 tox
|-activate|p1a: Gulpy|move: Magma Storm|[of] p2a: Heatran
|
|-weather|RainDance|[upkeep]
|-damage|p2a: Heatran|44/100|[from] Leech Seed|[of] p1a: Gulpy
|-heal|p1a: Gulpy|74/100 tox|[silent]
|-damage|p1a: Gulpy|68/100 tox|[from] psn
|-damage|p1a: Gulpy|55/100 tox|[from] move: Magma Storm|[partiallytrapped]
|upkeep
|turn|45
|
|t:|1667649911
|switch|p2a: Hippowdon|Hippowdon, M|83/100 brn
|-weather|Sandstorm|[from] ability: Sand Stream|[of] p2a: Hippowdon
|move|p1a: Gulpy|U-turn|p2a: Hippowdon
|-damage|p2a: Hippowdon|76/100 brn
|j| wzt123
|
|t:|1667649914
|switch|p1a: BarraSooped|Barraskewda, M|17/100|[from]move: U-turn
|
|-weather|Sandstorm|[upkeep]
|-damage|p1a: BarraSooped|11/100|[from] Sandstorm
|-heal|p2a: Hippowdon|83/100 brn|[from] item: Leftovers
|-damage|p2a: Hippowdon|76/100 brn|[from] brn
|-sideend|p2: BTLT007 SF'|move: Light Screen
|upkeep
|turn|46
|
|t:|1667649918
|switch|p2a: Toxapex|Toxapex, F|100/100
|move|p1a: BarraSooped|Flip Turn|p2a: Toxapex
|-resisted|p2a: Toxapex
|-damage|p2a: Toxapex|83/100
|
|t:|1667649923
|switch|p1a: Thundy|Zapdos|100/100|[from]move: Flip Turn
|
|-weather|Sandstorm|[upkeep]
|-damage|p1a: Thundy|94/100|[from] Sandstorm
|-damage|p2a: Toxapex|77/100|[from] Sandstorm
|upkeep
|turn|47
|j| g2 fyssure
|
|t:|1667649933
|switch|p2a: Heatran|Heatran, M|44/100
|move|p1a: Thundy|Discharge|p2a: Heatran
|-damage|p2a: Heatran|22/100
|
|-weather|Sandstorm|[upkeep]
|-damage|p1a: Thundy|88/100|[from] Sandstorm
|upkeep
|turn|48
|c| g2 fyssure|wheres beedrilll
|j| Aftx
|
|t:|1667649953
|move|p1a: Thundy|Discharge|p2a: Heatran
|-damage|p2a: Heatran|2/100
|-status|p2a: Heatran|par
|move|p2a: Heatran|Rest|p2a: Heatran
|-status|p2a: Heatran|slp|[from] move: Rest
|-heal|p2a: Heatran|100/100 slp|[silent]
|
|-weather|Sandstorm|[upkeep]
|-damage|p1a: Thundy|82/100|[from] Sandstorm
|upkeep
|turn|49
|
|t:|1667649959
|switch|p1a: Gulpy|Pelipper, F, shiny|55/100 tox
|-weather|RainDance|[from] ability: Drizzle|[of] p1a: Gulpy
|cant|p2a: Heatran|slp
|
|-weather|RainDance|[upkeep]
|-damage|p1a: Gulpy|49/100 tox|[from] psn
|upkeep
|turn|50
|
|t:|1667649963
|switch|p2a: Toxapex|Toxapex, F|100/100
|move|p1a: Gulpy|U-turn|p2a: Toxapex
|-resisted|p2a: Toxapex
|-damage|p2a: Toxapex|98/100
|
|t:|1667649965
|switch|p1a: Thorny|Ferrothorn, F|98/100|[from]move: U-turn
|
|-weather|RainDance|[upkeep]
|upkeep
|turn|51
|
|t:|1667649969
|switch|p2a: Tornadus|Tornadus-Therian, M|100/100
|move|p1a: Thorny|Spikes|p2a: Tornadus
|-sidestart|p2: BTLT007 SF'|Spikes
|
|-weather|RainDance|[upkeep]
|upkeep
|turn|52
|
|t:|1667649973
|switch|p1a: BarraSooped|Barraskewda, M|11/100
|move|p2a: Tornadus|Defog|p1a: BarraSooped
|-unboost|p1a: BarraSooped|evasion|1
|-sideend|p2: BTLT007 SF'|Spikes|[from] move: Defog|[of] p2a: Tornadus
|
|-weather|RainDance|[upkeep]
|upkeep
|turn|53
|
|t:|1667649976
|switch|p2a: Toxapex|Toxapex, F|100/100
|move|p1a: BarraSooped|Liquidation|p2a: Toxapex
|-resisted|p2a: Toxapex
|-damage|p2a: Toxapex|64/100
|
|-weather|RainDance|[upkeep]
|upkeep
|turn|54
|
|t:|1667649980
|switch|p1a: Draggy|Dragapult, F, shiny|75/100 tox
|move|p2a: Toxapex|Scald|p1a: Draggy
|-resisted|p1a: Draggy
|-damage|p1a: Draggy|59/100 tox
|
|-weather|RainDance|[upkeep]
|-damage|p1a: Draggy|53/100 tox|[from] psn
|upkeep
|turn|55
|
|t:|1667649984
|switch|p2a: Heatran|Heatran, M|100/100 slp
|move|p1a: Draggy|Shadow Ball|p2a: Heatran
|-damage|p2a: Heatran|68/100 slp
|
|-weather|RainDance|[upkeep]
|-damage|p1a: Draggy|41/100 tox|[from] psn
|upkeep
|turn|56
|
|t:|1667649988
|switch|p1a: BarraSooped|Barraskewda, M|11/100
|switch|p2a: Toxapex|Toxapex, F|97/100
|
|-weather|none
|upkeep
|turn|57
|
|t:|1667649993
|switch|p1a: Thorny|Ferrothorn, F|98/100
|move|p2a: Toxapex|Scald|p1a: Thorny
|-resisted|p1a: Thorny
|-damage|p1a: Thorny|91/100
|
|upkeep
|turn|58
|
|t:|1667649997
|switch|p2a: Tornadus|Tornadus-Therian, M|100/100
|move|p1a: Thorny|Leech Seed|p2a: Tornadus
|-start|p2a: Tornadus|move: Leech Seed
|
|-damage|p2a: Tornadus|88/100|[from] Leech Seed|[of] p1a: Thorny
|-heal|p1a: Thorny|100/100|[silent]
|upkeep
|turn|59
|
|t:|1667650008
|move|p2a: Tornadus|Heat Wave|p1a: Thorny
|-supereffective|p1a: Thorny
|-damage|p1a: Thorny|20/100
|move|p1a: Thorny|Spikes|p2a: Tornadus
|-sidestart|p2: BTLT007 SF'|Spikes
|
|-damage|p2a: Tornadus|76/100|[from] Leech Seed|[of] p1a: Thorny
|-heal|p1a: Thorny|33/100|[silent]
|upkeep
|turn|60
|
|t:|1667650012
|switch|p2a: Corviknight|Corviknight, M|65/100
|-ability|p2a: Corviknight|Pressure
|switch|p1a: Gulpy|Pelipper, F, shiny|49/100 tox
|-weather|RainDance|[from] ability: Drizzle|[of] p1a: Gulpy
|
|-weather|RainDance|[upkeep]
|-heal|p2a: Corviknight|72/100|[from] item: Leftovers
|-damage|p1a: Gulpy|43/100 tox|[from] psn
|upkeep
|turn|61
|
|t:|1667650015
|move|p2a: Corviknight|Defog|p1a: Gulpy
|-unboost|p1a: Gulpy|evasion|1
|-sideend|p2: BTLT007 SF'|Spikes|[from] move: Defog|[of] p2a: Corviknight
|move|p1a: Gulpy|Scald|p2a: Corviknight
|-damage|p2a: Corviknight|38/100
|
|-weather|RainDance|[upkeep]
|-heal|p2a: Corviknight|44/100|[from] item: Leftovers
|-damage|p1a: Gulpy|31/100 tox|[from] psn
|upkeep
|turn|62
|
|t:|1667650020
|move|p2a: Corviknight|Roost|p2a: Corviknight
|-heal|p2a: Corviknight|94/100
|-singleturn|p2a: Corviknight|move: Roost
|move|p1a: Gulpy|U-turn|p2a: Corviknight
|-resisted|p2a: Corviknight
|-damage|p2a: Corviknight|91/100
|
|t:|1667650022
|switch|p1a: BarraSooped|Barraskewda, M|11/100|[from]move: U-turn
|
|-weather|RainDance|[upkeep]
|-heal|p2a: Corviknight|97/100|[from] item: Leftovers
|upkeep
|turn|63
|
|t:|1667650034
|switch|p2a: Toxapex|Toxapex, F|100/100
|move|p1a: BarraSooped|Flip Turn|p2a: Toxapex
|-resisted|p2a: Toxapex
|-damage|p2a: Toxapex|74/100
|
|t:|1667650040
|switch|p1a: Draggy|Dragapult, F, shiny|41/100 tox|[from]move: Flip Turn
|
|-weather|RainDance|[upkeep]
|-damage|p1a: Draggy|35/100 tox|[from] psn
|upkeep
|turn|64
|
|t:|1667650047
|move|p1a: Draggy|Draco Meteor|p2a: Toxapex
|-damage|p2a: Toxapex|21/100
|-unboost|p1a: Draggy|spa|2
|move|p2a: Toxapex|Recover|p2a: Toxapex
|-heal|p2a: Toxapex|71/100
|
|-weather|RainDance|[upkeep]
|-damage|p1a: Draggy|23/100 tox|[from] psn
|upkeep
|turn|65
|
|t:|1667650050
|move|p1a: Draggy|Draco Meteor|p2a: Toxapex
|-damage|p2a: Toxapex|42/100
|-unboost|p1a: Draggy|spa|2
|move|p2a: Toxapex|Scald|p1a: Draggy
|-resisted|p1a: Draggy
|-damage|p1a: Draggy|6/100 tox
|
|-weather|RainDance|[upkeep]
|-damage|p1a: Draggy|0 fnt|[from] psn
|faint|p1a: Draggy
|upkeep
|j| BTLT007 Prodigy
|c|☆SoopySoop|gg lpol
|
|t:|1667650056
|switch|p1a: Thundy|Zapdos|82/100
|turn|66
|
|t:|1667650059
|switch|p2a: Heatran|Heatran, M|68/100 slp
|move|p1a: Thundy|Hurricane|p2a: Heatran
|-resisted|p2a: Heatran
|-damage|p2a: Heatran|55/100 slp
|
|-weather|RainDance|[upkeep]
|upkeep
|turn|67
|
|t:|1667650063
|switch|p1a: BarraSooped|Barraskewda, M|11/100
|cant|p2a: Heatran|slp
|
|-weather|none
|upkeep
|turn|68
|
|t:|1667650066
|switch|p2a: Toxapex|Toxapex, F|75/100
|move|p1a: BarraSooped|Flip Turn|p2a: Toxapex
|-resisted|p2a: Toxapex
|-damage|p2a: Toxapex|56/100
|
|t:|1667650068
|switch|p1a: Thorny|Ferrothorn, F|33/100|[from]move: Flip Turn
|
|upkeep
|turn|69
|
|t:|1667650071
|switch|p2a: Tornadus|Tornadus-Therian, M|100/100
|move|p1a: Thorny|Leech Seed|p2a: Tornadus
|-start|p2a: Tornadus|move: Leech Seed
|
|-damage|p2a: Tornadus|88/100|[from] Leech Seed|[of] p1a: Thorny
|-heal|p1a: Thorny|45/100|[silent]
|upkeep
|turn|70
|
|t:|1667650077
|switch|p1a: Gulpy|Pelipper, F, shiny|31/100 tox
|-weather|RainDance|[from] ability: Drizzle|[of] p1a: Gulpy
|move|p2a: Tornadus|Heat Wave|p1a: Gulpy
|-resisted|p1a: Gulpy
|-damage|p1a: Gulpy|23/100 tox
|
|-weather|RainDance|[upkeep]
|-damage|p2a: Tornadus|76/100|[from] Leech Seed|[of] p1a: Gulpy
|-heal|p1a: Gulpy|37/100 tox|[silent]
|-damage|p1a: Gulpy|31/100 tox|[from] psn
|upkeep
|turn|71
|
|t:|1667650082
|switch|p2a: Toxapex|Toxapex, F|89/100
|move|p1a: Gulpy|Roost|p1a: Gulpy
|-heal|p1a: Gulpy|81/100 tox
|-singleturn|p1a: Gulpy|move: Roost
|
|-weather|RainDance|[upkeep]
|-damage|p1a: Gulpy|69/100 tox|[from] psn
|upkeep
|turn|72
|
|t:|1667650085
|move|p1a: Gulpy|U-turn|p2a: Toxapex
|-resisted|p2a: Toxapex
|-damage|p2a: Toxapex|86/100
|
|t:|1667650087
|switch|p1a: Thorny|Ferrothorn, F|45/100|[from]move: U-turn
|move|p2a: Toxapex|Scald|p1a: Thorny
|-resisted|p1a: Thorny
|-damage|p1a: Thorny|34/100
|
|-weather|RainDance|[upkeep]
|upkeep
|turn|73
|
|t:|1667650090
|move|p2a: Toxapex|Scald|p1a: Thorny
|-resisted|p1a: Thorny
|-damage|p1a: Thorny|24/100
|move|p1a: Thorny|Leech Seed|p2a: Toxapex
|-start|p2a: Toxapex|move: Leech Seed
|
|-weather|RainDance|[upkeep]
|-damage|p2a: Toxapex|73/100|[from] Leech Seed|[of] p1a: Thorny
|-heal|p1a: Thorny|35/100|[silent]
|upkeep
|turn|74
|
|t:|1667650094
|switch|p2a: Corviknight|Corviknight, M|97/100
|-ability|p2a: Corviknight|Pressure
|move|p1a: Thorny|Knock Off|p2a: Corviknight
|-damage|p2a: Corviknight|85/100
|-enditem|p2a: Corviknight|Leftovers|[from] move: Knock Off|[of] p1a: Thorny
|
|-weather|RainDance|[upkeep]
|upkeep
|turn|75
|
|t:|1667650098
|switch|p1a: Thundy|Zapdos|82/100
|move|p2a: Corviknight|Body Press|p1a: Thundy
|-resisted|p1a: Thundy
|-damage|p1a: Thundy|73/100
|
|-weather|RainDance|[upkeep]
|upkeep
|turn|76
|
|t:|1667650100
|switch|p1a: Thorny|Ferrothorn, F|35/100
|switch|p2a: Heatran|Heatran, M|55/100 slp
|
|-weather|RainDance|[upkeep]
|upkeep
|turn|77
|
|t:|1667650103
|-curestatus|p2a: Heatran|slp|[msg]
|move|p2a: Heatran|Magma Storm|p1a: Thorny
|-supereffective|p1a: Thorny
|-damage|p1a: Thorny|0 fnt
|faint|p1a: Thorny
|
|-weather|none
|upkeep
|l| BTLT007 Prodigy
|c|☆SoopySoop|1 turm ffs
|
|t:|1667650117
|switch|p1a: Gulpy|Pelipper, F, shiny|69/100 tox
|-weather|RainDance|[from] ability: Drizzle|[of] p1a: Gulpy
|turn|78
|
|t:|1667650122
|move|p2a: Heatran|Magma Storm|p1a: Gulpy|[miss]
|-miss|p2a: Heatran|p1a: Gulpy
|move|p1a: Gulpy|Scald|p2a: Heatran
|-supereffective|p2a: Heatran
|-damage|p2a: Heatran|1/100
|
|-weather|RainDance|[upkeep]
|-damage|p1a: Gulpy|62/100 tox|[from] psn
|upkeep
|turn|79
|
|t:|1667650127
|move|p2a: Heatran|Rest|p2a: Heatran
|-status|p2a: Heatran|slp|[from] move: Rest
|-heal|p2a: Heatran|100/100 slp|[silent]
|move|p1a: Gulpy|U-turn|p2a: Heatran
|-resisted|p2a: Heatran
|-damage|p2a: Heatran|99/100 slp
|
|t:|1667650129
|switch|p1a: BarraSooped|Barraskewda, M|11/100|[from]move: U-turn
|
|-weather|RainDance|[upkeep]
|upkeep
|turn|80
|
|t:|1667650135
|switch|p2a: Toxapex|Toxapex, F|100/100
|move|p1a: BarraSooped|Close Combat|p2a: Toxapex
|-resisted|p2a: Toxapex
|-damage|p2a: Toxapex|78/100
|-unboost|p1a: BarraSooped|def|1
|-unboost|p1a: BarraSooped|spd|1
|
|-weather|RainDance|[upkeep]
|upkeep
|turn|81
|
|t:|1667650139
|switch|p1a: Gulpy|Pelipper, F, shiny|62/100 tox
|move|p2a: Toxapex|Light Screen|p2a: Toxapex
|-sidestart|p2: BTLT007 SF'|move: Light Screen
|
|-weather|RainDance|[upkeep]
|-damage|p1a: Gulpy|56/100 tox|[from] psn
|upkeep
|turn|82
|
|t:|1667650142
|switch|p2a: Heatran|Heatran, M|99/100 slp
|move|p1a: Gulpy|U-turn|p2a: Heatran
|-resisted|p2a: Heatran
|-damage|p2a: Heatran|97/100 slp
|
|t:|1667650146
|switch|p1a: BarraSooped|Barraskewda, M|11/100|[from]move: U-turn
|
|-weather|RainDance|[upkeep]
|upkeep
|turn|83
|
|t:|1667650147
|switch|p2a: Toxapex|Toxapex, F|100/100
|move|p1a: BarraSooped|Liquidation|p2a: Toxapex
|-resisted|p2a: Toxapex
|-damage|p2a: Toxapex|58/100
|
|-weather|RainDance|[upkeep]
|upkeep
|turn|84
|
|t:|1667650151
|move|p1a: BarraSooped|Liquidation|p2a: Toxapex
|-resisted|p2a: Toxapex
|-damage|p2a: Toxapex|23/100
|move|p2a: Toxapex|Scald|p1a: BarraSooped
|-resisted|p1a: BarraSooped
|-crit|p1a: BarraSooped
|-damage|p1a: BarraSooped|0 fnt
|faint|p1a: BarraSooped
|
|-weather|RainDance|[upkeep]
|upkeep
|l|@moondazing
|
|t:|1667650155
|switch|p1a: Thundy|Zapdos|73/100
|turn|85
|
|t:|1667650158
|switch|p2a: Heatran|Heatran, M|97/100 slp
|move|p1a: Thundy|Discharge|p2a: Heatran
|-damage|p2a: Heatran|88/100 slp
|
|-weather|none
|-sideend|p2: BTLT007 SF'|move: Light Screen
|upkeep
|turn|86
|
|t:|1667650161
|switch|p1a: Gulpy|Pelipper, F, shiny|56/100 tox
|-weather|RainDance|[from] ability: Drizzle|[of] p1a: Gulpy
|cant|p2a: Heatran|slp
|
|-weather|RainDance|[upkeep]
|-damage|p1a: Gulpy|50/100 tox|[from] psn
|upkeep
|turn|87
|
|t:|1667650163
|cant|p2a: Heatran|slp
|move|p1a: Gulpy|Scald|p2a: Heatran
|-supereffective|p2a: Heatran
|-damage|p2a: Heatran|37/100 slp
|
|-weather|RainDance|[upkeep]
|-damage|p1a: Gulpy|38/100 tox|[from] psn
|upkeep
|turn|88
|c|☆SoopySoop|gg
|
|t:|1667650169
|-curestatus|p2a: Heatran|slp|[msg]
|move|p2a: Heatran|Rest|p2a: Heatran
|-status|p2a: Heatran|slp|[from] move: Rest
|-heal|p2a: Heatran|100/100 slp|[silent]
|move|p1a: Gulpy|Scald|p2a: Heatran
|-supereffective|p2a: Heatran
|-damage|p2a: Heatran|55/100 slp
|
|-weather|RainDance|[upkeep]
|-damage|p1a: Gulpy|19/100 tox|[from] psn
|upkeep
|turn|89
|l| g2 fyssure
|
|t:|1667650175
|cant|p2a: Heatran|slp
|move|p1a: Gulpy|Scald|p2a: Heatran
|-supereffective|p2a: Heatran
|-damage|p2a: Heatran|10/100 slp
|
|-weather|RainDance|[upkeep]
|-damage|p1a: Gulpy|0 fnt|[from] psn
|faint|p1a: Gulpy
|upkeep
|
|t:|1667650180
|switch|p1a: Thundy|Zapdos|73/100
|turn|90
|
|t:|1667650183
|move|p1a: Thundy|Hurricane|p2a: Heatran
|-resisted|p2a: Heatran
|-damage|p2a: Heatran|0 fnt
|faint|p2a: Heatran
|
|-weather|RainDance|[upkeep]
|upkeep
|
|t:|1667650186
|switch|p2a: Tornadus|Tornadus-Therian, M|100/100
|turn|91
|
|t:|1667650189
|move|p2a: Tornadus|Toxic|p1a: Thundy
|-status|p1a: Thundy|tox
|move|p1a: Thundy|Discharge|p2a: Tornadus
|-supereffective|p2a: Tornadus
|-damage|p2a: Tornadus|31/100
|
|-weather|RainDance|[upkeep]
|-damage|p1a: Thundy|67/100 tox|[from] psn
|upkeep
|turn|92
|
|t:|1667650193
|move|p2a: Tornadus|Knock Off|p1a: Thundy
|-damage|p1a: Thundy|51/100 tox
|-enditem|p1a: Thundy|Heavy-Duty Boots|[from] move: Knock Off|[of] p2a: Tornadus
|move|p1a: Thundy|Hurricane|p2a: Tornadus
|-damage|p2a: Tornadus|0 fnt
|faint|p2a: Tornadus
|
|-weather|RainDance|[upkeep]
|-damage|p1a: Thundy|39/100 tox|[from] psn
|upkeep
|
|t:|1667650194
|switch|p2a: Hippowdon|Hippowdon, M|76/100 brn
|-weather|Sandstorm|[from] ability: Sand Stream|[of] p2a: Hippowdon
|turn|93
|
|t:|1667650197
|move|p1a: Thundy|Roost|p1a: Thundy
|-heal|p1a: Thundy|89/100 tox
|-singleturn|p1a: Thundy|move: Roost
|move|p2a: Hippowdon|Slack Off|p2a: Hippowdon
|-heal|p2a: Hippowdon|100/100 brn
|
|-weather|Sandstorm|[upkeep]
|-damage|p1a: Thundy|83/100 tox|[from] Sandstorm
|-damage|p1a: Thundy|65/100 tox|[from] psn
|-damage|p2a: Hippowdon|94/100 brn|[from] brn
|upkeep
|turn|94
|
|t:|1667650201
|move|p1a: Thundy|Hurricane|p2a: Hippowdon
|-crit|p2a: Hippowdon
|-damage|p2a: Hippowdon|48/100 brn
|move|p2a: Hippowdon|Earthquake|p1a: Thundy
|-immune|p1a: Thundy
|
|-weather|Sandstorm|[upkeep]
|-damage|p1a: Thundy|59/100 tox|[from] Sandstorm
|-heal|p2a: Hippowdon|54/100 brn|[from] item: Leftovers
|-damage|p1a: Thundy|35/100 tox|[from] psn
|-damage|p2a: Hippowdon|48/100 brn|[from] brn
|upkeep
|turn|95
|
|t:|1667650204
|move|p1a: Thundy|Hurricane|p2a: Hippowdon
|-damage|p2a: Hippowdon|14/100 brn
|move|p2a: Hippowdon|Earthquake|p1a: Thundy
|-immune|p1a: Thundy
|
|-weather|Sandstorm|[upkeep]
|-damage|p1a: Thundy|29/100 tox|[from] Sandstorm
|-heal|p2a: Hippowdon|20/100 brn|[from] item: Leftovers
|-damage|p1a: Thundy|0 fnt|[from] psn
|faint|p1a: Thundy
|
|win|BTLT007 SF'
|upkeep
|n|☆SoopySoop|soopysoop
|n|☆BTLT007 SF'|btlt007sf
|n| cypherstest|cypherstest
|n| gzm01|gzm01
|n| GengarAdept|gengaradept
|n| Clastia|clastia
|n| wzt123|wzt123
|n| Aftx|aftx
