|raw|<div class="broadcast-blue"><strong>This battle is required to be public due to a player having a name starting with 'lt93oq'.</div>
|j|☆LT93OQ im garbage
|j|‽BLOODCLAT
|t:|1660930691
|gametype|singles
|player|p1|LT93OQ im garbage|266|2046
|player|p2|BLOODCLAT|hoopster|1904
|teamsize|p1|6
|teamsize|p2|6
|gen|8
|tier|[Gen 8] OU
|rated|
|rule|Sleep Clause Mod: Limit one foe put to sleep
|rule|Species Clause: Limit one of each Pokémon
|rule|OHKO Clause: OHKO moves are banned
|rule|Evasion Items Clause: Evasion items are banned
|rule|Evasion Moves Clause: Evasion moves are banned
|rule|Endless Battle Clause: Forcing endless battles is banned
|rule|HP Percentage Mod: HP is shown in percentages
|rule|Dynamax Clause: You cannot dynamax
|clearpoke
|poke|p1|Jirachi|
|poke|p1|Chansey, F|
|poke|p1|Quagsire, M|
|poke|p1|Corviknight, F|
|poke|p1|Zapdos|
|poke|p1|Toxapex, F|
|poke|p2|Rillaboom, M|
|poke|p2|Dragonite, M|
|poke|p2|Weavile, F|
|poke|p2|Heatran, M|
|poke|p2|Nidoking, M|
|poke|p2|Crawdaunt, F|
|teampreview
|inactive|Battle timer is ON: inactive players will automatically lose when time's up. (requested by LT93OQ im garbage)
|j| test8758
|j| xray
|j| LT93OQ Mus
|
|t:|1660930707
|start
|switch|p1a: Chansey|Chansey, F|100/100
|switch|p2a: Heatran|Heatran, M|100/100
|-item|p2a: Heatran|Air Balloon
|turn|1
|
|t:|1660930711
|move|p2a: Heatran|Taunt|p1a: Chansey
|-start|p1a: Chansey|move: Taunt
|move|p1a: Chansey|Seismic Toss|p2a: Heatran
|-damage|p2a: Heatran|72/100
|-enditem|p2a: Heatran|Air Balloon
|
|upkeep
|turn|2
|j| LT93OQ acii
|inactive|LT93OQ im garbage has 120 seconds left.
|j| LT93OQ rej?
|j| The art of
|j| Lifeismyth
|j| LT93OQ tj
|
|t:|1660930750
|move|p2a: Heatran|Stealth Rock|p1a: Chansey
|-sidestart|p1: LT93OQ im garbage|move: Stealth Rock
|move|p1a: Chansey|Seismic Toss|p2a: Heatran
|-damage|p2a: Heatran|44/100
|
|upkeep
|turn|3
|j| 7u56edthjyrhe
|
|t:|1660930759
|switch|p2a: Crawdaunt|Crawdaunt, F|100/100
|switch|p1a: Zapdos|Zapdos|100/100
|-ability|p1a: Zapdos|Pressure
|
|upkeep
|turn|4
|j| LT93OQ SW
|
|t:|1660930768
|switch|p2a: Weavile|Weavile, F|100/100
|-ability|p2a: Weavile|Pressure
|move|p1a: Zapdos|Defog|p2a: Weavile
|-unboost|p2a: Weavile|evasion|1
|-sideend|p1: LT93OQ im garbage|Stealth Rock|[from] move: Defog|[of] p1a: Zapdos
|
|upkeep
|turn|5
|
|t:|1660930779
|move|p2a: Weavile|Knock Off|p1a: Zapdos
|-crit|p1a: Zapdos
|-damage|p1a: Zapdos|44/100
|-enditem|p1a: Zapdos|Heavy-Duty Boots|[from] move: Knock Off|[of] p2a: Weavile
|move|p1a: Zapdos|Heat Wave|p2a: Weavile
|-supereffective|p2a: Weavile
|-damage|p2a: Weavile|33/100
|
|upkeep
|turn|6
|
|t:|1660930786
|switch|p2a: Heatran|Heatran, M|44/100
|switch|p1a: Toxapex|Toxapex, F|100/100
|
|upkeep
|turn|7
|
|t:|1660930790
|switch|p1a: Zapdos|Zapdos|44/100
|-ability|p1a: Zapdos|Pressure
|move|p2a: Heatran|Stealth Rock|p1a: Zapdos
|-sidestart|p1: LT93OQ im garbage|move: Stealth Rock
|
|upkeep
|turn|8
|
|t:|1660930792
|move|p1a: Zapdos|Roost|p1a: Zapdos
|-heal|p1a: Zapdos|94/100
|-singleturn|p1a: Zapdos|move: Roost
|move|p2a: Heatran|Toxic|p1a: Zapdos|[miss]
|-miss|p2a: Heatran|p1a: Zapdos
|
|upkeep
|turn|9
|j| LT93OQ SERPI
|
|t:|1660930794
|move|p1a: Zapdos|Discharge|p2a: Heatran
|-damage|p2a: Heatran|15/100
|move|p2a: Heatran|Toxic|p1a: Zapdos
|-status|p1a: Zapdos|tox
|
|-damage|p1a: Zapdos|88/100 tox|[from] psn
|upkeep
|turn|10
|
|t:|1660930797
|move|p1a: Zapdos|Discharge|p2a: Heatran
|-damage|p2a: Heatran|0 fnt
|faint|p2a: Heatran
|
|-damage|p1a: Zapdos|76/100 tox|[from] psn
|upkeep
|j| zodivk
|
|t:|1660930800
|switch|p2a: Nidoking|Nidoking, M|100/100
|turn|11
|
|t:|1660930803
|switch|p1a: Chansey|Chansey, F|100/100
|-damage|p1a: Chansey|88/100|[from] Stealth Rock
|move|p2a: Nidoking|Ice Beam|p1a: Chansey
|-damage|p1a: Chansey|76/100
|
|upkeep
|turn|12
|j| infinitroll
|
|t:|1660930809
|switch|p2a: Crawdaunt|Crawdaunt, F|100/100
|move|p1a: Chansey|Heal Bell|p1a: Chansey
|-activate|p1a: Chansey|move: Heal Bell
|-curestatus|p1: Zapdos|tox|[msg]
|
|upkeep
|turn|13
|j| Cashbandicook
|
|t:|1660930813
|switch|p1a: Jirachi|Jirachi|100/100
|-damage|p1a: Jirachi|94/100|[from] Stealth Rock
|move|p2a: Crawdaunt|Swords Dance|p2a: Crawdaunt
|-boost|p2a: Crawdaunt|atk|2
|
|-heal|p1a: Jirachi|100/100|[from] item: Leftovers
|upkeep
|turn|14
|
|t:|1660930818
|move|p1a: Jirachi|U-turn|p2a: Crawdaunt
|-supereffective|p2a: Crawdaunt
|-damage|p2a: Crawdaunt|48/100
|l| Lifeismyth
|j| Coolcodename
|l| Coolcodename
|
|t:|1660930842
|switch|p1a: Zapdos|Zapdos|76/100|[from]move: U-turn
|-damage|p1a: Zapdos|51/100|[from] Stealth Rock
|-ability|p1a: Zapdos|Pressure
|move|p2a: Crawdaunt|Knock Off|p1a: Zapdos
|-damage|p1a: Zapdos|0 fnt
|faint|p1a: Zapdos
|
|upkeep
|
|t:|1660930844
|switch|p1a: Jirachi|Jirachi|100/100
|-damage|p1a: Jirachi|94/100|[from] Stealth Rock
|turn|15
|
|t:|1660930848
|switch|p2a: Nidoking|Nidoking, M|100/100
|move|p1a: Jirachi|U-turn|p2a: Nidoking
|-resisted|p2a: Nidoking
|-damage|p2a: Nidoking|88/100
|
|t:|1660930854
|switch|p1a: Quagsire|Quagsire, M|100/100|[from]move: U-turn
|-damage|p1a: Quagsire|94/100|[from] Stealth Rock
|
|-heal|p1a: Quagsire|100/100|[from] item: Leftovers
|upkeep
|turn|16
|j| lt93oq wafflesurf
|
|t:|1660930858
|move|p2a: Nidoking|Earth Power|p1a: Quagsire
|-damage|p1a: Quagsire|38/100
|move|p1a: Quagsire|Earthquake|p2a: Nidoking
|-supereffective|p2a: Nidoking
|-damage|p2a: Nidoking|2/100
|
|-heal|p1a: Quagsire|45/100|[from] item: Leftovers
|upkeep
|turn|17
|c|☆LT93OQ im garbage|nooooo
|c|☆LT93OQ im garbage|weak shit
|j| Marshmellow.OwO
|
|t:|1660930866
|switch|p1a: Chansey|Chansey, F|76/100
|-damage|p1a: Chansey|63/100|[from] Stealth Rock
|move|p2a: Nidoking|Earth Power|p1a: Chansey
|-damage|p1a: Chansey|47/100
|
|upkeep
|turn|18
|j|+pichus ❤
|
|t:|1660930871
|switch|p2a: Crawdaunt|Crawdaunt, F|48/100
|move|p1a: Chansey|Stealth Rock|p2a: Crawdaunt
|-sidestart|p2: BLOODCLAT|move: Stealth Rock
|
|upkeep
|turn|19
|
|t:|1660930875
|move|p2a: Crawdaunt|Knock Off|p1a: Chansey
|-damage|p1a: Chansey|0 fnt
|-enditem|p1a: Chansey|Eviolite|[from] move: Knock Off|[of] p2a: Crawdaunt
|faint|p1a: Chansey
|
|upkeep
|
|t:|1660930876
|switch|p1a: Jirachi|Jirachi|94/100
|-damage|p1a: Jirachi|88/100|[from] Stealth Rock
|turn|20
|
|t:|1660930884
|switch|p2a: Nidoking|Nidoking, M|2/100
|-damage|p2a: Nidoking|0 fnt|[from] Stealth Rock
|faint|p2a: Nidoking
|move|p1a: Jirachi|U-turn|p2: Nidoking|[notarget]
|-fail|p1a: Jirachi
|
|-heal|p1a: Jirachi|94/100|[from] item: Leftovers
|upkeep
|
|t:|1660930886
|switch|p2a: Weavile|Weavile, F|33/100
|-ability|p2a: Weavile|Pressure
|turn|21
|
|t:|1660930895
|move|p2a: Weavile|Knock Off|p1a: Jirachi
|-supereffective|p1a: Jirachi
|-damage|p1a: Jirachi|12/100
|-enditem|p1a: Jirachi|Leftovers|[from] move: Knock Off|[of] p2a: Weavile
|move|p1a: Jirachi|U-turn|p2a: Weavile
|-supereffective|p2a: Weavile
|-damage|p2a: Weavile|0 fnt
|faint|p2a: Weavile
|
|t:|1660930904
|switch|p1a: Corviknight|Corviknight, F|100/100|[from]move: U-turn
|-damage|p1a: Corviknight|88/100|[from] Stealth Rock
|-ability|p1a: Corviknight|Pressure
|
|-heal|p1a: Corviknight|94/100|[from] item: Leftovers
|upkeep
|
|t:|1660930908
|switch|p2a: Crawdaunt|Crawdaunt, F|48/100
|-damage|p2a: Crawdaunt|36/100|[from] Stealth Rock
|turn|22
|
|t:|1660930911
|move|p2a: Crawdaunt|Crabhammer|p1a: Corviknight
|-damage|p1a: Corviknight|47/100
|move|p1a: Corviknight|Roost|p1a: Corviknight
|-heal|p1a: Corviknight|97/100
|-singleturn|p1a: Corviknight|move: Roost
|
|-heal|p1a: Corviknight|100/100|[from] item: Leftovers
|upkeep
|turn|23
|
|t:|1660930915
|move|p2a: Crawdaunt|Knock Off|p1a: Corviknight
|-damage|p1a: Corviknight|48/100
|-enditem|p1a: Corviknight|Leftovers|[from] move: Knock Off|[of] p2a: Crawdaunt
|move|p1a: Corviknight|Iron Defense|p1a: Corviknight
|-boost|p1a: Corviknight|def|2
|
|upkeep
|turn|24
|j| wreft
|
|t:|1660930918
|move|p2a: Crawdaunt|Swords Dance|p2a: Crawdaunt
|-boost|p2a: Crawdaunt|atk|2
|move|p1a: Corviknight|Roost|p1a: Corviknight
|-heal|p1a: Corviknight|98/100
|-singleturn|p1a: Corviknight|move: Roost
|
|upkeep
|turn|25
|
|t:|1660930920
|move|p2a: Crawdaunt|Crabhammer|p1a: Corviknight
|-damage|p1a: Corviknight|52/100
|move|p1a: Corviknight|Body Press|p2a: Crawdaunt
|-supereffective|p2a: Crawdaunt
|-damage|p2a: Crawdaunt|0 fnt
|faint|p2a: Crawdaunt
|
|upkeep
|
|t:|1660930923
|switch|p2a: Dragonite|Dragonite, M|100/100
|turn|26
|
|t:|1660930924
|move|p2a: Dragonite|Ice Punch|p1a: Corviknight
|-damage|p1a: Corviknight|44/100
|move|p1a: Corviknight|Roost|p1a: Corviknight
|-heal|p1a: Corviknight|94/100
|-singleturn|p1a: Corviknight|move: Roost
|
|upkeep
|turn|27
|
|t:|1660930926
|move|p2a: Dragonite|Ice Punch|p1a: Corviknight
|-damage|p1a: Corviknight|85/100
|move|p1a: Corviknight|Iron Defense|p1a: Corviknight
|-boost|p1a: Corviknight|def|2
|
|upkeep
|turn|28
|
|t:|1660930928
|move|p2a: Dragonite|Ice Punch|p1a: Corviknight
|-damage|p1a: Corviknight|79/100
|move|p1a: Corviknight|Iron Defense|p1a: Corviknight
|-boost|p1a: Corviknight|def|2
|
|upkeep
|turn|29
|
|t:|1660930929
|move|p2a: Dragonite|Ice Punch|p1a: Corviknight
|-damage|p1a: Corviknight|75/100
|move|p1a: Corviknight|Body Press|p2a: Dragonite
|-resisted|p2a: Dragonite
|-damage|p2a: Dragonite|72/100
|
|upkeep
|turn|30
|
|t:|1660930931
|move|p2a: Dragonite|Ice Punch|p1a: Corviknight
|-damage|p1a: Corviknight|70/100
|move|p1a: Corviknight|Body Press|p2a: Dragonite
|-resisted|p2a: Dragonite
|-damage|p2a: Dragonite|18/100
|
|upkeep
|turn|31
|
|t:|1660930933
|move|p2a: Dragonite|Ice Punch|p1a: Corviknight
|-damage|p1a: Corviknight|65/100
|move|p1a: Corviknight|Body Press|p2a: Dragonite
|-resisted|p2a: Dragonite
|-damage|p2a: Dragonite|0 fnt
|faint|p2a: Dragonite
|
|upkeep
|
|t:|1660930935
|switch|p2a: Rillaboom|Rillaboom, M|100/100
|-damage|p2a: Rillaboom|88/100|[from] Stealth Rock
|-fieldstart|move: Grassy Terrain|[from] ability: Grassy Surge|[of] p2a: Rillaboom
|turn|32
|
|t:|1660930936
|move|p2a: Rillaboom|Superpower|p1a: Corviknight
|-damage|p1a: Corviknight|56/100
|-unboost|p2a: Rillaboom|atk|1
|-unboost|p2a: Rillaboom|def|1
|-damage|p2a: Rillaboom|78/100|[from] item: Life Orb
|move|p1a: Corviknight|Body Press|p2a: Rillaboom
|-damage|p2a: Rillaboom|0 fnt
|faint|p2a: Rillaboom
|
|win|LT93OQ im garbage
|raw|LT93OQ im garbage's rating: 2046 &rarr; <strong>2058</strong><br />(+12 for winning)
|raw|BLOODCLAT's rating: 1904 &rarr; <strong>1892</strong><br />(-12 for losing)
|l|‽BLOODCLAT
|j| oWyZoWyZ
|c|☆LT93OQ im garbage|whew
|l| LT93OQ rej?
|l| wreft
|l| infinitroll
|l| LT93OQ Mus
|l| lt93oq wafflesurf
|j| lnternal
|l| Cashbandicook
|l|+pichus ❤
||Ladder isn't responding, score probably updated but might not have (Request timeout).
|l| lnternal
|j| CM Reuni
|l| test8758
|l| CM Reuni
|j| LT93OQ Gray
|l| Marshmellow.OwO
|l| The art of
|l| xray
