|j|☆Shootingwolf
|j|☆y0
|t:|1604890378
|player|p1|Shootingwolf|erika|1713
|player|p2|y0|unknown|1696
|teamsize|p1|6
|teamsize|p2|6
|gametype|singles
|gen|8
|tier|[Gen 8] OU
|rated|
|clearpoke
|poke|p1|Mandibuzz, F|
|poke|p1|Pheromosa|
|poke|p1|Tapu Fini|
|poke|p1|Kyurem-Black|
|poke|p1|Landorus-Therian, M|
|poke|p1|Magearna|
|poke|p2|Zapdos-Galar|
|poke|p2|Blaziken, F|
|poke|p2|Spectrier|
|poke|p2|Pheromosa|
|poke|p2|Kyurem-Black|
|poke|p2|Zygarde|
|rule|Sleep Clause Mod: Limit one foe put to sleep
|rule|Species Clause: Limit one of each Pokémon
|rule|OHKO Clause: OHKO moves are banned
|rule|Evasion Moves Clause: Evasion moves are banned
|rule|Endless Battle Clause: Forcing endless battles is banned
|rule|HP Percentage Mod: HP is shown in percentages
|rule|Dynamax Clause: You cannot dynamax
|teampreview
|j| cc inside
|j| Fulmonjor
|
|t:|1604890415
|start
|switch|p1a: Magearna|Magearna|100/100
|switch|p2a: Spectrier|Spectrier|100/100
|turn|1
|inactive|Battle timer is ON: inactive players will automatically lose when time's up. (requested by y0)
|
|t:|1604890425
|move|p2a: Spectrier|Shadow Ball|p1a: Magearna
|-damage|p1a: Magearna|48/100
|-unboost|p1a: Magearna|spd|1
|move|p1a: Magearna|Fleur Cannon|p2a: Spectrier
|-damage|p2a: Spectrier|0 fnt
|-unboost|p1a: Magearna|spa|2
|faint|p2a: Spectrier
|-ability|p1a: Magearna|Soul-Heart|boost
|-boost|p1a: Magearna|spa|1
|
|upkeep
|
|t:|1604890439
|switch|p2a: Blaziken|Blaziken, F|100/100
|turn|2
|
|t:|1604890444
|switch|p1a: Landorus|Landorus-Therian, M|100/100
|-ability|p1a: Landorus|Intimidate|boost
|-unboost|p2a: Blaziken|atk|1
|move|p2a: Blaziken|Flare Blitz|p1a: Landorus
|-crit|p1a: Landorus
|-damage|p1a: Landorus|9/100
|-damage|p2a: Blaziken|84/100|[from] item: Rocky Helmet|[of] p1a: Landorus
|-damage|p2a: Blaziken|47/100|[from] Recoil
|-damage|p2a: Blaziken|37/100|[from] item: Life Orb
|
|-ability|p2a: Blaziken|Speed Boost|boost
|-boost|p2a: Blaziken|spe|1
|upkeep
|turn|3
|
|t:|1604890452
|move|p2a: Blaziken|Close Combat|p1a: Landorus
|-resisted|p1a: Landorus
|-damage|p1a: Landorus|0 fnt
|-unboost|p2a: Blaziken|def|1
|-unboost|p2a: Blaziken|spd|1
|-damage|p2a: Blaziken|20/100|[from] item: Rocky Helmet|[of] p1a: Landorus
|-damage|p2a: Blaziken|10/100|[from] item: Life Orb
|faint|p1a: Landorus
|
|-ability|p2a: Blaziken|Speed Boost|boost
|-boost|p2a: Blaziken|spe|1
|upkeep
|
|t:|1604890462
|switch|p1a: Mandibuzz|Mandibuzz, F|100/100
|turn|4
|
|t:|1604890470
|switch|p2a: Zapdos|Zapdos-Galar|100/100
|move|p1a: Mandibuzz|Roost||[still]
|-fail|p1a: Mandibuzz|heal
|
|upkeep
|turn|5
|j| TheRatMaid
|
|t:|1604890483
|move|p2a: Zapdos|Close Combat|p1a: Mandibuzz
|-damage|p1a: Mandibuzz|53/100
|-unboost|p2a: Zapdos|def|1
|-unboost|p2a: Zapdos|spd|1
|move|p1a: Mandibuzz|Toxic|p2a: Zapdos
|-status|p2a: Zapdos|tox
|
|-damage|p2a: Zapdos|94/100 tox|[from] psn
|upkeep
|turn|6
|l| TheRatMaid
|
|t:|1604890494
|switch|p2a: Zygarde|Zygarde|100/100
|-ability|p2a: Zygarde|Aura Break
|move|p1a: Mandibuzz|Roost|p1a: Mandibuzz
|-heal|p1a: Mandibuzz|100/100
|-singleturn|p1a: Mandibuzz|move: Roost
|
|upkeep
|turn|7
|
|t:|1604890522
|move|p2a: Zygarde|Substitute|p2a: Zygarde
|-start|p2a: Zygarde|Substitute
|-damage|p2a: Zygarde|75/100
|move|p1a: Mandibuzz|Toxic||[still]
|-fail|p1a: Mandibuzz
|
|-heal|p2a: Zygarde|82/100|[from] item: Leftovers
|upkeep
|turn|8
|
|t:|1604890532
|switch|p1a: Kyurem|Kyurem-Black|100/100
|-ability|p1a: Kyurem|Teravolt
|move|p2a: Zygarde|Coil|p2a: Zygarde
|-boost|p2a: Zygarde|atk|1
|-boost|p2a: Zygarde|def|1
|-boost|p2a: Zygarde|accuracy|1
|
|-heal|p2a: Zygarde|88/100|[from] item: Leftovers
|upkeep
|turn|9
|
|t:|1604890540
|move|p1a: Kyurem|Icicle Spear|p2a: Zygarde
|-supereffective|p2a: Zygarde
|-end|p2a: Zygarde|Substitute
|-supereffective|p2a: Zygarde
|-crit|p2a: Zygarde
|-damage|p2a: Zygarde|0 fnt
|-hitcount|p2a: Zygarde|2
|-damage|p1a: Kyurem|91/100|[from] item: Life Orb
|faint|p2a: Zygarde
|
|upkeep
|
|t:|1604890553
|switch|p2a: Pheromosa|Pheromosa, shiny|100/100
|turn|10
|
|t:|1604890563
|switch|p1a: Tapu Fini|Tapu Fini|100/100
|-fieldstart|move: Misty Terrain|[from] ability: Misty Surge|[of] p1a: Tapu Fini
|move|p2a: Pheromosa|U-turn|p1a: Tapu Fini
|-resisted|p1a: Tapu Fini
|-damage|p1a: Tapu Fini|88/100
|
|t:|1604890567
|switch|p2a: Kyurem|Kyurem-Black, shiny|100/100|[from]move: U-turn
|-ability|p2a: Kyurem|Teravolt
|
|-heal|p1a: Tapu Fini|94/100|[from] item: Leftovers
|upkeep
|turn|11
|
|t:|1604890593
|move|p2a: Kyurem|Fusion Bolt|p1a: Tapu Fini
|-supereffective|p1a: Tapu Fini
|-damage|p1a: Tapu Fini|7/100
|-damage|p2a: Kyurem|91/100|[from] item: Life Orb
|move|p1a: Tapu Fini|Moonblast|p2a: Kyurem
|-supereffective|p2a: Kyurem
|-damage|p2a: Kyurem|29/100
|-unboost|p2a: Kyurem|spa|1
|
|-heal|p1a: Tapu Fini|13/100|[from] item: Leftovers
|upkeep
|turn|12
|
|t:|1604890601
|move|p2a: Kyurem|Icicle Spear|p1a: Tapu Fini
|-resisted|p1a: Tapu Fini
|-damage|p1a: Tapu Fini|6/100
|-resisted|p1a: Tapu Fini
|-damage|p1a: Tapu Fini|0 fnt
|-hitcount|p1a: Tapu Fini|2
|-damage|p2a: Kyurem|19/100|[from] item: Life Orb
|faint|p1a: Tapu Fini
|
|upkeep
|
|t:|1604890605
|switch|p1a: Pheromosa|Pheromosa|100/100
|turn|13
|
|t:|1604890608
|move|p1a: Pheromosa|Close Combat|p2a: Kyurem
|-supereffective|p2a: Kyurem
|-damage|p2a: Kyurem|0 fnt
|-unboost|p1a: Pheromosa|def|1
|-unboost|p1a: Pheromosa|spd|1
|faint|p2a: Kyurem
|-ability|p1a: Pheromosa|Beast Boost|boost
|-boost|p1a: Pheromosa|atk|1
|
|upkeep
|
|t:|1604890611
|switch|p2a: Zapdos|Zapdos-Galar|94/100 tox
|turn|14
|
|t:|1604890625
|switch|p1a: Mandibuzz|Mandibuzz, F|100/100
|move|p2a: Zapdos|Brave Bird|p1a: Mandibuzz
|-damage|p1a: Mandibuzz|56/100
|-damage|p2a: Zapdos|75/100 tox|[from] Recoil
|
|-damage|p2a: Zapdos|69/100 tox|[from] psn
|-fieldend|Misty Terrain
|upkeep
|turn|15
|
|t:|1604890632
|switch|p2a: Blaziken|Blaziken, F|10/100
|move|p1a: Mandibuzz|Roost|p1a: Mandibuzz
|-heal|p1a: Mandibuzz|100/100
|-singleturn|p1a: Mandibuzz|move: Roost
|
|upkeep
|turn|16
|
|t:|1604890636
|move|p2a: Blaziken|Flare Blitz|p1a: Mandibuzz
|-damage|p1a: Mandibuzz|32/100
|-damage|p2a: Blaziken|0 fnt|[from] Recoil
|faint|p2a: Blaziken
|move|p1a: Mandibuzz|Roost|p1a: Mandibuzz
|-heal|p1a: Mandibuzz|82/100
|-singleturn|p1a: Mandibuzz|move: Roost
|
|upkeep
|
|t:|1604890642
|switch|p2a: Pheromosa|Pheromosa, shiny|100/100
|turn|17
|
|t:|1604890650
|move|p2a: Pheromosa|Triple Axel|p1a: Mandibuzz
|-supereffective|p1a: Mandibuzz
|-damage|p1a: Mandibuzz|71/100
|-supereffective|p1a: Mandibuzz
|-damage|p1a: Mandibuzz|47/100
|-hitcount|p1a: Mandibuzz|2
|move|p1a: Mandibuzz|Foul Play|p2a: Pheromosa
|-resisted|p2a: Pheromosa
|-damage|p2a: Pheromosa|36/100
|
|upkeep
|turn|18
|
|t:|1604890664
|switch|p1a: Magearna|Magearna|48/100
|move|p2a: Pheromosa|Triple Axel|p1a: Magearna
|-resisted|p1a: Magearna
|-damage|p1a: Magearna|45/100
|-resisted|p1a: Magearna
|-damage|p1a: Magearna|40/100
|-resisted|p1a: Magearna
|-damage|p1a: Magearna|33/100
|-hitcount|p1a: Magearna|3
|
|upkeep
|turn|19
|
|t:|1604890674
|switch|p1a: Pheromosa|Pheromosa|100/100
|move|p2a: Pheromosa|Close Combat|p1a: Pheromosa
|-resisted|p1a: Pheromosa
|-damage|p1a: Pheromosa|15/100
|-unboost|p2a: Pheromosa|def|1
|-unboost|p2a: Pheromosa|spd|1
|
|upkeep
|turn|20
|
|t:|1604890682
|move|p1a: Pheromosa|Close Combat|p2a: Pheromosa
|-resisted|p2a: Pheromosa
|-damage|p2a: Pheromosa|0 fnt
|-unboost|p1a: Pheromosa|def|1
|-unboost|p1a: Pheromosa|spd|1
|faint|p2a: Pheromosa
|-ability|p1a: Pheromosa|Beast Boost|boost
|-boost|p1a: Pheromosa|atk|1
|
|upkeep
|-message|y0 forfeited.
|
|win|Shootingwolf
|l|☆y0
|raw|Shootingwolf's rating: 1712 &rarr; <strong>1731</strong><br />(+19 for winning)
|raw|y0's rating: 1696 &rarr; <strong>1677</strong><br />(-19 for losing)
