|raw|<div class="broadcast-blue"><strong>This battle is required to be public due to a player having a name starting with 'LT74PF'.</div>
|j|☆isheavydead
|j|☆LT74PF Released
|t:|1599273455
|player|p1|isheavydead|2|1785
|player|p2|LT74PF Released|winona-gen6|1968
|teamsize|p1|6
|teamsize|p2|6
|gametype|singles
|gen|8
|tier|[Gen 8] OU
|rated|
|clearpoke
|poke|p1|Haxorus, F|
|poke|p1|Volcarona, M|
|poke|p1|Ninetales-Alola, M|
|poke|p1|Excadrill, F|
|poke|p1|Urshifu-*, F|
|poke|p1|Azumarill, F|
|poke|p2|Coalossal, M|
|poke|p2|Rillaboom, F|
|poke|p2|Primarina, M|
|poke|p2|Volcarona, F|
|poke|p2|Jirachi|
|poke|p2|Urshifu-*, F|
|rule|Sleep Clause Mod: Limit one foe put to sleep
|rule|Species Clause: Limit one of each Pokémon
|rule|OHKO Clause: OHKO moves are banned
|rule|Evasion Moves Clause: Evasion moves are banned
|rule|Endless Battle Clause: Forcing endless battles is banned
|rule|HP Percentage Mod: HP is shown in percentages
|rule|Dynamax Clause: You cannot dynamax
|teampreview
|j| TornadusF4n
|j| egalvanc
|j| LT74PF INTERNAL
|c| egalvanc|VAMOS SAGIRI
|l| TornadusF4n
|
|t:|1599273464
|start
|switch|p1a: Excadrill|Excadrill, F, shiny|100/100
|switch|p2a: Urshifu|Urshifu, F|100/100
|-ability|p1a: Excadrill|Mold Breaker
|turn|1
|inactive|Battle timer is ON: inactive players will automatically lose when time's up. (requested by isheavydead)
|
|t:|1599273467
|move|p1a: Excadrill|Stealth Rock|p2a: Urshifu
|-sidestart|p2: LT74PF Released|move: Stealth Rock
|move|p2a: Urshifu|Wicked Blow|p1a: Excadrill
|-crit|p1a: Excadrill
|-enditem|p1a: Excadrill|Focus Sash
|-damage|p1a: Excadrill|1/100
|
|upkeep
|turn|2
|c| egalvanc|ME CAGO EN DIOS
|
|t:|1599273469
|move|p1a: Excadrill|Steel Beam|p2a: Urshifu
|-damage|p2a: Urshifu|64/100
|-damage|p1a: Excadrill|0 fnt|[from] mindblown
|faint|p1a: Excadrill
|move|p2a: Urshifu|Wicked Blow|p1: Excadrill|[notarget]
|-fail|p2a: Urshifu
|
|upkeep
|
|t:|1599273478
|switch|p1a: Ninetales|Ninetales-Alola, M, shiny|100/100
|-weather|Hail|[from] ability: Snow Warning|[of] p1a: Ninetales
|turn|3
|j| Bernardl'airemite
|c|☆LT74PF Released|yo si que me cago en dios
|
|t:|1599273483
|switch|p2a: Coalossal|Coalossal, M|100/100
|move|p1a: Ninetales|Moonblast|p2a: Coalossal
|-resisted|p2a: Coalossal
|-damage|p2a: Coalossal|89/100
|
|-weather|Hail|[upkeep]
|-damage|p2a: Coalossal|83/100|[from] Hail
|upkeep
|turn|4
|j| Angel Tobiichi
|
|t:|1599273487
|move|p1a: Ninetales|Aurora Veil|p1a: Ninetales
|-sidestart|p1: isheavydead|move: Aurora Veil
|move|p2a: Coalossal|Rapid Spin|p1a: Ninetales
|-damage|p1a: Ninetales|95/100
|-boost|p2a: Coalossal|spe|1
|-sideend|p2: LT74PF Released|Stealth Rock|[from] move: Rapid Spin|[of] p2a: Coalossal
|
|-weather|Hail|[upkeep]
|-damage|p2a: Coalossal|77/100|[from] Hail
|upkeep
|turn|5
|
|t:|1599273489
|switch|p2a: Jirachi|Jirachi|100/100
|move|p1a: Ninetales|Encore||[still]
|-fail|p1a: Ninetales
|
|-weather|Hail|[upkeep]
|-damage|p2a: Jirachi|94/100|[from] Hail
|upkeep
|turn|6
|
|t:|1599273494
|switch|p1a: Azumarill|Azumarill, F|100/100
|move|p2a: Jirachi|Iron Head|p1a: Azumarill
|-damage|p1a: Azumarill|83/100
|
|-weather|Hail|[upkeep]
|-damage|p2a: Jirachi|88/100|[from] Hail
|-damage|p1a: Azumarill|77/100|[from] Hail
|upkeep
|turn|7
|
|t:|1599273498
|switch|p2a: Coalossal|Coalossal, M|77/100
|move|p1a: Azumarill|Knock Off|p2a: Coalossal
|-damage|p2a: Coalossal|53/100
|-enditem|p2a: Coalossal|Heavy-Duty Boots|[from] move: Knock Off|[of] p1a: Azumarill
|
|-weather|none
|upkeep
|turn|8
|
|t:|1599273502
|move|p1a: Azumarill|Aqua Jet|p2a: Coalossal
|-supereffective|p2a: Coalossal
|-damage|p2a: Coalossal|1/100
|move|p2a: Coalossal|Stealth Rock|p1a: Azumarill
|-sidestart|p1: isheavydead|move: Stealth Rock
|
|upkeep
|turn|9
|
|t:|1599273507
|move|p1a: Azumarill|Play Rough|p2a: Coalossal
|-resisted|p2a: Coalossal
|-damage|p2a: Coalossal|0 fnt
|faint|p2a: Coalossal
|
|upkeep
|c|☆LT74PF Released|si lo llega a quemar
|c|☆LT74PF Released|me hago paja en directo
|c| egalvanc|JAJAJJJJJAJAJJAJAJ
|j| lt74pf din
|
|t:|1599273533
|switch|p2a: Rillaboom|Rillaboom, F|100/100
|-fieldstart|move: Grassy Terrain|[from] ability: Grassy Surge|[of] p2a: Rillaboom
|turn|10
|c| egalvanc|te la sacas
|c| egalvanc|y con la misma
|j| Livio ElTito
|inactive|LT74PF Released has 120 seconds left.
|j| Storm Zone
|c| egalvanc|pim
|c| egalvanc|pam
|c|☆LT74PF Released|no
|c| egalvanc|jjajajj
|c|☆LT74PF Released|pongo el pin del movil
|c|☆LT74PF Released|con los huevos
|c| egalvanc|:U
|
|t:|1599273578
|move|p2a: Rillaboom|Grassy Glide|p1a: Azumarill
|-supereffective|p1a: Azumarill
|-damage|p1a: Azumarill|6/100
|-enditem|p1a: Azumarill|Sitrus Berry|[eat]
|-heal|p1a: Azumarill|31/100|[from] item: Sitrus Berry
|-damage|p2a: Rillaboom|91/100|[from] item: Life Orb
|move|p1a: Azumarill|Play Rough|p2a: Rillaboom
|-damage|p2a: Rillaboom|24/100
|
|-heal|p2a: Rillaboom|30/100|[from] Grassy Terrain
|-heal|p1a: Azumarill|37/100|[from] Grassy Terrain
|upkeep
|turn|11
|
|t:|1599273585
|move|p2a: Rillaboom|High Horsepower|p1a: Azumarill
|-damage|p1a: Azumarill|12/100
|-damage|p2a: Rillaboom|20/100|[from] item: Life Orb
|move|p1a: Azumarill|Play Rough|p2a: Rillaboom
|-damage|p2a: Rillaboom|0 fnt
|faint|p2a: Rillaboom
|
|-heal|p1a: Azumarill|18/100|[from] Grassy Terrain
|-sideend|p1: isheavydead|move: Aurora Veil
|upkeep
|
|t:|1599273588
|switch|p2a: Jirachi|Jirachi|88/100
|turn|12
|j| LT74PF Ash
|j| Accidental Goddess
|c| egalvanc|bueno tu sigue dandole sagiri
|inactive|isheavydead has 120 seconds left.
|c|☆LT74PF Released|eso hare
|c| egalvanc|que vas a llegar
|
|t:|1599273622
|move|p1a: Azumarill|Aqua Jet|p2a: Jirachi
|-damage|p2a: Jirachi|59/100
|move|p2a: Jirachi|Iron Head|p1a: Azumarill
|-damage|p1a: Azumarill|0 fnt
|faint|p1a: Azumarill
|
|-heal|p2a: Jirachi|65/100|[from] Grassy Terrain
|upkeep
|
|t:|1599273625
|switch|p1a: Volcarona|Volcarona, M|100/100
|turn|13
|c|☆LT74PF Released|pero si me haxean me sigo comiendo 4 mierdas
|
|t:|1599273631
|move|p2a: Jirachi|Meteor Beam||[still]
|-prepare|p2a: Jirachi|Meteor Beam
|-boost|p2a: Jirachi|spa|1
|-enditem|p2a: Jirachi|Power Herb
|-anim|p2a: Jirachi|Meteor Beam|p1a: Volcarona
|-supereffective|p1a: Volcarona
|-damage|p1a: Volcarona|0 fnt
|faint|p1a: Volcarona
|
|-heal|p2a: Jirachi|71/100|[from] Grassy Terrain
|upkeep
|c|☆isheavydead|bruh
|
|t:|1599273636
|switch|p1a: Urshifu|Urshifu, F|100/100
|-damage|p1a: Urshifu|94/100|[from] Stealth Rock
|turn|14
|
|t:|1599273643
|switch|p2a: Primarina|Primarina, M|100/100
|move|p1a: Urshifu|Sucker Punch||[still]
|-fail|p1a: Urshifu
|
|-heal|p1a: Urshifu|100/100|[from] Grassy Terrain
|-fieldend|move: Grassy Terrain
|upkeep
|turn|15
|l| Bernardl'airemite
|
|t:|1599273672
|switch|p1a: Ninetales|Ninetales-Alola, M, shiny|95/100
|-damage|p1a: Ninetales|70/100|[from] Stealth Rock
|-weather|Hail|[from] ability: Snow Warning|[of] p1a: Ninetales
|move|p2a: Primarina|Draining Kiss|p1a: Ninetales
|-damage|p1a: Ninetales|51/100
|
|-weather|Hail|[upkeep]
|-damage|p2a: Primarina|94/100|[from] Hail
|-heal|p2a: Primarina|100/100|[from] item: Leftovers
|upkeep
|turn|16
|
|t:|1599273675
|move|p1a: Ninetales|Aurora Veil|p1a: Ninetales
|-sidestart|p1: isheavydead|move: Aurora Veil
|move|p2a: Primarina|Scald|p1a: Ninetales
|-damage|p1a: Ninetales|33/100
|
|-weather|Hail|[upkeep]
|-damage|p2a: Primarina|94/100|[from] Hail
|-heal|p2a: Primarina|100/100|[from] item: Leftovers
|upkeep
|turn|17
|c| Livio ElTito|¿Y el vídeo egal?
|
|t:|1599273683
|switch|p2a: Urshifu|Urshifu, F|64/100
|move|p1a: Ninetales|Freeze-Dry|p2a: Urshifu
|-damage|p2a: Urshifu|32/100
|
|-weather|Hail|[upkeep]
|-damage|p2a: Urshifu|26/100|[from] Hail
|upkeep
|turn|18
|
|t:|1599273690
|switch|p2a: Jirachi|Jirachi|71/100
|move|p1a: Ninetales|Moonblast|p2a: Jirachi
|-resisted|p2a: Jirachi
|-damage|p2a: Jirachi|57/100
|
|-weather|Hail|[upkeep]
|-damage|p2a: Jirachi|51/100|[from] Hail
|upkeep
|turn|19
|c| LT74PF Ash|?y el video egal?
|
|t:|1599273712
|move|p1a: Ninetales|Freeze-Dry|p2a: Jirachi
|-resisted|p2a: Jirachi
|-damage|p2a: Jirachi|41/100
|-status|p2a: Jirachi|frz
|cant|p2a: Jirachi|frz
|
|-weather|none
|upkeep
|turn|20
|c|☆LT74PF Released|mi puta madre
|
|t:|1599273719
|switch|p1a: Haxorus|Haxorus, F, shiny|100/100
|-damage|p1a: Haxorus|88/100|[from] Stealth Rock
|-ability|p1a: Haxorus|Mold Breaker
|cant|p2a: Jirachi|frz
|
|upkeep
|turn|21
|
|t:|1599273723
|cant|p2a: Jirachi|frz
|move|p1a: Haxorus|Swords Dance|p1a: Haxorus
|-boost|p1a: Haxorus|atk|2
|
|upkeep
|turn|22
|c| LT74PF Ash|kkkkkkkkkkkkkkkkkkk
|
|t:|1599273725
|cant|p2a: Jirachi|frz
|move|p1a: Haxorus|Scale Shot|p2a: Jirachi
|-resisted|p2a: Jirachi
|-damage|p2a: Jirachi|25/100 frz
|-resisted|p2a: Jirachi
|-damage|p2a: Jirachi|8/100 frz
|-resisted|p2a: Jirachi
|-damage|p2a: Jirachi|0 fnt
|-hitcount|p2a: Jirachi|3
|-unboost|p1a: Haxorus|def|1
|-boost|p1a: Haxorus|spe|1
|faint|p2a: Jirachi
|
|upkeep
|c| Livio ElTito|Voce nao tem ¿
|c| Livio ElTito|ash
|c| Livio ElTito|XD
|
|t:|1599273734
|switch|p2a: Volcarona|Volcarona, F|100/100
|turn|23
|c| LT74PF Ash|si
|l| Accidental Goddess
|c| LT74PF Ash|no
|
|t:|1599273753
|move|p1a: Haxorus|Scale Shot|p2a: Volcarona
|-damage|p2a: Volcarona|53/100
|-damage|p2a: Volcarona|11/100
|-damage|p2a: Volcarona|0 fnt
|-hitcount|p2a: Volcarona|3
|-unboost|p1a: Haxorus|def|1
|-boost|p1a: Haxorus|spe|1
|faint|p2a: Volcarona
|
|-sideend|p1: isheavydead|move: Aurora Veil
|upkeep
|
|t:|1599273756
|switch|p2a: Urshifu|Urshifu, F|26/100
|turn|24
|c| egalvanc|livio el tito
|c| egalvanc|no se ha subido?
|
|t:|1599273761
|switch|p1a: Ninetales|Ninetales-Alola, M, shiny|33/100
|-damage|p1a: Ninetales|9/100|[from] Stealth Rock
|-weather|Hail|[from] ability: Snow Warning|[of] p1a: Ninetales
|move|p2a: Urshifu|Sucker Punch||[still]
|-fail|p2a: Urshifu
|
|-weather|Hail|[upkeep]
|-damage|p2a: Urshifu|20/100|[from] Hail
|upkeep
|turn|25
|
|t:|1599273771
|move|p1a: Ninetales|Aurora Veil|p1a: Ninetales
|-sidestart|p1: isheavydead|move: Aurora Veil
|move|p2a: Urshifu|Wicked Blow|p1a: Ninetales
|-resisted|p1a: Ninetales
|-crit|p1a: Ninetales
|-damage|p1a: Ninetales|0 fnt
|faint|p1a: Ninetales
|
|-weather|Hail|[upkeep]
|-damage|p2a: Urshifu|14/100|[from] Hail
|upkeep
|
|t:|1599273777
|switch|p1a: Urshifu|Urshifu, F|100/100
|-damage|p1a: Urshifu|94/100|[from] Stealth Rock
|turn|26
|
|t:|1599273780
|move|p1a: Urshifu|Wicked Blow|p2a: Urshifu
|-resisted|p2a: Urshifu
|-crit|p2a: Urshifu
|-damage|p2a: Urshifu|0 fnt
|faint|p2a: Urshifu
|
|-weather|Hail|[upkeep]
|-damage|p1a: Urshifu|88/100|[from] Hail
|upkeep
|
|t:|1599273781
|switch|p2a: Primarina|Primarina, M|100/100
|turn|27
|
|t:|1599273783
|move|p1a: Urshifu|Wicked Blow|p2a: Primarina
|-resisted|p2a: Primarina
|-crit|p2a: Primarina
|-damage|p2a: Primarina|70/100
|move|p2a: Primarina|Calm Mind|p2a: Primarina
|-boost|p2a: Primarina|spa|1
|-boost|p2a: Primarina|spd|1
|
|-weather|Hail|[upkeep]
|-damage|p1a: Urshifu|82/100|[from] Hail
|-damage|p2a: Primarina|64/100|[from] Hail
|-heal|p2a: Primarina|70/100|[from] item: Leftovers
|upkeep
|turn|28
|
|t:|1599273786
|move|p1a: Urshifu|Wicked Blow|p2a: Primarina
|-resisted|p2a: Primarina
|-crit|p2a: Primarina
|-damage|p2a: Primarina|39/100
|move|p2a: Primarina|Calm Mind|p2a: Primarina
|-boost|p2a: Primarina|spa|1
|-boost|p2a: Primarina|spd|1
|
|-weather|none
|-heal|p2a: Primarina|45/100|[from] item: Leftovers
|upkeep
|turn|29
|c| Livio ElTito|pensé que lo dirías por el discord
|
|t:|1599273789
|move|p1a: Urshifu|Wicked Blow|p2a: Primarina
|-resisted|p2a: Primarina
|-crit|p2a: Primarina
|-damage|p2a: Primarina|14/100
|move|p2a: Primarina|Draining Kiss|p1a: Urshifu
|-supereffective|p1a: Urshifu
|-damage|p1a: Urshifu|0 fnt
|-heal|p2a: Primarina|72/100|[from] drain|[of] p1a: Urshifu
|faint|p1a: Urshifu
|
|-heal|p2a: Primarina|78/100|[from] item: Leftovers
|upkeep
|
|t:|1599273791
|switch|p1a: Haxorus|Haxorus, F, shiny|88/100
|-damage|p1a: Haxorus|76/100|[from] Stealth Rock
|-ability|p1a: Haxorus|Mold Breaker
|turn|30
|c|☆isheavydead|gg
|
|t:|1599273795
|move|p1a: Haxorus|Poison Jab|p2a: Primarina
|-supereffective|p2a: Primarina
|-damage|p2a: Primarina|29/100
|-status|p2a: Primarina|psn
|move|p2a: Primarina|Substitute|p2a: Primarina
|-start|p2a: Primarina|Substitute
|-damage|p2a: Primarina|4/100 psn
|
|-heal|p2a: Primarina|10/100 psn|[from] item: Leftovers
|-damage|p2a: Primarina|0 fnt|[from] psn
|faint|p2a: Primarina
|
|win|isheavydead
|upkeep
|c| egalvanc|joder
|c|☆LT74PF Released|quien va
|c| egalvanc|no se sube
|c|☆LT74PF Released|hard poison
|c| LT74PF Ash|LOL
|c|☆LT74PF Released|LOL
|c| Storm Zone|lol
|c| egalvanc|la mierda esa
|c| Storm Zone|,
|c| LT74PF INTERNAL|,
|raw|isheavydead's rating: 1819 &rarr; <strong>1847</strong><br />(+28 for winning)
|raw|LT74PF Released's rating: 1968 &rarr; <strong>1940</strong><br />(-28 for losing)
|c| LT74PF INTERNAL|wt
|l| Storm Zone
|c| LT74PF INTERNAL|LOL
|c| LT74PF Ash|who subs there
|c| LT74PF Ash|lmao
|c|☆LT74PF Released|bro
|c|☆LT74PF Released|hw go for sd
|c|☆LT74PF Released|and win
|c|☆isheavydead|WHAT
|c| LT74PF Ash|lmao
|c| LT74PF INTERNAL|NO
|l| egalvanc
|c|☆isheavydead|LOL
|c| LT74PF INTERNAL|LOOOL
|c|☆isheavydead|OMG
|c|☆LT74PF Released|im trying to stall veil
|c|☆isheavydead|a
|c|☆isheavydead|AHHH
|c|☆isheavydead|sorry
|l| LT74PF Ash
|c| Livio ElTito|no se ha subido de momento
|c|☆isheavydead|omega lulz
|c| LT74PF INTERNAL|isheavydead
|c| LT74PF INTERNAL|queue
|c|☆isheavydead|yo
|c|☆isheavydead|gotchu
|c|☆isheavydead|fam
|c| Livio ElTito|¿huh
|c|☆LT74PF Released|+2 8 SpA Primarina Draining Kiss vs. 0 HP / 4 SpD Haxorus with an ally's Aurora Veil: 177-208 (60.4 - 70.9%) -- 81.3% chance to OHKO
|c|☆LT74PF Released|XD
|c|☆isheavydead|are u queued?
|c| Livio ElTito|XD
|c|☆isheavydead|LOL
|c| Livio ElTito|¿quñe es qeued
|c|☆isheavydead|wait
|c|☆isheavydead|im at 76%
|c| Livio ElTito|Have a nice day everyone :D
|c|☆LT74PF Released|ye
|j| DarkZone Act 1
|j| Ox the Fox
|c|☆LT74PF Released|jab doesnt kill me
|c|☆LT74PF Released|i sub
|j| JezebelleXX
