|j|☆Terry kloak
|j|☆chansey and lulu
|t:|1664557604
|gametype|singles
|player|p1|Terry kloak|169|1743
|player|p2|chansey and lulu|hooligans|1849
|teamsize|p1|6
|teamsize|p2|6
|gen|8
|tier|[Gen 8] OU
|rated|
|rule|Sleep Clause Mod: Limit one foe put to sleep
|rule|Species Clause: Limit one of each Pokémon
|rule|OHKO Clause: OHKO moves are banned
|rule|Evasion Items Clause: Evasion items are banned
|rule|Evasion Moves Clause: Evasion moves are banned
|rule|Endless Battle Clause: Forcing endless battles is banned
|rule|HP Percentage Mod: HP is shown in percentages
|rule|Dynamax Clause: You cannot dynamax
|clearpoke
|poke|p1|Volcanion|
|poke|p1|Melmetal|
|poke|p1|Dragonite, M|
|poke|p1|Buzzwole|
|poke|p1|Garchomp, F|
|poke|p1|Tapu Lele|
|poke|p2|Tapu Lele|
|poke|p2|Tyranitar, M|
|poke|p2|Excadrill, M|
|poke|p2|Ferrothorn, F|
|poke|p2|Zapdos|
|poke|p2|Urshifu-*, M|
|teampreview
|inactive|Battle timer is ON: inactive players will automatically lose when time's up. (requested by Terry kloak)
|
|t:|1664557615
|start
|switch|p1a: Melmetal|Melmetal|100/100
|switch|p2a: Urshifu|Urshifu-Rapid-Strike, M|100/100
|turn|1
|
|t:|1664557635
|move|p2a: Urshifu|U-turn|p1a: Melmetal
|-resisted|p1a: Melmetal
|-damage|p1a: Melmetal|94/100
|
|t:|1664557638
|switch|p2a: Zapdos|Zapdos|100/100|[from]move: U-turn
|move|p1a: Melmetal|Superpower|p2a: Zapdos
|-resisted|p2a: Zapdos
|-damage|p2a: Zapdos|72/100
|-unboost|p1a: Melmetal|atk|1
|-unboost|p1a: Melmetal|def|1
|-status|p1a: Melmetal|par|[from] ability: Static|[of] p2a: Zapdos
|
|upkeep
|turn|2
|
|t:|1664557651
|switch|p1a: Garchomp|Garchomp, F|100/100
|move|p2a: Zapdos|Roost|p2a: Zapdos
|-heal|p2a: Zapdos|100/100
|-singleturn|p2a: Zapdos|move: Roost
|
|upkeep
|turn|3
|j| nightsuwu
|
|t:|1664557673
|switch|p2a: Urshifu|Urshifu-Rapid-Strike, M|100/100
|move|p1a: Garchomp|Stealth Rock|p2a: Urshifu
|-sidestart|p2: chansey and lulu|move: Stealth Rock
|
|upkeep
|turn|4
|
|t:|1664557682
|move|p2a: Urshifu|U-turn|p1a: Garchomp
|-damage|p1a: Garchomp|84/100
|-activate|p1a: Garchomp|ability: Rough Skin
|-activate|p2a: Urshifu|item: Protective Pads
|
|t:|1664557687
|switch|p2a: Ferrothorn|Ferrothorn, F|100/100|[from]move: U-turn
|-damage|p2a: Ferrothorn|94/100|[from] Stealth Rock
|move|p1a: Garchomp|Toxic|p2a: Ferrothorn
|-immune|p2a: Ferrothorn
|
|-heal|p2a: Ferrothorn|100/100|[from] item: Leftovers
|upkeep
|turn|5
|
|t:|1664557699
|switch|p1a: Buzzwole|Buzzwole|100/100
|switch|p2a: Zapdos|Zapdos|100/100
|
|upkeep
|turn|6
|
|t:|1664557708
|move|p1a: Buzzwole|Substitute|p1a: Buzzwole
|-start|p1a: Buzzwole|Substitute
|-damage|p1a: Buzzwole|75/100
|move|p2a: Zapdos|Hurricane|p1a: Buzzwole|[miss]
|-miss|p2a: Zapdos|p1a: Buzzwole
|
|-heal|p1a: Buzzwole|82/100|[from] item: Leftovers
|upkeep
|turn|7
|l| nightsuwu
|
|t:|1664557718
|move|p1a: Buzzwole|Ice Punch|p2a: Zapdos
|-supereffective|p2a: Zapdos
|-damage|p2a: Zapdos|64/100
|-status|p1a: Buzzwole|par|[from] ability: Static|[of] p2a: Zapdos
|move|p2a: Zapdos|Heat Wave|p1a: Buzzwole
|-supereffective|p1a: Buzzwole
|-end|p1a: Buzzwole|Substitute
|
|-heal|p1a: Buzzwole|88/100 par|[from] item: Leftovers
|upkeep
|turn|8
|
|t:|1664557729
|switch|p1a: Volcanion|Volcanion|100/100
|move|p2a: Zapdos|Roost|p2a: Zapdos
|-heal|p2a: Zapdos|100/100
|-singleturn|p2a: Zapdos|move: Roost
|
|upkeep
|turn|9
|
|t:|1664557737
|move|p2a: Zapdos|Volt Switch|p1a: Volcanion
|-supereffective|p1a: Volcanion
|-damage|p1a: Volcanion|31/100
|j| Alexis5000
|
|t:|1664557757
|switch|p2a: Urshifu|Urshifu-Rapid-Strike, M|100/100|[from]move: Volt Switch
|-damage|p2a: Urshifu|94/100|[from] Stealth Rock
|move|p1a: Volcanion|Steam Eruption|p2a: Urshifu
|-resisted|p2a: Urshifu
|-damage|p2a: Urshifu|49/100
|-status|p2a: Urshifu|brn
|
|-damage|p2a: Urshifu|42/100 brn|[from] brn
|upkeep
|turn|10
|j| BigAndyMan
|
|t:|1664557775
|switch|p1a: Buzzwole|Buzzwole|88/100 par
|move|p2a: Urshifu|Close Combat|p1a: Buzzwole
|-resisted|p1a: Buzzwole
|-damage|p1a: Buzzwole|78/100 par
|-unboost|p2a: Urshifu|def|1
|-unboost|p2a: Urshifu|spd|1
|
|-heal|p1a: Buzzwole|84/100 par|[from] item: Leftovers
|-damage|p2a: Urshifu|36/100 brn|[from] brn
|upkeep
|turn|11
|
|t:|1664557788
|move|p2a: Urshifu|U-turn|p1a: Buzzwole
|-resisted|p1a: Buzzwole
|-damage|p1a: Buzzwole|81/100 par
|
|t:|1664557791
|switch|p2a: Zapdos|Zapdos|100/100|[from]move: U-turn
|move|p1a: Buzzwole|Substitute|p1a: Buzzwole
|-start|p1a: Buzzwole|Substitute
|-damage|p1a: Buzzwole|56/100 par
|
|-heal|p1a: Buzzwole|62/100 par|[from] item: Leftovers
|upkeep
|turn|12
|
|t:|1664557801
|move|p2a: Zapdos|Heat Wave|p1a: Buzzwole
|-supereffective|p1a: Buzzwole
|-end|p1a: Buzzwole|Substitute
|move|p1a: Buzzwole|Bulk Up|p1a: Buzzwole
|-boost|p1a: Buzzwole|atk|1
|-boost|p1a: Buzzwole|def|1
|
|-heal|p1a: Buzzwole|68/100 par|[from] item: Leftovers
|upkeep
|turn|13
|
|t:|1664557811
|switch|p1a: Garchomp|Garchomp, F|84/100
|move|p2a: Zapdos|Heat Wave|p1a: Garchomp|[miss]
|-miss|p2a: Zapdos|p1a: Garchomp
|
|upkeep
|turn|14
|
|t:|1664557818
|switch|p2a: Ferrothorn|Ferrothorn, F|100/100
|-damage|p2a: Ferrothorn|94/100|[from] Stealth Rock
|switch|p1a: Volcanion|Volcanion|31/100
|
|-heal|p2a: Ferrothorn|100/100|[from] item: Leftovers
|upkeep
|turn|15
|j| nightsuwu
|
|t:|1664557827
|switch|p2a: Urshifu|Urshifu-Rapid-Strike, M|36/100 brn
|-damage|p2a: Urshifu|30/100 brn|[from] Stealth Rock
|move|p1a: Volcanion|Flamethrower|p2a: Urshifu
|-resisted|p2a: Urshifu
|-damage|p2a: Urshifu|0 fnt
|faint|p2a: Urshifu
|
|upkeep
|
|t:|1664557835
|switch|p2a: Tapu Lele|Tapu Lele|100/100
|-damage|p2a: Tapu Lele|88/100|[from] Stealth Rock
|-fieldstart|move: Psychic Terrain|[from] ability: Psychic Surge|[of] p2a: Tapu Lele
|turn|16
|
|t:|1664557851
|switch|p1a: Melmetal|Melmetal|94/100 par
|move|p2a: Tapu Lele|Psychic|p1a: Melmetal
|-resisted|p1a: Melmetal
|-damage|p1a: Melmetal|60/100 par
|-unboost|p1a: Melmetal|spd|1
|
|upkeep
|turn|17
|
|t:|1664557865
|switch|p2a: Zapdos|Zapdos|100/100
|switch|p1a: Tapu Lele|Tapu Lele|100/100
|
|upkeep
|turn|18
|
|t:|1664557872
|move|p1a: Tapu Lele|Psychic|p2a: Zapdos
|-crit|p2a: Zapdos
|-damage|p2a: Zapdos|14/100
|move|p2a: Zapdos|Roost|p2a: Zapdos
|-heal|p2a: Zapdos|64/100
|-singleturn|p2a: Zapdos|move: Roost
|
|upkeep
|turn|19
|
|t:|1664557884
|switch|p2a: Tapu Lele|Tapu Lele|88/100
|-damage|p2a: Tapu Lele|76/100|[from] Stealth Rock
|move|p1a: Tapu Lele|Psychic|p2a: Tapu Lele
|-resisted|p2a: Tapu Lele
|-damage|p2a: Tapu Lele|42/100
|
|upkeep
|turn|20
|
|t:|1664557892
|move|p1a: Tapu Lele|Psychic|p2a: Tapu Lele
|-resisted|p2a: Tapu Lele
|-damage|p2a: Tapu Lele|8/100
|move|p2a: Tapu Lele|Moonblast|p1a: Tapu Lele
|-damage|p1a: Tapu Lele|41/100
|-unboost|p1a: Tapu Lele|spa|1
|
|-fieldend|move: Psychic Terrain
|upkeep
|turn|21
|l| nightsuwu
|
|t:|1664557903
|switch|p1a: Melmetal|Melmetal|60/100 par
|switch|p2a: Tyranitar|Tyranitar, M|100/100
|-damage|p2a: Tyranitar|88/100|[from] Stealth Rock
|-weather|Sandstorm|[from] ability: Sand Stream|[of] p2a: Tyranitar
|
|-weather|Sandstorm|[upkeep]
|upkeep
|turn|22
|
|t:|1664557915
|switch|p2a: Zapdos|Zapdos|64/100
|move|p1a: Melmetal|Double Iron Bash|p2a: Zapdos
|-resisted|p2a: Zapdos
|-damage|p2a: Zapdos|38/100
|-resisted|p2a: Zapdos
|-damage|p2a: Zapdos|12/100
|-hitcount|p2a: Zapdos|2
|
|-weather|Sandstorm|[upkeep]
|-damage|p2a: Zapdos|5/100|[from] Sandstorm
|upkeep
|turn|23
|
|t:|1664557930
|move|p2a: Zapdos|Roost|p2a: Zapdos
|-heal|p2a: Zapdos|55/100
|-singleturn|p2a: Zapdos|move: Roost
|move|p1a: Melmetal|Double Iron Bash|p2a: Zapdos
|-resisted|p2a: Zapdos
|-damage|p2a: Zapdos|31/100
|-resisted|p2a: Zapdos
|-damage|p2a: Zapdos|6/100
|-hitcount|p2a: Zapdos|2
|
|-weather|Sandstorm|[upkeep]
|-damage|p2a: Zapdos|0 fnt|[from] Sandstorm
|faint|p2a: Zapdos
|upkeep
|
|t:|1664557933
|switch|p2a: Excadrill|Excadrill, M|100/100
|-damage|p2a: Excadrill|97/100|[from] Stealth Rock
|turn|24
|j| bfghbufjrh
|
|t:|1664557946
|switch|p1a: Garchomp|Garchomp, F|84/100
|move|p2a: Excadrill|Iron Head|p1a: Garchomp
|-damage|p1a: Garchomp|35/100
|-damage|p2a: Excadrill|85/100|[from] ability: Rough Skin|[of] p1a: Garchomp
|-damage|p2a: Excadrill|68/100|[from] item: Rocky Helmet|[of] p1a: Garchomp
|
|-weather|Sandstorm|[upkeep]
|upkeep
|turn|25
|
|t:|1664557957
|switch|p1a: Melmetal|Melmetal|60/100 par
|move|p2a: Excadrill|Iron Head|p1a: Melmetal
|-resisted|p1a: Melmetal
|-damage|p1a: Melmetal|41/100 par
|
|-weather|none
|upkeep
|turn|26
|
|t:|1664557974
|switch|p2a: Ferrothorn|Ferrothorn, F|100/100
|-damage|p2a: Ferrothorn|94/100|[from] Stealth Rock
|move|p1a: Melmetal|Earthquake|p2a: Ferrothorn
|-damage|p2a: Ferrothorn|49/100
|
|-heal|p2a: Ferrothorn|56/100|[from] item: Leftovers
|upkeep
|turn|27
|
|t:|1664557988
|switch|p1a: Buzzwole|Buzzwole|68/100 par
|move|p2a: Ferrothorn|Leech Seed|p1a: Buzzwole
|-start|p1a: Buzzwole|move: Leech Seed
|
|-heal|p1a: Buzzwole|74/100 par|[from] item: Leftovers
|-heal|p2a: Ferrothorn|62/100|[from] item: Leftovers
|-damage|p1a: Buzzwole|61/100 par|[from] Leech Seed|[of] p2a: Ferrothorn
|-heal|p2a: Ferrothorn|76/100|[silent]
|upkeep
|turn|28
|
|t:|1664558008
|switch|p1a: Volcanion|Volcanion|31/100
|move|p2a: Ferrothorn|Stealth Rock|p1a: Volcanion
|-sidestart|p1: Terry kloak|move: Stealth Rock
|
|-heal|p2a: Ferrothorn|82/100|[from] item: Leftovers
|upkeep
|turn|29
|
|t:|1664558020
|switch|p2a: Tapu Lele|Tapu Lele|8/100
|-damage|p2a: Tapu Lele|0 fnt|[from] Stealth Rock
|faint|p2a: Tapu Lele
|move|p1a: Volcanion|Flamethrower|p2: Tapu Lele|[notarget]
|-fail|p1a: Volcanion
|
|upkeep
|
|t:|1664558026
|switch|p2a: Excadrill|Excadrill, M|68/100
|-damage|p2a: Excadrill|65/100|[from] Stealth Rock
|turn|30
|
|t:|1664558037
|switch|p1a: Melmetal|Melmetal|41/100 par
|-damage|p1a: Melmetal|35/100 par|[from] Stealth Rock
|move|p2a: Excadrill|Rock Slide|p1a: Melmetal
|-resisted|p1a: Melmetal
|-damage|p1a: Melmetal|23/100 par
|
|upkeep
|turn|31
|
|t:|1664558049
|switch|p1a: Dragonite|Dragonite, M|100/100
|move|p2a: Excadrill|Rock Slide|p1a: Dragonite
|-supereffective|p1a: Dragonite
|-damage|p1a: Dragonite|66/100
|
|upkeep
|turn|32
|
|t:|1664558057
|switch|p1a: Garchomp|Garchomp, F|35/100
|-damage|p1a: Garchomp|29/100|[from] Stealth Rock
|move|p2a: Excadrill|Rock Slide|p1a: Garchomp
|-resisted|p1a: Garchomp
|-damage|p1a: Garchomp|15/100
|
|upkeep
|turn|33
|
|t:|1664558065
|switch|p2a: Ferrothorn|Ferrothorn, F|82/100
|-damage|p2a: Ferrothorn|76/100|[from] Stealth Rock
|move|p1a: Garchomp|Earthquake|p2a: Ferrothorn
|-damage|p2a: Ferrothorn|43/100
|
|-heal|p2a: Ferrothorn|50/100|[from] item: Leftovers
|upkeep
|turn|34
|j| Sunday surfer
|
|t:|1664558075
|switch|p1a: Dragonite|Dragonite, M|66/100
|move|p2a: Ferrothorn|Leech Seed|p1a: Dragonite
|-start|p1a: Dragonite|move: Leech Seed
|
|-heal|p2a: Ferrothorn|56/100|[from] item: Leftovers
|-damage|p1a: Dragonite|54/100|[from] Leech Seed|[of] p2a: Ferrothorn
|-heal|p2a: Ferrothorn|70/100|[silent]
|upkeep
|turn|35
|l| Sunday surfer
|
|t:|1664558085
|move|p1a: Dragonite|Defog|p2a: Ferrothorn
|-unboost|p2a: Ferrothorn|evasion|1
|-sideend|p2: chansey and lulu|Stealth Rock|[from] move: Defog|[of] p1a: Dragonite
|-sideend|p1: Terry kloak|Stealth Rock|[from] move: Defog|[of] p1a: Dragonite
|move|p2a: Ferrothorn|Knock Off|p1a: Dragonite
|-damage|p1a: Dragonite|38/100
|-enditem|p1a: Dragonite|Heavy-Duty Boots|[from] move: Knock Off|[of] p2a: Ferrothorn
|
|-heal|p2a: Ferrothorn|76/100|[from] item: Leftovers
|-damage|p1a: Dragonite|26/100|[from] Leech Seed|[of] p2a: Ferrothorn
|-heal|p2a: Ferrothorn|89/100|[silent]
|upkeep
|turn|36
|j| snailsonsnails
|
|t:|1664558097
|move|p1a: Dragonite|Flamethrower|p2a: Ferrothorn
|-supereffective|p2a: Ferrothorn
|-damage|p2a: Ferrothorn|39/100
|move|p2a: Ferrothorn|Stealth Rock|p1a: Dragonite
|-sidestart|p1: Terry kloak|move: Stealth Rock
|
|-heal|p2a: Ferrothorn|46/100|[from] item: Leftovers
|-damage|p1a: Dragonite|13/100|[from] Leech Seed|[of] p2a: Ferrothorn
|-heal|p2a: Ferrothorn|59/100|[silent]
|upkeep
|turn|37
|
|t:|1664558107
|switch|p2a: Excadrill|Excadrill, M|65/100
|move|p1a: Dragonite|Roost|p1a: Dragonite
|-heal|p1a: Dragonite|63/100
|-singleturn|p1a: Dragonite|move: Roost
|
|-damage|p1a: Dragonite|51/100|[from] Leech Seed|[of] p2a: Excadrill
|-heal|p2a: Excadrill|79/100|[silent]
|upkeep
|turn|38
|l| snailsonsnails
|
|t:|1664558119
|switch|p1a: Garchomp|Garchomp, F|15/100
|-damage|p1a: Garchomp|9/100|[from] Stealth Rock
|move|p2a: Excadrill|Iron Head|p1a: Garchomp
|-damage|p1a: Garchomp|0 fnt
|-damage|p2a: Excadrill|66/100|[from] ability: Rough Skin|[of] p1a: Garchomp
|-damage|p2a: Excadrill|50/100|[from] item: Rocky Helmet|[of] p1a: Garchomp
|faint|p1a: Garchomp
|
|upkeep
|
|t:|1664558135
|switch|p1a: Tapu Lele|Tapu Lele|41/100
|-damage|p1a: Tapu Lele|29/100|[from] Stealth Rock
|-fieldstart|move: Psychic Terrain|[from] ability: Psychic Surge|[of] p1a: Tapu Lele
|turn|39
|
|t:|1664558143
|switch|p2a: Ferrothorn|Ferrothorn, F|59/100
|move|p1a: Tapu Lele|Focus Blast|p2a: Ferrothorn|[miss]
|-miss|p1a: Tapu Lele|p2a: Ferrothorn
|
|-heal|p2a: Ferrothorn|66/100|[from] item: Leftovers
|upkeep
|turn|40
|
|t:|1664558156
|move|p1a: Tapu Lele|Focus Blast|p2a: Ferrothorn
|-supereffective|p2a: Ferrothorn
|-damage|p2a: Ferrothorn|8/100
|move|p2a: Ferrothorn|Knock Off|p1a: Tapu Lele
|-crit|p1a: Tapu Lele
|-damage|p1a: Tapu Lele|0 fnt
|-enditem|p1a: Tapu Lele|Choice Scarf|[from] move: Knock Off|[of] p2a: Ferrothorn
|faint|p1a: Tapu Lele
|
|-heal|p2a: Ferrothorn|14/100|[from] item: Leftovers
|upkeep
|
|t:|1664558167
|switch|p1a: Buzzwole|Buzzwole|61/100 par
|-damage|p1a: Buzzwole|49/100 par|[from] Stealth Rock
|turn|41
|
|t:|1664558172
|cant|p1a: Buzzwole|par
|move|p2a: Ferrothorn|Knock Off|p1a: Buzzwole
|-resisted|p1a: Buzzwole
|-crit|p1a: Buzzwole
|-damage|p1a: Buzzwole|39/100 par
|-enditem|p1a: Buzzwole|Leftovers|[from] move: Knock Off|[of] p2a: Ferrothorn
|
|-heal|p2a: Ferrothorn|20/100|[from] item: Leftovers
|upkeep
|turn|42
|
|t:|1664558181
|switch|p2a: Tyranitar|Tyranitar, M|88/100
|-weather|Sandstorm|[from] ability: Sand Stream|[of] p2a: Tyranitar
|move|p1a: Buzzwole|Substitute|p1a: Buzzwole
|-start|p1a: Buzzwole|Substitute
|-damage|p1a: Buzzwole|14/100 par
|
|-weather|Sandstorm|[upkeep]
|-damage|p1a: Buzzwole|8/100 par|[from] Sandstorm
|upkeep
|turn|43
|
|t:|1664558192
|switch|p2a: Ferrothorn|Ferrothorn, F|20/100
|move|p1a: Buzzwole|Drain Punch|p2a: Ferrothorn
|-supereffective|p2a: Ferrothorn
|-crit|p2a: Ferrothorn
|-damage|p2a: Ferrothorn|0 fnt
|-heal|p1a: Buzzwole|17/100 par|[from] drain|[of] p2a: Ferrothorn
|-damage|p1a: Buzzwole|4/100 par|[from] ability: Iron Barbs|[of] p2a: Ferrothorn
|faint|p2a: Ferrothorn
|-ability|p1a: Buzzwole|Beast Boost|boost
|-boost|p1a: Buzzwole|atk|1
|
|-weather|Sandstorm|[upkeep]
|-damage|p1a: Buzzwole|0 fnt|[from] Sandstorm
|faint|p1a: Buzzwole
|-fieldend|move: Psychic Terrain
|upkeep
|-message|Terry kloak forfeited.
|
|win|chansey and lulu
|raw|Terry kloak's rating: 1743 &rarr; <strong>1729</strong><br />(-14 for losing)
|raw|chansey and lulu's rating: 1849 &rarr; <strong>1863</strong><br />(+14 for winning)
|l|☆Terry kloak
|l| BigAndyMan
