|j|☆enpathy
|j|☆Mollymiltoast
|t:|1645098701
|gametype|singles
|player|p1|enpathy|265|1641
|player|p2|Mollymiltoast|cyclist|1749
|teamsize|p1|6
|teamsize|p2|6
|gen|8
|tier|[Gen 8] OU
|rated|
|rule|Sleep Clause Mod: Limit one foe put to sleep
|rule|Species Clause: Limit one of each Pokémon
|rule|OHKO Clause: OHKO moves are banned
|rule|Evasion Moves Clause: Evasion moves are banned
|rule|Endless Battle Clause: Forcing endless battles is banned
|rule|HP Percentage Mod: HP is shown in percentages
|rule|Dynamax Clause: You cannot dynamax
|clearpoke
|poke|p1|Landorus-Therian, M|
|poke|p1|Corviknight, M|
|poke|p1|Tapu Koko|
|poke|p1|Toxapex, F|
|poke|p1|Weavile, M|
|poke|p1|Blacephalon|
|poke|p2|Torkoal, M|
|poke|p2|Dragapult, F|
|poke|p2|Venusaur, M|
|poke|p2|Heatran, F|
|poke|p2|Landorus-Therian, M|
|poke|p2|Tapu Fini|
|teampreview
|inactive|Battle timer is ON: inactive players will automatically lose when time's up. (requested by enpathy)
|j| lucky and godawful
|j| Trp0
|
|t:|1645098734
|start
|switch|p1a: Blacephalon|Blacephalon|100/100
|switch|p2a: Tapu Fini|Tapu Fini|100/100
|-fieldstart|move: Misty Terrain|[from] ability: Misty Surge|[of] p2a: Tapu Fini
|turn|1
|j| Byron Gym Leader
|j| Piloufis
|
|t:|1645098739
|switch|p1a: Toxapex|Toxapex, F|100/100
|move|p2a: Tapu Fini|Scald|p1a: Toxapex
|-resisted|p1a: Toxapex
|-damage|p1a: Toxapex|91/100
|-enditem|p1a: Toxapex|Eject Button
|
|t:|1645098744
|switch|p1a: Tapu Koko|Tapu Koko|100/100
|-fieldstart|move: Electric Terrain|[from] ability: Electric Surge|[of] p1a: Tapu Koko
|
|upkeep
|turn|2
|
|t:|1645098749
|switch|p2a: Torkoal|Torkoal, M|100/100
|-weather|SunnyDay|[from] ability: Drought|[of] p2a: Torkoal
|move|p1a: Tapu Koko|Toxic|p2a: Torkoal
|-status|p2a: Torkoal|tox
|
|-weather|SunnyDay|[upkeep]
|-damage|p2a: Torkoal|94/100 tox|[from] psn
|upkeep
|turn|3
|
|t:|1645098752
|move|p1a: Tapu Koko|Thunderbolt|p2a: Torkoal
|-damage|p2a: Torkoal|38/100 tox
|move|p2a: Torkoal|Stealth Rock|p1a: Tapu Koko
|-sidestart|p1: enpathy|move: Stealth Rock
|
|-weather|SunnyDay|[upkeep]
|-damage|p2a: Torkoal|26/100 tox|[from] psn
|upkeep
|turn|4
|j| Jacksonville Magic
|
|t:|1645098766
|switch|p2a: Heatran|Heatran, F|100/100
|move|p1a: Tapu Koko|U-turn|p2a: Heatran
|-resisted|p2a: Heatran
|-damage|p2a: Heatran|97/100
|
|t:|1645098773
|switch|p1a: Toxapex|Toxapex, F|100/100|[from]move: U-turn
|-damage|p1a: Toxapex|88/100|[from] Stealth Rock
|
|-weather|SunnyDay|[upkeep]
|upkeep
|turn|5
|
|t:|1645098780
|switch|p2a: Venusaur|Venusaur, M|100/100
|move|p1a: Toxapex|Knock Off|p2a: Venusaur
|-damage|p2a: Venusaur|79/100
|-enditem|p2a: Venusaur|Life Orb|[from] move: Knock Off|[of] p1a: Toxapex
|
|-weather|SunnyDay|[upkeep]
|-fieldend|move: Electric Terrain
|upkeep
|turn|6
|
|t:|1645098783
|move|p2a: Venusaur|Growth|p2a: Venusaur
|-boost|p2a: Venusaur|atk|2
|-boost|p2a: Venusaur|spa|2
|move|p1a: Toxapex|Haze|p1a: Toxapex
|-clearallboost
|
|-weather|SunnyDay|[upkeep]
|upkeep
|turn|7
|
|t:|1645098787
|move|p2a: Venusaur|Growth|p2a: Venusaur
|-boost|p2a: Venusaur|atk|2
|-boost|p2a: Venusaur|spa|2
|move|p1a: Toxapex|Haze|p1a: Toxapex
|-clearallboost
|
|-weather|SunnyDay|[upkeep]
|upkeep
|turn|8
|
|t:|1645098790
|move|p2a: Venusaur|Growth|p2a: Venusaur
|-boost|p2a: Venusaur|atk|2
|-boost|p2a: Venusaur|spa|2
|move|p1a: Toxapex|Haze|p1a: Toxapex
|-clearallboost
|
|-weather|SunnyDay|[upkeep]
|upkeep
|turn|9
|j| spectatoring
|
|t:|1645098794
|switch|p1a: Blacephalon|Blacephalon|100/100
|-damage|p1a: Blacephalon|76/100|[from] Stealth Rock
|move|p2a: Venusaur|Weather Ball|p1a: Blacephalon
|-resisted|p1a: Blacephalon
|-damage|p1a: Blacephalon|38/100
|
|-weather|none
|upkeep
|turn|10
|l| Jacksonville Magic
|
|t:|1645098799
|switch|p2a: Tapu Fini|Tapu Fini|100/100
|-fieldstart|move: Misty Terrain|[from] ability: Misty Surge|[of] p2a: Tapu Fini
|move|p1a: Blacephalon|Shadow Ball|p2a: Tapu Fini
|-damage|p2a: Tapu Fini|41/100
|
|-heal|p2a: Tapu Fini|47/100|[from] item: Leftovers
|upkeep
|turn|11
|
|t:|1645098803
|switch|p2a: Torkoal|Torkoal, M|26/100 tox
|-weather|SunnyDay|[from] ability: Drought|[of] p2a: Torkoal
|move|p1a: Blacephalon|Shadow Ball|p2a: Torkoal
|-damage|p2a: Torkoal|0 fnt
|faint|p2a: Torkoal
|-ability|p1a: Blacephalon|Beast Boost|boost
|-boost|p1a: Blacephalon|spa|1
|
|-weather|SunnyDay|[upkeep]
|upkeep
|j| ModernEra
|
|t:|1645098805
|switch|p2a: Venusaur|Venusaur, M|79/100
|turn|12
|
|t:|1645098814
|move|p2a: Venusaur|Earth Power|p1a: Blacephalon
|-supereffective|p1a: Blacephalon
|-crit|p1a: Blacephalon
|-damage|p1a: Blacephalon|0 fnt
|faint|p1a: Blacephalon
|
|-weather|SunnyDay|[upkeep]
|upkeep
|
|t:|1645098819
|switch|p1a: Landorus|Landorus-Therian, M|100/100
|-damage|p1a: Landorus|88/100|[from] Stealth Rock
|-ability|p1a: Landorus|Intimidate|boost
|-unboost|p2a: Venusaur|atk|1
|turn|13
|
|t:|1645098826
|move|p2a: Venusaur|Giga Drain|p1a: Landorus
|-damage|p1a: Landorus|61/100
|-heal|p2a: Venusaur|96/100|[from] drain|[of] p1a: Landorus
|move|p1a: Landorus|U-turn|p2a: Venusaur
|-damage|p2a: Venusaur|67/100
|
|t:|1645098829
|switch|p1a: Weavile|Weavile, M|100/100|[from]move: U-turn
|-damage|p1a: Weavile|76/100|[from] Stealth Rock
|-ability|p1a: Weavile|Pressure
|
|-weather|SunnyDay|[upkeep]
|upkeep
|turn|14
|
|t:|1645098831
|switch|p2a: Heatran|Heatran, F|97/100
|move|p1a: Weavile|Ice Shard|p2a: Heatran
|-resisted|p2a: Heatran
|-damage|p2a: Heatran|88/100
|
|-weather|SunnyDay|[upkeep]
|-fieldend|Misty Terrain
|upkeep
|turn|15
|
|t:|1645098833
|switch|p1a: Toxapex|Toxapex, F|100/100
|-damage|p1a: Toxapex|88/100|[from] Stealth Rock
|move|p2a: Heatran|Eruption|p1a: Toxapex
|-resisted|p1a: Toxapex
|-damage|p1a: Toxapex|52/100
|
|-weather|SunnyDay|[upkeep]
|upkeep
|turn|16
|
|t:|1645098843
|switch|p2a: Venusaur|Venusaur, M|67/100
|move|p1a: Toxapex|Recover|p1a: Toxapex
|-heal|p1a: Toxapex|100/100
|
|-weather|SunnyDay|[upkeep]
|upkeep
|turn|17
|
|t:|1645098847
|move|p2a: Venusaur|Earth Power|p1a: Toxapex
|-supereffective|p1a: Toxapex
|-damage|p1a: Toxapex|62/100
|move|p1a: Toxapex|Haze|p1a: Toxapex
|-clearallboost
|
|-weather|SunnyDay|[upkeep]
|upkeep
|turn|18
|
|t:|1645098852
|move|p2a: Venusaur|Growth|p2a: Venusaur
|-boost|p2a: Venusaur|atk|2
|-boost|p2a: Venusaur|spa|2
|move|p1a: Toxapex|Haze|p1a: Toxapex
|-clearallboost
|
|-weather|none
|upkeep
|turn|19
|
|t:|1645098858
|switch|p2a: Landorus|Landorus-Therian, M|100/100
|-ability|p2a: Landorus|Intimidate|boost
|-unboost|p1a: Toxapex|atk|1
|switch|p1a: Corviknight|Corviknight, M|100/100
|-damage|p1a: Corviknight|88/100|[from] Stealth Rock
|-ability|p1a: Corviknight|Pressure
|
|upkeep
|turn|20
|
|t:|1645098861
|move|p2a: Landorus|Smack Down|p1a: Corviknight
|-damage|p1a: Corviknight|77/100
|-start|p1a: Corviknight|Smack Down
|move|p1a: Corviknight|Defog|p2a: Landorus
|-unboost|p2a: Landorus|evasion|1
|-sideend|p1: enpathy|Stealth Rock|[from] move: Defog|[of] p1a: Corviknight
|
|upkeep
|turn|21
|
|t:|1645098868
|switch|p2a: Tapu Fini|Tapu Fini|47/100
|-fieldstart|move: Misty Terrain|[from] ability: Misty Surge|[of] p2a: Tapu Fini
|switch|p1a: Landorus|Landorus-Therian, M|61/100
|-ability|p1a: Landorus|Intimidate|boost
|-unboost|p2a: Tapu Fini|atk|1
|
|-heal|p2a: Tapu Fini|53/100|[from] item: Leftovers
|-heal|p1a: Landorus|67/100|[from] item: Leftovers
|upkeep
|turn|22
|
|t:|1645098872
|switch|p1a: Tapu Koko|Tapu Koko|100/100
|-fieldstart|move: Electric Terrain|[from] ability: Electric Surge|[of] p1a: Tapu Koko
|move|p2a: Tapu Fini|Scald|p1a: Tapu Koko
|-damage|p1a: Tapu Koko|54/100
|
|-heal|p2a: Tapu Fini|60/100|[from] item: Leftovers
|upkeep
|turn|23
|j| Rocket's Snorlax
|
|t:|1645098889
|switch|p2a: Landorus|Landorus-Therian, M|100/100
|-ability|p2a: Landorus|Intimidate|boost
|-unboost|p1a: Tapu Koko|atk|1
|move|p1a: Tapu Koko|Roost|p1a: Tapu Koko
|-heal|p1a: Tapu Koko|100/100
|-singleturn|p1a: Tapu Koko|move: Roost
|
|upkeep
|turn|24
|j| Martinolenul
|
|t:|1645098902
|move|p1a: Tapu Koko|U-turn|p2a: Landorus
|-resisted|p2a: Landorus
|-damage|p2a: Landorus|95/100
|
|t:|1645098904
|switch|p1a: Corviknight|Corviknight, M|77/100|[from]move: U-turn
|-ability|p1a: Corviknight|Pressure
|move|p2a: Landorus|Smack Down|p1a: Corviknight
|-damage|p1a: Corviknight|65/100
|-start|p1a: Corviknight|Smack Down
|
|-heal|p2a: Landorus|100/100|[from] item: Leftovers
|upkeep
|turn|25
|
|t:|1645098919
|switch|p1a: Landorus|Landorus-Therian, M|67/100
|-ability|p1a: Landorus|Intimidate|boost
|-unboost|p2a: Landorus|atk|1
|move|p2a: Landorus|Bulk Up|p2a: Landorus
|-boost|p2a: Landorus|atk|1
|-boost|p2a: Landorus|def|1
|
|-heal|p1a: Landorus|73/100|[from] item: Leftovers
|upkeep
|turn|26
|l| Piloufis
|
|t:|1645098922
|move|p2a: Landorus|Substitute|p2a: Landorus
|-start|p2a: Landorus|Substitute
|-damage|p2a: Landorus|76/100
|move|p1a: Landorus|U-turn|p2a: Landorus
|-resisted|p2a: Landorus
|-activate|p2a: Landorus|move: Substitute|[damage]
|
|t:|1645098924
|switch|p1a: Weavile|Weavile, M|76/100|[from]move: U-turn
|-ability|p1a: Weavile|Pressure
|
|-heal|p2a: Landorus|82/100|[from] item: Leftovers
|-fieldend|move: Electric Terrain
|upkeep
|turn|27
|
|t:|1645098926
|switch|p2a: Heatran|Heatran, F|88/100
|move|p1a: Weavile|Triple Axel|p2a: Heatran
|-resisted|p2a: Heatran
|-damage|p2a: Heatran|84/100
|-resisted|p2a: Heatran
|-damage|p2a: Heatran|76/100
|-hitcount|p2a: Heatran|2
|
|upkeep
|turn|28
|
|t:|1645098938
|switch|p2a: Landorus|Landorus-Therian, M|82/100
|-ability|p2a: Landorus|Intimidate|boost
|-unboost|p1a: Weavile|atk|1
|switch|p1a: Toxapex|Toxapex, F|96/100
|
|-heal|p2a: Landorus|88/100|[from] item: Leftovers
|upkeep
|turn|29
|
|t:|1645098945
|switch|p1a: Landorus|Landorus-Therian, M|73/100
|-ability|p1a: Landorus|Intimidate|boost
|-unboost|p2a: Landorus|atk|1
|move|p2a: Landorus|Substitute|p2a: Landorus
|-start|p2a: Landorus|Substitute
|-damage|p2a: Landorus|63/100
|
|-heal|p2a: Landorus|69/100|[from] item: Leftovers
|-heal|p1a: Landorus|80/100|[from] item: Leftovers
|upkeep
|turn|30
|
|t:|1645098947
|move|p2a: Landorus|Bulk Up|p2a: Landorus
|-boost|p2a: Landorus|atk|1
|-boost|p2a: Landorus|def|1
|move|p1a: Landorus|U-turn|p2a: Landorus
|-resisted|p2a: Landorus
|-activate|p2a: Landorus|move: Substitute|[damage]
|
|t:|1645098950
|switch|p1a: Weavile|Weavile, M|76/100|[from]move: U-turn
|-ability|p1a: Weavile|Pressure
|
|-heal|p2a: Landorus|75/100|[from] item: Leftovers
|upkeep
|turn|31
|
|t:|1645098952
|switch|p2a: Heatran|Heatran, F|76/100
|move|p1a: Weavile|Triple Axel|p2a: Heatran|[miss]
|-miss|p1a: Weavile|p2a: Heatran
|
|upkeep
|turn|32
|
|t:|1645098963
|switch|p2a: Landorus|Landorus-Therian, M|75/100
|-ability|p2a: Landorus|Intimidate|boost
|-unboost|p1a: Weavile|atk|1
|switch|p1a: Toxapex|Toxapex, F|100/100
|
|-heal|p2a: Landorus|81/100|[from] item: Leftovers
|upkeep
|turn|33
|
|t:|1645098967
|switch|p1a: Landorus|Landorus-Therian, M|80/100
|-ability|p1a: Landorus|Intimidate|boost
|-unboost|p2a: Landorus|atk|1
|move|p2a: Landorus|Substitute|p2a: Landorus
|-start|p2a: Landorus|Substitute
|-damage|p2a: Landorus|56/100
|
|-heal|p2a: Landorus|62/100|[from] item: Leftovers
|-heal|p1a: Landorus|86/100|[from] item: Leftovers
|upkeep
|turn|34
|
|t:|1645098969
|move|p2a: Landorus|Bulk Up|p2a: Landorus
|-boost|p2a: Landorus|atk|1
|-boost|p2a: Landorus|def|1
|move|p1a: Landorus|U-turn|p2a: Landorus
|-resisted|p2a: Landorus
|-activate|p2a: Landorus|move: Substitute|[damage]
|
|t:|1645098971
|switch|p1a: Weavile|Weavile, M|76/100|[from]move: U-turn
|-ability|p1a: Weavile|Pressure
|
|-heal|p2a: Landorus|68/100|[from] item: Leftovers
|upkeep
|turn|35
|
|t:|1645098973
|switch|p2a: Heatran|Heatran, F|76/100
|move|p1a: Weavile|Triple Axel|p2a: Heatran
|-resisted|p2a: Heatran
|-damage|p2a: Heatran|72/100
|-resisted|p2a: Heatran
|-damage|p2a: Heatran|64/100
|-status|p1a: Weavile|brn|[from] ability: Flame Body|[of] p2a: Heatran
|-resisted|p2a: Heatran
|-crit|p2a: Heatran
|-damage|p2a: Heatran|56/100
|-hitcount|p2a: Heatran|3
|
|-damage|p1a: Weavile|70/100 brn|[from] brn
|upkeep
|turn|36
|j| BabyPigsAreLaughin
|
|t:|1645098997
|switch|p1a: Landorus|Landorus-Therian, M|86/100
|-ability|p1a: Landorus|Intimidate|boost
|-unboost|p2a: Heatran|atk|1
|move|p2a: Heatran|Earth Power|p1a: Landorus
|-immune|p1a: Landorus
|
|-heal|p1a: Landorus|92/100|[from] item: Leftovers
|upkeep
|turn|37
|
|t:|1645099008
|switch|p2a: Tapu Fini|Tapu Fini|60/100
|-fieldstart|move: Misty Terrain|[from] ability: Misty Surge|[of] p2a: Tapu Fini
|move|p1a: Landorus|Earthquake|p2a: Tapu Fini
|-damage|p2a: Tapu Fini|19/100
|
|-heal|p2a: Tapu Fini|25/100|[from] item: Leftovers
|-heal|p1a: Landorus|98/100|[from] item: Leftovers
|upkeep
|turn|38
|
|t:|1645099012
|switch|p1a: Toxapex|Toxapex, F|100/100
|move|p2a: Tapu Fini|Scald|p1a: Toxapex
|-resisted|p1a: Toxapex
|-damage|p1a: Toxapex|91/100
|
|-heal|p2a: Tapu Fini|32/100|[from] item: Leftovers
|upkeep
|turn|39
|
|t:|1645099016
|switch|p2a: Venusaur|Venusaur, M|67/100
|move|p1a: Toxapex|Knock Off|p2a: Venusaur
|-damage|p2a: Venusaur|54/100
|
|upkeep
|turn|40
|j| Jacksonville Magic
|
|t:|1645099019
|switch|p1a: Corviknight|Corviknight, M|65/100
|-ability|p1a: Corviknight|Pressure
|move|p2a: Venusaur|Earth Power|p1a: Corviknight
|-immune|p1a: Corviknight
|
|upkeep
|turn|41
|
|t:|1645099026
|switch|p2a: Landorus|Landorus-Therian, M|68/100
|-ability|p2a: Landorus|Intimidate|boost
|-unboost|p1a: Corviknight|atk|1
|move|p1a: Corviknight|U-turn|p2a: Landorus
|-resisted|p2a: Landorus
|-damage|p2a: Landorus|63/100
|
|t:|1645099030
|switch|p1a: Weavile|Weavile, M|70/100 brn|[from]move: U-turn
|-ability|p1a: Weavile|Pressure
|
|-heal|p2a: Landorus|69/100|[from] item: Leftovers
|-damage|p1a: Weavile|63/100 brn|[from] brn
|-fieldend|Misty Terrain
|upkeep
|turn|42
|
|t:|1645099036
|switch|p2a: Tapu Fini|Tapu Fini|32/100
|-fieldstart|move: Misty Terrain|[from] ability: Misty Surge|[of] p2a: Tapu Fini
|move|p1a: Weavile|Knock Off|p2a: Tapu Fini
|-resisted|p2a: Tapu Fini
|-damage|p2a: Tapu Fini|13/100
|-enditem|p2a: Tapu Fini|Leftovers|[from] move: Knock Off|[of] p1a: Weavile
|
|-damage|p1a: Weavile|57/100 brn|[from] brn
|upkeep
|turn|43
|
|t:|1645099046
|switch|p1a: Tapu Koko|Tapu Koko|100/100
|-fieldstart|move: Electric Terrain|[from] ability: Electric Surge|[of] p1a: Tapu Koko
|move|p2a: Tapu Fini|Calm Mind|p2a: Tapu Fini
|-boost|p2a: Tapu Fini|spa|1
|-boost|p2a: Tapu Fini|spd|1
|
|upkeep
|turn|44
|
|t:|1645099050
|switch|p2a: Venusaur|Venusaur, M|54/100
|move|p1a: Tapu Koko|Thunderbolt|p2a: Venusaur
|-resisted|p2a: Venusaur
|-damage|p2a: Venusaur|33/100
|
|upkeep
|turn|45
|
|t:|1645099054
|switch|p2a: Landorus|Landorus-Therian, M|69/100
|-ability|p2a: Landorus|Intimidate|boost
|-unboost|p1a: Tapu Koko|atk|1
|move|p1a: Tapu Koko|U-turn|p2a: Landorus
|-resisted|p2a: Landorus
|-damage|p2a: Landorus|64/100
|
|t:|1645099059
|switch|p1a: Weavile|Weavile, M|57/100 brn|[from]move: U-turn
|-ability|p1a: Weavile|Pressure
|
|-heal|p2a: Landorus|70/100|[from] item: Leftovers
|-damage|p1a: Weavile|51/100 brn|[from] brn
|upkeep
|turn|46
|
|t:|1645099062
|switch|p2a: Heatran|Heatran, F|56/100
|move|p1a: Weavile|Knock Off|p2a: Heatran
|-damage|p2a: Heatran|18/100
|-enditem|p2a: Heatran|Choice Scarf|[from] move: Knock Off|[of] p1a: Weavile
|
|-damage|p1a: Weavile|45/100 brn|[from] brn
|upkeep
|turn|47
|
|t:|1645099067
|switch|p2a: Landorus|Landorus-Therian, M|70/100
|-ability|p2a: Landorus|Intimidate|boost
|-unboost|p1a: Weavile|atk|1
|move|p1a: Weavile|Knock Off|p2a: Landorus
|-damage|p2a: Landorus|45/100
|-enditem|p2a: Landorus|Leftovers|[from] move: Knock Off|[of] p1a: Weavile
|
|-damage|p1a: Weavile|39/100 brn|[from] brn
|-fieldend|move: Electric Terrain
|upkeep
|turn|48
|
|t:|1645099075
|switch|p1a: Corviknight|Corviknight, M|65/100
|-ability|p1a: Corviknight|Pressure
|move|p2a: Landorus|Bulk Up|p2a: Landorus
|-boost|p2a: Landorus|atk|1
|-boost|p2a: Landorus|def|1
|
|upkeep
|turn|49
|
|t:|1645099090
|move|p2a: Landorus|Bulk Up|p2a: Landorus
|-boost|p2a: Landorus|atk|1
|-boost|p2a: Landorus|def|1
|move|p1a: Corviknight|U-turn|p2a: Landorus
|-resisted|p2a: Landorus
|-crit|p2a: Landorus
|-damage|p2a: Landorus|34/100
|
|t:|1645099092
|switch|p1a: Weavile|Weavile, M|39/100 brn|[from]move: U-turn
|-ability|p1a: Weavile|Pressure
|
|-damage|p1a: Weavile|33/100 brn|[from] brn
|upkeep
|turn|50
|
|t:|1645099100
|move|p1a: Weavile|Ice Shard|p2a: Landorus
|-supereffective|p2a: Landorus
|-damage|p2a: Landorus|3/100
|move|p2a: Landorus|Smack Down|p1a: Weavile
|-supereffective|p1a: Weavile
|-damage|p1a: Weavile|0 fnt
|faint|p1a: Weavile
|
|upkeep
|
|t:|1645099104
|switch|p1a: Tapu Koko|Tapu Koko|100/100
|-fieldstart|move: Electric Terrain|[from] ability: Electric Surge|[of] p1a: Tapu Koko
|turn|51
|
|t:|1645099112
|switch|p2a: Heatran|Heatran, F|18/100
|move|p1a: Tapu Koko|U-turn|p2a: Heatran
|-resisted|p2a: Heatran
|-damage|p2a: Heatran|14/100
|j| TKMOZ
|
|t:|1645099125
|switch|p1a: Toxapex|Toxapex, F|100/100|[from]move: U-turn
|
|upkeep
|turn|52
|
|t:|1645099129
|move|p2a: Heatran|Earth Power|p1a: Toxapex
|-supereffective|p1a: Toxapex
|-damage|p1a: Toxapex|54/100
|move|p1a: Toxapex|Scald|p2a: Heatran
|-supereffective|p2a: Heatran
|-damage|p2a: Heatran|0 fnt
|faint|p2a: Heatran
|
|upkeep
|
|t:|1645099133
|switch|p2a: Dragapult|Dragapult, F|100/100
|turn|53
|
|t:|1645099141
|move|p2a: Dragapult|Dragon Darts|p1a: Toxapex
|-crit|p1a: Toxapex
|-damage|p1a: Toxapex|10/100
|-anim|p2a: Dragapult|Dragon Darts|p1a: Toxapex
|-damage|p1a: Toxapex|0 fnt
|faint|p1a: Toxapex
|
|upkeep
|
|t:|1645099142
|switch|p1a: Tapu Koko|Tapu Koko|100/100
|turn|54
|
|t:|1645099167
|switch|p2a: Venusaur|Venusaur, M|33/100
|move|p1a: Tapu Koko|U-turn|p2a: Venusaur
|-damage|p2a: Venusaur|11/100
|
|t:|1645099170
|switch|p1a: Corviknight|Corviknight, M|65/100|[from]move: U-turn
|-ability|p1a: Corviknight|Pressure
|
|upkeep
|turn|55
|
|t:|1645099174
|switch|p2a: Dragapult|Dragapult, F|100/100
|move|p1a: Corviknight|Roost|p1a: Corviknight
|-heal|p1a: Corviknight|100/100
|-singleturn|p1a: Corviknight|move: Roost
|
|-fieldend|move: Electric Terrain
|upkeep
|turn|56
|
|t:|1645099191
|switch|p1a: Tapu Koko|Tapu Koko|100/100
|-fieldstart|move: Electric Terrain|[from] ability: Electric Surge|[of] p1a: Tapu Koko
|move|p2a: Dragapult|U-turn|p1a: Tapu Koko
|-resisted|p1a: Tapu Koko
|-damage|p1a: Tapu Koko|81/100
|-damage|p2a: Dragapult|84/100|[from] item: Rocky Helmet|[of] p1a: Tapu Koko
|l| Jacksonville Magic
|
|t:|1645099201
|switch|p2a: Tapu Fini|Tapu Fini|13/100|[from]move: U-turn
|-fieldstart|move: Misty Terrain|[from] ability: Misty Surge|[of] p2a: Tapu Fini
|
|upkeep
|turn|57
|
|t:|1645099204
|switch|p2a: Dragapult|Dragapult, F|84/100
|move|p1a: Tapu Koko|Thunderbolt|p2a: Dragapult
|-resisted|p2a: Dragapult
|-damage|p2a: Dragapult|64/100
|
|upkeep
|turn|58
|
|t:|1645099210
|move|p1a: Tapu Koko|Roost|p1a: Tapu Koko
|-heal|p1a: Tapu Koko|100/100
|-singleturn|p1a: Tapu Koko|move: Roost
|move|p2a: Dragapult|Phantom Force||[still]
|-prepare|p2a: Dragapult|Phantom Force
|
|upkeep
|turn|59
|
|t:|1645099212
|switch|p1a: Corviknight|Corviknight, M|100/100
|-ability|p1a: Corviknight|Pressure
|move|p2a: Dragapult|Phantom Force|p1a: Corviknight|[from]lockedmove
|-damage|p1a: Corviknight|56/100
|-damage|p2a: Dragapult|48/100|[from] item: Rocky Helmet|[of] p1a: Corviknight
|
|upkeep
|turn|60
|
|t:|1645099219
|switch|p2a: Tapu Fini|Tapu Fini|13/100
|move|p1a: Corviknight|Roost|p1a: Corviknight
|-heal|p1a: Corviknight|100/100
|-singleturn|p1a: Corviknight|move: Roost
|
|-fieldend|Misty Terrain
|upkeep
|turn|61
|
|t:|1645099221
|switch|p1a: Tapu Koko|Tapu Koko|100/100
|-fieldstart|move: Electric Terrain|[from] ability: Electric Surge|[of] p1a: Tapu Koko
|move|p2a: Tapu Fini|Scald|p1a: Tapu Koko
|-damage|p1a: Tapu Koko|56/100
|
|upkeep
|turn|62
|
|t:|1645099225
|switch|p2a: Dragapult|Dragapult, F|48/100
|move|p1a: Tapu Koko|Thunderbolt|p2a: Dragapult
|-resisted|p2a: Dragapult
|-damage|p2a: Dragapult|23/100
|
|upkeep
|turn|63
|
|t:|1645099231
|move|p1a: Tapu Koko|Roost|p1a: Tapu Koko
|-heal|p1a: Tapu Koko|100/100
|-singleturn|p1a: Tapu Koko|move: Roost
|move|p2a: Dragapult|Steel Wing|p1a: Tapu Koko
|-damage|p1a: Tapu Koko|64/100
|-damage|p2a: Dragapult|6/100|[from] item: Rocky Helmet|[of] p1a: Tapu Koko
|
|upkeep
|turn|64
|
|t:|1645099236
|switch|p2a: Landorus|Landorus-Therian, M|3/100
|-ability|p2a: Landorus|Intimidate|boost
|-unboost|p1a: Tapu Koko|atk|1
|move|p1a: Tapu Koko|Thunderbolt|p2a: Landorus
|-immune|p2a: Landorus
|
|upkeep
|turn|65
|
|t:|1645099239
|switch|p2a: Tapu Fini|Tapu Fini|13/100
|-fieldstart|move: Misty Terrain|[from] ability: Misty Surge|[of] p2a: Tapu Fini
|move|p1a: Tapu Koko|U-turn|p2a: Tapu Fini
|-resisted|p2a: Tapu Fini
|-damage|p2a: Tapu Fini|8/100
|
|t:|1645099243
|switch|p1a: Corviknight|Corviknight, M|100/100|[from]move: U-turn
|-ability|p1a: Corviknight|Pressure
|
|upkeep
|turn|66
|
|t:|1645099247
|move|p2a: Tapu Fini|Scald|p1a: Corviknight
|-damage|p1a: Corviknight|70/100
|move|p1a: Corviknight|U-turn|p2a: Tapu Fini
|-resisted|p2a: Tapu Fini
|-damage|p2a: Tapu Fini|1/100
|
|t:|1645099248
|switch|p1a: Tapu Koko|Tapu Koko|64/100|[from]move: U-turn
|-fieldstart|move: Electric Terrain|[from] ability: Electric Surge|[of] p1a: Tapu Koko
|
|upkeep
|turn|67
|
|t:|1645099254
|move|p1a: Tapu Koko|Thunderbolt|p2a: Tapu Fini
|-supereffective|p2a: Tapu Fini
|-damage|p2a: Tapu Fini|0 fnt
|faint|p2a: Tapu Fini
|
|upkeep
|
|t:|1645099261
|switch|p2a: Venusaur|Venusaur, M|11/100
|turn|68
|
|t:|1645099264
|switch|p2a: Landorus|Landorus-Therian, M|3/100
|-ability|p2a: Landorus|Intimidate|boost
|-unboost|p1a: Tapu Koko|atk|1
|move|p1a: Tapu Koko|Thunderbolt|p2a: Landorus
|-immune|p2a: Landorus
|
|upkeep
|turn|69
|
|t:|1645099269
|switch|p2a: Venusaur|Venusaur, M|11/100
|move|p1a: Tapu Koko|U-turn|p2a: Venusaur
|-damage|p2a: Venusaur|0 fnt
|faint|p2a: Venusaur
|
|t:|1645099273
|switch|p1a: Corviknight|Corviknight, M|70/100|[from]move: U-turn
|-ability|p1a: Corviknight|Pressure
|
|upkeep
|-message|Mollymiltoast forfeited.
|
|win|enpathy
|raw|enpathy's rating: 1641 &rarr; <strong>1667</strong><br />(+26 for winning)
|raw|Mollymiltoast's rating: 1749 &rarr; <strong>1723</strong><br />(-26 for losing)
|l|☆Mollymiltoast
|l|☆enpathy
|l| TKMOZ
|l| spectatoring
|l| Byron Gym Leader
|l| BabyPigsAreLaughin
|l| Trp0
|j|☆enpathy
|player|p1|enpathy|265
