|j|☆Xd kokopants4939
|j|☆2(H2O)-Alt
|t:|1656440928
|gametype|singles
|player|p1|Xd kokopants4939|hilbert|1707
|player|p2|2(H2O)-Alt|chase|1728
|teamsize|p1|6
|teamsize|p2|6
|gen|8
|tier|[Gen 8] OU
|rated|
|rule|Sleep Clause Mod: Limit one foe put to sleep
|rule|Species Clause: Limit one of each Pokémon
|rule|OHKO Clause: OHKO moves are banned
|rule|Evasion Moves Clause: Evasion moves are banned
|rule|Endless Battle Clause: Forcing endless battles is banned
|rule|HP Percentage Mod: HP is shown in percentages
|rule|Dynamax Clause: You cannot dynamax
|clearpoke
|poke|p1|Landorus-Therian, M|
|poke|p1|Blissey, F|
|poke|p1|Toxapex, F|
|poke|p1|Corviknight, F|
|poke|p1|Dragapult, M|
|poke|p1|Kartana|
|poke|p2|Tapu Koko|
|poke|p2|Decidueye, M|
|poke|p2|Slowbro, M|
|poke|p2|Landorus-Therian, M|
|poke|p2|Tyranitar, M|
|poke|p2|Corviknight, M|
|teampreview
|inactive|Battle timer is ON: inactive players will automatically lose when time's up. (requested by 2(H2O)-Alt)
|
|t:|1656440950
|start
|switch|p1a: Dragapult|Dragapult, M|100/100
|switch|p2a: Landorus|Landorus-Therian, M|100/100
|-ability|p2a: Landorus|Intimidate|boost
|-unboost|p1a: Dragapult|atk|1
|turn|1
|
|t:|1656440968
|move|p1a: Dragapult|U-turn|p2a: Landorus
|-resisted|p2a: Landorus
|-damage|p2a: Landorus|96/100
|j| pollopollopo
|
|t:|1656440975
|switch|p1a: Toxapex|Toxapex, F|100/100|[from]move: U-turn
|move|p2a: Landorus|Stealth Rock|p1a: Toxapex
|-sidestart|p1: Xd kokopants4939|move: Stealth Rock
|
|-heal|p2a: Landorus|100/100|[from] item: Leftovers
|upkeep
|turn|2
|
|t:|1656440977
|move|p2a: Landorus|Earthquake|p1a: Toxapex
|-supereffective|p1a: Toxapex
|-damage|p1a: Toxapex|45/100
|move|p1a: Toxapex|Knock Off|p2a: Landorus
|-damage|p2a: Landorus|85/100
|-enditem|p2a: Landorus|Leftovers|[from] move: Knock Off|[of] p1a: Toxapex
|
|upkeep
|turn|3
|
|t:|1656440982
|switch|p1a: Corviknight|Corviknight, F|100/100
|-damage|p1a: Corviknight|88/100|[from] Stealth Rock
|-ability|p1a: Corviknight|Pressure
|move|p2a: Landorus|U-turn|p1a: Corviknight
|-resisted|p1a: Corviknight
|-damage|p1a: Corviknight|85/100
|
|t:|1656440984
|switch|p2a: Slowbro|Slowbro, M|100/100|[from]move: U-turn
|
|upkeep
|turn|4
|
|t:|1656440990
|move|p1a: Corviknight|Defog|p2a: Slowbro
|-unboost|p2a: Slowbro|evasion|1
|-sideend|p1: Xd kokopants4939|Stealth Rock|[from] move: Defog|[of] p1a: Corviknight
|move|p2a: Slowbro|Future Sight|p1a: Corviknight
|-start|p2a: Slowbro|move: Future Sight
|
|upkeep
|turn|5
|j| Nix & Nega
|
|t:|1656440995
|switch|p1a: Blissey|Blissey, F|100/100
|move|p2a: Slowbro|Teleport|p2a: Slowbro
|
|t:|1656440998
|switch|p2a: Tyranitar|Tyranitar, M|100/100|[from]move: Teleport
|-weather|Sandstorm|[from] ability: Sand Stream|[of] p2a: Tyranitar
|
|-weather|Sandstorm|[upkeep]
|-damage|p1a: Blissey|94/100|[from] Sandstorm
|-heal|p1a: Blissey|100/100|[from] item: Leftovers
|upkeep
|turn|6
|
|t:|1656441007
|move|p1a: Blissey|Protect|p1a: Blissey
|-singleturn|p1a: Blissey|Protect
|move|p2a: Tyranitar|Crunch|p1a: Blissey
|-activate|p1a: Blissey|move: Protect
|
|-weather|Sandstorm|[upkeep]
|-damage|p1a: Blissey|94/100|[from] Sandstorm
|-end|p1a: Blissey|move: Future Sight
|-damage|p1a: Blissey|80/100
|-heal|p1a: Blissey|86/100|[from] item: Leftovers
|upkeep
|turn|7
|
|t:|1656441019
|switch|p1a: Landorus|Landorus-Therian, M|100/100
|-ability|p1a: Landorus|Intimidate|boost
|-unboost|p2a: Tyranitar|atk|1
|move|p2a: Tyranitar|Crunch|p1a: Landorus
|-damage|p1a: Landorus|56/100
|
|-weather|Sandstorm|[upkeep]
|-heal|p1a: Landorus|62/100|[from] item: Leftovers
|upkeep
|turn|8
|
|t:|1656441028
|switch|p2a: Corviknight|Corviknight, M|100/100
|-ability|p2a: Corviknight|Pressure
|move|p1a: Landorus|Stealth Rock|p2a: Corviknight
|-sidestart|p2: 2(H2O)-Alt|move: Stealth Rock
|
|-weather|Sandstorm|[upkeep]
|-heal|p1a: Landorus|68/100|[from] item: Leftovers
|upkeep
|turn|9
|
|t:|1656441034
|switch|p1a: Toxapex|Toxapex, F|78/100
|move|p2a: Corviknight|Defog|p1a: Toxapex
|-unboost|p1a: Toxapex|evasion|1
|-sideend|p2: 2(H2O)-Alt|Stealth Rock|[from] move: Defog|[of] p2a: Corviknight
|
|-weather|none
|upkeep
|turn|10
|
|t:|1656441038
|move|p2a: Corviknight|U-turn|p1a: Toxapex
|-resisted|p1a: Toxapex
|-damage|p1a: Toxapex|74/100
|-damage|p2a: Corviknight|84/100|[from] item: Rocky Helmet|[of] p1a: Toxapex
|
|t:|1656441039
|switch|p2a: Landorus|Landorus-Therian, M|85/100|[from]move: U-turn
|-ability|p2a: Landorus|Intimidate|boost
|-unboost|p1a: Toxapex|atk|1
|move|p1a: Toxapex|Knock Off|p2a: Landorus
|-damage|p2a: Landorus|78/100
|
|upkeep
|turn|11
|
|t:|1656441042
|switch|p1a: Corviknight|Corviknight, F|85/100
|-ability|p1a: Corviknight|Pressure
|move|p2a: Landorus|Stealth Rock|p1a: Corviknight
|-sidestart|p1: Xd kokopants4939|move: Stealth Rock
|
|upkeep
|turn|12
|
|t:|1656441046
|move|p2a: Landorus|U-turn|p1a: Corviknight
|-resisted|p1a: Corviknight
|-damage|p1a: Corviknight|82/100
|
|t:|1656441050
|switch|p2a: Tapu Koko|Tapu Koko|100/100|[from]move: U-turn
|-fieldstart|move: Electric Terrain|[from] ability: Electric Surge|[of] p2a: Tapu Koko
|move|p1a: Corviknight|Defog|p2a: Tapu Koko
|-unboost|p2a: Tapu Koko|evasion|1
|-sideend|p1: Xd kokopants4939|Stealth Rock|[from] move: Defog|[of] p1a: Corviknight
|-fieldend|move: Electric Terrain
|
|upkeep
|turn|13
|
|t:|1656441053
|switch|p1a: Landorus|Landorus-Therian, M|68/100
|-ability|p1a: Landorus|Intimidate|boost
|-unboost|p2a: Tapu Koko|atk|1
|move|p2a: Tapu Koko|U-turn|p1a: Landorus
|-resisted|p1a: Landorus
|-damage|p1a: Landorus|63/100
|
|t:|1656441057
|switch|p2a: Slowbro|Slowbro, M|100/100|[from]move: U-turn
|
|-heal|p1a: Landorus|69/100|[from] item: Leftovers
|upkeep
|turn|14
|
|t:|1656441068
|move|p1a: Landorus|Toxic|p2a: Slowbro
|-status|p2a: Slowbro|tox
|move|p2a: Slowbro|Scald|p1a: Landorus
|-supereffective|p1a: Landorus
|-damage|p1a: Landorus|29/100
|
|-heal|p1a: Landorus|35/100|[from] item: Leftovers
|-damage|p2a: Slowbro|94/100 tox|[from] psn
|upkeep
|turn|15
|j| Ran Kob
|
|t:|1656441073
|switch|p1a: Blissey|Blissey, F|86/100
|move|p2a: Slowbro|Teleport|p2a: Slowbro
|
|t:|1656441076
|switch|p2a: Tyranitar|Tyranitar, M|100/100|[from]move: Teleport
|-weather|Sandstorm|[from] ability: Sand Stream|[of] p2a: Tyranitar
|
|-weather|Sandstorm|[upkeep]
|-damage|p1a: Blissey|80/100|[from] Sandstorm
|-heal|p1a: Blissey|86/100|[from] item: Leftovers
|upkeep
|turn|16
|
|t:|1656441079
|move|p1a: Blissey|Protect|p1a: Blissey
|-singleturn|p1a: Blissey|Protect
|move|p2a: Tyranitar|Crunch|p1a: Blissey
|-activate|p1a: Blissey|move: Protect
|
|-weather|Sandstorm|[upkeep]
|-damage|p1a: Blissey|80/100|[from] Sandstorm
|-heal|p1a: Blissey|86/100|[from] item: Leftovers
|upkeep
|turn|17
|
|t:|1656441082
|switch|p1a: Toxapex|Toxapex, F|100/100
|move|p2a: Tyranitar|Crunch|p1a: Toxapex
|-damage|p1a: Toxapex|60/100
|-unboost|p1a: Toxapex|def|1
|-damage|p2a: Tyranitar|84/100|[from] item: Rocky Helmet|[of] p1a: Toxapex
|
|-weather|Sandstorm|[upkeep]
|-damage|p1a: Toxapex|54/100|[from] Sandstorm
|upkeep
|turn|18
|
|t:|1656441085
|switch|p1a: Corviknight|Corviknight, F|82/100
|-ability|p1a: Corviknight|Pressure
|move|p2a: Tyranitar|Crunch|p1a: Corviknight
|-damage|p1a: Corviknight|40/100
|-unboost|p1a: Corviknight|def|1
|
|-weather|Sandstorm|[upkeep]
|upkeep
|turn|19
|
|t:|1656441090
|switch|p1a: Kartana|Kartana|100/100
|move|p2a: Tyranitar|Crunch|p1a: Kartana
|-damage|p1a: Kartana|30/100
|
|-weather|none
|upkeep
|turn|20
|
|t:|1656441096
|switch|p2a: Corviknight|Corviknight, M|84/100
|-ability|p2a: Corviknight|Pressure
|move|p1a: Kartana|Leaf Blade|p2a: Corviknight
|-resisted|p2a: Corviknight
|-damage|p2a: Corviknight|71/100
|-damage|p1a: Kartana|20/100|[from] item: Life Orb
|
|upkeep
|turn|21
|
|t:|1656441103
|switch|p1a: Corviknight|Corviknight, F|40/100
|-ability|p1a: Corviknight|Pressure
|move|p2a: Corviknight|U-turn|p1a: Corviknight
|-resisted|p1a: Corviknight
|-damage|p1a: Corviknight|38/100
|
|t:|1656441105
|switch|p2a: Tyranitar|Tyranitar, M|84/100|[from]move: U-turn
|-weather|Sandstorm|[from] ability: Sand Stream|[of] p2a: Tyranitar
|
|-weather|Sandstorm|[upkeep]
|upkeep
|turn|22
|
|t:|1656441112
|switch|p1a: Toxapex|Toxapex, F|87/100
|move|p2a: Tyranitar|Crunch|p1a: Toxapex
|-damage|p1a: Toxapex|44/100
|-damage|p2a: Tyranitar|67/100|[from] item: Rocky Helmet|[of] p1a: Toxapex
|
|-weather|Sandstorm|[upkeep]
|-damage|p1a: Toxapex|38/100|[from] Sandstorm
|upkeep
|turn|23
|
|t:|1656441135
|switch|p1a: Kartana|Kartana|20/100
|move|p2a: Tyranitar|Crunch|p1a: Kartana
|-damage|p1a: Kartana|0 fnt
|faint|p1a: Kartana
|
|-weather|Sandstorm|[upkeep]
|upkeep
|
|t:|1656441137
|switch|p1a: Toxapex|Toxapex, F|71/100
|turn|24
|
|t:|1656441140
|switch|p2a: Landorus|Landorus-Therian, M|78/100
|-ability|p2a: Landorus|Intimidate|boost
|-unboost|p1a: Toxapex|atk|1
|move|p1a: Toxapex|Recover|p1a: Toxapex
|-heal|p1a: Toxapex|100/100
|
|-weather|Sandstorm|[upkeep]
|-damage|p1a: Toxapex|95/100|[from] Sandstorm
|upkeep
|turn|25
|
|t:|1656441145
|move|p2a: Landorus|Stealth Rock|p1a: Toxapex
|-sidestart|p1: Xd kokopants4939|move: Stealth Rock
|move|p1a: Toxapex|Toxic|p2a: Landorus
|-status|p2a: Landorus|tox
|
|-weather|none
|-damage|p2a: Landorus|72/100 tox|[from] psn
|upkeep
|turn|26
|
|t:|1656441151
|move|p2a: Landorus|U-turn|p1a: Toxapex
|-resisted|p1a: Toxapex
|-damage|p1a: Toxapex|88/100
|-damage|p2a: Landorus|56/100 tox|[from] item: Rocky Helmet|[of] p1a: Toxapex
|
|t:|1656441156
|switch|p2a: Slowbro|Slowbro, M|100/100 tox|[from]move: U-turn
|move|p1a: Toxapex|Knock Off|p2a: Slowbro
|-supereffective|p2a: Slowbro
|-damage|p2a: Slowbro|89/100 tox
|-enditem|p2a: Slowbro|Heavy-Duty Boots|[from] move: Knock Off|[of] p1a: Toxapex
|
|-damage|p2a: Slowbro|83/100 tox|[from] psn
|upkeep
|turn|27
|
|t:|1656441159
|switch|p1a: Corviknight|Corviknight, F|38/100
|-damage|p1a: Corviknight|25/100|[from] Stealth Rock
|-ability|p1a: Corviknight|Pressure
|move|p2a: Slowbro|Teleport|p2a: Slowbro
|
|t:|1656441167
|switch|p2a: Tyranitar|Tyranitar, M|67/100|[from]move: Teleport
|-weather|Sandstorm|[from] ability: Sand Stream|[of] p2a: Tyranitar
|
|-weather|Sandstorm|[upkeep]
|upkeep
|turn|28
|j| tchnq
|
|t:|1656441171
|move|p1a: Corviknight|U-turn|p2a: Tyranitar
|-supereffective|p2a: Tyranitar
|-damage|p2a: Tyranitar|45/100
|
|t:|1656441174
|switch|p1a: Toxapex|Toxapex, F|100/100|[from]move: U-turn
|-damage|p1a: Toxapex|88/100|[from] Stealth Rock
|move|p2a: Tyranitar|Crunch|p1a: Toxapex
|-damage|p1a: Toxapex|43/100
|-damage|p2a: Tyranitar|28/100|[from] item: Rocky Helmet|[of] p1a: Toxapex
|
|-weather|Sandstorm|[upkeep]
|-damage|p1a: Toxapex|37/100|[from] Sandstorm
|upkeep
|turn|29
|
|t:|1656441188
|switch|p1a: Landorus|Landorus-Therian, M|35/100
|-damage|p1a: Landorus|23/100|[from] Stealth Rock
|-ability|p1a: Landorus|Intimidate|boost
|-unboost|p2a: Tyranitar|atk|1
|move|p2a: Tyranitar|Crunch|p1a: Landorus
|-damage|p1a: Landorus|0 fnt
|faint|p1a: Landorus
|
|-weather|Sandstorm|[upkeep]
|upkeep
|
|t:|1656441191
|switch|p1a: Dragapult|Dragapult, M|100/100
|-damage|p1a: Dragapult|88/100|[from] Stealth Rock
|turn|30
|
|t:|1656441195
|switch|p2a: Landorus|Landorus-Therian, M|56/100 tox
|-ability|p2a: Landorus|Intimidate|boost
|-unboost|p1a: Dragapult|atk|1
|move|p1a: Dragapult|U-turn|p2a: Landorus
|-resisted|p2a: Landorus
|-damage|p2a: Landorus|50/100 tox
|
|t:|1656441198
|switch|p1a: Corviknight|Corviknight, F|25/100|[from]move: U-turn
|-damage|p1a: Corviknight|13/100|[from] Stealth Rock
|-ability|p1a: Corviknight|Pressure
|
|-weather|Sandstorm|[upkeep]
|-damage|p2a: Landorus|44/100 tox|[from] psn
|upkeep
|turn|31
|
|t:|1656441201
|move|p2a: Landorus|U-turn|p1a: Corviknight
|-resisted|p1a: Corviknight
|-damage|p1a: Corviknight|10/100
|
|t:|1656441205
|switch|p2a: Tapu Koko|Tapu Koko|100/100|[from]move: U-turn
|-fieldstart|move: Electric Terrain|[from] ability: Electric Surge|[of] p2a: Tapu Koko
|move|p1a: Corviknight|Roost|p1a: Corviknight
|-heal|p1a: Corviknight|60/100
|-singleturn|p1a: Corviknight|move: Roost
|
|-weather|none
|upkeep
|turn|32
|
|t:|1656441210
|switch|p1a: Blissey|Blissey, F|86/100
|-damage|p1a: Blissey|73/100|[from] Stealth Rock
|move|p2a: Tapu Koko|U-turn|p1a: Blissey
|-damage|p1a: Blissey|58/100
|l| tchnq
|
|t:|1656441213
|switch|p2a: Tyranitar|Tyranitar, M|28/100|[from]move: U-turn
|-weather|Sandstorm|[from] ability: Sand Stream|[of] p2a: Tyranitar
|
|-weather|Sandstorm|[upkeep]
|-damage|p1a: Blissey|52/100|[from] Sandstorm
|-heal|p1a: Blissey|58/100|[from] item: Leftovers
|upkeep
|turn|33
|
|t:|1656441218
|move|p1a: Blissey|Protect|p1a: Blissey
|-singleturn|p1a: Blissey|Protect
|move|p2a: Tyranitar|Crunch|p1a: Blissey
|-activate|p1a: Blissey|move: Protect
|
|-weather|Sandstorm|[upkeep]
|-damage|p1a: Blissey|52/100|[from] Sandstorm
|-heal|p1a: Blissey|58/100|[from] item: Leftovers
|upkeep
|turn|34
|
|t:|1656441226
|switch|p1a: Toxapex|Toxapex, F|71/100
|-damage|p1a: Toxapex|59/100|[from] Stealth Rock
|move|p2a: Tyranitar|Crunch|p1a: Toxapex
|-damage|p1a: Toxapex|14/100
|-damage|p2a: Tyranitar|12/100|[from] item: Rocky Helmet|[of] p1a: Toxapex
|
|-weather|Sandstorm|[upkeep]
|-damage|p1a: Toxapex|8/100|[from] Sandstorm
|upkeep
|turn|35
|
|t:|1656441229
|move|p2a: Tyranitar|Crunch|p1a: Toxapex
|-damage|p1a: Toxapex|0 fnt
|-damage|p2a: Tyranitar|0 fnt|[from] item: Rocky Helmet|[of] p1a: Toxapex
|faint|p1a: Toxapex
|faint|p2a: Tyranitar
|
|-weather|Sandstorm|[upkeep]
|-fieldend|move: Electric Terrain
|upkeep
|
|t:|1656441246
|switch|p2a: Landorus|Landorus-Therian, M|44/100 tox
|switch|p1a: Blissey|Blissey, F|58/100
|-ability|p2a: Landorus|Intimidate|boost
|-unboost|p1a: Blissey|atk|1
|-damage|p1a: Blissey|45/100|[from] Stealth Rock
|turn|36
|
|t:|1656441250
|move|p1a: Blissey|Protect|p1a: Blissey
|-singleturn|p1a: Blissey|Protect
|move|p2a: Landorus|Earthquake|p1a: Blissey
|-activate|p1a: Blissey|move: Protect
|
|-weather|none
|-heal|p1a: Blissey|51/100|[from] item: Leftovers
|-damage|p2a: Landorus|38/100 tox|[from] psn
|upkeep
|turn|37
|
|t:|1656441254
|move|p2a: Landorus|U-turn|p1a: Blissey
|-damage|p1a: Blissey|31/100
|
|t:|1656441258
|switch|p2a: Decidueye|Decidueye, M|100/100|[from]move: U-turn
|move|p1a: Blissey|Wish|p1a: Blissey
|
|-heal|p1a: Blissey|37/100|[from] item: Leftovers
|upkeep
|turn|38
|
|t:|1656441263
|move|p1a: Blissey|Protect|p1a: Blissey
|-singleturn|p1a: Blissey|Protect
|move|p2a: Decidueye|Leaf Blade|p1a: Blissey
|-activate|p1a: Blissey|move: Protect
|
|-heal|p1a: Blissey|87/100|[from] move: Wish|[wisher] Blissey
|-heal|p1a: Blissey|94/100|[from] item: Leftovers
|upkeep
|turn|39
|
|t:|1656441266
|switch|p2a: Tapu Koko|Tapu Koko|100/100
|-fieldstart|move: Electric Terrain|[from] ability: Electric Surge|[of] p2a: Tapu Koko
|switch|p1a: Corviknight|Corviknight, F|60/100
|-damage|p1a: Corviknight|47/100|[from] Stealth Rock
|-ability|p1a: Corviknight|Pressure
|
|upkeep
|turn|40
|
|t:|1656441268
|switch|p1a: Blissey|Blissey, F|94/100
|-damage|p1a: Blissey|81/100|[from] Stealth Rock
|move|p2a: Tapu Koko|U-turn|p1a: Blissey
|-damage|p1a: Blissey|65/100
|
|t:|1656441271
|switch|p2a: Decidueye|Decidueye, M|100/100|[from]move: U-turn
|
|-heal|p1a: Blissey|71/100|[from] item: Leftovers
|upkeep
|turn|41
|
|t:|1656441274
|move|p2a: Decidueye|Leaf Blade|p1a: Blissey
|-damage|p1a: Blissey|4/100
|move|p1a: Blissey|Toxic|p2a: Decidueye
|-status|p2a: Decidueye|tox
|
|-heal|p1a: Blissey|10/100|[from] item: Leftovers
|-damage|p2a: Decidueye|94/100 tox|[from] psn
|upkeep
|turn|42
|
|t:|1656441279
|switch|p2a: Tapu Koko|Tapu Koko|100/100
|move|p1a: Blissey|Protect||[still]
|-fail|p1a: Blissey
|
|-heal|p1a: Blissey|16/100|[from] item: Leftovers
|upkeep
|turn|43
|
|t:|1656441283
|move|p1a: Blissey|Protect|p1a: Blissey
|-singleturn|p1a: Blissey|Protect
|move|p2a: Tapu Koko|Thunderbolt|p1a: Blissey
|-activate|p1a: Blissey|move: Protect
|
|-heal|p1a: Blissey|22/100|[from] item: Leftovers
|-fieldend|move: Electric Terrain
|upkeep
|turn|44
|
|t:|1656441287
|switch|p1a: Dragapult|Dragapult, M|88/100
|-damage|p1a: Dragapult|76/100|[from] Stealth Rock
|move|p2a: Tapu Koko|U-turn|p1a: Dragapult
|-resisted|p1a: Dragapult
|-damage|p1a: Dragapult|65/100
|
|t:|1656441300
|switch|p2a: Landorus|Landorus-Therian, M|38/100 tox|[from]move: U-turn
|-ability|p2a: Landorus|Intimidate|boost
|-unboost|p1a: Dragapult|atk|1
|
|-damage|p2a: Landorus|32/100 tox|[from] psn
|upkeep
|turn|45
|
|t:|1656441303
|move|p1a: Dragapult|Shadow Ball|p2a: Landorus
|-damage|p2a: Landorus|0 fnt
|faint|p2a: Landorus
|
|upkeep
|
|t:|1656441306
|switch|p2a: Tapu Koko|Tapu Koko|100/100
|-fieldstart|move: Electric Terrain|[from] ability: Electric Surge|[of] p2a: Tapu Koko
|turn|46
|
|t:|1656441313
|move|p2a: Tapu Koko|Dazzling Gleam|p1a: Dragapult
|-supereffective|p1a: Dragapult
|-damage|p1a: Dragapult|0 fnt
|faint|p1a: Dragapult
|
|upkeep
|
|t:|1656441315
|switch|p1a: Blissey|Blissey, F|22/100
|-damage|p1a: Blissey|10/100|[from] Stealth Rock
|turn|47
|
|t:|1656441318
|move|p1a: Blissey|Protect|p1a: Blissey
|-singleturn|p1a: Blissey|Protect
|move|p2a: Tapu Koko|Thunderbolt|p1a: Blissey
|-activate|p1a: Blissey|move: Protect
|
|-heal|p1a: Blissey|16/100|[from] item: Leftovers
|upkeep
|turn|48
|
|t:|1656441321
|move|p2a: Tapu Koko|Thunderbolt|p1a: Blissey
|-damage|p1a: Blissey|0 fnt
|faint|p1a: Blissey
|
|upkeep
|
|t:|1656441323
|switch|p1a: Corviknight|Corviknight, F|47/100
|-damage|p1a: Corviknight|35/100|[from] Stealth Rock
|-ability|p1a: Corviknight|Pressure
|turn|49
|
|t:|1656441325
|move|p2a: Tapu Koko|Thunderbolt|p1a: Corviknight
|-supereffective|p1a: Corviknight
|-damage|p1a: Corviknight|0 fnt
|faint|p1a: Corviknight
|
|win|2(H2O)-Alt
|raw|Xd kokopants4939's rating: 1707 &rarr; <strong>1688</strong><br />(-19 for losing)
|raw|2(H2O)-Alt's rating: 1728 &rarr; <strong>1747</strong><br />(+19 for winning)
|l|☆Xd kokopants4939
|l| pollopollopo
||Ladder isn't responding, score probably updated but might not have (Request timeout).
