|j|☆Crushy Stuff
|j|☆willcoxw
|player|p1|Crushy Stuff|morty|1585
|player|p2|willcoxw|karen|1643
|teamsize|p1|6
|teamsize|p2|6
|gametype|singles
|gen|8
|tier|[Gen 8] OU
|rated|
|clearpoke
|poke|p1|Cinderace, F|
|poke|p1|Kyurem|
|poke|p1|Corviknight, M|
|poke|p1|Primarina, F|
|poke|p1|Mew|
|poke|p1|Dragapult, F|
|poke|p2|Salazzle, F|
|poke|p2|Inteleon, M|
|poke|p2|Cinderace, M|
|poke|p2|Kyurem|
|poke|p2|Togekiss, M|
|poke|p2|Zeraora|
|rule|Sleep Clause Mod: Limit one foe put to sleep
|rule|Species Clause: Limit one of each Pokémon
|rule|OHKO Clause: OHKO moves are banned
|rule|Evasion Moves Clause: Evasion moves are banned
|rule|Endless Battle Clause: Forcing endless battles is banned
|rule|HP Percentage Mod: HP is shown in percentages
|rule|Dynamax Clause: You cannot dynamax
|teampreview
|
|start
|switch|p1a: Mew|Mew|100/100
|switch|p2a: Cinderace|Cinderace, M|100/100
|turn|1
|
|move|p1a: Mew|Stealth Rock|p2a: Cinderace
|-sidestart|p2: willcoxw|move: Stealth Rock
|move|p2a: Cinderace|U-turn|p1a: Mew
|-start|p2a: Cinderace|typechange|Bug|[from] ability: Libero
|-supereffective|p1a: Mew
|-damage|p1a: Mew|46/100
|
|switch|p2a: Salazzle|Salazzle, F|100/100|[from]move: U-turn
|-damage|p2a: Salazzle|76/100|[from] Stealth Rock
|
|-heal|p2a: Salazzle|82/100|[from] item: Black Sludge
|upkeep
|turn|2
|
|switch|p1a: Dragapult|Dragapult, F|100/100
|move|p2a: Salazzle|Toxic|p1a: Dragapult
|-status|p1a: Dragapult|tox
|
|-heal|p2a: Salazzle|88/100|[from] item: Black Sludge
|-damage|p1a: Dragapult|95/100 tox|[from] psn
|upkeep
|turn|3
|
|move|p2a: Salazzle|Protect|p2a: Salazzle
|-singleturn|p2a: Salazzle|Protect
|move|p1a: Dragapult|Dragon Dance|p1a: Dragapult
|-boost|p1a: Dragapult|atk|1
|-boost|p1a: Dragapult|spe|1
|
|-heal|p1a: Dragapult|100/100 tox|[from] item: Leftovers
|-heal|p2a: Salazzle|94/100|[from] item: Black Sludge
|-damage|p1a: Dragapult|89/100 tox|[from] psn
|upkeep
|turn|4
|
|switch|p2a: Togekiss|Togekiss, M|100/100
|-damage|p2a: Togekiss|76/100|[from] Stealth Rock
|move|p1a: Dragapult|Dragon Dance|p1a: Dragapult
|-boost|p1a: Dragapult|atk|1
|-boost|p1a: Dragapult|spe|1
|
|-heal|p1a: Dragapult|95/100 tox|[from] item: Leftovers
|-heal|p2a: Togekiss|82/100|[from] item: Leftovers
|-damage|p1a: Dragapult|77/100 tox|[from] psn
|upkeep
|turn|5
|
|move|p1a: Dragapult|Phantom Force||[still]
|-prepare|p1a: Dragapult|Phantom Force|p2a: Togekiss
|move|p2a: Togekiss|Substitute|p2a: Togekiss
|-start|p2a: Togekiss|Substitute
|-damage|p2a: Togekiss|57/100
|
|-heal|p1a: Dragapult|83/100 tox|[from] item: Leftovers
|-heal|p2a: Togekiss|63/100|[from] item: Leftovers
|-damage|p1a: Dragapult|59/100 tox|[from] psn
|upkeep
|turn|6
|
|move|p1a: Dragapult|Phantom Force|p2a: Togekiss|[from]lockedmove
|-damage|p2a: Togekiss|0 fnt
|faint|p2a: Togekiss
|
|-heal|p1a: Dragapult|65/100 tox|[from] item: Leftovers
|-damage|p1a: Dragapult|35/100 tox|[from] psn
|upkeep
|
|switch|p2a: Cinderace|Cinderace, M|100/100
|turn|7
|
|move|p2a: Cinderace|Sucker Punch||[still]
|-start|p2a: Cinderace|typechange|Dark|[from] ability: Libero
|-fail|p2a: Cinderace
|move|p1a: Dragapult|Substitute|p1a: Dragapult
|-start|p1a: Dragapult|Substitute
|-damage|p1a: Dragapult|10/100 tox
|
|-heal|p1a: Dragapult|16/100 tox|[from] item: Leftovers
|-damage|p1a: Dragapult|0 fnt|[from] psn
|faint|p1a: Dragapult
|upkeep
|
|switch|p1a: Primarina|Primarina, F|100/100
|turn|8
|
|move|p2a: Cinderace|Court Change|p2a: Cinderace
|-start|p2a: Cinderace|typechange|Normal|[from] ability: Libero
|-sideend|p2: willcoxw|Stealth Rock|[silent]
|-sidestart|p1: Crushy Stuff|Stealth Rock|[silent]
|-activate|p2a: Cinderace|move: Court Change
|move|p1a: Primarina|Substitute|p1a: Primarina
|-start|p1a: Primarina|Substitute
|-damage|p1a: Primarina|76/100
|
|-heal|p1a: Primarina|82/100|[from] item: Leftovers
|upkeep
|turn|9
|
|move|p2a: Cinderace|U-turn|p1a: Primarina
|-start|p2a: Cinderace|typechange|Bug|[from] ability: Libero
|-resisted|p1a: Primarina
|-activate|p1a: Primarina|move: Substitute|[damage]
|
|switch|p2a: Salazzle|Salazzle, F|94/100|[from]move: U-turn
|move|p1a: Primarina|Scald|p2a: Salazzle
|-supereffective|p2a: Salazzle
|-damage|p2a: Salazzle|0 fnt
|faint|p2a: Salazzle
|
|-heal|p1a: Primarina|88/100|[from] item: Leftovers
|upkeep
|
|switch|p2a: Zeraora|Zeraora|100/100
|turn|10
|
|move|p2a: Zeraora|Plasma Fists|p1a: Primarina
|-supereffective|p1a: Primarina
|-end|p1a: Primarina|Substitute
|-damage|p2a: Zeraora|91/100|[from] item: Life Orb
|move|p1a: Primarina|Scald|p2a: Zeraora
|-damage|p2a: Zeraora|50/100
|-status|p2a: Zeraora|brn
|
|-heal|p1a: Primarina|94/100|[from] item: Leftovers
|-damage|p2a: Zeraora|44/100 brn|[from] brn
|upkeep
|turn|11
|
|switch|p1a: Corviknight|Corviknight, M|100/100
|-damage|p1a: Corviknight|88/100|[from] Stealth Rock
|-ability|p1a: Corviknight|Pressure
|move|p2a: Zeraora|Plasma Fists|p1a: Corviknight
|-supereffective|p1a: Corviknight
|-damage|p1a: Corviknight|53/100
|-fieldactivate|move: Ion Deluge
|-damage|p2a: Zeraora|28/100 brn|[from] item: Rocky Helmet|[of] p1a: Corviknight
|-damage|p2a: Zeraora|18/100 brn|[from] item: Life Orb
|
|-damage|p2a: Zeraora|12/100 brn|[from] brn
|upkeep
|turn|12
|
|move|p2a: Zeraora|Plasma Fists|p1a: Corviknight
|-supereffective|p1a: Corviknight
|-damage|p1a: Corviknight|15/100
|-fieldactivate|move: Ion Deluge
|-damage|p2a: Zeraora|0 fnt|[from] item: Rocky Helmet|[of] p1a: Corviknight
|faint|p2a: Zeraora
|move|p1a: Corviknight|Defog|p2: Zeraora|[notarget]
|-fail|p1a: Corviknight
|
|upkeep
|
|switch|p2a: Kyurem|Kyurem|100/100
|-ability|p2a: Kyurem|Pressure
|turn|13
|
|move|p2a: Kyurem|Ice Beam|p1a: Corviknight
|-damage|p1a: Corviknight|0 fnt
|faint|p1a: Corviknight
|
|upkeep
|
|switch|p1a: Primarina|Primarina, F|94/100
|-damage|p1a: Primarina|82/100|[from] Stealth Rock
|turn|14
|
|move|p2a: Kyurem|Freeze-Dry|p1a: Primarina
|-supereffective|p1a: Primarina
|-damage|p1a: Primarina|16/100
|move|p1a: Primarina|Substitute|p1a: Primarina
|-fail|p1a: Primarina|move: Substitute|[weak]
|
|-heal|p1a: Primarina|23/100|[from] item: Leftovers
|upkeep
|turn|15
|
|move|p2a: Kyurem|Freeze-Dry|p1a: Primarina
|-supereffective|p1a: Primarina
|-crit|p1a: Primarina
|-damage|p1a: Primarina|0 fnt
|faint|p1a: Primarina
|
|upkeep
|
|switch|p1a: Cinderace|Cinderace, F|100/100
|-damage|p1a: Cinderace|76/100|[from] Stealth Rock
|turn|16
|
|move|p1a: Cinderace|High Jump Kick|p2a: Kyurem
|-start|p1a: Cinderace|typechange|Fighting|[from] ability: Libero
|-supereffective|p2a: Kyurem
|-damage|p2a: Kyurem|0 fnt
|faint|p2a: Kyurem
|
|upkeep
|
|switch|p2a: Inteleon|Inteleon, M|100/100
|turn|17
|
|switch|p1a: Mew|Mew|46/100
|-damage|p1a: Mew|34/100|[from] Stealth Rock
|move|p2a: Inteleon|Air Slash|p1a: Mew
|-damage|p1a: Mew|10/100
|
|upkeep
|turn|18
|
|switch|p2a: Cinderace|Cinderace, M|100/100
|move|p1a: Mew|Stealth Rock|p2a: Cinderace
|-sidestart|p2: willcoxw|move: Stealth Rock
|
|upkeep
|turn|19
|
|move|p1a: Mew|Stealth Rock||[still]
|-fail|p1a: Mew
|move|p2a: Cinderace|U-turn|p1a: Mew
|-start|p2a: Cinderace|typechange|Bug|[from] ability: Libero
|-supereffective|p1a: Mew
|-damage|p1a: Mew|0 fnt
|faint|p1a: Mew
|
|switch|p2a: Inteleon|Inteleon, M|100/100|[from]move: U-turn
|-damage|p2a: Inteleon|88/100|[from] Stealth Rock
|
|upkeep
|
|switch|p1a: Kyurem|Kyurem|100/100
|-damage|p1a: Kyurem|76/100|[from] Stealth Rock
|-ability|p1a: Kyurem|Pressure
|turn|20
|
|switch|p2a: Cinderace|Cinderace, M|100/100
|move|p1a: Kyurem|Draco Meteor|p2a: Cinderace
|-damage|p2a: Cinderace|0 fnt
|-unboost|p1a: Kyurem|spa|2
|faint|p2a: Cinderace
|
|upkeep
|
|switch|p2a: Inteleon|Inteleon, M|88/100
|-damage|p2a: Inteleon|76/100|[from] Stealth Rock
|turn|21
|
|move|p2a: Inteleon|Focus Energy|p2a: Inteleon
|-start|p2a: Inteleon|move: Focus Energy
|move|p1a: Kyurem|Draco Meteor|p2a: Inteleon
|-damage|p2a: Inteleon|0 fnt
|-unboost|p1a: Kyurem|spa|2
|faint|p2a: Inteleon
|
|win|Crushy Stuff
|raw|Crushy Stuff's rating: 1585 &rarr; <strong>1608</strong><br />(+23 for winning)
|raw|willcoxw's rating: 1643 &rarr; <strong>1620</strong><br />(-23 for losing)
|l|☆willcoxw
