|j|☆zeke bradshaw
|j|☆gaenisalbino
|t:|1645420593
|gametype|singles
|player|p1|zeke bradshaw|169|1588
|player|p2|gaenisalbino|blue|1554
|teamsize|p1|6
|teamsize|p2|6
|gen|8
|tier|[Gen 8] OU
|rated|
|rule|Sleep Clause Mod: Limit one foe put to sleep
|rule|Species Clause: Limit one of each Pokémon
|rule|OHKO Clause: OHKO moves are banned
|rule|Evasion Moves Clause: Evasion moves are banned
|rule|Endless Battle Clause: Forcing endless battles is banned
|rule|HP Percentage Mod: HP is shown in percentages
|rule|Dynamax Clause: You cannot dynamax
|clearpoke
|poke|p1|Buzzwole|
|poke|p1|Melmetal|
|poke|p1|Tapu Fini|
|poke|p1|Heatran, M|
|poke|p1|Gastrodon-East, M|
|poke|p1|Zapdos|
|poke|p2|Tapu Koko|
|poke|p2|Mantine, M|
|poke|p2|Tapu Lele|
|poke|p2|Weavile, M|
|poke|p2|Garchomp, M|
|poke|p2|Ferrothorn, M|
|teampreview
|j| DelantXR
|
|t:|1645420621
|start
|switch|p1a: Zapdos|Zapdos|100/100
|switch|p2a: Tapu Koko|Tapu Koko|100/100
|-fieldstart|move: Electric Terrain|[from] ability: Electric Surge|[of] p2a: Tapu Koko
|turn|1
|
|t:|1645420643
|switch|p1a: Gastrodon|Gastrodon-East, M|100/100
|move|p2a: Tapu Koko|Thunderbolt|p1a: Gastrodon
|-immune|p1a: Gastrodon
|
|upkeep
|turn|2
|j| SWIIC
|
|t:|1645420648
|move|p2a: Tapu Koko|U-turn|p1a: Gastrodon
|-damage|p1a: Gastrodon|85/100
|
|t:|1645420655
|switch|p2a: Ferrothorn|Ferrothorn, M|100/100|[from]move: U-turn
|move|p1a: Gastrodon|Scald|p2a: Ferrothorn
|-resisted|p2a: Ferrothorn
|-crit|p2a: Ferrothorn
|-damage|p2a: Ferrothorn|87/100
|-status|p2a: Ferrothorn|brn
|
|-heal|p1a: Gastrodon|91/100|[from] item: Leftovers
|-heal|p2a: Ferrothorn|93/100 brn|[from] item: Leftovers
|-damage|p2a: Ferrothorn|87/100 brn|[from] brn
|upkeep
|turn|3
|
|t:|1645420683
|switch|p1a: Zapdos|Zapdos|100/100
|move|p2a: Ferrothorn|Spikes|p1a: Zapdos
|-sidestart|p1: zeke bradshaw|Spikes
|
|-heal|p2a: Ferrothorn|93/100 brn|[from] item: Leftovers
|-damage|p2a: Ferrothorn|87/100 brn|[from] brn
|upkeep
|turn|4
|
|t:|1645420691
|switch|p2a: Tapu Lele|Tapu Lele|100/100
|-fieldstart|move: Psychic Terrain|[from] ability: Psychic Surge|[of] p2a: Tapu Lele
|move|p1a: Zapdos|Heat Wave|p2a: Tapu Lele
|-damage|p2a: Tapu Lele|66/100
|
|upkeep
|turn|5
|j| hardik27
|
|t:|1645420712
|switch|p1a: Melmetal|Melmetal|100/100
|-damage|p1a: Melmetal|88/100|[from] Spikes
|move|p2a: Tapu Lele|Psyshock|p1a: Melmetal
|-resisted|p1a: Melmetal
|-damage|p1a: Melmetal|64/100
|-damage|p2a: Tapu Lele|56/100|[from] item: Life Orb
|
|upkeep
|turn|6
|
|t:|1645420722
|move|p2a: Tapu Lele|Focus Blast|p1a: Melmetal
|-supereffective|p1a: Melmetal
|-damage|p1a: Melmetal|6/100
|-damage|p2a: Tapu Lele|46/100|[from] item: Life Orb
|move|p1a: Melmetal|Earthquake|p2a: Tapu Lele
|-damage|p2a: Tapu Lele|0 fnt
|faint|p2a: Tapu Lele
|
|upkeep
|
|t:|1645420732
|switch|p2a: Weavile|Weavile, M|100/100
|-ability|p2a: Weavile|Pressure
|turn|7
|inactive|Battle timer is ON: inactive players will automatically lose when time's up. (requested by gaenisalbino)
|
|t:|1645420756
|move|p2a: Weavile|Knock Off|p1a: Melmetal
|-damage|p1a: Melmetal|0 fnt
|-enditem|p1a: Melmetal|Assault Vest|[from] move: Knock Off|[of] p2a: Weavile
|faint|p1a: Melmetal
|
|upkeep
|
|t:|1645420765
|switch|p1a: Tapu Fini|Tapu Fini|100/100
|-damage|p1a: Tapu Fini|88/100|[from] Spikes
|-fieldstart|move: Misty Terrain|[from] ability: Misty Surge|[of] p1a: Tapu Fini
|turn|8
|
|t:|1645420772
|switch|p2a: Ferrothorn|Ferrothorn, M|87/100 brn
|move|p1a: Tapu Fini|Moonblast|p2a: Ferrothorn
|-resisted|p2a: Ferrothorn
|-damage|p2a: Ferrothorn|75/100 brn
|-unboost|p2a: Ferrothorn|spa|1
|
|-heal|p2a: Ferrothorn|81/100 brn|[from] item: Leftovers
|-damage|p2a: Ferrothorn|75/100 brn|[from] brn
|upkeep
|turn|9
|j| Rocket's Snorlax
|l| Rocket's Snorlax
|
|t:|1645420787
|switch|p1a: Zapdos|Zapdos|100/100
|move|p2a: Ferrothorn|Spikes|p1a: Zapdos
|-sidestart|p1: zeke bradshaw|Spikes
|
|-heal|p2a: Ferrothorn|81/100 brn|[from] item: Leftovers
|-damage|p2a: Ferrothorn|75/100 brn|[from] brn
|upkeep
|turn|10
|
|t:|1645420794
|switch|p2a: Garchomp|Garchomp, M|100/100
|move|p1a: Zapdos|Heat Wave|p2a: Garchomp|[miss]
|-miss|p1a: Zapdos|p2a: Garchomp
|
|upkeep
|turn|11
|
|t:|1645420800
|move|p1a: Zapdos|Hurricane|p2a: Garchomp
|-damage|p2a: Garchomp|52/100
|move|p2a: Garchomp|Stealth Rock|p1a: Zapdos
|-sidestart|p1: zeke bradshaw|move: Stealth Rock
|
|-heal|p2a: Garchomp|58/100|[from] item: Leftovers
|upkeep
|turn|12
|
|t:|1645420807
|move|p2a: Garchomp|Protect|p2a: Garchomp
|-singleturn|p2a: Garchomp|Protect
|move|p1a: Zapdos|Hurricane|p2a: Garchomp
|-activate|p2a: Garchomp|move: Protect
|
|-heal|p2a: Garchomp|64/100|[from] item: Leftovers
|-fieldend|Misty Terrain
|upkeep
|turn|13
|
|t:|1645420819
|switch|p1a: Tapu Fini|Tapu Fini|88/100
|-damage|p1a: Tapu Fini|72/100|[from] Spikes
|-damage|p1a: Tapu Fini|59/100|[from] Stealth Rock
|-fieldstart|move: Misty Terrain|[from] ability: Misty Surge|[of] p1a: Tapu Fini
|switch|p2a: Tapu Koko|Tapu Koko|100/100
|-fieldstart|move: Electric Terrain|[from] ability: Electric Surge|[of] p2a: Tapu Koko
|
|upkeep
|turn|14
|
|t:|1645420829
|move|p1a: Tapu Fini|Defog|p2a: Tapu Koko
|-unboost|p2a: Tapu Koko|evasion|1
|-sideend|p1: zeke bradshaw|Spikes|[from] move: Defog|[of] p1a: Tapu Fini
|-sideend|p1: zeke bradshaw|Stealth Rock|[from] move: Defog|[of] p1a: Tapu Fini
|-fieldend|move: Electric Terrain
|move|p2a: Tapu Koko|U-turn|p1a: Tapu Fini
|-resisted|p1a: Tapu Fini
|-damage|p1a: Tapu Fini|51/100
|
|t:|1645420833
|switch|p2a: Weavile|Weavile, M|100/100|[from]move: U-turn
|-ability|p2a: Weavile|Pressure
|
|upkeep
|turn|15
|
|t:|1645420842
|switch|p1a: Buzzwole|Buzzwole|100/100
|move|p2a: Weavile|Knock Off|p1a: Buzzwole
|-resisted|p1a: Buzzwole
|-damage|p1a: Buzzwole|78/100
|-damage|p2a: Weavile|84/100|[from] item: Rocky Helmet|[of] p1a: Buzzwole
|-enditem|p1a: Buzzwole|Rocky Helmet|[from] move: Knock Off|[of] p2a: Weavile
|
|upkeep
|turn|16
|j| zitaijiazi
|j| Fhow❀
|inactive|zeke bradshaw has 120 seconds left.
|
|t:|1645420874
|switch|p2a: Mantine|Mantine, M|100/100
|move|p1a: Buzzwole|Close Combat|p2a: Mantine
|-resisted|p2a: Mantine
|-damage|p2a: Mantine|75/100
|-unboost|p1a: Buzzwole|def|1
|-unboost|p1a: Buzzwole|spd|1
|
|upkeep
|turn|17
|inactive|zeke bradshaw has 120 seconds left.
|j| Large_Rodent
|inactive|zeke bradshaw has 90 seconds left.
|
|t:|1645420931
|switch|p1a: Tapu Fini|Tapu Fini|51/100
|-fieldstart|move: Misty Terrain|[from] ability: Misty Surge|[of] p1a: Tapu Fini
|switch|p2a: Tapu Koko|Tapu Koko|100/100
|-fieldstart|move: Electric Terrain|[from] ability: Electric Surge|[of] p2a: Tapu Koko
|
|upkeep
|turn|18
|j| yunwanjiaa
|
|t:|1645420957
|switch|p1a: Gastrodon|Gastrodon-East, M|91/100
|move|p2a: Tapu Koko|U-turn|p1a: Gastrodon
|-damage|p1a: Gastrodon|74/100
|
|t:|1645420960
|switch|p2a: Ferrothorn|Ferrothorn, M|75/100 brn|[from]move: U-turn
|
|-heal|p1a: Gastrodon|80/100|[from] item: Leftovers
|-heal|p2a: Ferrothorn|81/100 brn|[from] item: Leftovers
|-damage|p2a: Ferrothorn|75/100 brn|[from] brn
|upkeep
|turn|19
|inactive|zeke bradshaw has 90 seconds left.
|
|t:|1645420978
|switch|p1a: Tapu Fini|Tapu Fini|51/100
|-fieldstart|move: Misty Terrain|[from] ability: Misty Surge|[of] p1a: Tapu Fini
|move|p2a: Ferrothorn|Spikes|p1a: Tapu Fini
|-sidestart|p1: zeke bradshaw|Spikes
|
|-heal|p2a: Ferrothorn|81/100 brn|[from] item: Leftovers
|-damage|p2a: Ferrothorn|75/100 brn|[from] brn
|upkeep
|turn|20
|j| Marquesa-10%
|j| srtfhdfguhkl
|
|t:|1645420986
|move|p1a: Tapu Fini|Trick|p2a: Ferrothorn
|-activate|p1a: Tapu Fini|move: Trick|[of] p2a: Ferrothorn
|-item|p2a: Ferrothorn|Choice Scarf|[from] move: Trick
|-item|p1a: Tapu Fini|Leftovers|[from] move: Trick
|move|p2a: Ferrothorn|Power Whip|p1a: Tapu Fini
|-supereffective|p1a: Tapu Fini
|-damage|p1a: Tapu Fini|7/100
|
|-heal|p1a: Tapu Fini|14/100|[from] item: Leftovers
|-damage|p2a: Ferrothorn|69/100 brn|[from] brn
|upkeep
|turn|21
|inactive|zeke bradshaw has 90 seconds left.
|
|t:|1645420995
|move|p1a: Tapu Fini|Defog|p2a: Ferrothorn
|-unboost|p2a: Ferrothorn|evasion|1
|-sideend|p1: zeke bradshaw|Spikes|[from] move: Defog|[of] p1a: Tapu Fini
|-fieldend|Misty Terrain
|move|p2a: Ferrothorn|Power Whip|p1a: Tapu Fini
|-supereffective|p1a: Tapu Fini
|-damage|p1a: Tapu Fini|0 fnt
|faint|p1a: Tapu Fini
|
|-damage|p2a: Ferrothorn|63/100 brn|[from] brn
|upkeep
|inactive|zeke bradshaw has 90 seconds left.
|inactive|zeke bradshaw has 60 seconds left.
|
|t:|1645421039
|switch|p1a: Zapdos|Zapdos|100/100
|turn|22
|
|t:|1645421046
|switch|p2a: Tapu Koko|Tapu Koko|100/100
|-fieldstart|move: Electric Terrain|[from] ability: Electric Surge|[of] p2a: Tapu Koko
|move|p1a: Zapdos|Heat Wave|p2a: Tapu Koko
|-damage|p2a: Tapu Koko|48/100
|
|upkeep
|turn|23
|
|t:|1645421053
|switch|p1a: Gastrodon|Gastrodon-East, M|80/100
|move|p2a: Tapu Koko|Roost|p2a: Tapu Koko
|-heal|p2a: Tapu Koko|98/100
|-singleturn|p2a: Tapu Koko|move: Roost
|
|-heal|p1a: Gastrodon|86/100|[from] item: Leftovers
|upkeep
|turn|24
|
|t:|1645421063
|move|p2a: Tapu Koko|U-turn|p1a: Gastrodon
|-damage|p1a: Gastrodon|69/100
|
|t:|1645421067
|switch|p2a: Ferrothorn|Ferrothorn, M|63/100 brn|[from]move: U-turn
|move|p1a: Gastrodon|Earthquake|p2a: Ferrothorn
|-damage|p2a: Ferrothorn|42/100 brn
|
|-heal|p1a: Gastrodon|75/100|[from] item: Leftovers
|-damage|p2a: Ferrothorn|36/100 brn|[from] brn
|upkeep
|turn|25
|inactive|zeke bradshaw has 60 seconds left.
|inactive|zeke bradshaw has 30 seconds left.
|
|t:|1645421125
|switch|p1a: Zapdos|Zapdos|100/100
|move|p2a: Ferrothorn|Spikes|p1a: Zapdos
|-sidestart|p1: zeke bradshaw|Spikes
|
|-damage|p2a: Ferrothorn|29/100 brn|[from] brn
|upkeep
|turn|26
|
|t:|1645421135
|switch|p2a: Mantine|Mantine, M|75/100
|move|p1a: Zapdos|Hurricane|p2a: Mantine
|-damage|p2a: Mantine|35/100
|
|-fieldend|move: Electric Terrain
|upkeep
|turn|27
|
|t:|1645421142
|switch|p2a: Tapu Koko|Tapu Koko|98/100
|-fieldstart|move: Electric Terrain|[from] ability: Electric Surge|[of] p2a: Tapu Koko
|move|p1a: Zapdos|Thunderbolt|p2a: Tapu Koko
|-resisted|p2a: Tapu Koko
|-damage|p2a: Tapu Koko|64/100
|
|upkeep
|turn|28
|
|t:|1645421152
|switch|p1a: Gastrodon|Gastrodon-East, M|75/100
|-damage|p1a: Gastrodon|63/100|[from] Spikes
|move|p2a: Tapu Koko|Dazzling Gleam|p1a: Gastrodon
|-damage|p1a: Gastrodon|38/100
|
|-heal|p1a: Gastrodon|44/100|[from] item: Leftovers
|upkeep
|turn|29
|
|t:|1645421160
|move|p2a: Tapu Koko|U-turn|p1a: Gastrodon
|-damage|p1a: Gastrodon|28/100
|
|t:|1645421163
|switch|p2a: Ferrothorn|Ferrothorn, M|29/100 brn|[from]move: U-turn
|move|p1a: Gastrodon|Recover|p1a: Gastrodon
|-heal|p1a: Gastrodon|78/100
|
|-heal|p1a: Gastrodon|84/100|[from] item: Leftovers
|-damage|p2a: Ferrothorn|23/100 brn|[from] brn
|upkeep
|turn|30
|inactive|zeke bradshaw has 30 seconds left.
|
|t:|1645421196
|move|p2a: Ferrothorn|Spikes|p1a: Gastrodon
|-sidestart|p1: zeke bradshaw|Spikes
|move|p1a: Gastrodon|Earthquake|p2a: Ferrothorn
|-damage|p2a: Ferrothorn|1/100 brn
|
|-heal|p1a: Gastrodon|90/100|[from] item: Leftovers
|-damage|p2a: Ferrothorn|0 fnt|[from] brn
|faint|p2a: Ferrothorn
|upkeep
|
|t:|1645421208
|switch|p2a: Weavile|Weavile, M|84/100
|-ability|p2a: Weavile|Pressure
|turn|31
|inactive|zeke bradshaw has 30 seconds left.
|inactive|zeke bradshaw has 20 seconds left.
|inactive|zeke bradshaw has 15 seconds left.
|
|t:|1645421243
|switch|p1a: Heatran|Heatran, M|100/100
|-item|p1a: Heatran|Air Balloon
|move|p2a: Weavile|Triple Axel|p1a: Heatran
|-resisted|p1a: Heatran
|-damage|p1a: Heatran|97/100
|-enditem|p1a: Heatran|Air Balloon
|-resisted|p1a: Heatran
|-damage|p1a: Heatran|89/100
|-resisted|p1a: Heatran
|-damage|p1a: Heatran|78/100
|-hitcount|p1a: Heatran|3
|
|-fieldend|move: Electric Terrain
|upkeep
|turn|32
|inactive|zeke bradshaw has 25 seconds left this turn.
|inactive|zeke bradshaw has 20 seconds left.
|inactive|zeke bradshaw has 15 seconds left.
|
|t:|1645421261
|switch|p2a: Garchomp|Garchomp, M|64/100
|move|p1a: Heatran|Eruption|p2a: Garchomp
|-resisted|p2a: Garchomp
|-damage|p2a: Garchomp|33/100
|
|-heal|p2a: Garchomp|40/100|[from] item: Leftovers
|upkeep
|turn|33
|inactive|zeke bradshaw has 25 seconds left this turn.
|inactive|zeke bradshaw has 20 seconds left.
|
|t:|1645421270
|switch|p1a: Zapdos|Zapdos|100/100
|move|p2a: Garchomp|Stealth Rock|p1a: Zapdos
|-sidestart|p1: zeke bradshaw|move: Stealth Rock
|
|-heal|p2a: Garchomp|46/100|[from] item: Leftovers
|upkeep
|turn|34
|inactive|zeke bradshaw has 30 seconds left this turn.
|
|t:|1645421276
|move|p2a: Garchomp|Protect|p2a: Garchomp
|-singleturn|p2a: Garchomp|Protect
|move|p1a: Zapdos|Hurricane|p2a: Garchomp
|-activate|p2a: Garchomp|move: Protect
|
|-heal|p2a: Garchomp|52/100|[from] item: Leftovers
|upkeep
|turn|35
|inactive|zeke bradshaw has 30 seconds left.
|
|t:|1645421293
|switch|p2a: Tapu Koko|Tapu Koko|64/100
|-fieldstart|move: Electric Terrain|[from] ability: Electric Surge|[of] p2a: Tapu Koko
|move|p1a: Zapdos|Hurricane|p2a: Tapu Koko
|-resisted|p2a: Tapu Koko
|-damage|p2a: Tapu Koko|25/100
|
|upkeep
|turn|36
|
|t:|1645421302
|move|p2a: Tapu Koko|Roost|p2a: Tapu Koko
|-heal|p2a: Tapu Koko|75/100
|-singleturn|p2a: Tapu Koko|move: Roost
|move|p1a: Zapdos|Heat Wave|p2a: Tapu Koko
|-damage|p2a: Tapu Koko|25/100
|
|upkeep
|turn|37
|
|t:|1645421310
|move|p2a: Tapu Koko|Roost|p2a: Tapu Koko
|-heal|p2a: Tapu Koko|76/100
|-singleturn|p2a: Tapu Koko|move: Roost
|move|p1a: Zapdos|Heat Wave|p2a: Tapu Koko|[miss]
|-miss|p1a: Zapdos|p2a: Tapu Koko
|
|upkeep
|turn|38
|l| SWIIC
|
|t:|1645421315
|move|p2a: Tapu Koko|Dazzling Gleam|p1a: Zapdos
|-damage|p1a: Zapdos|58/100
|move|p1a: Zapdos|Thunderbolt|p2a: Tapu Koko
|-resisted|p2a: Tapu Koko
|-damage|p2a: Tapu Koko|40/100
|
|upkeep
|turn|39
|
|t:|1645421322
|move|p2a: Tapu Koko|Thunderbolt|p1a: Zapdos
|-damage|p1a: Zapdos|5/100
|move|p1a: Zapdos|Roost|p1a: Zapdos
|-heal|p1a: Zapdos|56/100
|-singleturn|p1a: Zapdos|move: Roost
|
|-fieldend|move: Electric Terrain
|upkeep
|turn|40
|l| hardik27
|
|t:|1645421349
|move|p2a: Tapu Koko|Roost|p2a: Tapu Koko
|-heal|p2a: Tapu Koko|90/100
|-singleturn|p2a: Tapu Koko|move: Roost
|move|p1a: Zapdos|Roost|p1a: Zapdos
|-heal|p1a: Zapdos|100/100
|-singleturn|p1a: Zapdos|move: Roost
|
|upkeep
|turn|41
|inactive|zeke bradshaw has 30 seconds left.
|inactive|zeke bradshaw has 20 seconds left.
|inactive|zeke bradshaw has 15 seconds left.
|
|t:|1645421380
|move|p2a: Tapu Koko|Dazzling Gleam|p1a: Zapdos
|-damage|p1a: Zapdos|65/100
|move|p1a: Zapdos|Heat Wave|p2a: Tapu Koko
|-crit|p2a: Tapu Koko
|-damage|p2a: Tapu Koko|18/100
|
|upkeep
|turn|42
|inactive|zeke bradshaw has 25 seconds left this turn.
|inactive|zeke bradshaw has 20 seconds left.
|c|☆gaenisalbino|Bruh
|
|t:|1645421391
|move|p2a: Tapu Koko|Roost|p2a: Tapu Koko
|-heal|p2a: Tapu Koko|68/100
|-singleturn|p2a: Tapu Koko|move: Roost
|move|p1a: Zapdos|Heat Wave|p2a: Tapu Koko
|-damage|p2a: Tapu Koko|22/100
|
|upkeep
|turn|43
|inactive|zeke bradshaw has 30 seconds left this turn.
|
|t:|1645421396
|move|p2a: Tapu Koko|Roost|p2a: Tapu Koko
|-heal|p2a: Tapu Koko|72/100
|-singleturn|p2a: Tapu Koko|move: Roost
|move|p1a: Zapdos|Heat Wave|p2a: Tapu Koko
|-damage|p2a: Tapu Koko|22/100
|
|upkeep
|turn|44
|inactive|zeke bradshaw has 30 seconds left.
|
|t:|1645421403
|move|p2a: Tapu Koko|Roost|p2a: Tapu Koko
|-heal|p2a: Tapu Koko|72/100
|-singleturn|p2a: Tapu Koko|move: Roost
|move|p1a: Zapdos|Heat Wave|p2a: Tapu Koko
|-damage|p2a: Tapu Koko|26/100
|
|upkeep
|turn|45
|
|t:|1645421410
|switch|p2a: Garchomp|Garchomp, M|52/100
|move|p1a: Zapdos|Heat Wave|p2a: Garchomp
|-resisted|p2a: Garchomp
|-damage|p2a: Garchomp|37/100
|
|-heal|p2a: Garchomp|43/100|[from] item: Leftovers
|upkeep
|turn|46
|
|t:|1645421417
|move|p1a: Zapdos|Roost|p1a: Zapdos
|-heal|p1a: Zapdos|100/100
|-singleturn|p1a: Zapdos|move: Roost
|move|p2a: Garchomp|Toxic|p1a: Zapdos
|-status|p1a: Zapdos|tox
|
|-heal|p2a: Garchomp|49/100|[from] item: Leftovers
|-damage|p1a: Zapdos|94/100 tox|[from] psn
|upkeep
|turn|47
|
|t:|1645421426
|move|p2a: Garchomp|Protect|p2a: Garchomp
|-singleturn|p2a: Garchomp|Protect
|move|p1a: Zapdos|Hurricane|p2a: Garchomp
|-activate|p2a: Garchomp|move: Protect
|
|-heal|p2a: Garchomp|55/100|[from] item: Leftovers
|-damage|p1a: Zapdos|82/100 tox|[from] psn
|upkeep
|turn|48
|
|t:|1645421456
|switch|p2a: Mantine|Mantine, M|35/100
|move|p1a: Zapdos|Hurricane|p2a: Mantine
|-damage|p2a: Mantine|0 fnt
|faint|p2a: Mantine
|
|-damage|p1a: Zapdos|63/100 tox|[from] psn
|upkeep
|
|t:|1645421462
|switch|p2a: Weavile|Weavile, M|84/100
|-ability|p2a: Weavile|Pressure
|turn|49
|
|t:|1645421470
|move|p2a: Weavile|Triple Axel|p1a: Zapdos
|-supereffective|p1a: Zapdos
|-damage|p1a: Zapdos|24/100 tox
|-status|p2a: Weavile|par|[from] ability: Static|[of] p1a: Zapdos
|-supereffective|p1a: Zapdos
|-damage|p1a: Zapdos|0 fnt
|faint|p1a: Zapdos
|-hitcount|p1: Zapdos|2
|
|upkeep
|inactive|zeke bradshaw has 30 seconds left.
|l| zitaijiazi
|inactive|zeke bradshaw has 20 seconds left.
|inactive|zeke bradshaw has 15 seconds left.
|inactive|zeke bradshaw has 10 seconds left.
|
|t:|1645421521
|switch|p1a: Buzzwole|Buzzwole|78/100
|-damage|p1a: Buzzwole|62/100|[from] Spikes
|-damage|p1a: Buzzwole|49/100|[from] Stealth Rock
|turn|50
|inactive|zeke bradshaw has 20 seconds left this turn.
|inactive|zeke bradshaw has 15 seconds left.
|
|t:|1645421528
|switch|p2a: Garchomp|Garchomp, M|55/100
|move|p1a: Buzzwole|Roost|p1a: Buzzwole
|-heal|p1a: Buzzwole|99/100
|-singleturn|p1a: Buzzwole|move: Roost
|
|-heal|p2a: Garchomp|61/100|[from] item: Leftovers
|upkeep
|turn|51
|inactive|zeke bradshaw has 25 seconds left this turn.
|inactive|zeke bradshaw has 20 seconds left.
|
|t:|1645421536
|move|p2a: Garchomp|Protect|p2a: Garchomp
|-singleturn|p2a: Garchomp|Protect
|move|p1a: Buzzwole|Ice Punch|p2a: Garchomp
|-activate|p2a: Garchomp|move: Protect
|
|-heal|p2a: Garchomp|68/100|[from] item: Leftovers
|upkeep
|turn|52
|inactive|zeke bradshaw has 30 seconds left this turn.
|
|t:|1645421544
|move|p2a: Garchomp|Toxic|p1a: Buzzwole
|-status|p1a: Buzzwole|tox
|move|p1a: Buzzwole|Ice Punch|p2a: Garchomp
|-supereffective|p2a: Garchomp
|-damage|p2a: Garchomp|0 fnt
|-damage|p1a: Buzzwole|87/100 tox|[from] ability: Rough Skin|[of] p2a: Garchomp
|faint|p2a: Garchomp
|-ability|p1a: Buzzwole|Beast Boost|boost
|-boost|p1a: Buzzwole|atk|1
|
|-damage|p1a: Buzzwole|81/100 tox|[from] psn
|upkeep
|inactive|zeke bradshaw has 30 seconds left this turn.
|
|t:|1645421548
|switch|p2a: Tapu Koko|Tapu Koko|26/100
|-fieldstart|move: Electric Terrain|[from] ability: Electric Surge|[of] p2a: Tapu Koko
|turn|53
|inactive|zeke bradshaw has 30 seconds left.
|inactive|zeke bradshaw has 20 seconds left.
|
|t:|1645421580
|move|p2a: Tapu Koko|U-turn|p1a: Buzzwole
|-resisted|p1a: Buzzwole
|-damage|p1a: Buzzwole|76/100 tox
|inactive|zeke bradshaw has 25 seconds left this turn.
|
|t:|1645421583
|switch|p2a: Weavile|Weavile, M|84/100 par|[from]move: U-turn
|-ability|p2a: Weavile|Pressure
|move|p1a: Buzzwole|Ice Punch|p2a: Weavile
|-resisted|p2a: Weavile
|-damage|p2a: Weavile|50/100 par
|
|-damage|p1a: Buzzwole|64/100 tox|[from] psn
|upkeep
|turn|54
|inactive|zeke bradshaw has 30 seconds left.
|inactive|gaenisalbino has 120 seconds left.
|
|t:|1645421619
|cant|p2a: Weavile|par
|move|p1a: Buzzwole|Leech Life|p2a: Weavile
|-supereffective|p2a: Weavile
|-damage|p2a: Weavile|0 fnt
|-heal|p1a: Buzzwole|81/100 tox|[from] drain|[of] p2a: Weavile
|faint|p2a: Weavile
|-ability|p1a: Buzzwole|Beast Boost|boost
|-boost|p1a: Buzzwole|atk|1
|
|-damage|p1a: Buzzwole|63/100 tox|[from] psn
|upkeep
|
|t:|1645421621
|switch|p2a: Tapu Koko|Tapu Koko|26/100
|turn|55
|inactive|zeke bradshaw has 30 seconds left.
|
|t:|1645421642
|move|p2a: Tapu Koko|Dazzling Gleam|p1a: Buzzwole
|-supereffective|p1a: Buzzwole
|-damage|p1a: Buzzwole|0 fnt
|faint|p1a: Buzzwole
|
|upkeep
|inactive|zeke bradshaw has 30 seconds left this turn.
|
|t:|1645421649
|switch|p1a: Gastrodon|Gastrodon-East, M|90/100
|-damage|p1a: Gastrodon|74/100|[from] Spikes
|-damage|p1a: Gastrodon|68/100|[from] Stealth Rock
|turn|56
|
|t:|1645421654
|move|p2a: Tapu Koko|Dazzling Gleam|p1a: Gastrodon
|-damage|p1a: Gastrodon|46/100
|move|p1a: Gastrodon|Earthquake|p2a: Tapu Koko
|-supereffective|p2a: Tapu Koko
|-damage|p2a: Tapu Koko|0 fnt
|faint|p2a: Tapu Koko
|
|win|zeke bradshaw
|raw|zeke bradshaw's rating: 1588 &rarr; <strong>1605</strong><br />(+17 for winning)
|raw|gaenisalbino's rating: 1534 &rarr; <strong>1517</strong><br />(-17 for losing)
|l|☆gaenisalbino
|l| Marquesa-10%
