|j|☆cump2
|j|☆LockedbisRataCalva
|t:|1653508412
|gametype|singles
|player|p1|cump2|169|1643
|player|p2|LockedbisRataCalva|burglar|1572
|teamsize|p1|6
|teamsize|p2|6
|gen|8
|tier|[Gen 8] OU
|rated|
|rule|Sleep Clause Mod: Limit one foe put to sleep
|rule|Species Clause: Limit one of each Pokémon
|rule|OHKO Clause: OHKO moves are banned
|rule|Evasion Moves Clause: Evasion moves are banned
|rule|Endless Battle Clause: Forcing endless battles is banned
|rule|HP Percentage Mod: HP is shown in percentages
|rule|Dynamax Clause: You cannot dynamax
|clearpoke
|poke|p1|Weavile, F|
|poke|p1|Tapu Koko|
|poke|p1|Zapdos-Galar|
|poke|p1|Garchomp, F|
|poke|p1|Zeraora|
|poke|p1|Hawlucha, M|
|poke|p2|Mew|
|poke|p2|Toxtricity, F|
|poke|p2|Bisharp, M|
|poke|p2|Dragapult, F|
|poke|p2|Landorus-Therian, M|
|poke|p2|Azumarill, M|
|teampreview
|inactive|Battle timer is ON: inactive players will automatically lose when time's up. (requested by LockedbisRataCalva)
|
|t:|1653508430
|start
|switch|p1a: Weavile|Weavile, F|100/100
|switch|p2a: Mew|Mew|100/100
|turn|1
|
|t:|1653508450
|move|p1a: Weavile|Beat Up|p2a: Mew
|-supereffective|p2a: Mew
|-damage|p2a: Mew|84/100
|-supereffective|p2a: Mew
|-damage|p2a: Mew|70/100
|-supereffective|p2a: Mew
|-damage|p2a: Mew|53/100
|-supereffective|p2a: Mew
|-damage|p2a: Mew|37/100
|-supereffective|p2a: Mew
|-crit|p2a: Mew
|-damage|p2a: Mew|15/100
|-supereffective|p2a: Mew
|-damage|p2a: Mew|3/100
|-hitcount|p2a: Mew|6
|-enditem|p2a: Mew|Red Card|[of] p1a: Weavile
|drag|p1a: Hawlucha|Hawlucha, M|100/100
|move|p2a: Mew|Stealth Rock|p1a: Hawlucha
|-sidestart|p1: cump2|move: Stealth Rock
|
|upkeep
|turn|2
|
|t:|1653508460
|move|p2a: Mew|Spikes|p1a: Hawlucha
|-sidestart|p1: cump2|Spikes
|move|p1a: Hawlucha|Acrobatics|p2a: Mew
|-damage|p2a: Mew|0 fnt
|faint|p2a: Mew
|
|upkeep
|
|t:|1653508470
|switch|p2a: Dragapult|Dragapult, F|100/100
|turn|3
|
|t:|1653508480
|switch|p1a: Zeraora|Zeraora, shiny|100/100
|-damage|p1a: Zeraora|88/100|[from] Stealth Rock
|-damage|p1a: Zeraora|76/100|[from] Spikes
|move|p2a: Dragapult|U-turn|p1a: Zeraora
|-damage|p1a: Zeraora|53/100
|
|t:|1653508485
|switch|p2a: Landorus|Landorus-Therian, M|100/100|[from]move: U-turn
|-ability|p2a: Landorus|Intimidate|boost
|-unboost|p1a: Zeraora|atk|1
|
|upkeep
|turn|4
|
|t:|1653508492
|switch|p1a: Zapdos|Zapdos-Galar|100/100
|-damage|p1a: Zapdos|88/100|[from] Stealth Rock
|move|p2a: Landorus|Substitute|p2a: Landorus
|-start|p2a: Landorus|Substitute
|-damage|p2a: Landorus|76/100
|
|upkeep
|turn|5
|
|t:|1653508499
|move|p1a: Zapdos|Drill Peck|p2a: Landorus
|-end|p2a: Landorus|Substitute
|move|p2a: Landorus|Substitute|p2a: Landorus
|-start|p2a: Landorus|Substitute
|-damage|p2a: Landorus|51/100
|
|upkeep
|turn|6
|
|t:|1653508519
|move|p1a: Zapdos|Drill Peck|p2a: Landorus
|-end|p2a: Landorus|Substitute
|move|p2a: Landorus|Stone Edge|p1a: Zapdos
|-damage|p1a: Zapdos|44/100
|
|upkeep
|turn|7
|
|t:|1653508523
|move|p1a: Zapdos|Drill Peck|p2a: Landorus
|-damage|p2a: Landorus|0 fnt
|faint|p2a: Landorus
|
|upkeep
|
|t:|1653508525
|switch|p2a: Toxtricity|Toxtricity, F|100/100
|turn|8
|
|t:|1653508529
|switch|p1a: Tapu Koko|Tapu Koko, shiny|100/100
|-damage|p1a: Tapu Koko|88/100|[from] Stealth Rock
|-damage|p1a: Tapu Koko|75/100|[from] Spikes
|-fieldstart|move: Electric Terrain|[from] ability: Electric Surge|[of] p1a: Tapu Koko
|move|p2a: Toxtricity|Shift Gear|p2a: Toxtricity
|-boost|p2a: Toxtricity|spe|2
|-boost|p2a: Toxtricity|atk|1
|
|upkeep
|turn|9
|
|t:|1653508535
|move|p2a: Toxtricity|Boomburst|p1a: Tapu Koko
|-damage|p1a: Tapu Koko|0 fnt
|faint|p1a: Tapu Koko
|-damage|p2a: Toxtricity|91/100|[from] item: Life Orb
|
|upkeep
|
|t:|1653508544
|switch|p1a: Garchomp|Garchomp, F, shiny|100/100
|-damage|p1a: Garchomp|94/100|[from] Stealth Rock
|-damage|p1a: Garchomp|82/100|[from] Spikes
|turn|10
|
|t:|1653508565
|move|p2a: Toxtricity|Boomburst|p1a: Garchomp
|-damage|p1a: Garchomp|0 fnt
|faint|p1a: Garchomp
|-damage|p2a: Toxtricity|81/100|[from] item: Life Orb
|
|upkeep
|
|t:|1653508571
|switch|p1a: Zeraora|Zeraora, shiny|53/100
|-damage|p1a: Zeraora|41/100|[from] Stealth Rock
|-damage|p1a: Zeraora|29/100|[from] Spikes
|turn|11
|-message|cump2 forfeited.
|
|win|LockedbisRataCalva
|raw|cump2's rating: 1643 &rarr; <strong>1619</strong><br />(-24 for losing)
|raw|LockedbisRataCalva's rating: 1572 &rarr; <strong>1596</strong><br />(+24 for winning)
|l|☆cump2
||Ladder isn't responding, score probably updated but might not have (Request timeout).
