|raw|<div class="broadcast-blue"><strong>This battle is required to be public due to a player having a name starting with 'btlt200'.</div>
|j|☆BTLT200$ SF'
|j|☆Cardiologie
|t:|1668172061
|gametype|singles
|player|p1|BTLT200$ SF'|palmer|
|player|p2|Cardiologie|morty-masters|
|teamsize|p1|6
|teamsize|p2|6
|gen|8
|tier|[Gen 8] OU
|rule|Sleep Clause Mod: Limit one foe put to sleep
|rule|Species Clause: Limit one of each Pokémon
|rule|OHKO Clause: OHKO moves are banned
|rule|Evasion Items Clause: Evasion items are banned
|rule|Evasion Moves Clause: Evasion moves are banned
|rule|Endless Battle Clause: Forcing endless battles is banned
|rule|HP Percentage Mod: HP is shown in percentages
|rule|Dynamax Clause: You cannot dynamax
|clearpoke
|poke|p1|Grimmsnarl, M|
|poke|p1|Slowbro-Galar, M|
|poke|p1|Polteageist-Antique|
|poke|p1|Zarude-Dada|
|poke|p1|Articuno-Galar|
|poke|p1|Inteleon, F|
|poke|p2|Orbeetle, M|
|poke|p2|Grimmsnarl, M|
|poke|p2|Regieleki|
|poke|p2|Sandaconda, F|
|poke|p2|Weezing-Galar, M|
|poke|p2|Eldegoss, F|
|teampreview
|inactive|Battle timer is ON: inactive players will automatically lose when time's up. (requested by BTLT200$ SF')
|
|t:|1668172073
|start
|switch|p1a: Grimmsnarl|Grimmsnarl, M|100/100
|switch|p2a: Regieleki|Regieleki|100/100
|turn|1
|
|t:|1668172087
|move|p1a: Grimmsnarl|Light Screen|p1a: Grimmsnarl
|-sidestart|p1: BTLT200$ SF'|move: Light Screen
|move|p2a: Regieleki|Volt Switch|p1a: Grimmsnarl
|-crit|p1a: Grimmsnarl
|-damage|p1a: Grimmsnarl|0 fnt
|faint|p1a: Grimmsnarl
|
|t:|1668172095
|switch|p2a: Sandaconda|Sandaconda, F|100/100|[from]move: Volt Switch
|
|upkeep
|
|t:|1668172103
|switch|p1a: Slowbro|Slowbro-Galar, M|100/100
|turn|2
|
|t:|1668172107
|move|p2a: Sandaconda|Glare|p1a: Slowbro
|-status|p1a: Slowbro|par
|move|p1a: Slowbro|Iron Defense|p1a: Slowbro
|-boost|p1a: Slowbro|def|2
|
|upkeep
|turn|3
|
|t:|1668172113
|switch|p2a: Regieleki|Regieleki|100/100
|move|p1a: Slowbro|Iron Defense|p1a: Slowbro
|-boost|p1a: Slowbro|def|2
|
|upkeep
|turn|4
|
|t:|1668172117
|move|p2a: Regieleki|Volt Switch|p1a: Slowbro
|-damage|p1a: Slowbro|60/100 par
|
|t:|1668172124
|switch|p2a: Weezing|Weezing-Galar, M|100/100|[from]move: Volt Switch
|cant|p1a: Slowbro|par
|
|upkeep
|turn|5
|
|t:|1668172129
|move|p2a: Weezing|Toxic Spikes|p1a: Slowbro
|-sidestart|p1: BTLT200$ SF'|move: Toxic Spikes
|cant|p1a: Slowbro|par
|
|upkeep
|turn|6
|
|t:|1668172133
|move|p2a: Weezing|Fire Blast|p1a: Slowbro
|-damage|p1a: Slowbro|47/100 par
|cant|p1a: Slowbro|par
|
|upkeep
|turn|7
|
|t:|1668172137
|move|p2a: Weezing|Fire Blast|p1a: Slowbro
|-damage|p1a: Slowbro|35/100 par
|move|p1a: Slowbro|Slack Off|p1a: Slowbro
|-heal|p1a: Slowbro|85/100 par
|
|upkeep
|turn|8
|c|☆BTLT200$ SF'|j'ai le droit de jouer ?
|
|t:|1668172148
|switch|p2a: Grimmsnarl|Grimmsnarl, M|100/100
|move|p1a: Slowbro|Calm Mind|p1a: Slowbro
|-boost|p1a: Slowbro|spa|1
|-boost|p1a: Slowbro|spd|1
|
|-sideend|p1: BTLT200$ SF'|move: Light Screen
|upkeep
|turn|9
|
|t:|1668172153
|move|p2a: Grimmsnarl|Darkest Lariat|p1a: Slowbro
|-supereffective|p1a: Slowbro
|-crit|p1a: Slowbro
|-damage|p1a: Slowbro|18/100 par
|-damage|p2a: Grimmsnarl|84/100|[from] item: Rocky Helmet|[of] p1a: Slowbro
|cant|p1a: Slowbro|par
|
|-heal|p2a: Grimmsnarl|90/100|[from] item: Leftovers
|upkeep
|turn|10
|
|t:|1668172158
|move|p2a: Grimmsnarl|Darkest Lariat|p1a: Slowbro
|-supereffective|p1a: Slowbro
|-damage|p1a: Slowbro|0 fnt
|-damage|p2a: Grimmsnarl|74/100|[from] item: Rocky Helmet|[of] p1a: Slowbro
|faint|p1a: Slowbro
|
|-heal|p2a: Grimmsnarl|80/100|[from] item: Leftovers
|upkeep
|c|☆Cardiologie|._.
|
|t:|1668172169
|switch|p1a: Articuno|Articuno-Galar|100/100
|turn|11
|
|t:|1668172173
|move|p2a: Grimmsnarl|Taunt|p1a: Articuno
|-start|p1a: Articuno|move: Taunt
|move|p1a: Articuno|Hurricane|p2a: Grimmsnarl
|-damage|p2a: Grimmsnarl|20/100
|-start|p2a: Grimmsnarl|confusion
|
|-heal|p2a: Grimmsnarl|26/100|[from] item: Leftovers
|upkeep
|turn|12
|
|t:|1668172181
|move|p1a: Articuno|Hurricane|p2a: Grimmsnarl
|-damage|p2a: Grimmsnarl|0 fnt
|faint|p2a: Grimmsnarl
|
|upkeep
|
|t:|1668172185
|switch|p2a: Regieleki|Regieleki|100/100
|turn|13
|
|t:|1668172188
|move|p2a: Regieleki|Thunderbolt|p1a: Articuno
|-supereffective|p1a: Articuno
|-damage|p1a: Articuno|0 fnt
|faint|p1a: Articuno
|
|upkeep
|
|t:|1668172192
|switch|p1a: Zarude|Zarude-Dada|100/100
|-status|p1a: Zarude|psn
|-enditem|p1a: Zarude|Lum Berry|[eat]
|-curestatus|p1a: Zarude|psn|[msg]
|turn|14
|
|t:|1668172197
|switch|p2a: Weezing|Weezing-Galar, M|100/100
|move|p1a: Zarude|Iron Tail|p2a: Weezing
|-supereffective|p2a: Weezing
|-damage|p2a: Weezing|48/100
|-damage|p1a: Zarude|84/100|[from] item: Rocky Helmet|[of] p2a: Weezing
|
|upkeep
|turn|15
|
|t:|1668172204
|move|p1a: Zarude|Bulk Up|p1a: Zarude
|-boost|p1a: Zarude|atk|1
|-boost|p1a: Zarude|def|1
|move|p2a: Weezing|Pain Split|p1a: Zarude
|-sethp|p1a: Zarude|65/100|[from] move: Pain Split|[silent]
|-sethp|p2a: Weezing|68/100|[from] move: Pain Split
|
|upkeep
|turn|16
|
|t:|1668172207
|move|p1a: Zarude|Iron Tail|p2a: Weezing|[miss]
|-miss|p1a: Zarude|p2a: Weezing
|move|p2a: Weezing|Strange Steam|p1a: Zarude
|-supereffective|p1a: Zarude
|-damage|p1a: Zarude|13/100
|-start|p1a: Zarude|confusion
|
|upkeep
|turn|17
|-message|BTLT200$ SF' forfeited.
|
|win|Cardiologie
