|j|☆Sww-Suwa
|j|☆vorakreb
|inactive|Battle timer is ON: inactive players will automatically lose when time's up.
|t:|1659720778
|gametype|singles
|player|p1|Sww-Suwa|lisia|
|player|p2|vorakreb|266|
|teamsize|p1|6
|teamsize|p2|6
|gen|8
|tier|[Gen 8] OU
|rated|Tournament battle
|rule|Sleep Clause Mod: Limit one foe put to sleep
|rule|Species Clause: Limit one of each Pokémon
|rule|OHKO Clause: OHKO moves are banned
|rule|Evasion Items Clause: Evasion items are banned
|rule|Evasion Moves Clause: Evasion moves are banned
|rule|Endless Battle Clause: Forcing endless battles is banned
|rule|HP Percentage Mod: HP is shown in percentages
|rule|Dynamax Clause: You cannot dynamax
|clearpoke
|poke|p1|Diancie-Mega|
|poke|p1|Blaziken, M|
|poke|p1|Scizor-Mega, M|
|poke|p1|Garchomp, M|
|poke|p1|Ninetales-Alola, F|
|poke|p1|Altaria-Mega, F|
|poke|p2|Mew|
|poke|p2|Tyranitar-Mega, M|
|poke|p2|Landorus-Therian, M|
|poke|p2|Sableye-Mega, M|
|poke|p2|Garchomp-Mega, M|
|poke|p2|Slowbro-Mega, F|
|teampreview
|j| LT92PF troll
|j| LordCube02
|j| Drop a Beast
|c|☆Sww-Suwa|hf
|j| BlisseyMaster13
|j| amsTan
|j| adamantazu
|j| L'chonk
|
|t:|1659720787
|start
|switch|p1a: Diancie|Diancie-Mega|100/100
|switch|p2a: Mew|Mew|100/100
|turn|1
|c| BlisseyMaster13|good luck
|j| okaysurebud
|j| Rekless_Zombie
|
|t:|1659720791
|move|p1a: Diancie|Substitute|p1a: Diancie
|-start|p1a: Diancie|Substitute
|-damage|p1a: Diancie|76/100
|move|p2a: Mew|Taunt|p1a: Diancie
|move|p1a: Diancie|Taunt|p2a: Mew|[from]ability: Magic Bounce
|-start|p2a: Mew|move: Taunt
|
|upkeep
|turn|2
|j| LT92PF Qzertz
|c| adamantazu|LMFAO
|c| Drop a Beast|ah yes
|c| LT92PF troll|wtf
|l| amsTan
|c| Rekless_Zombie|goat tech
|j| shxwk
|
|t:|1659720820
|switch|p2a: Tyranitar|Tyranitar-Mega, M|100/100
|-weather|Sandstorm|[from] ability: Sand Stream|[of] p2a: Tyranitar
|move|p1a: Diancie|Moonblast|p2a: Tyranitar
|-supereffective|p2a: Tyranitar
|-damage|p2a: Tyranitar|61/100
|-unboost|p2a: Tyranitar|spa|1
|
|-weather|Sandstorm|[upkeep]
|upkeep
|turn|3
|c| BlisseyMaster13|ooog
|
|t:|1659720824
|move|p1a: Diancie|Stealth Rock|p2a: Tyranitar
|-sidestart|p2: vorakreb|move: Stealth Rock
|move|p2a: Tyranitar|Rock Blast|p1a: Diancie
|-crit|p1a: Diancie
|-end|p1a: Diancie|Substitute
|-damage|p1a: Diancie|52/100
|-damage|p1a: Diancie|30/100
|-damage|p1a: Diancie|6/100
|-damage|p1a: Diancie|0 fnt
|faint|p1a: Diancie
|-hitcount|p1: Diancie|5
|
|-weather|Sandstorm|[upkeep]
|upkeep
|c| Drop a Beast|sub diancie isnt a tech lol
|c| Drop a Beast|bro ate fr
|c|☆Sww-Suwa|rip
|j| sgpg-cap
|c| BlisseyMaster13|sandstorm
|c| LT92PF troll|crit mattered to break sub?
|c| adamantazu|rip
|c| LT92PF Qzertz|crazy
|c| Drop a Beast|crit 5 hits fr
|
|t:|1659720848
|switch|p1a: Blaziken|Blaziken, M|100/100
|turn|4
|c| BlisseyMaster13|it boost the special defense of rock types
|c|☆vorakreb|all skill
|c| BlisseyMaster13|thats why the ttar took it that well
|c| Drop a Beast|yeah but crit 5 hits
|c| Drop a Beast|we know
|
|t:|1659720872
|switch|p2a: Landorus|Landorus-Therian, M|100/100
|-damage|p2a: Landorus|88/100|[from] Stealth Rock
|-ability|p2a: Landorus|Intimidate|boost
|-unboost|p1a: Blaziken|atk|1
|move|p1a: Blaziken|Swords Dance|p1a: Blaziken
|-boost|p1a: Blaziken|atk|2
|
|-weather|Sandstorm|[upkeep]
|-damage|p1a: Blaziken|95/100|[from] Sandstorm
|-heal|p2a: Landorus|94/100|[from] item: Leftovers
|-ability|p1a: Blaziken|Speed Boost|boost
|-boost|p1a: Blaziken|spe|1
|upkeep
|turn|5
|c| LT92PF Qzertz|why is this a regular blaze
|c| shxwk|why does mega bro 6-0
|
|t:|1659720876
|move|p1a: Blaziken|Flare Blitz|p2a: Landorus
|-damage|p2a: Landorus|0 fnt
|faint|p2a: Landorus
|-damage|p1a: Blaziken|62/100|[from] Recoil
|-damage|p1a: Blaziken|52/100|[from] item: Life Orb
|
|-weather|Sandstorm|[upkeep]
|-damage|p1a: Blaziken|46/100|[from] Sandstorm
|-ability|p1a: Blaziken|Speed Boost|boost
|-boost|p1a: Blaziken|spe|1
|upkeep
|c| Drop a Beast|mega blaze banned
|
|t:|1659720878
|switch|p2a: Slowbro|Slowbro-Mega, F|100/100
|-damage|p2a: Slowbro|88/100|[from] Stealth Rock
|turn|6
|c| shxwk|bc the mega is banned
|c| okaysurebud|and rock blast hitting in general is kinda low odds
|c| shxwk|lol
|c| LT92PF Qzertz|oh lol
|
|t:|1659720882
|move|p1a: Blaziken|Knock Off|p2a: Slowbro
|-supereffective|p2a: Slowbro
|-damage|p2a: Slowbro|35/100
|-enditem|p2a: Slowbro|Light Clay|[from] move: Knock Off|[of] p1a: Blaziken
|-damage|p1a: Blaziken|36/100|[from] item: Life Orb
|move|p2a: Slowbro|Reflect|p2a: Slowbro
|-sidestart|p2: vorakreb|Reflect
|
|-weather|none
|-ability|p1a: Blaziken|Speed Boost|boost
|-boost|p1a: Blaziken|spe|1
|upkeep
|turn|7
|c| adamantazu|what about chomp
|c| Rekless_Zombie|holy
|
|t:|1659720888
|move|p1a: Blaziken|Knock Off|p2a: Slowbro
|-supereffective|p2a: Slowbro
|-damage|p2a: Slowbro|17/100
|-damage|p1a: Blaziken|26/100|[from] item: Life Orb
|move|p2a: Slowbro|Slack Off|p2a: Slowbro
|-heal|p2a: Slowbro|67/100
|
|-ability|p1a: Blaziken|Speed Boost|boost
|-boost|p1a: Blaziken|spe|1
|upkeep
|turn|8
|
|t:|1659720891
|move|p1a: Blaziken|Swords Dance|p1a: Blaziken
|-boost|p1a: Blaziken|atk|2
|move|p2a: Slowbro|Scald|p1a: Blaziken
|-supereffective|p1a: Blaziken
|-damage|p1a: Blaziken|0 fnt
|faint|p1a: Blaziken
|
|upkeep
|c| Drop a Beast|LO blaze is a broken mon fr
|
|t:|1659720894
|switch|p1a: Ninetales|Ninetales-Alola, F, shiny|100/100
|-weather|Hail|[from] ability: Snow Warning|[of] p1a: Ninetales
|turn|9
|c| shxwk|yooo
|c| shxwk|hold up
|c| Drop a Beast|but the BRO is brokener
|c| BlisseyMaster13|if mega blaze was allowed
|c| LT92PF Qzertz|dude went knock over tpunch
|c| BlisseyMaster13|it would be so patronizing
|c| shxwk|mega bro 6-0s
|c| LT92PF Qzertz|its a rap
|c| Drop a Beast|wrap,,
|c| adamantazu|rap
|c| LT92PF Qzertz|scarf atales
|c| LT92PF Qzertz|lol
|inactive|vorakreb has 120 seconds left.
|c| Drop a Beast|scarf tales no way this ohkos
|
|t:|1659720928
|move|p1a: Ninetales|Freeze-Dry|p2a: Slowbro
|-supereffective|p2a: Slowbro
|-damage|p2a: Slowbro|12/100
|move|p2a: Slowbro|Light Screen|p2a: Slowbro
|-sidestart|p2: vorakreb|move: Light Screen
|
|-weather|Hail|[upkeep]
|-damage|p2a: Slowbro|6/100|[from] Hail
|upkeep
|turn|10
|c| Drop a Beast|yeah
|c| LT92PF Qzertz|specs woulda gone crazy here
|c| shxwk|EXCUSE ME??
|
|t:|1659720933
|switch|p2a: Sableye|Sableye-Mega, M|100/100
|-damage|p2a: Sableye|88/100|[from] Stealth Rock
|move|p1a: Ninetales|Freeze-Dry|p2a: Sableye
|-damage|p2a: Sableye|77/100
|
|-weather|Hail|[upkeep]
|-damage|p2a: Sableye|71/100|[from] Hail
|-heal|p2a: Sableye|77/100|[from] item: Leftovers
|-sideend|p2: vorakreb|Reflect
|upkeep
|turn|11
|c| Drop a Beast|specs 6-0s
|c| Drop a Beast|LOL
|
|t:|1659720941
|switch|p1a: Altaria|Altaria-Mega, F|100/100
|move|p2a: Sableye|Will-O-Wisp|p1a: Altaria
|-status|p1a: Altaria|brn
|-enditem|p1a: Altaria|Lum Berry|[eat]
|-curestatus|p1a: Altaria|brn|[msg]
|
|-weather|Hail|[upkeep]
|-damage|p1a: Altaria|94/100|[from] Hail
|-damage|p2a: Sableye|71/100|[from] Hail
|-heal|p2a: Sableye|77/100|[from] item: Leftovers
|upkeep
|turn|12
|c| adamantazu|wait
|c| adamantazu|what
|c| BlisseyMaster13|good choice not making the garchomp mega suwa
|c| Drop a Beast|bro just switched into a wisp
|c| LT92PF Qzertz|lmao
|c|☆Sww-Suwa|i am lum
|inactive|vorakreb has 120 seconds left.
|
|t:|1659720968
|move|p1a: Altaria|Double-Edge|p2a: Sableye
|-supereffective|p2a: Sableye
|-damage|p2a: Sableye|0 fnt
|faint|p2a: Sableye
|-damage|p1a: Altaria|68/100|[from] Recoil
|
|-weather|Hail|[upkeep]
|-damage|p1a: Altaria|62/100|[from] Hail
|upkeep
|c| Drop a Beast|ate
|c| LT92PF Qzertz|fairy move was free asf
|inactive|vorakreb has 120 seconds left.
|c|☆Sww-Suwa|bro
|c| Drop a Beast|ima be honest
|
|t:|1659720978
|switch|p2a: Mew|Mew|100/100
|-damage|p2a: Mew|88/100|[from] Stealth Rock
|turn|13
|c| okaysurebud|pixelate double edge for the dub
|c| BlisseyMaster13|fact: mega garchomp is worse than normal garhcomp
|c| adamantazu|oh chomp isnt mega to outsped mega chomp?
|
|t:|1659720982
|move|p2a: Mew|Flare Blitz|p1a: Altaria
|-resisted|p1a: Altaria
|-damage|p1a: Altaria|47/100
|-damage|p2a: Mew|84/100|[from] Recoil
|move|p1a: Altaria|Double-Edge|p2a: Mew
|-damage|p2a: Mew|23/100
|-damage|p1a: Altaria|18/100|[from] Recoil
|-enditem|p2a: Mew|Red Card|[of] p1a: Altaria
|drag|p1a: Ninetales|Ninetales-Alola, F, shiny|100/100
|
|-weather|none
|-sideend|p2: vorakreb|move: Light Screen
|upkeep
|turn|14
|c| Drop a Beast|i forgot msab doesnt have prank
|
|t:|1659720988
|switch|p1a: Altaria|Altaria-Mega, F|18/100
|move|p2a: Mew|Flare Blitz|p1a: Altaria
|-resisted|p1a: Altaria
|-damage|p1a: Altaria|3/100
|-damage|p2a: Mew|19/100|[from] Recoil
|
|upkeep
|turn|15
|j| Seulggi ♡
|
|t:|1659720993
|move|p2a: Mew|Flare Blitz|p1a: Altaria
|-resisted|p1a: Altaria
|-damage|p1a: Altaria|0 fnt
|faint|p1a: Altaria
|-damage|p2a: Mew|18/100|[from] Recoil
|
|upkeep
|c| Drop a Beast|broken
|c| adamantazu|why
|
|t:|1659720998
|switch|p1a: Garchomp|Garchomp, M|100/100
|turn|16
|
|t:|1659721001
|move|p1a: Garchomp|Earthquake|p2a: Mew
|-damage|p2a: Mew|0 fnt
|faint|p2a: Mew
|
|upkeep
|c| LT92PF Qzertz|whyd you switch
|c| LT92PF Qzertz|mblast was free
|c| adamantazu|why didnt you just blizzard
|c| adamantazu|or blast
|
|t:|1659721009
|switch|p2a: Tyranitar|Tyranitar-Mega, M|61/100
|-damage|p2a: Tyranitar|49/100|[from] Stealth Rock
|-weather|Sandstorm|[from] ability: Sand Stream|[of] p2a: Tyranitar
|turn|17
|c|☆Sww-Suwa|i am
|c|☆Sww-Suwa|the funny item
|
|t:|1659721015
|switch|p1a: Scizor|Scizor-Mega, M|100/100
|move|p2a: Tyranitar|Ice Punch|p1a: Scizor
|-resisted|p1a: Scizor
|-damage|p1a: Scizor|85/100
|
|-weather|Sandstorm|[upkeep]
|upkeep
|turn|18
|c| Drop a Beast|yes scarf
|
|t:|1659721019
|move|p1a: Scizor|Bullet Punch|p2a: Tyranitar
|-supereffective|p2a: Tyranitar
|-damage|p2a: Tyranitar|0 fnt
|faint|p2a: Tyranitar
|-damage|p1a: Scizor|75/100|[from] item: Life Orb
|
|-weather|Sandstorm|[upkeep]
|upkeep
|c| Drop a Beast|the funny item
|
|t:|1659721022
|switch|p2a: Garchomp|Garchomp-Mega, M|100/100
|-damage|p2a: Garchomp|94/100|[from] Stealth Rock
|turn|19
|c| BlisseyMaster13|ur in finals
|
|t:|1659721025
|move|p1a: Scizor|Bullet Punch|p2a: Garchomp
|-damage|p2a: Garchomp|51/100
|-damage|p1a: Scizor|65/100|[from] item: Life Orb
|move|p2a: Garchomp|Fire Fang|p1a: Scizor
|-supereffective|p1a: Scizor
|-damage|p1a: Scizor|0 fnt
|faint|p1a: Scizor
|-damage|p2a: Garchomp|42/100|[from] item: Life Orb
|
|-weather|Sandstorm|[upkeep]
|upkeep
|c| BlisseyMaster13|dont goof off
|
|t:|1659721028
|switch|p1a: Ninetales|Ninetales-Alola, F, shiny|100/100
|-weather|Hail|[from] ability: Snow Warning|[of] p1a: Ninetales
|turn|20
|c|☆Sww-Suwa|gg
|c| Drop a Beast|gg fr
|
|t:|1659721032
|move|p1a: Ninetales|Blizzard|p2a: Garchomp
|-supereffective|p2a: Garchomp
|-damage|p2a: Garchomp|0 fnt
|faint|p2a: Garchomp
|
|-weather|Hail|[upkeep]
|upkeep
|c| LT92PF Qzertz|oh shit sand force
|c|☆vorakreb|gg
|c| shxwk|what sand force?
|-message|vorakreb forfeited.
|
|win|Sww-Suwa
|n|☆Sww-Suwa|swwsuwa
|n|☆vorakreb|vorakreb
|n| LT92PF troll|lt92pftroll
|n| LordCube02|lordcube02
|n| Drop a Beast|dropabeast
|n| BlisseyMaster13|blisseymaster13
|n| adamantazu|adamantazu
|n| L'chonk|lchonk
|n| okaysurebud|okaysurebud
|n| Rekless_Zombie|reklesszombie
|n| LT92PF Qzertz|lt92pfqzertz
|n| shxwk|shxwk
|n| sgpg-cap|sgpgcap
|n| Seulggi ♡|seulggi
