|j|☆cump7
|j|☆30orless
|t:|1663600113
|gametype|singles
|player|p1|cump7|schoolkid-gen4|1661
|player|p2|30orless|170|1707
|teamsize|p1|6
|teamsize|p2|6
|gen|8
|tier|[Gen 8] OU
|rated|
|rule|Sleep Clause Mod: Limit one foe put to sleep
|rule|Species Clause: Limit one of each Pokémon
|rule|OHKO Clause: OHKO moves are banned
|rule|Evasion Items Clause: Evasion items are banned
|rule|Evasion Moves Clause: Evasion moves are banned
|rule|Endless Battle Clause: Forcing endless battles is banned
|rule|HP Percentage Mod: HP is shown in percentages
|rule|Dynamax Clause: You cannot dynamax
|clearpoke
|poke|p1|Swampert, M|
|poke|p1|Mandibuzz, F|
|poke|p1|Rillaboom, M|
|poke|p1|Magnezone|
|poke|p1|Tapu Lele|
|poke|p1|Dragapult, F|
|poke|p2|Zeraora|
|poke|p2|Hydreigon, M|
|poke|p2|Blaziken, M|
|poke|p2|Volcanion|
|poke|p2|Zapdos|
|poke|p2|Mamoswine, F|
|teampreview
|inactive|Battle timer is ON: inactive players will automatically lose when time's up. (requested by 30orless)
|c|☆cump7|hf
|
|t:|1663600122
|start
|switch|p1a: Dragapult|Dragapult, F|100/100
|switch|p2a: Volcanion|Volcanion|100/100
|turn|1
|
|t:|1663600125
|move|p1a: Dragapult|U-turn|p2a: Volcanion
|-resisted|p2a: Volcanion
|-damage|p2a: Volcanion|83/100
|
|t:|1663600130
|switch|p1a: Swampert|Swampert, M|100/100|[from]move: U-turn
|move|p2a: Volcanion|Steam Eruption|p1a: Swampert
|-damage|p1a: Swampert|63/100
|
|-heal|p1a: Swampert|69/100|[from] item: Leftovers
|upkeep
|turn|2
|
|t:|1663600132
|move|p2a: Volcanion|Steam Eruption|p1a: Swampert
|-damage|p1a: Swampert|28/100
|-status|p1a: Swampert|brn
|move|p1a: Swampert|High Horsepower|p2a: Volcanion
|-supereffective|p2a: Volcanion
|-damage|p2a: Volcanion|54/100
|
|-heal|p1a: Swampert|35/100 brn|[from] item: Leftovers
|-damage|p1a: Swampert|28/100 brn|[from] brn
|upkeep
|turn|3
|
|t:|1663600136
|move|p2a: Volcanion|Steam Eruption|p1a: Swampert
|-damage|p1a: Swampert|0 fnt
|faint|p1a: Swampert
|
|upkeep
|
|t:|1663600138
|switch|p1a: Dragapult|Dragapult, F|100/100
|turn|4
|
|t:|1663600141
|move|p1a: Dragapult|Dragon Darts|p2a: Volcanion
|-damage|p2a: Volcanion|17/100
|-anim|p1a: Dragapult|Dragon Darts|p2a: Volcanion
|-damage|p2a: Volcanion|0 fnt
|faint|p2a: Volcanion
|
|upkeep
|
|t:|1663600148
|switch|p2a: Mamoswine|Mamoswine, F|100/100
|turn|5
|
|t:|1663600152
|switch|p1a: Magnezone|Magnezone, shiny|100/100
|move|p2a: Mamoswine|Stealth Rock|p1a: Magnezone
|-sidestart|p1: cump7|move: Stealth Rock
|
|upkeep
|turn|6
|
|t:|1663600154
|move|p2a: Mamoswine|Earthquake|p1a: Magnezone
|-supereffective|p1a: Magnezone
|-damage|p1a: Magnezone|0 fnt
|faint|p1a: Magnezone
|
|upkeep
|
|t:|1663600156
|switch|p1a: Tapu Lele|Tapu Lele, shiny|100/100
|-damage|p1a: Tapu Lele|88/100|[from] Stealth Rock
|-fieldstart|move: Psychic Terrain|[from] ability: Psychic Surge|[of] p1a: Tapu Lele
|turn|7
|
|t:|1663600165
|switch|p2a: Zeraora|Zeraora|100/100
|-item|p2a: Zeraora|Air Balloon
|move|p1a: Tapu Lele|Moonblast|p2a: Zeraora
|-damage|p2a: Zeraora|0 fnt
|-enditem|p2a: Zeraora|Air Balloon
|faint|p2a: Zeraora
|
|upkeep
|
|t:|1663600169
|switch|p2a: Zapdos|Zapdos|100/100
|turn|8
|
|t:|1663600171
|move|p1a: Tapu Lele|Moonblast|p2a: Zapdos
|-damage|p2a: Zapdos|14/100
|move|p2a: Zapdos|Discharge|p1a: Tapu Lele
|-damage|p1a: Tapu Lele|41/100
|
|upkeep
|turn|9
|
|t:|1663600177
|move|p1a: Tapu Lele|Moonblast|p2a: Zapdos
|-damage|p2a: Zapdos|0 fnt
|faint|p2a: Zapdos
|
|upkeep
|
|t:|1663600183
|switch|p2a: Hydreigon|Hydreigon, M|100/100
|turn|10
|
|t:|1663600185
|switch|p1a: Mandibuzz|Mandibuzz, F|100/100
|move|p2a: Hydreigon|Dark Pulse|p1a: Mandibuzz
|-resisted|p1a: Mandibuzz
|-damage|p1a: Mandibuzz|85/100
|
|upkeep
|turn|11
|
|t:|1663600192
|switch|p2a: Mamoswine|Mamoswine, F|100/100
|move|p1a: Mandibuzz|U-turn|p2a: Mamoswine
|-damage|p2a: Mamoswine|88/100
|
|t:|1663600195
|switch|p1a: Rillaboom|Rillaboom, M|100/100|[from]move: U-turn
|-damage|p1a: Rillaboom|88/100|[from] Stealth Rock
|-fieldstart|move: Grassy Terrain|[from] ability: Grassy Surge|[of] p1a: Rillaboom
|
|-heal|p2a: Mamoswine|94/100|[from] Grassy Terrain
|-heal|p1a: Rillaboom|94/100|[from] Grassy Terrain
|upkeep
|turn|12
|
|t:|1663600202
|move|p2a: Mamoswine|Ice Shard|p1a: Rillaboom
|-supereffective|p1a: Rillaboom
|-damage|p1a: Rillaboom|43/100
|move|p1a: Rillaboom|Grassy Glide|p2a: Mamoswine
|-supereffective|p2a: Mamoswine
|-damage|p2a: Mamoswine|0 fnt
|faint|p2a: Mamoswine
|
|-heal|p1a: Rillaboom|49/100|[from] Grassy Terrain
|upkeep
|
|t:|1663600211
|switch|p2a: Blaziken|Blaziken, M|100/100
|turn|13
|
|t:|1663600215
|switch|p1a: Dragapult|Dragapult, F|100/100
|-damage|p1a: Dragapult|88/100|[from] Stealth Rock
|move|p2a: Blaziken|Overheat|p1a: Dragapult
|-resisted|p1a: Dragapult
|-damage|p1a: Dragapult|43/100
|-unboost|p2a: Blaziken|spa|2
|-damage|p2a: Blaziken|91/100|[from] item: Life Orb
|
|-heal|p1a: Dragapult|49/100|[from] Grassy Terrain
|-heal|p2a: Blaziken|97/100|[from] Grassy Terrain
|-ability|p2a: Blaziken|Speed Boost|boost
|-boost|p2a: Blaziken|spe|1
|upkeep
|turn|14
|
|t:|1663600221
|move|p2a: Blaziken|Knock Off|p1a: Dragapult
|-supereffective|p1a: Dragapult
|-damage|p1a: Dragapult|0 fnt
|-enditem|p1a: Dragapult|Choice Band|[from] move: Knock Off|[of] p2a: Blaziken
|faint|p1a: Dragapult
|-damage|p2a: Blaziken|87/100|[from] item: Life Orb
|
|-heal|p2a: Blaziken|93/100|[from] Grassy Terrain
|-ability|p2a: Blaziken|Speed Boost|boost
|-boost|p2a: Blaziken|spe|1
|upkeep
|
|t:|1663600229
|switch|p1a: Mandibuzz|Mandibuzz, F|85/100
|turn|15
|
|t:|1663600231
|move|p2a: Blaziken|Knock Off|p1a: Mandibuzz
|-resisted|p1a: Mandibuzz
|-damage|p1a: Mandibuzz|75/100
|-enditem|p1a: Mandibuzz|Heavy-Duty Boots|[from] move: Knock Off|[of] p2a: Blaziken
|-damage|p2a: Blaziken|83/100|[from] item: Life Orb
|move|p1a: Mandibuzz|Foul Play|p2a: Blaziken
|-resisted|p2a: Blaziken
|-damage|p2a: Blaziken|48/100
|
|-heal|p2a: Blaziken|54/100|[from] Grassy Terrain
|-fieldend|move: Grassy Terrain
|-ability|p2a: Blaziken|Speed Boost|boost
|-boost|p2a: Blaziken|spe|1
|upkeep
|turn|16
|
|t:|1663600236
|switch|p2a: Hydreigon|Hydreigon, M|100/100
|move|p1a: Mandibuzz|Defog|p2a: Hydreigon
|-unboost|p2a: Hydreigon|evasion|1
|-sideend|p1: cump7|Stealth Rock|[from] move: Defog|[of] p1a: Mandibuzz
|
|upkeep
|turn|17
|
|t:|1663600245
|switch|p1a: Tapu Lele|Tapu Lele, shiny|41/100
|-fieldstart|move: Psychic Terrain|[from] ability: Psychic Surge|[of] p1a: Tapu Lele
|move|p2a: Hydreigon|Draco Meteor|p1a: Tapu Lele
|-immune|p1a: Tapu Lele
|
|upkeep
|turn|18
|
|t:|1663600249
|move|p2a: Hydreigon|Draco Meteor|p1a: Tapu Lele
|-immune|p1a: Tapu Lele
|move|p1a: Tapu Lele|Moonblast|p2a: Hydreigon
|-supereffective|p2a: Hydreigon
|-damage|p2a: Hydreigon|0 fnt
|faint|p2a: Hydreigon
|
|upkeep
|
|t:|1663600251
|switch|p2a: Blaziken|Blaziken, M|54/100
|turn|19
|
|t:|1663600252
|move|p1a: Tapu Lele|Moonblast|p2a: Blaziken
|-damage|p2a: Blaziken|0 fnt
|faint|p2a: Blaziken
|
|win|cump7
|raw|cump7's rating: 1661 &rarr; <strong>1684</strong><br />(+23 for winning)
|raw|30orless's rating: 1707 &rarr; <strong>1684</strong><br />(-23 for losing)
|l|☆cump7
