|j|☆outd blundar
|j|☆HarmonyHatterene37
|t:|1666944770
|gametype|singles
|player|p1|outd blundar|101|1397
|player|p2|HarmonyHatterene37|1|1440
|teamsize|p1|6
|teamsize|p2|6
|gen|8
|tier|[Gen 8] OU
|rated|
|rule|Sleep Clause Mod: Limit one foe put to sleep
|rule|Species Clause: Limit one of each Pokémon
|rule|OHKO Clause: OHKO moves are banned
|rule|Evasion Items Clause: Evasion items are banned
|rule|Evasion Moves Clause: Evasion moves are banned
|rule|Endless Battle Clause: Forcing endless battles is banned
|rule|HP Percentage Mod: HP is shown in percentages
|rule|Dynamax Clause: You cannot dynamax
|clearpoke
|poke|p1|Victini|
|poke|p1|Drapion, M|
|poke|p1|Regidrago|
|poke|p1|Rillaboom, M|
|poke|p1|Latias, F|
|poke|p1|Silvally-*|
|poke|p2|Melmetal|
|poke|p2|Crawdaunt, M|
|poke|p2|Marowak-Alola, M|
|poke|p2|Hatterene, F|
|poke|p2|Porygon2|
|poke|p2|Cresselia, F|
|teampreview
|inactive|Battle timer is ON: inactive players will automatically lose when time's up. (requested by HarmonyHatterene37)
|
|t:|1666944777
|start
|switch|p1a: Victini|Victini|100/100
|switch|p2a: Harmony|Hatterene, F|100/100
|turn|1
|
|t:|1666944780
|move|p1a: Victini|Trick|p2a: Harmony
|-activate|p1a: Victini|move: Trick|[of] p2a: Harmony
|-item|p2a: Harmony|Choice Scarf|[from] move: Trick
|-item|p1a: Victini|Focus Sash|[from] move: Trick
|move|p2a: Harmony|Trick Room|p2a: Harmony
|-fieldstart|move: Trick Room|[of] p2a: Harmony
|
|upkeep
|turn|2
|
|t:|1666944801
|switch|p2a: Sans|Marowak-Alola, M|100/100
|move|p1a: Victini|Trick|p2a: Sans
|-activate|p1a: Victini|move: Trick|[of] p2a: Sans
|-item|p2a: Sans|Focus Sash|[from] move: Trick
|-item|p1a: Victini|Thick Club|[from] move: Trick
|
|upkeep
|turn|3
|
|t:|1666944813
|switch|p1a: Regidrago|Regidrago|100/100
|move|p2a: Sans|Swords Dance|p2a: Sans
|-boost|p2a: Sans|atk|2
|
|upkeep
|turn|4
|
|t:|1666944818
|move|p2a: Sans|Poltergeist|p1a: Regidrago
|-activate|p1a: Regidrago|move: Poltergeist|Life Orb
|-damage|p1a: Regidrago|0 fnt
|faint|p1a: Regidrago
|
|upkeep
|
|t:|1666944834
|switch|p1a: Victini|Victini|100/100
|turn|5
|
|t:|1666944841
|move|p2a: Sans|Flare Blitz|p1a: Victini
|-resisted|p1a: Victini
|-damage|p1a: Victini|60/100
|move|p1a: Victini|Light Screen|p1a: Victini
|-sidestart|p1: outd blundar|move: Light Screen
|
|-fieldend|move: Trick Room
|upkeep
|turn|6
|
|t:|1666944851
|move|p1a: Victini|Final Gambit|p2a: Sans
|-immune|p2a: Sans
|move|p2a: Sans|Poltergeist|p1a: Victini
|-activate|p1a: Victini|move: Poltergeist|Thick Club
|-supereffective|p1a: Victini
|-damage|p1a: Victini|0 fnt
|faint|p1a: Victini
|
|upkeep
|
|t:|1666944875
|switch|p1a: Rillaboom|Rillaboom, M|100/100
|-fieldstart|move: Grassy Terrain|[from] ability: Grassy Surge|[of] p1a: Rillaboom
|turn|7
|
|t:|1666944879
|move|p1a: Rillaboom|High Horsepower|p2a: Sans
|-supereffective|p2a: Sans
|-damage|p2a: Sans|30/100
|move|p2a: Sans|Flare Blitz|p1a: Rillaboom
|-supereffective|p1a: Rillaboom
|-damage|p1a: Rillaboom|0 fnt
|faint|p1a: Rillaboom
|
|-heal|p2a: Sans|36/100|[from] Grassy Terrain
|upkeep
|
|t:|1666944881
|switch|p1a: Drapion|Drapion, M|100/100
|turn|8
|
|t:|1666944889
|switch|p2a: Cress|Cresselia, F|100/100
|move|p1a: Drapion|Knock Off|p2a: Cress
|-supereffective|p2a: Cress
|-damage|p2a: Cress|68/100
|-damage|p1a: Drapion|84/100|[from] item: Rocky Helmet|[of] p2a: Cress
|-enditem|p2a: Cress|Rocky Helmet|[from] move: Knock Off|[of] p1a: Drapion
|
|-heal|p1a: Drapion|90/100|[from] Grassy Terrain
|-heal|p1a: Drapion|96/100|[from] item: Black Sludge
|upkeep
|turn|9
|
|t:|1666944896
|move|p1a: Drapion|Taunt|p2a: Cress
|-start|p2a: Cress|move: Taunt
|cant|p2a: Cress|move: Taunt|Trick Room
|
|-heal|p1a: Drapion|100/100|[from] Grassy Terrain
|-sideend|p1: outd blundar|move: Light Screen
|upkeep
|turn|10
|
|t:|1666944917
|switch|p1a: Silvally|Silvally|100/100
|switch|p2a: Sans|Marowak-Alola, M|36/100
|
|-heal|p2a: Sans|42/100|[from] Grassy Terrain
|upkeep
|turn|11
|
|t:|1666944926
|move|p1a: Silvally|Thunder Wave|p2a: Sans
|-status|p2a: Sans|par
|move|p2a: Sans|Flare Blitz|p1a: Silvally
|-damage|p1a: Silvally|46/100
|
|-heal|p1a: Silvally|52/100|[from] Grassy Terrain
|-heal|p2a: Sans|49/100 par|[from] Grassy Terrain
|-fieldend|move: Grassy Terrain
|upkeep
|turn|12
|
|t:|1666944931
|move|p1a: Silvally|Swords Dance|p1a: Silvally
|-boost|p1a: Silvally|atk|2
|move|p2a: Sans|Flare Blitz|p1a: Silvally
|-damage|p1a: Silvally|0 fnt
|faint|p1a: Silvally
|
|upkeep
|
|t:|1666944933
|switch|p1a: Latias|Latias, F|100/100
|turn|13
|
|t:|1666944939
|move|p1a: Latias|Reflect|p1a: Latias
|-sidestart|p1: outd blundar|Reflect
|cant|p2a: Sans|par
|
|upkeep
|turn|14
|
|t:|1666944946
|move|p1a: Latias|Light Screen|p1a: Latias
|-sidestart|p1: outd blundar|move: Light Screen
|cant|p2a: Sans|par
|
|upkeep
|turn|15
|
|t:|1666944948
|move|p1a: Latias|Healing Wish|p1a: Latias
|faint|p1a: Latias
|move|p2a: Sans|Poltergeist|p1: Latias|[notarget]
|-fail|p2a: Sans
|
|upkeep
|
|t:|1666944950
|switch|p1a: Drapion|Drapion, M|100/100
|turn|16
|
|t:|1666944956
|move|p1a: Drapion|Acupressure|p1a: Drapion
|-boost|p1a: Drapion|spa|2
|move|p2a: Sans|Earthquake|p1a: Drapion
|-supereffective|p1a: Drapion
|-damage|p1a: Drapion|76/100
|
|-heal|p1a: Drapion|82/100|[from] item: Black Sludge
|upkeep
|turn|17
|
|t:|1666944961
|move|p1a: Drapion|Acupressure|p1a: Drapion
|-boost|p1a: Drapion|spe|2
|move|p2a: Sans|Earthquake|p1a: Drapion
|-supereffective|p1a: Drapion
|-damage|p1a: Drapion|57/100
|
|-heal|p1a: Drapion|64/100|[from] item: Black Sludge
|upkeep
|turn|18
|
|t:|1666944968
|move|p1a: Drapion|Acupressure|p1a: Drapion
|-boost|p1a: Drapion|spd|2
|move|p2a: Sans|Earthquake|p1a: Drapion
|-supereffective|p1a: Drapion
|-damage|p1a: Drapion|39/100
|
|-heal|p1a: Drapion|45/100|[from] item: Black Sludge
|upkeep
|turn|19
|
|t:|1666944973
|move|p1a: Drapion|Acupressure|p1a: Drapion
|-boost|p1a: Drapion|def|2
|move|p2a: Sans|Earthquake|p1a: Drapion
|-supereffective|p1a: Drapion
|-damage|p1a: Drapion|33/100
|
|-heal|p1a: Drapion|39/100|[from] item: Black Sludge
|upkeep
|turn|20
|
|t:|1666944993
|move|p1a: Drapion|Acupressure|p1a: Drapion
|-boost|p1a: Drapion|spe|2
|move|p2a: Sans|Earthquake|p1a: Drapion
|-supereffective|p1a: Drapion
|-damage|p1a: Drapion|27/100
|
|-heal|p1a: Drapion|33/100|[from] item: Black Sludge
|-sideend|p1: outd blundar|Reflect
|upkeep
|turn|21
|
|t:|1666944998
|move|p1a: Drapion|Acupressure|p1a: Drapion
|-boost|p1a: Drapion|evasion|2
|move|p2a: Sans|Earthquake|p1a: Drapion|[miss]
|-miss|p2a: Sans|p1a: Drapion
|
|-heal|p1a: Drapion|39/100|[from] item: Black Sludge
|-sideend|p1: outd blundar|move: Light Screen
|upkeep
|turn|22
|
|t:|1666945006
|move|p1a: Drapion|Acupressure|p1a: Drapion
|-boost|p1a: Drapion|evasion|2
|move|p2a: Sans|Earthquake|p1a: Drapion
|-supereffective|p1a: Drapion
|-damage|p1a: Drapion|12/100
|
|-heal|p1a: Drapion|18/100|[from] item: Black Sludge
|upkeep
|turn|23
|
|t:|1666945011
|move|p1a: Drapion|Acupressure|p1a: Drapion
|-boost|p1a: Drapion|spd|2
|move|p2a: Sans|Earthquake|p1a: Drapion
|-supereffective|p1a: Drapion
|-damage|p1a: Drapion|0 fnt
|faint|p1a: Drapion
|
|win|HarmonyHatterene37
|raw|outd blundar's rating: 1397 &rarr; <strong>1379</strong><br />(-18 for losing)
|raw|HarmonyHatterene37's rating: 1440 &rarr; <strong>1458</strong><br />(+18 for winning)
|l|☆outd blundar
|c|☆HarmonyHatterene37|Bro got greedy 💀
