|raw|<div class="broadcast-blue"><strong>This battle is required to be public due to a player having a name starting with 'lt92pf'.</div>
|j|☆It's Frank
|j|☆lt92pf ruby
|t:|1660164243
|gametype|singles
|player|p1|It's Frank|swimmerf|1824
|player|p2|lt92pf ruby|cynthia-gen7|1939
|teamsize|p1|6
|teamsize|p2|6
|gen|8
|tier|[Gen 8] OU
|rated|
|rule|Sleep Clause Mod: Limit one foe put to sleep
|rule|Species Clause: Limit one of each Pokémon
|rule|OHKO Clause: OHKO moves are banned
|rule|Evasion Items Clause: Evasion items are banned
|rule|Evasion Moves Clause: Evasion moves are banned
|rule|Endless Battle Clause: Forcing endless battles is banned
|rule|HP Percentage Mod: HP is shown in percentages
|rule|Dynamax Clause: You cannot dynamax
|clearpoke
|poke|p1|Ribombee, F|
|poke|p1|Kommo-o, F|
|poke|p1|Blacephalon|
|poke|p1|Kartana|
|poke|p1|Nihilego|
|poke|p1|Crawdaunt, M|
|poke|p2|Kartana|
|poke|p2|Landorus-Therian, M|
|poke|p2|Rillaboom, M|
|poke|p2|Heatran, F|
|poke|p2|Blacephalon|
|poke|p2|Zapdos|
|teampreview
|j| theluigimaster1000
|inactive|Battle timer is ON: inactive players will automatically lose when time's up. (requested by lt92pf ruby)
|c|☆It's Frank|o
|
|t:|1660164256
|start
|switch|p1a: Ribombee|Ribombee, F|100/100
|switch|p2a: Heatran|Heatran, F|100/100
|turn|1
|
|t:|1660164264
|move|p1a: Ribombee|Sticky Web|p2a: Heatran
|-sidestart|p2: lt92pf ruby|move: Sticky Web
|move|p2a: Heatran|Magma Storm|p1a: Ribombee
|-supereffective|p1a: Ribombee
|-enditem|p1a: Ribombee|Focus Sash
|-damage|p1a: Ribombee|1/100
|-activate|p1a: Ribombee|move: Magma Storm|[of] p2a: Heatran
|
|-damage|p1a: Ribombee|0 fnt|[from] move: Magma Storm|[partiallytrapped]
|faint|p1a: Ribombee
|upkeep
|
|t:|1660164266
|switch|p1a: Kommo-o|Kommo-o, F|100/100
|turn|2
|j| Confusien
|j| xray
|
|t:|1660164283
|switch|p2a: Landorus|Landorus-Therian, M|100/100
|-ability|p2a: Landorus|Intimidate|boost
|-unboost|p1a: Kommo-o|atk|1
|move|p1a: Kommo-o|Clangorous Soul|p1a: Kommo-o
|-boost|p1a: Kommo-o|atk|1
|-boost|p1a: Kommo-o|def|1
|-boost|p1a: Kommo-o|spa|1
|-boost|p1a: Kommo-o|spd|1
|-boost|p1a: Kommo-o|spe|1
|-damage|p1a: Kommo-o|68/100
|-enditem|p1a: Kommo-o|Throat Spray
|-boost|p1a: Kommo-o|spa|1|[from] item: Throat Spray
|
|upkeep
|turn|3
|
|t:|1660164287
|move|p1a: Kommo-o|Boomburst|p2a: Landorus
|-damage|p2a: Landorus|39/100
|move|p2a: Landorus|Earthquake|p1a: Kommo-o
|-damage|p1a: Kommo-o|36/100
|
|-heal|p2a: Landorus|45/100|[from] item: Leftovers
|upkeep
|turn|4
|l| theluigimaster1000
|j| Micciu20250
|
|t:|1660164294
|move|p1a: Kommo-o|Boomburst|p2a: Landorus
|-damage|p2a: Landorus|0 fnt
|faint|p2a: Landorus
|
|upkeep
|j| lt92pf mj
|
|t:|1660164311
|switch|p2a: Zapdos|Zapdos|100/100
|turn|5
|j|@ironwater
|
|t:|1660164324
|move|p1a: Kommo-o|Clanging Scales|p2a: Zapdos
|-damage|p2a: Zapdos|7/100
|-unboost|p1a: Kommo-o|def|1
|move|p2a: Zapdos|Volt Switch|p1a: Kommo-o
|-resisted|p1a: Kommo-o
|-damage|p1a: Kommo-o|21/100
|
|t:|1660164326
|switch|p2a: Rillaboom|Rillaboom, M|100/100|[from]move: Volt Switch
|-activate|p2a: Rillaboom|move: Sticky Web
|-unboost|p2a: Rillaboom|spe|1
|-fieldstart|move: Grassy Terrain|[from] ability: Grassy Surge|[of] p2a: Rillaboom
|
|-heal|p1a: Kommo-o|28/100|[from] Grassy Terrain
|upkeep
|turn|6
|
|t:|1660164330
|move|p2a: Rillaboom|Grassy Glide|p1a: Kommo-o
|-resisted|p1a: Kommo-o
|-damage|p1a: Kommo-o|0 fnt
|faint|p1a: Kommo-o
|-damage|p2a: Rillaboom|91/100|[from] item: Life Orb
|
|-heal|p2a: Rillaboom|97/100|[from] Grassy Terrain
|upkeep
|
|t:|1660164333
|switch|p1a: Kartana|Kartana|100/100
|turn|7
|j| RNN YasuKe
|
|t:|1660164350
|switch|p1a: Blacephalon|Blacephalon|100/100
|move|p2a: Rillaboom|Superpower|p1a: Blacephalon
|-immune|p1a: Blacephalon
|
|-heal|p2a: Rillaboom|100/100|[from] Grassy Terrain
|upkeep
|turn|8
|j| Tace
|l| Tace
|
|t:|1660164371
|switch|p1a: Crawdaunt|Crawdaunt, M|100/100
|switch|p2a: Heatran|Heatran, F|100/100
|-activate|p2a: Heatran|move: Sticky Web
|-unboost|p2a: Heatran|spe|1
|
|upkeep
|turn|9
|
|t:|1660164381
|switch|p2a: Blacephalon|Blacephalon|100/100
|-activate|p2a: Blacephalon|move: Sticky Web
|-unboost|p2a: Blacephalon|spe|1
|move|p1a: Crawdaunt|Knock Off|p2a: Blacephalon
|-supereffective|p2a: Blacephalon
|-damage|p2a: Blacephalon|0 fnt
|-enditem|p2a: Blacephalon|Choice Scarf|[from] move: Knock Off|[of] p1a: Crawdaunt
|faint|p2a: Blacephalon
|-damage|p1a: Crawdaunt|91/100|[from] item: Life Orb
|
|-heal|p1a: Crawdaunt|97/100|[from] Grassy Terrain
|-fieldend|move: Grassy Terrain
|upkeep
|
|t:|1660164385
|switch|p2a: Rillaboom|Rillaboom, M|100/100
|-activate|p2a: Rillaboom|move: Sticky Web
|-unboost|p2a: Rillaboom|spe|1
|-fieldstart|move: Grassy Terrain|[from] ability: Grassy Surge|[of] p2a: Rillaboom
|turn|10
|
|t:|1660164388
|switch|p1a: Kartana|Kartana|100/100
|move|p2a: Rillaboom|Grassy Glide|p1a: Kartana
|-resisted|p1a: Kartana
|-damage|p1a: Kartana|87/100
|-damage|p2a: Rillaboom|91/100|[from] item: Life Orb
|
|-heal|p1a: Kartana|93/100|[from] Grassy Terrain
|-heal|p2a: Rillaboom|97/100|[from] Grassy Terrain
|upkeep
|turn|11
|
|t:|1660164394
|move|p1a: Kartana|Knock Off|p2a: Rillaboom
|-damage|p2a: Rillaboom|61/100
|-enditem|p2a: Rillaboom|Life Orb|[from] move: Knock Off|[of] p1a: Kartana
|move|p2a: Rillaboom|Superpower|p1a: Kartana
|-supereffective|p1a: Kartana
|-damage|p1a: Kartana|16/100
|-unboost|p2a: Rillaboom|atk|1
|-unboost|p2a: Rillaboom|def|1
|
|-heal|p1a: Kartana|22/100|[from] Grassy Terrain
|-heal|p2a: Rillaboom|67/100|[from] Grassy Terrain
|upkeep
|turn|12
|
|t:|1660164399
|move|p1a: Kartana|Leaf Blade|p2a: Rillaboom
|-resisted|p2a: Rillaboom
|-damage|p2a: Rillaboom|17/100
|move|p2a: Rillaboom|Swords Dance|p2a: Rillaboom
|-boost|p2a: Rillaboom|atk|2
|
|-heal|p1a: Kartana|28/100|[from] Grassy Terrain
|-heal|p2a: Rillaboom|23/100|[from] Grassy Terrain
|upkeep
|turn|13
|
|t:|1660164404
|move|p2a: Rillaboom|Grassy Glide|p1a: Kartana
|-resisted|p1a: Kartana
|-damage|p1a: Kartana|14/100
|move|p1a: Kartana|Leaf Blade|p2a: Rillaboom
|-resisted|p2a: Rillaboom
|-damage|p2a: Rillaboom|0 fnt
|faint|p2a: Rillaboom
|-ability|p1a: Kartana|Beast Boost|boost
|-boost|p1a: Kartana|spe|1
|
|-heal|p1a: Kartana|20/100|[from] Grassy Terrain
|upkeep
|j| slainey?
|
|t:|1660164425
|switch|p2a: Zapdos|Zapdos|7/100
|turn|14
|l| slainey?
|
|t:|1660164428
|move|p1a: Kartana|Knock Off|p2a: Zapdos
|-damage|p2a: Zapdos|0 fnt
|-enditem|p2a: Zapdos|Heavy-Duty Boots|[from] move: Knock Off|[of] p1a: Kartana
|faint|p2a: Zapdos
|-ability|p1a: Kartana|Beast Boost|boost
|-boost|p1a: Kartana|spe|1
|
|-heal|p1a: Kartana|27/100|[from] Grassy Terrain
|-fieldend|move: Grassy Terrain
|upkeep
|
|t:|1660164431
|switch|p2a: Kartana|Kartana|100/100
|-activate|p2a: Kartana|move: Sticky Web
|-unboost|p2a: Kartana|spe|1
|turn|15
|
|t:|1660164437
|move|p1a: Kartana|Sacred Sword|p2a: Kartana
|-supereffective|p2a: Kartana
|-damage|p2a: Kartana|38/100
|move|p2a: Kartana|Knock Off|p1a: Kartana
|-damage|p1a: Kartana|0 fnt
|-enditem|p1a: Kartana|Protective Pads|[from] move: Knock Off|[of] p2a: Kartana
|faint|p1a: Kartana
|-ability|p2a: Kartana|Beast Boost|boost
|-boost|p2a: Kartana|atk|1
|
|upkeep
|j| isudbhfahsb
|
|t:|1660164444
|switch|p1a: Blacephalon|Blacephalon|100/100
|turn|16
|j| altshaveuses
|l| altshaveuses
|
|t:|1660164462
|switch|p1a: Nihilego|Nihilego|100/100
|switch|p2a: Heatran|Heatran, F|100/100
|-activate|p2a: Heatran|move: Sticky Web
|-unboost|p2a: Heatran|spe|1
|
|upkeep
|turn|17
|j| LT92PF hiye
|
|t:|1660164465
|move|p1a: Nihilego|Meteor Beam||[still]
|-prepare|p1a: Nihilego|Meteor Beam
|-boost|p1a: Nihilego|spa|1
|-enditem|p1a: Nihilego|Power Herb
|-anim|p1a: Nihilego|Meteor Beam|p2a: Heatran
|-damage|p2a: Heatran|42/100
|move|p2a: Heatran|Heavy Slam|p1a: Nihilego
|-supereffective|p1a: Nihilego
|-damage|p1a: Nihilego|0 fnt
|faint|p1a: Nihilego
|
|-heal|p2a: Heatran|48/100|[from] item: Leftovers
|upkeep
|
|t:|1660164468
|switch|p1a: Crawdaunt|Crawdaunt, M|97/100
|turn|18
|
|t:|1660164477
|switch|p2a: Kartana|Kartana|38/100
|-activate|p2a: Kartana|move: Sticky Web
|-unboost|p2a: Kartana|spe|1
|move|p1a: Crawdaunt|Knock Off|p2a: Kartana
|-damage|p2a: Kartana|0 fnt
|-enditem|p2a: Kartana|Choice Band|[from] move: Knock Off|[of] p1a: Crawdaunt
|faint|p2a: Kartana
|-damage|p1a: Crawdaunt|87/100|[from] item: Life Orb
|
|upkeep
|l| LT92PF hiye
|c|☆lt92pf ruby|fuck
|-message|lt92pf ruby forfeited.
|
|win|It's Frank
|raw|It&apos;s Frank's rating: 1824 &rarr; <strong>1850</strong><br />(+26 for winning)
|raw|lt92pf ruby's rating: 1939 &rarr; <strong>1913</strong><br />(-26 for losing)
|l|☆lt92pf ruby
|l| Micciu20250
|l| isudbhfahsb
||Ladder isn't responding, score probably updated but might not have (Request timeout).
