|j|☆Maitredouard2
|j|☆Fataalis
|t:|1657181550
|gametype|singles
|player|p1|Maitredouard2|lance|1735
|player|p2|Fataalis|1|1754
|teamsize|p1|6
|teamsize|p2|6
|gen|8
|tier|[Gen 8] OU
|rated|
|rule|Sleep Clause Mod: Limit one foe put to sleep
|rule|Species Clause: Limit one of each Pokémon
|rule|OHKO Clause: OHKO moves are banned
|rule|Evasion Moves Clause: Evasion moves are banned
|rule|Endless Battle Clause: Forcing endless battles is banned
|rule|HP Percentage Mod: HP is shown in percentages
|rule|Dynamax Clause: You cannot dynamax
|clearpoke
|poke|p1|Mandibuzz, F|
|poke|p1|Landorus-Therian, M|
|poke|p1|Blissey, F|
|poke|p1|Heatran, F|
|poke|p1|Toxapex, F|
|poke|p1|Tapu Lele|
|poke|p2|Bisharp, M|
|poke|p2|Dragapult, F|
|poke|p2|Rillaboom, F|
|poke|p2|Melmetal|
|poke|p2|Thundurus-Therian, M|
|poke|p2|Urshifu-*, M|
|teampreview
|
|t:|1657181563
|start
|switch|p1a: Tapu Lele|Tapu Lele|100/100
|switch|p2a: Bisharp|Bisharp, M|100/100
|-fieldstart|move: Psychic Terrain|[from] ability: Psychic Surge|[of] p1a: Tapu Lele
|turn|1
|inactive|Battle timer is ON: inactive players will automatically lose when time's up. (requested by Fataalis)
|
|t:|1657181571
|move|p1a: Tapu Lele|Moonblast|p2a: Bisharp
|-enditem|p2a: Bisharp|Focus Sash
|-damage|p2a: Bisharp|1/100
|-unboost|p2a: Bisharp|spa|1
|-ability|p2a: Bisharp|Defiant
|-boost|p2a: Bisharp|atk|2
|move|p2a: Bisharp|Iron Head|p1a: Tapu Lele
|-supereffective|p1a: Tapu Lele
|-damage|p1a: Tapu Lele|0 fnt
|faint|p1a: Tapu Lele
|
|upkeep
|
|t:|1657181583
|switch|p1a: Toxapex|Toxapex, F|100/100
|turn|2
|j| Akushi Yasama
|j| Shoaple
|
|t:|1657181592
|move|p2a: Bisharp|Stealth Rock|p1a: Toxapex
|-sidestart|p1: Maitredouard2|move: Stealth Rock
|move|p1a: Toxapex|Recover||[still]
|-fail|p1a: Toxapex|heal
|
|upkeep
|turn|3
|
|t:|1657181602
|switch|p2a: Thundurus|Thundurus-Therian, M|100/100
|move|p1a: Toxapex|Recover||[still]
|-fail|p1a: Toxapex|heal
|
|upkeep
|turn|4
|
|t:|1657181608
|switch|p1a: Landorus|Landorus-Therian, M|100/100
|-damage|p1a: Landorus|88/100|[from] Stealth Rock
|-ability|p1a: Landorus|Intimidate|boost
|-unboost|p2a: Thundurus|atk|1
|move|p2a: Thundurus|Nasty Plot|p2a: Thundurus
|-boost|p2a: Thundurus|spa|2
|
|upkeep
|turn|5
|j| RuparajanT
|
|t:|1657181620
|move|p1a: Landorus|Explosion|p2a: Thundurus
|-damage|p2a: Thundurus|0 fnt
|faint|p1a: Landorus
|faint|p2a: Thundurus
|
|-fieldend|move: Psychic Terrain
|upkeep
|
|t:|1657181631
|switch|p2a: Urshifu|Urshifu-Rapid-Strike, M|100/100
|switch|p1a: Mandibuzz|Mandibuzz, F|100/100
|turn|6
|
|t:|1657181637
|switch|p1a: Toxapex|Toxapex, F|100/100
|-damage|p1a: Toxapex|88/100|[from] Stealth Rock
|move|p2a: Urshifu|Bulk Up|p2a: Urshifu
|-boost|p2a: Urshifu|atk|1
|-boost|p2a: Urshifu|def|1
|
|upkeep
|turn|7
|
|t:|1657181646
|switch|p2a: Rillaboom|Rillaboom, F|100/100
|-fieldstart|move: Grassy Terrain|[from] ability: Grassy Surge|[of] p2a: Rillaboom
|move|p1a: Toxapex|Toxic|p2a: Rillaboom
|-status|p2a: Rillaboom|tox
|
|-heal|p1a: Toxapex|94/100|[from] Grassy Terrain
|-damage|p2a: Rillaboom|94/100 tox|[from] psn
|upkeep
|turn|8
|
|t:|1657181657
|switch|p1a: Blissey|Blissey, F|100/100
|move|p2a: Rillaboom|Wood Hammer|p1a: Blissey
|-damage|p1a: Blissey|0 fnt
|faint|p1a: Blissey
|-damage|p2a: Rillaboom|25/100 tox|[from] Recoil
|
|-heal|p2a: Rillaboom|31/100 tox|[from] Grassy Terrain
|-damage|p2a: Rillaboom|19/100 tox|[from] psn
|upkeep
|
|t:|1657181670
|switch|p1a: Mandibuzz|Mandibuzz, F|100/100
|turn|9
|
|t:|1657181676
|switch|p2a: Melmetal|Melmetal|100/100
|move|p1a: Mandibuzz|Foul Play|p2a: Melmetal
|-damage|p2a: Melmetal|73/100
|
|-heal|p2a: Melmetal|79/100|[from] Grassy Terrain
|upkeep
|turn|10
|
|t:|1657181684
|switch|p1a: Heatran|Heatran, F|100/100
|-damage|p1a: Heatran|88/100|[from] Stealth Rock
|-item|p1a: Heatran|Air Balloon
|move|p2a: Melmetal|Thunder Punch|p1a: Heatran
|-crit|p1a: Heatran
|-damage|p1a: Heatran|50/100
|-enditem|p1a: Heatran|Air Balloon
|
|-heal|p1a: Heatran|57/100|[from] Grassy Terrain
|-heal|p2a: Melmetal|85/100|[from] Grassy Terrain
|upkeep
|turn|11
|
|t:|1657181697
|move|p1a: Heatran|Magma Storm|p2a: Melmetal
|-supereffective|p2a: Melmetal
|-damage|p2a: Melmetal|31/100
|-activate|p2a: Melmetal|move: Magma Storm|[of] p1a: Heatran
|move|p2a: Melmetal|Earthquake|p1a: Heatran
|-supereffective|p1a: Heatran
|-damage|p1a: Heatran|0 fnt
|faint|p1a: Heatran
|
|-heal|p2a: Melmetal|37/100|[from] Grassy Terrain
|-end|p2a: Melmetal|Magma Storm|[partiallytrapped]|[silent]
|-fieldend|move: Grassy Terrain
|upkeep
|
|t:|1657181708
|switch|p1a: Mandibuzz|Mandibuzz, F|100/100
|turn|12
|
|t:|1657181712
|move|p1a: Mandibuzz|Foul Play|p2a: Melmetal
|-damage|p2a: Melmetal|10/100
|move|p2a: Melmetal|Double Iron Bash|p1a: Mandibuzz
|-damage|p1a: Mandibuzz|78/100
|-damage|p1a: Mandibuzz|53/100
|-hitcount|p1a: Mandibuzz|2
|
|upkeep
|turn|13
|
|t:|1657181722
|switch|p2a: Urshifu|Urshifu-Rapid-Strike, M|100/100
|move|p1a: Mandibuzz|Foul Play|p2a: Urshifu
|-resisted|p2a: Urshifu
|-damage|p2a: Urshifu|75/100
|
|upkeep
|turn|14
|
|t:|1657181729
|switch|p1a: Toxapex|Toxapex, F|100/100
|-damage|p1a: Toxapex|88/100|[from] Stealth Rock
|move|p2a: Urshifu|Bulk Up|p2a: Urshifu
|-boost|p2a: Urshifu|atk|1
|-boost|p2a: Urshifu|def|1
|
|upkeep
|turn|15
|
|t:|1657181739
|move|p2a: Urshifu|Substitute|p2a: Urshifu
|-start|p2a: Urshifu|Substitute
|-damage|p2a: Urshifu|50/100
|move|p1a: Toxapex|Toxic||[still]
|-fail|p1a: Toxapex
|
|upkeep
|turn|16
|
|t:|1657181745
|move|p2a: Urshifu|Surging Strikes|p1a: Toxapex
|-resisted|p1a: Toxapex
|-crit|p1a: Toxapex
|-damage|p1a: Toxapex|80/100
|-resisted|p1a: Toxapex
|-crit|p1a: Toxapex
|-damage|p1a: Toxapex|71/100
|-resisted|p1a: Toxapex
|-crit|p1a: Toxapex
|-damage|p1a: Toxapex|62/100
|-hitcount|p1a: Toxapex|3
|move|p1a: Toxapex|Haze|p1a: Toxapex
|-clearallboost
|
|upkeep
|turn|17
|
|t:|1657181757
|switch|p2a: Bisharp|Bisharp, M|1/100
|move|p1a: Toxapex|Scald|p2a: Bisharp
|-damage|p2a: Bisharp|0 fnt
|faint|p2a: Bisharp
|
|upkeep
|
|t:|1657181760
|switch|p2a: Dragapult|Dragapult, F|100/100
|turn|18
|
|t:|1657181767
|move|p2a: Dragapult|Dragon Dance|p2a: Dragapult
|-boost|p2a: Dragapult|atk|1
|-boost|p2a: Dragapult|spe|1
|move|p1a: Toxapex|Recover|p1a: Toxapex
|-heal|p1a: Toxapex|100/100
|
|upkeep
|turn|19
|
|t:|1657181773
|move|p2a: Dragapult|Dragon Darts|p1a: Toxapex
|-damage|p1a: Toxapex|66/100
|-anim|p2a: Dragapult|Dragon Darts|p1a: Toxapex
|-damage|p1a: Toxapex|37/100
|-damage|p2a: Dragapult|91/100|[from] item: Life Orb
|move|p1a: Toxapex|Haze|p1a: Toxapex
|-clearallboost
|
|upkeep
|turn|20
|
|t:|1657181783
|move|p2a: Dragapult|Dragon Darts|p1a: Toxapex
|-damage|p1a: Toxapex|16/100
|-anim|p2a: Dragapult|Dragon Darts|p1a: Toxapex
|-crit|p1a: Toxapex
|-damage|p1a: Toxapex|0 fnt
|faint|p1a: Toxapex
|-damage|p2a: Dragapult|81/100|[from] item: Life Orb
|
|upkeep
|
|t:|1657181790
|switch|p1a: Mandibuzz|Mandibuzz, F|53/100
|turn|21
|
|t:|1657181796
|move|p2a: Dragapult|Dragon Dance|p2a: Dragapult
|-boost|p2a: Dragapult|atk|1
|-boost|p2a: Dragapult|spe|1
|move|p1a: Mandibuzz|Roost|p1a: Mandibuzz
|-heal|p1a: Mandibuzz|100/100
|-singleturn|p1a: Mandibuzz|move: Roost
|
|upkeep
|turn|22
|
|t:|1657181804
|move|p2a: Dragapult|Dragon Darts|p1a: Mandibuzz
|-damage|p1a: Mandibuzz|64/100
|-anim|p2a: Dragapult|Dragon Darts|p1a: Mandibuzz
|-damage|p1a: Mandibuzz|27/100
|-damage|p2a: Dragapult|71/100|[from] item: Life Orb
|move|p1a: Mandibuzz|Foul Play|p2a: Dragapult
|-supereffective|p2a: Dragapult
|-damage|p2a: Dragapult|0 fnt
|faint|p2a: Dragapult
|
|upkeep
|
|t:|1657181807
|switch|p2a: Urshifu|Urshifu-Rapid-Strike, M|50/100
|turn|23
|-message|Maitredouard2 forfeited.
|
|win|Fataalis
|raw|Maitredouard2's rating: 1735 &rarr; <strong>1716</strong><br />(-19 for losing)
|raw|Fataalis's rating: 1754 &rarr; <strong>1773</strong><br />(+19 for winning)
|l|☆Maitredouard2
|l|☆Fataalis
|l| RuparajanT
|l| Akushi Yasama
