|html|<div class="broadcast-blue"><strong>[Gen 8] OU is currently suspecting Spectrier! For information on how to participate check out the <a href="https://www.smogon.com/forums/threads/np-ss-ou-suspect-process-round-9-old-town-road.3676744/">suspect thread</a>.</strong></div>
|j|☆i was the rain
|j|☆Mickey m
|t:|1611839240
|player|p1|i was the rain|oak-gen1|1775
|player|p2|Mickey m|hilbert-dueldisk|1604
|teamsize|p1|6
|teamsize|p2|6
|gametype|singles
|gen|8
|tier|[Gen 8] OU
|rated|
|clearpoke
|poke|p1|Noctowl, M|
|poke|p1|Pelipper, F|
|poke|p1|Seismitoad, M|
|poke|p1|Crawdaunt, F|
|poke|p1|Amoonguss, M|
|poke|p1|Registeel|
|poke|p2|Garchomp, M|
|poke|p2|Zapdos|
|poke|p2|Dragonite, M|
|poke|p2|Cinderace, F|
|poke|p2|Blaziken, M|
|poke|p2|Rillaboom, F|
|rule|Sleep Clause Mod: Limit one foe put to sleep
|rule|Species Clause: Limit one of each Pokémon
|rule|OHKO Clause: OHKO moves are banned
|rule|Evasion Moves Clause: Evasion moves are banned
|rule|Endless Battle Clause: Forcing endless battles is banned
|rule|HP Percentage Mod: HP is shown in percentages
|rule|Dynamax Clause: You cannot dynamax
|teampreview
|inactive|Battle timer is ON: inactive players will automatically lose when time's up. (requested by i was the rain)
|inactive|Mickey m has 120 seconds left.
|
|t:|1611839294
|start
|switch|p1a: Pelipper|Pelipper, F|100/100
|switch|p2a: Garchomp|Garchomp, M|100/100
|-weather|RainDance|[from] ability: Drizzle|[of] p1a: Pelipper
|turn|1
|
|t:|1611839312
|switch|p1a: Amoonguss|Amoonguss, M|100/100
|move|p2a: Garchomp|Swords Dance|p2a: Garchomp
|-boost|p2a: Garchomp|atk|2
|
|-weather|RainDance|[upkeep]
|upkeep
|turn|2
|
|t:|1611839319
|move|p2a: Garchomp|Earthquake|p1a: Amoonguss
|-damage|p1a: Amoonguss|25/100
|move|p1a: Amoonguss|Spore|p2a: Garchomp
|-status|p2a: Garchomp|slp|[from] move: Spore
|
|-weather|RainDance|[upkeep]
|upkeep
|turn|3
|
|t:|1611839326
|switch|p1a: Seismitoad|Seismitoad, M|100/100
|cant|p2a: Garchomp|slp
|
|-weather|RainDance|[upkeep]
|upkeep
|turn|4
|
|t:|1611839331
|move|p1a: Seismitoad|Icy Wind|p2a: Garchomp
|-supereffective|p2a: Garchomp
|-damage|p2a: Garchomp|0 fnt
|faint|p2a: Garchomp
|
|-weather|RainDance|[upkeep]
|upkeep
|
|t:|1611839339
|switch|p2a: Rillaboom|Rillaboom, F|100/100
|-fieldstart|move: Grassy Terrain|[from] ability: Grassy Surge|[of] p2a: Rillaboom
|-enditem|p2a: Rillaboom|Grassy Seed
|-boost|p2a: Rillaboom|def|1|[from] item: Grassy Seed
|turn|5
|
|t:|1611839354
|move|p1a: Seismitoad|Icy Wind|p2a: Rillaboom
|-supereffective|p2a: Rillaboom
|-damage|p2a: Rillaboom|40/100
|-unboost|p2a: Rillaboom|spe|1
|move|p2a: Rillaboom|Swords Dance|p2a: Rillaboom
|-boost|p2a: Rillaboom|atk|2
|
|-weather|RainDance|[upkeep]
|-heal|p2a: Rillaboom|46/100|[from] Grassy Terrain
|upkeep
|turn|6
|j| Misty testing
|inactive|i was the rain has 120 seconds left.
|
|t:|1611839390
|switch|p1a: Amoonguss|Amoonguss, M|58/100
|move|p2a: Rillaboom|Grassy Glide|p1a: Amoonguss
|-resisted|p1a: Amoonguss
|-damage|p1a: Amoonguss|43/100
|-damage|p2a: Rillaboom|29/100|[from] item: Rocky Helmet|[of] p1a: Amoonguss
|
|-weather|RainDance|[upkeep]
|-heal|p2a: Rillaboom|35/100|[from] Grassy Terrain
|-heal|p1a: Amoonguss|49/100|[from] Grassy Terrain
|upkeep
|turn|7
|
|t:|1611839404
|switch|p1a: Registeel|Registeel|100/100
|move|p2a: Rillaboom|Acrobatics|p1a: Registeel
|-resisted|p1a: Registeel
|-damage|p1a: Registeel|78/100
|
|-weather|RainDance|[upkeep]
|-heal|p2a: Rillaboom|42/100|[from] Grassy Terrain
|-heal|p1a: Registeel|84/100|[from] Grassy Terrain
|-heal|p1a: Registeel|90/100|[from] item: Leftovers
|upkeep
|turn|8
|
|t:|1611839414
|move|p2a: Rillaboom|Drain Punch|p1a: Registeel
|-supereffective|p1a: Registeel
|-damage|p1a: Registeel|33/100
|-heal|p2a: Rillaboom|72/100|[from] drain|[of] p1a: Registeel
|move|p1a: Registeel|Stealth Rock|p2a: Rillaboom
|-sidestart|p2: Mickey m|move: Stealth Rock
|
|-weather|none
|-heal|p2a: Rillaboom|78/100|[from] Grassy Terrain
|-heal|p1a: Registeel|39/100|[from] Grassy Terrain
|-heal|p1a: Registeel|45/100|[from] item: Leftovers
|upkeep
|turn|9
|
|t:|1611839435
|move|p2a: Rillaboom|Grassy Glide|p1a: Registeel
|-resisted|p1a: Registeel
|-damage|p1a: Registeel|19/100
|move|p1a: Registeel|Toxic|p2a: Rillaboom
|-status|p2a: Rillaboom|tox
|
|-heal|p2a: Rillaboom|84/100 tox|[from] Grassy Terrain
|-heal|p1a: Registeel|25/100|[from] Grassy Terrain
|-heal|p1a: Registeel|31/100|[from] item: Leftovers
|-fieldend|move: Grassy Terrain
|-damage|p2a: Rillaboom|78/100 tox|[from] psn
|upkeep
|turn|10
|
|t:|1611839448
|move|p2a: Rillaboom|Drain Punch|p1a: Registeel
|-supereffective|p1a: Registeel
|-damage|p1a: Registeel|0 fnt
|-heal|p2a: Rillaboom|95/100 tox|[from] drain|[of] p1a: Registeel
|faint|p1a: Registeel
|
|-damage|p2a: Rillaboom|82/100 tox|[from] psn
|upkeep
|
|t:|1611839454
|switch|p1a: Pelipper|Pelipper, F|100/100
|-weather|RainDance|[from] ability: Drizzle|[of] p1a: Pelipper
|turn|11
|
|t:|1611839458
|switch|p2a: Zapdos|Zapdos|100/100
|move|p1a: Pelipper|Hurricane|p2a: Zapdos
|-resisted|p2a: Zapdos
|-damage|p2a: Zapdos|84/100
|
|-weather|RainDance|[upkeep]
|upkeep
|turn|12
|
|t:|1611839465
|switch|p1a: Seismitoad|Seismitoad, M|100/100
|move|p2a: Zapdos|Defog|p1a: Seismitoad
|-unboost|p1a: Seismitoad|evasion|1
|-sideend|p2: Mickey m|Stealth Rock|[from] move: Defog|[of] p2a: Zapdos
|
|-weather|RainDance|[upkeep]
|upkeep
|turn|13
|
|t:|1611839474
|switch|p2a: Dragonite|Dragonite, M|100/100
|move|p1a: Seismitoad|Weather Ball|p2a: Dragonite
|-resisted|p2a: Dragonite
|-damage|p2a: Dragonite|74/100
|
|-weather|RainDance|[upkeep]
|upkeep
|turn|14
|
|t:|1611839481
|move|p2a: Dragonite|Extreme Speed|p1a: Seismitoad
|-damage|p1a: Seismitoad|65/100
|move|p1a: Seismitoad|Weather Ball|p2a: Dragonite
|-resisted|p2a: Dragonite
|-damage|p2a: Dragonite|20/100
|
|-weather|RainDance|[upkeep]
|upkeep
|turn|15
|
|t:|1611839489
|move|p2a: Dragonite|Extreme Speed|p1a: Seismitoad
|-damage|p1a: Seismitoad|28/100
|move|p1a: Seismitoad|Weather Ball|p2a: Dragonite
|-resisted|p2a: Dragonite
|-damage|p2a: Dragonite|0 fnt
|faint|p2a: Dragonite
|
|-weather|RainDance|[upkeep]
|upkeep
|
|t:|1611839498
|switch|p2a: Rillaboom|Rillaboom, F|82/100 tox
|-fieldstart|move: Grassy Terrain|[from] ability: Grassy Surge|[of] p2a: Rillaboom
|turn|16
|
|t:|1611839504
|switch|p1a: Amoonguss|Amoonguss, M|82/100
|move|p2a: Rillaboom|Swords Dance|p2a: Rillaboom
|-boost|p2a: Rillaboom|atk|2
|
|-weather|RainDance|[upkeep]
|-heal|p2a: Rillaboom|88/100 tox|[from] Grassy Terrain
|-heal|p1a: Amoonguss|89/100|[from] Grassy Terrain
|-damage|p2a: Rillaboom|82/100 tox|[from] psn
|upkeep
|turn|17
|
|t:|1611839512
|move|p2a: Rillaboom|Acrobatics|p1a: Amoonguss
|-supereffective|p1a: Amoonguss
|-damage|p1a: Amoonguss|0 fnt
|-damage|p2a: Rillaboom|66/100 tox|[from] item: Rocky Helmet|[of] p1a: Amoonguss
|faint|p1a: Amoonguss
|
|-weather|RainDance|[upkeep]
|-heal|p2a: Rillaboom|72/100 tox|[from] Grassy Terrain
|-damage|p2a: Rillaboom|60/100 tox|[from] psn
|upkeep
|
|t:|1611839514
|switch|p1a: Noctowl|Noctowl, M|100/100
|turn|18
|
|t:|1611839524
|move|p2a: Rillaboom|Acrobatics|p1a: Noctowl
|-damage|p1a: Noctowl|0 fnt
|faint|p1a: Noctowl
|
|-weather|none
|-heal|p2a: Rillaboom|66/100 tox|[from] Grassy Terrain
|-damage|p2a: Rillaboom|47/100 tox|[from] psn
|upkeep
|
|t:|1611839526
|switch|p1a: Pelipper|Pelipper, F|100/100
|-weather|RainDance|[from] ability: Drizzle|[of] p1a: Pelipper
|turn|19
|
|t:|1611839534
|move|p2a: Rillaboom|Grassy Glide|p1a: Pelipper
|-damage|p1a: Pelipper|31/100
|move|p1a: Pelipper|Hurricane|p2a: Rillaboom
|-supereffective|p2a: Rillaboom
|-damage|p2a: Rillaboom|0 fnt
|faint|p2a: Rillaboom
|
|-weather|RainDance|[upkeep]
|upkeep
|
|t:|1611839543
|switch|p2a: Blaziken|Blaziken, M|100/100
|turn|20
|
|t:|1611839552
|move|p2a: Blaziken|Blaze Kick|p1a: Pelipper|[miss]
|-miss|p2a: Blaziken|p1a: Pelipper
|move|p1a: Pelipper|U-turn|p2a: Blaziken
|-resisted|p2a: Blaziken
|-damage|p2a: Blaziken|97/100
|
|t:|1611839555
|switch|p1a: Seismitoad|Seismitoad, M|28/100|[from]move: U-turn
|
|-weather|RainDance|[upkeep]
|-heal|p1a: Seismitoad|34/100|[from] Grassy Terrain
|-heal|p2a: Blaziken|100/100|[from] Grassy Terrain
|-fieldend|move: Grassy Terrain
|-ability|p2a: Blaziken|Speed Boost|boost
|-boost|p2a: Blaziken|spe|1
|upkeep
|turn|21
|
|t:|1611839567
|switch|p2a: Zapdos|Zapdos|84/100
|move|p1a: Seismitoad|Weather Ball|p2a: Zapdos
|-damage|p2a: Zapdos|0 fnt
|faint|p2a: Zapdos
|
|-weather|RainDance|[upkeep]
|upkeep
|
|t:|1611839575
|switch|p2a: Cinderace|Cinderace, F|100/100
|turn|22
|
|t:|1611839582
|move|p2a: Cinderace|Sucker Punch|p1a: Seismitoad
|-start|p2a: Cinderace|typechange|Dark|[from] ability: Libero
|-damage|p1a: Seismitoad|0 fnt
|-damage|p2a: Cinderace|91/100|[from] item: Life Orb
|faint|p1a: Seismitoad
|
|-weather|RainDance|[upkeep]
|upkeep
|
|t:|1611839586
|switch|p1a: Pelipper|Pelipper, F|31/100
|turn|23
|
|t:|1611839594
|move|p2a: Cinderace|High Jump Kick|p1a: Pelipper
|-start|p2a: Cinderace|typechange|Fighting|[from] ability: Libero
|-resisted|p1a: Pelipper
|-damage|p1a: Pelipper|0 fnt
|-damage|p2a: Cinderace|81/100|[from] item: Life Orb
|faint|p1a: Pelipper
|
|-weather|RainDance|[upkeep]
|upkeep
|
|t:|1611839597
|switch|p1a: Crawdaunt|Crawdaunt, F|100/100
|turn|24
|
|t:|1611839603
|move|p1a: Crawdaunt|Aqua Jet|p2a: Cinderace
|-damage|p2a: Cinderace|0 fnt
|faint|p2a: Cinderace
|
|-weather|RainDance|[upkeep]
|upkeep
|
|t:|1611839610
|switch|p2a: Blaziken|Blaziken, M|100/100
|turn|25
|
|t:|1611839613
|move|p1a: Crawdaunt|Aqua Jet|p2a: Blaziken
|-supereffective|p2a: Blaziken
|-damage|p2a: Blaziken|0 fnt
|faint|p2a: Blaziken
|
|win|i was the rain
|l|☆i was the rain
|l|☆Mickey m
|raw|i was the rain's rating: 1775 &rarr; <strong>1786</strong><br />(+11 for winning)
|raw|Mickey m's rating: 1604 &rarr; <strong>1593</strong><br />(-11 for losing)
