|j|☆Bialet
|j|☆damorush
|t:|1647269013
|gametype|singles
|player|p1|Bialet|lady|1341
|player|p2|damorush|102|1374
|teamsize|p1|6
|teamsize|p2|6
|gen|8
|tier|[Gen 8] OU
|rated|
|rule|Sleep Clause Mod: Limit one foe put to sleep
|rule|Species Clause: Limit one of each Pokémon
|rule|OHKO Clause: OHKO moves are banned
|rule|Evasion Moves Clause: Evasion moves are banned
|rule|Endless Battle Clause: Forcing endless battles is banned
|rule|HP Percentage Mod: HP is shown in percentages
|rule|Dynamax Clause: You cannot dynamax
|clearpoke
|poke|p1|Bisharp, F|
|poke|p1|Hippowdon, F|
|poke|p1|Rillaboom, F|
|poke|p1|Zapdos|
|poke|p1|Ferrothorn, F|
|poke|p1|Urshifu-*, F|
|poke|p2|Barraskewda, M|
|poke|p2|Pelipper, M|
|poke|p2|Ferrothorn, M|
|poke|p2|Zapdos|
|poke|p2|Seismitoad, F|
|poke|p2|Regieleki|
|teampreview
|inactive|Battle timer is ON: inactive players will automatically lose when time's up. (requested by Bialet)
|j| Unsmiley
|l|☆damorush
|inactive|damorush disconnected and has a minute to reconnect!
|player|p2|
|j|☆damorush
|inactive|damorush reconnected and has 115 seconds left.
|player|p2|damorush|102
|
|t:|1647269067
|start
|switch|p1a: Ferrothorn|Ferrothorn, F|100/100
|switch|p2a: Seismitoad|Seismitoad, F|100/100
|turn|1
|
|t:|1647269078
|move|p2a: Seismitoad|Stealth Rock|p1a: Ferrothorn
|-sidestart|p1: Bialet|move: Stealth Rock
|move|p1a: Ferrothorn|Leech Seed|p2a: Seismitoad
|-start|p2a: Seismitoad|move: Leech Seed
|
|-damage|p2a: Seismitoad|88/100|[from] Leech Seed|[of] p1a: Ferrothorn
|upkeep
|turn|2
|
|t:|1647269090
|switch|p2a: Zapdos|Zapdos|100/100
|move|p1a: Ferrothorn|Spikes|p2a: Zapdos
|-sidestart|p2: damorush|Spikes
|
|upkeep
|turn|3
|
|t:|1647269096
|move|p1a: Ferrothorn|Protect|p1a: Ferrothorn
|-singleturn|p1a: Ferrothorn|Protect
|move|p2a: Zapdos|Hurricane|p1a: Ferrothorn
|-activate|p1a: Ferrothorn|move: Protect
|
|upkeep
|turn|4
|
|t:|1647269102
|move|p2a: Zapdos|Hurricane|p1a: Ferrothorn
|-damage|p1a: Ferrothorn|53/100
|-start|p1a: Ferrothorn|confusion
|-activate|p1a: Ferrothorn|confusion
|-damage|p1a: Ferrothorn|47/100|[from] confusion
|
|upkeep
|turn|5
|
|t:|1647269109
|move|p2a: Zapdos|Hurricane|p1a: Ferrothorn
|-damage|p1a: Ferrothorn|0 fnt
|faint|p1a: Ferrothorn
|
|upkeep
|
|t:|1647269115
|switch|p1a: Bisharp|Bisharp, F|100/100
|-damage|p1a: Bisharp|95/100|[from] Stealth Rock
|turn|6
|inactive|damorush has 120 seconds left.
|
|t:|1647269155
|switch|p2a: Ferrothorn|Ferrothorn, M|100/100
|-damage|p2a: Ferrothorn|88/100|[from] Spikes
|switch|p1a: Hippowdon|Hippowdon, F|100/100
|-damage|p1a: Hippowdon|94/100|[from] Stealth Rock
|-weather|Sandstorm|[from] ability: Sand Stream|[of] p1a: Hippowdon
|
|-weather|Sandstorm|[upkeep]
|-heal|p1a: Hippowdon|100/100|[from] item: Leftovers
|upkeep
|turn|7
|inactive|damorush has 120 seconds left.
|
|t:|1647269167
|move|p1a: Hippowdon|Stealth Rock|p2a: Ferrothorn
|-sidestart|p2: damorush|move: Stealth Rock
|move|p2a: Ferrothorn|Leech Seed|p1a: Hippowdon
|-start|p1a: Hippowdon|move: Leech Seed
|
|-weather|Sandstorm|[upkeep]
|-damage|p1a: Hippowdon|88/100|[from] Leech Seed|[of] p2a: Ferrothorn
|-heal|p2a: Ferrothorn|100/100|[silent]
|upkeep
|turn|8
|inactive|damorush has 120 seconds left.
|
|t:|1647269174
|switch|p1a: Urshifu|Urshifu-Rapid-Strike, F|100/100
|-damage|p1a: Urshifu|94/100|[from] Stealth Rock
|move|p2a: Ferrothorn|Spikes|p1a: Urshifu
|-sidestart|p1: Bialet|Spikes
|
|-weather|Sandstorm|[upkeep]
|-damage|p1a: Urshifu|88/100|[from] Sandstorm
|upkeep
|turn|9
|
|t:|1647269183
|move|p1a: Urshifu|Close Combat|p2a: Ferrothorn
|-supereffective|p2a: Ferrothorn
|-enditem|p2a: Ferrothorn|Chople Berry|[eat]
|-enditem|p2a: Ferrothorn|Chople Berry|[weaken]
|-damage|p2a: Ferrothorn|46/100
|-unboost|p1a: Urshifu|def|1
|-unboost|p1a: Urshifu|spd|1
|-damage|p1a: Urshifu|76/100|[from] ability: Iron Barbs|[of] p2a: Ferrothorn
|move|p2a: Ferrothorn|Power Whip|p1a: Urshifu
|-supereffective|p1a: Urshifu
|-damage|p1a: Urshifu|0 fnt
|faint|p1a: Urshifu
|
|-weather|Sandstorm|[upkeep]
|upkeep
|
|t:|1647269189
|switch|p1a: Bisharp|Bisharp, F|95/100
|-damage|p1a: Bisharp|89/100|[from] Stealth Rock
|-damage|p1a: Bisharp|77/100|[from] Spikes
|turn|10
|
|t:|1647269201
|move|p1a: Bisharp|Low Kick|p2a: Ferrothorn
|-supereffective|p2a: Ferrothorn
|-damage|p2a: Ferrothorn|3/100
|-damage|p1a: Bisharp|64/100|[from] ability: Iron Barbs|[of] p2a: Ferrothorn
|move|p2a: Ferrothorn|Leech Seed|p1a: Bisharp
|-start|p1a: Bisharp|move: Leech Seed
|
|-weather|none
|-damage|p1a: Bisharp|52/100|[from] Leech Seed|[of] p2a: Ferrothorn
|-heal|p2a: Ferrothorn|12/100|[silent]
|upkeep
|turn|11
|
|t:|1647269211
|switch|p2a: Zapdos|Zapdos|100/100
|move|p1a: Bisharp|Knock Off|p2a: Zapdos
|-damage|p2a: Zapdos|45/100
|-enditem|p2a: Zapdos|Heavy-Duty Boots|[from] move: Knock Off|[of] p1a: Bisharp
|
|-damage|p1a: Bisharp|40/100|[from] Leech Seed|[of] p2a: Zapdos
|-heal|p2a: Zapdos|56/100|[silent]
|upkeep
|turn|12
|
|t:|1647269223
|move|p2a: Zapdos|Thunder|p1a: Bisharp
|-damage|p1a: Bisharp|0 fnt
|faint|p1a: Bisharp
|
|upkeep
|
|t:|1647269225
|switch|p1a: Zapdos|Zapdos|100/100
|-ability|p1a: Zapdos|Pressure
|turn|13
|
|t:|1647269232
|move|p1a: Zapdos|Discharge|p2a: Zapdos
|-damage|p2a: Zapdos|8/100
|move|p2a: Zapdos|Roost|p2a: Zapdos
|-heal|p2a: Zapdos|58/100
|-singleturn|p2a: Zapdos|move: Roost
|
|upkeep
|turn|14
|
|t:|1647269240
|move|p1a: Zapdos|Discharge|p2a: Zapdos
|-damage|p2a: Zapdos|6/100
|move|p2a: Zapdos|Roost|p2a: Zapdos
|-heal|p2a: Zapdos|57/100
|-singleturn|p2a: Zapdos|move: Roost
|
|upkeep
|turn|15
|
|t:|1647269248
|move|p2a: Zapdos|Roost|p2a: Zapdos
|-heal|p2a: Zapdos|100/100
|-singleturn|p2a: Zapdos|move: Roost
|move|p1a: Zapdos|Discharge|p2a: Zapdos
|-resisted|p2a: Zapdos
|-damage|p2a: Zapdos|78/100
|
|upkeep
|turn|16
|
|t:|1647269256
|switch|p2a: Regieleki|Regieleki|100/100
|-damage|p2a: Regieleki|88/100|[from] Stealth Rock
|-damage|p2a: Regieleki|76/100|[from] Spikes
|move|p1a: Zapdos|Discharge|p2a: Regieleki
|-resisted|p2a: Regieleki
|-damage|p2a: Regieleki|38/100
|
|upkeep
|turn|17
|
|t:|1647269265
|move|p2a: Regieleki|Rapid Spin|p1a: Zapdos
|-damage|p1a: Zapdos|88/100
|-boost|p2a: Regieleki|spe|1
|-sideend|p2: damorush|Spikes|[from] move: Rapid Spin|[of] p2a: Regieleki
|-sideend|p2: damorush|Stealth Rock|[from] move: Rapid Spin|[of] p2a: Regieleki
|move|p1a: Zapdos|Discharge|p2a: Regieleki
|-resisted|p2a: Regieleki
|-damage|p2a: Regieleki|0 fnt
|faint|p2a: Regieleki
|
|upkeep
|
|t:|1647269277
|switch|p2a: Pelipper|Pelipper, M|100/100
|-weather|RainDance|[from] ability: Drizzle|[of] p2a: Pelipper
|turn|18
|
|t:|1647269284
|switch|p2a: Seismitoad|Seismitoad, F|88/100
|move|p1a: Zapdos|Defog|p2a: Seismitoad
|-unboost|p2a: Seismitoad|evasion|1
|-sideend|p1: Bialet|Spikes|[from] move: Defog|[of] p1a: Zapdos
|-sideend|p1: Bialet|Stealth Rock|[from] move: Defog|[of] p1a: Zapdos
|
|-weather|RainDance|[upkeep]
|upkeep
|turn|19
|
|t:|1647269294
|move|p2a: Seismitoad|Liquidation|p1a: Zapdos
|-damage|p1a: Zapdos|0 fnt
|faint|p1a: Zapdos
|-damage|p2a: Seismitoad|78/100|[from] item: Life Orb
|
|-weather|RainDance|[upkeep]
|upkeep
|
|t:|1647269299
|switch|p1a: Rillaboom|Rillaboom, F|100/100
|-fieldstart|move: Grassy Terrain|[from] ability: Grassy Surge|[of] p1a: Rillaboom
|turn|20
|
|t:|1647269304
|move|p2a: Seismitoad|Ice Punch|p1a: Rillaboom
|-supereffective|p1a: Rillaboom
|-damage|p1a: Rillaboom|30/100
|-damage|p2a: Seismitoad|68/100|[from] item: Life Orb
|move|p1a: Rillaboom|U-turn|p2a: Seismitoad
|-damage|p2a: Seismitoad|20/100
|
|t:|1647269308
|switch|p1a: Hippowdon|Hippowdon, F|88/100|[from]move: U-turn
|-weather|Sandstorm|[from] ability: Sand Stream|[of] p1a: Hippowdon
|
|-weather|Sandstorm|[upkeep]
|-heal|p2a: Seismitoad|26/100|[from] Grassy Terrain
|-heal|p1a: Hippowdon|94/100|[from] Grassy Terrain
|-heal|p1a: Hippowdon|100/100|[from] item: Leftovers
|upkeep
|turn|21
|
|t:|1647269321
|move|p2a: Seismitoad|Liquidation|p1a: Hippowdon
|-supereffective|p1a: Hippowdon
|-damage|p1a: Hippowdon|28/100
|-damage|p2a: Seismitoad|16/100|[from] item: Life Orb
|move|p1a: Hippowdon|Earthquake|p2a: Seismitoad
|-damage|p2a: Seismitoad|0 fnt
|faint|p2a: Seismitoad
|
|-weather|Sandstorm|[upkeep]
|-heal|p1a: Hippowdon|34/100|[from] Grassy Terrain
|-heal|p1a: Hippowdon|40/100|[from] item: Leftovers
|upkeep
|
|t:|1647269334
|switch|p2a: Pelipper|Pelipper, M|100/100
|-weather|RainDance|[from] ability: Drizzle|[of] p2a: Pelipper
|turn|22
|
|t:|1647269339
|move|p2a: Pelipper|Scald|p1a: Hippowdon
|-supereffective|p1a: Hippowdon
|-damage|p1a: Hippowdon|0 fnt
|faint|p1a: Hippowdon
|
|-weather|RainDance|[upkeep]
|upkeep
|
|t:|1647269340
|switch|p1a: Rillaboom|Rillaboom, F|30/100
|turn|23
|
|t:|1647269348
|move|p1a: Rillaboom|Grassy Glide|p2a: Pelipper
|-damage|p2a: Pelipper|46/100
|move|p2a: Pelipper|U-turn|p1a: Rillaboom
|-supereffective|p1a: Rillaboom
|-crit|p1a: Rillaboom
|-damage|p1a: Rillaboom|1/100
|
|t:|1647269354
|switch|p2a: Ferrothorn|Ferrothorn, M|12/100|[from]move: U-turn
|
|-weather|RainDance|[upkeep]
|-heal|p1a: Rillaboom|7/100|[from] Grassy Terrain
|-heal|p2a: Ferrothorn|19/100|[from] Grassy Terrain
|upkeep
|turn|24
|
|t:|1647269362
|move|p1a: Rillaboom|Grassy Glide|p2a: Ferrothorn
|-resisted|p2a: Ferrothorn
|-damage|p2a: Ferrothorn|7/100
|-damage|p1a: Rillaboom|0 fnt|[from] ability: Iron Barbs|[of] p2a: Ferrothorn
|faint|p1a: Rillaboom
|
|win|damorush
|raw|Bialet's rating: 1341 &rarr; <strong>1323</strong><br />(-18 for losing)
|raw|damorush's rating: 1374 &rarr; <strong>1392</strong><br />(+18 for winning)
|l|☆Bialet
|l| Unsmiley
