|j|☆Tard-Buster
|j|☆Arnaud senju vgc
|player|p1|Tard-Buster|blue-gen1two|1711
|player|p2|Arnaud senju vgc|alder|1765
|teamsize|p1|6
|teamsize|p2|6
|gametype|singles
|gen|8
|tier|[Gen 8] OU
|rated|
|clearpoke
|poke|p1|Torkoal, M|
|poke|p1|Volcarona, M|
|poke|p1|Darmanitan, M|
|poke|p1|Mandibuzz, F|
|poke|p1|Clefable, M|
|poke|p1|Venusaur, F|
|poke|p2|Ribombee, F|
|poke|p2|Togekiss, F|
|poke|p2|Excadrill, F|
|poke|p2|Cloyster, M|
|poke|p2|Necrozma|
|poke|p2|Magearna|
|rule|Sleep Clause Mod: Limit one foe put to sleep
|rule|Species Clause: Limit one of each Pokémon
|rule|OHKO Clause: OHKO moves are banned
|rule|Evasion Moves Clause: Evasion moves are banned
|rule|Endless Battle Clause: Forcing endless battles is banned
|rule|HP Percentage Mod: HP is shown in percentages
|rule|Dynamax Clause: You cannot dynamax
|teampreview
|inactive|Battle timer is ON: inactive players will automatically lose when time's up. (requested by Tard-Buster)
|j| Dylanronpa
|
|start
|switch|p1a: Donkey Kong|Darmanitan, M, shiny|100/100
|switch|p2a: Excadrill|Excadrill, F|100/100
|-ability|p2a: Excadrill|Mold Breaker
|turn|1
|
|move|p1a: Donkey Kong|Flare Blitz|p2a: Excadrill
|-supereffective|p2a: Excadrill
|-enditem|p2a: Excadrill|Focus Sash
|-damage|p2a: Excadrill|1/100
|-damage|p1a: Donkey Kong|67/100|[from] Recoil
|move|p2a: Excadrill|Earthquake|p1a: Donkey Kong
|-supereffective|p1a: Donkey Kong
|-damage|p1a: Donkey Kong|0 fnt
|faint|p1a: Donkey Kong
|
|upkeep
|j| DD Mew
|
|switch|p1a: Menace|Volcarona, M, shiny|100/100
|turn|2
|
|move|p2a: Excadrill|Earthquake|p1a: Menace
|-damage|p1a: Menace|14/100
|move|p1a: Menace|Giga Drain|p2a: Excadrill
|-damage|p2a: Excadrill|0 fnt
|-heal|p1a: Menace|14/100|[from] drain|[of] p2a: Excadrill
|faint|p2a: Excadrill
|
|upkeep
|j| NeoDP
|
|switch|p2a: Togekiss|Togekiss, F|100/100
|turn|3
|
|switch|p1a: Pink Runtz|Clefable, M, shiny|100/100
|move|p2a: Togekiss|Air Slash|p1a: Pink Runtz
|-damage|p1a: Pink Runtz|78/100
|
|-heal|p1a: Pink Runtz|85/100|[from] item: Leftovers
|upkeep
|turn|4
|
|move|p2a: Togekiss|Substitute|p2a: Togekiss
|-start|p2a: Togekiss|Substitute
|-damage|p2a: Togekiss|75/100
|move|p1a: Pink Runtz|Wish|p1a: Pink Runtz
|
|-heal|p2a: Togekiss|82/100|[from] item: Leftovers
|-heal|p1a: Pink Runtz|91/100|[from] item: Leftovers
|upkeep
|turn|5
|
|move|p2a: Togekiss|Air Slash|p1a: Pink Runtz
|-damage|p1a: Pink Runtz|66/100
|move|p1a: Pink Runtz|Moonblast|p2a: Togekiss
|-end|p2a: Togekiss|Substitute
|
|-heal|p1a: Pink Runtz|100/100|[from] move: Wish|[wisher] Pink Runtz
|-heal|p2a: Togekiss|88/100|[from] item: Leftovers
|upkeep
|turn|6
|j| Crankoneforthebois
|l| Crankoneforthebois
|
|move|p2a: Togekiss|Nasty Plot|p2a: Togekiss
|-boost|p2a: Togekiss|spa|2
|move|p1a: Pink Runtz|Moonblast|p2a: Togekiss
|-damage|p2a: Togekiss|60/100
|
|-heal|p2a: Togekiss|66/100|[from] item: Leftovers
|upkeep
|turn|7
|
|move|p2a: Togekiss|Air Slash|p1a: Pink Runtz
|-damage|p1a: Pink Runtz|56/100
|cant|p1a: Pink Runtz|flinch
|
|-heal|p2a: Togekiss|73/100|[from] item: Leftovers
|-heal|p1a: Pink Runtz|62/100|[from] item: Leftovers
|upkeep
|turn|8
|
|move|p2a: Togekiss|Air Slash|p1a: Pink Runtz
|-crit|p1a: Pink Runtz
|-damage|p1a: Pink Runtz|0 fnt
|faint|p1a: Pink Runtz
|
|-heal|p2a: Togekiss|79/100|[from] item: Leftovers
|upkeep
|
|switch|p1a: Menace|Volcarona, M, shiny|14/100
|turn|9
|
|move|p1a: Menace|Fire Blast|p2a: Togekiss
|-damage|p2a: Togekiss|19/100
|-status|p2a: Togekiss|brn
|move|p2a: Togekiss|Flamethrower|p1a: Menace
|-damage|p1a: Menace|0 fnt
|faint|p1a: Menace
|
|-heal|p2a: Togekiss|25/100 brn|[from] item: Leftovers
|-damage|p2a: Togekiss|19/100 brn|[from] brn
|upkeep
|
|switch|p1a: Torch|Torkoal, M, shiny|100/100
|-weather|SunnyDay|[from] ability: Drought|[of] p1a: Torch
|turn|10
|j| Cngjhj
|
|move|p2a: Togekiss|Air Slash|p1a: Torch
|-damage|p1a: Torch|8/100
|cant|p1a: Torch|flinch
|
|-weather|SunnyDay|[upkeep]
|-heal|p2a: Togekiss|25/100 brn|[from] item: Leftovers
|-damage|p2a: Togekiss|19/100 brn|[from] brn
|upkeep
|turn|11
|j| OUTZ don3
|l| Cngjhj
|
|move|p2a: Togekiss|Nasty Plot|p2a: Togekiss
|-boost|p2a: Togekiss|spa|2
|move|p1a: Torch|Stealth Rock|p2a: Togekiss
|-sidestart|p2: Arnaud senju vgc|move: Stealth Rock
|
|-weather|SunnyDay|[upkeep]
|-heal|p2a: Togekiss|25/100 brn|[from] item: Leftovers
|-damage|p2a: Togekiss|19/100 brn|[from] brn
|upkeep
|turn|12
|
|switch|p1a: Bonez|Mandibuzz, F, shiny|100/100
|move|p2a: Togekiss|Substitute|p2a: Togekiss
|-fail|p2a: Togekiss|move: Substitute|[weak]
|
|-weather|SunnyDay|[upkeep]
|-heal|p2a: Togekiss|25/100 brn|[from] item: Leftovers
|-damage|p2a: Togekiss|19/100 brn|[from] brn
|upkeep
|turn|13
|
|move|p2a: Togekiss|Air Slash|p1a: Bonez
|-damage|p1a: Bonez|8/100
|move|p1a: Bonez|U-turn|p2a: Togekiss
|-resisted|p2a: Togekiss
|-damage|p2a: Togekiss|16/100 brn
|
|switch|p1a: Lil Blaine|Venusaur, F, shiny|100/100|[from]move: U-turn
|
|-weather|SunnyDay|[upkeep]
|-heal|p2a: Togekiss|22/100 brn|[from] item: Leftovers
|-damage|p2a: Togekiss|16/100 brn|[from] brn
|upkeep
|turn|14
|l| OUTZ don3
|j| dollynhocoach
|
|move|p1a: Lil Blaine|Weather Ball|p2a: Togekiss
|-damage|p2a: Togekiss|0 fnt
|-damage|p1a: Lil Blaine|91/100|[from] item: Life Orb
|faint|p2a: Togekiss
|
|-weather|SunnyDay|[upkeep]
|upkeep
|j| meu sadruga
|
|switch|p2a: Ribombee|Ribombee, F|100/100
|-damage|p2a: Ribombee|76/100|[from] Stealth Rock
|turn|15
|j| Shellnuts
|
|move|p1a: Lil Blaine|Weather Ball|p2a: Ribombee
|-supereffective|p2a: Ribombee
|-damage|p2a: Ribombee|0 fnt
|-damage|p1a: Lil Blaine|81/100|[from] item: Life Orb
|faint|p2a: Ribombee
|
|-weather|SunnyDay|[upkeep]
|upkeep
|
|switch|p2a: Cloyster|Cloyster, M|100/100
|-damage|p2a: Cloyster|76/100|[from] Stealth Rock
|turn|16
|
|move|p2a: Cloyster|Ice Shard|p1a: Lil Blaine
|-supereffective|p1a: Lil Blaine
|-damage|p1a: Lil Blaine|45/100
|move|p1a: Lil Blaine|Giga Drain|p2a: Cloyster
|-supereffective|p2a: Cloyster
|-damage|p2a: Cloyster|0 fnt
|-heal|p1a: Lil Blaine|80/100|[from] drain|[of] p2a: Cloyster
|-damage|p1a: Lil Blaine|70/100|[from] item: Life Orb
|faint|p2a: Cloyster
|
|-weather|SunnyDay|[upkeep]
|upkeep
|j| x555
|j| winterblowin
|
|switch|p2a: Necrozma|Necrozma|100/100
|-damage|p2a: Necrozma|88/100|[from] Stealth Rock
|turn|17
|
|move|p1a: Lil Blaine|Weather Ball|p2a: Necrozma
|-damage|p2a: Necrozma|34/100
|-damage|p1a: Lil Blaine|60/100|[from] item: Life Orb
|move|p2a: Necrozma|Calm Mind|p2a: Necrozma
|-boost|p2a: Necrozma|spa|1
|-boost|p2a: Necrozma|spd|1
|
|-weather|none
|upkeep
|turn|18
|j| 1a4
|
|switch|p1a: Torch|Torkoal, M, shiny|8/100
|-weather|SunnyDay|[from] ability: Drought|[of] p1a: Torch
|move|p2a: Necrozma|Stored Power|p1a: Torch
|-damage|p1a: Torch|0 fnt
|faint|p1a: Torch
|
|-weather|SunnyDay|[upkeep]
|upkeep
|j| NigaJuice
|
|switch|p1a: Lil Blaine|Venusaur, F, shiny|60/100
|turn|19
|l| 1a4
|
|move|p1a: Lil Blaine|Weather Ball|p2a: Necrozma
|-damage|p2a: Necrozma|0 fnt
|-damage|p1a: Lil Blaine|50/100|[from] item: Life Orb
|faint|p2a: Necrozma
|
|-weather|SunnyDay|[upkeep]
|upkeep
|l| NigaJuice
|-message|Arnaud senju vgc forfeited.
|
|win|Tard-Buster
|l|☆Arnaud senju vgc
|l| dollynhocoach
|l| Dylanronpa
|raw|Tard-Buster's rating: 1711 &rarr; <strong>1734</strong><br />(+23 for winning)
|raw|Arnaud senju vgc's rating: 1765 &rarr; <strong>1742</strong><br />(-23 for losing)
