|j|☆golden grafter
|j|☆Maitredouard2
|t:|1664354306
|gametype|singles
|player|p1|golden grafter|169|1636
|player|p2|Maitredouard2|lance|1702
|teamsize|p1|6
|teamsize|p2|6
|gen|8
|tier|[Gen 8] OU
|rated|
|rule|Sleep Clause Mod: Limit one foe put to sleep
|rule|Species Clause: Limit one of each Pokémon
|rule|OHKO Clause: OHKO moves are banned
|rule|Evasion Items Clause: Evasion items are banned
|rule|Evasion Moves Clause: Evasion moves are banned
|rule|Endless Battle Clause: Forcing endless battles is banned
|rule|HP Percentage Mod: HP is shown in percentages
|rule|Dynamax Clause: You cannot dynamax
|clearpoke
|poke|p1|Ferrothorn, F|
|poke|p1|Rotom-Wash|
|poke|p1|Tyranitar, F|
|poke|p1|Excadrill, M|
|poke|p1|Clefable, M|
|poke|p1|Dragapult, M|
|poke|p2|Mandibuzz, F|
|poke|p2|Landorus-Therian, M|
|poke|p2|Blissey, F|
|poke|p2|Heatran, F|
|poke|p2|Toxapex, M|
|poke|p2|Tapu Lele|
|teampreview
|inactive|Battle timer is ON: inactive players will automatically lose when time's up. (requested by golden grafter)
|
|t:|1664354326
|start
|switch|p1a: Clefable|Clefable, M|100/100
|switch|p2a: Tapu Lele|Tapu Lele|100/100
|-fieldstart|move: Psychic Terrain|[from] ability: Psychic Surge|[of] p2a: Tapu Lele
|turn|1
|
|t:|1664354334
|move|p2a: Tapu Lele|Psyshock|p1a: Clefable
|-damage|p1a: Clefable|36/100
|move|p1a: Clefable|Soft-Boiled|p1a: Clefable
|-heal|p1a: Clefable|86/100
|
|upkeep
|turn|2
|
|t:|1664354342
|switch|p2a: Heatran|Heatran, F|100/100
|-item|p2a: Heatran|Air Balloon
|move|p1a: Clefable|Stealth Rock|p2a: Heatran
|-sidestart|p2: Maitredouard2|move: Stealth Rock
|
|upkeep
|turn|3
|
|t:|1664354348
|switch|p1a: Rotom|Rotom-Wash|100/100
|move|p2a: Heatran|Stealth Rock|p1a: Rotom
|-sidestart|p1: golden grafter|move: Stealth Rock
|
|upkeep
|turn|4
|
|t:|1664354357
|switch|p2a: Landorus|Landorus-Therian, M|100/100
|-damage|p2a: Landorus|88/100|[from] Stealth Rock
|-ability|p2a: Landorus|Intimidate|boost
|-unboost|p1a: Rotom|atk|1
|move|p1a: Rotom|Volt Switch|p2a: Landorus
|-immune|p2a: Landorus
|
|upkeep
|turn|5
|
|t:|1664354366
|move|p2a: Landorus|Explosion|p1a: Rotom
|-damage|p1a: Rotom|5/100
|faint|p2a: Landorus
|move|p1a: Rotom|Hydro Pump|p2: Landorus|[notarget]
|-fail|p1a: Rotom
|
|-heal|p1a: Rotom|11/100|[from] item: Leftovers
|-fieldend|move: Psychic Terrain
|upkeep
|
|t:|1664354375
|switch|p2a: Tapu Lele|Tapu Lele|100/100
|-damage|p2a: Tapu Lele|88/100|[from] Stealth Rock
|-fieldstart|move: Psychic Terrain|[from] ability: Psychic Surge|[of] p2a: Tapu Lele
|turn|6
|inactive|golden grafter has 120 seconds left.
|
|t:|1664354410
|move|p2a: Tapu Lele|Focus Blast|p1a: Rotom
|-damage|p1a: Rotom|0 fnt
|faint|p1a: Rotom
|
|upkeep
|
|t:|1664354413
|switch|p1a: Dragapult|Dragapult, M|100/100
|-damage|p1a: Dragapult|88/100|[from] Stealth Rock
|turn|7
|
|t:|1664354419
|switch|p2a: Mandibuzz|Mandibuzz, F|100/100
|move|p1a: Dragapult|U-turn|p2a: Mandibuzz
|-damage|p2a: Mandibuzz|89/100
|j| Mr. Bag Getter
|
|t:|1664354424
|switch|p1a: Tyranitar|Tyranitar, F|100/100|[from]move: U-turn
|-damage|p1a: Tyranitar|88/100|[from] Stealth Rock
|-weather|Sandstorm|[from] ability: Sand Stream|[of] p1a: Tyranitar
|
|-weather|Sandstorm|[upkeep]
|upkeep
|turn|8
|
|t:|1664354432
|move|p1a: Tyranitar|Stone Edge|p2a: Mandibuzz
|-supereffective|p2a: Mandibuzz
|-damage|p2a: Mandibuzz|0 fnt
|faint|p2a: Mandibuzz
|
|-weather|Sandstorm|[upkeep]
|upkeep
|l| Mr. Bag Getter
|
|t:|1664354438
|switch|p2a: Tapu Lele|Tapu Lele|88/100
|-damage|p2a: Tapu Lele|76/100|[from] Stealth Rock
|turn|9
|
|t:|1664354445
|switch|p1a: Ferrothorn|Ferrothorn, F|100/100
|-damage|p1a: Ferrothorn|94/100|[from] Stealth Rock
|move|p2a: Tapu Lele|Focus Blast|p1a: Ferrothorn
|-supereffective|p1a: Ferrothorn
|-damage|p1a: Ferrothorn|0 fnt
|faint|p1a: Ferrothorn
|
|-weather|Sandstorm|[upkeep]
|-damage|p2a: Tapu Lele|70/100|[from] Sandstorm
|upkeep
|
|t:|1664354448
|switch|p1a: Dragapult|Dragapult, M|88/100
|-damage|p1a: Dragapult|76/100|[from] Stealth Rock
|turn|10
|
|t:|1664354461
|switch|p2a: Toxapex|Toxapex, M|100/100
|-damage|p2a: Toxapex|88/100|[from] Stealth Rock
|move|p1a: Dragapult|U-turn|p2a: Toxapex
|-resisted|p2a: Toxapex
|-damage|p2a: Toxapex|83/100
|-damage|p1a: Dragapult|59/100|[from] item: Rocky Helmet|[of] p2a: Toxapex
|
|t:|1664354466
|switch|p1a: Excadrill|Excadrill, M|100/100|[from]move: U-turn
|-damage|p1a: Excadrill|97/100|[from] Stealth Rock
|
|-weather|Sandstorm|[upkeep]
|-damage|p2a: Toxapex|76/100|[from] Sandstorm
|-heal|p1a: Excadrill|100/100|[from] item: Leftovers
|-fieldend|move: Psychic Terrain
|upkeep
|turn|11
|
|t:|1664354476
|move|p1a: Excadrill|Rapid Spin|p2a: Toxapex
|-damage|p2a: Toxapex|65/100
|-boost|p1a: Excadrill|spe|1
|-damage|p1a: Excadrill|84/100|[from] item: Rocky Helmet|[of] p2a: Toxapex
|-sideend|p1: golden grafter|Stealth Rock|[from] move: Rapid Spin|[of] p1a: Excadrill
|move|p2a: Toxapex|Scald|p1a: Excadrill
|-supereffective|p1a: Excadrill
|-damage|p1a: Excadrill|40/100
|
|-weather|none
|-heal|p1a: Excadrill|46/100|[from] item: Leftovers
|upkeep
|turn|12
|
|t:|1664354488
|move|p1a: Excadrill|Iron Head|p2a: Toxapex
|-resisted|p2a: Toxapex
|-damage|p2a: Toxapex|50/100
|-damage|p1a: Excadrill|30/100|[from] item: Rocky Helmet|[of] p2a: Toxapex
|cant|p2a: Toxapex|flinch
|
|-heal|p1a: Excadrill|36/100|[from] item: Leftovers
|upkeep
|turn|13
|
|t:|1664354497
|move|p1a: Excadrill|Iron Head|p2a: Toxapex
|-resisted|p2a: Toxapex
|-damage|p2a: Toxapex|36/100
|-damage|p1a: Excadrill|19/100|[from] item: Rocky Helmet|[of] p2a: Toxapex
|move|p2a: Toxapex|Scald|p1a: Excadrill
|-supereffective|p1a: Excadrill
|-damage|p1a: Excadrill|0 fnt
|faint|p1a: Excadrill
|
|upkeep
|c|☆golden grafter|WHAT THE FUCK ATE YOU DOING
|n|‽golden grafter|goldengrafter
|c|&|/log golden grafter was locked from talking by Artemis for a week (☆golden grafter: WHAT THE FUCK ATE YOU DOING)
|c|&|/raw <small>This action was done automatically. Want to learn more about the AI? <a href="https://www.smogon.com/forums/threads/3570628/#post-9056769">Visit the information thread</a>.</small>
|
|t:|1664354510
|switch|p1a: Tyranitar|Tyranitar, F|88/100
|-weather|Sandstorm|[from] ability: Sand Stream|[of] p1a: Tyranitar
|turn|14
|
|t:|1664354515
|switch|p2a: Blissey|Blissey, F|100/100
|move|p1a: Tyranitar|Crunch|p2a: Blissey
|-damage|p2a: Blissey|43/100
|
|-weather|Sandstorm|[upkeep]
|-damage|p2a: Blissey|37/100|[from] Sandstorm
|upkeep
|turn|15
|
|t:|1664354525
|switch|p2a: Toxapex|Toxapex, M|70/100
|-damage|p2a: Toxapex|57/100|[from] Stealth Rock
|move|p1a: Tyranitar|Crunch|p2a: Toxapex
|-damage|p2a: Toxapex|12/100
|-unboost|p2a: Toxapex|def|1
|-damage|p1a: Tyranitar|72/100|[from] item: Rocky Helmet|[of] p2a: Toxapex
|
|-weather|Sandstorm|[upkeep]
|-damage|p2a: Toxapex|6/100|[from] Sandstorm
|upkeep
|turn|16
|
|t:|1664354536
|move|p1a: Tyranitar|Crunch|p2a: Toxapex
|-damage|p2a: Toxapex|0 fnt
|-damage|p1a: Tyranitar|55/100|[from] item: Rocky Helmet|[of] p2a: Toxapex
|faint|p2a: Toxapex
|
|-weather|Sandstorm|[upkeep]
|upkeep
|n|☆golden grafter|goldengrafter
|
|t:|1664354544
|switch|p2a: Tapu Lele|Tapu Lele|70/100
|-damage|p2a: Tapu Lele|57/100|[from] Stealth Rock
|-fieldstart|move: Psychic Terrain|[from] ability: Psychic Surge|[of] p2a: Tapu Lele
|turn|17
|
|t:|1664354549
|switch|p1a: Clefable|Clefable, M|86/100
|move|p2a: Tapu Lele|Moonblast|p1a: Clefable
|-damage|p1a: Clefable|11/100
|-unboost|p1a: Clefable|spa|1
|
|-weather|Sandstorm|[upkeep]
|-damage|p2a: Tapu Lele|51/100|[from] Sandstorm
|upkeep
|turn|18
|
|t:|1664354559
|move|p2a: Tapu Lele|Moonblast|p1a: Clefable
|-damage|p1a: Clefable|0 fnt
|faint|p1a: Clefable
|
|-weather|none
|upkeep
|
|t:|1664354565
|switch|p1a: Dragapult|Dragapult, M|59/100
|turn|19
|
|t:|1664354572
|switch|p2a: Heatran|Heatran, F|100/100
|-damage|p2a: Heatran|88/100|[from] Stealth Rock
|-item|p2a: Heatran|Air Balloon
|move|p1a: Dragapult|Shadow Ball|p2a: Heatran
|-damage|p2a: Heatran|37/100
|-enditem|p2a: Heatran|Air Balloon
|
|upkeep
|turn|20
|
|t:|1664354581
|switch|p1a: Tyranitar|Tyranitar, F|55/100
|-weather|Sandstorm|[from] ability: Sand Stream|[of] p1a: Tyranitar
|move|p2a: Heatran|Earth Power|p1a: Tyranitar
|-supereffective|p1a: Tyranitar
|-damage|p1a: Tyranitar|10/100
|
|-weather|Sandstorm|[upkeep]
|upkeep
|turn|21
|
|t:|1664354591
|move|p1a: Tyranitar|Crunch|p2a: Heatran
|-damage|p2a: Heatran|0 fnt
|faint|p2a: Heatran
|
|-weather|Sandstorm|[upkeep]
|-fieldend|move: Psychic Terrain
|upkeep
|
|t:|1664354597
|switch|p2a: Tapu Lele|Tapu Lele|51/100
|-damage|p2a: Tapu Lele|39/100|[from] Stealth Rock
|-fieldstart|move: Psychic Terrain|[from] ability: Psychic Surge|[of] p2a: Tapu Lele
|turn|22
|inactive|golden grafter has 120 seconds left.
|
|t:|1664354637
|move|p2a: Tapu Lele|Moonblast|p1a: Tyranitar
|-supereffective|p1a: Tyranitar
|-damage|p1a: Tyranitar|0 fnt
|faint|p1a: Tyranitar
|
|-weather|Sandstorm|[upkeep]
|-damage|p2a: Tapu Lele|33/100|[from] Sandstorm
|upkeep
|
|t:|1664354639
|switch|p1a: Dragapult|Dragapult, M|59/100
|turn|23
|
|t:|1664354647
|move|p1a: Dragapult|Flamethrower|p2a: Tapu Lele
|-damage|p2a: Tapu Lele|0 fnt
|faint|p2a: Tapu Lele
|
|-weather|Sandstorm|[upkeep]
|-damage|p1a: Dragapult|53/100|[from] Sandstorm
|upkeep
|
|t:|1664354654
|switch|p2a: Blissey|Blissey, F|37/100
|turn|24
|
|t:|1664354657
|move|p1a: Dragapult|Flamethrower|p2a: Blissey
|-damage|p2a: Blissey|22/100
|-status|p2a: Blissey|brn
|move|p2a: Blissey|Soft-Boiled|p2a: Blissey
|-heal|p2a: Blissey|72/100 brn
|
|-weather|none
|-damage|p2a: Blissey|66/100 brn|[from] brn
|upkeep
|turn|25
|
|t:|1664354667
|move|p1a: Dragapult|Flamethrower|p2a: Blissey
|-damage|p2a: Blissey|50/100 brn
|move|p2a: Blissey|Toxic|p1a: Dragapult
|-status|p1a: Dragapult|tox
|
|-damage|p1a: Dragapult|48/100 tox|[from] psn
|-damage|p2a: Blissey|43/100 brn|[from] brn
|upkeep
|turn|26
|-message|golden grafter forfeited.
|
|win|Maitredouard2
|raw|golden grafter's rating: 1636 &rarr; <strong>1620</strong><br />(-16 for losing)
|raw|Maitredouard2's rating: 1702 &rarr; <strong>1718</strong><br />(+16 for winning)
|l|☆golden grafter
