|j|☆ilovekillhunter
|j|☆willcoxw
|player|p1|ilovekillhunter|emmet|1798
|player|p2|willcoxw|karen|1761
|teamsize|p1|6
|teamsize|p2|6
|gametype|singles
|gen|8
|tier|[Gen 8] OU
|rated|
|clearpoke
|poke|p1|Barraskewda, F|
|poke|p1|Gengar, F|
|poke|p1|Pelipper, F|
|poke|p1|Ferrothorn, M|
|poke|p1|Azumarill, M|
|poke|p1|Urshifu-*, F|
|poke|p2|Accelgor, M|
|poke|p2|Azumarill, M|
|poke|p2|Togekiss, M|
|poke|p2|Urshifu-*, M|
|poke|p2|Rillaboom, M|
|poke|p2|Volcarona, M|
|rule|Sleep Clause Mod: Limit one foe put to sleep
|rule|Species Clause: Limit one of each Pokémon
|rule|OHKO Clause: OHKO moves are banned
|rule|Evasion Moves Clause: Evasion moves are banned
|rule|Endless Battle Clause: Forcing endless battles is banned
|rule|HP Percentage Mod: HP is shown in percentages
|rule|Dynamax Clause: You cannot dynamax
|teampreview
|j| Jey2
|j| Pineco is hot
|j| Aloopuriza
|
|start
|switch|p1a: Pelipper|Pelipper, F|100/100
|switch|p2a: Accelgor|Accelgor, M|100/100
|-weather|RainDance|[from] ability: Drizzle|[of] p1a: Pelipper
|turn|1
|j| myjava
|j| sghearea
|l| sghearea
|
|move|p2a: Accelgor|Final Gambit|p1a: Pelipper
|-damage|p1a: Pelipper|0 fnt
|faint|p2a: Accelgor
|faint|p1a: Pelipper
|
|-weather|RainDance|[upkeep]
|upkeep
|j| Bobripper
|
|switch|p2a: OH non AZU|Azumarill, M|100/100
|switch|p1a: Gengar|Gengar, F|100/100
|turn|2
|
|move|p2a: OH non AZU|Aqua Jet|p1a: Gengar
|-damage|p1a: Gengar|22/100
|-start|p2a: OH non AZU|Disable|Aqua Jet|[from] ability: Cursed Body|[of] p1a: Gengar
|move|p1a: Gengar|Sludge Wave|p2a: OH non AZU
|-supereffective|p2a: OH non AZU
|-damage|p2a: OH non AZU|0 fnt
|faint|p2a: OH non AZU
|
|-weather|RainDance|[upkeep]
|-heal|p1a: Gengar|28/100|[from] item: Black Sludge
|upkeep
|
|switch|p2a: déception|Togekiss, M|100/100
|turn|3
|
|move|p2a: déception|Air Slash|p1a: Gengar
|-damage|p1a: Gengar|0 fnt
|faint|p1a: Gengar
|
|-weather|RainDance|[upkeep]
|upkeep
|
|switch|p1a: Barraskewda|Barraskewda, F|100/100
|turn|4
|
|switch|p2a: OH non Rboom|Rillaboom, M|100/100
|-fieldstart|move: Grassy Terrain|[from] ability: Grassy Surge|[of] p2a: OH non Rboom
|move|p1a: Barraskewda|Flip Turn|p2a: OH non Rboom
|-resisted|p2a: OH non Rboom
|-damage|p2a: OH non Rboom|73/100
|
|switch|p1a: Azumarill|Azumarill, M|100/100|[from]move: Flip Turn
|
|-weather|RainDance|[upkeep]
|-heal|p2a: OH non Rboom|79/100|[from] Grassy Terrain
|upkeep
|turn|5
|
|switch|p2a: déception|Togekiss, M|100/100
|move|p1a: Azumarill|Toxic|p2a: déception|[miss]
|-miss|p1a: Azumarill|p2a: déception
|
|-weather|RainDance|[upkeep]
|upkeep
|turn|6
|
|move|p2a: déception|Air Slash|p1a: Azumarill
|-damage|p1a: Azumarill|74/100
|move|p1a: Azumarill|Toxic|p2a: déception
|-status|p2a: déception|tox
|
|-weather|RainDance|[upkeep]
|-heal|p1a: Azumarill|80/100|[from] item: Leftovers
|-heal|p1a: Azumarill|86/100|[from] Grassy Terrain
|-damage|p2a: déception|94/100 tox|[from] psn
|upkeep
|turn|7
|
|move|p1a: Azumarill|Protect|p1a: Azumarill
|-singleturn|p1a: Azumarill|Protect
|move|p2a: déception|Air Slash|p1a: Azumarill
|-activate|p1a: Azumarill|move: Protect
|
|-weather|RainDance|[upkeep]
|-heal|p1a: Azumarill|92/100|[from] item: Leftovers
|-heal|p1a: Azumarill|99/100|[from] Grassy Terrain
|-damage|p2a: déception|82/100 tox|[from] psn
|upkeep
|turn|8
|
|switch|p2a: OH non Rboom|Rillaboom, M|79/100
|move|p1a: Azumarill|Whirlpool|p2a: OH non Rboom
|-resisted|p2a: OH non Rboom
|-damage|p2a: OH non Rboom|71/100
|-activate|p2a: OH non Rboom|move: Whirlpool|[of] p1a: Azumarill
|
|-weather|none
|-heal|p2a: OH non Rboom|77/100|[from] Grassy Terrain
|-heal|p1a: Azumarill|100/100|[from] item: Leftovers
|-fieldend|move: Grassy Terrain
|-damage|p2a: OH non Rboom|64/100|[from] move: Whirlpool|[partiallytrapped]
|upkeep
|turn|9
|j| Kdkdiekdk
|
|move|p2a: OH non Rboom|Swords Dance|p2a: OH non Rboom
|-boost|p2a: OH non Rboom|atk|2
|move|p1a: Azumarill|Toxic|p2a: OH non Rboom
|-status|p2a: OH non Rboom|tox
|
|-damage|p2a: OH non Rboom|58/100 tox|[from] psn
|-damage|p2a: OH non Rboom|46/100 tox|[from] move: Whirlpool|[partiallytrapped]
|upkeep
|turn|10
|j| SV Mizo
|
|move|p1a: Azumarill|Protect|p1a: Azumarill
|-singleturn|p1a: Azumarill|Protect
|move|p2a: OH non Rboom|Stomping Tantrum|p1a: Azumarill
|-activate|p1a: Azumarill|move: Protect
|
|-damage|p2a: OH non Rboom|34/100 tox|[from] psn
|-damage|p2a: OH non Rboom|21/100 tox|[from] move: Whirlpool|[partiallytrapped]
|upkeep
|turn|11
|l| Bobripper
|j| MenPhiz'♥
|
|move|p2a: OH non Rboom|Stomping Tantrum|p1a: Azumarill
|-damage|p1a: Azumarill|35/100
|-damage|p2a: OH non Rboom|11/100 tox|[from] item: Life Orb
|move|p1a: Azumarill|Whirlpool|p2a: OH non Rboom
|-resisted|p2a: OH non Rboom
|-damage|p2a: OH non Rboom|6/100 tox
|
|-heal|p1a: Azumarill|41/100|[from] item: Leftovers
|-damage|p2a: OH non Rboom|0 fnt|[from] psn
|faint|p2a: OH non Rboom
|upkeep
|
|switch|p2a: Urshifu|Urshifu, M|100/100
|turn|12
|
|move|p2a: Urshifu|Substitute|p2a: Urshifu
|-start|p2a: Urshifu|Substitute
|-damage|p2a: Urshifu|76/100
|move|p1a: Azumarill|Toxic||[still]
|-fail|p1a: Azumarill
|
|-heal|p2a: Urshifu|82/100|[from] item: Leftovers
|-heal|p1a: Azumarill|47/100|[from] item: Leftovers
|upkeep
|turn|13
|
|move|p2a: Urshifu|Bulk Up|p2a: Urshifu
|-boost|p2a: Urshifu|atk|1
|-boost|p2a: Urshifu|def|1
|move|p1a: Azumarill|Whirlpool|p2a: Urshifu
|-activate|p2a: Urshifu|move: Substitute|[damage]
|
|-heal|p2a: Urshifu|88/100|[from] item: Leftovers
|-heal|p1a: Azumarill|53/100|[from] item: Leftovers
|upkeep
|turn|14
|
|move|p2a: Urshifu|Bulk Up|p2a: Urshifu
|-boost|p2a: Urshifu|atk|1
|-boost|p2a: Urshifu|def|1
|move|p1a: Azumarill|Whirlpool|p2a: Urshifu
|-end|p2a: Urshifu|Substitute
|
|-heal|p2a: Urshifu|94/100|[from] item: Leftovers
|-heal|p1a: Azumarill|59/100|[from] item: Leftovers
|upkeep
|turn|15
|
|move|p2a: Urshifu|Substitute|p2a: Urshifu
|-start|p2a: Urshifu|Substitute
|-damage|p2a: Urshifu|69/100
|move|p1a: Azumarill|Perish Song|p1a: Azumarill
|-start|p1a: Azumarill|perish3|[silent]
|-start|p2a: Urshifu|perish3|[silent]
|-fieldactivate|move: Perish Song
|
|-heal|p2a: Urshifu|75/100|[from] item: Leftovers
|-heal|p1a: Azumarill|66/100|[from] item: Leftovers
|-start|p2a: Urshifu|perish3
|-start|p1a: Azumarill|perish3
|upkeep
|turn|16
|
|move|p1a: Azumarill|Protect|p1a: Azumarill
|-singleturn|p1a: Azumarill|Protect
|move|p2a: Urshifu|Wicked Blow|p1a: Azumarill
|-resisted|p1a: Azumarill
|-crit|p1a: Azumarill
|-damage|p1a: Azumarill|0 fnt
|faint|p1a: Azumarill
|
|-heal|p2a: Urshifu|81/100|[from] item: Leftovers
|-start|p2a: Urshifu|perish2
|upkeep
|
|switch|p1a: Barraskewda|Barraskewda, F|100/100
|turn|17
|
|move|p1a: Barraskewda|Flip Turn|p2a: Urshifu
|-activate|p2a: Urshifu|move: Substitute|[damage]
|
|switch|p1a: Ferrothorn|Ferrothorn, M|100/100|[from]move: Flip Turn
|move|p2a: Urshifu|Wicked Blow|p1a: Ferrothorn
|-crit|p1a: Ferrothorn
|-damage|p1a: Ferrothorn|16/100
|-damage|p2a: Urshifu|69/100|[from] ability: Iron Barbs|[of] p1a: Ferrothorn
|
|-heal|p2a: Urshifu|75/100|[from] item: Leftovers
|-heal|p1a: Ferrothorn|22/100|[from] item: Leftovers
|-start|p2a: Urshifu|perish1
|upkeep
|turn|18
|
|switch|p2a: déception|Togekiss, M|82/100 tox
|move|p1a: Ferrothorn|Stealth Rock|p2a: déception
|-sidestart|p2: willcoxw|move: Stealth Rock
|
|-heal|p1a: Ferrothorn|28/100|[from] item: Leftovers
|-damage|p2a: déception|76/100 tox|[from] psn
|upkeep
|turn|19
|
|move|p1a: Ferrothorn|Protect|p1a: Ferrothorn
|-singleturn|p1a: Ferrothorn|Protect
|move|p2a: déception|Air Slash|p1a: Ferrothorn
|-activate|p1a: Ferrothorn|move: Protect
|
|-heal|p1a: Ferrothorn|35/100|[from] item: Leftovers
|-damage|p2a: déception|64/100 tox|[from] psn
|upkeep
|turn|20
|j| kanonga g
|
|move|p2a: déception|Air Slash|p1a: Ferrothorn
|-damage|p1a: Ferrothorn|9/100
|cant|p1a: Ferrothorn|flinch
|
|-heal|p1a: Ferrothorn|15/100|[from] item: Leftovers
|-damage|p2a: déception|46/100 tox|[from] psn
|upkeep
|turn|21
|l| kanonga g
|j| kanonga g
|
|switch|p2a: Urshifu|Urshifu, M|75/100
|-damage|p2a: Urshifu|69/100|[from] Stealth Rock
|move|p1a: Ferrothorn|Protect||[still]
|-fail|p1a: Ferrothorn
|
|-heal|p2a: Urshifu|75/100|[from] item: Leftovers
|-heal|p1a: Ferrothorn|21/100|[from] item: Leftovers
|upkeep
|turn|22
|l| kanonga g
|
|switch|p1a: Urshifu|Urshifu-Rapid-Strike, F|100/100
|move|p2a: Urshifu|Substitute|p2a: Urshifu
|-start|p2a: Urshifu|Substitute
|-damage|p2a: Urshifu|50/100
|
|-heal|p2a: Urshifu|57/100|[from] item: Leftovers
|upkeep
|turn|23
|
|move|p2a: Urshifu|Close Combat|p1a: Urshifu
|-damage|p1a: Urshifu|41/100
|-unboost|p2a: Urshifu|def|1
|-unboost|p2a: Urshifu|spd|1
|move|p1a: Urshifu|Surging Strikes|p2a: Urshifu
|-crit|p2a: Urshifu
|-end|p2a: Urshifu|Substitute
|-crit|p2a: Urshifu
|-damage|p2a: Urshifu|12/100
|-crit|p2a: Urshifu
|-damage|p2a: Urshifu|0 fnt
|-hitcount|p2a: Urshifu|3
|faint|p2a: Urshifu
|
|upkeep
|
|switch|p2a: déception|Togekiss, M|46/100 tox
|-damage|p2a: déception|21/100 tox|[from] Stealth Rock
|turn|24
|
|switch|p1a: Ferrothorn|Ferrothorn, M|21/100
|move|p2a: déception|Air Slash|p1a: Ferrothorn
|-damage|p1a: Ferrothorn|0 fnt
|faint|p1a: Ferrothorn
|
|-damage|p2a: déception|15/100 tox|[from] psn
|upkeep
|
|switch|p1a: Urshifu|Urshifu-Rapid-Strike, F|41/100
|turn|25
|
|move|p1a: Urshifu|Aqua Jet|p2a: déception
|-damage|p2a: déception|0 fnt
|faint|p2a: déception
|
|upkeep
|
|switch|p2a: OH non VOLCA|Volcarona, M|100/100
|turn|26
|
|move|p1a: Urshifu|Aqua Jet|p2a: OH non VOLCA
|-supereffective|p2a: OH non VOLCA
|-damage|p2a: OH non VOLCA|4/100
|-status|p1a: Urshifu|brn|[from] ability: Flame Body|[of] p2a: OH non VOLCA
|move|p2a: OH non VOLCA|Psychic|p1a: Urshifu
|-supereffective|p1a: Urshifu
|-damage|p1a: Urshifu|0 fnt
|faint|p1a: Urshifu
|
|upkeep
|
|switch|p1a: Barraskewda|Barraskewda, F|100/100
|turn|27
|-message|willcoxw forfeited.
|
|win|ilovekillhunter
|l|☆willcoxw
|l| Pineco is hot
|l|☆ilovekillhunter
|l| Kdkdiekdk
|l| Jey2
|l| MenPhiz'♥
|l| SV Mizo
||Ladder (probably) updated, but score could not be retrieved (Request timeout).
|l| myjava
|l| Aloopuriza
|j| Aloopuriza
