|j|☆lt71lxloic
|j|☆Contorted Lies
|t:|1611008867
|player|p1|lt71lxloic|zinnia|1974
|player|p2|Contorted Lies|170|1949
|teamsize|p1|6
|teamsize|p2|6
|gametype|singles
|gen|8
|tier|[Gen 8] OU
|rated|
|clearpoke
|poke|p1|Urshifu-*, F|
|poke|p1|Garchomp, M|
|poke|p1|Heatran, M|
|poke|p1|Mandibuzz, F|
|poke|p1|Rillaboom, M|
|poke|p1|Nihilego|
|poke|p2|Crawdaunt, M|
|poke|p2|Slowking-Galar, M|
|poke|p2|Tornadus-Therian, M|
|poke|p2|Mandibuzz, F|
|poke|p2|Swampert, F|
|poke|p2|Magearna|
|rule|Sleep Clause Mod: Limit one foe put to sleep
|rule|Species Clause: Limit one of each Pokémon
|rule|OHKO Clause: OHKO moves are banned
|rule|Evasion Moves Clause: Evasion moves are banned
|rule|Endless Battle Clause: Forcing endless battles is banned
|rule|HP Percentage Mod: HP is shown in percentages
|rule|Dynamax Clause: You cannot dynamax
|teampreview
|
|t:|1611008896
|start
|switch|p1a: Rillaboom|Rillaboom, M|100/100
|switch|p2a: Swampert|Swampert, F|100/100
|-fieldstart|move: Grassy Terrain|[from] ability: Grassy Surge|[of] p1a: Rillaboom
|turn|1
|
|t:|1611008902
|switch|p2a: Mandibuzz|Mandibuzz, F|100/100
|move|p1a: Rillaboom|U-turn|p2a: Mandibuzz
|-damage|p2a: Mandibuzz|78/100
|j| Azuma Adams
|
|t:|1611008907
|switch|p1a: Heatran|Heatran, M|100/100|[from]move: U-turn
|
|upkeep
|turn|2
|
|t:|1611008911
|switch|p2a: Swampert|Swampert, F|100/100
|move|p1a: Heatran|Magma Storm|p2a: Swampert
|-resisted|p2a: Swampert
|-crit|p2a: Swampert
|-damage|p2a: Swampert|73/100
|-activate|p2a: Swampert|move: Magma Storm|[of] p1a: Heatran
|
|-heal|p2a: Swampert|79/100|[from] Grassy Terrain
|-heal|p2a: Swampert|85/100|[from] item: Leftovers
|-damage|p2a: Swampert|73/100|[from] move: Magma Storm|[partiallytrapped]
|upkeep
|turn|3
|
|t:|1611008913
|move|p1a: Heatran|Nature Power|p2a: Swampert
|move|p1a: Heatran|Energy Ball|p2a: Swampert|[from]move: Nature Power
|-supereffective|p2a: Swampert
|-damage|p2a: Swampert|0 fnt
|faint|p2a: Swampert
|
|upkeep
|
|t:|1611008921
|switch|p2a: Tornadus|Tornadus-Therian, M|100/100
|turn|4
|
|t:|1611008927
|move|p2a: Tornadus|Nasty Plot|p2a: Tornadus
|-boost|p2a: Tornadus|spa|2
|move|p1a: Heatran|Magma Storm|p2a: Tornadus
|-damage|p2a: Tornadus|30/100
|-activate|p2a: Tornadus|move: Magma Storm|[of] p1a: Heatran
|
|-damage|p2a: Tornadus|18/100|[from] move: Magma Storm|[partiallytrapped]
|upkeep
|turn|5
|
|t:|1611008938
|switch|p1a: Nihilego|Nihilego|100/100
|move|p2a: Tornadus|Focus Blast|p1a: Nihilego
|-damage|p1a: Nihilego|47/100
|
|-heal|p1a: Nihilego|53/100|[from] Grassy Terrain
|-fieldend|move: Grassy Terrain
|-end|p2a: Tornadus|Magma Storm|[partiallytrapped]|[silent]
|upkeep
|turn|6
|
|t:|1611008946
|move|p2a: Tornadus|Focus Blast|p1a: Nihilego|[miss]
|-miss|p2a: Tornadus|p1a: Nihilego
|move|p1a: Nihilego|Knock Off|p2a: Tornadus
|-damage|p2a: Tornadus|1/100
|-enditem|p2a: Tornadus|Heavy-Duty Boots|[from] move: Knock Off|[of] p1a: Nihilego
|
|upkeep
|turn|7
|j| Giga shrimps
|
|t:|1611008953
|move|p2a: Tornadus|Focus Blast|p1a: Nihilego
|-damage|p1a: Nihilego|4/100
|move|p1a: Nihilego|Knock Off|p2a: Tornadus
|-damage|p2a: Tornadus|0 fnt
|faint|p2a: Tornadus
|-ability|p1a: Nihilego|Beast Boost|boost
|-boost|p1a: Nihilego|spa|1
|
|upkeep
|l|☆Contorted Lies
|player|p2|
|j| sword and sht
|inactive|Battle timer is ON: inactive players will automatically lose when time's up. (requested by lt71lxloic)
|inactive|Contorted Lies has 30 seconds to reconnect!
|inactive|Contorted Lies has 20 seconds to reconnect!
|l| Azuma Adams
|inactive|Contorted Lies has 15 seconds to reconnect!
|inactive|Contorted Lies has 10 seconds to reconnect!
|inactive|Contorted Lies has 5 seconds to reconnect!
|-message|Contorted Lies lost due to inactivity.
|
|win|lt71lxloic
|l| sword and sht
|l| Giga shrimps
||Ladder (probably) updated, but score could not be retrieved (Request timeout).
