|j|☆Gotmyvanson
|j|☆jeremiah765
|player|p1|Gotmyvanson|265|1548
|player|p2|jeremiah765|musician|1583
|teamsize|p1|6
|teamsize|p2|6
|gametype|singles
|gen|8
|tier|[Gen 8] OU
|rated|
|clearpoke
|poke|p1|Dragapult, M|
|poke|p1|Clefable, M|
|poke|p1|Mew|
|poke|p1|Kommo-o, M|
|poke|p1|Bisharp, F|
|poke|p1|Cloyster, F|
|poke|p2|Excadrill, M|
|poke|p2|Ditto|
|poke|p2|Kyurem-Black|
|poke|p2|Mew|
|poke|p2|Cloyster, M|
|poke|p2|Gyarados, M|
|rule|Sleep Clause Mod: Limit one foe put to sleep
|rule|Species Clause: Limit one of each Pokémon
|rule|OHKO Clause: OHKO moves are banned
|rule|Evasion Moves Clause: Evasion moves are banned
|rule|Endless Battle Clause: Forcing endless battles is banned
|rule|HP Percentage Mod: HP is shown in percentages
|rule|Dynamax Clause: You cannot dynamax
|teampreview
|
|start
|switch|p1a: Mew|Mew|100/100
|switch|p2a: Cloyster|Cloyster, M, shiny|100/100
|turn|1
|
|move|p1a: Mew|Taunt|p2a: Cloyster
|-start|p2a: Cloyster|move: Taunt
|cant|p2a: Cloyster|move: Taunt|Shell Smash
|
|upkeep
|turn|2
|
|move|p1a: Mew|Stealth Rock|p2a: Cloyster
|-sidestart|p2: jeremiah765|move: Stealth Rock
|move|p2a: Cloyster|Icicle Spear|p1a: Mew
|-damage|p1a: Mew|91/100
|-damage|p1a: Mew|81/100
|-damage|p1a: Mew|71/100
|-damage|p1a: Mew|60/100
|-damage|p1a: Mew|49/100
|-hitcount|p1a: Mew|5
|-enditem|p1a: Mew|Red Card|[of] p2a: Cloyster
|drag|p2a: Excadrill|Excadrill, M|100/100
|-damage|p2a: Excadrill|97/100|[from] Stealth Rock
|-ability|p2a: Excadrill|Mold Breaker
|
|upkeep
|turn|3
|
|move|p1a: Mew|U-turn|p2a: Excadrill
|-resisted|p2a: Excadrill
|-damage|p2a: Excadrill|86/100
|
|switch|p1a: Dragapult|Dragapult, M|100/100|[from]move: U-turn
|move|p2a: Excadrill|Rapid Spin|p1a: Dragapult
|-immune|p1a: Dragapult
|
|upkeep
|turn|4
|
|switch|p2a: Mew|Mew|100/100
|-damage|p2a: Mew|88/100|[from] Stealth Rock
|move|p1a: Dragapult|Fire Blast|p2a: Mew
|-damage|p2a: Mew|52/100
|-damage|p1a: Dragapult|91/100|[from] item: Life Orb
|
|upkeep
|turn|5
|
|move|p1a: Dragapult|Shadow Ball|p2a: Mew
|-supereffective|p2a: Mew
|-damage|p2a: Mew|0 fnt
|-damage|p1a: Dragapult|81/100|[from] item: Life Orb
|faint|p2a: Mew
|
|upkeep
|
|switch|p2a: Ditto|Ditto|100/100
|-damage|p2a: Ditto|88/100|[from] Stealth Rock
|-transform|p2a: Ditto|p1a: Dragapult|[from] ability: Imposter
|turn|6
|
|switch|p1a: Clefable|Clefable, M|100/100
|move|p2a: Ditto|U-turn|p1a: Clefable
|-resisted|p1a: Clefable
|-damage|p1a: Clefable|89/100
|
|switch|p2a: Excadrill|Excadrill, M|86/100|[from]move: U-turn
|-damage|p2a: Excadrill|83/100|[from] Stealth Rock
|-ability|p2a: Excadrill|Mold Breaker
|
|upkeep
|turn|7
|
|move|p2a: Excadrill|Rapid Spin|p1a: Clefable
|-damage|p1a: Clefable|68/100
|-sideend|p2: jeremiah765|Stealth Rock|[from] move: Rapid Spin|[of] p2a: Excadrill
|-boost|p2a: Excadrill|spe|1
|move|p1a: Clefable|Flamethrower|p2a: Excadrill
|-supereffective|p2a: Excadrill
|-damage|p2a: Excadrill|0 fnt
|faint|p2a: Excadrill
|
|upkeep
|
|switch|p2a: Cloyster|Cloyster, M, shiny|100/100
|turn|8
|
|move|p2a: Cloyster|Icicle Spear|p1a: Clefable
|-damage|p1a: Clefable|54/100
|-damage|p1a: Clefable|40/100
|-damage|p1a: Clefable|26/100
|-damage|p1a: Clefable|13/100
|-damage|p1a: Clefable|0 fnt
|-hitcount|p1a: Clefable|5
|faint|p1a: Clefable
|
|upkeep
|
|switch|p1a: Kommo-o|Kommo-o, M|100/100
|turn|9
|
|switch|p2a: Ditto|Ditto|88/100
|-transform|p2a: Ditto|p1a: Kommo-o|[from] ability: Imposter
|move|p1a: Kommo-o|Aura Sphere|p2a: Ditto
|-immune|p2a: Ditto|[from] ability: Bulletproof
|
|upkeep
|turn|10
|
|switch|p1a: Mew|Mew|49/100
|move|p2a: Ditto|Clanging Scales|p1a: Mew
|-damage|p1a: Mew|6/100
|-unboost|p2a: Ditto|def|1
|
|upkeep
|turn|11
|j| Scillix.
|
|move|p2a: Ditto|Clanging Scales|p1a: Mew
|-damage|p1a: Mew|0 fnt
|-unboost|p2a: Ditto|def|1
|faint|p1a: Mew
|
|upkeep
|
|switch|p1a: Bisharp|Bisharp, F|100/100
|turn|12
|
|switch|p2a: Kyurem|Kyurem-Black|100/100
|-ability|p2a: Kyurem|Teravolt
|move|p1a: Bisharp|Swords Dance|p1a: Bisharp
|-boost|p1a: Bisharp|atk|2
|
|upkeep
|turn|13
|
|move|p1a: Bisharp|Sucker Punch|p2a: Kyurem
|-damage|p2a: Kyurem|17/100
|move|p2a: Kyurem|Fusion Bolt|p1a: Bisharp
|-damage|p1a: Bisharp|39/100
|
|upkeep
|turn|14
|
|move|p1a: Bisharp|Sucker Punch|p2a: Kyurem
|-damage|p2a: Kyurem|0 fnt
|faint|p2a: Kyurem
|
|upkeep
|
|switch|p2a: Ditto|Ditto|88/100
|-transform|p2a: Ditto|p1a: Bisharp|[from] ability: Imposter
|turn|15
|
|move|p1a: Bisharp|Sucker Punch|p2a: Ditto
|-resisted|p2a: Ditto
|-damage|p2a: Ditto|39/100
|move|p2a: Ditto|Iron Head|p1a: Bisharp
|-resisted|p1a: Bisharp
|-damage|p1a: Bisharp|0 fnt
|faint|p1a: Bisharp
|
|upkeep
|
|switch|p1a: Dragapult|Dragapult, M|81/100
|turn|16
|
|switch|p2a: Gyarados|Gyarados, M|100/100
|-ability|p2a: Gyarados|Intimidate|boost
|-unboost|p1a: Dragapult|atk|1
|move|p1a: Dragapult|Fire Blast|p2a: Gyarados|[miss]
|-miss|p1a: Dragapult|p2a: Gyarados
|
|upkeep
|turn|17
|
|move|p1a: Dragapult|U-turn|p2a: Gyarados
|-resisted|p2a: Gyarados
|-damage|p2a: Gyarados|90/100
|-damage|p1a: Dragapult|71/100|[from] item: Life Orb
|
|switch|p1a: Kommo-o|Kommo-o, M|100/100|[from]move: U-turn
|move|p2a: Gyarados|Dragon Dance|p2a: Gyarados
|-boost|p2a: Gyarados|atk|1
|-boost|p2a: Gyarados|spe|1
|
|upkeep
|turn|18
|
|move|p2a: Gyarados|Earthquake|p1a: Kommo-o
|-damage|p1a: Kommo-o|50/100
|move|p1a: Kommo-o|Clangorous Soul|p1a: Kommo-o
|-boost|p1a: Kommo-o|atk|1
|-boost|p1a: Kommo-o|def|1
|-boost|p1a: Kommo-o|spa|1
|-boost|p1a: Kommo-o|spd|1
|-boost|p1a: Kommo-o|spe|1
|-damage|p1a: Kommo-o|17/100
|-enditem|p1a: Kommo-o|Throat Spray
|-boost|p1a: Kommo-o|spa|1|[from] item: Throat Spray
|
|upkeep
|turn|19
|
|move|p1a: Kommo-o|Clanging Scales|p2a: Gyarados
|-damage|p2a: Gyarados|0 fnt
|-unboost|p1a: Kommo-o|def|1
|faint|p2a: Gyarados
|
|upkeep
|
|switch|p2a: Ditto|Ditto|39/100
|-transform|p2a: Ditto|p1a: Kommo-o|[from] ability: Imposter
|turn|20
|
|move|p2a: Ditto|Clanging Scales|p1a: Kommo-o
|-supereffective|p1a: Kommo-o
|-damage|p1a: Kommo-o|0 fnt
|-unboost|p2a: Ditto|def|1
|faint|p1a: Kommo-o
|
|upkeep
|
|switch|p1a: Cloyster|Cloyster, F|100/100
|turn|21
|
|switch|p2a: Cloyster|Cloyster, M, shiny|100/100
|move|p1a: Cloyster|Ice Shard|p2a: Cloyster
|-resisted|p2a: Cloyster
|-damage|p2a: Cloyster|97/100
|
|upkeep
|turn|22
|
|move|p1a: Cloyster|Shell Smash|p1a: Cloyster
|-unboost|p1a: Cloyster|def|1
|-unboost|p1a: Cloyster|spd|1
|-boost|p1a: Cloyster|atk|2
|-boost|p1a: Cloyster|spa|2
|-boost|p1a: Cloyster|spe|2
|-enditem|p1a: Cloyster|White Herb
|-clearnegativeboost|p1a: Cloyster|[silent]
|move|p2a: Cloyster|Rock Blast|p1a: Cloyster
|-supereffective|p1a: Cloyster
|-damage|p1a: Cloyster|86/100
|-supereffective|p1a: Cloyster
|-damage|p1a: Cloyster|72/100
|-supereffective|p1a: Cloyster
|-damage|p1a: Cloyster|59/100
|-supereffective|p1a: Cloyster
|-damage|p1a: Cloyster|45/100
|-supereffective|p1a: Cloyster
|-damage|p1a: Cloyster|31/100
|-hitcount|p1a: Cloyster|5
|
|upkeep
|turn|23
|
|move|p1a: Cloyster|Liquidation|p2a: Cloyster
|-resisted|p2a: Cloyster
|-damage|p2a: Cloyster|64/100
|move|p2a: Cloyster|Rock Blast|p1a: Cloyster
|-supereffective|p1a: Cloyster
|-damage|p1a: Cloyster|18/100
|-supereffective|p1a: Cloyster
|-damage|p1a: Cloyster|5/100
|-supereffective|p1a: Cloyster
|-crit|p1a: Cloyster
|-damage|p1a: Cloyster|0 fnt
|-hitcount|p1a: Cloyster|3
|faint|p1a: Cloyster
|
|upkeep
|
|switch|p1a: Dragapult|Dragapult, M|71/100
|turn|24
|j| Revulsion
|
|move|p2a: Cloyster|Ice Shard|p1a: Dragapult
|-supereffective|p1a: Dragapult
|-damage|p1a: Dragapult|12/100
|move|p1a: Dragapult|Shadow Ball|p2a: Cloyster
|-damage|p2a: Cloyster|0 fnt
|-damage|p1a: Dragapult|2/100|[from] item: Life Orb
|faint|p2a: Cloyster
|
|upkeep
|
|switch|p2a: Ditto|Ditto|39/100
|-transform|p2a: Ditto|p1a: Dragapult|[from] ability: Imposter
|turn|25
|
|move|p2a: Ditto|Shadow Ball|p1a: Dragapult
|-supereffective|p1a: Dragapult
|-damage|p1a: Dragapult|0 fnt
|faint|p1a: Dragapult
|
|win|jeremiah765
|l|☆Gotmyvanson
|l| Scillix.
|l|☆jeremiah765
|raw|Gotmyvanson's rating: 1549 &rarr; <strong>1531</strong><br />(-18 for losing)
|raw|jeremiah765's rating: 1583 &rarr; <strong>1601</strong><br />(+18 for winning)
|j|☆jeremiah765
|player|p2|jeremiah765|musician
