|j|☆PedroGrug
|j|☆Iknowup
|t:|1607740190
|player|p1|PedroGrug|lyra|1763
|player|p2|Iknowup|hau|1692
|teamsize|p1|6
|teamsize|p2|6
|gametype|singles
|gen|8
|tier|[Gen 8] OU
|rated|
|clearpoke
|poke|p1|Rillaboom, F|
|poke|p1|Swampert, M|
|poke|p1|Moltres|
|poke|p1|Melmetal|
|poke|p1|Urshifu-*, F|
|poke|p1|Dragapult, M|
|poke|p2|Eiscue, M|
|poke|p2|Landorus-Therian, M|
|poke|p2|Chansey, F|
|poke|p2|Tangrowth, M|
|poke|p2|Stunfisk-Galar, M|
|poke|p2|Slowking-Galar, M|
|rule|Sleep Clause Mod: Limit one foe put to sleep
|rule|Species Clause: Limit one of each Pokémon
|rule|OHKO Clause: OHKO moves are banned
|rule|Evasion Moves Clause: Evasion moves are banned
|rule|Endless Battle Clause: Forcing endless battles is banned
|rule|HP Percentage Mod: HP is shown in percentages
|rule|Dynamax Clause: You cannot dynamax
|teampreview
|
|t:|1607740200
|start
|switch|p1a: Swampert|Swampert, M|100/100
|switch|p2a: Palace Guard|Tangrowth, M, shiny|100/100
|turn|1
|
|t:|1607740205
|move|p2a: Palace Guard|Toxic|p1a: Swampert
|-status|p1a: Swampert|tox
|move|p1a: Swampert|Stealth Rock|p2a: Palace Guard
|-sidestart|p2: Iknowup|move: Stealth Rock
|
|-damage|p1a: Swampert|94/100 tox|[from] psn
|upkeep
|turn|2
|
|t:|1607740211
|switch|p1a: Moltres|Moltres|100/100
|move|p2a: Palace Guard|Giga Drain|p1a: Moltres
|-resisted|p1a: Moltres
|-damage|p1a: Moltres|93/100
|
|upkeep
|turn|3
|
|t:|1607740222
|switch|p2a: Literally has a 👑|Slowking-Galar, M, shiny|100/100
|-damage|p2a: Literally has a 👑|88/100|[from] Stealth Rock
|move|p1a: Moltres|Flamethrower|p2a: Literally has a 👑
|-damage|p2a: Literally has a 👑|74/100
|
|upkeep
|turn|4
|
|t:|1607740227
|move|p1a: Moltres|Scorching Sands|p2a: Literally has a 👑
|-supereffective|p2a: Literally has a 👑
|-damage|p2a: Literally has a 👑|57/100
|move|p2a: Literally has a 👑|Future Sight|p1a: Moltres
|-start|p2a: Literally has a 👑|move: Future Sight
|
|upkeep
|turn|5
|
|t:|1607740238
|move|p1a: Moltres|Scorching Sands|p2a: Literally has a 👑
|-supereffective|p2a: Literally has a 👑
|-damage|p2a: Literally has a 👑|40/100
|move|p2a: Literally has a 👑|Scald|p1a: Moltres
|-supereffective|p1a: Moltres
|-damage|p1a: Moltres|47/100
|
|upkeep
|turn|6
|
|t:|1607740248
|switch|p1a: Melmetal|Melmetal|100/100
|move|p2a: Literally has a 👑|Scald|p1a: Melmetal
|-damage|p1a: Melmetal|83/100
|
|-end|p1a: Melmetal|move: Future Sight
|-resisted|p1a: Melmetal
|-damage|p1a: Melmetal|64/100
|-heal|p1a: Melmetal|70/100|[from] item: Leftovers
|upkeep
|turn|7
|
|t:|1607740263
|switch|p2a: Palace Guard|Tangrowth, M, shiny|100/100
|-damage|p2a: Palace Guard|88/100|[from] Stealth Rock
|move|p1a: Melmetal|Double Iron Bash|p2a: Palace Guard
|-damage|p2a: Palace Guard|67/100
|-damage|p1a: Melmetal|53/100|[from] item: Rocky Helmet|[of] p2a: Palace Guard
|-damage|p2a: Palace Guard|45/100
|-damage|p1a: Melmetal|37/100|[from] item: Rocky Helmet|[of] p2a: Palace Guard
|-hitcount|p2a: Palace Guard|2
|
|-heal|p1a: Melmetal|43/100|[from] item: Leftovers
|upkeep
|turn|8
|
|t:|1607740275
|switch|p2a: The Commonfolk|Stunfisk-Galar, M, shiny|100/100
|-damage|p2a: The Commonfolk|97/100|[from] Stealth Rock
|move|p1a: Melmetal|Double Iron Bash|p2a: The Commonfolk
|-resisted|p2a: The Commonfolk
|-damage|p2a: The Commonfolk|84/100
|-resisted|p2a: The Commonfolk
|-damage|p2a: The Commonfolk|72/100
|-hitcount|p2a: The Commonfolk|2
|
|-heal|p1a: Melmetal|49/100|[from] item: Leftovers
|-heal|p2a: The Commonfolk|78/100|[from] item: Leftovers
|upkeep
|turn|9
|
|t:|1607740279
|move|p1a: Melmetal|High Horsepower|p2a: The Commonfolk
|-supereffective|p2a: The Commonfolk
|-damage|p2a: The Commonfolk|35/100
|move|p2a: The Commonfolk|Yawn|p1a: Melmetal
|-start|p1a: Melmetal|move: Yawn|[of] p2a: The Commonfolk
|
|-heal|p1a: Melmetal|55/100|[from] item: Leftovers
|-heal|p2a: The Commonfolk|41/100|[from] item: Leftovers
|upkeep
|turn|10
|
|t:|1607740284
|switch|p1a: Urshifu|Urshifu, F|100/100
|move|p2a: The Commonfolk|Yawn|p1a: Urshifu
|-start|p1a: Urshifu|move: Yawn|[of] p2a: The Commonfolk
|
|-heal|p2a: The Commonfolk|47/100|[from] item: Leftovers
|upkeep
|turn|11
|
|t:|1607740295
|switch|p1a: Swampert|Swampert, M|94/100 tox
|switch|p2a: King of Gen7 OU|Landorus-Therian, M|100/100
|-damage|p2a: King of Gen7 OU|88/100|[from] Stealth Rock
|-ability|p2a: King of Gen7 OU|Intimidate|boost
|-unboost|p1a: Swampert|atk|1
|
|-heal|p1a: Swampert|100/100 tox|[from] item: Leftovers
|-damage|p1a: Swampert|94/100 tox|[from] psn
|upkeep
|turn|12
|
|t:|1607740300
|move|p2a: King of Gen7 OU|Defog|p1a: Swampert
|-unboost|p1a: Swampert|evasion|1
|-sideend|p2: Iknowup|Stealth Rock|[from] move: Defog|[of] p2a: King of Gen7 OU
|move|p1a: Swampert|Ice Beam|p2a: King of Gen7 OU
|-supereffective|p2a: King of Gen7 OU
|-damage|p2a: King of Gen7 OU|3/100
|
|-heal|p1a: Swampert|100/100 tox|[from] item: Leftovers
|-damage|p1a: Swampert|88/100 tox|[from] psn
|upkeep
|turn|13
|
|t:|1607740306
|move|p2a: King of Gen7 OU|Defog|p1a: Swampert
|-unboost|p1a: Swampert|evasion|1
|move|p1a: Swampert|Stealth Rock|p2a: King of Gen7 OU
|-sidestart|p2: Iknowup|move: Stealth Rock
|
|-heal|p1a: Swampert|94/100 tox|[from] item: Leftovers
|-damage|p1a: Swampert|76/100 tox|[from] psn
|upkeep
|turn|14
|
|t:|1607740310
|move|p2a: King of Gen7 OU|Defog|p1a: Swampert
|-unboost|p1a: Swampert|evasion|1
|-sideend|p2: Iknowup|Stealth Rock|[from] move: Defog|[of] p2a: King of Gen7 OU
|move|p1a: Swampert|Flip Turn|p2a: King of Gen7 OU
|-supereffective|p2a: King of Gen7 OU
|-damage|p2a: King of Gen7 OU|0 fnt
|faint|p2a: King of Gen7 OU
|
|t:|1607740314
|switch|p1a: Dragapult|Dragapult, M|100/100|[from]move: Flip Turn
|
|upkeep
|
|t:|1607740327
|switch|p2a: Lady in Waiting|Chansey, F, shiny|100/100
|turn|15
|
|t:|1607740331
|move|p1a: Dragapult|U-turn|p2a: Lady in Waiting
|-damage|p2a: Lady in Waiting|90/100
|
|t:|1607740333
|switch|p1a: Swampert|Swampert, M|76/100 tox|[from]move: U-turn
|move|p2a: Lady in Waiting|Teleport|p2a: Lady in Waiting
|
|t:|1607740336
|switch|p2a: Palace Guard|Tangrowth, M, shiny|78/100|[from]move: Teleport
|
|-heal|p1a: Swampert|82/100 tox|[from] item: Leftovers
|-damage|p1a: Swampert|76/100 tox|[from] psn
|upkeep
|turn|16
|
|t:|1607740341
|switch|p1a: Moltres|Moltres|47/100
|move|p2a: Palace Guard|Giga Drain|p1a: Moltres
|-resisted|p1a: Moltres
|-damage|p1a: Moltres|39/100
|-heal|p2a: Palace Guard|82/100|[from] drain|[of] p1a: Moltres
|
|upkeep
|turn|17
|
|t:|1607740345
|move|p1a: Moltres|Roost|p1a: Moltres
|-heal|p1a: Moltres|90/100
|-singleturn|p1a: Moltres|move: Roost
|move|p2a: Palace Guard|Toxic|p1a: Moltres
|-status|p1a: Moltres|tox
|
|-damage|p1a: Moltres|84/100 tox|[from] psn
|upkeep
|turn|18
|j| Whammy696969
|
|t:|1607740362
|switch|p1a: Dragapult|Dragapult, M|100/100
|switch|p2a: Literally has a 👑|Slowking-Galar, M, shiny|73/100
|
|upkeep
|turn|19
|
|t:|1607740368
|switch|p2a: Emperor PengWIN|Eiscue, M, shiny|100/100
|move|p1a: Dragapult|U-turn|p2a: Emperor PengWIN
|-activate|p2a: Emperor PengWIN|ability: Ice Face
|-damage|p2a: Emperor PengWIN|100/100
|-damage|p1a: Dragapult|84/100|[from] item: Rocky Helmet|[of] p2a: Emperor PengWIN
|detailschange|p2a: Emperor PengWIN|Eiscue-Noice, M, shiny
|
|t:|1607740404
|switch|p1a: Melmetal|Melmetal|55/100|[from]move: U-turn
|
|-heal|p1a: Melmetal|61/100|[from] item: Leftovers
|upkeep
|turn|20
|
|t:|1607740411
|switch|p2a: Palace Guard|Tangrowth, M, shiny|100/100
|move|p1a: Melmetal|Double Iron Bash|p2a: Palace Guard
|-damage|p2a: Palace Guard|76/100
|-damage|p1a: Melmetal|44/100|[from] item: Rocky Helmet|[of] p2a: Palace Guard
|-damage|p2a: Palace Guard|54/100
|-damage|p1a: Melmetal|28/100|[from] item: Rocky Helmet|[of] p2a: Palace Guard
|-hitcount|p2a: Palace Guard|2
|
|-heal|p1a: Melmetal|34/100|[from] item: Leftovers
|upkeep
|turn|21
|
|t:|1607740420
|move|p2a: Palace Guard|Knock Off|p1a: Melmetal
|-damage|p1a: Melmetal|20/100
|-enditem|p1a: Melmetal|Leftovers|[from] move: Knock Off|[of] p2a: Palace Guard
|move|p1a: Melmetal|Toxic|p2a: Palace Guard
|-status|p2a: Palace Guard|tox
|
|-damage|p2a: Palace Guard|48/100 tox|[from] psn
|upkeep
|turn|22
|
|t:|1607740430
|move|p2a: Palace Guard|Earthquake|p1a: Melmetal
|-supereffective|p1a: Melmetal
|-damage|p1a: Melmetal|0 fnt
|faint|p1a: Melmetal
|
|-damage|p2a: Palace Guard|35/100 tox|[from] psn
|upkeep
|
|t:|1607740443
|switch|p1a: Dragapult|Dragapult, M|84/100
|turn|23
|l| Whammy696969
|
|t:|1607740458
|switch|p2a: Emperor PengWIN|Eiscue-Noice, M, shiny|100/100
|move|p1a: Dragapult|U-turn|p2a: Emperor PengWIN
|-damage|p2a: Emperor PengWIN|80/100
|-damage|p1a: Dragapult|68/100|[from] item: Rocky Helmet|[of] p2a: Emperor PengWIN
|
|t:|1607740477
|switch|p1a: Urshifu|Urshifu, F|100/100|[from]move: U-turn
|
|upkeep
|turn|24
|
|t:|1607740484
|move|p2a: Emperor PengWIN|Hail|p2a: Emperor PengWIN
|-weather|Hail
|-activate|p2a: Emperor PengWIN|ability: Ice Face
|detailschange|p2a: Emperor PengWIN|Eiscue, M, shiny
|move|p1a: Urshifu|Bulk Up|p1a: Urshifu
|-boost|p1a: Urshifu|atk|1
|-boost|p1a: Urshifu|def|1
|
|-weather|Hail|[upkeep]
|-damage|p1a: Urshifu|94/100|[from] Hail
|upkeep
|turn|25
|
|t:|1607740492
|move|p1a: Urshifu|Wicked Blow|p2a: Emperor PengWIN
|-activate|p2a: Emperor PengWIN|ability: Ice Face
|-damage|p2a: Emperor PengWIN|80/100
|-damage|p1a: Urshifu|78/100|[from] item: Rocky Helmet|[of] p2a: Emperor PengWIN
|detailschange|p2a: Emperor PengWIN|Eiscue-Noice, M, shiny
|move|p2a: Emperor PengWIN|Whirlpool|p1a: Urshifu
|-damage|p1a: Urshifu|67/100
|-activate|p1a: Urshifu|move: Whirlpool|[of] p2a: Emperor PengWIN
|
|-weather|Hail|[upkeep]
|-damage|p1a: Urshifu|61/100|[from] Hail
|-damage|p1a: Urshifu|48/100|[from] move: Whirlpool|[partiallytrapped]
|upkeep
|turn|26
|
|t:|1607740501
|switch|p2a: Palace Guard|Tangrowth, M, shiny|69/100 tox
|move|p1a: Urshifu|Close Combat|p2a: Palace Guard
|-damage|p2a: Palace Guard|23/100 tox
|-unboost|p1a: Urshifu|def|1
|-unboost|p1a: Urshifu|spd|1
|-damage|p1a: Urshifu|32/100|[from] item: Rocky Helmet|[of] p2a: Palace Guard
|
|-weather|Hail|[upkeep]
|-damage|p1a: Urshifu|26/100|[from] Hail
|-damage|p2a: Palace Guard|16/100 tox|[from] Hail
|-damage|p2a: Palace Guard|10/100 tox|[from] psn
|-end|p1a: Urshifu|Whirlpool|[partiallytrapped]|[silent]
|upkeep
|turn|27
|
|t:|1607740510
|switch|p2a: Emperor PengWIN|Eiscue-Noice, M, shiny|80/100
|-activate|p2a: Emperor PengWIN|ability: Ice Face
|detailschange|p2a: Emperor PengWIN|Eiscue, M, shiny
|move|p1a: Urshifu|Wicked Blow|p2a: Emperor PengWIN
|-activate|p2a: Emperor PengWIN|ability: Ice Face
|-damage|p2a: Emperor PengWIN|80/100
|-damage|p1a: Urshifu|9/100|[from] item: Rocky Helmet|[of] p2a: Emperor PengWIN
|detailschange|p2a: Emperor PengWIN|Eiscue-Noice, M, shiny
|
|-weather|Hail|[upkeep]
|-damage|p1a: Urshifu|3/100|[from] Hail
|upkeep
|turn|28
|
|t:|1607740523
|switch|p2a: The Commonfolk|Stunfisk-Galar, M, shiny|47/100
|move|p1a: Urshifu|Wicked Blow|p2a: The Commonfolk
|-crit|p2a: The Commonfolk
|-damage|p2a: The Commonfolk|0 fnt
|faint|p2a: The Commonfolk
|
|-weather|none
|upkeep
|
|t:|1607740529
|switch|p2a: Emperor PengWIN|Eiscue-Noice, M, shiny|80/100
|turn|29
|
|t:|1607740534
|move|p2a: Emperor PengWIN|Hail|p2a: Emperor PengWIN
|-weather|Hail
|-activate|p2a: Emperor PengWIN|ability: Ice Face
|detailschange|p2a: Emperor PengWIN|Eiscue, M, shiny
|move|p1a: Urshifu|Wicked Blow|p2a: Emperor PengWIN
|-activate|p2a: Emperor PengWIN|ability: Ice Face
|-damage|p2a: Emperor PengWIN|80/100
|-damage|p1a: Urshifu|0 fnt|[from] item: Rocky Helmet|[of] p2a: Emperor PengWIN
|detailschange|p2a: Emperor PengWIN|Eiscue-Noice, M, shiny
|faint|p1a: Urshifu
|
|-weather|Hail|[upkeep]
|upkeep
|
|t:|1607740554
|switch|p1a: Rillaboom|Rillaboom, F|100/100
|-fieldstart|move: Grassy Terrain|[from] ability: Grassy Surge|[of] p1a: Rillaboom
|turn|30
|
|t:|1607740573
|switch|p2a: Lady in Waiting|Chansey, F, shiny|90/100
|move|p1a: Rillaboom|Wood Hammer|p2a: Lady in Waiting
|-damage|p2a: Lady in Waiting|13/100
|-damage|p1a: Rillaboom|48/100|[from] Recoil
|
|-weather|Hail|[upkeep]
|-damage|p1a: Rillaboom|42/100|[from] Hail
|-damage|p2a: Lady in Waiting|7/100|[from] Hail
|-heal|p1a: Rillaboom|48/100|[from] Grassy Terrain
|-heal|p2a: Lady in Waiting|13/100|[from] Grassy Terrain
|upkeep
|turn|31
|c|☆Iknowup|MISCLICK
|
|t:|1607740589
|switch|p2a: Palace Guard|Tangrowth, M, shiny|43/100 tox
|move|p1a: Rillaboom|Wood Hammer|p2a: Palace Guard
|-resisted|p2a: Palace Guard
|-damage|p2a: Palace Guard|10/100 tox
|-damage|p1a: Rillaboom|32/100|[from] item: Rocky Helmet|[of] p2a: Palace Guard
|-damage|p1a: Rillaboom|19/100|[from] Recoil
|
|-weather|Hail|[upkeep]
|-damage|p1a: Rillaboom|13/100|[from] Hail
|-damage|p2a: Palace Guard|4/100 tox|[from] Hail
|-heal|p1a: Rillaboom|19/100|[from] Grassy Terrain
|-heal|p2a: Palace Guard|10/100 tox|[from] Grassy Terrain
|-damage|p2a: Palace Guard|4/100 tox|[from] psn
|upkeep
|turn|32
|
|t:|1607740597
|switch|p2a: Emperor PengWIN|Eiscue-Noice, M, shiny|80/100
|-activate|p2a: Emperor PengWIN|ability: Ice Face
|detailschange|p2a: Emperor PengWIN|Eiscue, M, shiny
|move|p1a: Rillaboom|Wood Hammer|p2a: Emperor PengWIN
|-activate|p2a: Emperor PengWIN|ability: Ice Face
|-damage|p2a: Emperor PengWIN|80/100
|-damage|p1a: Rillaboom|3/100|[from] item: Rocky Helmet|[of] p2a: Emperor PengWIN
|detailschange|p2a: Emperor PengWIN|Eiscue-Noice, M, shiny
|
|-weather|Hail|[upkeep]
|-damage|p1a: Rillaboom|0 fnt|[from] Hail
|faint|p1a: Rillaboom
|-heal|p2a: Emperor PengWIN|86/100|[from] Grassy Terrain
|upkeep
|
|t:|1607740621
|switch|p1a: Dragapult|Dragapult, M|68/100
|turn|33
|
|t:|1607740633
|move|p2a: Emperor PengWIN|Protect|p2a: Emperor PengWIN
|-singleturn|p2a: Emperor PengWIN|Protect
|move|p1a: Dragapult|Flamethrower|p2a: Emperor PengWIN
|-activate|p2a: Emperor PengWIN|move: Protect
|
|-weather|none
|-heal|p1a: Dragapult|74/100|[from] Grassy Terrain
|-heal|p2a: Emperor PengWIN|92/100|[from] Grassy Terrain
|upkeep
|turn|34
|
|t:|1607740639
|switch|p2a: Literally has a 👑|Slowking-Galar, M, shiny|100/100
|move|p1a: Dragapult|Flamethrower|p2a: Literally has a 👑
|-damage|p2a: Literally has a 👑|84/100
|
|-heal|p1a: Dragapult|80/100|[from] Grassy Terrain
|-heal|p2a: Literally has a 👑|90/100|[from] Grassy Terrain
|-fieldend|move: Grassy Terrain
|upkeep
|turn|35
|
|t:|1607740650
|switch|p1a: Swampert|Swampert, M|76/100 tox
|move|p2a: Literally has a 👑|Future Sight|p1a: Swampert
|-start|p2a: Literally has a 👑|move: Future Sight
|
|-heal|p1a: Swampert|82/100 tox|[from] item: Leftovers
|-damage|p1a: Swampert|76/100 tox|[from] psn
|upkeep
|turn|36
|
|t:|1607740655
|switch|p2a: Palace Guard|Tangrowth, M, shiny|37/100 tox
|move|p1a: Swampert|Stealth Rock|p2a: Palace Guard
|-sidestart|p2: Iknowup|move: Stealth Rock
|
|-heal|p1a: Swampert|82/100 tox|[from] item: Leftovers
|-damage|p2a: Palace Guard|31/100 tox|[from] psn
|-damage|p1a: Swampert|70/100 tox|[from] psn
|upkeep
|turn|37
|
|t:|1607740660
|move|p2a: Palace Guard|Giga Drain|p1a: Swampert
|-supereffective|p1a: Swampert
|-damage|p1a: Swampert|0 fnt
|-heal|p2a: Palace Guard|66/100 tox|[from] drain|[of] p1a: Swampert
|faint|p1a: Swampert
|
|-hint|Future Sight did not hit because the target is the user.
|-damage|p2a: Palace Guard|53/100 tox|[from] psn
|upkeep
|
|t:|1607740667
|switch|p1a: Dragapult|Dragapult, M|80/100
|turn|38
|
|t:|1607740674
|move|p1a: Dragapult|Shadow Ball|p2a: Palace Guard
|-damage|p2a: Palace Guard|0 fnt
|faint|p2a: Palace Guard
|
|upkeep
|
|t:|1607740679
|switch|p2a: Lady in Waiting|Chansey, F, shiny|13/100
|-damage|p2a: Lady in Waiting|1/100|[from] Stealth Rock
|turn|39
|
|t:|1607740683
|switch|p1a: Moltres|Moltres|84/100 tox
|move|p2a: Lady in Waiting|Soft-Boiled|p2a: Lady in Waiting
|-heal|p2a: Lady in Waiting|51/100
|
|-damage|p1a: Moltres|78/100 tox|[from] psn
|upkeep
|turn|40
|
|t:|1607740686
|move|p1a: Moltres|Scorching Sands|p2a: Lady in Waiting
|-damage|p2a: Lady in Waiting|45/100
|-status|p2a: Lady in Waiting|brn
|move|p2a: Lady in Waiting|Soft-Boiled|p2a: Lady in Waiting
|-heal|p2a: Lady in Waiting|95/100 brn
|
|-damage|p1a: Moltres|66/100 tox|[from] psn
|-damage|p2a: Lady in Waiting|89/100 brn|[from] brn
|upkeep
|turn|41
|
|t:|1607740694
|move|p1a: Moltres|Flamethrower|p2a: Lady in Waiting
|-damage|p2a: Lady in Waiting|78/100 brn
|move|p2a: Lady in Waiting|Toxic|p1a: Moltres
|-fail|p1a: Moltres|tox
|
|-damage|p1a: Moltres|47/100 tox|[from] psn
|-damage|p2a: Lady in Waiting|72/100 brn|[from] brn
|upkeep
|turn|42
|-message|PedroGrug forfeited.
|
|win|Iknowup
|l|☆PedroGrug
|raw|PedroGrug's rating: 1763 &rarr; <strong>1739</strong><br />(-24 for losing)
|raw|Iknowup's rating: 1692 &rarr; <strong>1716</strong><br />(+24 for winning)
