|j|☆Oryen
|j|☆Link Awakens
|inactive|Battle timer is ON: inactive players will automatically lose when time's up.
|t:|1659113692
|gametype|singles
|player|p1|Oryen|266|
|player|p2|Link Awakens|cynthia-gen4|
|teamsize|p1|6
|teamsize|p2|6
|gen|8
|tier|[Gen 8] OU
|rated|Tournament battle
|rule|Sleep Clause Mod: Limit one foe put to sleep
|rule|Species Clause: Limit one of each Pokémon
|rule|OHKO Clause: OHKO moves are banned
|rule|Evasion Moves Clause: Evasion moves are banned
|rule|Endless Battle Clause: Forcing endless battles is banned
|rule|HP Percentage Mod: HP is shown in percentages
|rule|Dynamax Clause: You cannot dynamax
|clearpoke
|poke|p1|Volcanion|
|poke|p1|Ninetales-Alola, M|
|poke|p1|Corviknight, F|
|poke|p1|Arctozolt|
|poke|p1|Landorus-Therian, M|
|poke|p1|Tornadus-Therian, M|
|poke|p2|Dragapult, M|
|poke|p2|Heatran, F|
|poke|p2|Ferrothorn, F|
|poke|p2|Scizor, F|
|poke|p2|Landorus-Therian, M|
|poke|p2|Weavile, M|
|teampreview
|j|*Lady Monita ☀
|inactive|Link Awakens has 120 seconds left.
|
|t:|1659113733
|start
|switch|p1a: Tornadus|Tornadus-Therian, M|100/100
|switch|p2a: Scizor|Scizor, F|100/100
|turn|1
|
|t:|1659113741
|switch|p2a: Landorus|Landorus-Therian, M|100/100
|-ability|p2a: Landorus|Intimidate|boost
|-unboost|p1a: Tornadus|atk|1
|move|p1a: Tornadus|Heat Wave|p2a: Landorus
|-crit|p2a: Landorus
|-damage|p2a: Landorus|75/100
|-status|p2a: Landorus|brn
|
|-heal|p2a: Landorus|81/100 brn|[from] item: Leftovers
|-damage|p2a: Landorus|75/100 brn|[from] brn
|upkeep
|turn|2
|
|t:|1659113749
|move|p1a: Tornadus|Knock Off|p2a: Landorus
|-damage|p2a: Landorus|61/100 brn
|-enditem|p2a: Landorus|Leftovers|[from] move: Knock Off|[of] p1a: Tornadus
|move|p2a: Landorus|Stealth Rock|p1a: Tornadus
|-sidestart|p1: Oryen|move: Stealth Rock
|
|-damage|p2a: Landorus|55/100 brn|[from] brn
|upkeep
|turn|3
|
|t:|1659113760
|move|p1a: Tornadus|U-turn|p2a: Landorus
|-resisted|p2a: Landorus
|-damage|p2a: Landorus|50/100 brn
|
|t:|1659113762
|switch|p1a: Landorus|Landorus-Therian, M|100/100|[from]move: U-turn
|-damage|p1a: Landorus|88/100|[from] Stealth Rock
|-ability|p1a: Landorus|Intimidate|boost
|-unboost|p2a: Landorus|atk|1
|move|p2a: Landorus|Toxic|p1a: Landorus
|-status|p1a: Landorus|tox
|
|-heal|p1a: Landorus|94/100 tox|[from] item: Leftovers
|-damage|p1a: Landorus|88/100 tox|[from] psn
|-damage|p2a: Landorus|44/100 brn|[from] brn
|upkeep
|turn|4
|inactive|Link Awakens has 120 seconds left.
|
|t:|1659113797
|move|p2a: Landorus|U-turn|p1a: Landorus
|-resisted|p1a: Landorus
|-damage|p1a: Landorus|85/100 tox
|inactive|Link Awakens has 120 seconds left.
|
|t:|1659113806
|switch|p2a: Ferrothorn|Ferrothorn, F|100/100|[from]move: U-turn
|move|p1a: Landorus|Defog|p2a: Ferrothorn
|-unboost|p2a: Ferrothorn|evasion|1
|-sideend|p1: Oryen|Stealth Rock|[from] move: Defog|[of] p1a: Landorus
|
|-heal|p1a: Landorus|91/100 tox|[from] item: Leftovers
|-damage|p1a: Landorus|79/100 tox|[from] psn
|upkeep
|turn|5
|
|t:|1659113811
|switch|p1a: Volcanion|Volcanion|100/100
|move|p2a: Ferrothorn|Knock Off|p1a: Volcanion
|-damage|p1a: Volcanion|80/100
|-enditem|p1a: Volcanion|Choice Specs|[from] move: Knock Off|[of] p2a: Ferrothorn
|
|upkeep
|turn|6
|inactive|Link Awakens has 120 seconds left.
|
|t:|1659113848
|switch|p2a: Landorus|Landorus-Therian, M|44/100 brn
|-ability|p2a: Landorus|Intimidate|boost
|-unboost|p1a: Volcanion|atk|1
|move|p1a: Volcanion|Steam Eruption|p2a: Landorus
|-supereffective|p2a: Landorus
|-damage|p2a: Landorus|0 fnt
|faint|p2a: Landorus
|
|upkeep
|
|t:|1659113867
|switch|p2a: Heatran|Heatran, F, shiny|100/100
|turn|7
|
|t:|1659113875
|move|p1a: Volcanion|Earth Power|p2a: Heatran
|-supereffective|p2a: Heatran
|-damage|p2a: Heatran|12/100
|move|p2a: Heatran|Earth Power|p1a: Volcanion
|-supereffective|p1a: Volcanion
|-damage|p1a: Volcanion|17/100
|
|-heal|p2a: Heatran|19/100|[from] item: Leftovers
|upkeep
|turn|8
|
|t:|1659113884
|move|p1a: Volcanion|Steam Eruption|p2a: Heatran
|-supereffective|p2a: Heatran
|-damage|p2a: Heatran|0 fnt
|faint|p2a: Heatran
|
|upkeep
|
|t:|1659113891
|switch|p2a: Dragapult|Dragapult, M|100/100
|turn|9
|
|t:|1659113897
|switch|p1a: Tornadus|Tornadus-Therian, M|100/100
|move|p2a: Dragapult|Shadow Ball|p1a: Tornadus
|-damage|p1a: Tornadus|66/100
|
|upkeep
|turn|10
|inactive|Link Awakens has 120 seconds left.
|
|t:|1659113905
|move|p2a: Dragapult|Shadow Ball|p1a: Tornadus
|-damage|p1a: Tornadus|36/100
|-unboost|p1a: Tornadus|spd|1
|move|p1a: Tornadus|Knock Off|p2a: Dragapult
|-supereffective|p2a: Dragapult
|-damage|p2a: Dragapult|44/100
|-enditem|p2a: Dragapult|Choice Specs|[from] move: Knock Off|[of] p1a: Tornadus
|
|upkeep
|turn|11
|inactive|Link Awakens has 120 seconds left.
|
|t:|1659113919
|switch|p1a: Corviknight|Corviknight, F|100/100
|-ability|p1a: Corviknight|Pressure
|move|p2a: Dragapult|U-turn|p1a: Corviknight
|-resisted|p1a: Corviknight
|-damage|p1a: Corviknight|98/100
|-damage|p2a: Dragapult|28/100|[from] item: Rocky Helmet|[of] p1a: Corviknight
|inactive|Link Awakens has 120 seconds left.
|-message|Link Awakens forfeited.
|
|win|Oryen
|n|☆Oryen|oryen
|n|☆Link Awakens|linkawakens
|n|*Lady Monita ☀|ladymonita
|l|*Lady Monita ☀
|l|☆Link Awakens
|l|☆Oryen
|j|☆Link Awakens
|player|p2|Link Awakens|cynthia-gen4
