|html|<div class="broadcast-blue"><strong>[Gen 8] OU is currently suspecting Melmetal! For information on how to participate check out the <a href="https://www.smogon.com/forums/threads/np-ss-ou-suspect-process-round-12-monster-mash.3709234/">suspect thread</a>.</strong></div>
|j|☆Patrickthechamp311
|j|☆outd blundar
|t:|1666784730
|gametype|singles
|player|p1|Patrickthechamp311|palmer|1369
|player|p2|outd blundar|101|1393
|teamsize|p1|6
|teamsize|p2|6
|gen|8
|tier|[Gen 8] OU
|rated|
|rule|Sleep Clause Mod: Limit one foe put to sleep
|rule|Species Clause: Limit one of each Pokémon
|rule|OHKO Clause: OHKO moves are banned
|rule|Evasion Items Clause: Evasion items are banned
|rule|Evasion Moves Clause: Evasion moves are banned
|rule|Endless Battle Clause: Forcing endless battles is banned
|rule|HP Percentage Mod: HP is shown in percentages
|rule|Dynamax Clause: You cannot dynamax
|clearpoke
|poke|p1|Dragapult, M|
|poke|p1|Urshifu-*, F|
|poke|p1|Tapu Lele|
|poke|p1|Landorus-Therian, M|
|poke|p1|Zapdos|
|poke|p1|Melmetal|
|poke|p2|Victini|
|poke|p2|Drapion, M|
|poke|p2|Entei|
|poke|p2|Rillaboom, F|
|poke|p2|Regieleki|
|poke|p2|Heliolisk, M|
|teampreview
|
|t:|1666784744
|start
|switch|p1a: Landorus|Landorus-Therian, M|100/100
|switch|p2a: Victini|Victini|100/100
|-ability|p1a: Landorus|Intimidate|boost
|-unboost|p2a: Victini|atk|1
|turn|1
|inactive|Battle timer is ON: inactive players will automatically lose when time's up. (requested by Patrickthechamp311)
|
|t:|1666784773
|move|p2a: Victini|Final Gambit|p1a: Landorus
|-damage|p1a: Landorus|0 fnt
|faint|p2a: Victini
|faint|p1a: Landorus
|
|upkeep
|
|t:|1666784783
|switch|p2a: Regieleki|Regieleki|100/100
|switch|p1a: Melmetal|Melmetal|100/100
|turn|2
|inactive|outd blundar has 120 seconds left.
|inactive|outd blundar has 90 seconds left.
|
|t:|1666784859
|move|p2a: Regieleki|Volt Switch|p1a: Melmetal
|-damage|p1a: Melmetal|65/100
|
|t:|1666784860
|switch|p2a: Entei|Entei|100/100|[from]move: Volt Switch
|move|p1a: Melmetal|Earthquake|p2a: Entei
|-supereffective|p2a: Entei
|-damage|p2a: Entei|47/100
|
|-heal|p1a: Melmetal|71/100|[from] item: Leftovers
|upkeep
|turn|3
|
|t:|1666784870
|switch|p2a: Rillaboom|Rillaboom, F|100/100
|-fieldstart|move: Grassy Terrain|[from] ability: Grassy Surge|[of] p2a: Rillaboom
|move|p1a: Melmetal|Protect||[still]
|-fail|p1a: Melmetal
|
|-heal|p1a: Melmetal|77/100|[from] Grassy Terrain
|-heal|p1a: Melmetal|83/100|[from] item: Leftovers
|upkeep
|turn|4
|inactive|outd blundar has 90 seconds left.
|inactive|outd blundar has 60 seconds left.
|
|t:|1666784928
|move|p2a: Rillaboom|Knock Off|p1a: Melmetal
|-damage|p1a: Melmetal|60/100
|-enditem|p1a: Melmetal|Leftovers|[from] move: Knock Off|[of] p2a: Rillaboom
|move|p1a: Melmetal|Double Iron Bash|p2a: Rillaboom
|-damage|p2a: Rillaboom|54/100
|-damage|p2a: Rillaboom|8/100
|-hitcount|p2a: Rillaboom|2
|
|-heal|p2a: Rillaboom|14/100|[from] Grassy Terrain
|-heal|p1a: Melmetal|66/100|[from] Grassy Terrain
|upkeep
|turn|5
|
|t:|1666784942
|switch|p2a: Entei|Entei|47/100
|move|p1a: Melmetal|Double Iron Bash|p2a: Entei
|-resisted|p2a: Entei
|-damage|p2a: Entei|31/100
|-resisted|p2a: Entei
|-damage|p2a: Entei|15/100
|-hitcount|p2a: Entei|2
|
|-heal|p2a: Entei|22/100|[from] Grassy Terrain
|-heal|p1a: Melmetal|73/100|[from] Grassy Terrain
|upkeep
|turn|6
|
|t:|1666784969
|move|p2a: Entei|Sacred Fire|p1a: Melmetal
|-supereffective|p1a: Melmetal
|-damage|p1a: Melmetal|26/100
|-status|p1a: Melmetal|brn
|move|p1a: Melmetal|Double Iron Bash|p2a: Entei
|-resisted|p2a: Entei
|-damage|p2a: Entei|14/100
|-resisted|p2a: Entei
|-damage|p2a: Entei|6/100
|-hitcount|p2a: Entei|2
|
|-heal|p2a: Entei|12/100|[from] Grassy Terrain
|-heal|p1a: Melmetal|32/100 brn|[from] Grassy Terrain
|-damage|p1a: Melmetal|26/100 brn|[from] brn
|upkeep
|turn|7
|inactive|Patrickthechamp311 has 120 seconds left.
|
|t:|1666784985
|switch|p1a: Zapdos|Zapdos|100/100
|move|p2a: Entei|Rest|p2a: Entei
|-status|p2a: Entei|slp|[from] move: Rest
|-heal|p2a: Entei|100/100 slp|[silent]
|
|-fieldend|move: Grassy Terrain
|upkeep
|turn|8
|inactive|outd blundar has 30 seconds left.
|
|t:|1666785004
|switch|p2a: Regieleki|Regieleki|100/100
|move|p1a: Zapdos|Volt Switch|p2a: Regieleki
|-resisted|p2a: Regieleki
|-damage|p2a: Regieleki|70/100
|inactive|Patrickthechamp311 has 120 seconds left.
|
|t:|1666785014
|switch|p1a: Melmetal|Melmetal|26/100 brn|[from]move: Volt Switch
|
|-damage|p1a: Melmetal|20/100 brn|[from] brn
|upkeep
|turn|9
|inactive|outd blundar has 30 seconds left.
|
|t:|1666785029
|move|p2a: Regieleki|Reflect|p2a: Regieleki
|-sidestart|p2: outd blundar|Reflect
|move|p1a: Melmetal|Earthquake|p2a: Regieleki
|-supereffective|p2a: Regieleki
|-damage|p2a: Regieleki|35/100
|
|-damage|p1a: Melmetal|14/100 brn|[from] brn
|upkeep
|turn|10
|
|t:|1666785040
|move|p2a: Regieleki|Light Screen|p2a: Regieleki
|-sidestart|p2: outd blundar|move: Light Screen
|move|p1a: Melmetal|Double Iron Bash|p2a: Regieleki
|-resisted|p2a: Regieleki
|-damage|p2a: Regieleki|26/100
|-resisted|p2a: Regieleki
|-damage|p2a: Regieleki|18/100
|-hitcount|p2a: Regieleki|2
|
|-damage|p1a: Melmetal|8/100 brn|[from] brn
|upkeep
|turn|11
|
|t:|1666785049
|switch|p2a: Rillaboom|Rillaboom, F|14/100
|-fieldstart|move: Grassy Terrain|[from] ability: Grassy Surge|[of] p2a: Rillaboom
|move|p1a: Melmetal|Double Iron Bash|p2a: Rillaboom
|-damage|p2a: Rillaboom|3/100
|-damage|p2a: Rillaboom|0 fnt
|faint|p2a: Rillaboom
|-hitcount|p2: Rillaboom|2
|
|-heal|p1a: Melmetal|14/100 brn|[from] Grassy Terrain
|-damage|p1a: Melmetal|8/100 brn|[from] brn
|upkeep
|
|t:|1666785050
|switch|p2a: Drapion|Drapion, M|100/100
|turn|12
|
|t:|1666785057
|move|p2a: Drapion|Acupressure|p2a: Drapion
|-boost|p2a: Drapion|atk|2
|move|p1a: Melmetal|Earthquake|p2a: Drapion
|-supereffective|p2a: Drapion
|-damage|p2a: Drapion|92/100
|
|-heal|p2a: Drapion|98/100|[from] Grassy Terrain
|-heal|p2a: Drapion|100/100|[from] item: Black Sludge
|-heal|p1a: Melmetal|14/100 brn|[from] Grassy Terrain
|-damage|p1a: Melmetal|8/100 brn|[from] brn
|upkeep
|turn|13
|
|t:|1666785070
|switch|p1a: Urshifu|Urshifu-Rapid-Strike, F|100/100
|move|p2a: Drapion|Acupressure|p2a: Drapion
|-boost|p2a: Drapion|def|2
|
|upkeep
|turn|14
|
|t:|1666785077
|move|p1a: Urshifu|Surging Strikes|p2a: Drapion
|-damage|p2a: Drapion|96/100
|-damage|p2a: Drapion|91/100
|-damage|p2a: Drapion|86/100
|-hitcount|p2a: Drapion|3
|move|p2a: Drapion|Acupressure|p2a: Drapion
|-boost|p2a: Drapion|spe|2
|
|-heal|p2a: Drapion|92/100|[from] Grassy Terrain
|-heal|p2a: Drapion|98/100|[from] item: Black Sludge
|upkeep
|turn|15
|
|t:|1666785098
|switch|p1a: Zapdos|Zapdos|100/100
|move|p2a: Drapion|Substitute|p2a: Drapion
|-start|p2a: Drapion|Substitute
|-damage|p2a: Drapion|73/100
|
|-heal|p2a: Drapion|80/100|[from] Grassy Terrain
|-heal|p2a: Drapion|86/100|[from] item: Black Sludge
|-fieldend|move: Grassy Terrain
|upkeep
|turn|16
|
|t:|1666785106
|move|p2a: Drapion|Acupressure|p2a: Drapion
|-boost|p2a: Drapion|evasion|2
|move|p1a: Zapdos|Hurricane|p2a: Drapion
|-end|p2a: Drapion|Substitute
|
|-heal|p2a: Drapion|92/100|[from] item: Black Sludge
|-sideend|p2: outd blundar|Reflect
|upkeep
|turn|17
|inactive|outd blundar has 90 seconds left.
|
|t:|1666785118
|switch|p1a: Dragapult|Dragapult, M|100/100
|move|p2a: Drapion|Substitute|p2a: Drapion
|-start|p2a: Drapion|Substitute
|-damage|p2a: Drapion|67/100
|
|-heal|p2a: Drapion|73/100|[from] item: Black Sludge
|-sideend|p2: outd blundar|move: Light Screen
|upkeep
|turn|18
|
|t:|1666785122
|move|p2a: Drapion|Knock Off|p1a: Dragapult
|-supereffective|p1a: Dragapult
|-damage|p1a: Dragapult|0 fnt
|-enditem|p1a: Dragapult|Choice Specs|[from] move: Knock Off|[of] p2a: Drapion
|faint|p1a: Dragapult
|
|-heal|p2a: Drapion|79/100|[from] item: Black Sludge
|upkeep
|
|t:|1666785134
|switch|p1a: Urshifu|Urshifu-Rapid-Strike, F|100/100
|turn|19
|
|t:|1666785138
|move|p2a: Drapion|Acupressure|p2a: Drapion
|-boost|p2a: Drapion|def|2
|move|p1a: Urshifu|Close Combat|p2a: Drapion|[miss]
|-miss|p1a: Urshifu|p2a: Drapion
|
|-heal|p2a: Drapion|85/100|[from] item: Black Sludge
|upkeep
|turn|20
|inactive|outd blundar has 120 seconds left.
|
|t:|1666785143
|move|p2a: Drapion|Acupressure|p2a: Drapion
|-boost|p2a: Drapion|spd|2
|move|p1a: Urshifu|Close Combat|p2a: Drapion|[miss]
|-miss|p1a: Urshifu|p2a: Drapion
|
|-heal|p2a: Drapion|91/100|[from] item: Black Sludge
|upkeep
|turn|21
|
|t:|1666785150
|move|p2a: Drapion|Acupressure|p2a: Drapion
|-boost|p2a: Drapion|spa|2
|move|p1a: Urshifu|Close Combat|p2a: Drapion
|-end|p2a: Drapion|Substitute
|-unboost|p1a: Urshifu|def|1
|-unboost|p1a: Urshifu|spd|1
|
|-heal|p2a: Drapion|97/100|[from] item: Black Sludge
|upkeep
|turn|22
|
|t:|1666785154
|move|p2a: Drapion|Substitute|p2a: Drapion
|-start|p2a: Drapion|Substitute
|-damage|p2a: Drapion|72/100
|move|p1a: Urshifu|Close Combat|p2a: Drapion|[miss]
|-miss|p1a: Urshifu|p2a: Drapion
|
|-heal|p2a: Drapion|78/100|[from] item: Black Sludge
|upkeep
|turn|23
|
|t:|1666785159
|move|p2a: Drapion|Acupressure|p2a: Drapion
|-boost|p2a: Drapion|def|2
|move|p1a: Urshifu|Close Combat|p2a: Drapion
|-activate|p2a: Drapion|move: Substitute|[damage]
|-unboost|p1a: Urshifu|def|1
|-unboost|p1a: Urshifu|spd|1
|
|-heal|p2a: Drapion|85/100|[from] item: Black Sludge
|upkeep
|turn|24
|
|t:|1666785169
|switch|p1a: Zapdos|Zapdos|100/100
|move|p2a: Drapion|Knock Off|p1a: Zapdos
|-damage|p1a: Zapdos|20/100
|-enditem|p1a: Zapdos|Heavy-Duty Boots|[from] move: Knock Off|[of] p2a: Drapion
|
|-heal|p2a: Drapion|91/100|[from] item: Black Sludge
|upkeep
|turn|25
|
|t:|1666785179
|move|p2a: Drapion|Knock Off|p1a: Zapdos
|-damage|p1a: Zapdos|0 fnt
|faint|p1a: Zapdos
|
|-heal|p2a: Drapion|97/100|[from] item: Black Sludge
|upkeep
|-message|Patrickthechamp311 forfeited.
|
|win|outd blundar
|raw|Patrickthechamp311's rating: 1369 &rarr; <strong>1351</strong><br />(-18 for losing)
|raw|outd blundar's rating: 1412 &rarr; <strong>1430</strong><br />(+18 for winning)
|l|☆Patrickthechamp311
||Ladder isn't responding, score probably updated but might not have (Request timeout).
