|raw|<div class="broadcast-blue"><strong>This battle is required to be public due to a player having a name starting with 'lt91bb'.</div>
|j|☆Color my life
|j|☆LT91BB Indulge
|t:|1659399437
|gametype|singles
|player|p1|Color my life|kimonogirl|1793
|player|p2|LT91BB Indulge|pokemonbreederf-gen4|1772
|teamsize|p1|6
|teamsize|p2|6
|gen|8
|tier|[Gen 8] OU
|rated|
|rule|Sleep Clause Mod: Limit one foe put to sleep
|rule|Species Clause: Limit one of each Pokémon
|rule|OHKO Clause: OHKO moves are banned
|rule|Evasion Moves Clause: Evasion moves are banned
|rule|Endless Battle Clause: Forcing endless battles is banned
|rule|HP Percentage Mod: HP is shown in percentages
|rule|Dynamax Clause: You cannot dynamax
|clearpoke
|poke|p1|Magnezone|
|poke|p1|Tyranitar, M|
|poke|p1|Buzzwole|
|poke|p1|Landorus-Therian, M|
|poke|p1|Tapu Lele|
|poke|p1|Toxapex, F|
|poke|p2|Cresselia, F|
|poke|p2|Clefable, M|
|poke|p2|Quagsire, F|
|poke|p2|Skarmory, M|
|poke|p2|Zapdos|
|poke|p2|Toxapex, F|
|teampreview
|inactive|Battle timer is ON: inactive players will automatically lose when time's up. (requested by Color my life)
|
|t:|1659399446
|start
|switch|p1a: Toxapex|Toxapex, F|100/100
|switch|p2a: Toxapex|Toxapex, F|100/100
|turn|1
|
|t:|1659399451
|move|p1a: Toxapex|Knock Off|p2a: Toxapex
|-damage|p2a: Toxapex|88/100
|-enditem|p2a: Toxapex|Shed Shell|[from] move: Knock Off|[of] p1a: Toxapex
|move|p2a: Toxapex|Knock Off|p1a: Toxapex
|-damage|p1a: Toxapex|91/100
|-damage|p2a: Toxapex|71/100|[from] item: Rocky Helmet|[of] p1a: Toxapex
|-enditem|p1a: Toxapex|Rocky Helmet|[from] move: Knock Off|[of] p2a: Toxapex
|
|upkeep
|turn|2
|
|t:|1659399455
|move|p1a: Toxapex|Knock Off|p2a: Toxapex
|-damage|p2a: Toxapex|63/100
|move|p2a: Toxapex|Toxic Spikes|p1a: Toxapex
|-sidestart|p1: Color my life|move: Toxic Spikes
|
|upkeep
|turn|3
|
|t:|1659399457
|switch|p2a: Clefable|Clefable, M|100/100
|move|p1a: Toxapex|Knock Off|p2a: Clefable
|-resisted|p2a: Clefable
|-damage|p2a: Clefable|94/100
|
|-damage|p1a: Toxapex|79/100|[from] item: Sticky Barb
|upkeep
|turn|4
|
|t:|1659399464
|switch|p1a: Landorus|Landorus-Therian, M|100/100
|-ability|p1a: Landorus|Intimidate|boost
|-unboost|p2a: Clefable|atk|1
|move|p2a: Clefable|Stealth Rock|p1a: Landorus
|-sidestart|p1: Color my life|move: Stealth Rock
|
|upkeep
|turn|5
|
|t:|1659399470
|move|p1a: Landorus|Defog|p2a: Clefable
|-unboost|p2a: Clefable|evasion|1
|-sideend|p1: Color my life|Toxic Spikes|[from] move: Defog|[of] p1a: Landorus
|-sideend|p1: Color my life|Stealth Rock|[from] move: Defog|[of] p1a: Landorus
|move|p2a: Clefable|Moonblast|p1a: Landorus
|-damage|p1a: Landorus|78/100
|
|-heal|p1a: Landorus|84/100|[from] item: Leftovers
|upkeep
|turn|6
|
|t:|1659399473
|move|p1a: Landorus|Earthquake|p2a: Clefable
|-crit|p2a: Clefable
|-damage|p2a: Clefable|33/100
|move|p2a: Clefable|Stealth Rock|p1a: Landorus
|-sidestart|p1: Color my life|move: Stealth Rock
|
|-heal|p1a: Landorus|90/100|[from] item: Leftovers
|upkeep
|turn|7
|
|t:|1659399477
|switch|p2a: Skarmory|Skarmory, M|100/100
|move|p1a: Landorus|Earthquake|p2a: Skarmory
|-immune|p2a: Skarmory
|
|-heal|p1a: Landorus|96/100|[from] item: Leftovers
|upkeep
|turn|8
|
|t:|1659399480
|move|p1a: Landorus|Knock Off|p2a: Skarmory
|-damage|p2a: Skarmory|82/100
|-enditem|p2a: Skarmory|Shed Shell|[from] move: Knock Off|[of] p1a: Landorus
|move|p2a: Skarmory|Toxic|p1a: Landorus
|-status|p1a: Landorus|tox
|
|-heal|p1a: Landorus|100/100 tox|[from] item: Leftovers
|-damage|p1a: Landorus|94/100 tox|[from] psn
|upkeep
|turn|9
|
|t:|1659399487
|switch|p2a: Toxapex|Toxapex, F|96/100
|move|p1a: Landorus|Defog|p2a: Toxapex
|-unboost|p2a: Toxapex|evasion|1
|-sideend|p1: Color my life|Stealth Rock|[from] move: Defog|[of] p1a: Landorus
|
|-heal|p1a: Landorus|100/100 tox|[from] item: Leftovers
|-damage|p1a: Landorus|88/100 tox|[from] psn
|upkeep
|turn|10
|
|t:|1659399494
|move|p1a: Landorus|U-turn|p2a: Toxapex
|-resisted|p2a: Toxapex
|-damage|p2a: Toxapex|88/100
|
|t:|1659399499
|switch|p1a: Toxapex|Toxapex, F|100/100|[from]move: U-turn
|move|p2a: Toxapex|Knock Off|p1a: Toxapex
|-damage|p1a: Toxapex|92/100
|
|-damage|p2a: Toxapex|75/100|[from] item: Sticky Barb
|upkeep
|turn|11
|
|t:|1659399506
|switch|p1a: Tapu Lele|Tapu Lele, shiny|100/100
|-fieldstart|move: Psychic Terrain|[from] ability: Psychic Surge|[of] p1a: Tapu Lele
|move|p2a: Toxapex|Toxic Spikes|p1a: Tapu Lele
|-sidestart|p1: Color my life|move: Toxic Spikes
|
|-damage|p2a: Toxapex|63/100|[from] item: Sticky Barb
|upkeep
|turn|12
|
|t:|1659399513
|switch|p2a: Cresselia|Cresselia, F|100/100
|move|p1a: Tapu Lele|Shadow Ball|p2a: Cresselia
|-supereffective|p2a: Cresselia
|-damage|p2a: Cresselia|54/100
|-unboost|p2a: Cresselia|spd|1
|
|-heal|p2a: Cresselia|60/100|[from] item: Leftovers
|upkeep
|turn|13
|
|t:|1659399519
|switch|p2a: Toxapex|Toxapex, F|96/100
|move|p1a: Tapu Lele|Shadow Ball|p2a: Toxapex
|-crit|p2a: Toxapex
|-damage|p2a: Toxapex|49/100
|-unboost|p2a: Toxapex|spd|1
|
|-damage|p2a: Toxapex|36/100|[from] item: Sticky Barb
|upkeep
|turn|14
|
|t:|1659399524
|switch|p2a: Zapdos|Zapdos|100/100
|-ability|p2a: Zapdos|Pressure
|move|p1a: Tapu Lele|Shadow Ball|p2a: Zapdos
|-damage|p2a: Zapdos|62/100
|
|upkeep
|turn|15
|
|t:|1659399532
|switch|p1a: Landorus|Landorus-Therian, M|88/100 tox
|-ability|p1a: Landorus|Intimidate|boost
|-unboost|p2a: Zapdos|atk|1
|move|p2a: Zapdos|Roost|p2a: Zapdos
|-heal|p2a: Zapdos|100/100
|-singleturn|p2a: Zapdos|move: Roost
|
|-heal|p1a: Landorus|94/100 tox|[from] item: Leftovers
|-damage|p1a: Landorus|88/100 tox|[from] psn
|-fieldend|move: Psychic Terrain
|upkeep
|turn|16
|
|t:|1659399535
|move|p2a: Zapdos|Hurricane|p1a: Landorus|[miss]
|-miss|p2a: Zapdos|p1a: Landorus
|move|p1a: Landorus|U-turn|p2a: Zapdos
|-resisted|p2a: Zapdos
|-damage|p2a: Zapdos|91/100
|
|t:|1659399538
|switch|p1a: Toxapex|Toxapex, F|100/100|[from]move: U-turn
|-sideend|p1: Color my life|move: Toxic Spikes|[of] p1a: Toxapex
|
|upkeep
|turn|17
|
|t:|1659399545
|switch|p1a: Tyranitar|Tyranitar, M|100/100
|-weather|Sandstorm|[from] ability: Sand Stream|[of] p1a: Tyranitar
|move|p2a: Zapdos|Volt Switch|p1a: Tyranitar
|-damage|p1a: Tyranitar|88/100
|
|t:|1659399550
|switch|p2a: Quagsire|Quagsire, F|100/100|[from]move: Volt Switch
|
|-weather|Sandstorm|[upkeep]
|-heal|p1a: Tyranitar|94/100|[from] item: Leftovers
|upkeep
|turn|18
|
|t:|1659399554
|switch|p2a: Clefable|Clefable, M|33/100
|move|p1a: Tyranitar|Stealth Rock|p2a: Clefable
|-sidestart|p2: LT91BB Indulge|move: Stealth Rock
|
|-weather|Sandstorm|[upkeep]
|-heal|p1a: Tyranitar|99/100|[from] item: Leftovers
|upkeep
|turn|19
|
|t:|1659399559
|move|p1a: Tyranitar|Rock Blast|p2a: Clefable|[miss]
|-miss|p1a: Tyranitar|p2a: Clefable
|move|p2a: Clefable|Soft-Boiled|p2a: Clefable
|-heal|p2a: Clefable|83/100
|
|-weather|Sandstorm|[upkeep]
|-heal|p1a: Tyranitar|100/100|[from] item: Leftovers
|upkeep
|turn|20
|
|t:|1659399566
|move|p1a: Tyranitar|Thunder Wave|p2a: Clefable
|-status|p2a: Clefable|par
|cant|p2a: Clefable|par
|
|-weather|Sandstorm|[upkeep]
|upkeep
|turn|21
|
|t:|1659399569
|switch|p1a: Tapu Lele|Tapu Lele, shiny|100/100
|-fieldstart|move: Psychic Terrain|[from] ability: Psychic Surge|[of] p1a: Tapu Lele
|cant|p2a: Clefable|par
|
|-weather|none
|upkeep
|turn|22
|
|t:|1659399575
|switch|p2a: Cresselia|Cresselia, F|60/100
|-damage|p2a: Cresselia|48/100|[from] Stealth Rock
|move|p1a: Tapu Lele|Psychic|p2a: Cresselia
|-resisted|p2a: Cresselia
|-damage|p2a: Cresselia|23/100
|
|-heal|p2a: Cresselia|29/100|[from] item: Leftovers
|upkeep
|turn|23
|
|t:|1659399580
|switch|p1a: Tyranitar|Tyranitar, M|100/100
|-weather|Sandstorm|[from] ability: Sand Stream|[of] p1a: Tyranitar
|move|p2a: Cresselia|Moonlight|p2a: Cresselia
|-heal|p2a: Cresselia|54/100
|
|-weather|Sandstorm|[upkeep]
|-damage|p2a: Cresselia|48/100|[from] Sandstorm
|-heal|p2a: Cresselia|54/100|[from] item: Leftovers
|upkeep
|turn|24
|
|t:|1659399587
|switch|p1a: Landorus|Landorus-Therian, M|88/100 tox
|-ability|p1a: Landorus|Intimidate|boost
|-unboost|p2a: Cresselia|atk|1
|move|p2a: Cresselia|Protect||[still]
|-fail|p2a: Cresselia
|
|-weather|Sandstorm|[upkeep]
|-damage|p2a: Cresselia|48/100|[from] Sandstorm
|-heal|p2a: Cresselia|54/100|[from] item: Leftovers
|-heal|p1a: Landorus|94/100 tox|[from] item: Leftovers
|-damage|p1a: Landorus|88/100 tox|[from] psn
|upkeep
|turn|25
|
|t:|1659399593
|move|p2a: Cresselia|Protect|p2a: Cresselia
|-singleturn|p2a: Cresselia|Protect
|move|p1a: Landorus|U-turn|p2a: Cresselia
|-activate|p2a: Cresselia|move: Protect
|
|-weather|Sandstorm|[upkeep]
|-damage|p2a: Cresselia|48/100|[from] Sandstorm
|-heal|p2a: Cresselia|54/100|[from] item: Leftovers
|-heal|p1a: Landorus|94/100 tox|[from] item: Leftovers
|-damage|p1a: Landorus|82/100 tox|[from] psn
|-fieldend|move: Psychic Terrain
|upkeep
|turn|26
|
|t:|1659399597
|switch|p2a: Zapdos|Zapdos|91/100
|-ability|p2a: Zapdos|Pressure
|move|p1a: Landorus|U-turn|p2a: Zapdos
|-resisted|p2a: Zapdos
|-damage|p2a: Zapdos|82/100
|
|t:|1659399601
|switch|p1a: Tapu Lele|Tapu Lele, shiny|100/100|[from]move: U-turn
|-fieldstart|move: Psychic Terrain|[from] ability: Psychic Surge|[of] p1a: Tapu Lele
|
|-weather|Sandstorm|[upkeep]
|-damage|p1a: Tapu Lele|94/100|[from] Sandstorm
|-damage|p2a: Zapdos|76/100|[from] Sandstorm
|upkeep
|turn|27
|
|t:|1659399604
|move|p1a: Tapu Lele|Moonblast|p2a: Zapdos
|-damage|p2a: Zapdos|17/100
|move|p2a: Zapdos|Roost|p2a: Zapdos
|-heal|p2a: Zapdos|67/100
|-singleturn|p2a: Zapdos|move: Roost
|
|-weather|none
|upkeep
|turn|28
|
|t:|1659399614
|move|p1a: Tapu Lele|Moonblast|p2a: Zapdos
|-damage|p2a: Zapdos|8/100
|move|p2a: Zapdos|Roost|p2a: Zapdos
|-heal|p2a: Zapdos|58/100
|-singleturn|p2a: Zapdos|move: Roost
|
|upkeep
|turn|29
|
|t:|1659399618
|switch|p2a: Toxapex|Toxapex, F|69/100
|-damage|p2a: Toxapex|57/100|[from] Stealth Rock
|move|p1a: Tapu Lele|Moonblast|p2a: Toxapex
|-resisted|p2a: Toxapex
|-damage|p2a: Toxapex|30/100
|
|-damage|p2a: Toxapex|18/100|[from] item: Sticky Barb
|upkeep
|turn|30
|
|t:|1659399623
|switch|p2a: Cresselia|Cresselia, F|54/100
|-damage|p2a: Cresselia|42/100|[from] Stealth Rock
|move|p1a: Tapu Lele|Moonblast|p2a: Cresselia
|-damage|p2a: Cresselia|5/100
|-unboost|p2a: Cresselia|spa|1
|
|-heal|p2a: Cresselia|11/100|[from] item: Leftovers
|-fieldend|move: Psychic Terrain
|upkeep
|turn|31
|
|t:|1659399625
|move|p2a: Cresselia|Protect|p2a: Cresselia
|-singleturn|p2a: Cresselia|Protect
|move|p1a: Tapu Lele|Moonblast|p2a: Cresselia
|-activate|p2a: Cresselia|move: Protect
|
|-heal|p2a: Cresselia|17/100|[from] item: Leftovers
|upkeep
|turn|32
|-message|LT91BB Indulge forfeited.
|
|win|Color my life
|raw|Color my life's rating: 1793 &rarr; <strong>1812</strong><br />(+19 for winning)
|raw|LT91BB Indulge's rating: 1772 &rarr; <strong>1753</strong><br />(-19 for losing)
|l|☆LT91BB Indulge
