|j|☆Infernoss
|j|☆friedfreak
|t:|1622090633
|gametype|singles
|player|p1|Infernoss|blue|1773
|player|p2|friedfreak|266|1879
|teamsize|p1|6
|teamsize|p2|6
|gen|8
|tier|[Gen 8] OU
|rated|
|rule|Sleep Clause Mod: Limit one foe put to sleep
|rule|Species Clause: Limit one of each Pokémon
|rule|OHKO Clause: OHKO moves are banned
|rule|Evasion Moves Clause: Evasion moves are banned
|rule|Endless Battle Clause: Forcing endless battles is banned
|rule|HP Percentage Mod: HP is shown in percentages
|rule|Dynamax Clause: You cannot dynamax
|clearpoke
|poke|p1|Slowbro, M|
|poke|p1|Hatterene, F|
|poke|p1|Garchomp, M|
|poke|p1|Marowak-Alola, F|
|poke|p1|Ferrothorn, M|
|poke|p1|Drampa, M|
|poke|p2|Urshifu-*, M|
|poke|p2|Slowbro, M|
|poke|p2|Corviknight, F|
|poke|p2|Dragapult, F|
|poke|p2|Landorus-Therian, M|
|poke|p2|Bisharp, M|
|teampreview
|inactive|Battle timer is ON: inactive players will automatically lose when time's up. (requested by friedfreak)
|
|t:|1622090651
|start
|switch|p1a: Sonso|Slowbro, M|100/100
|switch|p2a: Slowbro|Slowbro, M|100/100
|turn|1
|
|t:|1622090657
|move|p1a: Sonso|Scald|p2a: Slowbro
|-resisted|p2a: Slowbro
|-damage|p2a: Slowbro|86/100
|move|p2a: Slowbro|Future Sight|p1a: Sonso
|-start|p2a: Slowbro|move: Future Sight
|
|upkeep
|turn|2
|
|t:|1622090663
|move|p2a: Slowbro|Teleport|p2a: Slowbro
|
|t:|1622090672
|switch|p2a: Dragapult|Dragapult, F|100/100|[from]move: Teleport
|move|p1a: Sonso|Trick Room|p1a: Sonso
|-fieldstart|move: Trick Room|[of] p1a: Sonso
|
|upkeep
|turn|3
|
|t:|1622090685
|switch|p1a: Thorns|Ferrothorn, M|100/100
|move|p2a: Dragapult|Shadow Ball|p1a: Thorns
|-damage|p1a: Thorns|65/100
|
|-end|p1a: Thorns|move: Future Sight
|-resisted|p1a: Thorns
|-damage|p1a: Thorns|52/100
|-heal|p1a: Thorns|58/100|[from] item: Leftovers
|upkeep
|turn|4
|
|t:|1622090700
|switch|p2a: Slowbro|Slowbro, M|100/100
|move|p1a: Thorns|Stealth Rock|p2a: Slowbro
|-sidestart|p2: friedfreak|move: Stealth Rock
|
|-heal|p1a: Thorns|64/100|[from] item: Leftovers
|upkeep
|turn|5
|
|t:|1622090710
|move|p1a: Thorns|Power Whip|p2a: Slowbro
|-supereffective|p2a: Slowbro
|-damage|p2a: Slowbro|53/100
|move|p2a: Slowbro|Teleport|p2a: Slowbro
|j| ILikeMudkips4
|
|t:|1622090719
|switch|p2a: Landorus|Landorus-Therian, M|100/100|[from]move: Teleport
|-damage|p2a: Landorus|88/100|[from] Stealth Rock
|-ability|p2a: Landorus|Intimidate|boost
|-unboost|p1a: Thorns|atk|1
|
|-heal|p1a: Thorns|71/100|[from] item: Leftovers
|-heal|p2a: Landorus|94/100|[from] item: Leftovers
|upkeep
|turn|6
|
|t:|1622090728
|move|p1a: Thorns|Leech Seed|p2a: Landorus
|-start|p2a: Landorus|move: Leech Seed
|move|p2a: Landorus|Knock Off|p1a: Thorns
|-damage|p1a: Thorns|47/100
|-damage|p2a: Landorus|82/100|[from] ability: Iron Barbs|[of] p1a: Thorns
|-enditem|p1a: Thorns|Leftovers|[from] move: Knock Off|[of] p2a: Landorus
|
|-heal|p2a: Landorus|88/100|[from] item: Leftovers
|-damage|p2a: Landorus|76/100|[from] Leech Seed|[of] p1a: Thorns
|-heal|p1a: Thorns|60/100|[silent]
|-fieldend|move: Trick Room
|upkeep
|turn|7
|
|t:|1622090739
|switch|p2a: Slowbro|Slowbro, M|87/100
|switch|p1a: Sonso|Slowbro, M|100/100
|
|upkeep
|turn|8
|
|t:|1622090752
|move|p2a: Slowbro|Future Sight|p1a: Sonso
|-start|p2a: Slowbro|move: Future Sight
|move|p1a: Sonso|Trick Room|p1a: Sonso
|-fieldstart|move: Trick Room|[of] p1a: Sonso
|
|upkeep
|turn|9
|
|t:|1622090757
|switch|p1a: Falco|Drampa, M|100/100
|move|p2a: Slowbro|Teleport|p2a: Slowbro
|inactive|friedfreak has 120 seconds left.
|
|t:|1622090795
|switch|p2a: Corviknight|Corviknight, F|100/100|[from]move: Teleport
|-damage|p2a: Corviknight|88/100|[from] Stealth Rock
|-ability|p2a: Corviknight|Pressure
|
|-heal|p2a: Corviknight|94/100|[from] item: Leftovers
|upkeep
|turn|10
|inactive|friedfreak has 120 seconds left.
|
|t:|1622090806
|move|p1a: Falco|Thunderbolt|p2a: Corviknight
|-supereffective|p2a: Corviknight
|-damage|p2a: Corviknight|32/100
|-status|p2a: Corviknight|par
|-damage|p1a: Falco|90/100|[from] item: Life Orb
|move|p2a: Corviknight|Defog|p1a: Falco
|-unboost|p1a: Falco|evasion|1
|-sideend|p2: friedfreak|Stealth Rock|[from] move: Defog|[of] p2a: Corviknight
|
|-end|p1a: Falco|move: Future Sight
|-damage|p1a: Falco|49/100
|-ability|p1a: Falco|Berserk|boost
|-boost|p1a: Falco|spa|1
|-heal|p2a: Corviknight|38/100 par|[from] item: Leftovers
|upkeep
|turn|11
|inactive|friedfreak has 120 seconds left.
|
|t:|1622090818
|move|p1a: Falco|Hyper Voice|p2a: Corviknight
|-resisted|p2a: Corviknight
|-damage|p2a: Corviknight|1/100 par
|-damage|p1a: Falco|39/100|[from] item: Life Orb
|cant|p2a: Corviknight|par
|
|-heal|p2a: Corviknight|7/100 par|[from] item: Leftovers
|upkeep
|turn|12
|
|t:|1622090826
|move|p1a: Falco|Thunderbolt|p2a: Corviknight
|-supereffective|p2a: Corviknight
|-damage|p2a: Corviknight|0 fnt
|faint|p2a: Corviknight
|-damage|p1a: Falco|29/100|[from] item: Life Orb
|
|-fieldend|move: Trick Room
|upkeep
|inactive|friedfreak has 120 seconds left.
|
|t:|1622090839
|switch|p2a: Dragapult|Dragapult, F|100/100
|turn|13
|
|t:|1622090851
|switch|p1a: Thorns|Ferrothorn, M|60/100
|move|p2a: Dragapult|Shadow Ball|p1a: Thorns
|-damage|p1a: Thorns|28/100
|-unboost|p1a: Thorns|spd|1
|
|upkeep
|turn|14
|
|t:|1622090858
|switch|p1a: Falco|Drampa, M|29/100
|move|p2a: Dragapult|Shadow Ball|p1a: Falco
|-immune|p1a: Falco
|
|upkeep
|turn|15
|
|t:|1622090881
|switch|p2a: Landorus|Landorus-Therian, M|76/100
|-ability|p2a: Landorus|Intimidate|boost
|-unboost|p1a: Falco|atk|1
|move|p1a: Falco|Roost|p1a: Falco
|-heal|p1a: Falco|79/100
|-singleturn|p1a: Falco|move: Roost
|
|-heal|p2a: Landorus|82/100|[from] item: Leftovers
|upkeep
|turn|16
|
|t:|1622090892
|move|p2a: Landorus|Earthquake|p1a: Falco
|-damage|p1a: Falco|27/100
|-ability|p1a: Falco|Berserk|boost
|-boost|p1a: Falco|spa|1
|move|p1a: Falco|Hyper Voice|p2a: Landorus
|-damage|p2a: Landorus|0 fnt
|faint|p2a: Landorus
|-damage|p1a: Falco|17/100|[from] item: Life Orb
|
|upkeep
|
|t:|1622090897
|switch|p2a: Urshifu|Urshifu-Rapid-Strike, M|100/100
|turn|17
|
|t:|1622090905
|switch|p1a: Sonso|Slowbro, M|100/100
|move|p2a: Urshifu|U-turn|p1a: Sonso
|-supereffective|p1a: Sonso
|-damage|p1a: Sonso|58/100
|
|t:|1622090922
|switch|p2a: Bisharp|Bisharp, M|100/100|[from]move: U-turn
|
|upkeep
|turn|18
|
|t:|1622090926
|move|p2a: Bisharp|Knock Off|p1a: Sonso
|-supereffective|p1a: Sonso
|-enditem|p1a: Sonso|Colbur Berry|[eat]
|-enditem|p1a: Sonso|Colbur Berry|[weaken]
|-damage|p1a: Sonso|12/100
|move|p1a: Sonso|Body Press|p2a: Bisharp
|-supereffective|p2a: Bisharp
|-damage|p2a: Bisharp|0 fnt
|faint|p2a: Bisharp
|
|upkeep
|
|t:|1622090932
|switch|p2a: Urshifu|Urshifu-Rapid-Strike, M|100/100
|turn|19
|
|t:|1622090940
|switch|p1a: Thorns|Ferrothorn, M|28/100
|move|p2a: Urshifu|U-turn|p1a: Thorns
|-damage|p1a: Thorns|0 fnt
|-damage|p2a: Urshifu|88/100|[from] ability: Iron Barbs|[of] p1a: Thorns
|faint|p1a: Thorns
|
|t:|1622090945
|switch|p2a: Dragapult|Dragapult, F|100/100|[from]move: U-turn
|
|upkeep
|
|t:|1622090950
|switch|p1a: Gorra|Hatterene, F|100/100
|turn|20
|
|t:|1622090955
|move|p2a: Dragapult|Shadow Ball|p1a: Gorra
|-supereffective|p1a: Gorra
|-crit|p1a: Gorra
|-enditem|p1a: Gorra|Kasib Berry|[eat]
|-enditem|p1a: Gorra|Kasib Berry|[weaken]
|-damage|p1a: Gorra|36/100
|move|p1a: Gorra|Draining Kiss|p2a: Dragapult
|-supereffective|p2a: Dragapult
|-crit|p2a: Dragapult
|-damage|p2a: Dragapult|3/100
|-heal|p1a: Gorra|100/100|[from] drain|[of] p2a: Dragapult
|
|upkeep
|turn|21
|
|t:|1622090969
|move|p2a: Dragapult|Shadow Ball|p1a: Gorra
|-supereffective|p1a: Gorra
|-damage|p1a: Gorra|17/100
|move|p1a: Gorra|Trick Room|p1a: Gorra
|-fieldstart|move: Trick Room|[of] p1a: Gorra
|
|upkeep
|turn|22
|
|t:|1622090975
|switch|p2a: Slowbro|Slowbro, M|100/100
|move|p1a: Gorra|Healing Wish|p1a: Gorra
|faint|p1a: Gorra
|
|upkeep
|
|t:|1622090980
|switch|p1a: Falco|Drampa, M|17/100
|-heal|p1a: Falco|100/100|[from] move: Healing Wish
|turn|23
|
|t:|1622090987
|move|p2a: Slowbro|Slack Off||[still]
|-fail|p2a: Slowbro|heal
|move|p1a: Falco|Thunderbolt|p2a: Slowbro
|-supereffective|p2a: Slowbro
|-damage|p2a: Slowbro|11/100
|-damage|p1a: Falco|90/100|[from] item: Life Orb
|
|upkeep
|turn|24
|j| i lik8 cats
|
|t:|1622091010
|move|p2a: Slowbro|Future Sight|p1a: Falco
|-start|p2a: Slowbro|move: Future Sight
|move|p1a: Falco|Thunderbolt|p2a: Slowbro
|-supereffective|p2a: Slowbro
|-damage|p2a: Slowbro|0 fnt
|faint|p2a: Slowbro
|-damage|p1a: Falco|80/100|[from] item: Life Orb
|
|upkeep
|j| Invincii
|
|t:|1622091020
|switch|p2a: Dragapult|Dragapult, F|3/100
|turn|25
|
|t:|1622091027
|move|p1a: Falco|Thunderbolt|p2a: Dragapult
|-resisted|p2a: Dragapult
|-damage|p2a: Dragapult|0 fnt
|faint|p2a: Dragapult
|-damage|p1a: Falco|70/100|[from] item: Life Orb
|
|-fieldend|move: Trick Room
|upkeep
|
|t:|1622091029
|switch|p2a: Urshifu|Urshifu-Rapid-Strike, M|88/100
|turn|26
|
|t:|1622091046
|switch|p1a: Billy B.|Marowak-Alola, F|100/100
|move|p2a: Urshifu|Surging Strikes|p1a: Billy B.
|-supereffective|p1a: Billy B.
|-crit|p1a: Billy B.
|-damage|p1a: Billy B.|44/100
|-supereffective|p1a: Billy B.
|-crit|p1a: Billy B.
|-damage|p1a: Billy B.|0 fnt
|faint|p1a: Billy B.
|-hitcount|p1: Billy B.|2
|
|-hint|Future Sight did not hit because the target is fainted.
|upkeep
|
|t:|1622091058
|switch|p1a: Sonso|Slowbro, M|45/100
|turn|27
|
|t:|1622091061
|move|p2a: Urshifu|Surging Strikes|p1a: Sonso
|-resisted|p1a: Sonso
|-crit|p1a: Sonso
|-damage|p1a: Sonso|36/100
|-resisted|p1a: Sonso
|-crit|p1a: Sonso
|-damage|p1a: Sonso|27/100
|-resisted|p1a: Sonso
|-crit|p1a: Sonso
|-damage|p1a: Sonso|19/100
|-hitcount|p1a: Sonso|3
|move|p1a: Sonso|Slack Off|p1a: Sonso
|-heal|p1a: Sonso|69/100
|
|upkeep
|turn|28
|-message|friedfreak forfeited.
|
|win|Infernoss
|raw|Infernoss's rating: 1773 &rarr; <strong>1799</strong><br />(+26 for winning)
|raw|friedfreak's rating: 1879 &rarr; <strong>1853</strong><br />(-26 for losing)
|l|☆friedfreak
