|j|☆edvinsoncavani
|j|☆demgeilem
|t:|1668072799
|gametype|singles
|player|p1|edvinsoncavani|swimmer-gen4dp|1570
|player|p2|demgeilem|ethan-masters|1629
|teamsize|p1|6
|teamsize|p2|6
|gen|8
|tier|[Gen 8] OU
|rated|
|rule|Sleep Clause Mod: Limit one foe put to sleep
|rule|Species Clause: Limit one of each Pokémon
|rule|OHKO Clause: OHKO moves are banned
|rule|Evasion Items Clause: Evasion items are banned
|rule|Evasion Moves Clause: Evasion moves are banned
|rule|Endless Battle Clause: Forcing endless battles is banned
|rule|HP Percentage Mod: HP is shown in percentages
|rule|Dynamax Clause: You cannot dynamax
|clearpoke
|poke|p1|Slowking-Galar, M|
|poke|p1|Buzzwole|
|poke|p1|Corviknight, F|
|poke|p1|Garchomp, F|
|poke|p1|Zeraora|
|poke|p1|Tapu Lele|
|poke|p2|Melmetal|
|poke|p2|Dragapult, F|
|poke|p2|Slowbro, F|
|poke|p2|Clefable, F|
|poke|p2|Landorus-Therian, M|
|poke|p2|Buzzwole|
|teampreview
|inactive|Battle timer is ON: inactive players will automatically lose when time's up. (requested by edvinsoncavani)
|
|t:|1668072820
|start
|switch|p1a: Buzzwole|Buzzwole, shiny|100/100
|switch|p2a: Slowbro|Slowbro, F, shiny|100/100
|turn|1
|
|t:|1668072828
|switch|p1a: Slowking|Slowking-Galar, M|100/100
|move|p2a: Slowbro|Future Sight|p1a: Slowking
|-start|p2a: Slowbro|move: Future Sight
|
|upkeep
|turn|2
|
|t:|1668072833
|move|p1a: Slowking|Future Sight|p2a: Slowbro
|-start|p1a: Slowking|move: Future Sight
|move|p2a: Slowbro|Teleport|p2a: Slowbro
|
|t:|1668072846
|switch|p2a: Melmetal|Melmetal|100/100|[from]move: Teleport
|
|upkeep
|turn|3
|
|t:|1668072854
|switch|p1a: Corviknight|Corviknight, F|100/100
|-ability|p1a: Corviknight|Pressure
|move|p2a: Melmetal|Thunder Punch|p1a: Corviknight
|-supereffective|p1a: Corviknight
|-damage|p1a: Corviknight|24/100
|-damage|p2a: Melmetal|84/100|[from] item: Rocky Helmet|[of] p1a: Corviknight
|
|-end|p1a: Corviknight|move: Future Sight
|-resisted|p1a: Corviknight
|-damage|p1a: Corviknight|5/100
|upkeep
|turn|4
|
|t:|1668072866
|move|p1a: Corviknight|Roost|p1a: Corviknight
|-heal|p1a: Corviknight|55/100
|-singleturn|p1a: Corviknight|move: Roost
|move|p2a: Melmetal|Thunder Punch|p1a: Corviknight
|-damage|p1a: Corviknight|19/100
|-damage|p2a: Melmetal|68/100|[from] item: Rocky Helmet|[of] p1a: Corviknight
|
|-end|p2a: Melmetal|move: Future Sight
|-resisted|p2a: Melmetal
|-damage|p2a: Melmetal|38/100
|upkeep
|turn|5
|
|t:|1668072875
|switch|p2a: Dragapult|Dragapult, F|100/100
|move|p1a: Corviknight|Roost|p1a: Corviknight
|-heal|p1a: Corviknight|69/100
|-singleturn|p1a: Corviknight|move: Roost
|
|upkeep
|turn|6
|
|t:|1668072891
|switch|p1a: Slowking|Slowking-Galar, M|100/100
|move|p2a: Dragapult|Shadow Ball|p1a: Slowking
|-supereffective|p1a: Slowking
|-damage|p1a: Slowking|49/100
|
|upkeep
|turn|7
|
|t:|1668072897
|move|p2a: Dragapult|Shadow Ball|p1a: Slowking
|-supereffective|p1a: Slowking
|-damage|p1a: Slowking|0 fnt
|faint|p1a: Slowking
|
|upkeep
|
|t:|1668072905
|switch|p1a: Zeraora|Zeraora|100/100
|turn|8
|
|t:|1668072918
|switch|p2a: Clefable|Clefable, F|100/100
|move|p1a: Zeraora|Knock Off|p2a: Clefable
|-resisted|p2a: Clefable
|-damage|p2a: Clefable|84/100
|-enditem|p2a: Clefable|Leftovers|[from] move: Knock Off|[of] p1a: Zeraora
|
|upkeep
|turn|9
|
|t:|1668072932
|switch|p1a: Tapu Lele|Tapu Lele|100/100
|-fieldstart|move: Psychic Terrain|[from] ability: Psychic Surge|[of] p1a: Tapu Lele
|move|p2a: Clefable|Wish|p2a: Clefable
|
|upkeep
|turn|10
|
|t:|1668072943
|move|p1a: Tapu Lele|Psychic|p2a: Clefable
|-crit|p2a: Clefable
|-damage|p2a: Clefable|0 fnt
|faint|p2a: Clefable
|
|upkeep
|
|t:|1668072950
|switch|p2a: Dragapult|Dragapult, F|100/100
|turn|11
|
|t:|1668072961
|switch|p1a: Garchomp|Garchomp, F|100/100
|move|p2a: Dragapult|Shadow Ball|p1a: Garchomp
|-crit|p1a: Garchomp
|-damage|p1a: Garchomp|36/100
|
|upkeep
|turn|12
|j| Ran Kob
|
|t:|1668072967
|move|p2a: Dragapult|Shadow Ball|p1a: Garchomp
|-damage|p1a: Garchomp|0 fnt
|faint|p1a: Garchomp
|
|upkeep
|
|t:|1668072969
|switch|p1a: Zeraora|Zeraora|100/100
|turn|13
|
|t:|1668072978
|switch|p2a: Landorus|Landorus-Therian, M|100/100
|-ability|p2a: Landorus|Intimidate|boost
|-unboost|p1a: Zeraora|atk|1
|move|p1a: Zeraora|Knock Off|p2a: Landorus
|-damage|p2a: Landorus|80/100
|-enditem|p2a: Landorus|Leftovers|[from] move: Knock Off|[of] p1a: Zeraora
|
|-fieldend|move: Psychic Terrain
|upkeep
|turn|14
|
|t:|1668072990
|switch|p1a: Corviknight|Corviknight, F|69/100
|-ability|p1a: Corviknight|Pressure
|move|p2a: Landorus|U-turn|p1a: Corviknight
|-resisted|p1a: Corviknight
|-damage|p1a: Corviknight|66/100
|-damage|p2a: Landorus|64/100|[from] item: Rocky Helmet|[of] p1a: Corviknight
|
|t:|1668072994
|switch|p2a: Dragapult|Dragapult, F|100/100|[from]move: U-turn
|
|upkeep
|turn|15
|
|t:|1668072998
|move|p2a: Dragapult|Shadow Ball|p1a: Corviknight
|-damage|p1a: Corviknight|14/100
|move|p1a: Corviknight|Brave Bird|p2a: Dragapult
|-damage|p2a: Dragapult|47/100
|-damage|p1a: Corviknight|0 fnt|[from] Recoil
|faint|p1a: Corviknight
|
|upkeep
|
|t:|1668073005
|switch|p1a: Zeraora|Zeraora|100/100
|turn|16
|
|t:|1668073012
|switch|p1a: Buzzwole|Buzzwole, shiny|100/100
|switch|p2a: Slowbro|Slowbro, F, shiny|100/100
|
|upkeep
|turn|17
|
|t:|1668073024
|switch|p1a: Tapu Lele|Tapu Lele|100/100
|-fieldstart|move: Psychic Terrain|[from] ability: Psychic Surge|[of] p1a: Tapu Lele
|move|p2a: Slowbro|Scald|p1a: Tapu Lele
|-damage|p1a: Tapu Lele|73/100
|-status|p1a: Tapu Lele|brn
|
|-damage|p1a: Tapu Lele|67/100 brn|[from] brn
|upkeep
|turn|18
|
|t:|1668073033
|switch|p2a: Melmetal|Melmetal|38/100
|move|p1a: Tapu Lele|Psychic|p2a: Melmetal
|-resisted|p2a: Melmetal
|-damage|p2a: Melmetal|0 fnt
|faint|p2a: Melmetal
|
|-damage|p1a: Tapu Lele|61/100 brn|[from] brn
|upkeep
|
|t:|1668073038
|switch|p2a: Dragapult|Dragapult, F|47/100
|turn|19
|
|t:|1668073050
|move|p2a: Dragapult|Shadow Ball|p1a: Tapu Lele
|-supereffective|p1a: Tapu Lele
|-damage|p1a: Tapu Lele|0 fnt
|faint|p1a: Tapu Lele
|
|upkeep
|
|t:|1668073051
|switch|p1a: Zeraora|Zeraora|100/100
|turn|20
|
|t:|1668073063
|switch|p2a: Buzzwole|Buzzwole|100/100
|move|p1a: Zeraora|Knock Off|p2a: Buzzwole
|-resisted|p2a: Buzzwole
|-damage|p2a: Buzzwole|90/100
|-enditem|p2a: Buzzwole|Choice Scarf|[from] move: Knock Off|[of] p1a: Zeraora
|
|upkeep
|turn|21
|
|t:|1668073075
|switch|p1a: Buzzwole|Buzzwole, shiny|100/100
|move|p2a: Buzzwole|Ice Punch|p1a: Buzzwole
|-crit|p1a: Buzzwole
|-damage|p1a: Buzzwole|71/100
|
|-fieldend|move: Psychic Terrain
|upkeep
|turn|22
|j| 442.Nib
|l| 442.Nib
|
|t:|1668073082
|move|p2a: Buzzwole|Ice Punch|p1a: Buzzwole
|-damage|p1a: Buzzwole|51/100
|move|p1a: Buzzwole|Dual Wingbeat|p2a: Buzzwole
|-supereffective|p2a: Buzzwole
|-damage|p2a: Buzzwole|21/100
|-supereffective|p2a: Buzzwole
|-damage|p2a: Buzzwole|0 fnt
|faint|p2a: Buzzwole
|-ability|p1a: Buzzwole|Beast Boost|boost
|-boost|p1a: Buzzwole|atk|1
|-hitcount|p2: Buzzwole|2
|
|upkeep
|
|t:|1668073089
|switch|p2a: Dragapult|Dragapult, F|47/100
|turn|23
|
|t:|1668073097
|move|p2a: Dragapult|Draco Meteor|p1a: Buzzwole
|-damage|p1a: Buzzwole|0 fnt
|-unboost|p2a: Dragapult|spa|2
|faint|p1a: Buzzwole
|
|upkeep
|
|t:|1668073100
|switch|p1a: Zeraora|Zeraora|100/100
|turn|24
|
|t:|1668073102
|move|p1a: Zeraora|Bulk Up|p1a: Zeraora
|-boost|p1a: Zeraora|atk|1
|-boost|p1a: Zeraora|def|1
|move|p2a: Dragapult|Draco Meteor|p1a: Zeraora
|-damage|p1a: Zeraora|40/100
|-unboost|p2a: Dragapult|spa|2
|
|upkeep
|turn|25
|
|t:|1668073108
|switch|p2a: Slowbro|Slowbro, F, shiny|100/100
|move|p1a: Zeraora|Bulk Up|p1a: Zeraora
|-boost|p1a: Zeraora|atk|1
|-boost|p1a: Zeraora|def|1
|
|upkeep
|turn|26
|
|t:|1668073123
|move|p1a: Zeraora|Plasma Fists|p2a: Slowbro
|-supereffective|p2a: Slowbro
|-damage|p2a: Slowbro|0 fnt
|-fieldactivate|move: Ion Deluge
|-hint|Normal-type moves become Electric-type after using Plasma Fists.
|-damage|p1a: Zeraora|23/100|[from] item: Rocky Helmet|[of] p2a: Slowbro
|faint|p2a: Slowbro
|
|upkeep
|
|t:|1668073127
|switch|p2a: Landorus|Landorus-Therian, M|64/100
|-ability|p2a: Landorus|Intimidate|boost
|-unboost|p1a: Zeraora|atk|1
|turn|27
|
|t:|1668073131
|move|p1a: Zeraora|Knock Off|p2a: Landorus
|-damage|p2a: Landorus|32/100
|move|p2a: Landorus|Earthquake|p1a: Zeraora
|-supereffective|p1a: Zeraora
|-damage|p1a: Zeraora|0 fnt
|faint|p1a: Zeraora
|
|win|demgeilem
|raw|edvinsoncavani's rating: 1570 &rarr; <strong>1553</strong><br />(-17 for losing)
|raw|demgeilem's rating: 1629 &rarr; <strong>1646</strong><br />(+17 for winning)
