|raw|<div class="broadcast-blue"><strong>This battle is required to be public due to a player having a name starting with 'lt84jm'.</div>
|j|☆lt84jm sry
|j|☆BestixL ☾
|t:|1627600395
|gametype|singles
|player|p1|lt84jm sry|lucas|1816
|player|p2|BestixL ☾|marley|1886
|teamsize|p1|6
|teamsize|p2|6
|gen|8
|tier|[Gen 8] OU
|rated|
|rule|Sleep Clause Mod: Limit one foe put to sleep
|rule|Species Clause: Limit one of each Pokémon
|rule|OHKO Clause: OHKO moves are banned
|rule|Evasion Moves Clause: Evasion moves are banned
|rule|Endless Battle Clause: Forcing endless battles is banned
|rule|HP Percentage Mod: HP is shown in percentages
|rule|Dynamax Clause: You cannot dynamax
|clearpoke
|poke|p1|Landorus-Therian, M|
|poke|p1|Ferrothorn, M|
|poke|p1|Weavile, M|
|poke|p1|Toxapex, M|
|poke|p1|Tornadus-Therian, M|
|poke|p1|Tapu Koko|
|poke|p2|Melmetal|
|poke|p2|Tornadus-Therian, M|
|poke|p2|Corviknight, M|
|poke|p2|Tapu Koko|
|poke|p2|Garchomp, M|
|poke|p2|Toxapex, M|
|teampreview
|inactive|Battle timer is ON: inactive players will automatically lose when time's up. (requested by BestixL ☾)
|j| kanibaru
|j| glava222
|
|t:|1627600424
|start
|switch|p1a: Landorus|Landorus-Therian, M|100/100
|switch|p2a: no space|Tornadus-Therian, M, shiny|100/100
|-ability|p1a: Landorus|Intimidate|boost
|-unboost|p2a: no space|atk|1
|turn|1
|l| glava222
|
|t:|1627600430
|move|p2a: no space|Toxic|p1a: Landorus
|-status|p1a: Landorus|tox
|move|p1a: Landorus|Toxic|p2a: no space
|-status|p2a: no space|tox
|
|-damage|p2a: no space|94/100 tox|[from] psn
|-damage|p1a: Landorus|94/100 tox|[from] psn
|upkeep
|turn|2
|
|t:|1627600439
|switch|p1a: Toxapex|Toxapex, M|100/100
|move|p2a: no space|Knock Off|p1a: Toxapex
|-damage|p1a: Toxapex|89/100
|-enditem|p1a: Toxapex|Shed Shell|[from] move: Knock Off|[of] p2a: no space
|
|-damage|p2a: no space|82/100 tox|[from] psn
|upkeep
|turn|3
|
|t:|1627600444
|move|p2a: no space|U-turn|p1a: Toxapex
|-resisted|p1a: Toxapex
|-damage|p1a: Toxapex|85/100
|j| kawaiidrip
|
|t:|1627600447
|switch|p2a: just friends|Toxapex, M, shiny|100/100|[from]move: U-turn
|move|p1a: Toxapex|Knock Off|p2a: just friends
|-damage|p2a: just friends|89/100
|-enditem|p2a: just friends|Black Sludge|[from] move: Knock Off|[of] p1a: Toxapex
|
|upkeep
|turn|4
|
|t:|1627600454
|move|p2a: just friends|Light Screen|p2a: just friends
|-sidestart|p2: BestixL ☾|move: Light Screen
|move|p1a: Toxapex|Scald|p2a: just friends
|-resisted|p2a: just friends
|-damage|p2a: just friends|86/100
|-status|p2a: just friends|brn
|
|-damage|p2a: just friends|80/100 brn|[from] brn
|upkeep
|turn|5
|j| flex oklm
|j| lamentaciones
|
|t:|1627600462
|switch|p1a: Ferrothorn|Ferrothorn, M|100/100
|move|p2a: just friends|Knock Off|p1a: Ferrothorn
|-damage|p1a: Ferrothorn|96/100
|-damage|p2a: just friends|68/100 brn|[from] ability: Iron Barbs|[of] p1a: Ferrothorn
|-enditem|p1a: Ferrothorn|Leftovers|[from] move: Knock Off|[of] p2a: just friends
|
|-damage|p2a: just friends|62/100 brn|[from] brn
|upkeep
|turn|6
|
|t:|1627600475
|switch|p2a: the reaper|Corviknight, M, shiny|100/100
|-ability|p2a: the reaper|Pressure
|move|p1a: Ferrothorn|Leech Seed|p2a: the reaper
|-start|p2a: the reaper|move: Leech Seed
|
|-damage|p2a: the reaper|88/100|[from] Leech Seed|[of] p1a: Ferrothorn
|-heal|p1a: Ferrothorn|100/100|[silent]
|upkeep
|turn|7
|
|t:|1627600480
|switch|p2a: no space|Tornadus-Therian, M, shiny|100/100 tox
|move|p1a: Ferrothorn|Spikes|p2a: no space
|-sidestart|p2: BestixL ☾|Spikes
|
|-damage|p2a: no space|94/100 tox|[from] psn
|upkeep
|turn|8
|
|t:|1627600483
|switch|p1a: Toxapex|Toxapex, M|100/100
|move|p2a: no space|U-turn|p1a: Toxapex
|-resisted|p1a: Toxapex
|-damage|p1a: Toxapex|95/100
|
|t:|1627600488
|switch|p2a: the reaper|Corviknight, M, shiny|88/100|[from]move: U-turn
|-ability|p2a: the reaper|Pressure
|
|-heal|p2a: the reaper|94/100|[from] item: Leftovers
|-sideend|p2: BestixL ☾|move: Light Screen
|upkeep
|turn|9
|
|t:|1627600495
|switch|p2a: just friends|Toxapex, M, shiny|96/100 brn
|-damage|p2a: just friends|83/100 brn|[from] Spikes
|move|p1a: Toxapex|Scald|p2a: just friends
|-resisted|p2a: just friends
|-damage|p2a: just friends|78/100 brn
|
|-damage|p2a: just friends|72/100 brn|[from] brn
|upkeep
|turn|10
|
|t:|1627600499
|switch|p1a: Ferrothorn|Ferrothorn, M|100/100
|switch|p2a: no space|Tornadus-Therian, M, shiny|100/100 tox
|
|-damage|p2a: no space|94/100 tox|[from] psn
|upkeep
|turn|11
|
|t:|1627600502
|switch|p1a: Toxapex|Toxapex, M|100/100
|move|p2a: no space|Hurricane|p1a: Toxapex
|-damage|p1a: Toxapex|74/100
|
|-damage|p2a: no space|82/100 tox|[from] psn
|upkeep
|turn|12
|
|t:|1627600508
|move|p2a: no space|Hurricane|p1a: Toxapex
|-damage|p1a: Toxapex|46/100
|move|p1a: Toxapex|Scald|p2a: no space
|-damage|p2a: no space|66/100 tox
|
|-damage|p2a: no space|47/100 tox|[from] psn
|upkeep
|turn|13
|j| pokegamer666
|
|t:|1627600512
|move|p2a: no space|U-turn|p1a: Toxapex
|-resisted|p1a: Toxapex
|-damage|p1a: Toxapex|41/100
|
|t:|1627600514
|switch|p2a: Itsuki|Tapu Koko, shiny|100/100|[from]move: U-turn
|-fieldstart|move: Electric Terrain|[from] ability: Electric Surge|[of] p2a: Itsuki
|move|p1a: Toxapex|Recover|p1a: Toxapex
|-heal|p1a: Toxapex|91/100
|
|upkeep
|turn|14
|
|t:|1627600518
|move|p2a: Itsuki|Thunderbolt|p1a: Toxapex
|-supereffective|p1a: Toxapex
|-damage|p1a: Toxapex|37/100
|move|p1a: Toxapex|Knock Off|p2a: Itsuki
|-resisted|p2a: Itsuki
|-damage|p2a: Itsuki|91/100
|-enditem|p2a: Itsuki|Heavy-Duty Boots|[from] move: Knock Off|[of] p1a: Toxapex
|
|upkeep
|turn|15
|j| Shiesel
|
|t:|1627600532
|switch|p1a: Ferrothorn|Ferrothorn, M|100/100
|move|p2a: Itsuki|Thunderbolt|p1a: Ferrothorn
|-resisted|p1a: Ferrothorn
|-damage|p1a: Ferrothorn|80/100
|
|upkeep
|turn|16
|
|t:|1627600538
|switch|p2a: just friends|Toxapex, M, shiny|100/100 brn
|-damage|p2a: just friends|88/100 brn|[from] Spikes
|move|p1a: Ferrothorn|Leech Seed|p2a: just friends|[miss]
|-miss|p1a: Ferrothorn|p2a: just friends
|
|-damage|p2a: just friends|82/100 brn|[from] brn
|upkeep
|turn|17
|
|t:|1627600544
|switch|p1a: Toxapex|Toxapex, M|70/100
|move|p2a: just friends|Light Screen|p2a: just friends
|-sidestart|p2: BestixL ☾|move: Light Screen
|
|-damage|p2a: just friends|76/100 brn|[from] brn
|-fieldend|move: Electric Terrain
|upkeep
|turn|18
|l| pokegamer666
|
|t:|1627600547
|switch|p1a: Ferrothorn|Ferrothorn, M|80/100
|move|p2a: just friends|Haze|p2a: just friends
|-clearallboost
|
|-damage|p2a: just friends|70/100 brn|[from] brn
|upkeep
|turn|19
|
|t:|1627600553
|move|p2a: just friends|Haze|p2a: just friends
|-clearallboost
|move|p1a: Ferrothorn|Leech Seed|p2a: just friends
|-start|p2a: just friends|move: Leech Seed
|
|-damage|p2a: just friends|58/100 brn|[from] Leech Seed|[of] p1a: Ferrothorn
|-heal|p1a: Ferrothorn|91/100|[silent]
|-damage|p2a: just friends|52/100 brn|[from] brn
|upkeep
|turn|20
|
|t:|1627600557
|switch|p2a: the reaper|Corviknight, M, shiny|94/100
|-ability|p2a: the reaper|Pressure
|switch|p1a: Tapu Koko|Tapu Koko|100/100
|-fieldstart|move: Electric Terrain|[from] ability: Electric Surge|[of] p1a: Tapu Koko
|
|-heal|p2a: the reaper|99/100|[from] item: Leftovers
|upkeep
|turn|21
|
|t:|1627600564
|switch|p2a: 2 soon|Garchomp, M|100/100
|-damage|p2a: 2 soon|88/100|[from] Spikes
|move|p1a: Tapu Koko|Thunderbolt|p2a: 2 soon
|-immune|p2a: 2 soon
|
|-heal|p2a: 2 soon|94/100|[from] item: Leftovers
|-sideend|p2: BestixL ☾|move: Light Screen
|upkeep
|turn|22
|
|t:|1627600570
|switch|p1a: Landorus|Landorus-Therian, M|94/100 tox
|-ability|p1a: Landorus|Intimidate|boost
|-unboost|p2a: 2 soon|atk|1
|move|p2a: 2 soon|Stealth Rock|p1a: Landorus
|-sidestart|p1: lt84jm sry|move: Stealth Rock
|
|-heal|p2a: 2 soon|100/100|[from] item: Leftovers
|-heal|p1a: Landorus|100/100 tox|[from] item: Leftovers
|-damage|p1a: Landorus|94/100 tox|[from] psn
|upkeep
|turn|23
|
|t:|1627600576
|switch|p2a: the reaper|Corviknight, M, shiny|99/100
|-ability|p2a: the reaper|Pressure
|move|p1a: Landorus|Stealth Rock|p2a: the reaper
|-sidestart|p2: BestixL ☾|move: Stealth Rock
|
|-heal|p1a: Landorus|100/100 tox|[from] item: Leftovers
|-heal|p2a: the reaper|100/100|[from] item: Leftovers
|-damage|p1a: Landorus|88/100 tox|[from] psn
|upkeep
|turn|24
|
|t:|1627600580
|switch|p1a: Toxapex|Toxapex, M|100/100
|-damage|p1a: Toxapex|88/100|[from] Stealth Rock
|move|p2a: the reaper|Defog|p1a: Toxapex
|-unboost|p1a: Toxapex|evasion|1
|-sideend|p1: lt84jm sry|Stealth Rock|[from] move: Defog|[of] p2a: the reaper
|-sideend|p2: BestixL ☾|Spikes|[from] move: Defog|[of] p2a: the reaper
|-sideend|p2: BestixL ☾|Stealth Rock|[from] move: Defog|[of] p2a: the reaper
|-fieldend|move: Electric Terrain
|
|upkeep
|turn|25
|
|t:|1627600587
|switch|p2a: just friends|Toxapex, M, shiny|86/100 brn
|move|p1a: Toxapex|Scald|p2a: just friends
|-resisted|p2a: just friends
|-damage|p2a: just friends|80/100 brn
|
|-damage|p2a: just friends|74/100 brn|[from] brn
|upkeep
|turn|26
|
|t:|1627600589
|switch|p2a: no space|Tornadus-Therian, M, shiny|81/100 tox
|switch|p1a: Ferrothorn|Ferrothorn, M|91/100
|
|-damage|p2a: no space|74/100 tox|[from] psn
|upkeep
|turn|27
|
|t:|1627600594
|switch|p1a: Toxapex|Toxapex, M|100/100
|move|p2a: no space|U-turn|p1a: Toxapex
|-resisted|p1a: Toxapex
|-damage|p1a: Toxapex|95/100
|j| manicghost
|
|t:|1627600620
|switch|p2a: Itsuki|Tapu Koko, shiny|91/100|[from]move: U-turn
|-fieldstart|move: Electric Terrain|[from] ability: Electric Surge|[of] p2a: Itsuki
|
|upkeep
|turn|28
|
|t:|1627600628
|switch|p2a: Night Market|Melmetal|100/100
|move|p1a: Toxapex|Scald|p2a: Night Market
|-damage|p2a: Night Market|85/100
|-status|p2a: Night Market|brn
|
|-heal|p2a: Night Market|91/100 brn|[from] item: Leftovers
|-damage|p2a: Night Market|85/100 brn|[from] brn
|upkeep
|turn|29
|
|t:|1627600635
|switch|p2a: no space|Tornadus-Therian, M, shiny|100/100 tox
|move|p1a: Toxapex|Knock Off|p2a: no space
|-damage|p2a: no space|86/100 tox
|-enditem|p2a: no space|Heavy-Duty Boots|[from] move: Knock Off|[of] p1a: Toxapex
|
|-damage|p2a: no space|79/100 tox|[from] psn
|upkeep
|turn|30
|
|t:|1627600638
|move|p2a: no space|U-turn|p1a: Toxapex
|-resisted|p1a: Toxapex
|-damage|p1a: Toxapex|90/100
|
|t:|1627600641
|switch|p2a: just friends|Toxapex, M, shiny|100/100 brn|[from]move: U-turn
|move|p1a: Toxapex|Scald|p2a: just friends
|-resisted|p2a: just friends
|-damage|p2a: just friends|96/100 brn
|
|-damage|p2a: just friends|90/100 brn|[from] brn
|upkeep
|turn|31
|
|t:|1627600643
|switch|p1a: Ferrothorn|Ferrothorn, M|91/100
|switch|p2a: no space|Tornadus-Therian, M, shiny|100/100 tox
|
|-damage|p2a: no space|94/100 tox|[from] psn
|-fieldend|move: Electric Terrain
|upkeep
|turn|32
|
|t:|1627600645
|switch|p1a: Toxapex|Toxapex, M|100/100
|move|p2a: no space|U-turn|p1a: Toxapex
|-resisted|p1a: Toxapex
|-damage|p1a: Toxapex|94/100
|
|t:|1627600647
|switch|p2a: Itsuki|Tapu Koko, shiny|91/100|[from]move: U-turn
|-fieldstart|move: Electric Terrain|[from] ability: Electric Surge|[of] p2a: Itsuki
|
|upkeep
|turn|33
|
|t:|1627600652
|switch|p1a: Ferrothorn|Ferrothorn, M|91/100
|move|p2a: Itsuki|Thunderbolt|p1a: Ferrothorn
|-resisted|p1a: Ferrothorn
|-damage|p1a: Ferrothorn|73/100
|
|upkeep
|turn|34
|
|t:|1627600659
|switch|p2a: the reaper|Corviknight, M, shiny|100/100
|-ability|p2a: the reaper|Pressure
|move|p1a: Ferrothorn|Leech Seed|p2a: the reaper
|-start|p2a: the reaper|move: Leech Seed
|
|-damage|p2a: the reaper|88/100|[from] Leech Seed|[of] p1a: Ferrothorn
|-heal|p1a: Ferrothorn|87/100|[silent]
|upkeep
|turn|35
|
|t:|1627600661
|switch|p2a: just friends|Toxapex, M, shiny|100/100 brn
|move|p1a: Ferrothorn|Spikes|p2a: just friends
|-sidestart|p2: BestixL ☾|Spikes
|
|-damage|p2a: just friends|95/100 brn|[from] brn
|upkeep
|turn|36
|
|t:|1627600665
|move|p2a: just friends|Light Screen|p2a: just friends
|-sidestart|p2: BestixL ☾|move: Light Screen
|move|p1a: Ferrothorn|Spikes|p2a: just friends
|-sidestart|p2: BestixL ☾|Spikes
|
|-damage|p2a: just friends|89/100 brn|[from] brn
|-fieldend|move: Electric Terrain
|upkeep
|turn|37
|
|t:|1627600668
|switch|p2a: the reaper|Corviknight, M, shiny|88/100
|-ability|p2a: the reaper|Pressure
|switch|p1a: Tapu Koko|Tapu Koko|100/100
|-fieldstart|move: Electric Terrain|[from] ability: Electric Surge|[of] p1a: Tapu Koko
|
|-heal|p2a: the reaper|94/100|[from] item: Leftovers
|upkeep
|turn|38
|
|t:|1627600670
|move|p1a: Tapu Koko|Thunderbolt|p2a: the reaper
|-supereffective|p2a: the reaper
|-damage|p2a: the reaper|49/100
|move|p2a: the reaper|Defog|p1a: Tapu Koko
|-unboost|p1a: Tapu Koko|evasion|1
|-sideend|p2: BestixL ☾|Spikes|[from] move: Defog|[of] p2a: the reaper
|-fieldend|move: Electric Terrain
|
|-heal|p2a: the reaper|55/100|[from] item: Leftovers
|upkeep
|turn|39
|
|t:|1627600675
|move|p1a: Tapu Koko|Thunderbolt|p2a: the reaper
|-supereffective|p2a: the reaper
|-damage|p2a: the reaper|16/100
|-status|p2a: the reaper|par
|move|p2a: the reaper|Roost|p2a: the reaper
|-heal|p2a: the reaper|66/100 par
|-singleturn|p2a: the reaper|move: Roost
|
|-heal|p2a: the reaper|72/100 par|[from] item: Leftovers
|upkeep
|turn|40
|
|t:|1627600681
|move|p1a: Tapu Koko|Dazzling Gleam|p2a: the reaper
|-resisted|p2a: the reaper
|-damage|p2a: the reaper|63/100 par
|move|p2a: the reaper|Roost|p2a: the reaper
|-heal|p2a: the reaper|100/100 par
|-singleturn|p2a: the reaper|move: Roost
|
|-sideend|p2: BestixL ☾|move: Light Screen
|upkeep
|turn|41
|
|t:|1627600683
|switch|p2a: just friends|Toxapex, M, shiny|100/100 brn
|move|p1a: Tapu Koko|Dazzling Gleam|p2a: just friends
|-resisted|p2a: just friends
|-damage|p2a: just friends|90/100 brn
|
|-damage|p2a: just friends|84/100 brn|[from] brn
|upkeep
|turn|42
|
|t:|1627600686
|move|p1a: Tapu Koko|U-turn|p2a: just friends
|-resisted|p2a: just friends
|-damage|p2a: just friends|78/100 brn
|
|t:|1627600688
|switch|p1a: Ferrothorn|Ferrothorn, M|87/100|[from]move: U-turn
|move|p2a: just friends|Knock Off|p1a: Ferrothorn
|-damage|p1a: Ferrothorn|83/100
|-damage|p2a: just friends|66/100 brn|[from] ability: Iron Barbs|[of] p1a: Ferrothorn
|
|-damage|p2a: just friends|60/100 brn|[from] brn
|upkeep
|turn|43
|
|t:|1627600695
|switch|p2a: no space|Tornadus-Therian, M, shiny|100/100 tox
|move|p1a: Ferrothorn|Spikes|p2a: no space
|-sidestart|p2: BestixL ☾|Spikes
|
|-damage|p2a: no space|94/100 tox|[from] psn
|upkeep
|turn|44
|
|t:|1627600698
|switch|p1a: Toxapex|Toxapex, M|100/100
|move|p2a: no space|U-turn|p1a: Toxapex
|-resisted|p1a: Toxapex
|-damage|p1a: Toxapex|95/100
|
|t:|1627600701
|switch|p2a: the reaper|Corviknight, M, shiny|100/100 par|[from]move: U-turn
|-ability|p2a: the reaper|Pressure
|
|upkeep
|turn|45
|
|t:|1627600705
|switch|p2a: no space|Tornadus-Therian, M, shiny|100/100 tox
|move|p1a: Toxapex|Knock Off|p2a: no space
|-damage|p2a: no space|90/100 tox
|
|-damage|p2a: no space|84/100 tox|[from] psn
|upkeep
|turn|46
|
|t:|1627600708
|move|p2a: no space|U-turn|p1a: Toxapex
|-resisted|p1a: Toxapex
|-damage|p1a: Toxapex|89/100
|
|t:|1627600710
|switch|p2a: just friends|Toxapex, M, shiny|93/100 brn|[from]move: U-turn
|-damage|p2a: just friends|81/100 brn|[from] Spikes
|move|p1a: Toxapex|Knock Off|p2a: just friends
|-damage|p2a: just friends|73/100 brn
|
|-damage|p2a: just friends|67/100 brn|[from] brn
|upkeep
|turn|47
|
|t:|1627600713
|switch|p1a: Ferrothorn|Ferrothorn, M|83/100
|move|p2a: just friends|Light Screen|p2a: just friends
|-sidestart|p2: BestixL ☾|move: Light Screen
|
|-damage|p2a: just friends|62/100 brn|[from] brn
|upkeep
|turn|48
|
|t:|1627600717
|switch|p2a: no space|Tornadus-Therian, M, shiny|100/100 tox
|switch|p1a: Tapu Koko|Tapu Koko|100/100
|-fieldstart|move: Electric Terrain|[from] ability: Electric Surge|[of] p1a: Tapu Koko
|
|-damage|p2a: no space|94/100 tox|[from] psn
|upkeep
|turn|49
|
|t:|1627600722
|move|p1a: Tapu Koko|Thunderbolt|p2a: no space
|-supereffective|p2a: no space
|-damage|p2a: no space|48/100 tox
|move|p2a: no space|Toxic|p1a: Tapu Koko|[miss]
|-miss|p2a: no space|p1a: Tapu Koko
|
|-damage|p2a: no space|36/100 tox|[from] psn
|upkeep
|turn|50
|
|t:|1627600728
|switch|p2a: just friends|Toxapex, M, shiny|95/100 brn
|-damage|p2a: just friends|83/100 brn|[from] Spikes
|move|p1a: Tapu Koko|U-turn|p2a: just friends
|-resisted|p2a: just friends
|-damage|p2a: just friends|76/100 brn
|
|t:|1627600732
|switch|p1a: Ferrothorn|Ferrothorn, M|83/100|[from]move: U-turn
|
|-damage|p2a: just friends|70/100 brn|[from] brn
|upkeep
|turn|51
|
|t:|1627600736
|switch|p2a: no space|Tornadus-Therian, M, shiny|69/100 tox
|move|p1a: Ferrothorn|Spikes|p2a: no space
|-sidestart|p2: BestixL ☾|Spikes
|
|-damage|p2a: no space|63/100 tox|[from] psn
|-sideend|p2: BestixL ☾|move: Light Screen
|upkeep
|turn|52
|
|t:|1627600738
|switch|p1a: Toxapex|Toxapex, M|100/100
|move|p2a: no space|U-turn|p1a: Toxapex
|-resisted|p1a: Toxapex
|-damage|p1a: Toxapex|95/100
|
|t:|1627600747
|switch|p2a: just friends|Toxapex, M, shiny|100/100 brn|[from]move: U-turn
|-damage|p2a: just friends|84/100 brn|[from] Spikes
|
|-damage|p2a: just friends|78/100 brn|[from] brn
|-fieldend|move: Electric Terrain
|upkeep
|turn|53
|
|t:|1627600751
|switch|p1a: Ferrothorn|Ferrothorn, M|83/100
|move|p2a: just friends|Light Screen|p2a: just friends
|-sidestart|p2: BestixL ☾|move: Light Screen
|
|-damage|p2a: just friends|72/100 brn|[from] brn
|upkeep
|turn|54
|
|t:|1627600760
|switch|p2a: the reaper|Corviknight, M, shiny|100/100 par
|-ability|p2a: the reaper|Pressure
|switch|p1a: Toxapex|Toxapex, M|100/100
|
|upkeep
|turn|55
|
|t:|1627600764
|switch|p2a: no space|Tornadus-Therian, M, shiny|97/100 tox
|move|p1a: Toxapex|Knock Off|p2a: no space
|-damage|p2a: no space|86/100 tox
|
|-damage|p2a: no space|79/100 tox|[from] psn
|upkeep
|turn|56
|
|t:|1627600767
|switch|p2a: just friends|Toxapex, M, shiny|100/100 brn
|-damage|p2a: just friends|84/100 brn|[from] Spikes
|move|p1a: Toxapex|Knock Off|p2a: just friends
|-damage|p2a: just friends|76/100 brn
|
|-damage|p2a: just friends|70/100 brn|[from] brn
|upkeep
|turn|57
|l| manicghost
|
|t:|1627600776
|switch|p1a: Ferrothorn|Ferrothorn, M|83/100
|move|p2a: just friends|Knock Off|p1a: Ferrothorn
|-damage|p1a: Ferrothorn|80/100
|-damage|p2a: just friends|58/100 brn|[from] ability: Iron Barbs|[of] p1a: Ferrothorn
|
|-damage|p2a: just friends|52/100 brn|[from] brn
|-sideend|p2: BestixL ☾|move: Light Screen
|upkeep
|turn|58
|
|t:|1627600782
|switch|p1a: Toxapex|Toxapex, M|100/100
|move|p2a: just friends|Light Screen|p2a: just friends
|-sidestart|p2: BestixL ☾|move: Light Screen
|
|-damage|p2a: just friends|46/100 brn|[from] brn
|upkeep
|turn|59
|
|t:|1627600785
|switch|p1a: Ferrothorn|Ferrothorn, M|80/100
|switch|p2a: no space|Tornadus-Therian, M, shiny|100/100 tox
|
|-damage|p2a: no space|94/100 tox|[from] psn
|upkeep
|turn|60
|
|t:|1627600787
|switch|p1a: Toxapex|Toxapex, M|100/100
|move|p2a: no space|U-turn|p1a: Toxapex
|-resisted|p1a: Toxapex
|-damage|p1a: Toxapex|95/100
|
|t:|1627600790
|switch|p2a: the reaper|Corviknight, M, shiny|100/100 par|[from]move: U-turn
|-ability|p2a: the reaper|Pressure
|
|upkeep
|turn|61
|
|t:|1627600796
|switch|p2a: no space|Tornadus-Therian, M, shiny|100/100 tox
|move|p1a: Toxapex|Knock Off|p2a: no space
|-damage|p2a: no space|89/100 tox
|
|-damage|p2a: no space|83/100 tox|[from] psn
|upkeep
|turn|62
|
|t:|1627600801
|move|p2a: no space|U-turn|p1a: Toxapex
|-resisted|p1a: Toxapex
|-damage|p1a: Toxapex|89/100
|
|t:|1627600803
|switch|p2a: just friends|Toxapex, M, shiny|79/100 brn|[from]move: U-turn
|-damage|p2a: just friends|63/100 brn|[from] Spikes
|move|p1a: Toxapex|Knock Off|p2a: just friends
|-damage|p2a: just friends|55/100 brn
|
|-damage|p2a: just friends|49/100 brn|[from] brn
|-sideend|p2: BestixL ☾|move: Light Screen
|upkeep
|turn|63
|
|t:|1627600807
|switch|p1a: Ferrothorn|Ferrothorn, M|80/100
|move|p2a: just friends|Light Screen|p2a: just friends
|-sidestart|p2: BestixL ☾|move: Light Screen
|
|-damage|p2a: just friends|43/100 brn|[from] brn
|upkeep
|turn|64
|
|t:|1627600812
|switch|p2a: no space|Tornadus-Therian, M, shiny|100/100 tox
|switch|p1a: Toxapex|Toxapex, M|100/100
|
|-damage|p2a: no space|94/100 tox|[from] psn
|upkeep
|turn|65
|
|t:|1627600818
|move|p2a: no space|U-turn|p1a: Toxapex
|-resisted|p1a: Toxapex
|-damage|p1a: Toxapex|95/100
|j| Degenerate_Z
|
|t:|1627600821
|switch|p2a: just friends|Toxapex, M, shiny|76/100 brn|[from]move: U-turn
|-damage|p2a: just friends|60/100 brn|[from] Spikes
|move|p1a: Toxapex|Haze|p1a: Toxapex
|-clearallboost
|
|-damage|p2a: just friends|54/100 brn|[from] brn
|upkeep
|turn|66
|
|t:|1627600827
|switch|p1a: Ferrothorn|Ferrothorn, M|80/100
|switch|p2a: the reaper|Corviknight, M, shiny|100/100 par
|-ability|p2a: the reaper|Pressure
|
|upkeep
|turn|67
|
|t:|1627600833
|switch|p1a: Tapu Koko|Tapu Koko|100/100
|-fieldstart|move: Electric Terrain|[from] ability: Electric Surge|[of] p1a: Tapu Koko
|move|p2a: the reaper|Defog|p1a: Tapu Koko
|-unboost|p1a: Tapu Koko|evasion|1
|-sideend|p2: BestixL ☾|Spikes|[from] move: Defog|[of] p2a: the reaper
|-fieldend|move: Electric Terrain
|
|-sideend|p2: BestixL ☾|move: Light Screen
|upkeep
|turn|68
|
|t:|1627600842
|switch|p2a: no space|Tornadus-Therian, M, shiny|100/100 tox
|move|p1a: Tapu Koko|Thunderbolt|p2a: no space
|-supereffective|p2a: no space
|-damage|p2a: no space|31/100 tox
|
|-damage|p2a: no space|25/100 tox|[from] psn
|upkeep
|turn|69
|
|t:|1627600856
|switch|p2a: just friends|Toxapex, M, shiny|87/100 brn
|move|p1a: Tapu Koko|Thunderbolt|p2a: just friends
|-supereffective|p2a: just friends
|-damage|p2a: just friends|36/100 brn
|
|-damage|p2a: just friends|30/100 brn|[from] brn
|upkeep
|turn|70
|
|t:|1627600860
|switch|p2a: Night Market|Melmetal|85/100 brn
|move|p1a: Tapu Koko|Dazzling Gleam|p2a: Night Market
|-resisted|p2a: Night Market
|-damage|p2a: Night Market|71/100 brn
|
|-heal|p2a: Night Market|77/100 brn|[from] item: Leftovers
|-damage|p2a: Night Market|71/100 brn|[from] brn
|upkeep
|turn|71
|
|t:|1627600868
|switch|p1a: Ferrothorn|Ferrothorn, M|80/100
|move|p2a: Night Market|Double Iron Bash|p1a: Ferrothorn
|-resisted|p1a: Ferrothorn
|-damage|p1a: Ferrothorn|74/100
|-damage|p2a: Night Market|58/100 brn|[from] ability: Iron Barbs|[of] p1a: Ferrothorn
|-resisted|p1a: Ferrothorn
|-damage|p1a: Ferrothorn|68/100
|-damage|p2a: Night Market|46/100 brn|[from] ability: Iron Barbs|[of] p1a: Ferrothorn
|-hitcount|p1a: Ferrothorn|2
|
|-heal|p2a: Night Market|52/100 brn|[from] item: Leftovers
|-damage|p2a: Night Market|46/100 brn|[from] brn
|upkeep
|turn|72
|
|t:|1627600871
|switch|p1a: Toxapex|Toxapex, M|100/100
|move|p2a: Night Market|Superpower|p1a: Toxapex
|-resisted|p1a: Toxapex
|-damage|p1a: Toxapex|91/100
|-unboost|p2a: Night Market|atk|1
|-unboost|p2a: Night Market|def|1
|
|-heal|p2a: Night Market|52/100 brn|[from] item: Leftovers
|-damage|p2a: Night Market|46/100 brn|[from] brn
|upkeep
|turn|73
|
|t:|1627600875
|switch|p1a: Ferrothorn|Ferrothorn, M|68/100
|move|p2a: Night Market|Protect||[still]
|-fail|p2a: Night Market
|
|-heal|p2a: Night Market|52/100 brn|[from] item: Leftovers
|-damage|p2a: Night Market|46/100 brn|[from] brn
|upkeep
|turn|74
|
|t:|1627600883
|switch|p2a: no space|Tornadus-Therian, M, shiny|58/100 tox
|move|p1a: Ferrothorn|Body Press|p2a: no space
|-resisted|p2a: no space
|-damage|p2a: no space|41/100 tox
|
|-damage|p2a: no space|35/100 tox|[from] psn
|upkeep
|turn|75
|
|t:|1627600888
|move|p2a: no space|U-turn|p1a: Ferrothorn
|-damage|p1a: Ferrothorn|59/100
|-damage|p2a: no space|23/100 tox|[from] ability: Iron Barbs|[of] p1a: Ferrothorn
|l| Degenerate_Z
|
|t:|1627600890
|switch|p2a: the reaper|Corviknight, M, shiny|100/100 par|[from]move: U-turn
|-ability|p2a: the reaper|Pressure
|move|p1a: Ferrothorn|Iron Head|p2a: the reaper
|-resisted|p2a: the reaper
|-damage|p2a: the reaper|92/100 par
|
|-heal|p2a: the reaper|98/100 par|[from] item: Leftovers
|upkeep
|turn|76
|
|t:|1627600898
|switch|p1a: Toxapex|Toxapex, M|100/100
|cant|p2a: the reaper|par
|
|-heal|p2a: the reaper|100/100 par|[from] item: Leftovers
|upkeep
|turn|77
|
|t:|1627600904
|switch|p1a: Tapu Koko|Tapu Koko|100/100
|-fieldstart|move: Electric Terrain|[from] ability: Electric Surge|[of] p1a: Tapu Koko
|switch|p2a: just friends|Toxapex, M, shiny|63/100 brn
|
|-damage|p2a: just friends|57/100 brn|[from] brn
|upkeep
|turn|78
|
|t:|1627600907
|switch|p2a: 2 soon|Garchomp, M|100/100
|move|p1a: Tapu Koko|Thunderbolt|p2a: 2 soon
|-immune|p2a: 2 soon
|
|upkeep
|turn|79
|j| manicghost
|
|t:|1627600922
|switch|p1a: Landorus|Landorus-Therian, M|88/100 tox
|-ability|p1a: Landorus|Intimidate|boost
|-unboost|p2a: 2 soon|atk|1
|move|p2a: 2 soon|Stealth Rock|p1a: Landorus
|-sidestart|p1: lt84jm sry|move: Stealth Rock
|
|-heal|p1a: Landorus|94/100 tox|[from] item: Leftovers
|-damage|p1a: Landorus|88/100 tox|[from] psn
|upkeep
|turn|80
|
|t:|1627600938
|switch|p2a: the reaper|Corviknight, M, shiny|100/100 par
|-ability|p2a: the reaper|Pressure
|move|p1a: Landorus|Stealth Rock|p2a: the reaper
|-sidestart|p2: BestixL ☾|move: Stealth Rock
|
|-heal|p1a: Landorus|94/100 tox|[from] item: Leftovers
|-damage|p1a: Landorus|82/100 tox|[from] psn
|upkeep
|turn|81
|
|t:|1627600946
|switch|p1a: Toxapex|Toxapex, M|100/100
|-damage|p1a: Toxapex|88/100|[from] Stealth Rock
|move|p2a: the reaper|Defog|p1a: Toxapex
|-unboost|p1a: Toxapex|evasion|1
|-sideend|p1: lt84jm sry|Stealth Rock|[from] move: Defog|[of] p2a: the reaper
|-sideend|p2: BestixL ☾|Stealth Rock|[from] move: Defog|[of] p2a: the reaper
|-fieldend|move: Electric Terrain
|
|upkeep
|turn|82
|
|t:|1627600954
|switch|p1a: Tapu Koko|Tapu Koko|100/100
|-fieldstart|move: Electric Terrain|[from] ability: Electric Surge|[of] p1a: Tapu Koko
|switch|p2a: just friends|Toxapex, M, shiny|91/100 brn
|
|-damage|p2a: just friends|85/100 brn|[from] brn
|upkeep
|turn|83
|l| manicghost
|
|t:|1627600956
|move|p1a: Tapu Koko|U-turn|p2a: just friends
|-resisted|p2a: just friends
|-damage|p2a: just friends|79/100 brn
|
|t:|1627600959
|switch|p1a: Ferrothorn|Ferrothorn, M|59/100|[from]move: U-turn
|move|p2a: just friends|Light Screen|p2a: just friends
|-sidestart|p2: BestixL ☾|move: Light Screen
|
|-damage|p2a: just friends|73/100 brn|[from] brn
|upkeep
|turn|84
|
|t:|1627600964
|switch|p2a: no space|Tornadus-Therian, M, shiny|56/100 tox
|move|p1a: Ferrothorn|Leech Seed|p2a: no space
|-start|p2a: no space|move: Leech Seed
|
|-damage|p2a: no space|44/100 tox|[from] Leech Seed|[of] p1a: Ferrothorn
|-heal|p1a: Ferrothorn|72/100|[silent]
|-damage|p2a: no space|38/100 tox|[from] psn
|upkeep
|turn|85
|
|t:|1627600968
|move|p2a: no space|U-turn|p1a: Ferrothorn
|-damage|p1a: Ferrothorn|64/100
|-damage|p2a: no space|25/100 tox|[from] ability: Iron Barbs|[of] p1a: Ferrothorn
|
|t:|1627600970
|switch|p2a: the reaper|Corviknight, M, shiny|100/100 par|[from]move: U-turn
|-ability|p2a: the reaper|Pressure
|move|p1a: Ferrothorn|Spikes|p2a: the reaper
|-sidestart|p2: BestixL ☾|Spikes
|
|upkeep
|turn|86
|
|t:|1627600981
|switch|p2a: 2 soon|Garchomp, M|100/100
|-damage|p2a: 2 soon|88/100|[from] Spikes
|switch|p1a: Toxapex|Toxapex, M|100/100
|
|-heal|p2a: 2 soon|94/100|[from] item: Leftovers
|-fieldend|move: Electric Terrain
|upkeep
|turn|87
|
|t:|1627600985
|move|p2a: 2 soon|Protect|p2a: 2 soon
|-singleturn|p2a: 2 soon|Protect
|move|p1a: Toxapex|Knock Off|p2a: 2 soon
|-activate|p2a: 2 soon|move: Protect
|
|-heal|p2a: 2 soon|100/100|[from] item: Leftovers
|-sideend|p2: BestixL ☾|move: Light Screen
|upkeep
|turn|88
|
|t:|1627600991
|switch|p2a: no space|Tornadus-Therian, M, shiny|58/100 tox
|move|p1a: Toxapex|Knock Off|p2a: no space
|-damage|p2a: no space|49/100 tox
|
|-damage|p2a: no space|43/100 tox|[from] psn
|upkeep
|turn|89
|
|t:|1627600996
|switch|p1a: Ferrothorn|Ferrothorn, M|64/100
|move|p2a: no space|U-turn|p1a: Ferrothorn
|-damage|p1a: Ferrothorn|55/100
|-damage|p2a: no space|30/100 tox|[from] ability: Iron Barbs|[of] p1a: Ferrothorn
|
|t:|1627601005
|switch|p2a: just friends|Toxapex, M, shiny|100/100 brn|[from]move: U-turn
|-damage|p2a: just friends|88/100 brn|[from] Spikes
|
|-damage|p2a: just friends|82/100 brn|[from] brn
|upkeep
|turn|90
|
|t:|1627601008
|switch|p2a: no space|Tornadus-Therian, M, shiny|63/100 tox
|move|p1a: Ferrothorn|Leech Seed|p2a: no space
|-start|p2a: no space|move: Leech Seed
|
|-damage|p2a: no space|51/100 tox|[from] Leech Seed|[of] p1a: Ferrothorn
|-heal|p1a: Ferrothorn|68/100|[silent]
|-damage|p2a: no space|45/100 tox|[from] psn
|upkeep
|turn|91
|
|t:|1627601014
|move|p2a: no space|U-turn|p1a: Ferrothorn
|-damage|p1a: Ferrothorn|59/100
|-damage|p2a: no space|32/100 tox|[from] ability: Iron Barbs|[of] p1a: Ferrothorn
|
|t:|1627601016
|switch|p2a: the reaper|Corviknight, M, shiny|100/100 par|[from]move: U-turn
|-ability|p2a: the reaper|Pressure
|move|p1a: Ferrothorn|Leech Seed|p2a: the reaper
|-start|p2a: the reaper|move: Leech Seed
|
|-damage|p2a: the reaper|88/100 par|[from] Leech Seed|[of] p1a: Ferrothorn
|-heal|p1a: Ferrothorn|73/100|[silent]
|upkeep
|turn|92
|
|t:|1627601023
|switch|p2a: 2 soon|Garchomp, M|100/100
|-damage|p2a: 2 soon|88/100|[from] Spikes
|move|p1a: Ferrothorn|Spikes|p2a: 2 soon
|-sidestart|p2: BestixL ☾|Spikes
|
|-heal|p2a: 2 soon|94/100|[from] item: Leftovers
|upkeep
|turn|93
|
|t:|1627601035
|switch|p1a: Weavile|Weavile, M|100/100
|-ability|p1a: Weavile|Pressure
|move|p2a: 2 soon|Earthquake|p1a: Weavile
|-damage|p1a: Weavile|24/100
|
|-heal|p2a: 2 soon|100/100|[from] item: Leftovers
|upkeep
|turn|94
|j| her worth
|inactive|BestixL ☾ has 120 seconds left.
|inactive|lt84jm sry has 120 seconds left.
|inactive|BestixL ☾ has 90 seconds left.
|inactive|BestixL ☾ has 60 seconds left.
|
|t:|1627601140
|switch|p2a: the reaper|Corviknight, M, shiny|88/100 par
|-ability|p2a: the reaper|Pressure
|move|p1a: Weavile|Triple Axel|p2a: the reaper
|-damage|p2a: the reaper|81/100 par
|-damage|p2a: the reaper|67/100 par
|-damage|p2a: the reaper|46/100 par
|-hitcount|p2a: the reaper|3
|
|-heal|p2a: the reaper|52/100 par|[from] item: Leftovers
|upkeep
|turn|95
|
|t:|1627601157
|move|p1a: Weavile|Knock Off|p2a: the reaper
|-damage|p2a: the reaper|21/100 par
|-enditem|p2a: the reaper|Leftovers|[from] move: Knock Off|[of] p1a: Weavile
|move|p2a: the reaper|Defog|p1a: Weavile
|-unboost|p1a: Weavile|evasion|1
|-sideend|p2: BestixL ☾|Spikes|[from] move: Defog|[of] p2a: the reaper
|
|upkeep
|turn|96
|
|t:|1627601167
|switch|p2a: just friends|Toxapex, M, shiny|100/100 brn
|move|p1a: Weavile|Swords Dance|p1a: Weavile
|-boost|p1a: Weavile|atk|2
|
|-damage|p2a: just friends|95/100 brn|[from] brn
|upkeep
|turn|97
|
|t:|1627601171
|move|p1a: Weavile|Knock Off|p2a: just friends
|-damage|p2a: just friends|40/100 brn
|move|p2a: just friends|Haze|p2a: just friends
|-clearallboost
|
|-damage|p2a: just friends|34/100 brn|[from] brn
|upkeep
|turn|98
|
|t:|1627601176
|switch|p2a: Itsuki|Tapu Koko, shiny|91/100
|-fieldstart|move: Electric Terrain|[from] ability: Electric Surge|[of] p2a: Itsuki
|move|p1a: Weavile|Swords Dance|p1a: Weavile
|-boost|p1a: Weavile|atk|2
|
|upkeep
|turn|99
|inactive|lt84jm sry has 90 seconds left.
|
|t:|1627601202
|switch|p2a: the reaper|Corviknight, M, shiny|21/100 par
|-ability|p2a: the reaper|Pressure
|switch|p1a: Ferrothorn|Ferrothorn, M|73/100
|
|upkeep
|turn|100
|
|t:|1627601207
|move|p2a: the reaper|Roost|p2a: the reaper
|-heal|p2a: the reaper|71/100 par
|-singleturn|p2a: the reaper|move: Roost
|move|p1a: Ferrothorn|Body Press|p2a: the reaper
|-supereffective|p2a: the reaper
|-damage|p2a: the reaper|33/100 par
|
|upkeep
|turn|101
|
|t:|1627601215
|move|p2a: the reaper|Iron Defense|p2a: the reaper
|-boost|p2a: the reaper|def|2
|move|p1a: Ferrothorn|Body Press|p2a: the reaper
|-damage|p2a: the reaper|25/100 par
|
|upkeep
|turn|102
|
|t:|1627601221
|switch|p1a: Toxapex|Toxapex, M|100/100
|move|p2a: the reaper|Roost|p2a: the reaper
|-heal|p2a: the reaper|75/100 par
|-singleturn|p2a: the reaper|move: Roost
|
|-fieldend|move: Electric Terrain
|upkeep
|turn|103
|
|t:|1627601231
|move|p1a: Toxapex|Haze|p1a: Toxapex
|-clearallboost
|move|p2a: the reaper|Roost|p2a: the reaper
|-heal|p2a: the reaper|100/100 par
|-singleturn|p2a: the reaper|move: Roost
|
|upkeep
|turn|104
|
|t:|1627601238
|switch|p1a: Tornadus|Tornadus-Therian, M|100/100
|move|p2a: the reaper|Iron Defense|p2a: the reaper
|-boost|p2a: the reaper|def|2
|
|upkeep
|turn|105
|
|t:|1627601241
|switch|p1a: Toxapex|Toxapex, M|100/100
|switch|p2a: Itsuki|Tapu Koko, shiny|91/100
|-fieldstart|move: Electric Terrain|[from] ability: Electric Surge|[of] p2a: Itsuki
|
|upkeep
|turn|106
|
|t:|1627601245
|switch|p2a: the reaper|Corviknight, M, shiny|100/100 par
|-ability|p2a: the reaper|Pressure
|move|p1a: Toxapex|Scald|p2a: the reaper
|-damage|p2a: the reaper|83/100 par
|
|upkeep
|turn|107
|inactive|BestixL ☾ has 60 seconds left.
|
|t:|1627601255
|switch|p1a: Tapu Koko|Tapu Koko|100/100
|move|p2a: the reaper|Body Press|p1a: Tapu Koko
|-resisted|p1a: Tapu Koko
|-damage|p1a: Tapu Koko|83/100
|
|upkeep
|turn|108
|
|t:|1627601263
|switch|p2a: 2 soon|Garchomp, M|100/100
|move|p1a: Tapu Koko|Thunderbolt|p2a: 2 soon
|-immune|p2a: 2 soon
|
|upkeep
|turn|109
|
|t:|1627601271
|switch|p1a: Landorus|Landorus-Therian, M|82/100 tox
|-ability|p1a: Landorus|Intimidate|boost
|-unboost|p2a: 2 soon|atk|1
|move|p2a: 2 soon|Earthquake|p1a: Landorus
|-immune|p1a: Landorus
|
|-heal|p1a: Landorus|88/100 tox|[from] item: Leftovers
|-damage|p1a: Landorus|82/100 tox|[from] psn
|-fieldend|move: Electric Terrain
|upkeep
|turn|110
|
|t:|1627601279
|switch|p2a: the reaper|Corviknight, M, shiny|83/100 par
|-ability|p2a: the reaper|Pressure
|move|p1a: Landorus|Toxic|p2a: the reaper|[miss]
|-miss|p1a: Landorus|p2a: the reaper
|
|-heal|p1a: Landorus|88/100 tox|[from] item: Leftovers
|-damage|p1a: Landorus|76/100 tox|[from] psn
|upkeep
|turn|111
|
|t:|1627601284
|move|p1a: Landorus|Stealth Rock|p2a: the reaper
|-sidestart|p2: BestixL ☾|move: Stealth Rock
|move|p2a: the reaper|Roost|p2a: the reaper
|-heal|p2a: the reaper|100/100 par
|-singleturn|p2a: the reaper|move: Roost
|
|-heal|p1a: Landorus|82/100 tox|[from] item: Leftovers
|-damage|p1a: Landorus|64/100 tox|[from] psn
|upkeep
|turn|112
|
|t:|1627601293
|switch|p1a: Tornadus|Tornadus-Therian, M|100/100
|move|p2a: the reaper|Defog|p1a: Tornadus
|-unboost|p1a: Tornadus|evasion|1
|-sideend|p2: BestixL ☾|Stealth Rock|[from] move: Defog|[of] p2a: the reaper
|
|upkeep
|turn|113
|
|t:|1627601299
|switch|p2a: Itsuki|Tapu Koko, shiny|91/100
|-fieldstart|move: Electric Terrain|[from] ability: Electric Surge|[of] p2a: Itsuki
|move|p1a: Tornadus|Nasty Plot|p1a: Tornadus
|-boost|p1a: Tornadus|spa|2
|
|upkeep
|turn|114
|
|t:|1627601303
|switch|p1a: Ferrothorn|Ferrothorn, M|73/100
|move|p2a: Itsuki|Thunderbolt|p1a: Ferrothorn
|-resisted|p1a: Ferrothorn
|-damage|p1a: Ferrothorn|55/100
|
|upkeep
|turn|115
|
|t:|1627601306
|move|p2a: Itsuki|Thunderbolt|p1a: Ferrothorn
|-resisted|p1a: Ferrothorn
|-damage|p1a: Ferrothorn|35/100
|move|p1a: Ferrothorn|Leech Seed|p2a: Itsuki|[miss]
|-miss|p1a: Ferrothorn|p2a: Itsuki
|
|upkeep
|turn|116
|
|t:|1627601309
|move|p2a: Itsuki|Thunderbolt|p1a: Ferrothorn
|-resisted|p1a: Ferrothorn
|-damage|p1a: Ferrothorn|16/100
|move|p1a: Ferrothorn|Leech Seed|p2a: Itsuki
|-start|p2a: Itsuki|move: Leech Seed
|
|-damage|p2a: Itsuki|78/100|[from] Leech Seed|[of] p1a: Ferrothorn
|-heal|p1a: Ferrothorn|26/100|[silent]
|upkeep
|turn|117
|
|t:|1627601313
|switch|p2a: the reaper|Corviknight, M, shiny|100/100 par
|-ability|p2a: the reaper|Pressure
|move|p1a: Ferrothorn|Iron Head|p2a: the reaper
|-resisted|p2a: the reaper
|-damage|p2a: the reaper|92/100 par
|
|-fieldend|move: Electric Terrain
|upkeep
|turn|118
|
|t:|1627601317
|switch|p2a: Itsuki|Tapu Koko, shiny|78/100
|-fieldstart|move: Electric Terrain|[from] ability: Electric Surge|[of] p2a: Itsuki
|switch|p1a: Tapu Koko|Tapu Koko|83/100
|
|upkeep
|turn|119
|
|t:|1627601322
|switch|p2a: just friends|Toxapex, M, shiny|67/100 brn
|move|p1a: Tapu Koko|Dazzling Gleam|p2a: just friends
|-resisted|p2a: just friends
|-damage|p2a: just friends|57/100 brn
|
|-damage|p2a: just friends|51/100 brn|[from] brn
|upkeep
|turn|120
|
|t:|1627601332
|move|p1a: Tapu Koko|Dazzling Gleam|p2a: just friends
|-resisted|p2a: just friends
|-damage|p2a: just friends|40/100 brn
|move|p2a: just friends|Light Screen|p2a: just friends
|-sidestart|p2: BestixL ☾|move: Light Screen
|
|-damage|p2a: just friends|34/100 brn|[from] brn
|upkeep
|turn|121
|
|t:|1627601336
|switch|p2a: 2 soon|Garchomp, M|100/100
|move|p1a: Tapu Koko|Dazzling Gleam|p2a: 2 soon
|-supereffective|p2a: 2 soon
|-damage|p2a: 2 soon|75/100
|
|-heal|p2a: 2 soon|81/100|[from] item: Leftovers
|upkeep
|turn|122
|
|t:|1627601343
|switch|p1a: Landorus|Landorus-Therian, M|64/100 tox
|-ability|p1a: Landorus|Intimidate|boost
|-unboost|p2a: 2 soon|atk|1
|move|p2a: 2 soon|Stealth Rock|p1a: Landorus
|-sidestart|p1: lt84jm sry|move: Stealth Rock
|
|-heal|p2a: 2 soon|88/100|[from] item: Leftovers
|-heal|p1a: Landorus|70/100 tox|[from] item: Leftovers
|-damage|p1a: Landorus|64/100 tox|[from] psn
|-fieldend|move: Electric Terrain
|upkeep
|turn|123
|inactive|BestixL ☾ has 90 seconds left.
|
|t:|1627601377
|switch|p2a: no space|Tornadus-Therian, M, shiny|66/100 tox
|move|p1a: Landorus|Stealth Rock|p2a: no space
|-sidestart|p2: BestixL ☾|move: Stealth Rock
|
|-heal|p1a: Landorus|70/100 tox|[from] item: Leftovers
|-damage|p2a: no space|60/100 tox|[from] psn
|-damage|p1a: Landorus|58/100 tox|[from] psn
|upkeep
|turn|124
|
|t:|1627601385
|switch|p1a: Toxapex|Toxapex, M|100/100
|-damage|p1a: Toxapex|88/100|[from] Stealth Rock
|move|p2a: no space|U-turn|p1a: Toxapex
|-resisted|p1a: Toxapex
|-damage|p1a: Toxapex|82/100
|
|t:|1627601389
|switch|p2a: the reaper|Corviknight, M, shiny|92/100 par|[from]move: U-turn
|-damage|p2a: the reaper|80/100 par|[from] Stealth Rock
|-ability|p2a: the reaper|Pressure
|
|-sideend|p2: BestixL ☾|move: Light Screen
|upkeep
|turn|125
|
|t:|1627601400
|switch|p1a: Tapu Koko|Tapu Koko|83/100
|-fieldstart|move: Electric Terrain|[from] ability: Electric Surge|[of] p1a: Tapu Koko
|move|p2a: the reaper|Defog|p1a: Tapu Koko
|-unboost|p1a: Tapu Koko|evasion|1
|-sideend|p1: lt84jm sry|Stealth Rock|[from] move: Defog|[of] p2a: the reaper
|-sideend|p2: BestixL ☾|Stealth Rock|[from] move: Defog|[of] p2a: the reaper
|-fieldend|move: Electric Terrain
|
|upkeep
|turn|126
|
|t:|1627601405
|switch|p2a: 2 soon|Garchomp, M|88/100
|move|p1a: Tapu Koko|U-turn|p2a: 2 soon
|-damage|p2a: 2 soon|76/100
|-damage|p1a: Tapu Koko|70/100|[from] ability: Rough Skin|[of] p2a: 2 soon
|
|t:|1627601408
|switch|p1a: Weavile|Weavile, M|24/100|[from]move: U-turn
|-ability|p1a: Weavile|Pressure
|
|-heal|p2a: 2 soon|83/100|[from] item: Leftovers
|upkeep
|turn|127
|
|t:|1627601421
|switch|p2a: Night Market|Melmetal|46/100 brn
|move|p1a: Weavile|Swords Dance|p1a: Weavile
|-boost|p1a: Weavile|atk|2
|
|-heal|p2a: Night Market|52/100 brn|[from] item: Leftovers
|-damage|p2a: Night Market|46/100 brn|[from] brn
|upkeep
|turn|128
|
|t:|1627601430
|move|p1a: Weavile|Knock Off|p2a: Night Market
|-damage|p2a: Night Market|0 fnt
|-enditem|p2a: Night Market|Leftovers|[from] move: Knock Off|[of] p1a: Weavile
|faint|p2a: Night Market
|
|upkeep
|
|t:|1627601432
|switch|p2a: Itsuki|Tapu Koko, shiny|78/100
|-fieldstart|move: Electric Terrain|[from] ability: Electric Surge|[of] p2a: Itsuki
|turn|129
|
|t:|1627601439
|move|p1a: Weavile|Ice Shard|p2a: Itsuki
|-damage|p2a: Itsuki|18/100
|move|p2a: Itsuki|Dazzling Gleam|p1a: Weavile
|-supereffective|p1a: Weavile
|-damage|p1a: Weavile|0 fnt
|faint|p1a: Weavile
|
|upkeep
|
|t:|1627601446
|switch|p1a: Tapu Koko|Tapu Koko|70/100
|turn|130
|
|t:|1627601467
|switch|p2a: just friends|Toxapex, M, shiny|67/100 brn
|move|p1a: Tapu Koko|Dazzling Gleam|p2a: just friends
|-resisted|p2a: just friends
|-crit|p2a: just friends
|-damage|p2a: just friends|51/100 brn
|
|-damage|p2a: just friends|45/100 brn|[from] brn
|upkeep
|turn|131
|
|t:|1627601471
|switch|p2a: 2 soon|Garchomp, M|83/100
|move|p1a: Tapu Koko|Dazzling Gleam|p2a: 2 soon
|-supereffective|p2a: 2 soon
|-damage|p2a: 2 soon|30/100
|
|-heal|p2a: 2 soon|36/100|[from] item: Leftovers
|upkeep
|turn|132
|
|t:|1627601480
|move|p2a: 2 soon|Protect|p2a: 2 soon
|-singleturn|p2a: 2 soon|Protect
|move|p1a: Tapu Koko|Dazzling Gleam|p2a: 2 soon
|-activate|p2a: 2 soon|move: Protect
|
|-heal|p2a: 2 soon|42/100|[from] item: Leftovers
|upkeep
|turn|133
|
|t:|1627601486
|switch|p2a: just friends|Toxapex, M, shiny|79/100 brn
|move|p1a: Tapu Koko|Thunderbolt|p2a: just friends
|-supereffective|p2a: just friends
|-damage|p2a: just friends|13/100 brn
|
|-damage|p2a: just friends|7/100 brn|[from] brn
|-fieldend|move: Electric Terrain
|upkeep
|turn|134
|
|t:|1627601496
|switch|p2a: no space|Tornadus-Therian, M, shiny|93/100 tox
|move|p1a: Tapu Koko|Thunderbolt|p2a: no space
|-supereffective|p2a: no space
|-damage|p2a: no space|27/100 tox
|
|-damage|p2a: no space|21/100 tox|[from] psn
|upkeep
|turn|135
|
|t:|1627601507
|switch|p2a: just friends|Toxapex, M, shiny|40/100 brn
|move|p1a: Tapu Koko|Thunderbolt|p2a: just friends
|-supereffective|p2a: just friends
|-damage|p2a: just friends|0 fnt
|faint|p2a: just friends
|
|upkeep
|
|t:|1627601509
|switch|p2a: 2 soon|Garchomp, M|42/100
|turn|136
|
|t:|1627601514
|move|p2a: 2 soon|Protect|p2a: 2 soon
|-singleturn|p2a: 2 soon|Protect
|move|p1a: Tapu Koko|Dazzling Gleam|p2a: 2 soon
|-activate|p2a: 2 soon|move: Protect
|
|-heal|p2a: 2 soon|48/100|[from] item: Leftovers
|upkeep
|turn|137
|j| tunetc
|
|t:|1627601525
|switch|p2a: the reaper|Corviknight, M, shiny|80/100 par
|-ability|p2a: the reaper|Pressure
|move|p1a: Tapu Koko|Dazzling Gleam|p2a: the reaper
|-resisted|p2a: the reaper
|-damage|p2a: the reaper|64/100 par
|
|upkeep
|turn|138
|
|t:|1627601534
|switch|p2a: 2 soon|Garchomp, M|48/100
|move|p1a: Tapu Koko|Thunderbolt|p2a: 2 soon
|-immune|p2a: 2 soon
|
|-heal|p2a: 2 soon|54/100|[from] item: Leftovers
|upkeep
|turn|139
|
|t:|1627601537
|switch|p1a: Landorus|Landorus-Therian, M|58/100 tox
|-ability|p1a: Landorus|Intimidate|boost
|-unboost|p2a: 2 soon|atk|1
|move|p2a: 2 soon|Protect||[still]
|-fail|p2a: 2 soon
|
|-heal|p2a: 2 soon|61/100|[from] item: Leftovers
|-heal|p1a: Landorus|64/100 tox|[from] item: Leftovers
|-damage|p1a: Landorus|58/100 tox|[from] psn
|upkeep
|turn|140
|
|t:|1627601541
|switch|p2a: the reaper|Corviknight, M, shiny|64/100 par
|-ability|p2a: the reaper|Pressure
|move|p1a: Landorus|Stealth Rock|p2a: the reaper
|-sidestart|p2: BestixL ☾|move: Stealth Rock
|
|-heal|p1a: Landorus|64/100 tox|[from] item: Leftovers
|-damage|p1a: Landorus|52/100 tox|[from] psn
|upkeep
|turn|141
|
|t:|1627601548
|switch|p1a: Tapu Koko|Tapu Koko|70/100
|-fieldstart|move: Electric Terrain|[from] ability: Electric Surge|[of] p1a: Tapu Koko
|move|p2a: the reaper|Defog|p1a: Tapu Koko
|-unboost|p1a: Tapu Koko|evasion|1
|-sideend|p2: BestixL ☾|Stealth Rock|[from] move: Defog|[of] p2a: the reaper
|-fieldend|move: Electric Terrain
|
|upkeep
|turn|142
|inactive|BestixL ☾ has 120 seconds left.
|
|t:|1627601567
|switch|p2a: 2 soon|Garchomp, M|61/100
|move|p1a: Tapu Koko|Thunderbolt|p2a: 2 soon
|-immune|p2a: 2 soon
|
|-heal|p2a: 2 soon|67/100|[from] item: Leftovers
|upkeep
|turn|143
|
|t:|1627601586
|switch|p1a: Landorus|Landorus-Therian, M|52/100 tox
|-ability|p1a: Landorus|Intimidate|boost
|-unboost|p2a: 2 soon|atk|1
|move|p2a: 2 soon|Earthquake|p1a: Landorus
|-immune|p1a: Landorus
|
|-heal|p2a: 2 soon|73/100|[from] item: Leftovers
|-heal|p1a: Landorus|58/100 tox|[from] item: Leftovers
|-damage|p1a: Landorus|52/100 tox|[from] psn
|upkeep
|turn|144
|
|t:|1627601591
|switch|p2a: the reaper|Corviknight, M, shiny|64/100 par
|-ability|p2a: the reaper|Pressure
|move|p1a: Landorus|Stealth Rock|p2a: the reaper
|-sidestart|p2: BestixL ☾|move: Stealth Rock
|
|-heal|p1a: Landorus|58/100 tox|[from] item: Leftovers
|-damage|p1a: Landorus|46/100 tox|[from] psn
|upkeep
|turn|145
|
|t:|1627601606
|move|p1a: Landorus|U-turn|p2a: the reaper
|-resisted|p2a: the reaper
|-crit|p2a: the reaper
|-damage|p2a: the reaper|59/100 par
|
|t:|1627601611
|switch|p1a: Tornadus|Tornadus-Therian, M|100/100|[from]move: U-turn
|move|p2a: the reaper|Defog|p1a: Tornadus
|-unboost|p1a: Tornadus|evasion|1
|-sideend|p2: BestixL ☾|Stealth Rock|[from] move: Defog|[of] p2a: the reaper
|
|upkeep
|turn|146
|inactive|BestixL ☾ has 120 seconds left.
|
|t:|1627601624
|switch|p2a: no space|Tornadus-Therian, M, shiny|55/100 tox
|move|p1a: Tornadus|Taunt|p2a: no space
|-start|p2a: no space|move: Taunt
|
|-damage|p2a: no space|48/100 tox|[from] psn
|upkeep
|turn|147
|inactive|BestixL ☾ has 120 seconds left.
|
|t:|1627601631
|move|p2a: no space|U-turn|p1a: Tornadus
|-resisted|p1a: Tornadus
|-damage|p1a: Tornadus|92/100
|c|☆BestixL ☾|oh
|l| tunetc
|inactive|BestixL ☾ has 120 seconds left.
|c|☆BestixL ☾|nice spread
|c|☆BestixL ☾|352 right
|c|☆lt84jm sry|Actually
|c|☆lt84jm sry|less
|l| kanibaru
|c|☆lt84jm sry|But not on purpose
|inactive|BestixL ☾ has 90 seconds left.
|c|☆BestixL ☾|ic
|c|☆BestixL ☾|well
|c|☆BestixL ☾|thats bad
|l| flex oklm
|
|t:|1627601692
|switch|p2a: the reaper|Corviknight, M, shiny|59/100 par|[from]move: U-turn
|-ability|p2a: the reaper|Pressure
|move|p1a: Tornadus|Hurricane|p2a: the reaper
|-resisted|p2a: the reaper
|-damage|p2a: the reaper|39/100 par
|
|upkeep
|turn|148
|
|t:|1627601707
|switch|p2a: no space|Tornadus-Therian, M, shiny|82/100 tox
|move|p1a: Tornadus|Taunt|p2a: no space
|-start|p2a: no space|move: Taunt
|
|-damage|p2a: no space|76/100 tox|[from] psn
|upkeep
|turn|149
|
|t:|1627601714
|move|p2a: no space|Hurricane|p1a: Tornadus
|-damage|p1a: Tornadus|51/100
|move|p1a: Tornadus|Hurricane|p2a: no space|[miss]
|-miss|p1a: Tornadus|p2a: no space
|
|-damage|p2a: no space|63/100 tox|[from] psn
|upkeep
|turn|150
|
|t:|1627601725
|move|p2a: no space|Hurricane|p1a: Tornadus
|-damage|p1a: Tornadus|7/100
|move|p1a: Tornadus|Hurricane|p2a: no space
|-damage|p2a: no space|21/100 tox
|
|-damage|p2a: no space|2/100 tox|[from] psn
|-end|p2a: no space|move: Taunt
|upkeep
|turn|151
|inactive|BestixL ☾ has 60 seconds left.
|
|t:|1627601747
|switch|p1a: Ferrothorn|Ferrothorn, M|26/100
|move|p2a: no space|U-turn|p1a: Ferrothorn
|-damage|p1a: Ferrothorn|17/100
|-damage|p2a: no space|0 fnt|[from] ability: Iron Barbs|[of] p1a: Ferrothorn
|faint|p2a: no space
|
|upkeep
|
|t:|1627601751
|switch|p2a: Itsuki|Tapu Koko, shiny|18/100
|-fieldstart|move: Electric Terrain|[from] ability: Electric Surge|[of] p2a: Itsuki
|turn|152
|inactive|BestixL ☾ has 60 seconds left.
|
|t:|1627601783
|move|p2a: Itsuki|Roost|p2a: Itsuki
|-heal|p2a: Itsuki|68/100
|-singleturn|p2a: Itsuki|move: Roost
|move|p1a: Ferrothorn|Leech Seed|p2a: Itsuki
|-start|p2a: Itsuki|move: Leech Seed
|
|-damage|p2a: Itsuki|56/100|[from] Leech Seed|[of] p1a: Ferrothorn
|-heal|p1a: Ferrothorn|28/100|[silent]
|upkeep
|turn|153
|
|t:|1627601790
|switch|p2a: the reaper|Corviknight, M, shiny|39/100 par
|-ability|p2a: the reaper|Pressure
|move|p1a: Ferrothorn|Leech Seed|p2a: the reaper
|-start|p2a: the reaper|move: Leech Seed
|
|-damage|p2a: the reaper|27/100 par|[from] Leech Seed|[of] p1a: Ferrothorn
|-heal|p1a: Ferrothorn|42/100|[silent]
|upkeep
|turn|154
|j| The Dragon Gyrados
|
|t:|1627601803
|switch|p2a: 2 soon|Garchomp, M|73/100
|move|p1a: Ferrothorn|Body Press|p2a: 2 soon
|-damage|p2a: 2 soon|49/100
|-damage|p1a: Ferrothorn|29/100|[from] ability: Rough Skin|[of] p2a: 2 soon
|
|-heal|p2a: 2 soon|55/100|[from] item: Leftovers
|upkeep
|turn|155
|
|t:|1627601810
|switch|p1a: Tornadus|Tornadus-Therian, M|40/100
|move|p2a: 2 soon|Earthquake|p1a: Tornadus
|-immune|p1a: Tornadus
|
|-heal|p2a: 2 soon|61/100|[from] item: Leftovers
|upkeep
|turn|156
|
|t:|1627601824
|switch|p1a: Toxapex|Toxapex, M|100/100
|move|p2a: 2 soon|Stealth Rock|p1a: Toxapex
|-sidestart|p1: lt84jm sry|move: Stealth Rock
|
|-heal|p2a: 2 soon|68/100|[from] item: Leftovers
|-fieldend|move: Electric Terrain
|upkeep
|turn|157
|
|t:|1627601833
|switch|p2a: the reaper|Corviknight, M, shiny|27/100 par
|-ability|p2a: the reaper|Pressure
|move|p1a: Toxapex|Scald|p2a: the reaper
|-crit|p2a: the reaper
|-damage|p2a: the reaper|2/100 par
|
|upkeep
|turn|158
|c| The Dragon Gyrados|lets go BestixL
|
|t:|1627601844
|move|p1a: Toxapex|Scald|p2a: the reaper
|-damage|p2a: the reaper|0 fnt
|faint|p2a: the reaper
|
|upkeep
|c| The Dragon Gyrados|win this
|
|t:|1627601846
|switch|p2a: Itsuki|Tapu Koko, shiny|56/100
|-fieldstart|move: Electric Terrain|[from] ability: Electric Surge|[of] p2a: Itsuki
|turn|159
|
|t:|1627601856
|switch|p1a: Landorus|Landorus-Therian, M|46/100 tox
|-damage|p1a: Landorus|34/100 tox|[from] Stealth Rock
|-ability|p1a: Landorus|Intimidate|boost
|-unboost|p2a: Itsuki|atk|1
|move|p2a: Itsuki|Calm Mind|p2a: Itsuki
|-boost|p2a: Itsuki|spa|1
|-boost|p2a: Itsuki|spd|1
|
|-heal|p1a: Landorus|40/100 tox|[from] item: Leftovers
|-damage|p1a: Landorus|34/100 tox|[from] psn
|upkeep
|turn|160
|
|t:|1627601858
|move|p2a: Itsuki|Dazzling Gleam|p1a: Landorus
|-damage|p1a: Landorus|0 fnt
|faint|p1a: Landorus
|
|upkeep
|c| The Dragon Gyrados|nice
|c| The Dragon Gyrados|good job
|c| The Dragon Gyrados|i think u got this
|c| The Dragon Gyrados|nasteh calm mind
|inactive|lt84jm sry has 120 seconds left.
|c|☆BestixL ☾|koko can crit
|c| The Dragon Gyrados|and rocks
|c| The Dragon Gyrados|ftw
|
|t:|1627601906
|switch|p1a: Toxapex|Toxapex, M|100/100
|-damage|p1a: Toxapex|88/100|[from] Stealth Rock
|turn|161
|
|t:|1627601909
|move|p2a: Itsuki|Thunderbolt|p1a: Toxapex
|-supereffective|p1a: Toxapex
|-damage|p1a: Toxapex|0 fnt
|faint|p1a: Toxapex
|
|upkeep
|c| The Dragon Gyrados|lmao
|c| The Dragon Gyrados|nice
|
|t:|1627601913
|switch|p1a: Tapu Koko|Tapu Koko|70/100
|turn|162
|
|t:|1627601916
|move|p1a: Tapu Koko|Dazzling Gleam|p2a: Itsuki
|-damage|p2a: Itsuki|22/100
|move|p2a: Itsuki|Dazzling Gleam|p1a: Tapu Koko
|-damage|p1a: Tapu Koko|0 fnt
|faint|p1a: Tapu Koko
|
|upkeep
|c| The Dragon Gyrados|LMAO
|
|t:|1627601921
|switch|p1a: Ferrothorn|Ferrothorn, M|29/100
|-damage|p1a: Ferrothorn|23/100|[from] Stealth Rock
|turn|163
|c|☆lt84jm sry|Gg
|
|t:|1627601926
|move|p2a: Itsuki|Thunderbolt|p1a: Ferrothorn
|-resisted|p1a: Ferrothorn
|-crit|p1a: Ferrothorn
|-damage|p1a: Ferrothorn|0 fnt
|faint|p1a: Ferrothorn
|
|-fieldend|move: Electric Terrain
|upkeep
|
|t:|1627601928
|switch|p1a: Tornadus|Tornadus-Therian, M|73/100
|turn|164
|c|☆BestixL ☾|gg man
|c| The Dragon Gyrados|why would u tag in ferrathron
|c|☆BestixL ☾|close one
|c| The Dragon Gyrados|LMAO
|c|☆BestixL ☾|gl in the rest
|
|t:|1627601940
|move|p2a: Itsuki|Roost|p2a: Itsuki
|-heal|p2a: Itsuki|72/100
|-singleturn|p2a: Itsuki|move: Roost
|move|p1a: Tornadus|Hurricane|p2a: Itsuki
|-resisted|p2a: Itsuki
|-damage|p2a: Itsuki|49/100
|-start|p2a: Itsuki|confusion
|
|upkeep
|turn|165
|
|t:|1627601943
|switch|p2a: 2 soon|Garchomp, M|68/100
|move|p1a: Tornadus|Hurricane|p2a: 2 soon
|-damage|p2a: 2 soon|27/100
|
|-heal|p2a: 2 soon|34/100|[from] item: Leftovers
|upkeep
|turn|166
|c| The Dragon Gyrados|WTF U DOIN
|
|t:|1627601953
|move|p1a: Tornadus|Nasty Plot|p1a: Tornadus
|-boost|p1a: Tornadus|spa|2
|move|p2a: 2 soon|Toxic|p1a: Tornadus|[miss]
|-miss|p2a: 2 soon|p1a: Tornadus
|
|-heal|p2a: 2 soon|40/100|[from] item: Leftovers
|upkeep
|turn|167
|c| The Dragon Gyrados|DOESNT MATTER
|
|t:|1627601958
|move|p1a: Tornadus|Hurricane|p2a: 2 soon|[miss]
|-miss|p1a: Tornadus|p2a: 2 soon
|move|p2a: 2 soon|Toxic|p1a: Tornadus
|-status|p1a: Tornadus|tox
|
|-heal|p2a: 2 soon|46/100|[from] item: Leftovers
|-damage|p1a: Tornadus|67/100 tox|[from] psn
|upkeep
|turn|168
|
|t:|1627601961
|move|p2a: 2 soon|Protect|p2a: 2 soon
|-singleturn|p2a: 2 soon|Protect
|move|p1a: Tornadus|Hurricane|p2a: 2 soon
|-activate|p2a: 2 soon|move: Protect
|
|-heal|p2a: 2 soon|52/100|[from] item: Leftovers
|-damage|p1a: Tornadus|55/100 tox|[from] psn
|upkeep
|turn|169
|
|t:|1627601963
|move|p2a: 2 soon|Protect||[still]
|-fail|p2a: 2 soon
|move|p1a: Tornadus|Hurricane|p2a: 2 soon
|-damage|p2a: 2 soon|0 fnt
|faint|p2a: 2 soon
|
|-damage|p1a: Tornadus|36/100 tox|[from] psn
|upkeep
|c| The Dragon Gyrados|gg
|
|t:|1627601965
|switch|p2a: Itsuki|Tapu Koko, shiny|49/100
|-fieldstart|move: Electric Terrain|[from] ability: Electric Surge|[of] p2a: Itsuki
|turn|170
|
|t:|1627601966
|move|p2a: Itsuki|Thunderbolt|p1a: Tornadus
|-supereffective|p1a: Tornadus
|-damage|p1a: Tornadus|0 fnt
|faint|p1a: Tornadus
|
|win|BestixL ☾
|raw|lt84jm sry's rating: 1816 &rarr; <strong>1800</strong><br />(-16 for losing)
|raw|BestixL ☾'s rating: 1886 &rarr; <strong>1902</strong><br />(+16 for winning)
|c| The Dragon Gyrados|NICE
|c| The Dragon Gyrados|GG
|l|☆lt84jm sry
|l| The Dragon Gyrados
||Ladder isn't responding, score probably updated but might not have (Request timeout).
