|j|☆Mercureiii
|j|☆X-Wing Fighter
|t:|1603307252
|player|p1|Mercureiii|clay|1460
|player|p2|X-Wing Fighter|hilbert|1443
|teamsize|p1|6
|teamsize|p2|6
|gametype|singles
|gen|8
|tier|[Gen 8] OU
|rated|
|clearpoke
|poke|p1|Zeraora|
|poke|p1|Tyranitar, M|
|poke|p1|Volcarona, M|
|poke|p1|Ditto|
|poke|p1|Amoonguss, M|
|poke|p1|Rotom-Heat|
|poke|p2|Pelipper, F|
|poke|p2|Ferrothorn, F|
|poke|p2|Kingdra, F|
|poke|p2|Urshifu-*, M|
|poke|p2|Clefable, F|
|poke|p2|Kyurem|
|rule|Sleep Clause Mod: Limit one foe put to sleep
|rule|Species Clause: Limit one of each Pokémon
|rule|OHKO Clause: OHKO moves are banned
|rule|Evasion Moves Clause: Evasion moves are banned
|rule|Endless Battle Clause: Forcing endless battles is banned
|rule|HP Percentage Mod: HP is shown in percentages
|rule|Dynamax Clause: You cannot dynamax
|teampreview
|j| Zakaria23p
|
|t:|1603307265
|start
|switch|p1a: Rotom|Rotom-Heat|100/100
|switch|p2a: Kyurem|Kyurem|100/100
|-ability|p2a: Kyurem|Pressure
|turn|1
|inactive|Battle timer is ON: inactive players will automatically lose when time's up. (requested by Mercureiii)
|
|t:|1603307279
|move|p2a: Kyurem|Draco Meteor|p1a: Rotom
|-damage|p1a: Rotom|0 fnt
|-unboost|p2a: Kyurem|spa|2
|faint|p1a: Rotom
|
|upkeep
|
|t:|1603307294
|switch|p1a: Volcarona|Volcarona, M|100/100
|turn|2
|
|t:|1603307301
|switch|p2a: Pelipper|Pelipper, F|100/100
|-weather|RainDance|[from] ability: Drizzle|[of] p2a: Pelipper
|move|p1a: Volcarona|Psychic|p2a: Pelipper
|-damage|p2a: Pelipper|54/100
|-unboost|p2a: Pelipper|spd|1
|
|-weather|RainDance|[upkeep]
|upkeep
|turn|3
|
|t:|1603307313
|switch|p2a: Kingdra|Kingdra, F|100/100
|move|p1a: Volcarona|Psychic|p2a: Kingdra
|-damage|p2a: Kingdra|58/100
|
|-weather|RainDance|[upkeep]
|upkeep
|turn|4
|
|t:|1603307322
|switch|p1a: Tyranitar|Tyranitar, M|100/100
|-weather|Sandstorm|[from] ability: Sand Stream|[of] p1a: Tyranitar
|move|p2a: Kingdra|Hydro Pump|p1a: Tyranitar
|-supereffective|p1a: Tyranitar
|-damage|p1a: Tyranitar|53/100
|
|-weather|Sandstorm|[upkeep]
|-damage|p2a: Kingdra|52/100|[from] Sandstorm
|upkeep
|turn|5
|
|t:|1603307333
|switch|p2a: Urshifu|Urshifu-Rapid-Strike, M|100/100
|move|p1a: Tyranitar|Stone Edge|p2a: Urshifu
|-resisted|p2a: Urshifu
|-crit|p2a: Urshifu
|-damage|p2a: Urshifu|60/100
|
|-weather|Sandstorm|[upkeep]
|-damage|p2a: Urshifu|54/100|[from] Sandstorm
|upkeep
|turn|6
|
|t:|1603307352
|switch|p1a: Amoonguss|Amoonguss, M|100/100
|move|p2a: Urshifu|U-turn|p1a: Amoonguss
|-damage|p1a: Amoonguss|73/100
|-damage|p2a: Urshifu|37/100|[from] item: Rocky Helmet|[of] p1a: Amoonguss
|
|t:|1603307358
|switch|p2a: Kyurem|Kyurem|100/100|[from]move: U-turn
|-ability|p2a: Kyurem|Pressure
|
|-weather|Sandstorm|[upkeep]
|-damage|p2a: Kyurem|94/100|[from] Sandstorm
|-damage|p1a: Amoonguss|67/100|[from] Sandstorm
|upkeep
|turn|7
|
|t:|1603307371
|switch|p1a: Tyranitar|Tyranitar, M|53/100
|move|p2a: Kyurem|Ice Beam|p1a: Tyranitar
|-damage|p1a: Tyranitar|29/100
|
|-weather|Sandstorm|[upkeep]
|-damage|p2a: Kyurem|88/100|[from] Sandstorm
|upkeep
|turn|8
|
|t:|1603307382
|switch|p2a: Ferrothorn|Ferrothorn, F|100/100
|move|p1a: Tyranitar|Stone Edge|p2a: Ferrothorn
|-resisted|p2a: Ferrothorn
|-damage|p2a: Ferrothorn|84/100
|
|-weather|none
|-heal|p2a: Ferrothorn|90/100|[from] item: Leftovers
|upkeep
|turn|9
|
|t:|1603307394
|switch|p1a: Amoonguss|Amoonguss, M|99/100
|switch|p2a: Pelipper|Pelipper, F|54/100
|-weather|RainDance|[from] ability: Drizzle|[of] p2a: Pelipper
|
|-weather|RainDance|[upkeep]
|upkeep
|turn|10
|l| Zakaria23p
|
|t:|1603307403
|move|p2a: Pelipper|Hurricane|p1a: Amoonguss
|-supereffective|p1a: Amoonguss
|-damage|p1a: Amoonguss|32/100
|-start|p1a: Amoonguss|confusion
|-activate|p1a: Amoonguss|confusion
|move|p1a: Amoonguss|Sludge Bomb|p2a: Pelipper
|-damage|p2a: Pelipper|13/100
|
|-weather|RainDance|[upkeep]
|upkeep
|turn|11
|
|t:|1603307416
|switch|p1a: Tyranitar|Tyranitar, M|29/100
|-weather|Sandstorm|[from] ability: Sand Stream|[of] p1a: Tyranitar
|move|p2a: Pelipper|Roost|p2a: Pelipper
|-heal|p2a: Pelipper|63/100
|-singleturn|p2a: Pelipper|move: Roost
|
|-weather|Sandstorm|[upkeep]
|-damage|p2a: Pelipper|57/100|[from] Sandstorm
|upkeep
|turn|12
|
|t:|1603307433
|switch|p2a: Ferrothorn|Ferrothorn, F|90/100
|move|p1a: Tyranitar|Stone Edge|p2a: Ferrothorn
|-resisted|p2a: Ferrothorn
|-crit|p2a: Ferrothorn
|-damage|p2a: Ferrothorn|65/100
|
|-weather|Sandstorm|[upkeep]
|-heal|p2a: Ferrothorn|71/100|[from] item: Leftovers
|upkeep
|turn|13
|
|t:|1603307444
|switch|p1a: Ditto|Ditto|100/100
|-transform|p1a: Ditto|p2a: Ferrothorn|[from] ability: Imposter
|move|p2a: Ferrothorn|Knock Off|p1a: Ditto
|-damage|p1a: Ditto|86/100
|-damage|p2a: Ferrothorn|58/100|[from] ability: Iron Barbs|[of] p1a: Ditto
|-enditem|p1a: Ditto|Heavy-Duty Boots|[from] move: Knock Off|[of] p2a: Ferrothorn
|
|-weather|Sandstorm|[upkeep]
|-heal|p2a: Ferrothorn|65/100|[from] item: Leftovers
|upkeep
|turn|14
|
|t:|1603307468
|move|p2a: Ferrothorn|Stealth Rock|p1a: Ditto
|-sidestart|p1: Mercureiii|move: Stealth Rock
|move|p1a: Ditto|Stealth Rock|p2a: Ferrothorn
|-sidestart|p2: X-Wing Fighter|move: Stealth Rock
|
|-weather|Sandstorm|[upkeep]
|-heal|p2a: Ferrothorn|71/100|[from] item: Leftovers
|upkeep
|turn|15
|
|t:|1603307477
|switch|p2a: Urshifu|Urshifu-Rapid-Strike, M|37/100
|-damage|p2a: Urshifu|31/100|[from] Stealth Rock
|move|p1a: Ditto|Spikes|p2a: Urshifu
|-sidestart|p2: X-Wing Fighter|Spikes
|
|-weather|none
|upkeep
|turn|16
|
|t:|1603307486
|switch|p2a: Pelipper|Pelipper, F|57/100
|-damage|p2a: Pelipper|32/100|[from] Stealth Rock
|-weather|RainDance|[from] ability: Drizzle|[of] p2a: Pelipper
|switch|p1a: Amoonguss|Amoonguss, M|65/100
|-damage|p1a: Amoonguss|53/100|[from] Stealth Rock
|
|-weather|RainDance|[upkeep]
|upkeep
|turn|17
|
|t:|1603307501
|move|p2a: Pelipper|Roost|p2a: Pelipper
|-heal|p2a: Pelipper|83/100
|-singleturn|p2a: Pelipper|move: Roost
|move|p1a: Amoonguss|Sludge Bomb|p2a: Pelipper
|-damage|p2a: Pelipper|45/100
|
|-weather|RainDance|[upkeep]
|upkeep
|turn|18
|
|t:|1603307512
|move|p2a: Pelipper|Defog|p1a: Amoonguss
|-unboost|p1a: Amoonguss|evasion|1
|-sideend|p1: Mercureiii|Stealth Rock|[from] move: Defog|[of] p2a: Pelipper
|-sideend|p2: X-Wing Fighter|Spikes|[from] move: Defog|[of] p2a: Pelipper
|-sideend|p2: X-Wing Fighter|Stealth Rock|[from] move: Defog|[of] p2a: Pelipper
|move|p1a: Amoonguss|Giga Drain|p2a: Pelipper
|-damage|p2a: Pelipper|13/100
|-heal|p1a: Amoonguss|65/100|[from] drain|[of] p2a: Pelipper
|
|-weather|RainDance|[upkeep]
|upkeep
|turn|19
|
|t:|1603307525
|switch|p1a: Tyranitar|Tyranitar, M|29/100
|-weather|Sandstorm|[from] ability: Sand Stream|[of] p1a: Tyranitar
|move|p2a: Pelipper|Hurricane|p1a: Tyranitar
|-resisted|p1a: Tyranitar
|-damage|p1a: Tyranitar|24/100
|-start|p1a: Tyranitar|confusion
|
|-weather|Sandstorm|[upkeep]
|-damage|p2a: Pelipper|6/100|[from] Sandstorm
|upkeep
|turn|20
|
|t:|1603307548
|switch|p1a: Zeraora|Zeraora|100/100
|-item|p1a: Zeraora|Air Balloon
|switch|p2a: Ferrothorn|Ferrothorn, F|71/100
|
|-weather|Sandstorm|[upkeep]
|-damage|p1a: Zeraora|95/100|[from] Sandstorm
|-heal|p2a: Ferrothorn|77/100|[from] item: Leftovers
|upkeep
|turn|21
|
|t:|1603307560
|switch|p1a: Ditto|Ditto|86/100
|-transform|p1a: Ditto|p2a: Ferrothorn|[from] ability: Imposter
|move|p2a: Ferrothorn|Knock Off|p1a: Ditto
|-damage|p1a: Ditto|77/100
|-damage|p2a: Ferrothorn|65/100|[from] ability: Iron Barbs|[of] p1a: Ditto
|
|-weather|Sandstorm|[upkeep]
|-heal|p2a: Ferrothorn|71/100|[from] item: Leftovers
|upkeep
|turn|22
|
|t:|1603307573
|switch|p2a: Pelipper|Pelipper, F|6/100
|-weather|RainDance|[from] ability: Drizzle|[of] p2a: Pelipper
|move|p1a: Ditto|Stealth Rock|p2a: Pelipper
|-sidestart|p2: X-Wing Fighter|move: Stealth Rock
|
|-weather|RainDance|[upkeep]
|upkeep
|turn|23
|
|t:|1603307582
|move|p2a: Pelipper|Roost|p2a: Pelipper
|-heal|p2a: Pelipper|57/100
|-singleturn|p2a: Pelipper|move: Roost
|move|p1a: Ditto|Knock Off|p2a: Pelipper
|-damage|p2a: Pelipper|41/100
|-enditem|p2a: Pelipper|Damp Rock|[from] move: Knock Off|[of] p1a: Ditto
|
|-weather|RainDance|[upkeep]
|upkeep
|turn|24
|
|t:|1603307599
|switch|p1a: Zeraora|Zeraora|95/100
|-item|p1a: Zeraora|Air Balloon
|move|p2a: Pelipper|Roost|p2a: Pelipper
|-heal|p2a: Pelipper|91/100
|-singleturn|p2a: Pelipper|move: Roost
|
|-weather|RainDance|[upkeep]
|upkeep
|turn|25
|
|t:|1603307614
|switch|p2a: Clefable|Clefable, F|100/100
|move|p1a: Zeraora|Bulk Up|p1a: Zeraora
|-boost|p1a: Zeraora|atk|1
|-boost|p1a: Zeraora|def|1
|
|-weather|RainDance|[upkeep]
|upkeep
|turn|26
|
|t:|1603307623
|move|p1a: Zeraora|Plasma Fists|p2a: Clefable
|-damage|p2a: Clefable|35/100
|-fieldactivate|move: Ion Deluge
|move|p2a: Clefable|Moonblast|p1a: Zeraora
|-damage|p1a: Zeraora|57/100
|-enditem|p1a: Zeraora|Air Balloon
|
|-weather|RainDance|[upkeep]
|-heal|p2a: Clefable|41/100|[from] item: Leftovers
|upkeep
|turn|27
|
|t:|1603307638
|switch|p2a: Ferrothorn|Ferrothorn, F|71/100
|-damage|p2a: Ferrothorn|65/100|[from] Stealth Rock
|move|p1a: Zeraora|Acrobatics|p2a: Ferrothorn
|-damage|p2a: Ferrothorn|31/100
|-damage|p1a: Zeraora|45/100|[from] ability: Iron Barbs|[of] p2a: Ferrothorn
|
|-weather|RainDance|[upkeep]
|-heal|p2a: Ferrothorn|38/100|[from] item: Leftovers
|upkeep
|turn|28
|c|☆X-Wing Fighter|what the
|inactive|X-Wing Fighter has 120 seconds left.
|c|☆X-Wing Fighter|for grasses and volc?
|
|t:|1603307675
|move|p1a: Zeraora|Bulk Up|p1a: Zeraora
|-boost|p1a: Zeraora|atk|1
|-boost|p1a: Zeraora|def|1
|move|p2a: Ferrothorn|Iron Head|p1a: Zeraora
|-resisted|p1a: Zeraora
|-damage|p1a: Zeraora|36/100
|
|-weather|RainDance|[upkeep]
|-heal|p2a: Ferrothorn|44/100|[from] item: Leftovers
|upkeep
|turn|29
|inactive|X-Wing Fighter has 120 seconds left.
|c|☆Mercureiii|Hep
|c|☆Mercureiii|Yes
|inactive|Mercureiii has 120 seconds left.
|
|t:|1603307701
|move|p1a: Zeraora|Acrobatics|p2a: Ferrothorn
|-damage|p2a: Ferrothorn|0 fnt
|-damage|p1a: Zeraora|24/100|[from] ability: Iron Barbs|[of] p2a: Ferrothorn
|faint|p2a: Ferrothorn
|
|-weather|none
|upkeep
|
|t:|1603307707
|switch|p2a: Pelipper|Pelipper, F|91/100
|-damage|p2a: Pelipper|66/100|[from] Stealth Rock
|-weather|RainDance|[from] ability: Drizzle|[of] p2a: Pelipper
|turn|30
|
|t:|1603307715
|switch|p2a: Clefable|Clefable, F|41/100
|move|p1a: Zeraora|Plasma Fists|p2a: Clefable
|-damage|p2a: Clefable|0 fnt
|-fieldactivate|move: Ion Deluge
|faint|p2a: Clefable
|
|-weather|RainDance|[upkeep]
|upkeep
|
|t:|1603307717
|switch|p2a: Kingdra|Kingdra, F|52/100
|-damage|p2a: Kingdra|40/100|[from] Stealth Rock
|turn|31
|
|t:|1603307735
|switch|p1a: Ditto|Ditto|77/100
|-transform|p1a: Ditto|p2a: Kingdra|[from] ability: Imposter
|move|p2a: Kingdra|Draco Meteor|p1a: Ditto
|-supereffective|p1a: Ditto
|-damage|p1a: Ditto|0 fnt
|-unboost|p2a: Kingdra|spa|2
|faint|p1a: Ditto
|
|-weather|RainDance|[upkeep]
|upkeep
|inactive|Mercureiii has 120 seconds left.
|
|t:|1603307748
|switch|p1a: Volcarona|Volcarona, M|100/100
|turn|32
|
|t:|1603307757
|switch|p2a: Urshifu|Urshifu-Rapid-Strike, M|31/100
|-damage|p2a: Urshifu|25/100|[from] Stealth Rock
|move|p1a: Volcarona|Quiver Dance|p1a: Volcarona
|-boost|p1a: Volcarona|spa|1
|-boost|p1a: Volcarona|spd|1
|-boost|p1a: Volcarona|spe|1
|
|-weather|RainDance|[upkeep]
|upkeep
|turn|33
|
|t:|1603307772
|switch|p1a: Amoonguss|Amoonguss, M|98/100
|switch|p2a: Kyurem|Kyurem|88/100
|-damage|p2a: Kyurem|63/100|[from] Stealth Rock
|-ability|p2a: Kyurem|Pressure
|
|-weather|RainDance|[upkeep]
|upkeep
|turn|34
|inactive|Mercureiii has 120 seconds left.
|
|t:|1603307790
|move|p2a: Kyurem|Draco Meteor|p1a: Amoonguss
|-damage|p1a: Amoonguss|0 fnt
|-unboost|p2a: Kyurem|spa|2
|faint|p1a: Amoonguss
|
|-weather|none
|upkeep
|inactive|Mercureiii has 120 seconds left.
|
|t:|1603307798
|switch|p1a: Volcarona|Volcarona, M|100/100
|turn|35
|
|t:|1603307803
|switch|p2a: Pelipper|Pelipper, F|66/100
|-damage|p2a: Pelipper|42/100|[from] Stealth Rock
|-weather|RainDance|[from] ability: Drizzle|[of] p2a: Pelipper
|move|p1a: Volcarona|Quiver Dance|p1a: Volcarona
|-boost|p1a: Volcarona|spa|1
|-boost|p1a: Volcarona|spd|1
|-boost|p1a: Volcarona|spe|1
|
|-weather|RainDance|[upkeep]
|upkeep
|turn|36
|
|t:|1603307820
|switch|p2a: Kingdra|Kingdra, F|40/100
|-damage|p2a: Kingdra|27/100|[from] Stealth Rock
|move|p1a: Volcarona|Giga Drain|p2a: Kingdra
|-damage|p2a: Kingdra|0 fnt
|faint|p2a: Kingdra
|
|-weather|RainDance|[upkeep]
|upkeep
|
|t:|1603307824
|switch|p2a: Urshifu|Urshifu-Rapid-Strike, M|25/100
|-damage|p2a: Urshifu|19/100|[from] Stealth Rock
|turn|37
|
|t:|1603307835
|move|p2a: Urshifu|Aqua Jet|p1a: Volcarona
|-supereffective|p1a: Volcarona
|-damage|p1a: Volcarona|0 fnt
|faint|p1a: Volcarona
|
|-weather|RainDance|[upkeep]
|upkeep
|c|☆Mercureiii|Gg
|
|t:|1603307842
|switch|p1a: Tyranitar|Tyranitar, M|24/100
|-weather|Sandstorm|[from] ability: Sand Stream|[of] p1a: Tyranitar
|turn|38
|c|☆X-Wing Fighter|gg
|
|t:|1603307848
|move|p2a: Urshifu|Aqua Jet|p1a: Tyranitar
|-supereffective|p1a: Tyranitar
|-damage|p1a: Tyranitar|0 fnt
|faint|p1a: Tyranitar
|
|-weather|Sandstorm|[upkeep]
|-damage|p2a: Urshifu|13/100|[from] Sandstorm
|upkeep
|
|t:|1603307859
|switch|p1a: Zeraora|Zeraora|24/100
|turn|39
|
|t:|1603307864
|move|p2a: Urshifu|Aqua Jet|p1a: Zeraora
|-damage|p1a: Zeraora|0 fnt
|faint|p1a: Zeraora
|
|win|X-Wing Fighter
|l|☆Mercureiii
||Ladder (probably) updated, but score could not be retrieved (Request timeout).
