|j|☆Tirkys
|j|☆Juan Farias
|t:|1607838640
|player|p1|Tirkys|hilda-dueldisk|1433
|player|p2|Juan Farias|guzma|1393
|teamsize|p1|6
|teamsize|p2|6
|gametype|singles
|gen|8
|tier|[Gen 8] OU
|rated|
|clearpoke
|poke|p1|Volcarona, F|
|poke|p1|Quagsire, M|
|poke|p1|Xatu, F|
|poke|p1|Krookodile, M|
|poke|p1|Bronzong|
|poke|p1|Ninetales-Alola, F|
|poke|p2|Spectrier|
|poke|p2|Conkeldurr, M|
|poke|p2|Magearna|
|poke|p2|Mandibuzz, F|
|poke|p2|Nidoking, M|
|poke|p2|Cinderace, M|
|rule|Sleep Clause Mod: Limit one foe put to sleep
|rule|Species Clause: Limit one of each Pokémon
|rule|OHKO Clause: OHKO moves are banned
|rule|Evasion Moves Clause: Evasion moves are banned
|rule|Endless Battle Clause: Forcing endless battles is banned
|rule|HP Percentage Mod: HP is shown in percentages
|rule|Dynamax Clause: You cannot dynamax
|teampreview
|inactive|Battle timer is ON: inactive players will automatically lose when time's up. (requested by Tirkys)
|
|t:|1607838657
|start
|switch|p1a: TheFool|Krookodile, M|100/100
|switch|p2a: Nidoking|Nidoking, M|100/100
|-ability|p1a: TheFool|Intimidate|boost
|-unboost|p2a: Nidoking|atk|1
|turn|1
|
|t:|1607838667
|move|p2a: Nidoking|Earth Power|p1a: TheFool
|-damage|p1a: TheFool|61/100
|move|p1a: TheFool|Knock Off|p2a: Nidoking
|-damage|p2a: Nidoking|32/100
|-enditem|p2a: Nidoking|Choice Scarf|[from] move: Knock Off|[of] p1a: TheFool
|
|upkeep
|turn|2
|
|t:|1607838679
|move|p1a: TheFool|Knock Off|p2a: Nidoking
|-damage|p2a: Nidoking|0 fnt
|faint|p2a: Nidoking
|
|upkeep
|
|t:|1607838686
|switch|p2a: Cinderace|Cinderace, M|100/100
|turn|3
|
|t:|1607838699
|move|p2a: Cinderace|U-turn|p1a: TheFool
|-start|p2a: Cinderace|typechange|Bug|[from] ability: Libero
|-supereffective|p1a: TheFool
|-damage|p1a: TheFool|0 fnt
|faint|p1a: TheFool
|
|t:|1607838706
|switch|p2a: Spectrier|Spectrier|100/100|[from]move: U-turn
|
|upkeep
|
|t:|1607838712
|switch|p1a: Magician'sRed|Volcarona, F|100/100
|turn|4
|
|t:|1607838717
|move|p2a: Spectrier|Shadow Ball|p1a: Magician'sRed
|-damage|p1a: Magician'sRed|40/100
|move|p1a: Magician'sRed|Quiver Dance|p1a: Magician'sRed
|-boost|p1a: Magician'sRed|spa|1
|-boost|p1a: Magician'sRed|spd|1
|-boost|p1a: Magician'sRed|spe|1
|
|-heal|p1a: Magician'sRed|46/100|[from] item: Leftovers
|upkeep
|turn|5
|
|t:|1607838727
|move|p2a: Spectrier|Shadow Ball|p1a: Magician'sRed
|-damage|p1a: Magician'sRed|7/100
|-unboost|p1a: Magician'sRed|spd|1
|move|p1a: Magician'sRed|Roost|p1a: Magician'sRed
|-heal|p1a: Magician'sRed|57/100
|-singleturn|p1a: Magician'sRed|move: Roost
|
|-heal|p1a: Magician'sRed|64/100|[from] item: Leftovers
|upkeep
|turn|6
|
|t:|1607838736
|move|p2a: Spectrier|Shadow Ball|p1a: Magician'sRed
|-damage|p1a: Magician'sRed|11/100
|-unboost|p1a: Magician'sRed|spd|1
|move|p1a: Magician'sRed|Quiver Dance|p1a: Magician'sRed
|-boost|p1a: Magician'sRed|spa|1
|-boost|p1a: Magician'sRed|spd|1
|-boost|p1a: Magician'sRed|spe|1
|
|-heal|p1a: Magician'sRed|17/100|[from] item: Leftovers
|upkeep
|turn|7
|j| Amy2603
|
|t:|1607838747
|move|p1a: Magician'sRed|Fiery Dance|p2a: Spectrier
|-damage|p2a: Spectrier|19/100
|move|p2a: Spectrier|Shadow Ball|p1a: Magician'sRed
|-damage|p1a: Magician'sRed|0 fnt
|faint|p1a: Magician'sRed
|-ability|p2a: Spectrier|Grim Neigh|boost
|-boost|p2a: Spectrier|spa|1
|
|upkeep
|-message|Tirkys forfeited.
|
|win|Juan Farias
|l|☆Tirkys
|l| Amy2603
