|j|☆CoconutCrabs
|j|☆STOKELESS
|t:|1664998571
|gametype|singles
|player|p1|CoconutCrabs|2|1857
|player|p2|STOKELESS|veteran|1590
|teamsize|p1|6
|teamsize|p2|6
|gen|8
|tier|[Gen 8] OU
|rated|
|rule|Sleep Clause Mod: Limit one foe put to sleep
|rule|Species Clause: Limit one of each Pokémon
|rule|OHKO Clause: OHKO moves are banned
|rule|Evasion Items Clause: Evasion items are banned
|rule|Evasion Moves Clause: Evasion moves are banned
|rule|Endless Battle Clause: Forcing endless battles is banned
|rule|HP Percentage Mod: HP is shown in percentages
|rule|Dynamax Clause: You cannot dynamax
|clearpoke
|poke|p1|Heatran, M|
|poke|p1|Excadrill, F|
|poke|p1|Tornadus-Therian, M|
|poke|p1|Toxapex, M|
|poke|p1|Tangrowth, M|
|poke|p1|Tyranitar, M|
|poke|p2|Weavile, M|
|poke|p2|Volcanion|
|poke|p2|Landorus-Therian, M|
|poke|p2|Zygarde-10%|
|poke|p2|Zapdos|
|poke|p2|Chansey, F|
|teampreview
|inactive|Battle timer is ON: inactive players will automatically lose when time's up. (requested by CoconutCrabs)
|
|t:|1664998592
|start
|switch|p1a: Tornadus|Tornadus-Therian, M|100/100
|switch|p2a: Volcanion|Volcanion|100/100
|turn|1
|j| vuurzwaard172
|
|t:|1664998597
|switch|p1a: Toxapex|Toxapex, M|100/100
|move|p2a: Volcanion|Steam Eruption|p1a: Toxapex
|-resisted|p1a: Toxapex
|-damage|p1a: Toxapex|68/100
|-status|p1a: Toxapex|brn
|
|-damage|p1a: Toxapex|62/100 brn|[from] brn
|upkeep
|turn|2
|
|t:|1664998607
|move|p2a: Volcanion|Steam Eruption|p1a: Toxapex
|-resisted|p1a: Toxapex
|-damage|p1a: Toxapex|28/100 brn
|move|p1a: Toxapex|Knock Off|p2a: Volcanion
|-damage|p2a: Volcanion|93/100
|-enditem|p2a: Volcanion|Choice Specs|[from] move: Knock Off|[of] p1a: Toxapex
|
|-damage|p1a: Toxapex|22/100 brn|[from] brn
|upkeep
|turn|3
|
|t:|1664998611
|switch|p1a: Tangrowth|Tangrowth, M|100/100
|move|p2a: Volcanion|Steam Eruption|p1a: Tangrowth
|-resisted|p1a: Tangrowth
|-damage|p1a: Tangrowth|61/100
|
|upkeep
|turn|4
|
|t:|1664998615
|switch|p1a: Tornadus|Tornadus-Therian, M|100/100
|move|p2a: Volcanion|Flamethrower|p1a: Tornadus
|-damage|p1a: Tornadus|42/100
|
|upkeep
|turn|5
|
|t:|1664998620
|move|p1a: Tornadus|Hurricane|p2a: Volcanion|[miss]
|-miss|p1a: Tornadus|p2a: Volcanion
|move|p2a: Volcanion|Steam Eruption|p1a: Tornadus
|-damage|p1a: Tornadus|0 fnt
|faint|p1a: Tornadus
|
|upkeep
|
|t:|1664998624
|switch|p1a: Excadrill|Excadrill, F|100/100
|turn|6
|
|t:|1664998629
|switch|p1a: Heatran|Heatran, M|100/100
|switch|p2a: Landorus|Landorus-Therian, M|100/100
|-ability|p2a: Landorus|Intimidate|boost
|-unboost|p1a: Heatran|atk|1
|
|upkeep
|turn|7
|
|t:|1664998634
|move|p1a: Heatran|Eruption|p2a: Landorus
|-damage|p2a: Landorus|19/100
|move|p2a: Landorus|Earthquake|p1a: Heatran
|-supereffective|p1a: Heatran
|-damage|p1a: Heatran|0 fnt
|faint|p1a: Heatran
|
|-heal|p2a: Landorus|25/100|[from] item: Leftovers
|upkeep
|
|t:|1664998638
|switch|p1a: Excadrill|Excadrill, F|100/100
|turn|8
|
|t:|1664998641
|switch|p1a: Tyranitar|Tyranitar, M|100/100
|-weather|Sandstorm|[from] ability: Sand Stream|[of] p1a: Tyranitar
|move|p2a: Landorus|Earthquake|p1a: Tyranitar
|-supereffective|p1a: Tyranitar
|-damage|p1a: Tyranitar|22/100
|
|-weather|Sandstorm|[upkeep]
|-heal|p2a: Landorus|31/100|[from] item: Leftovers
|-heal|p1a: Tyranitar|28/100|[from] item: Leftovers
|upkeep
|turn|9
|-message|CoconutCrabs forfeited.
|
|win|STOKELESS
|raw|CoconutCrabs's rating: 1870 &rarr; <strong>1837</strong><br />(-33 for losing)
|raw|STOKELESS's rating: 1590 &rarr; <strong>1623</strong><br />(+33 for winning)
|l|☆CoconutCrabs
