|j|☆2(H2O)-Alt
|j|☆LaDoudou'sPatate
|t:|1655576066
|gametype|singles
|player|p1|2(H2O)-Alt|lady|1686
|player|p2|LaDoudou'sPatate|169|1778
|teamsize|p1|6
|teamsize|p2|6
|gen|8
|tier|[Gen 8] OU
|rated|
|rule|Sleep Clause Mod: Limit one foe put to sleep
|rule|Species Clause: Limit one of each Pokémon
|rule|OHKO Clause: OHKO moves are banned
|rule|Evasion Moves Clause: Evasion moves are banned
|rule|Endless Battle Clause: Forcing endless battles is banned
|rule|HP Percentage Mod: HP is shown in percentages
|rule|Dynamax Clause: You cannot dynamax
|clearpoke
|poke|p1|Dragapult, M|
|poke|p1|Kartana|
|poke|p1|Slowbro, M|
|poke|p1|Mandibuzz, F|
|poke|p1|Heatran, M|
|poke|p1|Landorus-Therian, M|
|poke|p2|Clefable, F|
|poke|p2|Rillaboom, M|
|poke|p2|Hawlucha, F|
|poke|p2|Toxapex, M|
|poke|p2|Melmetal|
|poke|p2|Latias, F|
|teampreview
|
|t:|1655576087
|start
|switch|p1a: Landorus|Landorus-Therian, M|100/100
|switch|p2a: Clefable|Clefable, F|100/100
|-ability|p1a: Landorus|Intimidate|boost
|-unboost|p2a: Clefable|atk|1
|turn|1
|inactive|Battle timer is ON: inactive players will automatically lose when time's up. (requested by LaDoudou'sPatate)
|inactive|2(H2O)-Alt also wants the timer to be on.
|
|t:|1655576093
|move|p1a: Landorus|U-turn|p2a: Clefable
|-resisted|p2a: Clefable
|-damage|p2a: Clefable|89/100
|j| Ran Kob
|
|t:|1655576096
|switch|p1a: Heatran|Heatran, M|100/100|[from]move: U-turn
|move|p2a: Clefable|Ice Beam|p1a: Heatran
|-resisted|p1a: Heatran
|-damage|p1a: Heatran|96/100
|
|-heal|p1a: Heatran|100/100|[from] item: Leftovers
|upkeep
|turn|2
|
|t:|1655576104
|switch|p2a: Latias|Latias, F|100/100
|move|p1a: Heatran|Toxic|p2a: Latias
|-status|p2a: Latias|tox
|
|-damage|p2a: Latias|95/100 tox|[from] psn
|upkeep
|turn|3
|l| Ran Kob
|
|t:|1655576111
|switch|p1a: Mandibuzz|Mandibuzz, F|100/100
|move|p2a: Latias|Trick|p1a: Mandibuzz
|-activate|p2a: Latias|move: Trick|[of] p1a: Mandibuzz
|-item|p1a: Mandibuzz|Choice Scarf|[from] move: Trick
|-item|p2a: Latias|Heavy-Duty Boots|[from] move: Trick
|
|-damage|p2a: Latias|83/100 tox|[from] psn
|upkeep
|turn|4
|
|t:|1655576121
|switch|p2a: Toxapex|Toxapex, M|100/100
|move|p1a: Mandibuzz|U-turn|p2a: Toxapex
|-resisted|p2a: Toxapex
|-damage|p2a: Toxapex|97/100
|
|t:|1655576126
|switch|p1a: Heatran|Heatran, M|100/100|[from]move: U-turn
|
|-heal|p2a: Toxapex|100/100|[from] item: Black Sludge
|upkeep
|turn|5
|
|t:|1655576131
|move|p1a: Heatran|Magma Storm|p2a: Toxapex|[miss]
|-miss|p1a: Heatran|p2a: Toxapex
|move|p2a: Toxapex|Scald|p1a: Heatran
|-supereffective|p1a: Heatran
|-damage|p1a: Heatran|80/100
|
|-heal|p1a: Heatran|86/100|[from] item: Leftovers
|upkeep
|turn|6
|
|t:|1655576142
|move|p2a: Toxapex|Baneful Bunker|p2a: Toxapex
|-singleturn|p2a: Toxapex|move: Protect
|move|p1a: Heatran|Magma Storm|p2a: Toxapex
|-activate|p2a: Toxapex|move: Protect
|
|-heal|p1a: Heatran|92/100|[from] item: Leftovers
|upkeep
|turn|7
|
|t:|1655576149
|move|p1a: Heatran|Magma Storm|p2a: Toxapex|[miss]
|-miss|p1a: Heatran|p2a: Toxapex
|move|p2a: Toxapex|Scald|p1a: Heatran
|-supereffective|p1a: Heatran
|-damage|p1a: Heatran|72/100
|
|-heal|p1a: Heatran|78/100|[from] item: Leftovers
|upkeep
|turn|8
|
|t:|1655576156
|move|p2a: Toxapex|Baneful Bunker|p2a: Toxapex
|-singleturn|p2a: Toxapex|move: Protect
|move|p1a: Heatran|Magma Storm|p2a: Toxapex
|-activate|p2a: Toxapex|move: Protect
|
|-heal|p1a: Heatran|84/100|[from] item: Leftovers
|upkeep
|turn|9
|
|t:|1655576164
|switch|p2a: Latias|Latias, F|83/100 tox
|move|p1a: Heatran|Magma Storm|p2a: Latias|[miss]
|-miss|p1a: Heatran|p2a: Latias
|
|-heal|p1a: Heatran|91/100|[from] item: Leftovers
|-damage|p2a: Latias|77/100 tox|[from] psn
|upkeep
|turn|10
|
|t:|1655576178
|switch|p1a: Mandibuzz|Mandibuzz, F|100/100
|move|p2a: Latias|Healing Wish|p2a: Latias
|faint|p2a: Latias
|
|upkeep
|
|t:|1655576189
|switch|p2a: Melmetal|Melmetal|100/100
|turn|11
|
|t:|1655576192
|switch|p1a: Slowbro|Slowbro, M|100/100
|move|p2a: Melmetal|Earthquake|p1a: Slowbro
|-damage|p1a: Slowbro|76/100
|
|upkeep
|turn|12
|
|t:|1655576203
|move|p2a: Melmetal|Thunder Punch|p1a: Slowbro
|-supereffective|p1a: Slowbro
|-damage|p1a: Slowbro|29/100
|move|p1a: Slowbro|Teleport|p1a: Slowbro
|
|t:|1655576211
|switch|p1a: Landorus|Landorus-Therian, M|100/100|[from]move: Teleport
|-ability|p1a: Landorus|Intimidate|boost
|-unboost|p2a: Melmetal|atk|1
|
|upkeep
|turn|13
|
|t:|1655576218
|move|p1a: Landorus|Earthquake|p2a: Melmetal
|-supereffective|p2a: Melmetal
|-damage|p2a: Melmetal|49/100
|move|p2a: Melmetal|Ice Punch|p1a: Landorus
|-supereffective|p1a: Landorus
|-damage|p1a: Landorus|2/100
|
|-heal|p1a: Landorus|8/100|[from] item: Leftovers
|upkeep
|turn|14
|
|t:|1655576226
|switch|p2a: Rillaboom|Rillaboom, M|100/100
|-fieldstart|move: Grassy Terrain|[from] ability: Grassy Surge|[of] p2a: Rillaboom
|move|p1a: Landorus|Stealth Rock|p2a: Rillaboom
|-sidestart|p2: LaDoudou'sPatate|move: Stealth Rock
|
|-heal|p1a: Landorus|14/100|[from] item: Leftovers
|upkeep
|turn|15
|
|t:|1655576233
|switch|p1a: Mandibuzz|Mandibuzz, F|100/100
|move|p2a: Rillaboom|Knock Off|p1a: Mandibuzz
|-resisted|p1a: Mandibuzz
|-damage|p1a: Mandibuzz|84/100
|-enditem|p1a: Mandibuzz|Choice Scarf|[from] move: Knock Off|[of] p2a: Rillaboom
|
|upkeep
|turn|16
|
|t:|1655576242
|switch|p2a: Toxapex|Toxapex, M|100/100
|-damage|p2a: Toxapex|88/100|[from] Stealth Rock
|move|p1a: Mandibuzz|U-turn|p2a: Toxapex
|-resisted|p2a: Toxapex
|-damage|p2a: Toxapex|84/100
|
|t:|1655576246
|switch|p1a: Heatran|Heatran, M|91/100|[from]move: U-turn
|
|-heal|p1a: Heatran|97/100|[from] Grassy Terrain
|-heal|p1a: Heatran|100/100|[from] item: Leftovers
|-heal|p2a: Toxapex|90/100|[from] Grassy Terrain
|-heal|p2a: Toxapex|96/100|[from] item: Black Sludge
|upkeep
|turn|17
|
|t:|1655576255
|move|p2a: Toxapex|Baneful Bunker|p2a: Toxapex
|-singleturn|p2a: Toxapex|move: Protect
|move|p1a: Heatran|Magma Storm|p2a: Toxapex
|-activate|p2a: Toxapex|move: Protect
|
|-heal|p2a: Toxapex|100/100|[from] Grassy Terrain
|upkeep
|turn|18
|
|t:|1655576264
|move|p1a: Heatran|Magma Storm|p2a: Toxapex
|-resisted|p2a: Toxapex
|-damage|p2a: Toxapex|87/100
|-activate|p2a: Toxapex|move: Magma Storm|[of] p1a: Heatran
|move|p2a: Toxapex|Recover|p2a: Toxapex
|-heal|p2a: Toxapex|100/100
|
|-damage|p2a: Toxapex|88/100|[from] move: Magma Storm|[partiallytrapped]
|-fieldend|move: Grassy Terrain
|upkeep
|turn|19
|
|t:|1655576272
|move|p2a: Toxapex|Baneful Bunker|p2a: Toxapex
|-singleturn|p2a: Toxapex|move: Protect
|move|p1a: Heatran|Taunt|p2a: Toxapex
|-activate|p2a: Toxapex|move: Protect
|
|-heal|p2a: Toxapex|94/100|[from] item: Black Sludge
|-damage|p2a: Toxapex|82/100|[from] move: Magma Storm|[partiallytrapped]
|upkeep
|turn|20
|
|t:|1655576281
|move|p1a: Heatran|Taunt|p2a: Toxapex
|-start|p2a: Toxapex|move: Taunt
|move|p2a: Toxapex|Scald|p1a: Heatran
|-supereffective|p1a: Heatran
|-damage|p1a: Heatran|81/100
|
|-heal|p1a: Heatran|88/100|[from] item: Leftovers
|-heal|p2a: Toxapex|88/100|[from] item: Black Sludge
|-damage|p2a: Toxapex|75/100|[from] move: Magma Storm|[partiallytrapped]
|upkeep
|turn|21
|
|t:|1655576295
|move|p1a: Heatran|Earth Power|p2a: Toxapex
|-supereffective|p2a: Toxapex
|-damage|p2a: Toxapex|39/100
|move|p2a: Toxapex|Scald|p1a: Heatran
|-supereffective|p1a: Heatran
|-damage|p1a: Heatran|67/100
|
|-heal|p1a: Heatran|73/100|[from] item: Leftovers
|-heal|p2a: Toxapex|46/100|[from] item: Black Sludge
|-damage|p2a: Toxapex|33/100|[from] move: Magma Storm|[partiallytrapped]
|upkeep
|turn|22
|
|t:|1655576305
|move|p1a: Heatran|Earth Power|p2a: Toxapex
|-supereffective|p2a: Toxapex
|-damage|p2a: Toxapex|0 fnt
|faint|p2a: Toxapex
|
|-heal|p1a: Heatran|79/100|[from] item: Leftovers
|upkeep
|-message|LaDoudou'sPatate forfeited.
|
|win|2(H2O)-Alt
|raw|2(H2O)-Alt's rating: 1686 &rarr; <strong>1711</strong><br />(+25 for winning)
|raw|LaDoudou&apos;sPatate's rating: 1778 &rarr; <strong>1753</strong><br />(-25 for losing)
|l|☆LaDoudou'sPatate
