|j|☆GGeorgie◕‿◕
|j|☆thelifeofgabs
|t:|1661654348
|gametype|singles
|player|p1|GGeorgie◕‿◕|hiker-gen2|1661
|player|p2|thelifeofgabs|madame|1677
|teamsize|p1|6
|teamsize|p2|6
|gen|8
|tier|[Gen 8] OU
|rated|
|rule|Sleep Clause Mod: Limit one foe put to sleep
|rule|Species Clause: Limit one of each Pokémon
|rule|OHKO Clause: OHKO moves are banned
|rule|Evasion Items Clause: Evasion items are banned
|rule|Evasion Moves Clause: Evasion moves are banned
|rule|Endless Battle Clause: Forcing endless battles is banned
|rule|HP Percentage Mod: HP is shown in percentages
|rule|Dynamax Clause: You cannot dynamax
|clearpoke
|poke|p1|Zapdos|
|poke|p1|Tyranitar, F|
|poke|p1|Landorus-Therian, M|
|poke|p1|Excadrill, M|
|poke|p1|Clefable, M|
|poke|p1|Ferrothorn, F|
|poke|p2|Magnezone|
|poke|p2|Slowking-Galar, M|
|poke|p2|Kartana|
|poke|p2|Tapu Fini|
|poke|p2|Landorus-Therian, M|
|poke|p2|Dragapult, M|
|teampreview
|inactive|Battle timer is ON: inactive players will automatically lose when time's up. (requested by thelifeofgabs)
|
|t:|1661654376
|start
|switch|p1a: Ferrothorn|Ferrothorn, F, shiny|100/100
|switch|p2a: Kartana|Kartana, shiny|100/100
|turn|1
|
|t:|1661654393
|move|p2a: Kartana|Sacred Sword|p1a: Ferrothorn
|-supereffective|p1a: Ferrothorn
|-damage|p1a: Ferrothorn|28/100
|-damage|p2a: Kartana|88/100|[from] ability: Iron Barbs|[of] p1a: Ferrothorn
|-damage|p2a: Kartana|72/100|[from] item: Rocky Helmet|[of] p1a: Ferrothorn
|move|p1a: Ferrothorn|Spikes|p2a: Kartana
|-sidestart|p2: thelifeofgabs|Spikes
|
|upkeep
|turn|2
|
|t:|1661654407
|switch|p2a: Landorus|Landorus-Therian, M|100/100
|-ability|p2a: Landorus|Intimidate|boost
|-unboost|p1a: Ferrothorn|atk|1
|switch|p1a: Landorus|Landorus-Therian, M|100/100
|-ability|p1a: Landorus|Intimidate|boost
|-unboost|p2a: Landorus|atk|1
|
|upkeep
|turn|3
|
|t:|1661654411
|move|p1a: Landorus|Explosion|p2a: Landorus
|-damage|p2a: Landorus|9/100
|faint|p1a: Landorus
|move|p2a: Landorus|Toxic|p1: Landorus|[notarget]
|-fail|p2a: Landorus
|
|-heal|p2a: Landorus|15/100|[from] item: Leftovers
|upkeep
|
|t:|1661654414
|switch|p1a: Excadrill|Excadrill, M|100/100
|turn|4
|
|t:|1661654417
|switch|p2a: Kartana|Kartana, shiny|72/100
|-damage|p2a: Kartana|59/100|[from] Spikes
|move|p1a: Excadrill|Iron Head|p2a: Kartana
|-resisted|p2a: Kartana
|-damage|p2a: Kartana|36/100
|
|upkeep
|turn|5
|
|t:|1661654422
|switch|p1a: Ferrothorn|Ferrothorn, F, shiny|28/100
|move|p2a: Kartana|Knock Off|p1a: Ferrothorn
|-damage|p1a: Ferrothorn|0 fnt
|-damage|p2a: Kartana|23/100|[from] ability: Iron Barbs|[of] p1a: Ferrothorn
|-damage|p2a: Kartana|7/100|[from] item: Rocky Helmet|[of] p1a: Ferrothorn
|-enditem|p1a: Ferrothorn|Rocky Helmet|[from] move: Knock Off|[of] p2a: Kartana
|faint|p1a: Ferrothorn
|-ability|p2a: Kartana|Beast Boost|boost
|-boost|p2a: Kartana|atk|1
|
|upkeep
|
|t:|1661654426
|switch|p1a: Clefable|Clefable, M|100/100
|turn|6
|
|t:|1661654433
|switch|p2a: Slowking|Slowking-Galar, M, shiny|100/100
|-damage|p2a: Slowking|88/100|[from] Spikes
|move|p1a: Clefable|Moonblast|p2a: Slowking
|-resisted|p2a: Slowking
|-damage|p2a: Slowking|78/100
|
|upkeep
|turn|7
|
|t:|1661654451
|switch|p1a: Tyranitar|Tyranitar, F, shiny|100/100
|-weather|Sandstorm|[from] ability: Sand Stream|[of] p1a: Tyranitar
|move|p2a: Slowking|Earthquake|p1a: Tyranitar
|-supereffective|p1a: Tyranitar
|-damage|p1a: Tyranitar|69/100
|
|-weather|Sandstorm|[upkeep]
|-damage|p2a: Slowking|72/100|[from] Sandstorm
|upkeep
|turn|8
|
|t:|1661654457
|switch|p2a: Magnezone|Magnezone|100/100
|-damage|p2a: Magnezone|88/100|[from] Spikes
|move|p1a: Tyranitar|Stealth Rock|p2a: Magnezone
|-sidestart|p2: thelifeofgabs|move: Stealth Rock
|
|-weather|Sandstorm|[upkeep]
|-heal|p2a: Magnezone|94/100|[from] item: Leftovers
|upkeep
|turn|9
|
|t:|1661654461
|move|p1a: Tyranitar|Earthquake|p2a: Magnezone
|-supereffective|p2a: Magnezone
|-damage|p2a: Magnezone|0 fnt
|faint|p2a: Magnezone
|
|-weather|Sandstorm|[upkeep]
|upkeep
|
|t:|1661654467
|switch|p2a: Tapu Fini|Tapu Fini, shiny|100/100
|-damage|p2a: Tapu Fini|88/100|[from] Spikes
|-damage|p2a: Tapu Fini|75/100|[from] Stealth Rock
|-fieldstart|move: Misty Terrain|[from] ability: Misty Surge|[of] p2a: Tapu Fini
|turn|10
|
|t:|1661654491
|switch|p1a: Zapdos|Zapdos|100/100
|move|p2a: Tapu Fini|Defog|p1a: Zapdos
|-unboost|p1a: Zapdos|evasion|1
|-sideend|p2: thelifeofgabs|Spikes|[from] move: Defog|[of] p2a: Tapu Fini
|-sideend|p2: thelifeofgabs|Stealth Rock|[from] move: Defog|[of] p2a: Tapu Fini
|-fieldend|Misty Terrain
|
|-weather|Sandstorm|[upkeep]
|-damage|p1a: Zapdos|94/100|[from] Sandstorm
|-damage|p2a: Tapu Fini|69/100|[from] Sandstorm
|-heal|p2a: Tapu Fini|75/100|[from] item: Leftovers
|upkeep
|turn|11
|
|t:|1661654496
|switch|p2a: Landorus|Landorus-Therian, M|15/100
|-ability|p2a: Landorus|Intimidate|boost
|-unboost|p1a: Zapdos|atk|1
|move|p1a: Zapdos|Hurricane|p2a: Landorus
|-damage|p2a: Landorus|0 fnt
|faint|p2a: Landorus
|
|-weather|none
|upkeep
|
|t:|1661654499
|switch|p2a: Dragapult|Dragapult, M|100/100
|turn|12
|
|t:|1661654503
|move|p2a: Dragapult|U-turn|p1a: Zapdos
|-resisted|p1a: Zapdos
|-damage|p1a: Zapdos|85/100
|
|t:|1661654508
|switch|p2a: Slowking|Slowking-Galar, M, shiny|100/100|[from]move: U-turn
|move|p1a: Zapdos|Hurricane|p2a: Slowking|[miss]
|-miss|p1a: Zapdos|p2a: Slowking
|
|upkeep
|turn|13
|
|t:|1661654529
|switch|p1a: Tyranitar|Tyranitar, F, shiny|69/100
|-weather|Sandstorm|[from] ability: Sand Stream|[of] p1a: Tyranitar
|move|p2a: Slowking|Ice Beam|p1a: Tyranitar
|-damage|p1a: Tyranitar|51/100
|
|-weather|Sandstorm|[upkeep]
|-damage|p2a: Slowking|94/100|[from] Sandstorm
|upkeep
|turn|14
|
|t:|1661654537
|switch|p1a: Zapdos|Zapdos|85/100
|switch|p2a: Kartana|Kartana, shiny|7/100
|
|-weather|Sandstorm|[upkeep]
|-damage|p1a: Zapdos|79/100|[from] Sandstorm
|upkeep
|turn|15
|
|t:|1661654545
|switch|p2a: Dragapult|Dragapult, M|100/100
|move|p1a: Zapdos|Volt Switch|p2a: Dragapult
|-resisted|p2a: Dragapult
|-damage|p2a: Dragapult|64/100
|
|t:|1661654558
|switch|p1a: Clefable|Clefable, M|100/100|[from]move: Volt Switch
|
|-weather|Sandstorm|[upkeep]
|-damage|p2a: Dragapult|58/100|[from] Sandstorm
|upkeep
|turn|16
|
|t:|1661654569
|move|p2a: Dragapult|U-turn|p1a: Clefable
|-resisted|p1a: Clefable
|-damage|p1a: Clefable|93/100
|
|t:|1661654573
|switch|p2a: Slowking|Slowking-Galar, M, shiny|100/100|[from]move: U-turn
|move|p1a: Clefable|Calm Mind|p1a: Clefable
|-boost|p1a: Clefable|spa|1
|-boost|p1a: Clefable|spd|1
|
|-weather|Sandstorm|[upkeep]
|-damage|p2a: Slowking|94/100|[from] Sandstorm
|upkeep
|turn|17
|
|t:|1661654576
|move|p1a: Clefable|Calm Mind|p1a: Clefable
|-boost|p1a: Clefable|spa|1
|-boost|p1a: Clefable|spd|1
|move|p2a: Slowking|Sludge Bomb|p1a: Clefable
|-supereffective|p1a: Clefable
|-damage|p1a: Clefable|53/100
|
|-weather|none
|upkeep
|turn|18
|
|t:|1661654588
|move|p1a: Clefable|Soft-Boiled|p1a: Clefable
|-heal|p1a: Clefable|100/100
|move|p2a: Slowking|Sludge Bomb|p1a: Clefable
|-supereffective|p1a: Clefable
|-damage|p1a: Clefable|62/100
|
|upkeep
|turn|19
|
|t:|1661654592
|switch|p2a: Kartana|Kartana, shiny|7/100
|move|p1a: Clefable|Calm Mind|p1a: Clefable
|-boost|p1a: Clefable|spa|1
|-boost|p1a: Clefable|spd|1
|
|upkeep
|turn|20
|
|t:|1661654597
|switch|p1a: Zapdos|Zapdos|79/100
|move|p2a: Kartana|Smart Strike|p1a: Zapdos
|-resisted|p1a: Zapdos
|-damage|p1a: Zapdos|39/100
|
|upkeep
|turn|21
|
|t:|1661654606
|move|p2a: Kartana|Smart Strike|p1a: Zapdos
|-resisted|p1a: Zapdos
|-damage|p1a: Zapdos|0 fnt
|faint|p1a: Zapdos
|-ability|p2a: Kartana|Beast Boost|boost
|-boost|p2a: Kartana|atk|1
|
|upkeep
|
|t:|1661654609
|switch|p1a: Excadrill|Excadrill, M|100/100
|turn|22
|
|t:|1661654615
|switch|p2a: Slowking|Slowking-Galar, M, shiny|100/100
|move|p1a: Excadrill|Earthquake|p2a: Slowking
|-supereffective|p2a: Slowking
|-damage|p2a: Slowking|0 fnt
|faint|p2a: Slowking
|
|upkeep
|
|t:|1661654618
|switch|p2a: Kartana|Kartana, shiny|7/100
|turn|23
|
|t:|1661654630
|switch|p1a: Tyranitar|Tyranitar, F, shiny|51/100
|-weather|Sandstorm|[from] ability: Sand Stream|[of] p1a: Tyranitar
|move|p2a: Kartana|Leaf Blade|p1a: Tyranitar
|-supereffective|p1a: Tyranitar
|-damage|p1a: Tyranitar|0 fnt
|faint|p1a: Tyranitar
|-ability|p2a: Kartana|Beast Boost|boost
|-boost|p2a: Kartana|atk|1
|
|-weather|Sandstorm|[upkeep]
|upkeep
|
|t:|1661654631
|switch|p1a: Excadrill|Excadrill, M|100/100
|turn|24
|
|t:|1661654637
|switch|p2a: Dragapult|Dragapult, M|58/100
|move|p1a: Excadrill|Earthquake|p2a: Dragapult
|-damage|p2a: Dragapult|0 fnt
|faint|p2a: Dragapult
|
|-weather|Sandstorm|[upkeep]
|upkeep
|
|t:|1661654640
|switch|p2a: Tapu Fini|Tapu Fini, shiny|75/100
|-fieldstart|move: Misty Terrain|[from] ability: Misty Surge|[of] p2a: Tapu Fini
|turn|25
|
|t:|1661654642
|move|p1a: Excadrill|Earthquake|p2a: Tapu Fini
|-damage|p2a: Tapu Fini|21/100
|move|p2a: Tapu Fini|Scald|p1a: Excadrill
|-supereffective|p1a: Excadrill
|-damage|p1a: Excadrill|32/100
|
|-weather|Sandstorm|[upkeep]
|-damage|p2a: Tapu Fini|14/100|[from] Sandstorm
|-heal|p1a: Excadrill|38/100|[from] item: Leftovers
|-heal|p2a: Tapu Fini|21/100|[from] item: Leftovers
|upkeep
|turn|26
|
|t:|1661654648
|move|p1a: Excadrill|Earthquake|p2a: Tapu Fini
|-damage|p2a: Tapu Fini|0 fnt
|faint|p2a: Tapu Fini
|
|-weather|Sandstorm|[upkeep]
|-heal|p1a: Excadrill|44/100|[from] item: Leftovers
|upkeep
|-message|thelifeofgabs forfeited.
|
|win|GGeorgie◕‿◕
|raw|GGeorgie◕‿◕'s rating: 1661 &rarr; <strong>1682</strong><br />(+21 for winning)
|raw|thelifeofgabs's rating: 1677 &rarr; <strong>1656</strong><br />(-21 for losing)
|l|☆thelifeofgabs
||Ladder isn't responding, score probably updated but might not have (Request timeout).
