|j|☆izolacerda
|j|☆Pok et glace
|t:|1663435608
|gametype|singles
|player|p1|izolacerda|caitlin|1708
|player|p2|Pok et glace|cynthia-masters|1771
|teamsize|p1|6
|teamsize|p2|6
|gen|8
|tier|[Gen 8] OU
|rated|
|rule|Sleep Clause Mod: Limit one foe put to sleep
|rule|Species Clause: Limit one of each Pokémon
|rule|OHKO Clause: OHKO moves are banned
|rule|Evasion Items Clause: Evasion items are banned
|rule|Evasion Moves Clause: Evasion moves are banned
|rule|Endless Battle Clause: Forcing endless battles is banned
|rule|HP Percentage Mod: HP is shown in percentages
|rule|Dynamax Clause: You cannot dynamax
|clearpoke
|poke|p1|Clefable, M|
|poke|p1|Landorus-Therian, M|
|poke|p1|Buzzwole|
|poke|p1|Zeraora|
|poke|p1|Melmetal|
|poke|p1|Slowking, F|
|poke|p2|Mew|
|poke|p2|Crawdaunt, F|
|poke|p2|Celesteela|
|poke|p2|Garchomp, M|
|poke|p2|Weavile, M|
|poke|p2|Blacephalon|
|teampreview
|c|☆izolacerda|that's a very cool avatar
|c|☆izolacerda|great work
|
|t:|1663435639
|start
|switch|p1a: Melmetal|Melmetal|100/100
|switch|p2a: Sperm thing|Mew|100/100
|turn|1
|c|☆Pok et glace|just /avatar cynthia-masters
|c|☆Pok et glace|it's not a custom
|
|t:|1663435667
|move|p2a: Sperm thing|Stealth Rock|p1a: Melmetal
|-sidestart|p1: izolacerda|move: Stealth Rock
|move|p1a: Melmetal|Double Iron Bash|p2a: Sperm thing
|-damage|p2a: Sperm thing|66/100
|-damage|p2a: Sperm thing|26/100
|-hitcount|p2a: Sperm thing|2
|
|upkeep
|turn|2
|
|t:|1663435672
|move|p2a: Sperm thing|Spikes|p1a: Melmetal
|-sidestart|p1: izolacerda|Spikes
|move|p1a: Melmetal|Double Iron Bash|p2a: Sperm thing
|-damage|p2a: Sperm thing|0 fnt
|faint|p2a: Sperm thing
|-hitcount|p2: Sperm thing|1
|
|upkeep
|
|t:|1663435674
|switch|p2a: Jaw|Crawdaunt, F|100/100
|turn|3
|
|t:|1663435684
|switch|p2a: Garchomp|Garchomp, M|100/100
|switch|p1a: Me but weaker|Buzzwole|100/100
|-damage|p1a: Me but weaker|88/100|[from] Stealth Rock
|-damage|p1a: Me but weaker|76/100|[from] Spikes
|
|upkeep
|turn|4
|
|t:|1663435690
|switch|p2a: Blacephalon|Blacephalon|100/100
|switch|p1a: Landorus|Landorus-Therian, M|100/100
|-damage|p1a: Landorus|88/100|[from] Stealth Rock
|-ability|p1a: Landorus|Intimidate|boost
|-unboost|p2a: Blacephalon|atk|1
|
|-heal|p1a: Landorus|94/100|[from] item: Leftovers
|upkeep
|turn|5
|
|t:|1663435696
|move|p2a: Blacephalon|Taunt|p1a: Landorus
|-start|p1a: Landorus|move: Taunt
|cant|p1a: Landorus|move: Taunt|Defog
|
|-heal|p1a: Landorus|99/100|[from] item: Leftovers
|upkeep
|turn|6
|
|t:|1663435700
|switch|p2a: Bod|Celesteela|100/100
|move|p1a: Landorus|U-turn|p2a: Bod
|-resisted|p2a: Bod
|-damage|p2a: Bod|95/100
|
|t:|1663435705
|switch|p1a: Slowking|Slowking, F|100/100|[from]move: U-turn
|
|upkeep
|turn|7
|
|t:|1663435708
|switch|p2a: Jaw|Crawdaunt, F|100/100
|move|p1a: Slowking|Scald|p2a: Jaw
|-resisted|p2a: Jaw
|-damage|p2a: Jaw|72/100
|
|upkeep
|turn|8
|
|t:|1663435717
|switch|p1a: Clefable|Clefable, M|100/100
|move|p2a: Jaw|Crabhammer|p1a: Clefable|[miss]
|-miss|p2a: Jaw|p1a: Clefable
|
|upkeep
|turn|9
|
|t:|1663435725
|switch|p2a: Blacephalon|Blacephalon|100/100
|move|p1a: Clefable|Stealth Rock|p2a: Blacephalon
|-sidestart|p2: Pok et glace|move: Stealth Rock
|
|upkeep
|turn|10
|
|t:|1663435730
|switch|p1a: Slowking|Slowking, F|100/100
|move|p2a: Blacephalon|Trick|p1a: Slowking
|-activate|p2a: Blacephalon|move: Trick|[of] p1a: Slowking
|-item|p1a: Slowking|Choice Scarf|[from] move: Trick
|-item|p2a: Blacephalon|Heavy-Duty Boots|[from] move: Trick
|
|upkeep
|turn|11
|c|☆Pok et glace|tiring
|
|t:|1663435736
|move|p2a: Blacephalon|Shadow Ball|p1a: Slowking
|-supereffective|p1a: Slowking
|-damage|p1a: Slowking|41/100
|-unboost|p1a: Slowking|spd|1
|move|p1a: Slowking|Teleport|p1a: Slowking
|
|t:|1663435743
|switch|p1a: Clefable|Clefable, M|100/100|[from]move: Teleport
|
|upkeep
|turn|12
|
|t:|1663435749
|move|p2a: Blacephalon|Taunt|p1a: Clefable
|-start|p1a: Clefable|move: Taunt
|cant|p1a: Clefable|move: Taunt|Trick
|
|upkeep
|turn|13
|j| I'M AT MY LIMIT!
|
|t:|1663435764
|switch|p1a: Slowking|Slowking, F|74/100
|-damage|p1a: Slowking|62/100|[from] Stealth Rock
|-damage|p1a: Slowking|49/100|[from] Spikes
|move|p2a: Blacephalon|Flamethrower|p1a: Slowking
|-resisted|p1a: Slowking
|-damage|p1a: Slowking|35/100
|
|upkeep
|turn|14
|
|t:|1663435773
|move|p2a: Blacephalon|Shadow Ball|p1a: Slowking
|-supereffective|p1a: Slowking
|-damage|p1a: Slowking|0 fnt
|faint|p1a: Slowking
|-ability|p2a: Blacephalon|Beast Boost|boost
|-boost|p2a: Blacephalon|spa|1
|
|upkeep
|
|t:|1663435775
|switch|p1a: Zeraora|Zeraora|100/100
|turn|15
|
|t:|1663435782
|switch|p2a: Garchomp|Garchomp, M|100/100
|-damage|p2a: Garchomp|94/100|[from] Stealth Rock
|move|p1a: Zeraora|Toxic|p2a: Garchomp|[miss]
|-miss|p1a: Zeraora|p2a: Garchomp
|
|upkeep
|turn|16
|j| lark134
|
|t:|1663435791
|switch|p1a: Clefable|Clefable, M|100/100
|switch|p2a: Blacephalon|Blacephalon|100/100
|
|upkeep
|turn|17
|
|t:|1663435796
|switch|p1a: Landorus|Landorus-Therian, M|99/100
|-damage|p1a: Landorus|88/100|[from] Stealth Rock
|-ability|p1a: Landorus|Intimidate|boost
|-unboost|p2a: Blacephalon|atk|1
|move|p2a: Blacephalon|Flamethrower|p1a: Landorus
|-damage|p1a: Landorus|50/100
|
|-heal|p1a: Landorus|56/100|[from] item: Leftovers
|upkeep
|turn|18
|
|t:|1663435805
|switch|p2a: Bod|Celesteela|95/100
|-damage|p2a: Bod|83/100|[from] Stealth Rock
|move|p1a: Landorus|Earthquake|p2a: Bod
|-immune|p2a: Bod
|
|-heal|p1a: Landorus|62/100|[from] item: Leftovers
|upkeep
|turn|19
|
|t:|1663435811
|move|p2a: Bod|Autotomize|p2a: Bod
|-boost|p2a: Bod|spe|2
|-start|p2a: Bod|Autotomize
|move|p1a: Landorus|U-turn|p2a: Bod
|-resisted|p2a: Bod
|-damage|p2a: Bod|77/100
|
|t:|1663435819
|switch|p1a: Clefable|Clefable, M|100/100|[from]move: U-turn
|
|upkeep
|turn|20
|
|t:|1663435824
|move|p2a: Bod|Meteor Beam||[still]
|-prepare|p2a: Bod|Meteor Beam
|-boost|p2a: Bod|spa|1
|-enditem|p2a: Bod|Power Herb
|-anim|p2a: Bod|Meteor Beam|p1a: Clefable
|-damage|p1a: Clefable|51/100
|move|p1a: Clefable|Trick|p2a: Bod
|-activate|p1a: Clefable|move: Trick|[of] p2a: Bod
|-item|p2a: Bod|Sticky Barb|[from] move: Trick
|-enditem|p1a: Clefable|Sticky Barb|[silent]|[from] move: Trick
|
|-damage|p2a: Bod|65/100|[from] item: Sticky Barb
|upkeep
|turn|21
|
|t:|1663435830
|switch|p1a: Melmetal|Melmetal|100/100
|-damage|p1a: Melmetal|94/100|[from] Stealth Rock
|-damage|p1a: Melmetal|82/100|[from] Spikes
|move|p2a: Bod|Air Slash|p1a: Melmetal
|-resisted|p1a: Melmetal
|-damage|p1a: Melmetal|59/100
|
|-heal|p1a: Melmetal|65/100|[from] item: Leftovers
|-damage|p2a: Bod|52/100|[from] item: Sticky Barb
|upkeep
|turn|22
|
|t:|1663435839
|move|p1a: Melmetal|Protect|p1a: Melmetal
|-singleturn|p1a: Melmetal|Protect
|move|p2a: Bod|Fire Blast|p1a: Melmetal
|-activate|p1a: Melmetal|move: Protect
|
|-heal|p1a: Melmetal|72/100|[from] item: Leftovers
|-damage|p2a: Bod|40/100|[from] item: Sticky Barb
|upkeep
|turn|23
|
|t:|1663435842
|switch|p1a: Clefable|Clefable, M|51/100
|move|p2a: Bod|Fire Blast|p1a: Clefable
|-damage|p1a: Clefable|7/100
|
|-damage|p2a: Bod|28/100|[from] item: Sticky Barb
|upkeep
|turn|24
|
|t:|1663435847
|move|p2a: Bod|Fire Blast|p1a: Clefable
|-damage|p1a: Clefable|0 fnt
|faint|p1a: Clefable
|-ability|p2a: Bod|Beast Boost|boost
|-boost|p2a: Bod|spa|1
|
|-damage|p2a: Bod|16/100|[from] item: Sticky Barb
|upkeep
|j| mybodyisregig
|
|t:|1663435857
|switch|p1a: Melmetal|Melmetal|72/100
|-damage|p1a: Melmetal|65/100|[from] Stealth Rock
|-damage|p1a: Melmetal|53/100|[from] Spikes
|turn|25
|
|t:|1663435861
|move|p2a: Bod|Fire Blast|p1a: Melmetal|[miss]
|-miss|p2a: Bod|p1a: Melmetal
|move|p1a: Melmetal|Earthquake|p2a: Bod
|-immune|p2a: Bod
|
|-heal|p1a: Melmetal|59/100|[from] item: Leftovers
|-damage|p2a: Bod|3/100|[from] item: Sticky Barb
|upkeep
|turn|26
|
|t:|1663435864
|move|p1a: Melmetal|Protect|p1a: Melmetal
|-singleturn|p1a: Melmetal|Protect
|move|p2a: Bod|Fire Blast|p1a: Melmetal
|-activate|p1a: Melmetal|move: Protect
|
|-heal|p1a: Melmetal|65/100|[from] item: Leftovers
|-damage|p2a: Bod|0 fnt|[from] item: Sticky Barb
|faint|p2a: Bod
|upkeep
|
|t:|1663435866
|switch|p2a: Blacephalon|Blacephalon|100/100
|turn|27
|
|t:|1663435871
|move|p2a: Blacephalon|Flamethrower|p1a: Melmetal
|-supereffective|p1a: Melmetal
|-damage|p1a: Melmetal|0 fnt
|faint|p1a: Melmetal
|-ability|p2a: Blacephalon|Beast Boost|boost
|-boost|p2a: Blacephalon|spa|1
|
|upkeep
|
|t:|1663435873
|switch|p1a: Zeraora|Zeraora|100/100
|turn|28
|
|t:|1663435884
|switch|p2a: Garchomp|Garchomp, M|94/100
|-damage|p2a: Garchomp|88/100|[from] Stealth Rock
|move|p1a: Zeraora|Knock Off|p2a: Garchomp
|-crit|p2a: Garchomp
|-damage|p2a: Garchomp|40/100
|-damage|p1a: Zeraora|88/100|[from] ability: Rough Skin|[of] p2a: Garchomp
|-enditem|p2a: Garchomp|Lum Berry|[from] move: Knock Off|[of] p1a: Zeraora
|
|upkeep
|turn|29
|
|t:|1663435894
|switch|p1a: Me but weaker|Buzzwole|76/100
|-damage|p1a: Me but weaker|63/100|[from] Stealth Rock
|-damage|p1a: Me but weaker|51/100|[from] Spikes
|move|p2a: Garchomp|Aqua Tail|p1a: Me but weaker
|-damage|p1a: Me but weaker|36/100
|-damage|p2a: Garchomp|23/100|[from] item: Rocky Helmet|[of] p1a: Me but weaker
|
|upkeep
|turn|30
|l| I'M AT MY LIMIT!
|
|t:|1663435910
|switch|p2a: Blacephalon|Blacephalon|100/100
|move|p1a: Me but weaker|Roost|p1a: Me but weaker
|-heal|p1a: Me but weaker|86/100
|-singleturn|p1a: Me but weaker|move: Roost
|
|upkeep
|turn|31
|j| Toxic Facade
|
|t:|1663435915
|switch|p1a: Landorus|Landorus-Therian, M|62/100
|-damage|p1a: Landorus|50/100|[from] Stealth Rock
|-ability|p1a: Landorus|Intimidate|boost
|-unboost|p2a: Blacephalon|atk|1
|move|p2a: Blacephalon|Flamethrower|p1a: Landorus
|-damage|p1a: Landorus|11/100
|
|-heal|p1a: Landorus|17/100|[from] item: Leftovers
|upkeep
|turn|32
|l| Toxic Facade
|
|t:|1663435920
|move|p2a: Blacephalon|Flamethrower|p1a: Landorus
|-damage|p1a: Landorus|0 fnt
|faint|p1a: Landorus
|-ability|p2a: Blacephalon|Beast Boost|boost
|-boost|p2a: Blacephalon|spa|1
|
|upkeep
|
|t:|1663435921
|switch|p1a: Zeraora|Zeraora|88/100
|turn|33
|
|t:|1663435925
|switch|p2a: Garchomp|Garchomp, M|23/100
|-damage|p2a: Garchomp|17/100|[from] Stealth Rock
|move|p1a: Zeraora|Knock Off|p2a: Garchomp
|-damage|p2a: Garchomp|0 fnt
|-damage|p1a: Zeraora|76/100|[from] ability: Rough Skin|[of] p2a: Garchomp
|faint|p2a: Garchomp
|
|upkeep
|j| I'M AT MY LIMIT!
|
|t:|1663435941
|switch|p2a: Jaw|Crawdaunt, F|72/100
|-damage|p2a: Jaw|60/100|[from] Stealth Rock
|turn|34
|j| emo705
|
|t:|1663435979
|switch|p1a: Me but weaker|Buzzwole|86/100
|-damage|p1a: Me but weaker|73/100|[from] Stealth Rock
|-damage|p1a: Me but weaker|61/100|[from] Spikes
|move|p2a: Jaw|Aqua Jet|p1a: Me but weaker
|-damage|p1a: Me but weaker|43/100
|-damage|p2a: Jaw|44/100|[from] item: Rocky Helmet|[of] p1a: Me but weaker
|-damage|p2a: Jaw|34/100|[from] item: Life Orb
|
|upkeep
|turn|35
|
|t:|1663435986
|switch|p2a: Blacephalon|Blacephalon|100/100
|switch|p1a: Zeraora|Zeraora|76/100
|
|upkeep
|turn|36
|
|t:|1663435991
|switch|p2a: Hair|Weavile, M|100/100
|-damage|p2a: Hair|76/100|[from] Stealth Rock
|move|p1a: Zeraora|Plasma Fists|p2a: Hair
|-damage|p2a: Hair|1/100
|-fieldactivate|move: Ion Deluge
|-hint|Normal-type moves become Electric-type after using Plasma Fists.
|
|upkeep
|turn|37
|
|t:|1663436038
|switch|p1a: Me but weaker|Buzzwole|43/100
|-damage|p1a: Me but weaker|31/100|[from] Stealth Rock
|-damage|p1a: Me but weaker|18/100|[from] Spikes
|move|p2a: Hair|Ice Shard|p1a: Me but weaker
|-damage|p1a: Me but weaker|5/100
|-damage|p2a: Hair|0 fnt|[from] item: Life Orb
|faint|p2a: Hair
|
|upkeep
|
|t:|1663436044
|switch|p2a: Blacephalon|Blacephalon|100/100
|turn|38
|
|t:|1663436047
|move|p2a: Blacephalon|Trick|p1a: Me but weaker
|-activate|p2a: Blacephalon|move: Trick|[of] p1a: Me but weaker
|-item|p1a: Me but weaker|Heavy-Duty Boots|[from] move: Trick
|-item|p2a: Blacephalon|Rocky Helmet|[from] move: Trick
|move|p1a: Me but weaker|Thunder Punch|p2a: Blacephalon
|-damage|p2a: Blacephalon|51/100
|-damage|p1a: Me but weaker|0 fnt|[from] item: Rocky Helmet|[of] p2a: Blacephalon
|faint|p1a: Me but weaker
|
|upkeep
|
|t:|1663436051
|switch|p1a: Zeraora|Zeraora|76/100
|turn|39
|
|t:|1663436060
|move|p1a: Zeraora|Plasma Fists|p2a: Blacephalon
|-damage|p2a: Blacephalon|0 fnt
|-fieldactivate|move: Ion Deluge
|-hint|Normal-type moves become Electric-type after using Plasma Fists.
|-damage|p1a: Zeraora|59/100|[from] item: Rocky Helmet|[of] p2a: Blacephalon
|faint|p2a: Blacephalon
|
|upkeep
|
|t:|1663436064
|switch|p2a: Jaw|Crawdaunt, F|34/100
|-damage|p2a: Jaw|21/100|[from] Stealth Rock
|turn|40
|
|t:|1663436066
|move|p2a: Jaw|Aqua Jet|p1a: Zeraora
|-damage|p1a: Zeraora|4/100
|-damage|p2a: Jaw|12/100|[from] item: Life Orb
|move|p1a: Zeraora|Plasma Fists|p2a: Jaw
|-supereffective|p2a: Jaw
|-damage|p2a: Jaw|0 fnt
|-fieldactivate|move: Ion Deluge
|-hint|Normal-type moves become Electric-type after using Plasma Fists.
|faint|p2a: Jaw
|
|win|izolacerda
|raw|izolacerda's rating: 1708 &rarr; <strong>1732</strong><br />(+24 for winning)
|raw|Pok et glace's rating: 1771 &rarr; <strong>1747</strong><br />(-24 for losing)
|c|☆izolacerda|gg
|c|☆Pok et glace|damn
|c|☆Pok et glace|the toxic miss actually helped you
|l| mybodyisregig
|c|☆izolacerda|yea
|c|☆izolacerda|lol
|c|☆Pok et glace|cause knock would have done less damage$
|c|☆Pok et glace|this game is weird
|c|☆Pok et glace|gg
|c|☆izolacerda|didn't expect lum chomp
|c|☆Pok et glace|it's okayù
|c|☆izolacerda|i think its pretty good but no one uses
||Ladder isn't responding, score probably updated but might not have (Request timeout).
|c|☆Pok et glace|i feel like leftovers is probably better
|l|☆Pok et glace
|l|☆izolacerda
|l| lark134
|l| I'M AT MY LIMIT!
|l| emo705
