|j|☆vkhss
|j|☆BTLT007 SF'
|inactive|Battle timer is ON: inactive players will automatically lose when time's up.
|t:|1668069332
|gametype|singles
|player|p1|vkhss|clemont|
|player|p2|BTLT007 SF'|palmer|
|teamsize|p1|6
|teamsize|p2|6
|gen|8
|tier|[Gen 8] OU
|rated|Tournament battle
|rule|Sleep Clause Mod: Limit one foe put to sleep
|rule|Species Clause: Limit one of each Pokémon
|rule|OHKO Clause: OHKO moves are banned
|rule|Evasion Items Clause: Evasion items are banned
|rule|Evasion Moves Clause: Evasion moves are banned
|rule|Endless Battle Clause: Forcing endless battles is banned
|rule|HP Percentage Mod: HP is shown in percentages
|rule|Dynamax Clause: You cannot dynamax
|clearpoke
|poke|p1|Landorus-Therian, M|
|poke|p1|Melmetal|
|poke|p1|Zapdos|
|poke|p1|Urshifu-*, M|
|poke|p1|Tapu Lele|
|poke|p1|Dragapult, M|
|poke|p2|Corviknight, M|
|poke|p2|Tornadus-Therian, M|
|poke|p2|Toxapex, F|
|poke|p2|Clefable, M|
|poke|p2|Hippowdon, M|
|poke|p2|Hydreigon, F|
|teampreview
|inactive|BTLT007 SF' also wants the timer to be on.
|j| innovamania
|j| cypherstest
|j| Zendaya bath water
|c|☆vkhss|triple wings team
|c|☆vkhss|crazy look fr
|inactive|vkhss has 120 seconds left.
|
|t:|1668069388
|start
|switch|p1a: Landorus|Landorus-Therian, M|100/100
|switch|p2a: Tornadus|Tornadus-Therian, M|100/100
|-ability|p1a: Landorus|Intimidate|boost
|-unboost|p2a: Tornadus|atk|1
|turn|1
|
|t:|1668069392
|move|p2a: Tornadus|Knock Off|p1a: Landorus
|-damage|p1a: Landorus|87/100
|-enditem|p1a: Landorus|Leftovers|[from] move: Knock Off|[of] p2a: Tornadus
|move|p1a: Landorus|Knock Off|p2a: Tornadus
|-damage|p2a: Tornadus|67/100
|-damage|p1a: Landorus|70/100|[from] item: Rocky Helmet|[of] p2a: Tornadus
|-enditem|p2a: Tornadus|Rocky Helmet|[from] move: Knock Off|[of] p1a: Landorus
|
|upkeep
|turn|2
|
|t:|1668069397
|move|p2a: Tornadus|Toxic|p1a: Landorus
|-status|p1a: Landorus|tox
|move|p1a: Landorus|Stealth Rock|p2a: Tornadus
|-sidestart|p2: BTLT007 SF'|move: Stealth Rock
|
|-damage|p1a: Landorus|64/100 tox|[from] psn
|upkeep
|turn|3
|
|t:|1668069401
|move|p2a: Tornadus|Defog|p1a: Landorus
|-unboost|p1a: Landorus|evasion|1
|-sideend|p2: BTLT007 SF'|Stealth Rock|[from] move: Defog|[of] p2a: Tornadus
|move|p1a: Landorus|U-turn|p2a: Tornadus
|-resisted|p2a: Tornadus
|-crit|p2a: Tornadus
|-damage|p2a: Tornadus|49/100
|
|t:|1668069408
|switch|p1a: Dragapult|Dragapult, M|100/100|[from]move: U-turn
|
|upkeep
|turn|4
|
|t:|1668069418
|switch|p2a: Toxapex|Toxapex, F|100/100
|move|p1a: Dragapult|Draco Meteor|p2a: Toxapex
|-damage|p2a: Toxapex|35/100
|-unboost|p1a: Dragapult|spa|2
|
|upkeep
|turn|5
|
|t:|1668069439
|move|p1a: Dragapult|Draco Meteor|p2a: Toxapex
|-damage|p2a: Toxapex|5/100
|-unboost|p1a: Dragapult|spa|2
|move|p2a: Toxapex|Recover|p2a: Toxapex
|-heal|p2a: Toxapex|55/100
|
|upkeep
|turn|6
|c|☆vkhss|ouch
|
|t:|1668069455
|switch|p1a: Landorus|Landorus-Therian, M|64/100 tox
|-ability|p1a: Landorus|Intimidate|boost
|-unboost|p2a: Toxapex|atk|1
|move|p2a: Toxapex|Recover|p2a: Toxapex
|-heal|p2a: Toxapex|100/100
|
|-damage|p1a: Landorus|58/100 tox|[from] psn
|upkeep
|turn|7
|
|t:|1668069460
|switch|p2a: Corviknight|Corviknight, M|100/100
|-ability|p2a: Corviknight|Pressure
|move|p1a: Landorus|Earthquake|p2a: Corviknight
|-immune|p2a: Corviknight
|
|-damage|p1a: Landorus|46/100 tox|[from] psn
|upkeep
|turn|8
|
|t:|1668069468
|switch|p1a: Zapdos|Zapdos|100/100
|move|p2a: Corviknight|Defog|p1a: Zapdos
|-unboost|p1a: Zapdos|evasion|1
|
|upkeep
|turn|9
|
|t:|1668069473
|switch|p2a: Hippowdon|Hippowdon, M|100/100
|-weather|Sandstorm|[from] ability: Sand Stream|[of] p2a: Hippowdon
|move|p1a: Zapdos|Hurricane|p2a: Hippowdon
|-damage|p2a: Hippowdon|54/100
|-start|p2a: Hippowdon|confusion
|
|-weather|Sandstorm|[upkeep]
|-damage|p1a: Zapdos|94/100|[from] Sandstorm
|-heal|p2a: Hippowdon|60/100|[from] item: Leftovers
|upkeep
|turn|10
|
|t:|1668069479
|move|p1a: Zapdos|Hurricane|p2a: Hippowdon
|-damage|p2a: Hippowdon|16/100
|-activate|p2a: Hippowdon|confusion
|-damage|p2a: Hippowdon|9/100|[from] confusion
|
|-weather|Sandstorm|[upkeep]
|-damage|p1a: Zapdos|88/100|[from] Sandstorm
|-heal|p2a: Hippowdon|15/100|[from] item: Leftovers
|upkeep
|turn|11
|
|t:|1668069484
|move|p1a: Zapdos|Heat Wave|p2a: Hippowdon
|-damage|p2a: Hippowdon|0 fnt
|faint|p2a: Hippowdon
|
|-weather|Sandstorm|[upkeep]
|-damage|p1a: Zapdos|82/100|[from] Sandstorm
|upkeep
|
|t:|1668069486
|switch|p2a: Hydreigon|Hydreigon, F|100/100
|turn|12
|
|t:|1668069491
|switch|p1a: Landorus|Landorus-Therian, M|46/100 tox
|-ability|p1a: Landorus|Intimidate|boost
|-unboost|p2a: Hydreigon|atk|1
|move|p2a: Hydreigon|Dark Pulse|p1a: Landorus
|-damage|p1a: Landorus|4/100 tox
|-damage|p2a: Hydreigon|91/100|[from] item: Life Orb
|
|-weather|Sandstorm|[upkeep]
|-damage|p2a: Hydreigon|84/100|[from] Sandstorm
|-damage|p1a: Landorus|0 fnt|[from] psn
|faint|p1a: Landorus
|upkeep
|
|t:|1668069496
|switch|p1a: Urshifu|Urshifu-Rapid-Strike, M|100/100
|turn|13
|
|t:|1668069499
|switch|p2a: Toxapex|Toxapex, F|100/100
|move|p1a: Urshifu|U-turn|p2a: Toxapex
|-resisted|p2a: Toxapex
|-damage|p2a: Toxapex|87/100
|
|t:|1668069502
|switch|p1a: Zapdos|Zapdos|82/100|[from]move: U-turn
|
|-weather|none
|upkeep
|turn|14
|
|t:|1668069503
|move|p1a: Zapdos|Volt Switch|p2a: Toxapex
|-supereffective|p2a: Toxapex
|-crit|p2a: Toxapex
|-damage|p2a: Toxapex|10/100
|
|t:|1668069505
|switch|p1a: Melmetal|Melmetal|100/100|[from]move: Volt Switch
|move|p2a: Toxapex|Light Screen|p2a: Toxapex
|-sidestart|p2: BTLT007 SF'|move: Light Screen
|
|upkeep
|turn|15
|
|t:|1668069508
|switch|p1a: Zapdos|Zapdos|82/100
|switch|p2a: Corviknight|Corviknight, M|100/100
|-ability|p2a: Corviknight|Pressure
|
|upkeep
|turn|16
|
|t:|1668069512
|move|p1a: Zapdos|Volt Switch|p2a: Corviknight
|-supereffective|p2a: Corviknight
|-damage|p2a: Corviknight|64/100
|
|t:|1668069515
|switch|p1a: Dragapult|Dragapult, M|100/100|[from]move: Volt Switch
|move|p2a: Corviknight|Roost|p2a: Corviknight
|-heal|p2a: Corviknight|100/100
|-singleturn|p2a: Corviknight|move: Roost
|
|upkeep
|turn|17
|
|t:|1668069520
|move|p1a: Dragapult|U-turn|p2a: Corviknight
|-resisted|p2a: Corviknight
|-damage|p2a: Corviknight|98/100
|
|t:|1668069522
|switch|p1a: Zapdos|Zapdos|82/100|[from]move: U-turn
|move|p2a: Corviknight|U-turn|p1a: Zapdos
|-resisted|p1a: Zapdos
|-damage|p1a: Zapdos|75/100
|
|t:|1668069524
|switch|p2a: Hydreigon|Hydreigon, F|84/100|[from]move: U-turn
|
|upkeep
|turn|18
|
|t:|1668069527
|switch|p1a: Urshifu|Urshifu-Rapid-Strike, M|100/100
|move|p2a: Hydreigon|Dark Pulse|p1a: Urshifu
|-resisted|p1a: Urshifu
|-damage|p1a: Urshifu|64/100
|-damage|p2a: Hydreigon|75/100|[from] item: Life Orb
|
|-sideend|p2: BTLT007 SF'|move: Light Screen
|upkeep
|turn|19
|
|t:|1668069533
|switch|p2a: Toxapex|Toxapex, F|44/100
|move|p1a: Urshifu|Surging Strikes|p2a: Toxapex
|-resisted|p2a: Toxapex
|-crit|p2a: Toxapex
|-damage|p2a: Toxapex|33/100
|-resisted|p2a: Toxapex
|-crit|p2a: Toxapex
|-damage|p2a: Toxapex|23/100
|-resisted|p2a: Toxapex
|-crit|p2a: Toxapex
|-damage|p2a: Toxapex|12/100
|-hitcount|p2a: Toxapex|3
|
|upkeep
|turn|20
|
|t:|1668069550
|switch|p2a: Tornadus|Tornadus-Therian, M|83/100
|move|p1a: Urshifu|Surging Strikes|p2a: Tornadus
|-crit|p2a: Tornadus
|-damage|p2a: Tornadus|54/100
|-crit|p2a: Tornadus
|-damage|p2a: Tornadus|25/100
|-crit|p2a: Tornadus
|-damage|p2a: Tornadus|0 fnt
|faint|p2a: Tornadus
|-hitcount|p2: Tornadus|3
|
|upkeep
|
|t:|1668069557
|switch|p2a: Toxapex|Toxapex, F|46/100
|turn|21
|
|t:|1668069568
|switch|p1a: Zapdos|Zapdos|75/100
|move|p2a: Toxapex|Recover|p2a: Toxapex
|-heal|p2a: Toxapex|96/100
|
|upkeep
|turn|22
|
|t:|1668069572
|move|p1a: Zapdos|Volt Switch|p2a: Toxapex
|-supereffective|p2a: Toxapex
|-damage|p2a: Toxapex|40/100
|
|t:|1668069575
|switch|p1a: Melmetal|Melmetal|100/100|[from]move: Volt Switch
|move|p2a: Toxapex|Light Screen|p2a: Toxapex
|-sidestart|p2: BTLT007 SF'|move: Light Screen
|
|upkeep
|turn|23
|
|t:|1668069581
|switch|p1a: Dragapult|Dragapult, M|100/100
|switch|p2a: Corviknight|Corviknight, M|98/100
|-ability|p2a: Corviknight|Pressure
|
|-heal|p2a: Corviknight|100/100|[from] item: Leftovers
|upkeep
|turn|24
|
|t:|1668069586
|switch|p2a: Hydreigon|Hydreigon, F|75/100
|move|p1a: Dragapult|Flamethrower|p2a: Hydreigon
|-resisted|p2a: Hydreigon
|-damage|p2a: Hydreigon|52/100
|
|upkeep
|turn|25
|
|t:|1668069593
|switch|p1a: Urshifu|Urshifu-Rapid-Strike, M|64/100
|move|p2a: Hydreigon|Roost|p2a: Hydreigon
|-heal|p2a: Hydreigon|100/100
|-singleturn|p2a: Hydreigon|move: Roost
|
|upkeep
|turn|26
|
|t:|1668069596
|move|p2a: Hydreigon|Dark Pulse|p1a: Urshifu
|-resisted|p1a: Urshifu
|-damage|p1a: Urshifu|26/100
|-damage|p2a: Hydreigon|91/100|[from] item: Life Orb
|move|p1a: Urshifu|U-turn|p2a: Hydreigon
|-supereffective|p2a: Hydreigon
|-damage|p2a: Hydreigon|9/100
|
|t:|1668069600
|switch|p1a: Dragapult|Dragapult, M|100/100|[from]move: U-turn
|
|-sideend|p2: BTLT007 SF'|move: Light Screen
|upkeep
|turn|27
|
|t:|1668069604
|switch|p2a: Toxapex|Toxapex, F|74/100
|move|p1a: Dragapult|Shadow Ball|p2a: Toxapex
|-damage|p2a: Toxapex|36/100
|
|upkeep
|turn|28
|-message|BTLT007 SF' forfeited.
|
|win|vkhss
|n|☆vkhss|vkhss
|n|☆BTLT007 SF'|btlt007sf
|n| innovamania|innovamania
|n| cypherstest|cypherstest
|n| Zendaya bath water|zendayabathwater
|l|☆BTLT007 SF'
|c|☆vkhss|gg
