|html|<div class="broadcast-blue"><strong>[Gen 8] OU is currently suspecting Melmetal! For information on how to participate check out the <a href="https://www.smogon.com/forums/threads/np-ss-ou-suspect-process-round-12-monster-mash.3709234/">suspect thread</a>.</strong></div>
|j|☆Aes Dragon
|j|☆HQSNonsense
|t:|1666337493
|gametype|singles
|player|p1|Aes Dragon|169|1565
|player|p2|HQSNonsense|veteranf|1523
|teamsize|p1|6
|teamsize|p2|6
|gen|8
|tier|[Gen 8] OU
|rated|
|rule|Sleep Clause Mod: Limit one foe put to sleep
|rule|Species Clause: Limit one of each Pokémon
|rule|OHKO Clause: OHKO moves are banned
|rule|Evasion Items Clause: Evasion items are banned
|rule|Evasion Moves Clause: Evasion moves are banned
|rule|Endless Battle Clause: Forcing endless battles is banned
|rule|HP Percentage Mod: HP is shown in percentages
|rule|Dynamax Clause: You cannot dynamax
|clearpoke
|poke|p1|Swampert, F|
|poke|p1|Clefable, M|
|poke|p1|Zapdos-Galar|
|poke|p1|Ferrothorn, M|
|poke|p1|Regieleki|
|poke|p1|Dragapult, F|
|poke|p2|Scizor, M|
|poke|p2|Rillaboom, M|
|poke|p2|Landorus-Therian, M|
|poke|p2|Urshifu-*, M|
|poke|p2|Weavile, F|
|poke|p2|Dragonite, M|
|teampreview
|inactive|Battle timer is ON: inactive players will automatically lose when time's up. (requested by Aes Dragon)
|
|t:|1666337500
|start
|switch|p1a: Ferrothorn|Ferrothorn, M|100/100
|switch|p2a: Urshifu|Urshifu-Rapid-Strike, M|100/100
|turn|1
|
|t:|1666337507
|switch|p1a: Dragapult|Dragapult, F|100/100
|move|p2a: Urshifu|Taunt|p1a: Dragapult
|-start|p1a: Dragapult|move: Taunt
|
|upkeep
|turn|2
|
|t:|1666337520
|move|p1a: Dragapult|Dragon Darts|p2a: Urshifu
|-damage|p2a: Urshifu|72/100
|-anim|p1a: Dragapult|Dragon Darts|p2a: Urshifu
|-damage|p2a: Urshifu|45/100
|move|p2a: Urshifu|Surging Strikes|p1a: Dragapult
|-resisted|p1a: Dragapult
|-crit|p1a: Dragapult
|-damage|p1a: Dragapult|86/100
|-resisted|p1a: Dragapult
|-crit|p1a: Dragapult
|-damage|p1a: Dragapult|71/100
|-resisted|p1a: Dragapult
|-crit|p1a: Dragapult
|-damage|p1a: Dragapult|55/100
|-hitcount|p1a: Dragapult|3
|
|-heal|p1a: Dragapult|61/100|[from] item: Leftovers
|upkeep
|turn|3
|
|t:|1666337536
|switch|p1a: Ferrothorn|Ferrothorn, M|100/100
|switch|p2a: Landorus|Landorus-Therian, M|100/100
|-ability|p2a: Landorus|Intimidate|boost
|-unboost|p1a: Ferrothorn|atk|1
|
|upkeep
|turn|4
|
|t:|1666337548
|move|p2a: Landorus|Earthquake|p1a: Ferrothorn
|-damage|p1a: Ferrothorn|54/100
|move|p1a: Ferrothorn|Spikes|p2a: Landorus
|-sidestart|p2: HQSNonsense|Spikes
|
|-heal|p1a: Ferrothorn|60/100|[from] item: Leftovers
|upkeep
|turn|5
|
|t:|1666337553
|switch|p1a: Zapdos|Zapdos-Galar|100/100
|move|p2a: Landorus|Stealth Rock|p1a: Zapdos
|-sidestart|p1: Aes Dragon|move: Stealth Rock
|
|upkeep
|turn|6
|
|t:|1666337557
|move|p1a: Zapdos|Brave Bird|p2a: Landorus
|-damage|p2a: Landorus|0 fnt
|faint|p2a: Landorus
|-damage|p1a: Zapdos|68/100|[from] Recoil
|
|upkeep
|
|t:|1666337566
|switch|p2a: Weavile|Weavile, F|100/100
|-damage|p2a: Weavile|88/100|[from] Spikes
|-ability|p2a: Weavile|Pressure
|turn|7
|
|t:|1666337577
|switch|p1a: Clefable|Clefable, M|100/100
|move|p2a: Weavile|Triple Axel|p1a: Clefable
|-damage|p1a: Clefable|89/100
|-damage|p1a: Clefable|71/100
|-damage|p1a: Clefable|43/100
|-hitcount|p1a: Clefable|3
|-damage|p2a: Weavile|78/100|[from] item: Life Orb
|
|-heal|p1a: Clefable|49/100|[from] item: Leftovers
|upkeep
|turn|8
|
|t:|1666337588
|switch|p1a: Ferrothorn|Ferrothorn, M|60/100
|-damage|p1a: Ferrothorn|54/100|[from] Stealth Rock
|move|p2a: Weavile|Triple Axel|p1a: Ferrothorn
|-damage|p1a: Ferrothorn|45/100
|-damage|p2a: Weavile|66/100|[from] ability: Iron Barbs|[of] p1a: Ferrothorn
|-damage|p1a: Ferrothorn|26/100
|-damage|p2a: Weavile|53/100|[from] ability: Iron Barbs|[of] p1a: Ferrothorn
|-damage|p1a: Ferrothorn|0 fnt
|-damage|p2a: Weavile|41/100|[from] ability: Iron Barbs|[of] p1a: Ferrothorn
|faint|p1a: Ferrothorn
|-hitcount|p1: Ferrothorn|3
|-damage|p2a: Weavile|31/100|[from] item: Life Orb
|
|upkeep
|
|t:|1666337599
|switch|p1a: Regieleki|Regieleki|100/100
|turn|9
|
|t:|1666337607
|move|p2a: Weavile|Ice Shard|p1a: Regieleki
|-damage|p1a: Regieleki|56/100
|-damage|p2a: Weavile|21/100|[from] item: Life Orb
|move|p1a: Regieleki|Volt Switch|p2a: Weavile
|-damage|p2a: Weavile|0 fnt
|faint|p2a: Weavile
|
|t:|1666337618
|switch|p1a: Swampert|Swampert, F|100/100|[from]move: Volt Switch
|-damage|p1a: Swampert|94/100|[from] Stealth Rock
|
|-heal|p1a: Swampert|100/100|[from] item: Leftovers
|upkeep
|
|t:|1666337621
|switch|p2a: Rillaboom|Rillaboom, M|100/100
|-damage|p2a: Rillaboom|88/100|[from] Spikes
|-fieldstart|move: Grassy Terrain|[from] ability: Grassy Surge|[of] p2a: Rillaboom
|turn|10
|
|t:|1666337627
|move|p2a: Rillaboom|Swords Dance|p2a: Rillaboom
|-boost|p2a: Rillaboom|atk|2
|move|p1a: Swampert|Toxic|p2a: Rillaboom
|-status|p2a: Rillaboom|tox
|
|-heal|p2a: Rillaboom|94/100 tox|[from] Grassy Terrain
|-damage|p2a: Rillaboom|88/100 tox|[from] psn
|upkeep
|turn|11
|
|t:|1666337632
|move|p2a: Rillaboom|Grassy Glide|p1a: Swampert
|-supereffective|p1a: Swampert
|-damage|p1a: Swampert|0 fnt
|faint|p1a: Swampert
|-damage|p2a: Rillaboom|78/100 tox|[from] item: Life Orb
|
|-heal|p2a: Rillaboom|84/100 tox|[from] Grassy Terrain
|-damage|p2a: Rillaboom|72/100 tox|[from] psn
|upkeep
|
|t:|1666337636
|switch|p1a: Regieleki|Regieleki|56/100
|turn|12
|
|t:|1666337639
|switch|p1a: Zapdos|Zapdos-Galar|68/100
|-damage|p1a: Zapdos|55/100|[from] Stealth Rock
|move|p2a: Rillaboom|Grassy Glide|p1a: Zapdos
|-resisted|p1a: Zapdos
|-damage|p1a: Zapdos|0 fnt
|faint|p1a: Zapdos
|-damage|p2a: Rillaboom|62/100 tox|[from] item: Life Orb
|
|-heal|p2a: Rillaboom|69/100 tox|[from] Grassy Terrain
|-damage|p2a: Rillaboom|50/100 tox|[from] psn
|upkeep
|
|t:|1666337643
|switch|p1a: Clefable|Clefable, M|49/100
|turn|13
|
|t:|1666337646
|move|p2a: Rillaboom|Grassy Glide|p1a: Clefable
|-damage|p1a: Clefable|0 fnt
|faint|p1a: Clefable
|-damage|p2a: Rillaboom|41/100 tox|[from] item: Life Orb
|
|-heal|p2a: Rillaboom|47/100 tox|[from] Grassy Terrain
|-damage|p2a: Rillaboom|22/100 tox|[from] psn
|upkeep
|
|t:|1666337649
|switch|p1a: Regieleki|Regieleki|56/100
|turn|14
|
|t:|1666337653
|move|p2a: Rillaboom|Grassy Glide|p1a: Regieleki
|-damage|p1a: Regieleki|0 fnt
|faint|p1a: Regieleki
|-damage|p2a: Rillaboom|13/100 tox|[from] item: Life Orb
|
|-heal|p2a: Rillaboom|19/100 tox|[from] Grassy Terrain
|-damage|p2a: Rillaboom|0 fnt|[from] psn
|faint|p2a: Rillaboom
|-fieldend|move: Grassy Terrain
|upkeep
|
|t:|1666337662
|switch|p1a: Dragapult|Dragapult, F|61/100
|switch|p2a: Scizor|Scizor, M|100/100
|-damage|p1a: Dragapult|49/100|[from] Stealth Rock
|-damage|p2a: Scizor|88/100|[from] Spikes
|turn|15
|
|t:|1666337666
|move|p2a: Scizor|Bullet Punch|p1a: Dragapult
|-damage|p1a: Dragapult|0 fnt
|faint|p1a: Dragapult
|-damage|p2a: Scizor|79/100|[from] item: Life Orb
|
|win|HQSNonsense
|raw|Aes Dragon's rating: 1565 &rarr; <strong>1543</strong><br />(-22 for losing)
|raw|HQSNonsense's rating: 1523 &rarr; <strong>1545</strong><br />(+22 for winning)
|l|☆Aes Dragon
