|j|☆ultimategoogolplex
|j|☆OUTD YAAAAA
|t:|1667437495
|gametype|singles
|player|p1|ultimategoogolplex|2|1728
|player|p2|OUTD YAAAAA|chili|1732
|teamsize|p1|6
|teamsize|p2|6
|gen|8
|tier|[Gen 8] OU
|rated|
|rule|Sleep Clause Mod: Limit one foe put to sleep
|rule|Species Clause: Limit one of each Pokémon
|rule|OHKO Clause: OHKO moves are banned
|rule|Evasion Items Clause: Evasion items are banned
|rule|Evasion Moves Clause: Evasion moves are banned
|rule|Endless Battle Clause: Forcing endless battles is banned
|rule|HP Percentage Mod: HP is shown in percentages
|rule|Dynamax Clause: You cannot dynamax
|clearpoke
|poke|p1|Weavile, M|
|poke|p1|Volcanion|
|poke|p1|Zapdos|
|poke|p1|Landorus-Therian, M|
|poke|p1|Kartana|
|poke|p1|Melmetal|
|poke|p2|Volcarona, M|
|poke|p2|Garchomp, M|
|poke|p2|Clefable, F|
|poke|p2|Regieleki|
|poke|p2|Melmetal|
|poke|p2|Mantine, F|
|teampreview
|inactive|Battle timer is ON: inactive players will automatically lose when time's up. (requested by ultimategoogolplex)
|
|t:|1667437516
|start
|switch|p1a: Zapdos|Zapdos|100/100
|switch|p2a: Regieleki|Regieleki|100/100
|turn|1
|
|t:|1667437525
|switch|p2a: Clefable|Clefable, F|100/100
|switch|p1a: Landorus|Landorus-Therian, M|100/100
|-ability|p1a: Landorus|Intimidate|boost
|-unboost|p2a: Clefable|atk|1
|
|upkeep
|turn|2
|
|t:|1667437534
|switch|p1a: Melmetal|Melmetal|100/100
|move|p2a: Clefable|Ice Beam|p1a: Melmetal
|-resisted|p1a: Melmetal
|-crit|p1a: Melmetal
|-damage|p1a: Melmetal|87/100
|
|upkeep
|turn|3
|inactive|OUTD YAAAAA has 120 seconds left.
|
|t:|1667437588
|move|p2a: Clefable|Focus Blast|p1a: Melmetal
|-supereffective|p1a: Melmetal
|-damage|p1a: Melmetal|31/100
|move|p1a: Melmetal|Ice Punch|p2a: Clefable
|-damage|p2a: Clefable|56/100
|
|upkeep
|turn|4
|
|t:|1667437608
|move|p2a: Clefable|Thunder|p1a: Melmetal|[miss]
|-miss|p2a: Clefable|p1a: Melmetal
|move|p1a: Melmetal|Double Iron Bash|p2a: Clefable
|-supereffective|p2a: Clefable
|-damage|p2a: Clefable|0 fnt
|faint|p2a: Clefable
|-hitcount|p2: Clefable|1
|
|upkeep
|
|t:|1667437614
|switch|p2a: Volcarona|Volcarona, M|100/100
|turn|5
|
|t:|1667437617
|switch|p1a: Volcanion|Volcanion|100/100
|move|p2a: Volcarona|Quiver Dance|p2a: Volcarona
|-boost|p2a: Volcarona|spa|1
|-boost|p2a: Volcarona|spd|1
|-boost|p2a: Volcarona|spe|1
|
|upkeep
|turn|6
|
|t:|1667437623
|switch|p2a: Mantine|Mantine, F|100/100
|move|p1a: Volcanion|Steam Eruption|p2a: Mantine
|-immune|p2a: Mantine|[from] ability: Water Absorb
|
|upkeep
|turn|7
|
|t:|1667437634
|switch|p1a: Zapdos|Zapdos|100/100
|move|p2a: Mantine|Toxic|p1a: Zapdos
|-status|p1a: Zapdos|tox
|
|-damage|p1a: Zapdos|94/100 tox|[from] psn
|upkeep
|turn|8
|
|t:|1667437641
|switch|p1a: Weavile|Weavile, M|100/100
|-ability|p1a: Weavile|Pressure
|switch|p2a: Garchomp|Garchomp, M|100/100
|
|upkeep
|turn|9
|
|t:|1667437648
|move|p1a: Weavile|Knock Off|p2a: Garchomp
|-damage|p2a: Garchomp|30/100
|-damage|p1a: Weavile|88/100|[from] ability: Rough Skin|[of] p2a: Garchomp
|-enditem|p2a: Garchomp|Leftovers|[from] move: Knock Off|[of] p1a: Weavile
|move|p2a: Garchomp|Stealth Rock|p1a: Weavile
|-sidestart|p1: ultimategoogolplex|move: Stealth Rock
|
|upkeep
|turn|10
|
|t:|1667437657
|move|p1a: Weavile|Knock Off|p2a: Garchomp
|-crit|p2a: Garchomp
|-damage|p2a: Garchomp|0 fnt
|-damage|p1a: Weavile|76/100|[from] ability: Rough Skin|[of] p2a: Garchomp
|faint|p2a: Garchomp
|
|upkeep
|
|t:|1667437660
|switch|p2a: Melmetal|Melmetal|100/100
|turn|11
|
|t:|1667437668
|switch|p1a: Melmetal|Melmetal|31/100
|-damage|p1a: Melmetal|25/100|[from] Stealth Rock
|move|p2a: Melmetal|Thunder Punch|p1a: Melmetal
|-damage|p1a: Melmetal|0 fnt
|faint|p1a: Melmetal
|
|upkeep
|
|t:|1667437682
|switch|p1a: Volcanion|Volcanion|100/100
|-damage|p1a: Volcanion|76/100|[from] Stealth Rock
|turn|12
|
|t:|1667437703
|switch|p1a: Zapdos|Zapdos|94/100 tox
|move|p2a: Melmetal|Thunder Punch|p1a: Zapdos
|-damage|p1a: Zapdos|50/100 tox
|
|-damage|p1a: Zapdos|44/100 tox|[from] psn
|upkeep
|turn|13
|
|t:|1667437712
|switch|p1a: Landorus|Landorus-Therian, M|100/100
|-damage|p1a: Landorus|88/100|[from] Stealth Rock
|-ability|p1a: Landorus|Intimidate|boost
|-unboost|p2a: Melmetal|atk|1
|switch|p2a: Volcarona|Volcarona, M|100/100
|
|-heal|p1a: Landorus|94/100|[from] item: Leftovers
|upkeep
|turn|14
|
|t:|1667437721
|switch|p2a: Mantine|Mantine, F|100/100
|move|p1a: Landorus|U-turn|p2a: Mantine
|-resisted|p2a: Mantine
|-damage|p2a: Mantine|92/100
|
|t:|1667437726
|switch|p1a: Zapdos|Zapdos|44/100 tox|[from]move: U-turn
|
|-damage|p1a: Zapdos|38/100 tox|[from] psn
|upkeep
|turn|15
|
|t:|1667437731
|switch|p2a: Volcarona|Volcarona, M|100/100
|move|p1a: Zapdos|Defog|p2a: Volcarona
|-unboost|p2a: Volcarona|evasion|1
|-sideend|p1: ultimategoogolplex|Stealth Rock|[from] move: Defog|[of] p1a: Zapdos
|
|-damage|p1a: Zapdos|26/100 tox|[from] psn
|upkeep
|turn|16
|
|t:|1667437741
|move|p1a: Zapdos|Hurricane|p2a: Volcarona|[miss]
|-miss|p1a: Zapdos|p2a: Volcarona
|move|p2a: Volcarona|Quiver Dance|p2a: Volcarona
|-boost|p2a: Volcarona|spa|1
|-boost|p2a: Volcarona|spd|1
|-boost|p2a: Volcarona|spe|1
|
|-damage|p1a: Zapdos|8/100 tox|[from] psn
|upkeep
|turn|17
|j| BLOATED_BAGEL
|
|t:|1667437750
|move|p2a: Volcarona|Quiver Dance|p2a: Volcarona
|-boost|p2a: Volcarona|spa|1
|-boost|p2a: Volcarona|spd|1
|-boost|p2a: Volcarona|spe|1
|move|p1a: Zapdos|Hurricane|p2a: Volcarona
|-supereffective|p2a: Volcarona
|-damage|p2a: Volcarona|59/100
|
|-damage|p1a: Zapdos|0 fnt|[from] psn
|faint|p1a: Zapdos
|upkeep
|
|t:|1667437758
|switch|p1a: Volcanion|Volcanion|76/100
|turn|18
|
|t:|1667437781
|move|p2a: Volcarona|Roost|p2a: Volcarona
|-heal|p2a: Volcarona|100/100
|-singleturn|p2a: Volcarona|move: Roost
|move|p1a: Volcanion|Steam Eruption|p2a: Volcarona
|-supereffective|p2a: Volcarona
|-damage|p2a: Volcarona|23/100
|
|upkeep
|turn|19
|
|t:|1667437790
|move|p2a: Volcarona|Psychic|p1a: Volcanion
|-damage|p1a: Volcanion|10/100
|move|p1a: Volcanion|Steam Eruption|p2a: Volcarona
|-supereffective|p2a: Volcarona
|-damage|p2a: Volcarona|0 fnt
|faint|p2a: Volcarona
|
|upkeep
|
|t:|1667437796
|switch|p2a: Mantine|Mantine, F|92/100
|turn|20
|j| Tegalik
|
|t:|1667437810
|move|p1a: Volcanion|Steam Eruption|p2a: Mantine
|-heal|p2a: Mantine|100/100|[from] ability: Water Absorb|[of] p1a: Volcanion
|move|p2a: Mantine|Scald|p1a: Volcanion
|-heal|p1a: Volcanion|35/100|[from] ability: Water Absorb|[of] p2a: Mantine
|
|upkeep
|turn|21
|
|t:|1667437824
|switch|p1a: Kartana|Kartana|100/100
|move|p2a: Mantine|Toxic|p1a: Kartana
|-immune|p1a: Kartana
|
|upkeep
|turn|22
|
|t:|1667437832
|switch|p1a: Volcanion|Volcanion|35/100
|move|p2a: Mantine|Roost||[still]
|-fail|p2a: Mantine|heal
|
|upkeep
|turn|23
|
|t:|1667437839
|move|p1a: Volcanion|Sludge Wave|p2a: Mantine
|-damage|p2a: Mantine|66/100
|move|p2a: Mantine|Scald|p1a: Volcanion
|-heal|p1a: Volcanion|60/100|[from] ability: Water Absorb|[of] p2a: Mantine
|
|upkeep
|turn|24
|
|t:|1667437847
|switch|p1a: Weavile|Weavile, M|76/100
|-ability|p1a: Weavile|Pressure
|move|p2a: Mantine|Roost|p2a: Mantine
|-heal|p2a: Mantine|100/100
|-singleturn|p2a: Mantine|move: Roost
|
|upkeep
|turn|25
|
|t:|1667437861
|move|p1a: Weavile|Knock Off|p2a: Mantine
|-damage|p2a: Mantine|30/100
|-enditem|p2a: Mantine|Heavy-Duty Boots|[from] move: Knock Off|[of] p1a: Weavile
|move|p2a: Mantine|Toxic|p1a: Weavile
|-status|p1a: Weavile|tox
|
|-damage|p1a: Weavile|70/100 tox|[from] psn
|upkeep
|turn|26
|
|t:|1667437868
|switch|p2a: Melmetal|Melmetal|100/100
|move|p1a: Weavile|Knock Off|p2a: Melmetal
|-damage|p2a: Melmetal|49/100
|-enditem|p2a: Melmetal|Choice Band|[from] move: Knock Off|[of] p1a: Weavile
|
|-damage|p1a: Weavile|57/100 tox|[from] psn
|upkeep
|turn|27
|
|t:|1667437876
|switch|p1a: Kartana|Kartana|100/100
|move|p2a: Melmetal|Double Iron Bash|p1a: Kartana
|-resisted|p1a: Kartana
|-damage|p1a: Kartana|77/100
|-resisted|p1a: Kartana
|-damage|p1a: Kartana|54/100
|-hitcount|p1a: Kartana|2
|
|upkeep
|turn|28
|
|t:|1667437885
|move|p1a: Kartana|Knock Off|p2a: Melmetal
|-damage|p2a: Melmetal|32/100
|move|p2a: Melmetal|Double Iron Bash|p1a: Kartana
|-resisted|p1a: Kartana
|-damage|p1a: Kartana|32/100
|-resisted|p1a: Kartana
|-damage|p1a: Kartana|9/100
|-hitcount|p1a: Kartana|2
|
|upkeep
|turn|29
|
|t:|1667437902
|move|p1a: Kartana|Knock Off|p2a: Melmetal
|-damage|p2a: Melmetal|14/100
|move|p2a: Melmetal|Double Iron Bash|p1a: Kartana
|-resisted|p1a: Kartana
|-damage|p1a: Kartana|0 fnt
|faint|p1a: Kartana
|-hitcount|p1: Kartana|1
|
|upkeep
|
|t:|1667437908
|switch|p1a: Weavile|Weavile, M|57/100 tox
|-ability|p1a: Weavile|Pressure
|turn|30
|
|t:|1667437917
|move|p1a: Weavile|Knock Off|p2a: Melmetal
|-damage|p2a: Melmetal|0 fnt
|faint|p2a: Melmetal
|
|-damage|p1a: Weavile|51/100 tox|[from] psn
|upkeep
|
|t:|1667437919
|switch|p2a: Regieleki|Regieleki|100/100
|turn|31
|
|t:|1667437925
|switch|p2a: Mantine|Mantine, F|30/100
|move|p1a: Weavile|Knock Off|p2a: Mantine
|-damage|p2a: Mantine|0 fnt
|faint|p2a: Mantine
|
|-damage|p1a: Weavile|39/100 tox|[from] psn
|upkeep
|-message|OUTD YAAAAA forfeited.
|
|win|ultimategoogolplex
|raw|ultimategoogolplex's rating: 1728 &rarr; <strong>1748</strong><br />(+20 for winning)
|raw|OUTD YAAAAA's rating: 1732 &rarr; <strong>1712</strong><br />(-20 for losing)
|l|☆OUTD YAAAAA
