|j|☆Commando 55
|j|☆the sht tester
|t:|1603448923
|player|p1|Commando 55|iris-gen5bw2|1889
|player|p2|the sht tester|oak-gen1|1738
|teamsize|p1|6
|teamsize|p2|6
|gametype|singles
|gen|8
|tier|[Gen 8] OU
|rated|
|clearpoke
|poke|p1|Regieleki|
|poke|p1|Pelipper, F|
|poke|p1|Blissey, F|
|poke|p1|Kingdra, F|
|poke|p1|Urshifu-*, F|
|poke|p1|Ferrothorn, F|
|poke|p2|Tornadus-Therian, M|
|poke|p2|Pelipper, F|
|poke|p2|Volcanion|
|poke|p2|Seismitoad, F|
|poke|p2|Ferrothorn, M|
|poke|p2|Magnezone|
|rule|Sleep Clause Mod: Limit one foe put to sleep
|rule|Species Clause: Limit one of each Pokémon
|rule|OHKO Clause: OHKO moves are banned
|rule|Evasion Moves Clause: Evasion moves are banned
|rule|Endless Battle Clause: Forcing endless battles is banned
|rule|HP Percentage Mod: HP is shown in percentages
|rule|Dynamax Clause: You cannot dynamax
|teampreview
|c|☆Commando 55|Gl
|j| Priyankaa
|j| Unowndragon
|j| tessp
|c|☆the sht tester|u2
|
|t:|1603448948
|start
|switch|p1a: Urshifu|Urshifu-Rapid-Strike, F|100/100
|switch|p2a: Pelipper|Pelipper, F|100/100
|-weather|RainDance|[from] ability: Drizzle|[of] p2a: Pelipper
|turn|1
|inactive|Battle timer is ON: inactive players will automatically lose when time's up. (requested by Commando 55)
|
|t:|1603448954
|move|p1a: Urshifu|U-turn|p2a: Pelipper
|-resisted|p2a: Pelipper
|-damage|p2a: Pelipper|86/100
|
|t:|1603448961
|switch|p1a: Regieleki|Regieleki|100/100|[from]move: U-turn
|move|p2a: Pelipper|Hurricane|p1a: Regieleki
|-resisted|p1a: Regieleki
|-damage|p1a: Regieleki|72/100
|
|-weather|RainDance|[upkeep]
|upkeep
|turn|2
|j| yiyue
|j| Ttzido
|
|t:|1603448979
|switch|p1a: Blissey|Blissey, F|100/100
|switch|p2a: Seismitoad|Seismitoad, F|100/100
|
|-weather|RainDance|[upkeep]
|upkeep
|turn|3
|
|t:|1603448983
|move|p2a: Seismitoad|Knock Off|p1a: Blissey
|-crit|p1a: Blissey
|-damage|p1a: Blissey|75/100
|-enditem|p1a: Blissey|Heavy-Duty Boots|[from] move: Knock Off|[of] p2a: Seismitoad
|move|p1a: Blissey|Teleport|p1a: Blissey
|j| caiyingzi
|
|t:|1603448990
|switch|p1a: Urshifu|Urshifu-Rapid-Strike, F|100/100|[from]move: Teleport
|
|-weather|RainDance|[upkeep]
|upkeep
|turn|4
|
|t:|1603448994
|switch|p2a: Pelipper|Pelipper, F|86/100
|move|p1a: Urshifu|Close Combat|p2a: Pelipper
|-resisted|p2a: Pelipper
|-damage|p2a: Pelipper|51/100
|-unboost|p1a: Urshifu|def|1
|-unboost|p1a: Urshifu|spd|1
|
|-weather|RainDance|[upkeep]
|upkeep
|turn|5
|j| mister vain
|j| plantinga
|
|t:|1603449002
|switch|p1a: Kingdra|Kingdra, F|100/100
|move|p2a: Pelipper|U-turn|p1a: Kingdra
|-damage|p1a: Kingdra|90/100
|l| mister vain
|
|t:|1603449005
|switch|p2a: Ferrothorn|Ferrothorn, M|100/100|[from]move: U-turn
|
|-weather|RainDance|[upkeep]
|upkeep
|turn|6
|j| Satsuki Nubaru
|
|t:|1603449012
|switch|p1a: Ferrothorn|Ferrothorn, F|100/100
|move|p2a: Ferrothorn|Stealth Rock|p1a: Ferrothorn
|-sidestart|p1: Commando 55|move: Stealth Rock
|
|-weather|RainDance|[upkeep]
|upkeep
|turn|7
|j| Yamaha R6
|
|t:|1603449019
|switch|p1a: Urshifu|Urshifu-Rapid-Strike, F|100/100
|-damage|p1a: Urshifu|94/100|[from] Stealth Rock
|move|p2a: Ferrothorn|Knock Off|p1a: Urshifu
|-resisted|p1a: Urshifu
|-damage|p1a: Urshifu|84/100
|-enditem|p1a: Urshifu|Choice Band|[from] move: Knock Off|[of] p2a: Ferrothorn
|
|-weather|RainDance|[upkeep]
|upkeep
|turn|8
|
|t:|1603449024
|move|p1a: Urshifu|Close Combat|p2a: Ferrothorn
|-supereffective|p2a: Ferrothorn
|-enditem|p2a: Ferrothorn|Chople Berry|[eat]
|-enditem|p2a: Ferrothorn|Chople Berry|[weaken]
|-damage|p2a: Ferrothorn|58/100
|-unboost|p1a: Urshifu|def|1
|-unboost|p1a: Urshifu|spd|1
|-damage|p1a: Urshifu|72/100|[from] ability: Iron Barbs|[of] p2a: Ferrothorn
|move|p2a: Ferrothorn|Spikes|p1a: Urshifu
|-sidestart|p1: Commando 55|Spikes
|
|-weather|none
|upkeep
|turn|9
|
|t:|1603449034
|switch|p2a: Tornadus|Tornadus-Therian, M|100/100
|move|p1a: Urshifu|Close Combat|p2a: Tornadus
|-resisted|p2a: Tornadus
|-damage|p2a: Tornadus|58/100
|-unboost|p1a: Urshifu|def|1
|-unboost|p1a: Urshifu|spd|1
|
|upkeep
|turn|10
|
|t:|1603449047
|move|p2a: Tornadus|Hurricane|p1a: Urshifu|[miss]
|-miss|p2a: Tornadus|p1a: Urshifu
|move|p1a: Urshifu|Close Combat|p2a: Tornadus
|-resisted|p2a: Tornadus
|-damage|p2a: Tornadus|14/100
|-unboost|p1a: Urshifu|def|1
|-unboost|p1a: Urshifu|spd|1
|
|upkeep
|turn|11
|
|t:|1603449050
|move|p1a: Urshifu|Aqua Jet|p2a: Tornadus
|-damage|p2a: Tornadus|0 fnt
|faint|p2a: Tornadus
|
|upkeep
|
|t:|1603449053
|switch|p2a: Pelipper|Pelipper, F|51/100
|-weather|RainDance|[from] ability: Drizzle|[of] p2a: Pelipper
|turn|12
|c|☆Commando 55|Soz
|j| Martinique Jason
|c|☆the sht tester|xd
|l| Martinique Jason
|
|t:|1603449064
|move|p1a: Urshifu|Surging Strikes|p2a: Pelipper
|-resisted|p2a: Pelipper
|-crit|p2a: Pelipper
|-damage|p2a: Pelipper|39/100
|-resisted|p2a: Pelipper
|-crit|p2a: Pelipper
|-damage|p2a: Pelipper|28/100
|-resisted|p2a: Pelipper
|-crit|p2a: Pelipper
|-damage|p2a: Pelipper|17/100
|-hitcount|p2a: Pelipper|3
|move|p2a: Pelipper|U-turn|p1a: Urshifu
|-resisted|p1a: Urshifu
|-crit|p1a: Urshifu
|-damage|p1a: Urshifu|55/100
|
|t:|1603449066
|switch|p2a: Seismitoad|Seismitoad, F|100/100|[from]move: U-turn
|
|-weather|RainDance|[upkeep]
|upkeep
|turn|13
|
|t:|1603449079
|switch|p1a: Blissey|Blissey, F|75/100
|-damage|p1a: Blissey|63/100|[from] Stealth Rock
|-damage|p1a: Blissey|50/100|[from] Spikes
|move|p2a: Seismitoad|Weather Ball|p1a: Blissey
|-damage|p1a: Blissey|15/100
|
|-weather|RainDance|[upkeep]
|upkeep
|turn|14
|j| sad erfef
|j| drivance
|
|t:|1603449094
|move|p2a: Seismitoad|Weather Ball|p1a: Blissey
|-damage|p1a: Blissey|0 fnt
|faint|p1a: Blissey
|
|-weather|RainDance|[upkeep]
|upkeep
|
|t:|1603449098
|switch|p1a: Kingdra|Kingdra, F|90/100
|-damage|p1a: Kingdra|77/100|[from] Stealth Rock
|-damage|p1a: Kingdra|65/100|[from] Spikes
|turn|15
|
|t:|1603449106
|switch|p2a: Ferrothorn|Ferrothorn, M|58/100
|move|p1a: Kingdra|Hurricane|p2a: Ferrothorn
|-damage|p2a: Ferrothorn|17/100
|
|-weather|RainDance|[upkeep]
|upkeep
|turn|16
|
|t:|1603449110
|switch|p2a: Magnezone|Magnezone|100/100
|move|p1a: Kingdra|Hurricane|p2a: Magnezone
|-resisted|p2a: Magnezone
|-damage|p2a: Magnezone|84/100
|-start|p2a: Magnezone|confusion
|
|-weather|RainDance|[upkeep]
|upkeep
|turn|17
|
|t:|1603449114
|switch|p1a: Ferrothorn|Ferrothorn, F|100/100
|-damage|p1a: Ferrothorn|94/100|[from] Stealth Rock
|-damage|p1a: Ferrothorn|82/100|[from] Spikes
|-activate|p2a: Magnezone|confusion
|move|p2a: Magnezone|Thunder|p1a: Ferrothorn
|-resisted|p1a: Ferrothorn
|-damage|p1a: Ferrothorn|27/100
|
|-weather|RainDance|[upkeep]
|upkeep
|turn|18
|
|t:|1603449118
|-activate|p2a: Magnezone|confusion
|-damage|p2a: Magnezone|78/100|[from] confusion
|move|p1a: Ferrothorn|Body Press|p2a: Magnezone
|-supereffective|p2a: Magnezone
|-damage|p2a: Magnezone|7/100
|
|-weather|RainDance|[upkeep]
|upkeep
|turn|19
|
|t:|1603449123
|-activate|p2a: Magnezone|confusion
|-damage|p2a: Magnezone|1/100|[from] confusion
|move|p1a: Ferrothorn|Stealth Rock|p2a: Magnezone
|-sidestart|p2: the sht tester|move: Stealth Rock
|
|-weather|none
|upkeep
|turn|20
|c|☆Commando 55|I feel bad now
|
|t:|1603449140
|-activate|p2a: Magnezone|confusion
|move|p2a: Magnezone|Thunder|p1a: Ferrothorn|[miss]
|-miss|p2a: Magnezone|p1a: Ferrothorn
|move|p1a: Ferrothorn|Knock Off|p2a: Magnezone
|-damage|p2a: Magnezone|0 fnt
|-enditem|p2a: Magnezone|Choice Specs|[from] move: Knock Off|[of] p1a: Ferrothorn
|faint|p2a: Magnezone
|
|upkeep
|
|t:|1603449145
|switch|p2a: Seismitoad|Seismitoad, F|100/100
|-damage|p2a: Seismitoad|95/100|[from] Stealth Rock
|turn|21
|
|t:|1603449148
|move|p2a: Seismitoad|Earth Power|p1a: Ferrothorn
|-damage|p1a: Ferrothorn|0 fnt
|faint|p1a: Ferrothorn
|
|upkeep
|c|☆the sht tester|its fine
|c| Ttzido|Unlucky
|c|☆the sht tester|im rlly only testing stiff
|l| plantinga
|inactive|Commando 55 has 120 seconds left.
|l| sad erfef
|c|☆the sht tester|just wanted to see if i could beat kingdra with a wather abso
|
|t:|1603449191
|switch|p1a: Urshifu|Urshifu-Rapid-Strike, F|55/100
|-damage|p1a: Urshifu|42/100|[from] Spikes
|-damage|p1a: Urshifu|36/100|[from] Stealth Rock
|turn|22
|j| highgxedoritos
|
|t:|1603449198
|move|p1a: Urshifu|Close Combat|p2a: Seismitoad
|-damage|p2a: Seismitoad|18/100
|-unboost|p1a: Urshifu|def|1
|-unboost|p1a: Urshifu|spd|1
|move|p2a: Seismitoad|Earth Power|p1a: Urshifu
|-damage|p1a: Urshifu|0 fnt
|faint|p1a: Urshifu
|
|upkeep
|
|t:|1603449206
|switch|p1a: Pelipper|Pelipper, F|100/100
|-damage|p1a: Pelipper|76/100|[from] Stealth Rock
|-weather|RainDance|[from] ability: Drizzle|[of] p1a: Pelipper
|turn|23
|inactive|Commando 55 has 120 seconds left.
|j| skeb
|
|t:|1603449224
|switch|p2a: Pelipper|Pelipper, F|17/100
|-damage|p2a: Pelipper|0 fnt|[from] Stealth Rock
|faint|p2a: Pelipper
|move|p1a: Pelipper|U-turn|p2: Pelipper|[notarget]
|-fail|p1a: Pelipper
|
|-weather|RainDance|[upkeep]
|upkeep
|
|t:|1603449227
|switch|p2a: Volcanion|Volcanion|100/100
|-damage|p2a: Volcanion|76/100|[from] Stealth Rock
|turn|24
|j| Mojino Loic
|inactive|Commando 55 has 120 seconds left.
|
|t:|1603449234
|move|p2a: Volcanion|Steam Eruption|p1a: Pelipper
|-resisted|p1a: Pelipper
|-damage|p1a: Pelipper|0 fnt
|faint|p1a: Pelipper
|
|-weather|RainDance|[upkeep]
|upkeep
|j| chinchiliconcarne
|j| poopoofunny
|inactive|Commando 55 has 120 seconds left.
|
|t:|1603449241
|switch|p1a: Kingdra|Kingdra, F|65/100
|-damage|p1a: Kingdra|53/100|[from] Spikes
|-damage|p1a: Kingdra|40/100|[from] Stealth Rock
|turn|25
|l| chinchiliconcarne
|
|t:|1603449250
|move|p1a: Kingdra|Hurricane|p2a: Volcanion
|-damage|p2a: Volcanion|11/100
|move|p2a: Volcanion|Steam Eruption|p1a: Kingdra
|-resisted|p1a: Kingdra
|-damage|p1a: Kingdra|0 fnt
|faint|p1a: Kingdra
|
|-weather|RainDance|[upkeep]
|upkeep
|
|t:|1603449255
|switch|p1a: Regieleki|Regieleki|72/100
|-damage|p1a: Regieleki|59/100|[from] Spikes
|-damage|p1a: Regieleki|47/100|[from] Stealth Rock
|turn|26
|
|t:|1603449266
|move|p1a: Regieleki|Rapid Spin|p2a: Volcanion
|-damage|p2a: Volcanion|2/100
|-boost|p1a: Regieleki|spe|1
|-sideend|p1: Commando 55|Spikes|[from] move: Rapid Spin|[of] p1a: Regieleki
|-sideend|p1: Commando 55|Stealth Rock|[from] move: Rapid Spin|[of] p1a: Regieleki
|move|p2a: Volcanion|Steam Eruption|p1a: Regieleki
|-damage|p1a: Regieleki|0 fnt
|faint|p1a: Regieleki
|
|win|the sht tester
|l|☆Commando 55
|c|☆the sht tester|gg
|l| tessp
|l|☆the sht tester
|l| caiyingzi
|l| skeb
|l| Yamaha R6
|raw|Commando 55's rating: 1889 &rarr; <strong>1861</strong><br />(-28 for losing)
|raw|the sht tester's rating: 1738 &rarr; <strong>1767</strong><br />(+29 for winning)
|l| Satsuki Nubaru
|l| Ttzido
|j| kaiba2255
