|j|☆TiamatRush
|j|‽hypervortexreturns
|t:|1660850526
|gametype|singles
|player|p1|TiamatRush|170|1750
|player|p2|hypervortexreturns|265|1784
|teamsize|p1|6
|teamsize|p2|6
|gen|8
|tier|[Gen 8] OU
|rated|
|rule|Sleep Clause Mod: Limit one foe put to sleep
|rule|Species Clause: Limit one of each Pokémon
|rule|OHKO Clause: OHKO moves are banned
|rule|Evasion Items Clause: Evasion items are banned
|rule|Evasion Moves Clause: Evasion moves are banned
|rule|Endless Battle Clause: Forcing endless battles is banned
|rule|HP Percentage Mod: HP is shown in percentages
|rule|Dynamax Clause: You cannot dynamax
|clearpoke
|poke|p1|Blaziken, F|
|poke|p1|Ninetales-Alola, M|
|poke|p1|Azumarill, F|
|poke|p1|Landorus-Therian, M|
|poke|p1|Rillaboom, F|
|poke|p1|Hawlucha, F|
|poke|p2|Hydreigon, F|
|poke|p2|Zapdos|
|poke|p2|Tangrowth, F|
|poke|p2|Corviknight, F|
|poke|p2|Excadrill, M|
|poke|p2|Azumarill, F|
|teampreview
|
|t:|1660850541
|start
|switch|p1a: Landorus|Landorus-Therian, M|100/100
|switch|p2a: Excadrill|Excadrill, M|100/100
|-ability|p1a: Landorus|Intimidate|boost
|-unboost|p2a: Excadrill|atk|1
|turn|1
|
|t:|1660850549
|switch|p2a: Tangrowth|Tangrowth, F|100/100
|move|p1a: Landorus|Earthquake|p2a: Tangrowth
|-resisted|p2a: Tangrowth
|-damage|p2a: Tangrowth|85/100
|
|upkeep
|turn|2
|
|t:|1660850561
|move|p1a: Landorus|Toxic|p2a: Tangrowth
|-status|p2a: Tangrowth|tox
|move|p2a: Tangrowth|Sleep Powder|p1a: Landorus
|-status|p1a: Landorus|slp|[from] move: Sleep Powder
|
|-damage|p2a: Tangrowth|79/100 tox|[from] psn
|upkeep
|turn|3
|
|t:|1660850571
|cant|p1a: Landorus|slp
|move|p2a: Tangrowth|Knock Off|p1a: Landorus
|-damage|p1a: Landorus|72/100 slp
|-damage|p2a: Tangrowth|62/100 tox|[from] item: Rocky Helmet|[of] p1a: Landorus
|-enditem|p1a: Landorus|Rocky Helmet|[from] move: Knock Off|[of] p2a: Tangrowth
|
|-damage|p2a: Tangrowth|50/100 tox|[from] psn
|upkeep
|turn|4
|
|t:|1660850583
|switch|p2a: Corviknight|Corviknight, F|100/100
|-ability|p2a: Corviknight|Pressure
|cant|p1a: Landorus|slp
|
|upkeep
|turn|5
|
|t:|1660850592
|-curestatus|p1a: Landorus|slp|[msg]
|move|p1a: Landorus|Stealth Rock|p2a: Corviknight
|-sidestart|p2: hypervortexreturns|move: Stealth Rock
|move|p2a: Corviknight|Brave Bird|p1a: Landorus
|-damage|p1a: Landorus|32/100
|-damage|p2a: Corviknight|90/100|[from] Recoil
|
|-heal|p2a: Corviknight|96/100|[from] item: Leftovers
|upkeep
|turn|6
|
|t:|1660850608
|move|p1a: Landorus|Knock Off|p2a: Corviknight
|-crit|p2a: Corviknight
|-damage|p2a: Corviknight|53/100
|-enditem|p2a: Corviknight|Leftovers|[from] move: Knock Off|[of] p1a: Landorus
|move|p2a: Corviknight|Brave Bird|p1a: Landorus
|-damage|p1a: Landorus|0 fnt
|faint|p1a: Landorus
|-damage|p2a: Corviknight|44/100|[from] Recoil
|
|upkeep
|
|t:|1660850613
|switch|p1a: Blaziken|Blaziken, F|100/100
|turn|7
|
|t:|1660850641
|move|p1a: Blaziken|Flare Blitz|p2a: Corviknight
|-supereffective|p2a: Corviknight
|-damage|p2a: Corviknight|0 fnt
|faint|p2a: Corviknight
|-damage|p1a: Blaziken|81/100|[from] Recoil
|-damage|p1a: Blaziken|71/100|[from] item: Life Orb
|
|-ability|p1a: Blaziken|Speed Boost|boost
|-boost|p1a: Blaziken|spe|1
|upkeep
|
|t:|1660850652
|switch|p2a: Azumarill|Azumarill, F|100/100
|-damage|p2a: Azumarill|88/100|[from] Stealth Rock
|turn|8
|
|t:|1660850667
|switch|p1a: Rillaboom|Rillaboom, F|100/100
|-fieldstart|move: Grassy Terrain|[from] ability: Grassy Surge|[of] p1a: Rillaboom
|move|p2a: Azumarill|Aqua Jet|p1a: Rillaboom
|-resisted|p1a: Rillaboom
|-damage|p1a: Rillaboom|86/100
|
|-heal|p1a: Rillaboom|92/100|[from] Grassy Terrain
|-heal|p2a: Azumarill|94/100|[from] Grassy Terrain
|upkeep
|turn|9
|
|t:|1660850689
|switch|p2a: Tangrowth|Tangrowth, F|83/100 tox
|-damage|p2a: Tangrowth|71/100 tox|[from] Stealth Rock
|move|p1a: Rillaboom|Swords Dance|p1a: Rillaboom
|-boost|p1a: Rillaboom|atk|2
|
|-heal|p1a: Rillaboom|98/100|[from] Grassy Terrain
|-heal|p2a: Tangrowth|77/100 tox|[from] Grassy Terrain
|-damage|p2a: Tangrowth|71/100 tox|[from] psn
|upkeep
|turn|10
|
|t:|1660850706
|move|p1a: Rillaboom|Knock Off|p2a: Tangrowth
|-damage|p2a: Tangrowth|26/100 tox
|-damage|p1a: Rillaboom|81/100|[from] item: Rocky Helmet|[of] p2a: Tangrowth
|-enditem|p2a: Tangrowth|Rocky Helmet|[from] move: Knock Off|[of] p1a: Rillaboom
|-damage|p1a: Rillaboom|71/100|[from] item: Life Orb
|move|p2a: Tangrowth|Knock Off|p1a: Rillaboom
|-damage|p1a: Rillaboom|46/100
|-enditem|p1a: Rillaboom|Life Orb|[from] move: Knock Off|[of] p2a: Tangrowth
|
|-heal|p1a: Rillaboom|52/100|[from] Grassy Terrain
|-heal|p2a: Tangrowth|32/100 tox|[from] Grassy Terrain
|-damage|p2a: Tangrowth|20/100 tox|[from] psn
|upkeep
|turn|11
|
|t:|1660850721
|move|p1a: Rillaboom|Knock Off|p2a: Tangrowth
|-damage|p2a: Tangrowth|0 fnt
|faint|p2a: Tangrowth
|
|-heal|p1a: Rillaboom|58/100|[from] Grassy Terrain
|upkeep
|
|t:|1660850733
|switch|p2a: Hydreigon|Hydreigon, F|100/100
|-damage|p2a: Hydreigon|88/100|[from] Stealth Rock
|turn|12
|
|t:|1660850740
|switch|p1a: Ninetales|Ninetales-Alola, M|100/100
|-weather|Hail|[from] ability: Snow Warning|[of] p1a: Ninetales
|move|p2a: Hydreigon|Dark Pulse|p1a: Ninetales
|-resisted|p1a: Ninetales
|-damage|p1a: Ninetales|81/100
|
|-weather|Hail|[upkeep]
|-damage|p2a: Hydreigon|82/100|[from] Hail
|-heal|p1a: Ninetales|87/100|[from] Grassy Terrain
|-heal|p2a: Hydreigon|88/100|[from] item: Leftovers
|-fieldend|move: Grassy Terrain
|upkeep
|turn|13
|j| RevengerRiolu
|
|t:|1660850756
|switch|p2a: Excadrill|Excadrill, M|100/100
|-damage|p2a: Excadrill|97/100|[from] Stealth Rock
|move|p1a: Ninetales|Aurora Veil|p1a: Ninetales
|-sidestart|p1: TiamatRush|move: Aurora Veil
|
|-weather|Hail|[upkeep]
|-damage|p2a: Excadrill|91/100|[from] Hail
|-heal|p2a: Excadrill|97/100|[from] item: Leftovers
|upkeep
|turn|14
|
|t:|1660850768
|switch|p1a: Azumarill|Azumarill, F|100/100
|move|p2a: Excadrill|Stealth Rock|p1a: Azumarill
|-sidestart|p1: TiamatRush|move: Stealth Rock
|
|-weather|Hail|[upkeep]
|-damage|p2a: Excadrill|91/100|[from] Hail
|-damage|p1a: Azumarill|94/100|[from] Hail
|-heal|p2a: Excadrill|97/100|[from] item: Leftovers
|upkeep
|turn|15
|
|t:|1660850795
|move|p1a: Azumarill|Aqua Jet|p2a: Excadrill
|-supereffective|p2a: Excadrill
|-damage|p2a: Excadrill|7/100
|-damage|p1a: Azumarill|84/100|[from] item: Life Orb
|move|p2a: Excadrill|Earthquake|p1a: Azumarill
|-damage|p1a: Azumarill|56/100
|
|-weather|Hail|[upkeep]
|-damage|p2a: Excadrill|0 fnt|[from] Hail
|-damage|p1a: Azumarill|50/100|[from] Hail
|faint|p2a: Excadrill
|upkeep
|
|t:|1660850809
|switch|p2a: Zapdos|Zapdos|100/100
|turn|16
|
|t:|1660850815
|move|p2a: Zapdos|Discharge|p1a: Azumarill
|-supereffective|p1a: Azumarill
|-damage|p1a: Azumarill|16/100
|-status|p1a: Azumarill|par
|move|p1a: Azumarill|Knock Off|p2a: Zapdos
|-damage|p2a: Zapdos|42/100
|-enditem|p2a: Zapdos|Heavy-Duty Boots|[from] move: Knock Off|[of] p1a: Azumarill
|-damage|p1a: Azumarill|6/100 par|[from] item: Life Orb
|
|-weather|none
|upkeep
|turn|17
|
|t:|1660850839
|move|p1a: Azumarill|Aqua Jet|p2a: Zapdos
|-damage|p2a: Zapdos|10/100
|-damage|p1a: Azumarill|0 fnt|[from] item: Life Orb
|faint|p1a: Azumarill
|move|p2a: Zapdos|Roost|p2a: Zapdos
|-heal|p2a: Zapdos|60/100
|-singleturn|p2a: Zapdos|move: Roost
|
|upkeep
|j| Tuesdayzz
|
|t:|1660850847
|switch|p1a: Ninetales|Ninetales-Alola, M|87/100
|-damage|p1a: Ninetales|63/100|[from] Stealth Rock
|-weather|Hail|[from] ability: Snow Warning|[of] p1a: Ninetales
|turn|18
|l| Tuesdayzz
|
|t:|1660850858
|move|p1a: Ninetales|Freeze-Dry|p2a: Zapdos
|-supereffective|p2a: Zapdos
|-damage|p2a: Zapdos|12/100
|move|p2a: Zapdos|Roost|p2a: Zapdos
|-heal|p2a: Zapdos|62/100
|-singleturn|p2a: Zapdos|move: Roost
|
|-weather|Hail|[upkeep]
|-damage|p2a: Zapdos|56/100|[from] Hail
|upkeep
|turn|19
|
|t:|1660850883
|move|p1a: Ninetales|Toxic|p2a: Zapdos
|-status|p2a: Zapdos|tox
|move|p2a: Zapdos|Roost|p2a: Zapdos
|-heal|p2a: Zapdos|100/100 tox
|-singleturn|p2a: Zapdos|move: Roost
|
|-weather|Hail|[upkeep]
|-damage|p2a: Zapdos|94/100 tox|[from] Hail
|-damage|p2a: Zapdos|88/100 tox|[from] psn
|upkeep
|turn|20
|
|t:|1660850900
|switch|p2a: Hydreigon|Hydreigon, F|88/100
|-damage|p2a: Hydreigon|75/100|[from] Stealth Rock
|move|p1a: Ninetales|Freeze-Dry|p2a: Hydreigon
|-supereffective|p2a: Hydreigon
|-damage|p2a: Hydreigon|27/100
|
|-weather|Hail|[upkeep]
|-damage|p2a: Hydreigon|21/100|[from] Hail
|-heal|p2a: Hydreigon|27/100|[from] item: Leftovers
|-sideend|p1: TiamatRush|move: Aurora Veil
|upkeep
|turn|21
|
|t:|1660850912
|move|p1a: Ninetales|Aurora Veil|p1a: Ninetales
|-sidestart|p1: TiamatRush|move: Aurora Veil
|move|p2a: Hydreigon|Earth Power|p1a: Ninetales
|-damage|p1a: Ninetales|47/100
|
|-weather|Hail|[upkeep]
|-damage|p2a: Hydreigon|21/100|[from] Hail
|-heal|p2a: Hydreigon|27/100|[from] item: Leftovers
|upkeep
|turn|22
|
|t:|1660850922
|move|p1a: Ninetales|Moonblast|p2a: Hydreigon
|-supereffective|p2a: Hydreigon
|-damage|p2a: Hydreigon|0 fnt
|faint|p2a: Hydreigon
|
|-weather|none
|upkeep
|
|t:|1660850929
|switch|p2a: Azumarill|Azumarill, F|94/100
|-damage|p2a: Azumarill|82/100|[from] Stealth Rock
|turn|23
|
|t:|1660850936
|move|p1a: Ninetales|Freeze-Dry|p2a: Azumarill
|-supereffective|p2a: Azumarill
|-damage|p2a: Azumarill|17/100
|-enditem|p2a: Azumarill|Sitrus Berry|[eat]
|-heal|p2a: Azumarill|42/100|[from] item: Sitrus Berry
|move|p2a: Azumarill|Play Rough|p1a: Ninetales
|-damage|p1a: Ninetales|1/100
|
|upkeep
|turn|24
|
|t:|1660850947
|move|p2a: Azumarill|Aqua Jet|p1a: Ninetales
|-damage|p1a: Ninetales|0 fnt
|faint|p1a: Ninetales
|
|upkeep
|
|t:|1660850950
|switch|p1a: Rillaboom|Rillaboom, F|58/100
|-damage|p1a: Rillaboom|46/100|[from] Stealth Rock
|-fieldstart|move: Grassy Terrain|[from] ability: Grassy Surge|[of] p1a: Rillaboom
|turn|25
|
|t:|1660850960
|move|p1a: Rillaboom|Grassy Glide|p2a: Azumarill
|-supereffective|p2a: Azumarill
|-damage|p2a: Azumarill|0 fnt
|faint|p2a: Azumarill
|
|-heal|p1a: Rillaboom|52/100|[from] Grassy Terrain
|upkeep
|
|t:|1660850968
|switch|p2a: Zapdos|Zapdos|88/100 tox
|-damage|p2a: Zapdos|63/100 tox|[from] Stealth Rock
|turn|26
|
|t:|1660850972
|move|p1a: Rillaboom|Grassy Glide|p2a: Zapdos
|-resisted|p2a: Zapdos
|-damage|p2a: Zapdos|39/100 tox
|-status|p1a: Rillaboom|par|[from] ability: Static|[of] p2a: Zapdos
|move|p2a: Zapdos|Hurricane|p1a: Rillaboom|[miss]
|-miss|p2a: Zapdos|p1a: Rillaboom
|
|-heal|p1a: Rillaboom|58/100 par|[from] Grassy Terrain
|-damage|p2a: Zapdos|33/100 tox|[from] psn
|upkeep
|turn|27
|
|t:|1660850985
|cant|p1a: Rillaboom|par
|move|p2a: Zapdos|Roost|p2a: Zapdos
|-heal|p2a: Zapdos|83/100 tox
|-singleturn|p2a: Zapdos|move: Roost
|
|-heal|p2a: Zapdos|89/100 tox|[from] Grassy Terrain
|-heal|p1a: Rillaboom|65/100 par|[from] Grassy Terrain
|-damage|p2a: Zapdos|76/100 tox|[from] psn
|upkeep
|turn|28
|
|t:|1660851002
|move|p1a: Rillaboom|Grassy Glide|p2a: Zapdos
|-resisted|p2a: Zapdos
|-damage|p2a: Zapdos|49/100 tox
|move|p2a: Zapdos|Hurricane|p1a: Rillaboom|[miss]
|-miss|p2a: Zapdos|p1a: Rillaboom
|
|-heal|p1a: Rillaboom|71/100 par|[from] Grassy Terrain
|-damage|p2a: Zapdos|30/100 tox|[from] psn
|-sideend|p1: TiamatRush|move: Aurora Veil
|upkeep
|turn|29
|
|t:|1660851018
|move|p1a: Rillaboom|Grassy Glide|p2a: Zapdos
|-resisted|p2a: Zapdos
|-damage|p2a: Zapdos|4/100 tox
|move|p2a: Zapdos|Roost|p2a: Zapdos
|-heal|p2a: Zapdos|54/100 tox
|-singleturn|p2a: Zapdos|move: Roost
|
|-heal|p2a: Zapdos|60/100 tox|[from] Grassy Terrain
|-heal|p1a: Rillaboom|77/100 par|[from] Grassy Terrain
|-damage|p2a: Zapdos|35/100 tox|[from] psn
|-fieldend|move: Grassy Terrain
|upkeep
|turn|30
|
|t:|1660851031
|switch|p1a: Blaziken|Blaziken, F|71/100
|-damage|p1a: Blaziken|59/100|[from] Stealth Rock
|move|p2a: Zapdos|Hurricane|p1a: Blaziken
|-supereffective|p1a: Blaziken
|-damage|p1a: Blaziken|0 fnt
|faint|p1a: Blaziken
|
|-damage|p2a: Zapdos|4/100 tox|[from] psn
|upkeep
|
|t:|1660851036
|switch|p1a: Rillaboom|Rillaboom, F|77/100 par
|-damage|p1a: Rillaboom|65/100 par|[from] Stealth Rock
|-fieldstart|move: Grassy Terrain|[from] ability: Grassy Surge|[of] p1a: Rillaboom
|turn|31
|
|t:|1660851048
|move|p1a: Rillaboom|Grassy Glide|p2a: Zapdos
|-resisted|p2a: Zapdos
|-damage|p2a: Zapdos|0 fnt
|faint|p2a: Zapdos
|
|win|TiamatRush
|raw|TiamatRush's rating: 1750 &rarr; <strong>1772</strong><br />(+22 for winning)
|raw|hypervortexreturns's rating: 1784 &rarr; <strong>1762</strong><br />(-22 for losing)
|l|☆TiamatRush
|l|‽hypervortexreturns
||Ladder isn't responding, score probably updated but might not have (Request timeout).
