|j|☆minimax_ai
|j|☆Maitredouard2
|t:|1665586574
|gametype|singles
|player|p1|minimax_ai|lusamine-nihilego|1680
|player|p2|Maitredouard2|lance|1675
|teamsize|p1|6
|teamsize|p2|6
|gen|8
|tier|[Gen 8] OU
|rated|
|rule|Sleep Clause Mod: Limit one foe put to sleep
|rule|Species Clause: Limit one of each Pokémon
|rule|OHKO Clause: OHKO moves are banned
|rule|Evasion Items Clause: Evasion items are banned
|rule|Evasion Moves Clause: Evasion moves are banned
|rule|Endless Battle Clause: Forcing endless battles is banned
|rule|HP Percentage Mod: HP is shown in percentages
|rule|Dynamax Clause: You cannot dynamax
|clearpoke
|poke|p1|Rotom-Wash|
|poke|p1|Weavile, M|
|poke|p1|Landorus-Therian, M|
|poke|p1|Heatran, M|
|poke|p1|Tangrowth, M|
|poke|p1|Melmetal|
|poke|p2|Mandibuzz, F|
|poke|p2|Landorus-Therian, M|
|poke|p2|Blissey, F|
|poke|p2|Heatran, F|
|poke|p2|Toxapex, F|
|poke|p2|Tapu Lele|
|teampreview
|c|☆minimax_ai|hf
|inactive|Battle timer is ON: inactive players will automatically lose when time's up. (requested by minimax_ai)
|
|t:|1665586591
|start
|switch|p1a: landorustherian|Landorus-Therian, M|100/100
|switch|p2a: Landorus|Landorus-Therian, M|100/100
|-ability|p2a: Landorus|Intimidate|boost
|-unboost|p1a: landorustherian|atk|1
|-ability|p1a: landorustherian|Intimidate|boost
|-unboost|p2a: Landorus|atk|1
|turn|1
|
|t:|1665586599
|move|p2a: Landorus|Knock Off|p1a: landorustherian
|-damage|p1a: landorustherian|78/100
|-enditem|p1a: landorustherian|Leftovers|[from] move: Knock Off|[of] p2a: Landorus
|move|p1a: landorustherian|Toxic|p2a: Landorus|[miss]
|-miss|p1a: landorustherian|p2a: Landorus
|
|upkeep
|turn|2
|
|t:|1665586606
|switch|p2a: Toxapex|Toxapex, F|100/100
|move|p1a: landorustherian|Defog|p2a: Toxapex
|-unboost|p2a: Toxapex|evasion|1
|
|upkeep
|turn|3
|
|t:|1665586613
|switch|p1a: Heatran|Heatran, M|100/100
|-item|p1a: Heatran|Air Balloon
|move|p2a: Toxapex|Toxic|p1a: Heatran
|-immune|p1a: Heatran
|
|upkeep
|turn|4
|
|t:|1665586622
|switch|p2a: Heatran|Heatran, F|100/100
|-item|p2a: Heatran|Air Balloon
|move|p1a: Heatran|Stealth Rock|p2a: Heatran
|-sidestart|p2: Maitredouard2|move: Stealth Rock
|
|upkeep
|turn|5
|
|t:|1665586631
|switch|p1a: rotomwash|Rotom-Wash|100/100
|switch|p2a: Blissey|Blissey, F|100/100
|
|upkeep
|turn|6
|
|t:|1665586637
|switch|p1a: Weavile|Weavile, M|100/100
|-ability|p1a: Weavile|Pressure
|move|p2a: Blissey|Teleport|p2a: Blissey
|
|t:|1665586643
|switch|p2a: Heatran|Heatran, F|100/100|[from]move: Teleport
|-damage|p2a: Heatran|88/100|[from] Stealth Rock
|-item|p2a: Heatran|Air Balloon
|
|upkeep
|turn|7
|
|t:|1665586649
|move|p1a: Weavile|Low Kick|p2a: Heatran
|-supereffective|p2a: Heatran
|-damage|p2a: Heatran|0 fnt
|-enditem|p2a: Heatran|Air Balloon
|faint|p2a: Heatran
|
|upkeep
|
|t:|1665586655
|switch|p2a: Tapu Lele|Tapu Lele|100/100
|-damage|p2a: Tapu Lele|88/100|[from] Stealth Rock
|-fieldstart|move: Psychic Terrain|[from] ability: Psychic Surge|[of] p2a: Tapu Lele
|turn|8
|
|t:|1665586661
|switch|p1a: Melmetal|Melmetal|100/100
|move|p2a: Tapu Lele|Focus Blast|p1a: Melmetal
|-supereffective|p1a: Melmetal
|-damage|p1a: Melmetal|31/100
|
|upkeep
|turn|9
|
|t:|1665586668
|switch|p1a: landorustherian|Landorus-Therian, M|78/100
|-ability|p1a: landorustherian|Intimidate|boost
|-unboost|p2a: Tapu Lele|atk|1
|move|p2a: Tapu Lele|Focus Blast|p1a: landorustherian
|-resisted|p1a: landorustherian
|-damage|p1a: landorustherian|57/100
|
|upkeep
|turn|10
|
|t:|1665586676
|switch|p2a: Toxapex|Toxapex, F|100/100
|-damage|p2a: Toxapex|88/100|[from] Stealth Rock
|move|p1a: landorustherian|Toxic|p2a: Toxapex
|-immune|p2a: Toxapex
|
|upkeep
|turn|11
|
|t:|1665586683
|move|p1a: landorustherian|U-turn|p2a: Toxapex
|-resisted|p2a: Toxapex
|-damage|p2a: Toxapex|81/100
|-damage|p1a: landorustherian|40/100|[from] item: Rocky Helmet|[of] p2a: Toxapex
|
|t:|1665586683
|switch|p1a: Heatran|Heatran, M|100/100|[from]move: U-turn
|-item|p1a: Heatran|Air Balloon
|move|p2a: Toxapex|Scald|p1a: Heatran
|-supereffective|p1a: Heatran
|-damage|p1a: Heatran|65/100
|-enditem|p1a: Heatran|Air Balloon
|
|upkeep
|turn|12
|
|t:|1665586696
|switch|p2a: Blissey|Blissey, F|100/100
|move|p1a: Heatran|Magma Storm|p2a: Blissey|[miss]
|-miss|p1a: Heatran|p2a: Blissey
|
|-fieldend|move: Psychic Terrain
|upkeep
|turn|13
|
|t:|1665586703
|move|p1a: Heatran|Magma Storm|p2a: Blissey|[miss]
|-miss|p1a: Heatran|p2a: Blissey
|move|p2a: Blissey|Seismic Toss|p1a: Heatran
|-damage|p1a: Heatran|34/100
|
|upkeep
|turn|14
|
|t:|1665586710
|move|p1a: Heatran|Magma Storm|p2a: Blissey
|-damage|p2a: Blissey|79/100
|-activate|p2a: Blissey|move: Magma Storm|[of] p1a: Heatran
|move|p2a: Blissey|Seismic Toss|p1a: Heatran
|-damage|p1a: Heatran|3/100
|
|-damage|p2a: Blissey|67/100|[from] move: Magma Storm|[partiallytrapped]
|upkeep
|turn|15
|
|t:|1665586719
|switch|p1a: Weavile|Weavile, M|100/100
|-ability|p1a: Weavile|Pressure
|move|p2a: Blissey|Seismic Toss|p1a: Weavile
|-damage|p1a: Weavile|65/100
|
|-end|p2a: Blissey|Magma Storm|[partiallytrapped]|[silent]
|upkeep
|turn|16
|
|t:|1665586727
|switch|p2a: Toxapex|Toxapex, F|100/100
|-damage|p2a: Toxapex|88/100|[from] Stealth Rock
|move|p1a: Weavile|Knock Off|p2a: Toxapex
|-damage|p2a: Toxapex|47/100
|-damage|p1a: Weavile|49/100|[from] item: Rocky Helmet|[of] p2a: Toxapex
|-enditem|p2a: Toxapex|Rocky Helmet|[from] move: Knock Off|[of] p1a: Weavile
|
|upkeep
|turn|17
|
|t:|1665586737
|move|p1a: Weavile|Knock Off|p2a: Toxapex
|-damage|p2a: Toxapex|20/100
|move|p2a: Toxapex|Toxic|p1a: Weavile
|-status|p1a: Weavile|tox
|
|-damage|p1a: Weavile|42/100 tox|[from] psn
|upkeep
|turn|18
|
|t:|1665586747
|switch|p2a: Landorus|Landorus-Therian, M|100/100
|-damage|p2a: Landorus|88/100|[from] Stealth Rock
|-ability|p2a: Landorus|Intimidate|boost
|-unboost|p1a: Weavile|atk|1
|move|p1a: Weavile|Knock Off|p2a: Landorus
|-damage|p2a: Landorus|35/100
|-enditem|p2a: Landorus|Choice Scarf|[from] move: Knock Off|[of] p1a: Weavile
|
|-damage|p1a: Weavile|30/100 tox|[from] psn
|upkeep
|turn|19
|
|t:|1665586759
|switch|p1a: landorustherian|Landorus-Therian, M|40/100
|-ability|p1a: landorustherian|Intimidate|boost
|-unboost|p2a: Landorus|atk|1
|move|p2a: Landorus|U-turn|p1a: landorustherian
|-resisted|p1a: landorustherian
|-crit|p1a: landorustherian
|-damage|p1a: landorustherian|19/100
|
|t:|1665586767
|switch|p2a: Tapu Lele|Tapu Lele|88/100|[from]move: U-turn
|-damage|p2a: Tapu Lele|76/100|[from] Stealth Rock
|-fieldstart|move: Psychic Terrain|[from] ability: Psychic Surge|[of] p2a: Tapu Lele
|
|upkeep
|turn|20
|
|t:|1665586774
|switch|p1a: Weavile|Weavile, M|30/100 tox
|-ability|p1a: Weavile|Pressure
|move|p2a: Tapu Lele|Moonblast|p1a: Weavile
|-supereffective|p1a: Weavile
|-damage|p1a: Weavile|0 fnt
|faint|p1a: Weavile
|
|upkeep
|
|t:|1665586774
|switch|p1a: Melmetal|Melmetal|31/100
|turn|21
|
|t:|1665586785
|switch|p2a: Toxapex|Toxapex, F|53/100
|-damage|p2a: Toxapex|40/100|[from] Stealth Rock
|move|p1a: Melmetal|Double Iron Bash|p2a: Toxapex
|-resisted|p2a: Toxapex
|-damage|p2a: Toxapex|27/100
|-resisted|p2a: Toxapex
|-damage|p2a: Toxapex|16/100
|-hitcount|p2a: Toxapex|2
|
|upkeep
|turn|22
|
|t:|1665586794
|move|p1a: Melmetal|Double Iron Bash|p2a: Toxapex
|-resisted|p2a: Toxapex
|-damage|p2a: Toxapex|3/100
|-resisted|p2a: Toxapex
|-damage|p2a: Toxapex|0 fnt
|faint|p2a: Toxapex
|-hitcount|p2: Toxapex|2
|
|upkeep
|
|t:|1665586801
|switch|p2a: Landorus|Landorus-Therian, M|35/100
|-damage|p2a: Landorus|23/100|[from] Stealth Rock
|-ability|p2a: Landorus|Intimidate|boost
|-unboost|p1a: Melmetal|atk|1
|turn|23
|
|t:|1665586806
|switch|p1a: landorustherian|Landorus-Therian, M|19/100
|-ability|p1a: landorustherian|Intimidate|boost
|-unboost|p2a: Landorus|atk|1
|move|p2a: Landorus|Explosion|p1a: landorustherian
|-damage|p1a: landorustherian|0 fnt
|faint|p2a: Landorus
|faint|p1a: landorustherian
|
|-fieldend|move: Psychic Terrain
|upkeep
|
|t:|1665586816
|switch|p2a: Tapu Lele|Tapu Lele|76/100
|switch|p1a: Melmetal|Melmetal|31/100
|-damage|p2a: Tapu Lele|63/100|[from] Stealth Rock
|-fieldstart|move: Psychic Terrain|[from] ability: Psychic Surge|[of] p2a: Tapu Lele
|turn|24
|
|t:|1665586823
|move|p2a: Tapu Lele|Shadow Ball|p1a: Melmetal
|-damage|p1a: Melmetal|9/100
|move|p1a: Melmetal|Double Iron Bash|p2a: Tapu Lele
|-supereffective|p2a: Tapu Lele
|-damage|p2a: Tapu Lele|0 fnt
|faint|p2a: Tapu Lele
|-hitcount|p2: Tapu Lele|1
|
|upkeep
|
|t:|1665586832
|switch|p2a: Mandibuzz|Mandibuzz, F|100/100
|turn|25
|
|t:|1665586835
|switch|p1a: rotomwash|Rotom-Wash|100/100
|move|p2a: Mandibuzz|Foul Play|p1a: rotomwash
|-damage|p1a: rotomwash|79/100
|
|-heal|p1a: rotomwash|85/100|[from] item: Leftovers
|upkeep
|turn|26
|inactive|Maitredouard2 has 120 seconds left.
|inactive|Maitredouard2 has 90 seconds left.
|
|t:|1665586915
|move|p1a: rotomwash|Thunderbolt|p2a: Mandibuzz
|-supereffective|p2a: Mandibuzz
|-damage|p2a: Mandibuzz|53/100
|move|p2a: Mandibuzz|Toxic|p1a: rotomwash
|-status|p1a: rotomwash|tox
|
|-heal|p1a: rotomwash|91/100 tox|[from] item: Leftovers
|-damage|p1a: rotomwash|85/100 tox|[from] psn
|upkeep
|turn|27
|
|t:|1665586924
|move|p1a: rotomwash|Nasty Plot|p1a: rotomwash
|-boost|p1a: rotomwash|spa|2
|move|p2a: Mandibuzz|Roost|p2a: Mandibuzz
|-heal|p2a: Mandibuzz|100/100
|-singleturn|p2a: Mandibuzz|move: Roost
|
|-heal|p1a: rotomwash|91/100 tox|[from] item: Leftovers
|-damage|p1a: rotomwash|79/100 tox|[from] psn
|upkeep
|turn|28
|
|t:|1665586935
|switch|p2a: Blissey|Blissey, F|67/100
|move|p1a: rotomwash|Nasty Plot|p1a: rotomwash
|-boost|p1a: rotomwash|spa|2
|
|-heal|p1a: rotomwash|85/100 tox|[from] item: Leftovers
|-damage|p1a: rotomwash|66/100 tox|[from] psn
|-fieldend|move: Psychic Terrain
|upkeep
|turn|29
|
|t:|1665586944
|move|p1a: rotomwash|Thunderbolt|p2a: Blissey
|-damage|p2a: Blissey|31/100
|move|p2a: Blissey|Seismic Toss|p1a: rotomwash
|-damage|p1a: rotomwash|33/100 tox
|
|-heal|p1a: rotomwash|40/100 tox|[from] item: Leftovers
|-damage|p1a: rotomwash|15/100 tox|[from] psn
|upkeep
|turn|30
|
|t:|1665586953
|move|p1a: rotomwash|Thunderbolt|p2a: Blissey
|-damage|p2a: Blissey|0 fnt
|faint|p2a: Blissey
|
|-heal|p1a: rotomwash|21/100 tox|[from] item: Leftovers
|-damage|p1a: rotomwash|0 fnt|[from] psn
|faint|p1a: rotomwash
|upkeep
|inactive|Maitredouard2 has 90 seconds left.
|
|t:|1665586961
|switch|p1a: Tangrowth|Tangrowth, M|100/100
|switch|p2a: Mandibuzz|Mandibuzz, F|100/100
|turn|31
|
|t:|1665586967
|move|p2a: Mandibuzz|Taunt|p1a: Tangrowth
|-start|p1a: Tangrowth|move: Taunt
|move|p1a: Tangrowth|Focus Blast|p2a: Mandibuzz|[miss]
|-miss|p1a: Tangrowth|p2a: Mandibuzz
|
|upkeep
|turn|32
|
|t:|1665586974
|move|p2a: Mandibuzz|Toxic|p1a: Tangrowth
|-status|p1a: Tangrowth|tox
|move|p1a: Tangrowth|Focus Blast|p2a: Mandibuzz|[miss]
|-miss|p1a: Tangrowth|p2a: Mandibuzz
|
|-damage|p1a: Tangrowth|94/100 tox|[from] psn
|upkeep
|turn|33
|
|t:|1665586982
|move|p2a: Mandibuzz|Foul Play|p1a: Tangrowth
|-damage|p1a: Tangrowth|78/100 tox
|-damage|p2a: Mandibuzz|84/100|[from] item: Rocky Helmet|[of] p1a: Tangrowth
|move|p1a: Tangrowth|Focus Blast|p2a: Mandibuzz
|-damage|p2a: Mandibuzz|61/100
|
|-damage|p1a: Tangrowth|66/100 tox|[from] psn
|-end|p1a: Tangrowth|move: Taunt
|upkeep
|turn|34
|
|t:|1665586992
|switch|p1a: Melmetal|Melmetal|9/100
|move|p2a: Mandibuzz|Taunt|p1a: Melmetal
|-start|p1a: Melmetal|move: Taunt
|
|upkeep
|turn|35
|
|t:|1665586999
|switch|p1a: Tangrowth|Tangrowth, M|99/100 tox
|move|p2a: Mandibuzz|Foul Play|p1a: Tangrowth
|-damage|p1a: Tangrowth|81/100 tox
|-damage|p2a: Mandibuzz|45/100|[from] item: Rocky Helmet|[of] p1a: Tangrowth
|
|-damage|p1a: Tangrowth|75/100 tox|[from] psn
|upkeep
|turn|36
|
|t:|1665587008
|switch|p1a: Melmetal|Melmetal|9/100
|move|p2a: Mandibuzz|Taunt|p1a: Melmetal
|-start|p1a: Melmetal|move: Taunt
|
|upkeep
|turn|37
|inactive|Maitredouard2 has 120 seconds left.
|
|t:|1665587014
|switch|p1a: Tangrowth|Tangrowth, M|100/100 tox
|move|p2a: Mandibuzz|Foul Play|p1a: Tangrowth
|-damage|p1a: Tangrowth|84/100 tox
|-damage|p2a: Mandibuzz|28/100|[from] item: Rocky Helmet|[of] p1a: Tangrowth
|
|-damage|p1a: Tangrowth|78/100 tox|[from] psn
|upkeep
|turn|38
|
|t:|1665587023
|switch|p1a: Heatran|Heatran, M|3/100
|move|p2a: Mandibuzz|Roost|p2a: Mandibuzz
|-heal|p2a: Mandibuzz|78/100
|-singleturn|p2a: Mandibuzz|move: Roost
|
|upkeep
|turn|39
|
|t:|1665587030
|move|p1a: Heatran|Magma Storm|p2a: Mandibuzz
|-damage|p2a: Mandibuzz|43/100
|-activate|p2a: Mandibuzz|move: Magma Storm|[of] p1a: Heatran
|move|p2a: Mandibuzz|Foul Play|p1a: Heatran
|-damage|p1a: Heatran|0 fnt
|faint|p1a: Heatran
|
|-end|p2a: Mandibuzz|Magma Storm|[partiallytrapped]|[silent]
|upkeep
|
|t:|1665587030
|switch|p1a: Tangrowth|Tangrowth, M|100/100 tox
|turn|40
|
|t:|1665587041
|move|p2a: Mandibuzz|Roost|p2a: Mandibuzz
|-heal|p2a: Mandibuzz|93/100
|-singleturn|p2a: Mandibuzz|move: Roost
|move|p1a: Tangrowth|Focus Blast|p2a: Mandibuzz
|-supereffective|p2a: Mandibuzz
|-crit|p2a: Mandibuzz
|-damage|p2a: Mandibuzz|27/100
|
|-damage|p1a: Tangrowth|94/100 tox|[from] psn
|upkeep
|turn|41
|
|t:|1665587052
|switch|p1a: Melmetal|Melmetal|9/100
|move|p2a: Mandibuzz|Roost|p2a: Mandibuzz
|-heal|p2a: Mandibuzz|77/100
|-singleturn|p2a: Mandibuzz|move: Roost
|
|upkeep
|turn|42
|
|t:|1665587062
|switch|p1a: Tangrowth|Tangrowth, M|100/100 tox
|move|p2a: Mandibuzz|Foul Play|p1a: Tangrowth
|-damage|p1a: Tangrowth|82/100 tox
|-damage|p2a: Mandibuzz|60/100|[from] item: Rocky Helmet|[of] p1a: Tangrowth
|
|-damage|p1a: Tangrowth|76/100 tox|[from] psn
|upkeep
|turn|43
|
|t:|1665587071
|move|p2a: Mandibuzz|Foul Play|p1a: Tangrowth
|-damage|p1a: Tangrowth|57/100 tox
|-damage|p2a: Mandibuzz|44/100|[from] item: Rocky Helmet|[of] p1a: Tangrowth
|move|p1a: Tangrowth|Giga Drain|p2a: Mandibuzz
|-resisted|p2a: Mandibuzz
|-damage|p2a: Mandibuzz|34/100
|-heal|p1a: Tangrowth|63/100 tox|[from] drain|[of] p2a: Mandibuzz
|
|-damage|p1a: Tangrowth|50/100 tox|[from] psn
|upkeep
|turn|44
|
|t:|1665587082
|switch|p1a: Melmetal|Melmetal|9/100
|move|p2a: Mandibuzz|Foul Play|p1a: Melmetal
|-damage|p1a: Melmetal|0 fnt
|faint|p1a: Melmetal
|
|upkeep
|
|t:|1665587082
|switch|p1a: Tangrowth|Tangrowth, M|84/100 tox
|turn|45
|
|t:|1665587092
|move|p2a: Mandibuzz|Roost|p2a: Mandibuzz
|-heal|p2a: Mandibuzz|84/100
|-singleturn|p2a: Mandibuzz|move: Roost
|move|p1a: Tangrowth|Giga Drain|p2a: Mandibuzz
|-damage|p2a: Mandibuzz|65/100
|-heal|p1a: Tangrowth|94/100 tox|[from] drain|[of] p2a: Mandibuzz
|
|-damage|p1a: Tangrowth|88/100 tox|[from] psn
|upkeep
|turn|46
|
|t:|1665587103
|move|p2a: Mandibuzz|Roost|p2a: Mandibuzz
|-heal|p2a: Mandibuzz|100/100
|-singleturn|p2a: Mandibuzz|move: Roost
|move|p1a: Tangrowth|Giga Drain|p2a: Mandibuzz
|-damage|p2a: Mandibuzz|80/100
|-heal|p1a: Tangrowth|99/100 tox|[from] drain|[of] p2a: Mandibuzz
|
|-damage|p1a: Tangrowth|86/100 tox|[from] psn
|upkeep
|turn|47
|
|t:|1665587113
|move|p2a: Mandibuzz|Foul Play|p1a: Tangrowth
|-damage|p1a: Tangrowth|68/100 tox
|-damage|p2a: Mandibuzz|63/100|[from] item: Rocky Helmet|[of] p1a: Tangrowth
|move|p1a: Tangrowth|Focus Blast|p2a: Mandibuzz
|-damage|p2a: Mandibuzz|43/100
|
|-damage|p1a: Tangrowth|50/100 tox|[from] psn
|upkeep
|turn|48
|
|t:|1665587122
|move|p2a: Mandibuzz|Roost|p2a: Mandibuzz
|-heal|p2a: Mandibuzz|93/100
|-singleturn|p2a: Mandibuzz|move: Roost
|move|p1a: Tangrowth|Giga Drain|p2a: Mandibuzz
|-damage|p2a: Mandibuzz|73/100
|-heal|p1a: Tangrowth|60/100 tox|[from] drain|[of] p2a: Mandibuzz
|
|-damage|p1a: Tangrowth|35/100 tox|[from] psn
|upkeep
|turn|49
|
|t:|1665587133
|move|p2a: Mandibuzz|Taunt|p1a: Tangrowth
|-start|p1a: Tangrowth|move: Taunt
|move|p1a: Tangrowth|Focus Blast|p2a: Mandibuzz
|-damage|p2a: Mandibuzz|50/100
|
|-damage|p1a: Tangrowth|4/100 tox|[from] psn
|upkeep
|turn|50
|
|t:|1665587142
|move|p2a: Mandibuzz|Foul Play|p1a: Tangrowth
|-damage|p1a: Tangrowth|0 fnt
|-damage|p2a: Mandibuzz|34/100|[from] item: Rocky Helmet|[of] p1a: Tangrowth
|faint|p1a: Tangrowth
|
|win|Maitredouard2
|raw|minimax_ai's rating: 1680 &rarr; <strong>1660</strong><br />(-20 for losing)
|raw|Maitredouard2's rating: 1675 &rarr; <strong>1695</strong><br />(+20 for winning)
|c|☆minimax_ai|gg
