|j|☆Forwards
|j|☆Benchacha
|t:|1663523407
|gametype|singles
|player|p1|Forwards|rollerskater|1869
|player|p2|Benchacha|pokemaniac|1764
|teamsize|p1|6
|teamsize|p2|6
|gen|8
|tier|[Gen 8] OU
|rated|
|rule|Sleep Clause Mod: Limit one foe put to sleep
|rule|Species Clause: Limit one of each Pokémon
|rule|OHKO Clause: OHKO moves are banned
|rule|Evasion Items Clause: Evasion items are banned
|rule|Evasion Moves Clause: Evasion moves are banned
|rule|Endless Battle Clause: Forcing endless battles is banned
|rule|HP Percentage Mod: HP is shown in percentages
|rule|Dynamax Clause: You cannot dynamax
|clearpoke
|poke|p1|Tapu Koko|
|poke|p1|Moltres-Galar|
|poke|p1|Registeel|
|poke|p1|Hawlucha, F|
|poke|p1|Mew|
|poke|p1|Landorus-Therian, M|
|poke|p2|Slowbro, M|
|poke|p2|Blacephalon|
|poke|p2|Crawdaunt, F|
|poke|p2|Garchomp, M|
|poke|p2|Magnezone|
|poke|p2|Landorus-Therian, M|
|teampreview
|j| Aj_Sc0tt
|
|t:|1663523429
|start
|switch|p1a: Landorus|Landorus-Therian, M|100/100
|switch|p2a: Magne toi|Magnezone|100/100
|-ability|p1a: Landorus|Intimidate|boost
|-unboost|p2a: Magne toi|atk|1
|turn|1
|
|t:|1663523436
|switch|p2a: Lando Use|Landorus-Therian, M|100/100
|-ability|p2a: Lando Use|Intimidate|boost
|-unboost|p1a: Landorus|atk|1
|move|p1a: Landorus|Stealth Rock|p2a: Lando Use
|-sidestart|p2: Benchacha|move: Stealth Rock
|
|upkeep
|turn|2
|
|t:|1663523442
|move|p1a: Landorus|Swords Dance|p1a: Landorus
|-boost|p1a: Landorus|atk|2
|move|p2a: Lando Use|Defog|p1a: Landorus
|-unboost|p1a: Landorus|evasion|1
|-sideend|p2: Benchacha|Stealth Rock|[from] move: Defog|[of] p2a: Lando Use
|
|upkeep
|turn|3
|
|t:|1663523449
|switch|p2a: Blace Falus|Blacephalon|100/100
|move|p1a: Landorus|Stealth Rock|p2a: Blace Falus
|-sidestart|p2: Benchacha|move: Stealth Rock
|
|upkeep
|turn|4
|
|t:|1663523464
|switch|p2a: Slow Motion|Slowbro, M|100/100
|-damage|p2a: Slow Motion|88/100|[from] Stealth Rock
|move|p1a: Landorus|Earthquake|p2a: Slow Motion
|-damage|p2a: Slow Motion|40/100
|
|upkeep
|turn|5
|
|t:|1663523473
|switch|p2a: Lando Use|Landorus-Therian, M|100/100
|-damage|p2a: Lando Use|88/100|[from] Stealth Rock
|-ability|p2a: Lando Use|Intimidate|boost
|-unboost|p1a: Landorus|atk|1
|move|p1a: Landorus|Swords Dance|p1a: Landorus
|-boost|p1a: Landorus|atk|2
|
|-heal|p2a: Lando Use|94/100|[from] item: Leftovers
|upkeep
|turn|6
|j| Licking Baltoys
|
|t:|1663523490
|move|p1a: Landorus|Earthquake|p2a: Lando Use
|-immune|p2a: Lando Use
|move|p2a: Lando Use|Stealth Rock|p1a: Landorus
|-sidestart|p1: Forwards|move: Stealth Rock
|
|-heal|p2a: Lando Use|99/100|[from] item: Leftovers
|upkeep
|turn|7
|
|t:|1663523505
|switch|p2a: Blace Falus|Blacephalon|100/100
|-damage|p2a: Blace Falus|76/100|[from] Stealth Rock
|move|p1a: Landorus|Explosion|p2a: Blace Falus
|-immune|p2a: Blace Falus
|faint|p1a: Landorus
|
|upkeep
|j| galactest bro !
|l| galactest bro !
|
|t:|1663523508
|switch|p1a: Tapu Koko|Tapu Koko|100/100
|-damage|p1a: Tapu Koko|88/100|[from] Stealth Rock
|-fieldstart|move: Electric Terrain|[from] ability: Electric Surge|[of] p1a: Tapu Koko
|turn|8
|
|t:|1663523519
|switch|p2a: Lando Use|Landorus-Therian, M|99/100
|-damage|p2a: Lando Use|88/100|[from] Stealth Rock
|-ability|p2a: Lando Use|Intimidate|boost
|-unboost|p1a: Tapu Koko|atk|1
|move|p1a: Tapu Koko|Light Screen|p1a: Tapu Koko
|-sidestart|p1: Forwards|move: Light Screen
|
|-heal|p2a: Lando Use|94/100|[from] item: Leftovers
|upkeep
|turn|9
|
|t:|1663523528
|move|p1a: Tapu Koko|Taunt|p2a: Lando Use
|-start|p2a: Lando Use|move: Taunt
|move|p2a: Lando Use|U-turn|p1a: Tapu Koko
|-resisted|p1a: Tapu Koko
|-damage|p1a: Tapu Koko|75/100
|
|t:|1663523552
|switch|p2a: Magne toi|Magnezone|100/100|[from]move: U-turn
|-damage|p2a: Magne toi|94/100|[from] Stealth Rock
|
|upkeep
|turn|10
|
|t:|1663523556
|move|p1a: Tapu Koko|Reflect|p1a: Tapu Koko
|-sidestart|p1: Forwards|Reflect
|move|p2a: Magne toi|Flash Cannon|p1a: Tapu Koko
|-damage|p1a: Tapu Koko|22/100
|
|upkeep
|turn|11
|
|t:|1663523562
|move|p1a: Tapu Koko|U-turn|p2a: Magne toi
|-resisted|p2a: Magne toi
|-crit|p2a: Magne toi
|-damage|p2a: Magne toi|83/100
|
|t:|1663523565
|switch|p1a: Moltres|Moltres-Galar|100/100|[from]move: U-turn
|-damage|p1a: Moltres|76/100|[from] Stealth Rock
|move|p2a: Magne toi|Flash Cannon|p1a: Moltres
|-damage|p1a: Moltres|44/100
|-unboost|p1a: Moltres|spd|1
|-ability|p1a: Moltres|Berserk|boost
|-boost|p1a: Moltres|spa|1
|
|upkeep
|turn|12
|
|t:|1663523574
|move|p1a: Moltres|Fiery Wrath|p2a: Magne toi
|-damage|p2a: Magne toi|16/100
|move|p2a: Magne toi|Flash Cannon|p1a: Moltres
|-damage|p1a: Moltres|0 fnt
|faint|p1a: Moltres
|
|-fieldend|move: Electric Terrain
|upkeep
|
|t:|1663523578
|switch|p1a: Mew|Mew|100/100
|-damage|p1a: Mew|88/100|[from] Stealth Rock
|turn|13
|
|t:|1663523584
|switch|p2a: Blace Falus|Blacephalon|76/100
|-damage|p2a: Blace Falus|51/100|[from] Stealth Rock
|move|p1a: Mew|Cosmic Power|p1a: Mew
|-boost|p1a: Mew|def|1
|-boost|p1a: Mew|spd|1
|
|upkeep
|turn|14
|
|t:|1663523591
|move|p2a: Blace Falus|Trick|p1a: Mew
|-activate|p2a: Blace Falus|move: Trick|[of] p1a: Mew
|-item|p1a: Mew|Choice Scarf|[from] move: Trick
|-item|p2a: Blace Falus|Weakness Policy|[from] move: Trick
|move|p1a: Mew|Stored Power|p2a: Blace Falus
|-damage|p2a: Blace Falus|14/100
|
|upkeep
|turn|15
|j| i am ves ♥
|
|t:|1663523607
|switch|p1a: Tapu Koko|Tapu Koko|22/100
|-damage|p1a: Tapu Koko|10/100|[from] Stealth Rock
|-fieldstart|move: Electric Terrain|[from] ability: Electric Surge|[of] p1a: Tapu Koko
|switch|p2a: Craw Don't|Crawdaunt, F|100/100
|-damage|p2a: Craw Don't|88/100|[from] Stealth Rock
|
|-sideend|p1: Forwards|move: Light Screen
|upkeep
|turn|16
|
|t:|1663523616
|move|p2a: Craw Don't|Aqua Jet|p1a: Tapu Koko
|-damage|p1a: Tapu Koko|0 fnt
|faint|p1a: Tapu Koko
|
|upkeep
|
|t:|1663523618
|switch|p1a: Hawlucha|Hawlucha, F|100/100
|-damage|p1a: Hawlucha|88/100|[from] Stealth Rock
|-enditem|p1a: Hawlucha|Electric Seed
|-boost|p1a: Hawlucha|def|1|[from] item: Electric Seed
|turn|17
|
|t:|1663523632
|switch|p2a: Lando Use|Landorus-Therian, M|94/100
|-damage|p2a: Lando Use|82/100|[from] Stealth Rock
|-ability|p2a: Lando Use|Intimidate|boost
|-unboost|p1a: Hawlucha|atk|1
|move|p1a: Hawlucha|Close Combat|p2a: Lando Use
|-resisted|p2a: Lando Use
|-damage|p2a: Lando Use|64/100
|-unboost|p1a: Hawlucha|def|1
|-unboost|p1a: Hawlucha|spd|1
|
|-heal|p2a: Lando Use|70/100|[from] item: Leftovers
|-sideend|p1: Forwards|Reflect
|upkeep
|turn|18
|
|t:|1663523643
|move|p1a: Hawlucha|Swords Dance|p1a: Hawlucha
|-boost|p1a: Hawlucha|atk|2
|move|p2a: Lando Use|U-turn|p1a: Hawlucha
|-resisted|p1a: Hawlucha
|-damage|p1a: Hawlucha|80/100
|
|t:|1663523656
|switch|p2a: Slow Motion|Slowbro, M|73/100|[from]move: U-turn
|-damage|p2a: Slow Motion|61/100|[from] Stealth Rock
|
|upkeep
|turn|19
|j| Nature_K
|
|t:|1663523665
|switch|p2a: Lando Use|Landorus-Therian, M|70/100
|-damage|p2a: Lando Use|58/100|[from] Stealth Rock
|-ability|p2a: Lando Use|Intimidate|boost
|-unboost|p1a: Hawlucha|atk|1
|move|p1a: Hawlucha|Acrobatics|p2a: Lando Use
|-damage|p2a: Lando Use|7/100
|
|-heal|p2a: Lando Use|13/100|[from] item: Leftovers
|-fieldend|move: Electric Terrain
|upkeep
|turn|20
|j| Kwaga
|
|t:|1663523674
|move|p1a: Hawlucha|Swords Dance|p1a: Hawlucha
|-boost|p1a: Hawlucha|atk|2
|move|p2a: Lando Use|U-turn|p1a: Hawlucha
|-resisted|p1a: Hawlucha
|-damage|p1a: Hawlucha|72/100
|l| Aj_Sc0tt
|
|t:|1663523681
|switch|p2a: Magne toi|Magnezone|16/100|[from]move: U-turn
|-damage|p2a: Magne toi|10/100|[from] Stealth Rock
|
|upkeep
|turn|21
|
|t:|1663523686
|move|p1a: Hawlucha|Acrobatics|p2a: Magne toi
|-resisted|p2a: Magne toi
|-damage|p2a: Magne toi|0 fnt
|faint|p2a: Magne toi
|
|upkeep
|
|t:|1663523698
|switch|p2a: Slow Motion|Slowbro, M|94/100
|-damage|p2a: Slow Motion|82/100|[from] Stealth Rock
|turn|22
|
|t:|1663523702
|move|p1a: Hawlucha|Acrobatics|p2a: Slow Motion
|-damage|p2a: Slow Motion|27/100
|move|p2a: Slow Motion|Future Sight|p1a: Hawlucha
|-start|p2a: Slow Motion|move: Future Sight
|
|upkeep
|turn|23
|j| born with aids
|
|t:|1663523718
|switch|p2a: Blace Falus|Blacephalon|14/100
|-damage|p2a: Blace Falus|0 fnt|[from] Stealth Rock
|faint|p2a: Blace Falus
|move|p1a: Hawlucha|Acrobatics|p2: Blace Falus|[notarget]
|-fail|p1a: Hawlucha
|
|upkeep
|
|t:|1663523728
|switch|p2a: Slow Motion|Slowbro, M|60/100
|-damage|p2a: Slow Motion|48/100|[from] Stealth Rock
|turn|24
|
|t:|1663523733
|switch|p1a: Mew|Mew|88/100
|-damage|p1a: Mew|76/100|[from] Stealth Rock
|move|p2a: Slow Motion|Slack Off|p2a: Slow Motion
|-heal|p2a: Slow Motion|98/100
|
|-end|p1a: Mew|move: Future Sight
|-resisted|p1a: Mew
|-damage|p1a: Mew|59/100
|upkeep
|turn|25
|
|t:|1663523742
|switch|p1a: Hawlucha|Hawlucha, F|72/100
|-damage|p1a: Hawlucha|59/100|[from] Stealth Rock
|move|p2a: Slow Motion|Teleport|p2a: Slow Motion
|
|t:|1663523747
|switch|p2a: Gar à toi|Garchomp, M|100/100|[from]move: Teleport
|-damage|p2a: Gar à toi|94/100|[from] Stealth Rock
|
|-heal|p2a: Gar à toi|100/100|[from] item: Leftovers
|upkeep
|turn|26
|
|t:|1663523752
|move|p2a: Gar à toi|Swords Dance|p2a: Gar à toi
|-boost|p2a: Gar à toi|atk|2
|move|p1a: Hawlucha|Taunt|p2a: Gar à toi
|-start|p2a: Gar à toi|move: Taunt
|
|upkeep
|turn|27
|l| Licking Baltoys
|l| Kwaga
|j| Kwaga
|
|t:|1663523758
|move|p2a: Gar à toi|Scale Shot|p1a: Hawlucha
|-damage|p1a: Hawlucha|23/100
|-damage|p1a: Hawlucha|0 fnt
|faint|p1a: Hawlucha
|-hitcount|p1: Hawlucha|2
|-unboost|p2a: Gar à toi|def|1
|-boost|p2a: Gar à toi|spe|1
|
|upkeep
|
|t:|1663523760
|switch|p1a: Registeel|Registeel|100/100
|-damage|p1a: Registeel|94/100|[from] Stealth Rock
|turn|28
|
|t:|1663523769
|move|p2a: Gar à toi|Earthquake|p1a: Registeel
|-supereffective|p1a: Registeel
|-crit|p1a: Registeel
|-damage|p1a: Registeel|0 fnt
|faint|p1a: Registeel
|
|upkeep
|-message|Forwards forfeited.
|
|win|Benchacha
|raw|Forwards's rating: 1869 &rarr; <strong>1843</strong><br />(-26 for losing)
|raw|Benchacha's rating: 1764 &rarr; <strong>1790</strong><br />(+26 for winning)
|l|☆Forwards
|l| Kwaga
|l| Nature_K
|l|☆Benchacha
|l| born with aids
|l| i am ves ♥
|j| Aj_Sc0tt
|l| Aj_Sc0tt
||Ladder isn't responding, score probably updated but might not have (Request timeout).
