|j|☆BTLT200$ SF'
|j|☆wzt123
|inactive|Battle timer is ON: inactive players will automatically lose when time's up.
|t:|1667812268
|gametype|singles
|player|p1|BTLT200$ SF'|palmer|
|player|p2|wzt123|lillie|
|teamsize|p1|6
|teamsize|p2|6
|gen|8
|tier|[Gen 8] OU
|rated|Tournament battle
|rule|Sleep Clause Mod: Limit one foe put to sleep
|rule|Species Clause: Limit one of each Pokémon
|rule|OHKO Clause: OHKO moves are banned
|rule|Evasion Items Clause: Evasion items are banned
|rule|Evasion Moves Clause: Evasion moves are banned
|rule|Endless Battle Clause: Forcing endless battles is banned
|rule|HP Percentage Mod: HP is shown in percentages
|rule|Dynamax Clause: You cannot dynamax
|clearpoke
|poke|p1|Corviknight, M|
|poke|p1|Tornadus-Therian, M|
|poke|p1|Audino, M|
|poke|p1|Shedinja|
|poke|p1|Clefable, F|
|poke|p1|Garchomp, F|
|poke|p2|Tapu Lele|
|poke|p2|Porygon-Z|
|poke|p2|Pelipper, M|
|poke|p2|Ferrothorn, F|
|poke|p2|Barraskewda, M|
|poke|p2|Garchomp, M|
|teampreview
|inactive|BTLT200$ SF' also wants the timer to be on.
|inactive|wzt123 also wants the timer to be on.
|inactive|wzt123 has 120 seconds left.
|
|t:|1667812321
|start
|switch|p1a: Tornadus|Tornadus-Therian, M|100/100
|switch|p2a: Tapu Lele|Tapu Lele|100/100
|-fieldstart|move: Psychic Terrain|[from] ability: Psychic Surge|[of] p2a: Tapu Lele
|turn|1
|inactive|BTLT200$ SF' has 120 seconds left.
|
|t:|1667812361
|move|p2a: Tapu Lele|Psychic|p1a: Tornadus
|-damage|p1a: Tornadus|36/100
|move|p1a: Tornadus|Knock Off|p2a: Tapu Lele
|-damage|p2a: Tapu Lele|71/100
|-enditem|p2a: Tapu Lele|Choice Scarf|[from] move: Knock Off|[of] p1a: Tornadus
|
|upkeep
|turn|2
|
|t:|1667812371
|switch|p1a: Shedinja|Shedinja|100/100
|switch|p2a: Ferrothorn|Ferrothorn, F|100/100
|
|upkeep
|turn|3
|inactive|BTLT200$ SF' has 120 seconds left.
|
|t:|1667812384
|switch|p1a: Tornadus|Tornadus-Therian, M|70/100
|move|p2a: Ferrothorn|Knock Off|p1a: Tornadus
|-damage|p1a: Tornadus|47/100
|-damage|p2a: Ferrothorn|84/100|[from] item: Rocky Helmet|[of] p1a: Tornadus
|-enditem|p1a: Tornadus|Rocky Helmet|[from] move: Knock Off|[of] p2a: Ferrothorn
|
|upkeep
|turn|4
|
|t:|1667812395
|switch|p1a: Corviknight|Corviknight, M|100/100
|-ability|p1a: Corviknight|Pressure
|switch|p2a: Tapu Lele|Tapu Lele|71/100
|
|upkeep
|turn|5
|
|t:|1667812400
|switch|p2a: Porygon-Z|Porygon-Z|100/100
|-ability|p2a: Porygon-Z|Download|boost
|-boost|p2a: Porygon-Z|spa|1
|switch|p1a: Shedinja|Shedinja|100/100
|
|-fieldend|move: Psychic Terrain
|upkeep
|turn|6
|
|t:|1667812407
|switch|p2a: Ferrothorn|Ferrothorn, F|84/100
|move|p1a: Shedinja|Protect||[still]
|-fail|p1a: Shedinja
|
|upkeep
|turn|7
|
|t:|1667812411
|switch|p1a: Tornadus|Tornadus-Therian, M|80/100
|move|p2a: Ferrothorn|Leech Seed|p1a: Tornadus
|-start|p1a: Tornadus|move: Leech Seed
|
|-damage|p1a: Tornadus|67/100|[from] Leech Seed|[of] p2a: Ferrothorn
|-heal|p2a: Ferrothorn|97/100|[silent]
|upkeep
|turn|8
|
|t:|1667812414
|switch|p1a: Corviknight|Corviknight, M|100/100
|-ability|p1a: Corviknight|Pressure
|switch|p2a: Pelipper|Pelipper, M|100/100
|-weather|RainDance|[from] ability: Drizzle|[of] p2a: Pelipper
|
|-weather|RainDance|[upkeep]
|upkeep
|turn|9
|
|t:|1667812421
|switch|p1a: Audino|Audino, M|100/100
|move|p2a: Pelipper|U-turn|p1a: Audino
|-damage|p1a: Audino|91/100
|
|t:|1667812431
|switch|p2a: Barraskewda|Barraskewda, M|100/100|[from]move: U-turn
|
|-weather|RainDance|[upkeep]
|upkeep
|turn|10
|inactive|BTLT200$ SF' has 120 seconds left.
|
|t:|1667812464
|switch|p2a: Ferrothorn|Ferrothorn, F|97/100
|switch|p1a: Shedinja|Shedinja|100/100
|
|-weather|RainDance|[upkeep]
|upkeep
|turn|11
|inactive|wzt123 has 120 seconds left.
|
|t:|1667812523
|switch|p1a: Tornadus|Tornadus-Therian, M|100/100
|move|p2a: Ferrothorn|Spikes|p1a: Tornadus
|-sidestart|p1: BTLT200$ SF'|Spikes
|
|-weather|RainDance|[upkeep]
|upkeep
|turn|12
|inactive|BTLT200$ SF' has 120 seconds left.
|
|t:|1667812549
|move|p1a: Tornadus|Defog|p2a: Ferrothorn
|-unboost|p2a: Ferrothorn|evasion|1
|-sideend|p1: BTLT200$ SF'|Spikes|[from] move: Defog|[of] p1a: Tornadus
|move|p2a: Ferrothorn|Leech Seed|p1a: Tornadus
|-start|p1a: Tornadus|move: Leech Seed
|
|-weather|RainDance|[upkeep]
|-damage|p1a: Tornadus|88/100|[from] Leech Seed|[of] p2a: Ferrothorn
|-heal|p2a: Ferrothorn|100/100|[silent]
|upkeep
|turn|13
|
|t:|1667812556
|switch|p1a: Corviknight|Corviknight, M|100/100
|-ability|p1a: Corviknight|Pressure
|move|p2a: Ferrothorn|Knock Off|p1a: Corviknight
|-damage|p1a: Corviknight|87/100
|-enditem|p1a: Corviknight|Leftovers|[from] move: Knock Off|[of] p2a: Ferrothorn
|
|-weather|RainDance|[upkeep]
|upkeep
|turn|14
|inactive|BTLT200$ SF' has 120 seconds left.
|
|t:|1667812575
|switch|p1a: Tornadus|Tornadus-Therian, M|100/100
|switch|p2a: Porygon-Z|Porygon-Z|100/100
|-ability|p2a: Porygon-Z|Download|boost
|-boost|p2a: Porygon-Z|spa|1
|
|-weather|RainDance|[upkeep]
|upkeep
|turn|15
|inactive|wzt123 has 120 seconds left.
|
|t:|1667812591
|switch|p1a: Shedinja|Shedinja|100/100
|move|p2a: Porygon-Z|Tri Attack|p1a: Shedinja
|-immune|p1a: Shedinja|[from] ability: Wonder Guard
|
|-weather|none
|upkeep
|turn|16
|inactive|wzt123 has 120 seconds left.
|
|t:|1667812598
|switch|p2a: Pelipper|Pelipper, M|100/100
|-weather|RainDance|[from] ability: Drizzle|[of] p2a: Pelipper
|move|p1a: Shedinja|Will-O-Wisp|p2a: Pelipper
|-status|p2a: Pelipper|brn
|
|-weather|RainDance|[upkeep]
|-damage|p2a: Pelipper|94/100 brn|[from] brn
|upkeep
|turn|17
|
|t:|1667812603
|switch|p1a: Audino|Audino, M|100/100
|move|p2a: Pelipper|U-turn|p1a: Audino
|-damage|p1a: Audino|96/100
|
|t:|1667812614
|switch|p2a: Barraskewda|Barraskewda, M|100/100|[from]move: U-turn
|
|-weather|RainDance|[upkeep]
|upkeep
|turn|18
|inactive|wzt123 has 120 seconds left.
|inactive|wzt123 has 90 seconds left.
|
|t:|1667812669
|switch|p2a: Ferrothorn|Ferrothorn, F|100/100
|switch|p1a: Shedinja|Shedinja|100/100
|
|-weather|RainDance|[upkeep]
|upkeep
|turn|19
|inactive|wzt123 has 90 seconds left.
|
|t:|1667812689
|switch|p1a: Tornadus|Tornadus-Therian, M|100/100
|switch|p2a: Porygon-Z|Porygon-Z|100/100
|-ability|p2a: Porygon-Z|Download|boost
|-boost|p2a: Porygon-Z|spa|1
|
|-weather|RainDance|[upkeep]
|upkeep
|turn|20
|
|t:|1667812705
|switch|p1a: Shedinja|Shedinja|100/100
|move|p2a: Porygon-Z|Ice Beam|p1a: Shedinja
|-immune|p1a: Shedinja|[from] ability: Wonder Guard
|
|-weather|RainDance|[upkeep]
|upkeep
|turn|21
|
|t:|1667812711
|switch|p2a: Ferrothorn|Ferrothorn, F|100/100
|move|p1a: Shedinja|Hex|p2a: Ferrothorn
|-damage|p2a: Ferrothorn|87/100
|
|-weather|RainDance|[upkeep]
|upkeep
|turn|22
|inactive|wzt123 has 90 seconds left.
|
|t:|1667812732
|switch|p1a: Corviknight|Corviknight, M|87/100
|-ability|p1a: Corviknight|Pressure
|switch|p2a: Garchomp|Garchomp, M|100/100
|
|-weather|RainDance|[upkeep]
|upkeep
|turn|23
|
|t:|1667812741
|switch|p1a: Clefable|Clefable, F|100/100
|move|p2a: Garchomp|Stealth Rock|p1a: Clefable
|-sidestart|p1: BTLT200$ SF'|move: Stealth Rock
|
|-weather|none
|upkeep
|turn|24
|inactive|wzt123 has 90 seconds left.
|j| FirstRedMoon
|
|t:|1667812749
|switch|p2a: Pelipper|Pelipper, M|94/100 brn
|-weather|RainDance|[from] ability: Drizzle|[of] p2a: Pelipper
|switch|p1a: Corviknight|Corviknight, M|87/100
|-damage|p1a: Corviknight|74/100|[from] Stealth Rock
|-ability|p1a: Corviknight|Pressure
|
|-weather|RainDance|[upkeep]
|-damage|p2a: Pelipper|88/100 brn|[from] brn
|upkeep
|turn|25
|
|t:|1667812753
|move|p1a: Corviknight|Defog|p2a: Pelipper
|-unboost|p2a: Pelipper|evasion|1
|-sideend|p1: BTLT200$ SF'|Stealth Rock|[from] move: Defog|[of] p1a: Corviknight
|move|p2a: Pelipper|Scald|p1a: Corviknight
|-damage|p1a: Corviknight|39/100
|
|-weather|RainDance|[upkeep]
|-damage|p2a: Pelipper|82/100 brn|[from] brn
|upkeep
|turn|26
|
|t:|1667812757
|move|p1a: Corviknight|Roost|p1a: Corviknight
|-heal|p1a: Corviknight|89/100
|-singleturn|p1a: Corviknight|move: Roost
|move|p2a: Pelipper|U-turn|p1a: Corviknight
|-resisted|p1a: Corviknight
|-damage|p1a: Corviknight|87/100
|
|t:|1667812761
|switch|p2a: Porygon-Z|Porygon-Z|100/100|[from]move: U-turn
|-ability|p2a: Porygon-Z|Download|boost
|-boost|p2a: Porygon-Z|spa|1
|
|-weather|RainDance|[upkeep]
|upkeep
|turn|27
|inactive|wzt123 has 120 seconds left.
|
|t:|1667812771
|switch|p2a: Ferrothorn|Ferrothorn, F|87/100
|switch|p1a: Shedinja|Shedinja|100/100
|
|-weather|RainDance|[upkeep]
|upkeep
|turn|28
|inactive|wzt123 has 120 seconds left.
|
|t:|1667812778
|switch|p1a: Tornadus|Tornadus-Therian, M|100/100
|move|p2a: Ferrothorn|Knock Off|p1a: Tornadus
|-damage|p1a: Tornadus|86/100
|
|-weather|RainDance|[upkeep]
|upkeep
|turn|29
|
|t:|1667812785
|move|p1a: Tornadus|Knock Off|p2a: Ferrothorn
|-damage|p2a: Ferrothorn|76/100
|-damage|p1a: Tornadus|73/100|[from] ability: Iron Barbs|[of] p2a: Ferrothorn
|-damage|p1a: Tornadus|57/100|[from] item: Rocky Helmet|[of] p2a: Ferrothorn
|-enditem|p2a: Ferrothorn|Rocky Helmet|[from] move: Knock Off|[of] p1a: Tornadus
|move|p2a: Ferrothorn|Leech Seed|p1a: Tornadus
|-start|p1a: Tornadus|move: Leech Seed
|
|-weather|RainDance|[upkeep]
|-damage|p1a: Tornadus|44/100|[from] Leech Seed|[of] p2a: Ferrothorn
|-heal|p2a: Ferrothorn|89/100|[silent]
|upkeep
|turn|30
|
|t:|1667812794
|switch|p1a: Corviknight|Corviknight, M|87/100
|-ability|p1a: Corviknight|Pressure
|switch|p2a: Garchomp|Garchomp, M|100/100
|
|-weather|RainDance|[upkeep]
|upkeep
|turn|31
|
|t:|1667812804
|move|p2a: Garchomp|Stealth Rock|p1a: Corviknight
|-sidestart|p1: BTLT200$ SF'|move: Stealth Rock
|move|p1a: Corviknight|Body Press|p2a: Garchomp
|-damage|p2a: Garchomp|76/100
|-damage|p1a: Corviknight|75/100|[from] ability: Rough Skin|[of] p2a: Garchomp
|
|-weather|none
|-heal|p2a: Garchomp|82/100|[from] item: Leftovers
|upkeep
|turn|32
|
|t:|1667812810
|switch|p2a: Porygon-Z|Porygon-Z|100/100
|-ability|p2a: Porygon-Z|Download|boost
|-boost|p2a: Porygon-Z|spa|1
|move|p1a: Corviknight|Defog|p2a: Porygon-Z
|-unboost|p2a: Porygon-Z|evasion|1
|-sideend|p1: BTLT200$ SF'|Stealth Rock|[from] move: Defog|[of] p1a: Corviknight
|
|upkeep
|turn|33
|
|t:|1667812819
|switch|p2a: Ferrothorn|Ferrothorn, F|89/100
|switch|p1a: Shedinja|Shedinja|100/100
|
|upkeep
|turn|34
|
|t:|1667812827
|switch|p1a: Tornadus|Tornadus-Therian, M|78/100
|move|p2a: Ferrothorn|Leech Seed|p1a: Tornadus
|-start|p1a: Tornadus|move: Leech Seed
|
|-damage|p1a: Tornadus|65/100|[from] Leech Seed|[of] p2a: Ferrothorn
|-heal|p2a: Ferrothorn|100/100|[silent]
|upkeep
|turn|35
|
|t:|1667812838
|switch|p1a: Corviknight|Corviknight, M|75/100
|-ability|p1a: Corviknight|Pressure
|move|p2a: Ferrothorn|Leech Seed|p1a: Corviknight
|-start|p1a: Corviknight|move: Leech Seed
|
|-damage|p1a: Corviknight|62/100|[from] Leech Seed|[of] p2a: Ferrothorn
|upkeep
|turn|36
|
|t:|1667812843
|switch|p1a: Tornadus|Tornadus-Therian, M|98/100
|move|p2a: Ferrothorn|Knock Off|p1a: Tornadus
|-damage|p1a: Tornadus|84/100
|
|upkeep
|turn|37
|
|t:|1667812851
|move|p1a: Tornadus|Heat Wave|p2a: Ferrothorn
|-supereffective|p2a: Ferrothorn
|-damage|p2a: Ferrothorn|21/100
|move|p2a: Ferrothorn|Leech Seed|p1a: Tornadus
|-start|p1a: Tornadus|move: Leech Seed
|
|-damage|p1a: Tornadus|72/100|[from] Leech Seed|[of] p2a: Ferrothorn
|-heal|p2a: Ferrothorn|34/100|[silent]
|upkeep
|turn|38
|
|t:|1667812862
|move|p1a: Tornadus|Knock Off|p2a: Ferrothorn
|-damage|p2a: Ferrothorn|26/100
|-damage|p1a: Tornadus|60/100|[from] ability: Iron Barbs|[of] p2a: Ferrothorn
|move|p2a: Ferrothorn|Leech Seed||[still]
|-fail|p2a: Ferrothorn
|
|-damage|p1a: Tornadus|47/100|[from] Leech Seed|[of] p2a: Ferrothorn
|-heal|p2a: Ferrothorn|39/100|[silent]
|upkeep
|turn|39
|
|t:|1667812870
|switch|p1a: Corviknight|Corviknight, M|62/100
|-ability|p1a: Corviknight|Pressure
|switch|p2a: Pelipper|Pelipper, M|82/100 brn
|-weather|RainDance|[from] ability: Drizzle|[of] p2a: Pelipper
|
|-weather|RainDance|[upkeep]
|-damage|p2a: Pelipper|76/100 brn|[from] brn
|upkeep
|turn|40
|
|t:|1667812884
|switch|p1a: Audino|Audino, M|100/100
|move|p2a: Pelipper|Scald|p1a: Audino
|-damage|p1a: Audino|75/100
|
|-weather|RainDance|[upkeep]
|-damage|p2a: Pelipper|70/100 brn|[from] brn
|upkeep
|turn|41
|inactive|wzt123 has 120 seconds left.
|
|t:|1667812916
|move|p1a: Audino|Knock Off|p2a: Pelipper
|-damage|p2a: Pelipper|53/100 brn
|-enditem|p2a: Pelipper|Damp Rock|[from] move: Knock Off|[of] p1a: Audino
|move|p2a: Pelipper|U-turn|p1a: Audino
|-damage|p1a: Audino|70/100
|inactive|wzt123 has 120 seconds left.
|
|t:|1667812923
|switch|p2a: Barraskewda|Barraskewda, M|100/100|[from]move: U-turn
|
|-weather|RainDance|[upkeep]
|upkeep
|turn|42
|j| aursnes
|
|t:|1667812937
|switch|p2a: Garchomp|Garchomp, M|82/100
|switch|p1a: Shedinja|Shedinja|100/100
|
|-weather|RainDance|[upkeep]
|-heal|p2a: Garchomp|88/100|[from] item: Leftovers
|upkeep
|turn|43
|
|t:|1667812943
|switch|p1a: Corviknight|Corviknight, M|62/100
|-ability|p1a: Corviknight|Pressure
|move|p2a: Garchomp|Stealth Rock|p1a: Corviknight
|-sidestart|p1: BTLT200$ SF'|move: Stealth Rock
|
|-weather|RainDance|[upkeep]
|-heal|p2a: Garchomp|94/100|[from] item: Leftovers
|upkeep
|turn|44
|
|t:|1667812946
|move|p2a: Garchomp|Swords Dance|p2a: Garchomp
|-boost|p2a: Garchomp|atk|2
|move|p1a: Corviknight|Defog|p2a: Garchomp
|-unboost|p2a: Garchomp|evasion|1
|-sideend|p1: BTLT200$ SF'|Stealth Rock|[from] move: Defog|[of] p1a: Corviknight
|
|-weather|RainDance|[upkeep]
|-heal|p2a: Garchomp|99/100|[from] item: Leftovers
|upkeep
|turn|45
|
|t:|1667812951
|move|p2a: Garchomp|Stealth Rock|p1a: Corviknight
|-sidestart|p1: BTLT200$ SF'|move: Stealth Rock
|move|p1a: Corviknight|Roost|p1a: Corviknight
|-heal|p1a: Corviknight|100/100
|-singleturn|p1a: Corviknight|move: Roost
|
|-weather|RainDance|[upkeep]
|-heal|p2a: Garchomp|100/100|[from] item: Leftovers
|upkeep
|turn|46
|
|t:|1667812955
|move|p2a: Garchomp|Swords Dance|p2a: Garchomp
|-boost|p2a: Garchomp|atk|2
|move|p1a: Corviknight|Defog|p2a: Garchomp
|-unboost|p2a: Garchomp|evasion|1
|-sideend|p1: BTLT200$ SF'|Stealth Rock|[from] move: Defog|[of] p1a: Corviknight
|
|-weather|none
|upkeep
|turn|47
|
|t:|1667812973
|move|p2a: Garchomp|Stealth Rock|p1a: Corviknight
|-sidestart|p1: BTLT200$ SF'|move: Stealth Rock
|move|p1a: Corviknight|Roost||[still]
|-fail|p1a: Corviknight|heal
|
|upkeep
|turn|48
|
|t:|1667812978
|move|p2a: Garchomp|Aqua Tail|p1a: Corviknight
|-damage|p1a: Corviknight|38/100
|move|p1a: Corviknight|Defog|p2a: Garchomp
|-unboost|p2a: Garchomp|evasion|1
|-sideend|p1: BTLT200$ SF'|Stealth Rock|[from] move: Defog|[of] p1a: Corviknight
|
|upkeep
|turn|49
|
|t:|1667812990
|move|p2a: Garchomp|Stealth Rock|p1a: Corviknight
|-sidestart|p1: BTLT200$ SF'|move: Stealth Rock
|move|p1a: Corviknight|Roost|p1a: Corviknight
|-heal|p1a: Corviknight|88/100
|-singleturn|p1a: Corviknight|move: Roost
|
|upkeep
|turn|50
|
|t:|1667812997
|switch|p1a: Clefable|Clefable, F|100/100
|-damage|p1a: Clefable|88/100|[from] Stealth Rock
|move|p2a: Garchomp|Aqua Tail|p1a: Clefable|[miss]
|-miss|p2a: Garchomp|p1a: Clefable
|
|-heal|p1a: Clefable|94/100|[from] item: Leftovers
|upkeep
|turn|51
|
|t:|1667813003
|move|p2a: Garchomp|Earthquake|p1a: Clefable
|-damage|p1a: Clefable|55/100
|move|p1a: Clefable|Moonblast|p2a: Garchomp
|-supereffective|p2a: Garchomp
|-damage|p2a: Garchomp|33/100
|-unboost|p2a: Garchomp|spa|1
|
|-heal|p2a: Garchomp|39/100|[from] item: Leftovers
|-heal|p1a: Clefable|61/100|[from] item: Leftovers
|upkeep
|turn|52
|
|t:|1667813017
|switch|p2a: Pelipper|Pelipper, M|53/100 brn
|-weather|RainDance|[from] ability: Drizzle|[of] p2a: Pelipper
|move|p1a: Clefable|Soft-Boiled|p1a: Clefable
|-heal|p1a: Clefable|100/100
|
|-weather|RainDance|[upkeep]
|-damage|p2a: Pelipper|46/100 brn|[from] brn
|upkeep
|turn|53
|
|t:|1667813033
|move|p1a: Clefable|Moonblast|p2a: Pelipper
|-damage|p2a: Pelipper|14/100 brn
|-unboost|p2a: Pelipper|spa|1
|move|p2a: Pelipper|U-turn|p1a: Clefable
|-resisted|p1a: Clefable
|-damage|p1a: Clefable|99/100
|j| IIIodyne
|
|t:|1667813045
|switch|p2a: Barraskewda|Barraskewda, M|100/100|[from]move: U-turn
|
|-weather|RainDance|[upkeep]
|-heal|p1a: Clefable|100/100|[from] item: Leftovers
|upkeep
|turn|54
|
|t:|1667813063
|switch|p1a: Audino|Audino, M|100/100
|-damage|p1a: Audino|88/100|[from] Stealth Rock
|move|p2a: Barraskewda|Flip Turn|p1a: Audino
|-damage|p1a: Audino|18/100
|
|t:|1667813072
|switch|p2a: Garchomp|Garchomp, M|39/100|[from]move: Flip Turn
|
|-weather|RainDance|[upkeep]
|-heal|p2a: Garchomp|45/100|[from] item: Leftovers
|upkeep
|turn|55
|
|t:|1667813079
|switch|p1a: Corviknight|Corviknight, M|88/100
|-damage|p1a: Corviknight|75/100|[from] Stealth Rock
|-ability|p1a: Corviknight|Pressure
|move|p2a: Garchomp|Earthquake|p1a: Corviknight
|-immune|p1a: Corviknight
|
|-weather|RainDance|[upkeep]
|-heal|p2a: Garchomp|51/100|[from] item: Leftovers
|upkeep
|turn|56
|
|t:|1667813087
|move|p2a: Garchomp|Swords Dance|p2a: Garchomp
|-boost|p2a: Garchomp|atk|2
|move|p1a: Corviknight|Defog|p2a: Garchomp
|-unboost|p2a: Garchomp|evasion|1
|-sideend|p1: BTLT200$ SF'|Stealth Rock|[from] move: Defog|[of] p1a: Corviknight
|
|-weather|none
|-heal|p2a: Garchomp|57/100|[from] item: Leftovers
|upkeep
|turn|57
|
|t:|1667813091
|switch|p1a: Tornadus|Tornadus-Therian, M|80/100
|move|p2a: Garchomp|Stealth Rock|p1a: Tornadus
|-sidestart|p1: BTLT200$ SF'|move: Stealth Rock
|
|-heal|p2a: Garchomp|64/100|[from] item: Leftovers
|upkeep
|turn|58
|j| SatorinKomeiji
|
|t:|1667813099
|move|p1a: Tornadus|Toxic|p2a: Garchomp
|-status|p2a: Garchomp|tox
|move|p2a: Garchomp|Aqua Tail|p1a: Tornadus
|-damage|p1a: Tornadus|20/100
|
|-heal|p2a: Garchomp|70/100 tox|[from] item: Leftovers
|-damage|p2a: Garchomp|64/100 tox|[from] psn
|upkeep
|turn|59
|j| cypherstest
|
|t:|1667813104
|switch|p1a: Clefable|Clefable, F|100/100
|-damage|p1a: Clefable|88/100|[from] Stealth Rock
|switch|p2a: Pelipper|Pelipper, M|14/100 brn
|-weather|RainDance|[from] ability: Drizzle|[of] p2a: Pelipper
|
|-weather|RainDance|[upkeep]
|-heal|p1a: Clefable|94/100|[from] item: Leftovers
|-damage|p2a: Pelipper|8/100 brn|[from] brn
|upkeep
|turn|60
|l| IIIodyne
|j| IIIodyne
|
|t:|1667813119
|switch|p2a: Ferrothorn|Ferrothorn, F|39/100
|move|p1a: Clefable|Moonblast|p2a: Ferrothorn
|-resisted|p2a: Ferrothorn
|-damage|p2a: Ferrothorn|26/100
|-unboost|p2a: Ferrothorn|spa|1
|
|-weather|RainDance|[upkeep]
|-heal|p1a: Clefable|99/100|[from] item: Leftovers
|upkeep
|turn|61
|
|t:|1667813123
|switch|p1a: Corviknight|Corviknight, M|75/100
|-damage|p1a: Corviknight|63/100|[from] Stealth Rock
|-ability|p1a: Corviknight|Pressure
|move|p2a: Ferrothorn|Spikes|p1a: Corviknight
|-sidestart|p1: BTLT200$ SF'|Spikes
|
|-weather|RainDance|[upkeep]
|upkeep
|turn|62
|
|t:|1667813126
|move|p1a: Corviknight|Defog|p2a: Ferrothorn
|-unboost|p2a: Ferrothorn|evasion|1
|-sideend|p1: BTLT200$ SF'|Spikes|[from] move: Defog|[of] p1a: Corviknight
|-sideend|p1: BTLT200$ SF'|Stealth Rock|[from] move: Defog|[of] p1a: Corviknight
|move|p2a: Ferrothorn|Leech Seed|p1a: Corviknight
|-start|p1a: Corviknight|move: Leech Seed
|
|-weather|RainDance|[upkeep]
|-damage|p1a: Corviknight|50/100|[from] Leech Seed|[of] p2a: Ferrothorn
|-heal|p2a: Ferrothorn|40/100|[silent]
|upkeep
|turn|63
|
|t:|1667813135
|switch|p1a: Tornadus|Tornadus-Therian, M|53/100
|move|p2a: Ferrothorn|Leech Seed|p1a: Tornadus
|-start|p1a: Tornadus|move: Leech Seed
|
|-weather|none
|-damage|p1a: Tornadus|40/100|[from] Leech Seed|[of] p2a: Ferrothorn
|-heal|p2a: Ferrothorn|53/100|[silent]
|upkeep
|turn|64
|
|t:|1667813141
|switch|p1a: Corviknight|Corviknight, M|50/100
|-ability|p1a: Corviknight|Pressure
|switch|p2a: Garchomp|Garchomp, M|64/100 tox
|
|-heal|p2a: Garchomp|70/100 tox|[from] item: Leftovers
|-damage|p2a: Garchomp|64/100 tox|[from] psn
|upkeep
|turn|65
|
|t:|1667813146
|move|p2a: Garchomp|Aqua Tail|p1a: Corviknight
|-damage|p1a: Corviknight|32/100
|move|p1a: Corviknight|Roost|p1a: Corviknight
|-heal|p1a: Corviknight|82/100
|-singleturn|p1a: Corviknight|move: Roost
|
|-heal|p2a: Garchomp|70/100 tox|[from] item: Leftovers
|-damage|p2a: Garchomp|57/100 tox|[from] psn
|upkeep
|turn|66
|j| g2 fyssure
|
|t:|1667813156
|switch|p2a: Pelipper|Pelipper, M|8/100 brn
|-weather|RainDance|[from] ability: Drizzle|[of] p2a: Pelipper
|move|p1a: Corviknight|Body Press|p2a: Pelipper
|-resisted|p2a: Pelipper
|-damage|p2a: Pelipper|0 fnt
|faint|p2a: Pelipper
|
|-weather|RainDance|[upkeep]
|upkeep
|j| SatelliteFifteen
|
|t:|1667813161
|switch|p2a: Barraskewda|Barraskewda, M|100/100
|turn|67
|
|t:|1667813171
|switch|p2a: Ferrothorn|Ferrothorn, F|53/100
|switch|p1a: Shedinja|Shedinja|100/100
|
|-weather|RainDance|[upkeep]
|upkeep
|turn|68
|
|t:|1667813182
|switch|p1a: Tornadus|Tornadus-Therian, M|73/100
|move|p2a: Ferrothorn|Leech Seed|p1a: Tornadus|[miss]
|-miss|p2a: Ferrothorn|p1a: Tornadus
|
|-weather|RainDance|[upkeep]
|upkeep
|turn|69
|
|t:|1667813186
|switch|p1a: Corviknight|Corviknight, M|82/100
|-ability|p1a: Corviknight|Pressure
|move|p2a: Ferrothorn|Leech Seed|p1a: Corviknight
|-start|p1a: Corviknight|move: Leech Seed
|
|-weather|RainDance|[upkeep]
|-damage|p1a: Corviknight|69/100|[from] Leech Seed|[of] p2a: Ferrothorn
|-heal|p2a: Ferrothorn|67/100|[silent]
|upkeep
|turn|70
|
|t:|1667813191
|switch|p1a: Tornadus|Tornadus-Therian, M|100/100
|move|p2a: Ferrothorn|Leech Seed|p1a: Tornadus
|-start|p1a: Tornadus|move: Leech Seed
|
|-weather|none
|-damage|p1a: Tornadus|88/100|[from] Leech Seed|[of] p2a: Ferrothorn
|-heal|p2a: Ferrothorn|80/100|[silent]
|upkeep
|turn|71
|
|t:|1667813196
|switch|p1a: Corviknight|Corviknight, M|69/100
|-ability|p1a: Corviknight|Pressure
|switch|p2a: Porygon-Z|Porygon-Z|100/100
|-ability|p2a: Porygon-Z|Download|boost
|-boost|p2a: Porygon-Z|spa|1
|
|upkeep
|turn|72
|
|t:|1667813205
|switch|p2a: Ferrothorn|Ferrothorn, F|80/100
|switch|p1a: Shedinja|Shedinja|100/100
|
|upkeep
|turn|73
|
|t:|1667813224
|switch|p1a: Corviknight|Corviknight, M|69/100
|-ability|p1a: Corviknight|Pressure
|move|p2a: Ferrothorn|Knock Off|p1a: Corviknight
|-damage|p1a: Corviknight|61/100
|
|upkeep
|turn|74
|
|t:|1667813232
|switch|p2a: Porygon-Z|Porygon-Z|100/100
|-ability|p2a: Porygon-Z|Download|boost
|-boost|p2a: Porygon-Z|spa|1
|move|p1a: Corviknight|Roost|p1a: Corviknight
|-heal|p1a: Corviknight|100/100
|-singleturn|p1a: Corviknight|move: Roost
|
|upkeep
|turn|75
|
|t:|1667813242
|switch|p2a: Ferrothorn|Ferrothorn, F|80/100
|switch|p1a: Shedinja|Shedinja|100/100
|
|upkeep
|turn|76
|
|t:|1667813247
|switch|p1a: Corviknight|Corviknight, M|100/100
|-ability|p1a: Corviknight|Pressure
|move|p2a: Ferrothorn|Spikes|p1a: Corviknight
|-sidestart|p1: BTLT200$ SF'|Spikes
|
|upkeep
|turn|77
|
|t:|1667813261
|switch|p2a: Porygon-Z|Porygon-Z|100/100
|-ability|p2a: Porygon-Z|Download|boost
|-boost|p2a: Porygon-Z|spa|1
|move|p1a: Corviknight|Defog|p2a: Porygon-Z
|-unboost|p2a: Porygon-Z|evasion|1
|-sideend|p1: BTLT200$ SF'|Spikes|[from] move: Defog|[of] p1a: Corviknight
|
|upkeep
|turn|78
|
|t:|1667813277
|switch|p2a: Ferrothorn|Ferrothorn, F|80/100
|switch|p1a: Shedinja|Shedinja|100/100
|
|upkeep
|turn|79
|
|t:|1667813282
|switch|p1a: Tornadus|Tornadus-Therian, M|100/100
|switch|p2a: Porygon-Z|Porygon-Z|100/100
|-ability|p2a: Porygon-Z|Download|boost
|-boost|p2a: Porygon-Z|spa|1
|
|upkeep
|turn|80
|j| Dunsparcius sweep
|
|t:|1667813299
|switch|p1a: Shedinja|Shedinja|100/100
|move|p2a: Porygon-Z|Thunderbolt|p1a: Shedinja
|-immune|p1a: Shedinja|[from] ability: Wonder Guard
|
|upkeep
|turn|81
|c|☆BTLT200$ SF'|gg
|
|t:|1667813305
|switch|p2a: Garchomp|Garchomp, M|57/100 tox
|move|p1a: Shedinja|Will-O-Wisp|p2a: Garchomp|[miss]
|-miss|p1a: Shedinja|p2a: Garchomp
|
|-heal|p2a: Garchomp|64/100 tox|[from] item: Leftovers
|-damage|p2a: Garchomp|57/100 tox|[from] psn
|upkeep
|turn|82
|
|t:|1667813315
|switch|p2a: Porygon-Z|Porygon-Z|100/100
|-ability|p2a: Porygon-Z|Download|boost
|-boost|p2a: Porygon-Z|spa|1
|switch|p1a: Tornadus|Tornadus-Therian, M|100/100
|
|upkeep
|turn|83
|
|t:|1667813322
|switch|p1a: Shedinja|Shedinja|100/100
|switch|p2a: Ferrothorn|Ferrothorn, F|80/100
|
|upkeep
|turn|84
|
|t:|1667813332
|switch|p1a: Tornadus|Tornadus-Therian, M|100/100
|switch|p2a: Porygon-Z|Porygon-Z|100/100
|-ability|p2a: Porygon-Z|Download|boost
|-boost|p2a: Porygon-Z|spa|1
|
|upkeep
|turn|85
|
|t:|1667813351
|switch|p1a: Shedinja|Shedinja|100/100
|switch|p2a: Ferrothorn|Ferrothorn, F|80/100
|
|upkeep
|turn|86
|
|t:|1667813368
|switch|p1a: Tornadus|Tornadus-Therian, M|100/100
|switch|p2a: Garchomp|Garchomp, M|57/100 tox
|
|-heal|p2a: Garchomp|64/100 tox|[from] item: Leftovers
|-damage|p2a: Garchomp|57/100 tox|[from] psn
|upkeep
|turn|87
|
|t:|1667813378
|move|p1a: Tornadus|Knock Off|p2a: Garchomp
|-damage|p2a: Garchomp|37/100 tox
|-damage|p1a: Tornadus|88/100|[from] ability: Rough Skin|[of] p2a: Garchomp
|-enditem|p2a: Garchomp|Leftovers|[from] move: Knock Off|[of] p1a: Tornadus
|move|p2a: Garchomp|Stealth Rock|p1a: Tornadus
|-sidestart|p1: BTLT200$ SF'|move: Stealth Rock
|
|-damage|p2a: Garchomp|24/100 tox|[from] psn
|upkeep
|turn|88
|
|t:|1667813382
|move|p1a: Tornadus|Defog|p2a: Garchomp
|-unboost|p2a: Garchomp|evasion|1
|-sideend|p1: BTLT200$ SF'|Stealth Rock|[from] move: Defog|[of] p1a: Tornadus
|move|p2a: Garchomp|Swords Dance|p2a: Garchomp
|-boost|p2a: Garchomp|atk|2
|
|-damage|p2a: Garchomp|6/100 tox|[from] psn
|upkeep
|turn|89
|
|t:|1667813388
|move|p1a: Tornadus|Knock Off|p2a: Garchomp
|-damage|p2a: Garchomp|0 fnt
|-damage|p1a: Tornadus|76/100|[from] ability: Rough Skin|[of] p2a: Garchomp
|faint|p2a: Garchomp
|
|upkeep
|
|t:|1667813396
|switch|p2a: Porygon-Z|Porygon-Z|100/100
|-ability|p2a: Porygon-Z|Download|boost
|-boost|p2a: Porygon-Z|spa|1
|turn|90
|
|t:|1667813401
|switch|p1a: Shedinja|Shedinja|100/100
|switch|p2a: Ferrothorn|Ferrothorn, F|80/100
|
|upkeep
|turn|91
|
|t:|1667813408
|switch|p1a: Tornadus|Tornadus-Therian, M|100/100
|switch|p2a: Porygon-Z|Porygon-Z|100/100
|-ability|p2a: Porygon-Z|Download|boost
|-boost|p2a: Porygon-Z|spa|1
|
|upkeep
|turn|92
|
|t:|1667813436
|switch|p1a: Shedinja|Shedinja|100/100
|switch|p2a: Ferrothorn|Ferrothorn, F|80/100
|
|upkeep
|turn|93
|
|t:|1667813444
|switch|p1a: Tornadus|Tornadus-Therian, M|100/100
|move|p2a: Ferrothorn|Leech Seed|p1a: Tornadus
|-start|p1a: Tornadus|move: Leech Seed
|
|-damage|p1a: Tornadus|88/100|[from] Leech Seed|[of] p2a: Ferrothorn
|-heal|p2a: Ferrothorn|93/100|[silent]
|upkeep
|turn|94
|inactive|BTLT200$ SF' has 120 seconds left.
|
|t:|1667813458
|switch|p2a: Porygon-Z|Porygon-Z|100/100
|-ability|p2a: Porygon-Z|Download|boost
|-boost|p2a: Porygon-Z|spa|1
|move|p1a: Tornadus|Heat Wave|p2a: Porygon-Z
|-damage|p2a: Porygon-Z|68/100
|
|-damage|p1a: Tornadus|76/100|[from] Leech Seed|[of] p2a: Porygon-Z
|-heal|p2a: Porygon-Z|82/100|[silent]
|upkeep
|turn|95
|
|t:|1667813467
|switch|p1a: Shedinja|Shedinja|100/100
|switch|p2a: Ferrothorn|Ferrothorn, F|93/100
|
|upkeep
|turn|96
|
|t:|1667813476
|switch|p1a: Tornadus|Tornadus-Therian, M|100/100
|switch|p2a: Tapu Lele|Tapu Lele|71/100
|-fieldstart|move: Psychic Terrain|[from] ability: Psychic Surge|[of] p2a: Tapu Lele
|
|upkeep
|turn|97
|
|t:|1667813489
|switch|p2a: Ferrothorn|Ferrothorn, F|93/100
|move|p1a: Tornadus|Toxic|p2a: Ferrothorn
|-immune|p2a: Ferrothorn
|
|upkeep
|turn|98
|
|t:|1667813492
|switch|p2a: Porygon-Z|Porygon-Z|82/100
|-ability|p2a: Porygon-Z|Download|boost
|-boost|p2a: Porygon-Z|spa|1
|move|p1a: Tornadus|Heat Wave|p2a: Porygon-Z
|-damage|p2a: Porygon-Z|48/100
|
|upkeep
|turn|99
|
|t:|1667813497
|switch|p1a: Shedinja|Shedinja|100/100
|switch|p2a: Ferrothorn|Ferrothorn, F|93/100
|
|upkeep
|turn|100
|l| Dunsparcius sweep
|j| Dunsparcius sweep
|l| cypherstest
|inactive|wzt123 has 120 seconds left.
|l| g2 fyssure
|
|t:|1667813528
|switch|p1a: Tornadus|Tornadus-Therian, M|100/100
|switch|p2a: Porygon-Z|Porygon-Z|48/100
|-ability|p2a: Porygon-Z|Download|boost
|-boost|p2a: Porygon-Z|spa|1
|
|-fieldend|move: Psychic Terrain
|upkeep
|turn|101
|inactive|wzt123 has 120 seconds left.
|
|t:|1667813535
|switch|p1a: Shedinja|Shedinja|100/100
|switch|p2a: Ferrothorn|Ferrothorn, F|93/100
|
|upkeep
|turn|102
|inactive|wzt123 has 120 seconds left.
|c|☆BTLT200$ SF'|why are you even trying man ?
|c|☆BTLT200$ SF'|you're gonna lose anyway
|
|t:|1667813548
|switch|p1a: Tornadus|Tornadus-Therian, M|100/100
|switch|p2a: Porygon-Z|Porygon-Z|48/100
|-ability|p2a: Porygon-Z|Download|boost
|-boost|p2a: Porygon-Z|spa|1
|
|upkeep
|turn|103
|inactive|wzt123 has 120 seconds left.
|
|t:|1667813559
|switch|p1a: Shedinja|Shedinja|100/100
|switch|p2a: Ferrothorn|Ferrothorn, F|93/100
|
|upkeep
|turn|104
|
|t:|1667813564
|switch|p1a: Tornadus|Tornadus-Therian, M|100/100
|switch|p2a: Porygon-Z|Porygon-Z|48/100
|-ability|p2a: Porygon-Z|Download|boost
|-boost|p2a: Porygon-Z|spa|1
|
|upkeep
|turn|105
|
|t:|1667813571
|switch|p1a: Shedinja|Shedinja|100/100
|switch|p2a: Ferrothorn|Ferrothorn, F|93/100
|
|upkeep
|turn|106
|c| SatelliteFifteen|Bringing shed stall then complaining about going to turn 100 is just insanity
|c| SatelliteFifteen|you brought this upon yourself
|
|t:|1667813582
|switch|p1a: Tornadus|Tornadus-Therian, M|100/100
|switch|p2a: Porygon-Z|Porygon-Z|48/100
|-ability|p2a: Porygon-Z|Download|boost
|-boost|p2a: Porygon-Z|spa|1
|
|upkeep
|turn|107
|
|t:|1667813586
|switch|p1a: Garchomp|Garchomp, F|100/100
|switch|p2a: Ferrothorn|Ferrothorn, F|93/100
|
|upkeep
|turn|108
|
|t:|1667813597
|switch|p2a: Barraskewda|Barraskewda, M|100/100
|move|p1a: Garchomp|Fire Fang|p2a: Barraskewda
|-resisted|p2a: Barraskewda
|-damage|p2a: Barraskewda|75/100
|
|upkeep
|turn|109
|
|t:|1667813603
|switch|p1a: Shedinja|Shedinja|100/100
|move|p2a: Barraskewda|Ice Fang|p1a: Shedinja
|-immune|p1a: Shedinja|[from] ability: Wonder Guard
|
|upkeep
|turn|110
|
|t:|1667813606
|move|p2a: Barraskewda|Ice Fang|p1a: Shedinja
|-immune|p1a: Shedinja|[from] ability: Wonder Guard
|move|p1a: Shedinja|Will-O-Wisp|p2a: Barraskewda|[miss]
|-miss|p1a: Shedinja|p2a: Barraskewda
|
|upkeep
|turn|111
|inactive|wzt123 has 120 seconds left.
|
|t:|1667813611
|switch|p2a: Ferrothorn|Ferrothorn, F|93/100
|move|p1a: Shedinja|Will-O-Wisp|p2a: Ferrothorn
|-status|p2a: Ferrothorn|brn
|
|-damage|p2a: Ferrothorn|87/100 brn|[from] brn
|upkeep
|turn|112
|inactive|wzt123 has 120 seconds left.
|
|t:|1667813619
|switch|p1a: Corviknight|Corviknight, M|100/100
|-ability|p1a: Corviknight|Pressure
|switch|p2a: Porygon-Z|Porygon-Z|48/100
|-ability|p2a: Porygon-Z|Download|boost
|-boost|p2a: Porygon-Z|spa|1
|
|upkeep
|turn|113
|inactive|wzt123 has 120 seconds left.
|
|t:|1667813632
|switch|p2a: Ferrothorn|Ferrothorn, F|87/100 brn
|switch|p1a: Shedinja|Shedinja|100/100
|
|-damage|p2a: Ferrothorn|81/100 brn|[from] brn
|upkeep
|turn|114
|
|t:|1667813637
|switch|p1a: Tornadus|Tornadus-Therian, M|100/100
|switch|p2a: Porygon-Z|Porygon-Z|48/100
|-ability|p2a: Porygon-Z|Download|boost
|-boost|p2a: Porygon-Z|spa|1
|
|upkeep
|turn|115
|inactive|wzt123 has 120 seconds left.
|
|t:|1667813649
|switch|p1a: Shedinja|Shedinja|100/100
|move|p2a: Porygon-Z|Ice Beam|p1a: Shedinja
|-immune|p1a: Shedinja|[from] ability: Wonder Guard
|
|upkeep
|turn|116
|-message|wzt123 forfeited.
|
|win|BTLT200$ SF'
|n|☆BTLT200$ SF'|btlt200sf
|n|☆wzt123|wzt123
|n| FirstRedMoon|firstredmoon
|n| aursnes|aursnes
|n| SatorinKomeiji|satorinkomeiji
|n| IIIodyne|iiiodyne
|n| SatelliteFifteen|satellitefifteen
|n| Dunsparcius sweep|dunsparciussweep
|l|☆BTLT200$ SF'
|c|☆wzt123|gg
|l| aursnes
