|raw|<div class="broadcast-blue"><strong>This battle is required to be public due to a player having a name starting with 'lt91bb'.</div>
|j|☆Friends is ghosts
|j|☆LT91BB Storm
|t:|1659579685
|gametype|singles
|player|p1|Friends is ghosts|266|2126
|player|p2|LT91BB Storm|#wcop2021latinamerica|2130
|teamsize|p1|6
|teamsize|p2|6
|gen|8
|tier|[Gen 8] OU
|rated|
|rule|Sleep Clause Mod: Limit one foe put to sleep
|rule|Species Clause: Limit one of each Pokémon
|rule|OHKO Clause: OHKO moves are banned
|rule|Evasion Items Clause: Evasion items are banned
|rule|Evasion Moves Clause: Evasion moves are banned
|rule|Endless Battle Clause: Forcing endless battles is banned
|rule|HP Percentage Mod: HP is shown in percentages
|rule|Dynamax Clause: You cannot dynamax
|clearpoke
|poke|p1|Clefable, M|
|poke|p1|Rillaboom, M|
|poke|p1|Gastrodon, M|
|poke|p1|Heatran, M|
|poke|p1|Zapdos|
|poke|p1|Melmetal|
|poke|p2|Dragapult, M|
|poke|p2|Heatran, M|
|poke|p2|Kartana|
|poke|p2|Rillaboom, M|
|poke|p2|Zapdos|
|poke|p2|Zeraora|
|teampreview
|c|☆LT91BB Storm|Hfhf
|j| LT91BB LA BOMBA
|c|☆Friends is ghosts|u2
|l| LT91BB LA BOMBA
|
|t:|1659579709
|start
|switch|p1a: Zapdos|Zapdos|100/100
|switch|p2a: Leviathan|Dragapult, M, shiny|100/100
|turn|1
|j| LT_Alt1
|j| LT91BB Trunx
|
|t:|1659579717
|switch|p1a: Gastrodon|Gastrodon, M|100/100
|move|p2a: Leviathan|Shadow Ball|p1a: Gastrodon
|-damage|p1a: Gastrodon|63/100
|
|-heal|p1a: Gastrodon|69/100|[from] item: Leftovers
|upkeep
|turn|2
|
|t:|1659579724
|move|p2a: Leviathan|Shadow Ball|p1a: Gastrodon
|-damage|p1a: Gastrodon|32/100
|move|p1a: Gastrodon|Recover|p1a: Gastrodon
|-heal|p1a: Gastrodon|82/100
|
|-heal|p1a: Gastrodon|89/100|[from] item: Leftovers
|upkeep
|turn|3
|j| lt91bbez
|j| Reigen shishou
|j| noudle soop
|j| Nick.see
|j| America's Youth
|j| maeve68
|
|t:|1659579731
|switch|p2a: Chaos|Heatran, M, shiny|100/100
|move|p1a: Gastrodon|Scald|p2a: Chaos
|-supereffective|p2a: Chaos
|-damage|p2a: Chaos|57/100
|
|-heal|p2a: Chaos|63/100|[from] item: Leftovers
|-heal|p1a: Gastrodon|95/100|[from] item: Leftovers
|upkeep
|turn|4
|j| el cinderaceo
|j| Great Serpent
|j| LT91BB Tace
|j| LT91BB Originality
|j| MANNAT!
|j| passthatj
|
|t:|1659579735
|move|p2a: Chaos|Protect|p2a: Chaos
|-singleturn|p2a: Chaos|Protect
|move|p1a: Gastrodon|Earth Power|p2a: Chaos
|-activate|p2a: Chaos|move: Protect
|
|-heal|p2a: Chaos|69/100|[from] item: Leftovers
|-heal|p1a: Gastrodon|100/100|[from] item: Leftovers
|upkeep
|turn|5
|
|t:|1659579739
|switch|p2a: Kong|Rillaboom, M, shiny|100/100
|-fieldstart|move: Grassy Terrain|[from] ability: Grassy Surge|[of] p2a: Kong
|move|p1a: Gastrodon|Scald|p2a: Kong
|-resisted|p2a: Kong
|-crit|p2a: Kong
|-damage|p2a: Kong|80/100
|
|-heal|p2a: Kong|87/100|[from] Grassy Terrain
|-heal|p2a: Kong|93/100|[from] item: Leftovers
|upkeep
|turn|6
|j| Ernstbusch
|j| drphdbj
|
|t:|1659579744
|move|p2a: Kong|Knock Off|p1a: Gastrodon
|-damage|p1a: Gastrodon|61/100
|-enditem|p1a: Gastrodon|Leftovers|[from] move: Knock Off|[of] p2a: Kong
|move|p1a: Gastrodon|Scald|p2a: Kong
|-resisted|p2a: Kong
|-damage|p2a: Kong|78/100
|
|-heal|p2a: Kong|85/100|[from] Grassy Terrain
|-heal|p2a: Kong|91/100|[from] item: Leftovers
|-heal|p1a: Gastrodon|67/100|[from] Grassy Terrain
|upkeep
|turn|7
|
|t:|1659579750
|move|p2a: Kong|Knock Off|p1a: Gastrodon
|-damage|p1a: Gastrodon|45/100
|move|p1a: Gastrodon|Scald|p2a: Kong
|-resisted|p2a: Kong
|-damage|p2a: Kong|75/100
|-status|p2a: Kong|brn
|
|-heal|p2a: Kong|82/100 brn|[from] Grassy Terrain
|-heal|p2a: Kong|88/100 brn|[from] item: Leftovers
|-heal|p1a: Gastrodon|51/100|[from] Grassy Terrain
|-damage|p2a: Kong|82/100 brn|[from] brn
|upkeep
|turn|8
|j| arbok13
|j| abab rhyme
|j| snaga
|j| LT91BB ScarW
|
|t:|1659579760
|switch|p1a: Melmetal|Melmetal|100/100
|move|p2a: Kong|Grassy Glide|p1a: Melmetal
|-resisted|p1a: Melmetal
|-damage|p1a: Melmetal|93/100
|
|-heal|p2a: Kong|88/100 brn|[from] Grassy Terrain
|-heal|p2a: Kong|94/100 brn|[from] item: Leftovers
|-heal|p1a: Melmetal|99/100|[from] Grassy Terrain
|-heal|p1a: Melmetal|100/100|[from] item: Leftovers
|-damage|p2a: Kong|88/100 brn|[from] brn
|upkeep
|turn|9
|j| Shawazu Mizumi
|j| CB Bhris Breezy
|
|t:|1659579767
|move|p2a: Kong|Knock Off|p1a: Melmetal
|-damage|p1a: Melmetal|90/100
|-enditem|p1a: Melmetal|Leftovers|[from] move: Knock Off|[of] p2a: Kong
|move|p1a: Melmetal|Earthquake|p2a: Kong
|-resisted|p2a: Kong
|-crit|p2a: Kong
|-damage|p2a: Kong|74/100 brn
|
|-heal|p2a: Kong|80/100 brn|[from] Grassy Terrain
|-heal|p2a: Kong|86/100 brn|[from] item: Leftovers
|-heal|p1a: Melmetal|96/100|[from] Grassy Terrain
|-damage|p2a: Kong|80/100 brn|[from] brn
|-fieldend|move: Grassy Terrain
|upkeep
|turn|10
|j| LT91BB xray
|
|t:|1659579771
|switch|p2a: Byakko|Zapdos, shiny|100/100
|switch|p1a: Gastrodon|Gastrodon, M|51/100
|
|upkeep
|turn|11
|l| LT91BB ScarW
|j| 3d
|
|t:|1659579773
|move|p2a: Byakko|Hurricane|p1a: Gastrodon
|-damage|p1a: Gastrodon|13/100
|-start|p1a: Gastrodon|confusion
|-activate|p1a: Gastrodon|confusion
|move|p1a: Gastrodon|Recover|p1a: Gastrodon
|-heal|p1a: Gastrodon|63/100
|
|upkeep
|turn|12
|j| dragonitenb
|
|t:|1659579777
|move|p2a: Byakko|Hurricane|p1a: Gastrodon
|-damage|p1a: Gastrodon|27/100
|-activate|p1a: Gastrodon|confusion
|-damage|p1a: Gastrodon|21/100|[from] confusion
|
|upkeep
|turn|13
|j| Harrocross
|j| gen 3 OFOV
|j| Master 8 leon
|j| LUUK DE GOD
|
|t:|1659579782
|switch|p1a: Heatran|Heatran, M|100/100
|move|p2a: Byakko|Hurricane|p1a: Heatran
|-resisted|p1a: Heatran
|-damage|p1a: Heatran|82/100
|
|-heal|p1a: Heatran|89/100|[from] item: Leftovers
|upkeep
|turn|14
|j| adv main
|j| Momentary Life
|
|t:|1659579787
|move|p2a: Byakko|Volt Switch|p1a: Heatran
|-damage|p1a: Heatran|64/100
|
|t:|1659579789
|switch|p2a: Leviathan|Dragapult, M, shiny|100/100|[from]move: Volt Switch
|move|p1a: Heatran|Stealth Rock|p2a: Leviathan
|-sidestart|p2: LT91BB Storm|move: Stealth Rock
|
|-heal|p1a: Heatran|71/100|[from] item: Leftovers
|upkeep
|turn|15
|l| el cinderaceo
|
|t:|1659579793
|move|p2a: Leviathan|Shadow Ball|p1a: Heatran
|-damage|p1a: Heatran|35/100
|move|p1a: Heatran|Toxic|p2a: Leviathan|[miss]
|-miss|p1a: Heatran|p2a: Leviathan
|
|-heal|p1a: Heatran|41/100|[from] item: Leftovers
|upkeep
|turn|16
|j| DrasticLightning
|
|t:|1659579798
|move|p2a: Leviathan|Shadow Ball|p1a: Heatran
|-damage|p1a: Heatran|4/100
|move|p1a: Heatran|Toxic|p2a: Leviathan
|-status|p2a: Leviathan|tox
|
|-heal|p1a: Heatran|11/100|[from] item: Leftovers
|-damage|p2a: Leviathan|95/100 tox|[from] psn
|upkeep
|turn|17
|j| LT91BB LA BOMBA
|l| lt91bbez
|j| skytownwave
|j| LT91BB Xxtarlit
|
|t:|1659579806
|switch|p1a: Melmetal|Melmetal|96/100
|move|p2a: Leviathan|Shadow Ball|p1a: Melmetal
|-damage|p1a: Melmetal|46/100
|-unboost|p1a: Melmetal|spd|1
|
|-damage|p2a: Leviathan|83/100 tox|[from] psn
|upkeep
|turn|18
|j|+AM
|j| diamond rings
|j| anique
|
|t:|1659579811
|move|p1a: Melmetal|Protect|p1a: Melmetal
|-singleturn|p1a: Melmetal|Protect
|move|p2a: Leviathan|Shadow Ball|p1a: Melmetal
|-activate|p1a: Melmetal|move: Protect
|
|-damage|p2a: Leviathan|65/100 tox|[from] psn
|upkeep
|turn|19
|
|t:|1659579816
|move|p1a: Melmetal|Protect|p1a: Melmetal
|-singleturn|p1a: Melmetal|Protect
|move|p2a: Leviathan|Shadow Ball|p1a: Melmetal
|-activate|p1a: Melmetal|move: Protect
|
|-damage|p2a: Leviathan|41/100 tox|[from] psn
|upkeep
|turn|20
|j| aquavanilla
|c| DrasticLightning|lol
|
|t:|1659579823
|move|p1a: Melmetal|Protect||[still]
|-fail|p1a: Melmetal
|move|p2a: Leviathan|Shadow Ball|p1a: Melmetal
|-damage|p1a: Melmetal|0 fnt
|faint|p1a: Melmetal
|
|-damage|p2a: Leviathan|11/100 tox|[from] psn
|upkeep
|j| atvin
|j| adf2❤
|j| lt91bb star
|l| LT91BB Xxtarlit
|j| el cinderaceo
|j| egal★vanc
|j| LT91BB Senku
|
|t:|1659579840
|switch|p1a: Zapdos|Zapdos|100/100
|turn|21
|j| CutePokesOnly
|
|t:|1659579846
|switch|p2a: Zephyr|Zeraora, shiny|100/100
|switch|p1a: Heatran|Heatran, M|11/100
|
|-heal|p1a: Heatran|17/100|[from] item: Leftovers
|upkeep
|turn|22
|j| Plasmeek
|
|t:|1659579853
|switch|p1a: Rillaboom|Rillaboom, M|100/100
|-fieldstart|move: Grassy Terrain|[from] ability: Grassy Surge|[of] p1a: Rillaboom
|move|p2a: Zephyr|Knock Off|p1a: Rillaboom
|-damage|p1a: Rillaboom|68/100
|-enditem|p1a: Rillaboom|Leftovers|[from] move: Knock Off|[of] p2a: Zephyr
|
|-heal|p1a: Rillaboom|74/100|[from] Grassy Terrain
|upkeep
|turn|23
|j| GAYLAGAYLA
|
|t:|1659579858
|move|p2a: Zephyr|Blaze Kick|p1a: Rillaboom
|-supereffective|p1a: Rillaboom
|-damage|p1a: Rillaboom|17/100
|move|p1a: Rillaboom|Swords Dance|p1a: Rillaboom
|-boost|p1a: Rillaboom|atk|2
|
|-heal|p1a: Rillaboom|23/100|[from] Grassy Terrain
|upkeep
|turn|24
|
|t:|1659579867
|switch|p2a: Leviathan|Dragapult, M, shiny|11/100 tox
|-damage|p2a: Leviathan|0 fnt|[from] Stealth Rock
|faint|p2a: Leviathan
|move|p1a: Rillaboom|Swords Dance|p1a: Rillaboom
|-boost|p1a: Rillaboom|atk|2
|
|-heal|p1a: Rillaboom|29/100|[from] Grassy Terrain
|upkeep
|j| rarre
|
|t:|1659579871
|switch|p2a: Deathstroke|Kartana, shiny|100/100
|-damage|p2a: Deathstroke|94/100|[from] Stealth Rock
|turn|25
|j| Referrals
|j| hiye 3x cup winner
|l| el cinderaceo
|
|t:|1659579883
|switch|p1a: Zapdos|Zapdos|100/100
|move|p2a: Deathstroke|Leaf Blade|p1a: Zapdos
|-resisted|p1a: Zapdos
|-crit|p1a: Zapdos
|-damage|p1a: Zapdos|47/100
|-status|p2a: Deathstroke|par|[from] ability: Static|[of] p1a: Zapdos
|
|-heal|p2a: Deathstroke|100/100 par|[from] Grassy Terrain
|upkeep
|turn|26
|j| Lance's Time
|c| hiye 3x cup winner|hello.
|j| jhehehehe
|
|t:|1659579891
|switch|p2a: Zephyr|Zeraora, shiny|100/100
|move|p1a: Zapdos|Hurricane|p2a: Zephyr
|-resisted|p2a: Zephyr
|-damage|p2a: Zephyr|66/100
|
|-heal|p2a: Zephyr|72/100|[from] Grassy Terrain
|-fieldend|move: Grassy Terrain
|upkeep
|turn|27
|c| hiye 3x cup winner|my name is sayuze
|
|t:|1659579898
|move|p2a: Zephyr|Knock Off|p1a: Zapdos
|-damage|p1a: Zapdos|16/100
|-enditem|p1a: Zapdos|Heavy-Duty Boots|[from] move: Knock Off|[of] p2a: Zephyr
|move|p1a: Zapdos|Roost|p1a: Zapdos
|-heal|p1a: Zapdos|66/100
|-singleturn|p1a: Zapdos|move: Roost
|
|upkeep
|turn|28
|c| adf2❤|ok.
|
|t:|1659579904
|move|p2a: Zephyr|Plasma Fists|p1a: Zapdos
|-damage|p1a: Zapdos|20/100
|-fieldactivate|move: Ion Deluge
|-hint|Normal-type moves become Electric-type after using Plasma Fists.
|move|p1a: Zapdos|Roost|p1a: Zapdos
|-heal|p1a: Zapdos|70/100
|-singleturn|p1a: Zapdos|move: Roost
|
|upkeep
|turn|29
|c| skytownwave|hi sayuze
|c| hiye 3x cup winner|cone itchy wa
|
|t:|1659579912
|switch|p1a: Clefable|Clefable, M|100/100
|move|p2a: Zephyr|Toxic|p1a: Clefable
|-status|p1a: Clefable|tox
|
|upkeep
|turn|30
|c| skytownwave|do you know why blargh is locked
|c| hiye 3x cup winner|for bigotry
|c| 3d|because he doesnt have
|c| 3d|3 cups
|
|t:|1659579923
|move|p2a: Zephyr|Knock Off|p1a: Clefable
|-resisted|p1a: Clefable
|-damage|p1a: Clefable|88/100 tox
|-damage|p2a: Zephyr|56/100|[from] item: Rocky Helmet|[of] p1a: Clefable
|-enditem|p1a: Clefable|Rocky Helmet|[from] move: Knock Off|[of] p2a: Zephyr
|move|p1a: Clefable|Knock Off|p2a: Zephyr
|-damage|p2a: Zephyr|36/100
|-enditem|p2a: Zephyr|Heavy-Duty Boots|[from] move: Knock Off|[of] p1a: Clefable
|
|upkeep
|turn|31
|c| 3d|like hiye
|
|t:|1659579930
|move|p2a: Zephyr|Plasma Fists|p1a: Clefable
|-damage|p1a: Clefable|46/100 tox
|-fieldactivate|move: Ion Deluge
|-hint|Normal-type moves become Electric-type after using Plasma Fists.
|move|p1a: Clefable|Moonblast|p2a: Zephyr
|-damage|p2a: Zephyr|0 fnt
|faint|p2a: Zephyr
|
|upkeep
|
|t:|1659579932
|switch|p2a: Byakko|Zapdos, shiny|100/100
|turn|32
|j| Hockey1
|c| hiye 3x cup winner|he’s winless unfortunately
|
|t:|1659579943
|switch|p1a: Heatran|Heatran, M|17/100
|move|p2a: Byakko|Thunderbolt|p1a: Heatran
|-damage|p1a: Heatran|0 fnt
|faint|p1a: Heatran
|
|upkeep
|
|t:|1659579951
|switch|p1a: Zapdos|Zapdos|70/100
|turn|33
|
|t:|1659579954
|move|p2a: Byakko|Thunderbolt|p1a: Zapdos
|-damage|p1a: Zapdos|27/100
|move|p1a: Zapdos|Roost|p1a: Zapdos
|-heal|p1a: Zapdos|77/100
|-singleturn|p1a: Zapdos|move: Roost
|
|upkeep
|turn|34
|
|t:|1659579956
|move|p2a: Byakko|Thunderbolt|p1a: Zapdos
|-damage|p1a: Zapdos|34/100
|move|p1a: Zapdos|Roost|p1a: Zapdos
|-heal|p1a: Zapdos|84/100
|-singleturn|p1a: Zapdos|move: Roost
|
|upkeep
|turn|35
|j| el cinderaceo
|
|t:|1659579959
|move|p2a: Byakko|Thunderbolt|p1a: Zapdos
|-damage|p1a: Zapdos|43/100
|move|p1a: Zapdos|Roost|p1a: Zapdos
|-heal|p1a: Zapdos|93/100
|-singleturn|p1a: Zapdos|move: Roost
|
|upkeep
|turn|36
|
|t:|1659579961
|move|p2a: Byakko|Thunderbolt|p1a: Zapdos
|-damage|p1a: Zapdos|48/100
|move|p1a: Zapdos|Roost|p1a: Zapdos
|-heal|p1a: Zapdos|98/100
|-singleturn|p1a: Zapdos|move: Roost
|
|upkeep
|turn|37
|
|t:|1659579966
|move|p2a: Byakko|Thunderbolt|p1a: Zapdos
|-damage|p1a: Zapdos|54/100
|move|p1a: Zapdos|Volt Switch|p2a: Byakko
|-damage|p2a: Byakko|63/100
|l| Referrals
|
|t:|1659579981
|switch|p1a: Clefable|Clefable, M|46/100 tox|[from]move: Volt Switch
|
|upkeep
|turn|38
|
|t:|1659579983
|move|p2a: Byakko|Hurricane|p1a: Clefable
|-damage|p1a: Clefable|1/100 tox
|move|p1a: Clefable|Soft-Boiled|p1a: Clefable
|-heal|p1a: Clefable|51/100 tox
|
|upkeep
|turn|39
|
|t:|1659579990
|move|p2a: Byakko|Thunderbolt|p1a: Clefable
|-damage|p1a: Clefable|11/100 tox
|move|p1a: Clefable|Soft-Boiled|p1a: Clefable
|-heal|p1a: Clefable|61/100 tox
|
|upkeep
|turn|40
|
|t:|1659579992
|move|p2a: Byakko|Hurricane|p1a: Clefable
|-damage|p1a: Clefable|13/100 tox
|-start|p1a: Clefable|confusion
|-activate|p1a: Clefable|confusion
|move|p1a: Clefable|Soft-Boiled|p1a: Clefable
|-heal|p1a: Clefable|63/100 tox
|
|upkeep
|turn|41
|j| pu mainer lol
|l| Plasmeek
|
|t:|1659579996
|move|p2a: Byakko|Hurricane|p1a: Clefable|[miss]
|-miss|p2a: Byakko|p1a: Clefable
|-activate|p1a: Clefable|confusion
|-damage|p1a: Clefable|57/100 tox|[from] confusion
|
|upkeep
|turn|42
|
|t:|1659580000
|move|p2a: Byakko|Thunderbolt|p1a: Clefable
|-damage|p1a: Clefable|21/100 tox
|-activate|p1a: Clefable|confusion
|move|p1a: Clefable|Soft-Boiled|p1a: Clefable
|-heal|p1a: Clefable|71/100 tox
|
|upkeep
|turn|43
|
|t:|1659580002
|move|p2a: Byakko|Thunderbolt|p1a: Clefable
|-damage|p1a: Clefable|32/100 tox
|-end|p1a: Clefable|confusion
|move|p1a: Clefable|Soft-Boiled|p1a: Clefable
|-heal|p1a: Clefable|82/100 tox
|
|upkeep
|turn|44
|
|t:|1659580005
|move|p2a: Byakko|Volt Switch|p1a: Clefable
|-damage|p1a: Clefable|52/100 tox
|
|t:|1659580007
|switch|p2a: Chaos|Heatran, M, shiny|69/100|[from]move: Volt Switch
|-damage|p2a: Chaos|57/100|[from] Stealth Rock
|move|p1a: Clefable|Soft-Boiled|p1a: Clefable
|-heal|p1a: Clefable|100/100 tox
|
|-heal|p2a: Chaos|63/100|[from] item: Leftovers
|upkeep
|turn|45
|
|t:|1659580021
|move|p2a: Chaos|Lava Plume|p1a: Clefable
|-damage|p1a: Clefable|72/100 tox
|move|p1a: Clefable|Knock Off|p2a: Chaos
|-damage|p2a: Chaos|53/100
|-enditem|p2a: Chaos|Leftovers|[from] move: Knock Off|[of] p1a: Clefable
|
|upkeep
|turn|46
|c| hiye 3x cup winner|mmmmmmmm
|
|t:|1659580033
|switch|p1a: Gastrodon|Gastrodon, M|21/100
|move|p2a: Chaos|Stealth Rock|p1a: Gastrodon
|-sidestart|p1: Friends is ghosts|move: Stealth Rock
|
|upkeep
|turn|47
|
|t:|1659580036
|move|p2a: Chaos|Toxic|p1a: Gastrodon
|-status|p1a: Gastrodon|tox
|move|p1a: Gastrodon|Recover|p1a: Gastrodon
|-heal|p1a: Gastrodon|71/100 tox
|
|-damage|p1a: Gastrodon|65/100 tox|[from] psn
|upkeep
|turn|48
|
|t:|1659580041
|switch|p2a: Deathstroke|Kartana, shiny|100/100 par
|-damage|p2a: Deathstroke|94/100 par|[from] Stealth Rock
|switch|p1a: Clefable|Clefable, M|72/100 tox
|
|upkeep
|turn|49
|c| hiye 3x cup winner|licking my lips from these saucy plays
|l| dragonitenb
|
|t:|1659580053
|switch|p1a: Zapdos|Zapdos|54/100
|-damage|p1a: Zapdos|29/100|[from] Stealth Rock
|move|p2a: Deathstroke|Leaf Blade|p1a: Zapdos
|-resisted|p1a: Zapdos
|-damage|p1a: Zapdos|1/100
|
|upkeep
|turn|50
|c| DrasticLightning|2nd time 1% hp xD
|
|t:|1659580069
|move|p1a: Zapdos|Roost|p1a: Zapdos
|-heal|p1a: Zapdos|51/100
|-singleturn|p1a: Zapdos|move: Roost
|cant|p2a: Deathstroke|par
|
|upkeep
|turn|51
|l| hiye 3x cup winner
|
|t:|1659580077
|move|p1a: Zapdos|Roost|p1a: Zapdos
|-heal|p1a: Zapdos|100/100
|-singleturn|p1a: Zapdos|move: Roost
|move|p2a: Deathstroke|Leaf Blade|p1a: Zapdos
|-damage|p1a: Zapdos|43/100
|
|upkeep
|turn|52
|j| hiye 3x cup winner
|
|t:|1659580082
|move|p1a: Zapdos|Roost|p1a: Zapdos
|-heal|p1a: Zapdos|93/100
|-singleturn|p1a: Zapdos|move: Roost
|move|p2a: Deathstroke|Leaf Blade|p1a: Zapdos
|-damage|p1a: Zapdos|35/100
|
|upkeep
|turn|53
|
|t:|1659580088
|move|p1a: Zapdos|Hurricane|p2a: Deathstroke
|-damage|p2a: Deathstroke|0 fnt
|faint|p2a: Deathstroke
|
|upkeep
|
|t:|1659580090
|switch|p2a: Byakko|Zapdos, shiny|63/100
|turn|54
|
|t:|1659580098
|switch|p1a: Rillaboom|Rillaboom, M|29/100
|-damage|p1a: Rillaboom|17/100|[from] Stealth Rock
|-fieldstart|move: Grassy Terrain|[from] ability: Grassy Surge|[of] p1a: Rillaboom
|move|p2a: Byakko|Thunderbolt|p1a: Rillaboom
|-resisted|p1a: Rillaboom
|-damage|p1a: Rillaboom|0 fnt
|faint|p1a: Rillaboom
|
|upkeep
|l| hiye 3x cup winner
|j| lakob
|
|t:|1659580101
|switch|p1a: Clefable|Clefable, M|72/100 tox
|turn|55
|j| hiye 3x cup winner
|
|t:|1659580105
|move|p2a: Byakko|Volt Switch|p1a: Clefable
|-damage|p1a: Clefable|42/100 tox
|j| s4d98ad74s
|
|t:|1659580107
|switch|p2a: Chaos|Heatran, M, shiny|53/100|[from]move: Volt Switch
|-damage|p2a: Chaos|41/100|[from] Stealth Rock
|move|p1a: Clefable|Soft-Boiled|p1a: Clefable
|-heal|p1a: Clefable|92/100 tox
|
|-heal|p2a: Chaos|47/100|[from] Grassy Terrain
|-heal|p1a: Clefable|98/100 tox|[from] Grassy Terrain
|upkeep
|turn|56
|
|t:|1659580110
|move|p2a: Chaos|Protect|p2a: Chaos
|-singleturn|p2a: Chaos|Protect
|move|p1a: Clefable|Aromatherapy|p1a: Clefable
|-activate|p1a: Clefable|move: Aromatherapy
|-curestatus|p1a: Clefable|tox|[msg]
|-curestatus|p1: Gastrodon|tox|[msg]
|
|-heal|p2a: Chaos|53/100|[from] Grassy Terrain
|-heal|p1a: Clefable|100/100|[from] Grassy Terrain
|upkeep
|turn|57
|l| hiye 3x cup winner
|
|t:|1659580112
|move|p2a: Chaos|Lava Plume|p1a: Clefable
|-damage|p1a: Clefable|69/100
|move|p1a: Clefable|Knock Off|p2a: Chaos
|-damage|p2a: Chaos|47/100
|
|-heal|p2a: Chaos|53/100|[from] Grassy Terrain
|-heal|p1a: Clefable|75/100|[from] Grassy Terrain
|upkeep
|turn|58
|l| anique
|
|t:|1659580115
|move|p2a: Chaos|Lava Plume|p1a: Clefable
|-damage|p1a: Clefable|47/100
|move|p1a: Clefable|Knock Off|p2a: Chaos
|-damage|p2a: Chaos|46/100
|-status|p1a: Clefable|brn|[from] ability: Flame Body|[of] p2a: Chaos
|
|-heal|p2a: Chaos|53/100|[from] Grassy Terrain
|-heal|p1a: Clefable|53/100 brn|[from] Grassy Terrain
|-fieldend|move: Grassy Terrain
|upkeep
|turn|59
|
|t:|1659580118
|move|p2a: Chaos|Lava Plume|p1a: Clefable
|-damage|p1a: Clefable|26/100 brn
|move|p1a: Clefable|Soft-Boiled|p1a: Clefable
|-heal|p1a: Clefable|76/100 brn
|
|upkeep
|turn|60
|
|t:|1659580121
|move|p2a: Chaos|Lava Plume|p1a: Clefable
|-damage|p1a: Clefable|48/100 brn
|move|p1a: Clefable|Moonblast|p2a: Chaos
|-resisted|p2a: Chaos
|-damage|p2a: Chaos|46/100
|
|upkeep
|turn|61
|
|t:|1659580124
|move|p2a: Chaos|Lava Plume|p1a: Clefable
|-damage|p1a: Clefable|18/100 brn
|move|p1a: Clefable|Soft-Boiled|p1a: Clefable
|-heal|p1a: Clefable|68/100 brn
|
|upkeep
|turn|62
|
|t:|1659580126
|move|p2a: Chaos|Lava Plume|p1a: Clefable
|-damage|p1a: Clefable|38/100 brn
|move|p1a: Clefable|Soft-Boiled|p1a: Clefable
|-heal|p1a: Clefable|88/100 brn
|
|upkeep
|turn|63
|j| hiye 3x cup winner
|
|t:|1659580135
|move|p2a: Chaos|Lava Plume|p1a: Clefable
|-damage|p1a: Clefable|58/100 brn
|move|p1a: Clefable|Moonblast|p2a: Chaos
|-resisted|p2a: Chaos
|-damage|p2a: Chaos|39/100
|-unboost|p2a: Chaos|spa|1
|
|upkeep
|turn|64
|
|t:|1659580139
|move|p2a: Chaos|Lava Plume|p1a: Clefable
|-damage|p1a: Clefable|38/100 brn
|move|p1a: Clefable|Soft-Boiled|p1a: Clefable
|-heal|p1a: Clefable|88/100 brn
|
|upkeep
|turn|65
|
|t:|1659580141
|move|p2a: Chaos|Lava Plume|p1a: Clefable
|-damage|p1a: Clefable|68/100 brn
|move|p1a: Clefable|Moonblast|p2a: Chaos
|-resisted|p2a: Chaos
|-damage|p2a: Chaos|33/100
|
|upkeep
|turn|66
|l| hiye 3x cup winner
|
|t:|1659580144
|move|p2a: Chaos|Lava Plume|p1a: Clefable
|-damage|p1a: Clefable|49/100 brn
|move|p1a: Clefable|Moonblast|p2a: Chaos
|-resisted|p2a: Chaos
|-damage|p2a: Chaos|26/100
|-unboost|p2a: Chaos|spa|1
|
|upkeep
|turn|67
|
|t:|1659580147
|switch|p2a: Byakko|Zapdos, shiny|63/100
|move|p1a: Clefable|Soft-Boiled|p1a: Clefable
|-heal|p1a: Clefable|99/100 brn
|
|upkeep
|turn|68
|j| gewwge
|
|t:|1659580152
|move|p2a: Byakko|Volt Switch|p1a: Clefable
|-damage|p1a: Clefable|66/100 brn
|
|t:|1659580153
|switch|p2a: Chaos|Heatran, M, shiny|26/100|[from]move: Volt Switch
|-damage|p2a: Chaos|13/100|[from] Stealth Rock
|move|p1a: Clefable|Knock Off|p2a: Chaos
|-damage|p2a: Chaos|10/100
|
|upkeep
|turn|69
|
|t:|1659580158
|move|p2a: Chaos|Lava Plume|p1a: Clefable
|-damage|p1a: Clefable|37/100 brn
|move|p1a: Clefable|Soft-Boiled|p1a: Clefable
|-heal|p1a: Clefable|87/100 brn
|
|upkeep
|turn|70
|j| E1Payas0N0ob
|
|t:|1659580161
|move|p2a: Chaos|Lava Plume|p1a: Clefable
|-damage|p1a: Clefable|57/100 brn
|move|p1a: Clefable|Moonblast|p2a: Chaos
|-resisted|p2a: Chaos
|-damage|p2a: Chaos|4/100
|-unboost|p2a: Chaos|spa|1
|
|upkeep
|turn|71
|
|t:|1659580164
|move|p2a: Chaos|Lava Plume|p1a: Clefable
|-damage|p1a: Clefable|38/100 brn
|move|p1a: Clefable|Soft-Boiled|p1a: Clefable
|-heal|p1a: Clefable|88/100 brn
|
|upkeep
|turn|72
|
|t:|1659580170
|move|p2a: Chaos|Lava Plume|p1a: Clefable
|-damage|p1a: Clefable|68/100 brn
|move|p1a: Clefable|Moonblast|p2a: Chaos
|-resisted|p2a: Chaos
|-damage|p2a: Chaos|0 fnt
|faint|p2a: Chaos
|
|upkeep
|l| LT91BB Senku
|
|t:|1659580172
|switch|p2a: Byakko|Zapdos, shiny|63/100
|turn|73
|l| 3d
|
|t:|1659580179
|move|p2a: Byakko|Thunderbolt|p1a: Clefable
|-damage|p1a: Clefable|31/100 brn
|move|p1a: Clefable|Soft-Boiled|p1a: Clefable
|-heal|p1a: Clefable|81/100 brn
|
|upkeep
|turn|74
|
|t:|1659580184
|move|p2a: Byakko|Thunderbolt|p1a: Clefable
|-damage|p1a: Clefable|42/100 brn
|move|p1a: Clefable|Soft-Boiled|p1a: Clefable
|-heal|p1a: Clefable|92/100 brn
|
|upkeep
|turn|75
|
|t:|1659580188
|move|p2a: Byakko|Thunderbolt|p1a: Clefable
|-damage|p1a: Clefable|55/100 brn
|move|p1a: Clefable|Moonblast|p2a: Byakko
|-damage|p2a: Byakko|26/100
|
|upkeep
|turn|76
|j| HYper
|j| LT91BB zan
|
|t:|1659580198
|move|p2a: Byakko|Thunderbolt|p1a: Clefable
|-damage|p1a: Clefable|19/100 brn
|move|p1a: Clefable|Knock Off|p2a: Byakko
|-damage|p2a: Byakko|17/100
|-enditem|p2a: Byakko|Heavy-Duty Boots|[from] move: Knock Off|[of] p1a: Clefable
|
|upkeep
|turn|77
|
|t:|1659580204
|move|p2a: Byakko|Thunderbolt|p1a: Clefable
|-damage|p1a: Clefable|0 fnt
|faint|p1a: Clefable
|
|upkeep
|
|t:|1659580205
|switch|p1a: Gastrodon|Gastrodon, M|65/100
|-damage|p1a: Gastrodon|59/100|[from] Stealth Rock
|turn|78
|n| puvs mainer lol|pumainerlol
|
|t:|1659580219
|move|p2a: Byakko|Hurricane|p1a: Gastrodon|[miss]
|-miss|p2a: Byakko|p1a: Gastrodon
|move|p1a: Gastrodon|Recover|p1a: Gastrodon
|-heal|p1a: Gastrodon|100/100
|
|upkeep
|turn|79
|n| WestsideLechonk|am
|
|t:|1659580225
|move|p2a: Byakko|Hurricane|p1a: Gastrodon
|-damage|p1a: Gastrodon|62/100
|-start|p1a: Gastrodon|confusion
|-activate|p1a: Gastrodon|confusion
|-damage|p1a: Gastrodon|55/100|[from] confusion
|
|upkeep
|turn|80
|
|t:|1659580230
|move|p2a: Byakko|Roost|p2a: Byakko
|-heal|p2a: Byakko|67/100
|-singleturn|p2a: Byakko|move: Roost
|-activate|p1a: Gastrodon|confusion
|move|p1a: Gastrodon|Recover|p1a: Gastrodon
|-heal|p1a: Gastrodon|100/100
|
|upkeep
|turn|81
|
|t:|1659580238
|switch|p2a: Kong|Rillaboom, M, shiny|80/100 brn
|-damage|p2a: Kong|68/100 brn|[from] Stealth Rock
|-fieldstart|move: Grassy Terrain|[from] ability: Grassy Surge|[of] p2a: Kong
|-activate|p1a: Gastrodon|confusion
|-damage|p1a: Gastrodon|94/100|[from] confusion
|
|-heal|p2a: Kong|74/100 brn|[from] Grassy Terrain
|-heal|p2a: Kong|80/100 brn|[from] item: Leftovers
|-heal|p1a: Gastrodon|100/100|[from] Grassy Terrain
|-damage|p2a: Kong|74/100 brn|[from] brn
|upkeep
|turn|82
|l| CB Bhris Breezy
|j| BIG $TEPPA
|
|t:|1659580248
|switch|p1a: Zapdos|Zapdos|35/100
|-damage|p1a: Zapdos|10/100|[from] Stealth Rock
|move|p2a: Kong|Swords Dance|p2a: Kong
|-boost|p2a: Kong|atk|2
|
|-heal|p2a: Kong|80/100 brn|[from] Grassy Terrain
|-heal|p2a: Kong|86/100 brn|[from] item: Leftovers
|-damage|p2a: Kong|80/100 brn|[from] brn
|upkeep
|turn|83
|
|t:|1659580253
|move|p2a: Kong|Grassy Glide|p1a: Zapdos
|-resisted|p1a: Zapdos
|-damage|p1a: Zapdos|0 fnt
|faint|p1a: Zapdos
|
|-heal|p2a: Kong|86/100 brn|[from] Grassy Terrain
|-heal|p2a: Kong|93/100 brn|[from] item: Leftovers
|-damage|p2a: Kong|86/100 brn|[from] brn
|upkeep
|c|☆Friends is ghosts|gg
|c|☆LT91BB Storm|Gg
|c| DrasticLightning|well played
|c| DrasticLightning|wow
|l| adf2❤
|l| LUUK DE GOD
|-message|Friends is ghosts forfeited.
|
|win|LT91BB Storm
|raw|Friends is ghosts's rating: 2126 &rarr; <strong>2106</strong><br />(-20 for losing)
|raw|LT91BB Storm's rating: 2130 &rarr; <strong>2150</strong><br />(+20 for winning)
|l| puvs mainer lol
|l| LT91BB Tace
|l|☆LT91BB Storm
|l| America's Youth
|l| GAYLAGAYLA
|l| MANNAT!
|l| DrasticLightning
|l| Hockey1
|l| adv main
|l| Great Serpent
|l| drphdbj
|l| LT_Alt1
|l| arbok13
|l| LT91BB zan
|l|☆Friends is ghosts
|l| LT91BB xray
|l| rarre
|l| LT91BB Trunx
|l| diamond rings
||Ladder isn't responding, score probably updated but might not have (Request timeout).
|l| BIG $TEPPA
|l| Nick.see
|n| WestsideLechonk|westsidelechonk
|l| gewwge
|l| Ernstbusch
|l| noudle soop
|l| aquavanilla
|l| E1Payas0N0ob
|l| HYper
|l|shawazumizumi
|j| DrasticLightning
|l| egal★vanc
|l| DrasticLightning
|l| WestsideLechonk
|l| CutePokesOnly
