|j|☆Manuhker
|j|☆DJ CRIB DEF
|t:|1610573764
|player|p1|Manuhker|ethan|1514
|player|p2|DJ CRIB DEF|cynthia-gen4|1469
|teamsize|p1|6
|teamsize|p2|6
|gametype|singles
|gen|8
|tier|[Gen 8] OU
|rated|
|clearpoke
|poke|p1|Pelipper, M|
|poke|p1|Appletun, M|
|poke|p1|Magearna-Original|
|poke|p1|Swampert, M|
|poke|p1|Galvantula, M|
|poke|p1|Seaking, M|
|poke|p2|Moltres|
|poke|p2|Gastrodon-East, M|
|poke|p2|Ferrothorn, M|
|poke|p2|Obstagoon, M|
|poke|p2|Clefable, F|
|poke|p2|Spectrier|
|rule|Sleep Clause Mod: Limit one foe put to sleep
|rule|Species Clause: Limit one of each Pokémon
|rule|OHKO Clause: OHKO moves are banned
|rule|Evasion Moves Clause: Evasion moves are banned
|rule|Endless Battle Clause: Forcing endless battles is banned
|rule|HP Percentage Mod: HP is shown in percentages
|rule|Dynamax Clause: You cannot dynamax
|teampreview
|c|☆DJ CRIB DEF|Oooooo
|c|☆DJ CRIB DEF|fire
|c|☆DJ CRIB DEF|hf
|inactive|Battle timer is ON: inactive players will automatically lose when time's up. (requested by DJ CRIB DEF)
|
|t:|1610573781
|start
|switch|p1a: Galvantula|Galvantula, M|100/100
|switch|p2a: Clefable|Clefable, F|100/100
|turn|1
|
|t:|1610573785
|move|p1a: Galvantula|Volt Switch|p2a: Clefable
|-damage|p2a: Clefable|58/100
|
|t:|1610573792
|switch|p1a: Magearna|Magearna-Original|100/100|[from]move: Volt Switch
|move|p2a: Clefable|Stealth Rock|p1a: Magearna
|-sidestart|p1: Manuhker|move: Stealth Rock
|
|-heal|p2a: Clefable|64/100|[from] item: Leftovers
|upkeep
|turn|2
|
|t:|1610573801
|switch|p2a: Gastrodon|Gastrodon-East, M|100/100
|move|p1a: Magearna|Agility|p1a: Magearna
|-boost|p1a: Magearna|spe|2
|
|upkeep
|turn|3
|
|t:|1610573809
|switch|p1a: Pelipper|Pelipper, M|100/100
|-damage|p1a: Pelipper|76/100|[from] Stealth Rock
|-weather|RainDance|[from] ability: Drizzle|[of] p1a: Pelipper
|move|p2a: Gastrodon|Earthquake|p1a: Pelipper
|-immune|p1a: Pelipper
|
|-weather|RainDance|[upkeep]
|upkeep
|turn|4
|
|t:|1610573822
|move|p1a: Pelipper|Defog|p2a: Gastrodon
|-unboost|p2a: Gastrodon|evasion|1
|-sideend|p1: Manuhker|Stealth Rock|[from] move: Defog|[of] p1a: Pelipper
|move|p2a: Gastrodon|Scald|p1a: Pelipper
|-resisted|p1a: Pelipper
|-damage|p1a: Pelipper|54/100
|
|-weather|RainDance|[upkeep]
|upkeep
|turn|5
|
|t:|1610573825
|move|p1a: Pelipper|U-turn|p2a: Gastrodon
|-damage|p2a: Gastrodon|93/100
|
|t:|1610573831
|switch|p1a: Appletun|Appletun, M|100/100|[from]move: U-turn
|move|p2a: Gastrodon|Scald|p1a: Appletun
|-resisted|p1a: Appletun
|-damage|p1a: Appletun|93/100
|
|-weather|RainDance|[upkeep]
|-heal|p1a: Appletun|99/100|[from] item: Leftovers
|upkeep
|turn|6
|
|t:|1610573843
|switch|p2a: Ferrothorn|Ferrothorn, M|100/100
|switch|p1a: Galvantula|Galvantula, M|100/100
|
|-weather|RainDance|[upkeep]
|upkeep
|turn|7
|
|t:|1610573850
|move|p1a: Galvantula|Bug Buzz|p2a: Ferrothorn
|-damage|p2a: Ferrothorn|61/100
|move|p2a: Ferrothorn|Knock Off|p1a: Galvantula
|-damage|p1a: Galvantula|60/100
|-enditem|p1a: Galvantula|Choice Specs|[from] move: Knock Off|[of] p2a: Ferrothorn
|
|-weather|RainDance|[upkeep]
|-heal|p2a: Ferrothorn|67/100|[from] item: Leftovers
|upkeep
|turn|8
|
|t:|1610573859
|move|p1a: Galvantula|Bug Buzz|p2a: Ferrothorn
|-damage|p2a: Ferrothorn|37/100
|move|p2a: Ferrothorn|Leech Seed|p1a: Galvantula
|-start|p1a: Galvantula|move: Leech Seed
|
|-weather|RainDance|[upkeep]
|-heal|p2a: Ferrothorn|43/100|[from] item: Leftovers
|-damage|p1a: Galvantula|48/100|[from] Leech Seed|[of] p2a: Ferrothorn
|-heal|p2a: Ferrothorn|53/100|[silent]
|upkeep
|turn|9
|
|t:|1610573865
|switch|p1a: Magearna|Magearna-Original|100/100
|move|p2a: Ferrothorn|Spikes|p1a: Magearna
|-sidestart|p1: Manuhker|Spikes
|
|-weather|RainDance|[upkeep]
|-heal|p2a: Ferrothorn|59/100|[from] item: Leftovers
|upkeep
|turn|10
|
|t:|1610573869
|move|p1a: Magearna|Aura Sphere|p2a: Ferrothorn
|-supereffective|p2a: Ferrothorn
|-damage|p2a: Ferrothorn|18/100
|move|p2a: Ferrothorn|Leech Seed|p1a: Magearna
|-start|p1a: Magearna|move: Leech Seed
|
|-weather|none
|-heal|p2a: Ferrothorn|24/100|[from] item: Leftovers
|-damage|p1a: Magearna|88/100|[from] Leech Seed|[of] p2a: Ferrothorn
|-heal|p2a: Ferrothorn|34/100|[silent]
|upkeep
|turn|11
|
|t:|1610573874
|switch|p2a: Clefable|Clefable, F|64/100
|move|p1a: Magearna|Aura Sphere|p2a: Clefable
|-resisted|p2a: Clefable
|-damage|p2a: Clefable|50/100
|
|-heal|p2a: Clefable|56/100|[from] item: Leftovers
|-damage|p1a: Magearna|76/100|[from] Leech Seed|[of] p2a: Clefable
|-heal|p2a: Clefable|65/100|[silent]
|upkeep
|turn|12
|
|t:|1610573881
|switch|p1a: Pelipper|Pelipper, M|54/100
|-weather|RainDance|[from] ability: Drizzle|[of] p1a: Pelipper
|switch|p2a: Ferrothorn|Ferrothorn, M|34/100
|
|-weather|RainDance|[upkeep]
|-heal|p2a: Ferrothorn|40/100|[from] item: Leftovers
|upkeep
|turn|13
|
|t:|1610573893
|move|p1a: Pelipper|Hurricane|p2a: Ferrothorn
|-damage|p2a: Ferrothorn|15/100
|move|p2a: Ferrothorn|Leech Seed|p1a: Pelipper
|-start|p1a: Pelipper|move: Leech Seed
|
|-weather|RainDance|[upkeep]
|-heal|p2a: Ferrothorn|21/100|[from] item: Leftovers
|-damage|p1a: Pelipper|42/100|[from] Leech Seed|[of] p2a: Ferrothorn
|-heal|p2a: Ferrothorn|32/100|[silent]
|upkeep
|turn|14
|
|t:|1610573906
|switch|p1a: Swampert|Swampert, M|100/100
|-damage|p1a: Swampert|88/100|[from] Spikes
|move|p2a: Ferrothorn|Power Whip|p1a: Swampert|[miss]
|-miss|p2a: Ferrothorn|p1a: Swampert
|
|-weather|RainDance|[upkeep]
|-heal|p2a: Ferrothorn|38/100|[from] item: Leftovers
|upkeep
|turn|15
|
|t:|1610573912
|move|p1a: Swampert|Earthquake|p2a: Ferrothorn
|-damage|p2a: Ferrothorn|4/100
|move|p2a: Ferrothorn|Leech Seed|p1a: Swampert
|-start|p1a: Swampert|move: Leech Seed
|
|-weather|RainDance|[upkeep]
|-heal|p2a: Ferrothorn|10/100|[from] item: Leftovers
|-damage|p1a: Swampert|76/100|[from] Leech Seed|[of] p2a: Ferrothorn
|-heal|p2a: Ferrothorn|24/100|[silent]
|upkeep
|turn|16
|
|t:|1610573921
|switch|p2a: Clefable|Clefable, F|65/100
|move|p1a: Swampert|Flip Turn|p2a: Clefable
|-damage|p2a: Clefable|29/100
|
|t:|1610573932
|switch|p1a: Galvantula|Galvantula, M|48/100|[from]move: Flip Turn
|-damage|p1a: Galvantula|35/100|[from] Spikes
|
|-weather|RainDance|[upkeep]
|-heal|p2a: Clefable|35/100|[from] item: Leftovers
|upkeep
|turn|17
|
|t:|1610573940
|move|p1a: Galvantula|Thunder|p2a: Clefable
|-damage|p2a: Clefable|0 fnt
|faint|p2a: Clefable
|
|-weather|RainDance|[upkeep]
|upkeep
|
|t:|1610573942
|switch|p2a: Spectrier|Spectrier|100/100
|turn|18
|
|t:|1610573951
|switch|p1a: Swampert|Swampert, M|76/100
|-damage|p1a: Swampert|63/100|[from] Spikes
|move|p2a: Spectrier|Shadow Ball|p1a: Swampert
|-damage|p1a: Swampert|22/100
|
|-weather|RainDance|[upkeep]
|upkeep
|turn|19
|
|t:|1610573957
|move|p2a: Spectrier|Shadow Ball|p1a: Swampert
|-damage|p1a: Swampert|0 fnt
|faint|p1a: Swampert
|-ability|p2a: Spectrier|Grim Neigh|boost
|-boost|p2a: Spectrier|spa|1
|
|-weather|none
|upkeep
|
|t:|1610573960
|switch|p1a: Pelipper|Pelipper, M|42/100
|-weather|RainDance|[from] ability: Drizzle|[of] p1a: Pelipper
|turn|20
|
|t:|1610573963
|move|p2a: Spectrier|Shadow Ball|p1a: Pelipper
|-damage|p1a: Pelipper|0 fnt
|faint|p1a: Pelipper
|-ability|p2a: Spectrier|Grim Neigh|boost
|-boost|p2a: Spectrier|spa|1
|
|-weather|RainDance|[upkeep]
|upkeep
|
|t:|1610573967
|switch|p1a: Seaking|Seaking, M|100/100
|-damage|p1a: Seaking|88/100|[from] Spikes
|turn|21
|
|t:|1610573970
|switch|p2a: Gastrodon|Gastrodon-East, M|93/100
|move|p1a: Seaking|Waterfall|p2a: Gastrodon
|-ability|p2a: Gastrodon|Storm Drain|boost
|-boost|p2a: Gastrodon|spa|1
|
|-weather|RainDance|[upkeep]
|upkeep
|turn|22
|
|t:|1610573976
|switch|p2a: Obstagoon|Obstagoon, M, shiny|100/100
|move|p1a: Seaking|Swords Dance|p1a: Seaking
|-boost|p1a: Seaking|atk|2
|
|-weather|RainDance|[upkeep]
|-status|p2a: Obstagoon|brn|[from] item: Flame Orb
|upkeep
|turn|23
|
|t:|1610573982
|switch|p2a: Ferrothorn|Ferrothorn, M|24/100
|move|p1a: Seaking|Megahorn|p2a: Ferrothorn
|-damage|p2a: Ferrothorn|0 fnt
|-damage|p1a: Seaking|76/100|[from] ability: Iron Barbs|[of] p2a: Ferrothorn
|-damage|p1a: Seaking|66/100|[from] item: Life Orb
|faint|p2a: Ferrothorn
|
|-weather|RainDance|[upkeep]
|upkeep
|
|t:|1610573985
|switch|p2a: Gastrodon|Gastrodon-East, M|93/100
|turn|24
|
|t:|1610573988
|move|p1a: Seaking|Megahorn|p2a: Gastrodon
|-damage|p2a: Gastrodon|0 fnt
|-damage|p1a: Seaking|56/100|[from] item: Life Orb
|faint|p2a: Gastrodon
|
|-weather|RainDance|[upkeep]
|upkeep
|
|t:|1610574001
|switch|p2a: Moltres|Moltres|100/100
|turn|25
|
|t:|1610574010
|move|p1a: Seaking|Waterfall|p2a: Moltres
|-supereffective|p2a: Moltres
|-damage|p2a: Moltres|0 fnt
|-damage|p1a: Seaking|46/100|[from] item: Life Orb
|faint|p2a: Moltres
|
|-weather|RainDance|[upkeep]
|upkeep
|
|t:|1610574012
|switch|p2a: Obstagoon|Obstagoon, M, shiny|100/100 brn
|turn|26
|
|t:|1610574017
|move|p1a: Seaking|Megahorn|p2a: Obstagoon
|-supereffective|p2a: Obstagoon
|-damage|p2a: Obstagoon|0 fnt
|-damage|p1a: Seaking|36/100|[from] item: Life Orb
|faint|p2a: Obstagoon
|
|-weather|RainDance|[upkeep]
|upkeep
|
|t:|1610574019
|switch|p2a: Spectrier|Spectrier|100/100
|turn|27
|
|t:|1610574021
|move|p1a: Seaking|Waterfall|p2a: Spectrier
|-damage|p2a: Spectrier|0 fnt
|-damage|p1a: Seaking|26/100|[from] item: Life Orb
|faint|p2a: Spectrier
|
|win|Manuhker
|l|☆DJ CRIB DEF
||Ladder (probably) updated, but score could not be retrieved (Request timeout).
