|j|☆LT_Alt1
|j|☆HOF69
|t:|1651984512
|gametype|singles
|player|p1|LT_Alt1|169|1778
|player|p2|HOF69|red|2013
|teamsize|p1|6
|teamsize|p2|6
|gen|8
|tier|[Gen 8] OU
|rated|
|rule|Sleep Clause Mod: Limit one foe put to sleep
|rule|Species Clause: Limit one of each Pokémon
|rule|OHKO Clause: OHKO moves are banned
|rule|Evasion Moves Clause: Evasion moves are banned
|rule|Endless Battle Clause: Forcing endless battles is banned
|rule|HP Percentage Mod: HP is shown in percentages
|rule|Dynamax Clause: You cannot dynamax
|clearpoke
|poke|p1|Alakazam, M|
|poke|p1|Chansey, F|
|poke|p1|Zapdos|
|poke|p1|Clefable, M|
|poke|p1|Slowbro, F|
|poke|p1|Rhydon, M|
|poke|p2|Gengar, M|
|poke|p2|Blacephalon|
|poke|p2|Kartana|
|poke|p2|Tapu Lele|
|poke|p2|Landorus-Therian, M|
|poke|p2|Krookodile, M|
|teampreview
|
|t:|1651984526
|start
|switch|p1a: Rhydon|Rhydon, M|100/100
|switch|p2a: Krookodile|Krookodile, M|100/100
|-ability|p2a: Krookodile|Intimidate|boost
|-unboost|p1a: Rhydon|atk|1
|turn|1
|
|t:|1651984535
|move|p2a: Krookodile|Taunt|p1a: Rhydon
|-start|p1a: Rhydon|move: Taunt
|move|p1a: Rhydon|Earthquake|p2a: Krookodile
|-damage|p2a: Krookodile|49/100
|
|upkeep
|turn|2
|
|t:|1651984541
|move|p2a: Krookodile|Stealth Rock|p1a: Rhydon
|-sidestart|p1: LT_Alt1|move: Stealth Rock
|move|p1a: Rhydon|Earthquake|p2a: Krookodile
|-damage|p2a: Krookodile|0 fnt
|faint|p2a: Krookodile
|
|upkeep
|
|t:|1651984558
|switch|p2a: Kartana|Kartana|100/100
|turn|3
|
|t:|1651984563
|move|p2a: Kartana|Swords Dance|p2a: Kartana
|-boost|p2a: Kartana|atk|2
|move|p1a: Rhydon|Fire Punch|p2a: Kartana
|-supereffective|p2a: Kartana
|-damage|p2a: Kartana|14/100
|
|-end|p1a: Rhydon|move: Taunt
|upkeep
|turn|4
|
|t:|1651984572
|switch|p1a: Slowbro|Slowbro, F|100/100
|-damage|p1a: Slowbro|88/100|[from] Stealth Rock
|move|p2a: Kartana|Leaf Blade|p1a: Slowbro
|-supereffective|p1a: Slowbro
|-damage|p1a: Slowbro|0 fnt
|faint|p1a: Slowbro
|-ability|p2a: Kartana|Beast Boost|boost
|-boost|p2a: Kartana|atk|1
|
|upkeep
|
|t:|1651984583
|switch|p1a: Alakazam|Alakazam, M|100/100
|turn|5
|j| godlike.shin
|
|t:|1651984593
|switch|p2a: Landorus|Landorus-Therian, M|100/100
|-ability|p2a: Landorus|Intimidate|boost
|-unboost|p1a: Alakazam|atk|1
|move|p1a: Alakazam|Shadow Ball|p2a: Landorus
|-damage|p2a: Landorus|80/100
|
|upkeep
|turn|6
|
|t:|1651984603
|switch|p1a: Zapdos|Zapdos|100/100
|move|p2a: Landorus|Smack Down|p1a: Zapdos
|-supereffective|p1a: Zapdos
|-damage|p1a: Zapdos|67/100
|-start|p1a: Zapdos|Smack Down
|
|upkeep
|turn|7
|
|t:|1651984611
|switch|p1a: Chansey|Chansey, F|100/100
|-damage|p1a: Chansey|88/100|[from] Stealth Rock
|move|p2a: Landorus|Earthquake|p1a: Chansey
|-damage|p1a: Chansey|52/100
|
|upkeep
|turn|8
|
|t:|1651984617
|move|p2a: Landorus|U-turn|p1a: Chansey
|-damage|p1a: Chansey|36/100
|
|t:|1651984619
|switch|p2a: Kartana|Kartana|14/100|[from]move: U-turn
|move|p1a: Chansey|Soft-Boiled|p1a: Chansey
|-heal|p1a: Chansey|86/100
|
|upkeep
|turn|9
|
|t:|1651984625
|switch|p1a: Zapdos|Zapdos|67/100
|move|p2a: Kartana|Knock Off|p1a: Zapdos
|-damage|p1a: Zapdos|33/100
|-enditem|p1a: Zapdos|Heavy-Duty Boots|[from] move: Knock Off|[of] p2a: Kartana
|
|upkeep
|turn|10
|
|t:|1651984631
|move|p2a: Kartana|Swords Dance|p2a: Kartana
|-boost|p2a: Kartana|atk|2
|move|p1a: Zapdos|Roost|p1a: Zapdos
|-heal|p1a: Zapdos|83/100
|-singleturn|p1a: Zapdos|move: Roost
|
|upkeep
|turn|11
|
|t:|1651984651
|move|p2a: Kartana|Leaf Blade|p1a: Zapdos
|-resisted|p1a: Zapdos
|-damage|p1a: Zapdos|32/100
|move|p1a: Zapdos|Light Screen|p1a: Zapdos
|-sidestart|p1: LT_Alt1|move: Light Screen
|
|upkeep
|turn|12
|
|t:|1651984659
|move|p2a: Kartana|Leaf Blade|p1a: Zapdos
|-resisted|p1a: Zapdos
|-damage|p1a: Zapdos|0 fnt
|faint|p1a: Zapdos
|-ability|p2a: Kartana|Beast Boost|boost
|-boost|p2a: Kartana|atk|1
|
|upkeep
|
|t:|1651984665
|switch|p1a: Alakazam|Alakazam, M|100/100
|turn|13
|
|t:|1651984674
|move|p1a: Alakazam|Psychic|p2a: Kartana
|-resisted|p2a: Kartana
|-damage|p2a: Kartana|0 fnt
|faint|p2a: Kartana
|
|upkeep
|
|t:|1651984676
|switch|p2a: Landorus|Landorus-Therian, M|80/100
|-ability|p2a: Landorus|Intimidate|boost
|-unboost|p1a: Alakazam|atk|1
|turn|14
|
|t:|1651984683
|switch|p1a: Chansey|Chansey, F|86/100
|-damage|p1a: Chansey|74/100|[from] Stealth Rock
|move|p2a: Landorus|Knock Off|p1a: Chansey
|-damage|p1a: Chansey|52/100
|-enditem|p1a: Chansey|Eviolite|[from] move: Knock Off|[of] p2a: Landorus
|
|upkeep
|turn|15
|
|t:|1651984691
|move|p2a: Landorus|Earthquake|p1a: Chansey
|-damage|p1a: Chansey|0 fnt
|faint|p1a: Chansey
|
|-sideend|p1: LT_Alt1|move: Light Screen
|upkeep
|j| Reign1997
|
|t:|1651984697
|switch|p1a: Rhydon|Rhydon, M|100/100
|-damage|p1a: Rhydon|94/100|[from] Stealth Rock
|turn|16
|
|t:|1651984702
|move|p2a: Landorus|Earthquake|p1a: Rhydon
|-supereffective|p1a: Rhydon
|-damage|p1a: Rhydon|44/100
|move|p1a: Rhydon|Stone Edge|p2a: Landorus
|-damage|p2a: Landorus|28/100
|
|upkeep
|turn|17
|
|t:|1651984708
|move|p2a: Landorus|Earthquake|p1a: Rhydon
|-supereffective|p1a: Rhydon
|-damage|p1a: Rhydon|0 fnt
|faint|p1a: Rhydon
|
|upkeep
|
|t:|1651984712
|switch|p1a: Alakazam|Alakazam, M|100/100
|turn|18
|
|t:|1651984715
|move|p1a: Alakazam|Psychic|p2a: Landorus
|-damage|p2a: Landorus|0 fnt
|faint|p2a: Landorus
|
|upkeep
|
|t:|1651984723
|switch|p2a: Tapu Lele|Tapu Lele|100/100
|-fieldstart|move: Psychic Terrain|[from] ability: Psychic Surge|[of] p2a: Tapu Lele
|turn|19
|
|t:|1651984727
|move|p1a: Alakazam|Shadow Ball|p2a: Tapu Lele
|-supereffective|p2a: Tapu Lele
|-damage|p2a: Tapu Lele|28/100
|move|p2a: Tapu Lele|Moonblast|p1a: Alakazam
|-damage|p1a: Alakazam|25/100
|
|upkeep
|turn|20
|
|t:|1651984733
|move|p1a: Alakazam|Psychic|p2a: Tapu Lele
|-resisted|p2a: Tapu Lele
|-damage|p2a: Tapu Lele|0 fnt
|faint|p2a: Tapu Lele
|
|upkeep
|
|t:|1651984736
|switch|p2a: Blacephalon|Blacephalon|100/100
|turn|21
|
|t:|1651984740
|switch|p1a: Clefable|Clefable, M|100/100
|move|p2a: Blacephalon|Flamethrower|p1a: Clefable
|-damage|p1a: Clefable|58/100
|
|upkeep
|turn|22
|
|t:|1651984749
|switch|p2a: Gengar|Gengar, M, shiny|100/100
|switch|p1a: Alakazam|Alakazam, M|25/100
|
|upkeep
|turn|23
|
|t:|1651984756
|move|p1a: Alakazam|Psychic|p2a: Gengar
|-supereffective|p2a: Gengar
|-enditem|p2a: Gengar|Focus Sash
|-damage|p2a: Gengar|1/100
|-start|p1a: Alakazam|Disable|Psychic|[from] ability: Cursed Body|[of] p2a: Gengar
|move|p2a: Gengar|Shadow Ball|p1a: Alakazam
|-supereffective|p1a: Alakazam
|-damage|p1a: Alakazam|0 fnt
|faint|p1a: Alakazam
|
|-fieldend|move: Psychic Terrain
|upkeep
|c|☆HOF69|gg
|
|t:|1651984766
|switch|p1a: Clefable|Clefable, M|58/100
|turn|24
|
|t:|1651984768
|move|p2a: Gengar|Sludge Wave|p1a: Clefable
|-supereffective|p1a: Clefable
|-damage|p1a: Clefable|0 fnt
|faint|p1a: Clefable
|
|win|HOF69
|raw|LT_Alt1's rating: 1778 &rarr; <strong>1770</strong><br />(-8 for losing)
|raw|HOF69's rating: 2013 &rarr; <strong>2021</strong><br />(+8 for winning)
|l|☆HOF69
