|html|<div class="broadcast-blue"><strong>[Gen 8] OU is currently suspecting Melmetal! For information on how to participate check out the <a href="https://www.smogon.com/forums/threads/np-ss-ou-suspect-process-round-12-monster-mash.3709234/">suspect thread</a>.</strong></div>
|j|☆reptikrook
|j|☆ChandosH
|t:|1666411935
|gametype|singles
|player|p1|reptikrook|hiker-gen4|1550
|player|p2|ChandosH|n-masters|1741
|teamsize|p1|6
|teamsize|p2|6
|gen|8
|tier|[Gen 8] OU
|rated|
|rule|Sleep Clause Mod: Limit one foe put to sleep
|rule|Species Clause: Limit one of each Pokémon
|rule|OHKO Clause: OHKO moves are banned
|rule|Evasion Items Clause: Evasion items are banned
|rule|Evasion Moves Clause: Evasion moves are banned
|rule|Endless Battle Clause: Forcing endless battles is banned
|rule|HP Percentage Mod: HP is shown in percentages
|rule|Dynamax Clause: You cannot dynamax
|clearpoke
|poke|p1|Nidoking, M|
|poke|p1|Garchomp, M|
|poke|p1|Hatterene, F|
|poke|p1|Volcarona, M|
|poke|p1|Zapdos|
|poke|p1|Urshifu-*, M|
|poke|p2|Mew|
|poke|p2|Dragapult, M|
|poke|p2|Weavile, M|
|poke|p2|Blaziken, M|
|poke|p2|Celesteela|
|poke|p2|Garchomp, M|
|teampreview
|
|t:|1666411978
|start
|switch|p1a: Garchomp|Garchomp, M|100/100
|switch|p2a: Dragapult|Dragapult, M|100/100
|turn|1
|
|t:|1666411994
|move|p2a: Dragapult|Dragon Dance|p2a: Dragapult
|-boost|p2a: Dragapult|atk|1
|-boost|p2a: Dragapult|spe|1
|move|p1a: Garchomp|Scale Shot|p2a: Dragapult
|-supereffective|p2a: Dragapult
|-damage|p2a: Dragapult|65/100
|-supereffective|p2a: Dragapult
|-damage|p2a: Dragapult|27/100
|-hitcount|p2a: Dragapult|2
|-unboost|p1a: Garchomp|def|1
|-boost|p1a: Garchomp|spe|1
|
|upkeep
|turn|2
|
|t:|1666412005
|switch|p1a: Hatterene|Hatterene, F|100/100
|move|p2a: Dragapult|Dragon Darts|p1a: Hatterene
|-immune|p1a: Hatterene
|
|upkeep
|turn|3
|
|t:|1666412012
|switch|p1a: Garchomp|Garchomp, M|100/100
|move|p2a: Dragapult|Phantom Force||[still]
|-prepare|p2a: Dragapult|Phantom Force
|
|upkeep
|turn|4
|
|t:|1666412028
|move|p2a: Dragapult|Phantom Force|p1a: Garchomp|[from]lockedmove
|-damage|p1a: Garchomp|11/100
|-damage|p2a: Dragapult|14/100|[from] ability: Rough Skin|[of] p1a: Garchomp
|-damage|p2a: Dragapult|5/100|[from] item: Life Orb
|move|p1a: Garchomp|Earthquake|p2a: Dragapult
|-damage|p2a: Dragapult|0 fnt
|faint|p2a: Dragapult
|
|upkeep
|inactive|Battle timer is ON: inactive players will automatically lose when time's up. (requested by ChandosH)
|
|t:|1666412043
|switch|p2a: Celesteela|Celesteela|100/100
|turn|5
|
|t:|1666412048
|move|p1a: Garchomp|Stealth Rock|p2a: Celesteela
|-sidestart|p2: ChandosH|move: Stealth Rock
|move|p2a: Celesteela|Autotomize|p2a: Celesteela
|-boost|p2a: Celesteela|spe|2
|-start|p2a: Celesteela|Autotomize
|
|upkeep
|turn|6
|
|t:|1666412056
|switch|p1a: Hatterene|Hatterene, F|100/100
|move|p2a: Celesteela|Air Slash|p1a: Hatterene
|-damage|p1a: Hatterene|74/100
|
|upkeep
|turn|7
|
|t:|1666412063
|move|p2a: Celesteela|Air Slash|p1a: Hatterene
|-damage|p1a: Hatterene|49/100
|move|p1a: Hatterene|Mystical Fire|p2a: Celesteela
|-supereffective|p2a: Celesteela
|-damage|p2a: Celesteela|58/100
|-unboost|p2a: Celesteela|spa|1
|
|upkeep
|turn|8
|
|t:|1666412072
|move|p2a: Celesteela|Air Slash|p1a: Hatterene
|-damage|p1a: Hatterene|34/100
|move|p1a: Hatterene|Nuzzle|p2a: Celesteela
|-supereffective|p2a: Celesteela
|-damage|p2a: Celesteela|49/100
|-status|p2a: Celesteela|par
|
|upkeep
|turn|9
|
|t:|1666412080
|move|p2a: Celesteela|Air Slash|p1a: Hatterene
|-damage|p1a: Hatterene|16/100
|move|p1a: Hatterene|Mystical Fire|p2a: Celesteela
|-supereffective|p2a: Celesteela
|-damage|p2a: Celesteela|4/100 par
|-unboost|p2a: Celesteela|spa|1
|
|upkeep
|turn|10
|
|t:|1666412087
|cant|p2a: Celesteela|par
|move|p1a: Hatterene|Nuzzle|p2a: Celesteela
|-supereffective|p2a: Celesteela
|-damage|p2a: Celesteela|0 fnt
|faint|p2a: Celesteela
|
|upkeep
|
|t:|1666412110
|switch|p2a: Blaziken|Blaziken, M|100/100
|-damage|p2a: Blaziken|88/100|[from] Stealth Rock
|-item|p2a: Blaziken|Air Balloon
|turn|11
|
|t:|1666412139
|move|p2a: Blaziken|Flare Blitz|p1a: Hatterene
|-damage|p1a: Hatterene|0 fnt
|faint|p1a: Hatterene
|-damage|p2a: Blaziken|83/100|[from] Recoil
|
|-ability|p2a: Blaziken|Speed Boost|boost
|-boost|p2a: Blaziken|spe|1
|upkeep
|
|t:|1666412147
|switch|p1a: Zapdos|Zapdos|100/100
|turn|12
|
|t:|1666412155
|move|p2a: Blaziken|Flare Blitz|p1a: Zapdos
|-damage|p1a: Zapdos|39/100
|-damage|p2a: Blaziken|57/100|[from] Recoil
|move|p1a: Zapdos|Thunderbolt|p2a: Blaziken
|-damage|p2a: Blaziken|0 fnt
|-enditem|p2a: Blaziken|Air Balloon
|faint|p2a: Blaziken
|
|upkeep
|
|t:|1666412165
|switch|p2a: Garchomp|Garchomp, M|100/100
|-damage|p2a: Garchomp|94/100|[from] Stealth Rock
|turn|13
|
|t:|1666412189
|switch|p1a: Garchomp|Garchomp, M|11/100
|move|p2a: Garchomp|Swords Dance|p2a: Garchomp
|-boost|p2a: Garchomp|atk|2
|
|upkeep
|turn|14
|
|t:|1666412194
|move|p2a: Garchomp|Scale Shot|p1a: Garchomp
|-supereffective|p1a: Garchomp
|-damage|p1a: Garchomp|0 fnt
|faint|p1a: Garchomp
|-hitcount|p1: Garchomp|1
|-unboost|p2a: Garchomp|def|1
|-boost|p2a: Garchomp|spe|1
|-damage|p2a: Garchomp|85/100|[from] item: Life Orb
|
|upkeep
|
|t:|1666412203
|switch|p1a: Zapdos|Zapdos|39/100
|turn|15
|
|t:|1666412215
|move|p2a: Garchomp|Scale Shot|p1a: Zapdos
|-damage|p1a: Zapdos|4/100
|-crit|p1a: Zapdos
|-damage|p1a: Zapdos|0 fnt
|faint|p1a: Zapdos
|-hitcount|p1: Zapdos|2
|-unboost|p2a: Garchomp|def|1
|-boost|p2a: Garchomp|spe|1
|-damage|p2a: Garchomp|75/100|[from] item: Life Orb
|
|upkeep
|
|t:|1666412226
|switch|p1a: Urshifu|Urshifu-Rapid-Strike, M|100/100
|turn|16
|
|t:|1666412234
|move|p1a: Urshifu|Aqua Jet|p2a: Garchomp
|-damage|p2a: Garchomp|8/100
|-damage|p1a: Urshifu|88/100|[from] ability: Rough Skin|[of] p2a: Garchomp
|move|p2a: Garchomp|Earthquake|p1a: Urshifu
|-crit|p1a: Urshifu
|-damage|p1a: Urshifu|0 fnt
|faint|p1a: Urshifu
|-damage|p2a: Garchomp|0 fnt|[from] item: Life Orb
|faint|p2a: Garchomp
|
|upkeep
|
|t:|1666412249
|switch|p2a: Mew|Mew|100/100
|switch|p1a: Volcarona|Volcarona, M|100/100
|-damage|p2a: Mew|88/100|[from] Stealth Rock
|turn|17
|
|t:|1666412255
|move|p2a: Mew|Thunder Wave|p1a: Volcarona
|-status|p1a: Volcarona|par
|cant|p1a: Volcarona|par
|
|upkeep
|turn|18
|
|t:|1666412264
|move|p2a: Mew|Explosion|p1a: Volcarona
|-damage|p1a: Volcarona|44/100 par
|faint|p2a: Mew
|move|p1a: Volcarona|Quiver Dance|p1a: Volcarona
|-boost|p1a: Volcarona|spa|1
|-boost|p1a: Volcarona|spd|1
|-boost|p1a: Volcarona|spe|1
|
|upkeep
|
|t:|1666412268
|switch|p2a: Weavile|Weavile, M|100/100
|-damage|p2a: Weavile|76/100|[from] Stealth Rock
|-ability|p2a: Weavile|Pressure
|turn|19
|
|t:|1666412275
|move|p2a: Weavile|Knock Off|p1a: Volcarona
|-damage|p1a: Volcarona|0 fnt
|-status|p2a: Weavile|brn|[from] ability: Flame Body|[of] p1a: Volcarona
|-enditem|p1a: Volcarona|Heavy-Duty Boots|[from] move: Knock Off|[of] p2a: Weavile
|faint|p1a: Volcarona
|-damage|p2a: Weavile|66/100 brn|[from] item: Life Orb
|
|-damage|p2a: Weavile|60/100 brn|[from] brn
|upkeep
|
|t:|1666412284
|switch|p1a: Nidoking|Nidoking, M|100/100
|turn|20
|
|t:|1666412290
|move|p2a: Weavile|Triple Axel|p1a: Nidoking
|-supereffective|p1a: Nidoking
|-damage|p1a: Nidoking|81/100
|-supereffective|p1a: Nidoking
|-damage|p1a: Nidoking|43/100
|-supereffective|p1a: Nidoking
|-damage|p1a: Nidoking|0 fnt
|faint|p1a: Nidoking
|-hitcount|p1: Nidoking|3
|-damage|p2a: Weavile|50/100 brn|[from] item: Life Orb
|
|win|ChandosH
|raw|reptikrook's rating: 1550 &rarr; <strong>1540</strong><br />(-10 for losing)
|raw|ChandosH's rating: 1741 &rarr; <strong>1751</strong><br />(+10 for winning)
|c|☆ChandosH|Gg
|l|☆reptikrook
