|j|☆RNN YasuKe
|j|☆El Stefano
|t:|1660030967
|gametype|singles
|player|p1|RNN YasuKe|worker|1567
|player|p2|El Stefano|1|1619
|teamsize|p1|6
|teamsize|p2|6
|gen|8
|tier|[Gen 8] OU
|rated|
|rule|Sleep Clause Mod: Limit one foe put to sleep
|rule|Species Clause: Limit one of each Pokémon
|rule|OHKO Clause: OHKO moves are banned
|rule|Evasion Items Clause: Evasion items are banned
|rule|Evasion Moves Clause: Evasion moves are banned
|rule|Endless Battle Clause: Forcing endless battles is banned
|rule|HP Percentage Mod: HP is shown in percentages
|rule|Dynamax Clause: You cannot dynamax
|clearpoke
|poke|p1|Gastrodon-East, F|
|poke|p1|Clefable, M|
|poke|p1|Tornadus-Therian, M|
|poke|p1|Melmetal|
|poke|p1|Ditto|
|poke|p1|Buzzwole|
|poke|p2|Tapu Koko|
|poke|p2|Weavile, F|
|poke|p2|Volcarona, F|
|poke|p2|Nidoking, M|
|poke|p2|Corviknight, F|
|poke|p2|Dragonite, F|
|teampreview
|inactive|Battle timer is ON: inactive players will automatically lose when time's up. (requested by El Stefano)
|
|t:|1660030999
|start
|switch|p1a: Tornadus|Tornadus-Therian, M|100/100
|switch|p2a: Weavile|Weavile, F|100/100
|-ability|p2a: Weavile|Pressure
|turn|1
|
|t:|1660031008
|switch|p1a: Buzzwole|Buzzwole|100/100
|move|p2a: Weavile|Ice Shard|p1a: Buzzwole
|-damage|p1a: Buzzwole|82/100
|
|upkeep
|turn|2
|
|t:|1660031026
|switch|p2a: Corviknight|Corviknight, F|100/100
|-ability|p2a: Corviknight|Pressure
|switch|p1a: Clefable|Clefable, M|100/100
|
|upkeep
|turn|3
|
|t:|1660031038
|switch|p2a: Nidoking|Nidoking, M|100/100
|move|p1a: Clefable|Stealth Rock|p2a: Nidoking
|-sidestart|p2: El Stefano|move: Stealth Rock
|
|upkeep
|turn|4
|
|t:|1660031046
|switch|p1a: Gastrodon|Gastrodon-East, F, shiny|100/100
|move|p2a: Nidoking|Stealth Rock|p1a: Gastrodon
|-sidestart|p1: RNN YasuKe|move: Stealth Rock
|
|upkeep
|turn|5
|
|t:|1660031055
|move|p2a: Nidoking|Earth Power|p1a: Gastrodon
|-damage|p1a: Gastrodon|61/100
|move|p1a: Gastrodon|Scald|p2a: Nidoking
|-supereffective|p2a: Nidoking
|-damage|p2a: Nidoking|27/100
|
|-heal|p1a: Gastrodon|67/100|[from] item: Leftovers
|upkeep
|turn|6
|
|t:|1660031066
|switch|p2a: Weavile|Weavile, F|100/100
|-damage|p2a: Weavile|76/100|[from] Stealth Rock
|-ability|p2a: Weavile|Pressure
|move|p1a: Gastrodon|Recover|p1a: Gastrodon
|-heal|p1a: Gastrodon|100/100
|
|upkeep
|turn|7
|
|t:|1660031070
|switch|p1a: Buzzwole|Buzzwole|82/100
|-damage|p1a: Buzzwole|69/100|[from] Stealth Rock
|move|p2a: Weavile|Knock Off|p1a: Buzzwole
|-resisted|p1a: Buzzwole
|-damage|p1a: Buzzwole|47/100
|-damage|p2a: Weavile|59/100|[from] item: Rocky Helmet|[of] p1a: Buzzwole
|-enditem|p1a: Buzzwole|Rocky Helmet|[from] move: Knock Off|[of] p2a: Weavile
|
|upkeep
|turn|8
|
|t:|1660031081
|switch|p2a: Volcarona|Volcarona, F|100/100
|move|p1a: Buzzwole|Roost|p1a: Buzzwole
|-heal|p1a: Buzzwole|97/100
|-singleturn|p1a: Buzzwole|move: Roost
|
|upkeep
|turn|9
|
|t:|1660031085
|switch|p1a: Gastrodon|Gastrodon-East, F, shiny|100/100
|-damage|p1a: Gastrodon|94/100|[from] Stealth Rock
|move|p2a: Volcarona|Quiver Dance|p2a: Volcarona
|-boost|p2a: Volcarona|spa|1
|-boost|p2a: Volcarona|spd|1
|-boost|p2a: Volcarona|spe|1
|
|-heal|p1a: Gastrodon|100/100|[from] item: Leftovers
|upkeep
|turn|10
|
|t:|1660031089
|move|p2a: Volcarona|Quiver Dance|p2a: Volcarona
|-boost|p2a: Volcarona|spa|1
|-boost|p2a: Volcarona|spd|1
|-boost|p2a: Volcarona|spe|1
|move|p1a: Gastrodon|Clear Smog|p2a: Volcarona
|-damage|p2a: Volcarona|95/100
|-clearboost|p2a: Volcarona
|
|upkeep
|turn|11
|
|t:|1660031091
|move|p2a: Volcarona|Quiver Dance|p2a: Volcarona
|-boost|p2a: Volcarona|spa|1
|-boost|p2a: Volcarona|spd|1
|-boost|p2a: Volcarona|spe|1
|move|p1a: Gastrodon|Scald|p2a: Volcarona
|-supereffective|p2a: Volcarona
|-damage|p2a: Volcarona|66/100
|
|upkeep
|turn|12
|
|t:|1660031094
|move|p2a: Volcarona|Giga Drain|p1a: Gastrodon
|-supereffective|p1a: Gastrodon
|-damage|p1a: Gastrodon|19/100
|-heal|p2a: Volcarona|100/100|[from] drain|[of] p1a: Gastrodon
|move|p1a: Gastrodon|Clear Smog|p2a: Volcarona
|-damage|p2a: Volcarona|94/100
|-clearboost|p2a: Volcarona
|
|-heal|p1a: Gastrodon|25/100|[from] item: Leftovers
|upkeep
|turn|13
|
|t:|1660031103
|switch|p1a: Tornadus|Tornadus-Therian, M|100/100
|move|p2a: Volcarona|Giga Drain|p1a: Tornadus
|-resisted|p1a: Tornadus
|-damage|p1a: Tornadus|89/100
|-heal|p2a: Volcarona|99/100|[from] drain|[of] p1a: Tornadus
|
|upkeep
|turn|14
|
|t:|1660031108
|switch|p2a: Tapu Koko|Tapu Koko|100/100
|-fieldstart|move: Electric Terrain|[from] ability: Electric Surge|[of] p2a: Tapu Koko
|move|p1a: Tornadus|U-turn|p2a: Tapu Koko
|-resisted|p2a: Tapu Koko
|-damage|p2a: Tapu Koko|91/100
|
|t:|1660031118
|switch|p1a: Melmetal|Melmetal|100/100|[from]move: U-turn
|-damage|p1a: Melmetal|94/100|[from] Stealth Rock
|
|-heal|p1a: Melmetal|100/100|[from] item: Leftovers
|upkeep
|turn|15
|
|t:|1660031125
|move|p2a: Tapu Koko|U-turn|p1a: Melmetal
|-resisted|p1a: Melmetal
|-damage|p1a: Melmetal|96/100
|
|t:|1660031128
|switch|p2a: Volcarona|Volcarona, F|99/100|[from]move: U-turn
|move|p1a: Melmetal|Double Iron Bash|p2a: Volcarona
|-resisted|p2a: Volcarona
|-damage|p2a: Volcarona|83/100
|-status|p1a: Melmetal|brn|[from] ability: Flame Body|[of] p2a: Volcarona
|-resisted|p2a: Volcarona
|-damage|p2a: Volcarona|74/100
|-hitcount|p2a: Volcarona|2
|
|-heal|p1a: Melmetal|100/100 brn|[from] item: Leftovers
|-damage|p1a: Melmetal|94/100 brn|[from] brn
|upkeep
|turn|16
|
|t:|1660031137
|switch|p1a: Tornadus|Tornadus-Therian, M|100/100
|move|p2a: Volcarona|Fiery Dance|p1a: Tornadus
|-damage|p1a: Tornadus|62/100
|-boost|p2a: Volcarona|spa|1
|
|upkeep
|turn|17
|
|t:|1660031146
|switch|p2a: Tapu Koko|Tapu Koko|91/100
|move|p1a: Tornadus|Hurricane|p2a: Tapu Koko
|-resisted|p2a: Tapu Koko
|-damage|p2a: Tapu Koko|59/100
|
|upkeep
|turn|18
|
|t:|1660031154
|switch|p1a: Clefable|Clefable, M|100/100
|move|p2a: Tapu Koko|Thunderbolt|p1a: Clefable
|-damage|p1a: Clefable|60/100
|
|-fieldend|move: Electric Terrain
|upkeep
|turn|19
|
|t:|1660031167
|move|p2a: Tapu Koko|U-turn|p1a: Clefable
|-resisted|p1a: Clefable
|-crit|p1a: Clefable
|-damage|p1a: Clefable|50/100
|-damage|p2a: Tapu Koko|42/100|[from] item: Rocky Helmet|[of] p1a: Clefable
|
|t:|1660031176
|switch|p2a: Corviknight|Corviknight, F|100/100|[from]move: U-turn
|-damage|p2a: Corviknight|88/100|[from] Stealth Rock
|-ability|p2a: Corviknight|Pressure
|move|p1a: Clefable|Soft-Boiled|p1a: Clefable
|-heal|p1a: Clefable|99/100
|
|-heal|p2a: Corviknight|94/100|[from] item: Leftovers
|upkeep
|turn|20
|
|t:|1660031182
|move|p2a: Corviknight|Defog|p1a: Clefable
|-unboost|p1a: Clefable|evasion|1
|-sideend|p1: RNN YasuKe|Stealth Rock|[from] move: Defog|[of] p2a: Corviknight
|-sideend|p2: El Stefano|Stealth Rock|[from] move: Defog|[of] p2a: Corviknight
|move|p1a: Clefable|Wish|p1a: Clefable
|
|-heal|p2a: Corviknight|99/100|[from] item: Leftovers
|upkeep
|turn|21
|
|t:|1660031187
|switch|p1a: Gastrodon|Gastrodon-East, F, shiny|25/100
|move|p2a: Corviknight|Brave Bird|p1a: Gastrodon
|-damage|p1a: Gastrodon|0 fnt
|faint|p1a: Gastrodon
|-damage|p2a: Corviknight|92/100|[from] Recoil
|
|-heal|p2a: Corviknight|98/100|[from] item: Leftovers
|upkeep
|
|t:|1660031195
|switch|p1a: Tornadus|Tornadus-Therian, M|95/100
|turn|22
|
|t:|1660031203
|move|p1a: Tornadus|U-turn|p2a: Corviknight
|-resisted|p2a: Corviknight
|-damage|p2a: Corviknight|95/100
|
|t:|1660031205
|switch|p1a: Clefable|Clefable, M|99/100|[from]move: U-turn
|move|p2a: Corviknight|U-turn|p1a: Clefable
|-resisted|p1a: Clefable
|-damage|p1a: Clefable|94/100
|-damage|p2a: Corviknight|78/100|[from] item: Rocky Helmet|[of] p1a: Clefable
|
|t:|1660031212
|switch|p2a: Nidoking|Nidoking, M|27/100|[from]move: U-turn
|
|upkeep
|turn|23
|
|t:|1660031223
|switch|p1a: Tornadus|Tornadus-Therian, M|100/100
|move|p2a: Nidoking|Earth Power|p1a: Tornadus
|-immune|p1a: Tornadus
|
|upkeep
|turn|24
|
|t:|1660031228
|switch|p2a: Tapu Koko|Tapu Koko|42/100
|-fieldstart|move: Electric Terrain|[from] ability: Electric Surge|[of] p2a: Tapu Koko
|move|p1a: Tornadus|Knock Off|p2a: Tapu Koko
|-resisted|p2a: Tapu Koko
|-damage|p2a: Tapu Koko|29/100
|-enditem|p2a: Tapu Koko|Heavy-Duty Boots|[from] move: Knock Off|[of] p1a: Tornadus
|
|upkeep
|turn|25
|
|t:|1660031231
|move|p2a: Tapu Koko|Roost|p2a: Tapu Koko
|-heal|p2a: Tapu Koko|80/100
|-singleturn|p2a: Tapu Koko|move: Roost
|move|p1a: Tornadus|U-turn|p2a: Tapu Koko
|-resisted|p2a: Tapu Koko
|-damage|p2a: Tapu Koko|69/100
|inactive|RNN YasuKe has 120 seconds left.
|
|t:|1660031262
|switch|p1a: Ditto|Ditto|100/100|[from]move: U-turn
|-transform|p1a: Ditto|p2a: Tapu Koko|[from] ability: Imposter
|
|upkeep
|turn|26
|
|t:|1660031269
|move|p1a: Ditto|U-turn|p2a: Tapu Koko
|-resisted|p2a: Tapu Koko
|-damage|p2a: Tapu Koko|57/100
|
|t:|1660031274
|switch|p1a: Clefable|Clefable, M|94/100|[from]move: U-turn
|move|p2a: Tapu Koko|Roost|p2a: Tapu Koko
|-heal|p2a: Tapu Koko|100/100
|-singleturn|p2a: Tapu Koko|move: Roost
|
|upkeep
|turn|27
|
|t:|1660031279
|move|p2a: Tapu Koko|Thunderbolt|p1a: Clefable
|-damage|p1a: Clefable|50/100
|move|p1a: Clefable|Stealth Rock|p2a: Tapu Koko
|-sidestart|p2: El Stefano|move: Stealth Rock
|
|upkeep
|turn|28
|
|t:|1660031286
|move|p2a: Tapu Koko|Thunderbolt|p1a: Clefable
|-damage|p1a: Clefable|11/100
|move|p1a: Clefable|Soft-Boiled|p1a: Clefable
|-heal|p1a: Clefable|61/100
|
|-fieldend|move: Electric Terrain
|upkeep
|turn|29
|
|t:|1660031293
|move|p2a: Tapu Koko|U-turn|p1a: Clefable
|-resisted|p1a: Clefable
|-damage|p1a: Clefable|54/100
|-damage|p2a: Tapu Koko|84/100|[from] item: Rocky Helmet|[of] p1a: Clefable
|
|t:|1660031297
|switch|p2a: Corviknight|Corviknight, F|78/100|[from]move: U-turn
|-damage|p2a: Corviknight|66/100|[from] Stealth Rock
|-ability|p2a: Corviknight|Pressure
|move|p1a: Clefable|Wish|p1a: Clefable
|
|-heal|p2a: Corviknight|72/100|[from] item: Leftovers
|upkeep
|turn|30
|
|t:|1660031306
|move|p2a: Corviknight|Defog|p1a: Clefable
|-unboost|p1a: Clefable|evasion|1
|-sideend|p2: El Stefano|Stealth Rock|[from] move: Defog|[of] p2a: Corviknight
|move|p1a: Clefable|Moonblast|p2a: Corviknight
|-resisted|p2a: Corviknight
|-damage|p2a: Corviknight|61/100
|
|-heal|p1a: Clefable|100/100|[from] move: Wish|[wisher] Clefable
|-heal|p2a: Corviknight|67/100|[from] item: Leftovers
|upkeep
|turn|31
|
|t:|1660031315
|switch|p1a: Ditto|Ditto|100/100
|-transform|p1a: Ditto|p2a: Corviknight|[from] ability: Imposter
|-ability|p1a: Ditto|Pressure
|move|p2a: Corviknight|Brave Bird|p1a: Ditto
|-resisted|p1a: Ditto
|-damage|p1a: Ditto|82/100
|-damage|p2a: Corviknight|62/100|[from] Recoil
|
|-heal|p2a: Corviknight|68/100|[from] item: Leftovers
|upkeep
|turn|32
|
|t:|1660031329
|move|p1a: Ditto|U-turn|p2a: Corviknight
|-resisted|p2a: Corviknight
|-damage|p2a: Corviknight|66/100
|
|t:|1660031331
|switch|p1a: Clefable|Clefable, M|100/100|[from]move: U-turn
|move|p2a: Corviknight|U-turn|p1a: Clefable
|-resisted|p1a: Clefable
|-damage|p1a: Clefable|94/100
|-damage|p2a: Corviknight|49/100|[from] item: Rocky Helmet|[of] p1a: Clefable
|
|t:|1660031347
|switch|p2a: Nidoking|Nidoking, M|27/100|[from]move: U-turn
|
|upkeep
|turn|33
|
|t:|1660031351
|switch|p1a: Tornadus|Tornadus-Therian, M|100/100
|move|p2a: Nidoking|Earth Power|p1a: Tornadus
|-immune|p1a: Tornadus
|
|upkeep
|turn|34
|
|t:|1660031364
|switch|p2a: Tapu Koko|Tapu Koko|84/100
|-fieldstart|move: Electric Terrain|[from] ability: Electric Surge|[of] p2a: Tapu Koko
|move|p1a: Tornadus|U-turn|p2a: Tapu Koko
|-resisted|p2a: Tapu Koko
|-damage|p2a: Tapu Koko|73/100
|
|t:|1660031367
|switch|p1a: Clefable|Clefable, M|94/100|[from]move: U-turn
|
|upkeep
|turn|35
|
|t:|1660031370
|move|p2a: Tapu Koko|Thunderbolt|p1a: Clefable
|-damage|p1a: Clefable|56/100
|move|p1a: Clefable|Stealth Rock|p2a: Tapu Koko
|-sidestart|p2: El Stefano|move: Stealth Rock
|
|upkeep
|turn|36
|
|t:|1660031378
|move|p2a: Tapu Koko|Thunderbolt|p1a: Clefable
|-damage|p1a: Clefable|16/100
|move|p1a: Clefable|Soft-Boiled|p1a: Clefable
|-heal|p1a: Clefable|66/100
|
|upkeep
|turn|37
|
|t:|1660031386
|switch|p1a: Ditto|Ditto|82/100
|-transform|p1a: Ditto|p2a: Tapu Koko|[from] ability: Imposter
|move|p2a: Tapu Koko|Thunderbolt|p1a: Ditto
|-resisted|p1a: Ditto
|-damage|p1a: Ditto|49/100
|
|upkeep
|turn|38
|
|t:|1660031397
|move|p1a: Ditto|Roost|p1a: Ditto
|-heal|p1a: Ditto|99/100
|-singleturn|p1a: Ditto|move: Roost
|move|p2a: Tapu Koko|Thunderbolt|p1a: Ditto
|-resisted|p1a: Ditto
|-damage|p1a: Ditto|67/100
|
|-fieldend|move: Electric Terrain
|upkeep
|turn|39
|
|t:|1660031407
|switch|p1a: Melmetal|Melmetal|94/100 brn
|move|p2a: Tapu Koko|Dazzling Gleam|p1a: Melmetal
|-resisted|p1a: Melmetal
|-damage|p1a: Melmetal|80/100 brn
|
|-heal|p1a: Melmetal|86/100 brn|[from] item: Leftovers
|-damage|p1a: Melmetal|80/100 brn|[from] brn
|upkeep
|turn|40
|
|t:|1660031413
|move|p2a: Tapu Koko|U-turn|p1a: Melmetal
|-resisted|p1a: Melmetal
|-damage|p1a: Melmetal|75/100 brn
|
|t:|1660031423
|switch|p2a: Corviknight|Corviknight, F|49/100|[from]move: U-turn
|-damage|p2a: Corviknight|37/100|[from] Stealth Rock
|-ability|p2a: Corviknight|Pressure
|move|p1a: Melmetal|Thunder Punch|p2a: Corviknight
|-supereffective|p2a: Corviknight
|-damage|p2a: Corviknight|7/100
|
|-heal|p2a: Corviknight|13/100|[from] item: Leftovers
|-heal|p1a: Melmetal|81/100 brn|[from] item: Leftovers
|-damage|p1a: Melmetal|75/100 brn|[from] brn
|upkeep
|turn|41
|
|t:|1660031439
|switch|p1a: Tornadus|Tornadus-Therian, M|100/100
|move|p2a: Corviknight|Roost|p2a: Corviknight
|-heal|p2a: Corviknight|63/100
|-singleturn|p2a: Corviknight|move: Roost
|
|-heal|p2a: Corviknight|69/100|[from] item: Leftovers
|upkeep
|turn|42
|
|t:|1660031444
|move|p1a: Tornadus|Knock Off|p2a: Corviknight
|-crit|p2a: Corviknight
|-damage|p2a: Corviknight|45/100
|-enditem|p2a: Corviknight|Leftovers|[from] move: Knock Off|[of] p1a: Tornadus
|move|p2a: Corviknight|Defog|p1a: Tornadus
|-unboost|p1a: Tornadus|evasion|1
|-sideend|p2: El Stefano|Stealth Rock|[from] move: Defog|[of] p2a: Corviknight
|
|upkeep
|turn|43
|
|t:|1660031450
|move|p1a: Tornadus|Hurricane|p2a: Corviknight
|-resisted|p2a: Corviknight
|-damage|p2a: Corviknight|30/100
|-start|p2a: Corviknight|confusion
|-activate|p2a: Corviknight|confusion
|move|p2a: Corviknight|Roost|p2a: Corviknight
|-heal|p2a: Corviknight|80/100
|-singleturn|p2a: Corviknight|move: Roost
|
|upkeep
|turn|44
|
|t:|1660031462
|switch|p2a: Tapu Koko|Tapu Koko|73/100
|-fieldstart|move: Electric Terrain|[from] ability: Electric Surge|[of] p2a: Tapu Koko
|move|p1a: Tornadus|U-turn|p2a: Tapu Koko
|-resisted|p2a: Tapu Koko
|-damage|p2a: Tapu Koko|63/100
|
|t:|1660031466
|switch|p1a: Clefable|Clefable, M|66/100|[from]move: U-turn
|
|upkeep
|turn|45
|
|t:|1660031470
|move|p2a: Tapu Koko|Thunderbolt|p1a: Clefable
|-damage|p1a: Clefable|25/100
|move|p1a: Clefable|Soft-Boiled|p1a: Clefable
|-heal|p1a: Clefable|75/100
|
|upkeep
|turn|46
|
|t:|1660031475
|move|p2a: Tapu Koko|Thunderbolt|p1a: Clefable
|-damage|p1a: Clefable|33/100
|move|p1a: Clefable|Soft-Boiled|p1a: Clefable
|-heal|p1a: Clefable|83/100
|
|upkeep
|turn|47
|
|t:|1660031484
|move|p2a: Tapu Koko|Thunderbolt|p1a: Clefable
|-damage|p1a: Clefable|43/100
|move|p1a: Clefable|Soft-Boiled|p1a: Clefable
|-heal|p1a: Clefable|93/100
|
|upkeep
|turn|48
|
|t:|1660031492
|move|p2a: Tapu Koko|Thunderbolt|p1a: Clefable
|-damage|p1a: Clefable|56/100
|-status|p1a: Clefable|par
|move|p1a: Clefable|Stealth Rock|p2a: Tapu Koko
|-sidestart|p2: El Stefano|move: Stealth Rock
|
|-fieldend|move: Electric Terrain
|upkeep
|turn|49
|
|t:|1660031502
|move|p2a: Tapu Koko|U-turn|p1a: Clefable
|-resisted|p1a: Clefable
|-damage|p1a: Clefable|49/100 par
|-damage|p2a: Tapu Koko|47/100|[from] item: Rocky Helmet|[of] p1a: Clefable
|
|t:|1660031506
|switch|p2a: Corviknight|Corviknight, F|80/100|[from]move: U-turn
|-damage|p2a: Corviknight|68/100|[from] Stealth Rock
|-ability|p2a: Corviknight|Pressure
|cant|p1a: Clefable|par
|
|upkeep
|turn|50
|
|t:|1660031512
|move|p2a: Corviknight|Defog|p1a: Clefable
|-unboost|p1a: Clefable|evasion|1
|-sideend|p2: El Stefano|Stealth Rock|[from] move: Defog|[of] p2a: Corviknight
|move|p1a: Clefable|Soft-Boiled|p1a: Clefable
|-heal|p1a: Clefable|99/100 par
|
|upkeep
|turn|51
|
|t:|1660031518
|move|p2a: Corviknight|Roost|p2a: Corviknight
|-heal|p2a: Corviknight|100/100
|-singleturn|p2a: Corviknight|move: Roost
|move|p1a: Clefable|Stealth Rock|p2a: Corviknight
|-sidestart|p2: El Stefano|move: Stealth Rock
|
|upkeep
|turn|52
|
|t:|1660031521
|move|p2a: Corviknight|Defog|p1a: Clefable
|-unboost|p1a: Clefable|evasion|1
|-sideend|p2: El Stefano|Stealth Rock|[from] move: Defog|[of] p2a: Corviknight
|cant|p1a: Clefable|par
|
|upkeep
|turn|53
|
|t:|1660031532
|switch|p2a: Tapu Koko|Tapu Koko|47/100
|-fieldstart|move: Electric Terrain|[from] ability: Electric Surge|[of] p2a: Tapu Koko
|move|p1a: Clefable|Stealth Rock|p2a: Tapu Koko
|-sidestart|p2: El Stefano|move: Stealth Rock
|
|upkeep
|turn|54
|
|t:|1660031540
|move|p2a: Tapu Koko|Roost|p2a: Tapu Koko
|-heal|p2a: Tapu Koko|97/100
|-singleturn|p2a: Tapu Koko|move: Roost
|cant|p1a: Clefable|par
|
|upkeep
|turn|55
|
|t:|1660031545
|move|p2a: Tapu Koko|Thunderbolt|p1a: Clefable
|-damage|p1a: Clefable|56/100 par
|move|p1a: Clefable|Moonblast|p2a: Tapu Koko
|-damage|p2a: Tapu Koko|48/100
|
|upkeep
|turn|56
|
|t:|1660031554
|move|p2a: Tapu Koko|Roost|p2a: Tapu Koko
|-heal|p2a: Tapu Koko|98/100
|-singleturn|p2a: Tapu Koko|move: Roost
|move|p1a: Clefable|Soft-Boiled|p1a: Clefable
|-heal|p1a: Clefable|100/100 par
|
|upkeep
|turn|57
|
|t:|1660031558
|switch|p2a: Corviknight|Corviknight, F|100/100
|-damage|p2a: Corviknight|88/100|[from] Stealth Rock
|-ability|p2a: Corviknight|Pressure
|move|p1a: Clefable|Moonblast|p2a: Corviknight
|-resisted|p2a: Corviknight
|-damage|p2a: Corviknight|77/100
|
|-fieldend|move: Electric Terrain
|upkeep
|turn|58
|
|t:|1660031563
|move|p2a: Corviknight|Defog|p1a: Clefable
|-unboost|p1a: Clefable|evasion|1
|-sideend|p2: El Stefano|Stealth Rock|[from] move: Defog|[of] p2a: Corviknight
|move|p1a: Clefable|Wish|p1a: Clefable
|
|upkeep
|turn|59
|
|t:|1660031571
|switch|p2a: Volcarona|Volcarona, F|74/100
|move|p1a: Clefable|Stealth Rock|p2a: Volcarona
|-sidestart|p2: El Stefano|move: Stealth Rock
|
|upkeep
|turn|60
|
|t:|1660031576
|switch|p1a: Tornadus|Tornadus-Therian, M|100/100
|move|p2a: Volcarona|Fiery Dance|p1a: Tornadus
|-damage|p1a: Tornadus|66/100
|
|upkeep
|turn|61
|
|t:|1660031585
|switch|p2a: Tapu Koko|Tapu Koko|98/100
|-damage|p2a: Tapu Koko|86/100|[from] Stealth Rock
|-fieldstart|move: Electric Terrain|[from] ability: Electric Surge|[of] p2a: Tapu Koko
|move|p1a: Tornadus|Hurricane|p2a: Tapu Koko
|-resisted|p2a: Tapu Koko
|-damage|p2a: Tapu Koko|55/100
|
|upkeep
|turn|62
|
|t:|1660031592
|switch|p1a: Ditto|Ditto|67/100
|-transform|p1a: Ditto|p2a: Tapu Koko|[from] ability: Imposter
|move|p2a: Tapu Koko|Thunderbolt|p1a: Ditto
|-resisted|p1a: Ditto
|-damage|p1a: Ditto|32/100
|
|upkeep
|turn|63
|
|t:|1660031602
|move|p1a: Ditto|Roost|p1a: Ditto
|-heal|p1a: Ditto|82/100
|-singleturn|p1a: Ditto|move: Roost
|move|p2a: Tapu Koko|Roost|p2a: Tapu Koko
|-heal|p2a: Tapu Koko|100/100
|-singleturn|p2a: Tapu Koko|move: Roost
|
|upkeep
|turn|64
|
|t:|1660031607
|switch|p1a: Clefable|Clefable, M|100/100 par
|move|p2a: Tapu Koko|U-turn|p1a: Clefable
|-resisted|p1a: Clefable
|-damage|p1a: Clefable|93/100 par
|-damage|p2a: Tapu Koko|84/100|[from] item: Rocky Helmet|[of] p1a: Clefable
|
|t:|1660031610
|switch|p2a: Corviknight|Corviknight, F|77/100|[from]move: U-turn
|-damage|p2a: Corviknight|65/100|[from] Stealth Rock
|-ability|p2a: Corviknight|Pressure
|
|upkeep
|turn|65
|
|t:|1660031616
|switch|p1a: Ditto|Ditto|82/100
|-transform|p1a: Ditto|p2a: Corviknight|[from] ability: Imposter
|-ability|p1a: Ditto|Pressure
|move|p2a: Corviknight|Defog|p1a: Ditto
|-unboost|p1a: Ditto|evasion|1
|-sideend|p2: El Stefano|Stealth Rock|[from] move: Defog|[of] p2a: Corviknight
|-fieldend|move: Electric Terrain
|
|upkeep
|turn|66
|
|t:|1660031626
|move|p1a: Ditto|U-turn|p2a: Corviknight
|-resisted|p2a: Corviknight
|-crit|p2a: Corviknight
|-damage|p2a: Corviknight|61/100
|
|t:|1660031629
|switch|p1a: Clefable|Clefable, M|93/100 par|[from]move: U-turn
|move|p2a: Corviknight|U-turn|p1a: Clefable
|-resisted|p1a: Clefable
|-damage|p1a: Clefable|86/100 par
|-damage|p2a: Corviknight|45/100|[from] item: Rocky Helmet|[of] p1a: Clefable
|
|t:|1660031634
|switch|p2a: Nidoking|Nidoking, M|27/100|[from]move: U-turn
|
|upkeep
|turn|67
|
|t:|1660031638
|switch|p1a: Tornadus|Tornadus-Therian, M|99/100
|move|p2a: Nidoking|Ice Beam|p1a: Tornadus
|-supereffective|p1a: Tornadus
|-damage|p1a: Tornadus|16/100
|
|upkeep
|turn|68
|
|t:|1660031647
|switch|p2a: Tapu Koko|Tapu Koko|84/100
|-fieldstart|move: Electric Terrain|[from] ability: Electric Surge|[of] p2a: Tapu Koko
|move|p1a: Tornadus|Knock Off|p2a: Tapu Koko
|-resisted|p2a: Tapu Koko
|-damage|p2a: Tapu Koko|74/100
|
|upkeep
|turn|69
|
|t:|1660031656
|switch|p1a: Ditto|Ditto|82/100
|-transform|p1a: Ditto|p2a: Tapu Koko|[from] ability: Imposter
|move|p2a: Tapu Koko|Thunderbolt|p1a: Ditto
|-resisted|p1a: Ditto
|-damage|p1a: Ditto|45/100
|
|upkeep
|turn|70
|
|t:|1660031660
|switch|p2a: Nidoking|Nidoking, M|27/100
|move|p1a: Ditto|Roost|p1a: Ditto
|-heal|p1a: Ditto|95/100
|-singleturn|p1a: Ditto|move: Roost
|
|upkeep
|turn|71
|
|t:|1660031670
|switch|p1a: Buzzwole|Buzzwole|97/100
|move|p2a: Nidoking|Ice Beam|p1a: Buzzwole
|-crit|p1a: Buzzwole
|-damage|p1a: Buzzwole|4/100
|
|upkeep
|turn|72
|
|t:|1660031677
|move|p2a: Nidoking|Ice Beam|p1a: Buzzwole
|-damage|p1a: Buzzwole|0 fnt
|faint|p1a: Buzzwole
|
|-fieldend|move: Electric Terrain
|upkeep
|
|t:|1660031682
|switch|p1a: Ditto|Ditto|95/100
|-transform|p1a: Ditto|p2a: Nidoking|[from] ability: Imposter
|turn|73
|
|t:|1660031692
|switch|p2a: Dragonite|Dragonite, F|100/100
|move|p1a: Ditto|Flamethrower|p2a: Dragonite
|-resisted|p2a: Dragonite
|-crit|p2a: Dragonite
|-damage|p2a: Dragonite|93/100
|
|upkeep
|turn|74
|
|t:|1660031703
|switch|p1a: Clefable|Clefable, M|86/100 par
|move|p2a: Dragonite|Roost|p2a: Dragonite
|-heal|p2a: Dragonite|100/100
|-singleturn|p2a: Dragonite|move: Roost
|
|upkeep
|turn|75
|
|t:|1660031709
|switch|p2a: Corviknight|Corviknight, F|45/100
|-ability|p2a: Corviknight|Pressure
|move|p1a: Clefable|Moonblast|p2a: Corviknight
|-resisted|p2a: Corviknight
|-damage|p2a: Corviknight|33/100
|
|upkeep
|turn|76
|
|t:|1660031715
|move|p2a: Corviknight|Roost|p2a: Corviknight
|-heal|p2a: Corviknight|83/100
|-singleturn|p2a: Corviknight|move: Roost
|cant|p1a: Clefable|par
|
|upkeep
|turn|77
|
|t:|1660031721
|switch|p2a: Nidoking|Nidoking, M|27/100
|move|p1a: Clefable|Stealth Rock|p2a: Nidoking
|-sidestart|p2: El Stefano|move: Stealth Rock
|
|upkeep
|turn|78
|
|t:|1660031731
|switch|p1a: Ditto|Ditto|95/100
|-transform|p1a: Ditto|p2a: Nidoking|[from] ability: Imposter
|move|p2a: Nidoking|Earth Power|p1a: Ditto
|-supereffective|p1a: Ditto
|-damage|p1a: Ditto|0 fnt
|faint|p1a: Ditto
|
|upkeep
|-message|RNN YasuKe forfeited.
|
|win|El Stefano
|raw|RNN YasuKe's rating: 1567 &rarr; <strong>1550</strong><br />(-17 for losing)
|raw|El Stefano's rating: 1619 &rarr; <strong>1636</strong><br />(+17 for winning)
|l|☆RNN YasuKe
