|j|☆NeoNaruto®++
|j|☆minimax_ai
|t:|1663336982
|gametype|singles
|player|p1|NeoNaruto®++|burglar-gen1rb|1835
|player|p2|minimax_ai|lusamine-nihilego|1684
|teamsize|p1|6
|teamsize|p2|6
|gen|8
|tier|[Gen 8] OU
|rated|
|rule|Sleep Clause Mod: Limit one foe put to sleep
|rule|Species Clause: Limit one of each Pokémon
|rule|OHKO Clause: OHKO moves are banned
|rule|Evasion Items Clause: Evasion items are banned
|rule|Evasion Moves Clause: Evasion moves are banned
|rule|Endless Battle Clause: Forcing endless battles is banned
|rule|HP Percentage Mod: HP is shown in percentages
|rule|Dynamax Clause: You cannot dynamax
|clearpoke
|poke|p1|Landorus-Therian, M|
|poke|p1|Ferrothorn, M|
|poke|p1|Tapu Koko|
|poke|p1|Dragonite, M|
|poke|p1|Darmanitan, F|
|poke|p1|Tyranitar, M|
|poke|p2|Rotom-Wash|
|poke|p2|Weavile, M|
|poke|p2|Landorus-Therian, M|
|poke|p2|Heatran, M|
|poke|p2|Tangrowth, F|
|poke|p2|Melmetal|
|teampreview
|inactive|Battle timer is ON: inactive players will automatically lose when time's up. (requested by NeoNaruto®++)
|c|☆minimax_ai|hf
|inactive|minimax_ai also wants the timer to be on.
|j| ty-tyui↻
|
|t:|1663336992
|start
|switch|p1a: Bernie Landers|Landorus-Therian, M|100/100
|switch|p2a: landorustherian|Landorus-Therian, M|100/100
|-ability|p2a: landorustherian|Intimidate|boost
|-unboost|p1a: Bernie Landers|atk|1
|-ability|p1a: Bernie Landers|Intimidate|boost
|-unboost|p2a: landorustherian|atk|1
|turn|1
|
|t:|1663336995
|switch|p2a: Melmetal|Melmetal|100/100
|move|p1a: Bernie Landers|Toxic|p2a: Melmetal
|-immune|p2a: Melmetal
|
|upkeep
|turn|2
|
|t:|1663336997
|move|p1a: Bernie Landers|U-turn|p2a: Melmetal
|-resisted|p2a: Melmetal
|-damage|p2a: Melmetal|96/100
|
|t:|1663337001
|switch|p1a: RX PAPi|Ferrothorn, M|100/100|[from]move: U-turn
|move|p2a: Melmetal|Ice Punch|p1a: RX PAPi
|-crit|p1a: RX PAPi
|-damage|p1a: RX PAPi|71/100
|-damage|p2a: Melmetal|84/100|[from] ability: Iron Barbs|[of] p1a: RX PAPi
|-damage|p2a: Melmetal|67/100|[from] item: Rocky Helmet|[of] p1a: RX PAPi
|
|upkeep
|turn|3
|
|t:|1663337005
|switch|p2a: landorustherian|Landorus-Therian, M|100/100
|-ability|p2a: landorustherian|Intimidate|boost
|-unboost|p1a: RX PAPi|atk|1
|move|p1a: RX PAPi|Toxic|p2a: landorustherian
|-status|p2a: landorustherian|tox
|
|-damage|p2a: landorustherian|94/100 tox|[from] psn
|upkeep
|turn|4
|
|t:|1663337008
|move|p2a: landorustherian|U-turn|p1a: RX PAPi
|-damage|p1a: RX PAPi|58/100
|-damage|p2a: landorustherian|82/100 tox|[from] ability: Iron Barbs|[of] p1a: RX PAPi
|-damage|p2a: landorustherian|66/100 tox|[from] item: Rocky Helmet|[of] p1a: RX PAPi
|
|t:|1663337008
|switch|p2a: Heatran|Heatran, M|100/100|[from]move: U-turn
|-item|p2a: Heatran|Air Balloon
|move|p1a: RX PAPi|Leech Seed|p2a: Heatran
|-start|p2a: Heatran|move: Leech Seed
|
|-damage|p2a: Heatran|88/100|[from] Leech Seed|[of] p1a: RX PAPi
|-heal|p1a: RX PAPi|70/100|[silent]
|upkeep
|turn|5
|
|t:|1663337010
|switch|p1a: DA LAST REX(3005)|Tyranitar, M|100/100
|-weather|Sandstorm|[from] ability: Sand Stream|[of] p1a: DA LAST REX(3005)
|move|p2a: Heatran|Magma Storm|p1a: DA LAST REX(3005)|[miss]
|-miss|p2a: Heatran|p1a: DA LAST REX(3005)
|
|-weather|Sandstorm|[upkeep]
|-damage|p2a: Heatran|76/100|[from] Leech Seed|[of] p1a: DA LAST REX(3005)
|upkeep
|turn|6
|j| ipredicteveryturn
|
|t:|1663337013
|switch|p2a: Tangrowth|Tangrowth, F|100/100
|move|p1a: DA LAST REX(3005)|Stone Edge|p2a: Tangrowth
|-damage|p2a: Tangrowth|77/100
|
|-weather|Sandstorm|[upkeep]
|-damage|p2a: Tangrowth|71/100|[from] Sandstorm
|upkeep
|turn|7
|l| ipredicteveryturn
|
|t:|1663337016
|switch|p1a: Bernie Landers|Landorus-Therian, M|100/100
|-ability|p1a: Bernie Landers|Intimidate|boost
|-unboost|p2a: Tangrowth|atk|1
|move|p2a: Tangrowth|Focus Blast|p1a: Bernie Landers
|-resisted|p1a: Bernie Landers
|-damage|p1a: Bernie Landers|85/100
|
|-weather|Sandstorm|[upkeep]
|-damage|p2a: Tangrowth|65/100|[from] Sandstorm
|upkeep
|turn|8
|
|t:|1663337019
|switch|p2a: Heatran|Heatran, M|76/100
|-item|p2a: Heatran|Air Balloon
|move|p1a: Bernie Landers|Stealth Rock|p2a: Heatran
|-sidestart|p2: minimax_ai|move: Stealth Rock
|
|-weather|Sandstorm|[upkeep]
|upkeep
|turn|9
|
|t:|1663337021
|move|p2a: Heatran|Stealth Rock|p1a: Bernie Landers
|-sidestart|p1: NeoNaruto®++|move: Stealth Rock
|move|p1a: Bernie Landers|U-turn|p2a: Heatran
|-resisted|p2a: Heatran
|-damage|p2a: Heatran|71/100
|-enditem|p2a: Heatran|Air Balloon
|
|t:|1663337024
|switch|p1a: DA LAST REX(3005)|Tyranitar, M|100/100|[from]move: U-turn
|-damage|p1a: DA LAST REX(3005)|88/100|[from] Stealth Rock
|
|-weather|none
|upkeep
|turn|10
|
|t:|1663337025
|move|p2a: Heatran|Earth Power|p1a: DA LAST REX(3005)
|-supereffective|p1a: DA LAST REX(3005)
|-damage|p1a: DA LAST REX(3005)|59/100
|move|p1a: DA LAST REX(3005)|Earthquake|p2a: Heatran
|-supereffective|p2a: Heatran
|-damage|p2a: Heatran|0 fnt
|faint|p2a: Heatran
|
|upkeep
|
|t:|1663337025
|switch|p2a: Melmetal|Melmetal|67/100
|-damage|p2a: Melmetal|61/100|[from] Stealth Rock
|turn|11
|
|t:|1663337028
|switch|p1a: Bernie Landers|Landorus-Therian, M|85/100
|-damage|p1a: Bernie Landers|72/100|[from] Stealth Rock
|-ability|p1a: Bernie Landers|Intimidate|boost
|-unboost|p2a: Melmetal|atk|1
|move|p2a: Melmetal|Earthquake|p1a: Bernie Landers
|-immune|p1a: Bernie Landers
|
|upkeep
|turn|12
|
|t:|1663337030
|move|p1a: Bernie Landers|U-turn|p2a: Melmetal
|-resisted|p2a: Melmetal
|-damage|p2a: Melmetal|54/100
|
|t:|1663337032
|switch|p1a: RX PAPi|Ferrothorn, M|70/100|[from]move: U-turn
|-damage|p1a: RX PAPi|63/100|[from] Stealth Rock
|move|p2a: Melmetal|Ice Punch|p1a: RX PAPi
|-damage|p1a: RX PAPi|49/100
|-damage|p2a: Melmetal|42/100|[from] ability: Iron Barbs|[of] p1a: RX PAPi
|-damage|p2a: Melmetal|25/100|[from] item: Rocky Helmet|[of] p1a: RX PAPi
|
|upkeep
|turn|13
|
|t:|1663337034
|move|p2a: Melmetal|Ice Punch|p1a: RX PAPi
|-damage|p1a: RX PAPi|37/100
|-damage|p2a: Melmetal|13/100|[from] ability: Iron Barbs|[of] p1a: RX PAPi
|-damage|p2a: Melmetal|0 fnt|[from] item: Rocky Helmet|[of] p1a: RX PAPi
|faint|p2a: Melmetal
|move|p1a: RX PAPi|Leech Seed|p2: Melmetal|[notarget]
|-fail|p1a: RX PAPi
|
|upkeep
|
|t:|1663337034
|switch|p2a: Weavile|Weavile, M|100/100
|-damage|p2a: Weavile|76/100|[from] Stealth Rock
|-ability|p2a: Weavile|Pressure
|turn|14
|
|t:|1663337037
|move|p2a: Weavile|Triple Axel|p1a: RX PAPi
|-damage|p1a: RX PAPi|29/100
|-damage|p2a: Weavile|63/100|[from] ability: Iron Barbs|[of] p1a: RX PAPi
|-damage|p2a: Weavile|47/100|[from] item: Rocky Helmet|[of] p1a: RX PAPi
|-damage|p1a: RX PAPi|11/100
|-damage|p2a: Weavile|34/100|[from] ability: Iron Barbs|[of] p1a: RX PAPi
|-damage|p2a: Weavile|18/100|[from] item: Rocky Helmet|[of] p1a: RX PAPi
|-damage|p1a: RX PAPi|0 fnt
|-damage|p2a: Weavile|5/100|[from] ability: Iron Barbs|[of] p1a: RX PAPi
|-damage|p2a: Weavile|0 fnt|[from] item: Rocky Helmet|[of] p1a: RX PAPi
|faint|p1a: RX PAPi
|faint|p2a: Weavile
|-hitcount|p1: RX PAPi|3
|
|upkeep
|
|t:|1663337045
|switch|p2a: rotomwash|Rotom-Wash|100/100
|switch|p1a: Bernie Landers|Landorus-Therian, M|72/100
|-damage|p2a: rotomwash|88/100|[from] Stealth Rock
|-damage|p1a: Bernie Landers|60/100|[from] Stealth Rock
|-ability|p1a: Bernie Landers|Intimidate|boost
|-unboost|p2a: rotomwash|atk|1
|turn|15
|
|t:|1663337047
|switch|p1a: DA LAST REX(3005)|Tyranitar, M|59/100
|-damage|p1a: DA LAST REX(3005)|46/100|[from] Stealth Rock
|-weather|Sandstorm|[from] ability: Sand Stream|[of] p1a: DA LAST REX(3005)
|move|p2a: rotomwash|Hydro Pump|p1a: DA LAST REX(3005)
|-supereffective|p1a: DA LAST REX(3005)
|-damage|p1a: DA LAST REX(3005)|19/100
|
|-weather|Sandstorm|[upkeep]
|-damage|p2a: rotomwash|82/100|[from] Sandstorm
|-heal|p2a: rotomwash|88/100|[from] item: Leftovers
|upkeep
|turn|16
|
|t:|1663337048
|move|p2a: rotomwash|Hydro Pump|p1a: DA LAST REX(3005)|[miss]
|-miss|p2a: rotomwash|p1a: DA LAST REX(3005)
|move|p1a: DA LAST REX(3005)|Stone Edge|p2a: rotomwash
|-damage|p2a: rotomwash|39/100
|
|-weather|Sandstorm|[upkeep]
|-damage|p2a: rotomwash|33/100|[from] Sandstorm
|-heal|p2a: rotomwash|39/100|[from] item: Leftovers
|upkeep
|turn|17
|
|t:|1663337050
|move|p2a: rotomwash|Thunderbolt|p1a: DA LAST REX(3005)
|-damage|p1a: DA LAST REX(3005)|10/100
|move|p1a: DA LAST REX(3005)|Stone Edge|p2a: rotomwash
|-damage|p2a: rotomwash|0 fnt
|faint|p2a: rotomwash
|
|-weather|Sandstorm|[upkeep]
|upkeep
|
|t:|1663337050
|switch|p2a: landorustherian|Landorus-Therian, M|66/100 tox
|-damage|p2a: landorustherian|53/100 tox|[from] Stealth Rock
|-ability|p2a: landorustherian|Intimidate|boost
|-unboost|p1a: DA LAST REX(3005)|atk|1
|turn|18
|
|t:|1663337053
|move|p2a: landorustherian|Toxic|p1a: DA LAST REX(3005)
|-status|p1a: DA LAST REX(3005)|tox
|move|p1a: DA LAST REX(3005)|Stone Edge|p2a: landorustherian
|-damage|p2a: landorustherian|26/100 tox
|
|-weather|Sandstorm|[upkeep]
|-heal|p2a: landorustherian|33/100 tox|[from] item: Leftovers
|-damage|p2a: landorustherian|26/100 tox|[from] psn
|-damage|p1a: DA LAST REX(3005)|4/100 tox|[from] psn
|upkeep
|turn|19
|
|t:|1663337055
|switch|p1a: Bernie Landers|Landorus-Therian, M|60/100
|-damage|p1a: Bernie Landers|48/100|[from] Stealth Rock
|-ability|p1a: Bernie Landers|Intimidate|boost
|-unboost|p2a: landorustherian|atk|1
|move|p2a: landorustherian|U-turn|p1a: Bernie Landers
|-resisted|p1a: Bernie Landers
|-damage|p1a: Bernie Landers|43/100
|-damage|p2a: landorustherian|10/100 tox|[from] item: Rocky Helmet|[of] p1a: Bernie Landers
|
|t:|1663337055
|switch|p2a: Tangrowth|Tangrowth, F|98/100|[from]move: U-turn
|-damage|p2a: Tangrowth|86/100|[from] Stealth Rock
|
|-weather|none
|upkeep
|turn|20
|
|t:|1663337059
|move|p1a: Bernie Landers|Knock Off|p2a: Tangrowth
|-damage|p2a: Tangrowth|70/100
|-damage|p1a: Bernie Landers|26/100|[from] item: Rocky Helmet|[of] p2a: Tangrowth
|-enditem|p2a: Tangrowth|Rocky Helmet|[from] move: Knock Off|[of] p1a: Bernie Landers
|move|p2a: Tangrowth|Giga Drain|p1a: Bernie Landers
|-damage|p1a: Bernie Landers|0 fnt
|-heal|p2a: Tangrowth|82/100|[from] drain|[of] p1a: Bernie Landers
|faint|p1a: Bernie Landers
|
|upkeep
|
|t:|1663337061
|switch|p1a: PURRP FOR SALE|Darmanitan, F|100/100
|-damage|p1a: PURRP FOR SALE|76/100|[from] Stealth Rock
|turn|21
|
|t:|1663337062
|switch|p2a: landorustherian|Landorus-Therian, M|10/100 tox
|-damage|p2a: landorustherian|0 fnt|[from] Stealth Rock
|faint|p2a: landorustherian
|move|p1a: PURRP FOR SALE|Flare Blitz|p2: landorustherian|[notarget]
|-fail|p1a: PURRP FOR SALE
|
|upkeep
|
|t:|1663337063
|switch|p2a: Tangrowth|Tangrowth, F|100/100
|-damage|p2a: Tangrowth|88/100|[from] Stealth Rock
|turn|22
|
|t:|1663337064
|move|p1a: PURRP FOR SALE|Flare Blitz|p2a: Tangrowth
|-supereffective|p2a: Tangrowth
|-damage|p2a: Tangrowth|0 fnt
|faint|p2a: Tangrowth
|-damage|p1a: PURRP FOR SALE|42/100|[from] Recoil
|
|win|NeoNaruto®++
|raw|NeoNaruto®++'s rating: 1835 &rarr; <strong>1847</strong><br />(+12 for winning)
|raw|minimax_ai's rating: 1684 &rarr; <strong>1672</strong><br />(-12 for losing)
|c|☆minimax_ai|gg
