|j|☆quixana
|j|☆Jongruenwald
|t:|1666999650
|gametype|singles
|player|p1|quixana|ethan-pokeathlon|1631
|player|p2|Jongruenwald|marlon|1671
|teamsize|p1|6
|teamsize|p2|6
|gen|8
|tier|[Gen 8] OU
|rated|
|rule|Sleep Clause Mod: Limit one foe put to sleep
|rule|Species Clause: Limit one of each Pokémon
|rule|OHKO Clause: OHKO moves are banned
|rule|Evasion Items Clause: Evasion items are banned
|rule|Evasion Moves Clause: Evasion moves are banned
|rule|Endless Battle Clause: Forcing endless battles is banned
|rule|HP Percentage Mod: HP is shown in percentages
|rule|Dynamax Clause: You cannot dynamax
|clearpoke
|poke|p1|Dragapult, M|
|poke|p1|Rotom-Wash|
|poke|p1|Landorus-Therian, M|
|poke|p1|Melmetal|
|poke|p1|Weavile, M|
|poke|p1|Kartana|
|poke|p2|Mandibuzz, F|
|poke|p2|Tyranitar, F|
|poke|p2|Excadrill, M|
|poke|p2|Aegislash, F|
|poke|p2|Toxapex, F|
|poke|p2|Urshifu-*, F|
|teampreview
|
|t:|1666999659
|start
|switch|p1a: Phantom|Rotom-Wash, shiny|100/100
|switch|p2a: Toxapex|Toxapex, F|100/100
|turn|1
|
|t:|1666999673
|move|p1a: Phantom|Volt Switch|p2a: Toxapex
|-supereffective|p2a: Toxapex
|-damage|p2a: Toxapex|50/100
|
|t:|1666999676
|switch|p1a: Fate|Melmetal, shiny|100/100|[from]move: Volt Switch
|move|p2a: Toxapex|Toxic|p1a: Fate
|-immune|p1a: Fate
|
|upkeep
|turn|2
|
|t:|1666999685
|switch|p2a: Mandibuzz|Mandibuzz, F|100/100
|move|p1a: Fate|Thunder Punch|p2a: Mandibuzz
|-supereffective|p2a: Mandibuzz
|-damage|p2a: Mandibuzz|34/100
|
|-heal|p2a: Mandibuzz|41/100|[from] item: Leftovers
|upkeep
|turn|3
|
|t:|1666999701
|switch|p1a: Phantom|Rotom-Wash, shiny|100/100
|move|p2a: Mandibuzz|Roost|p2a: Mandibuzz
|-heal|p2a: Mandibuzz|91/100
|-singleturn|p2a: Mandibuzz|move: Roost
|
|-heal|p2a: Mandibuzz|97/100|[from] item: Leftovers
|upkeep
|turn|4
|j| BabyPigsAreLaughin
|
|t:|1666999722
|switch|p2a: Toxapex|Toxapex, F|84/100
|move|p1a: Phantom|Volt Switch|p2a: Toxapex
|-supereffective|p2a: Toxapex
|-damage|p2a: Toxapex|34/100
|
|t:|1666999736
|switch|p1a: Fate|Melmetal, shiny|100/100|[from]move: Volt Switch
|
|upkeep
|turn|5
|
|t:|1666999754
|switch|p2a: Mandibuzz|Mandibuzz, F|97/100
|move|p1a: Fate|Double Iron Bash|p2a: Mandibuzz
|-damage|p2a: Mandibuzz|61/100
|-damage|p2a: Mandibuzz|25/100
|-hitcount|p2a: Mandibuzz|2
|
|-heal|p2a: Mandibuzz|31/100|[from] item: Leftovers
|upkeep
|turn|6
|
|t:|1666999785
|switch|p1a: Phantom|Rotom-Wash, shiny|100/100
|move|p2a: Mandibuzz|U-turn|p1a: Phantom
|-damage|p1a: Phantom|86/100
|
|t:|1666999791
|switch|p2a: Aegislash|Aegislash, F|100/100|[from]move: U-turn
|
|-heal|p1a: Phantom|92/100|[from] item: Leftovers
|upkeep
|turn|7
|
|t:|1666999800
|move|p1a: Phantom|Volt Switch|p2a: Aegislash
|-damage|p2a: Aegislash|73/100
|
|t:|1666999803
|switch|p1a: Enten|Landorus-Therian, M, shiny|100/100|[from]move: Volt Switch
|-ability|p1a: Enten|Intimidate|boost
|-unboost|p2a: Aegislash|atk|1
|-formechange|p2a: Aegislash|Aegislash-Blade||[from] ability: Stance Change
|move|p2a: Aegislash|Shadow Ball|p1a: Enten
|-damage|p1a: Enten|64/100
|-unboost|p1a: Enten|spd|1
|
|-heal|p1a: Enten|70/100|[from] item: Leftovers
|-heal|p2a: Aegislash|79/100|[from] item: Leftovers
|upkeep
|turn|8
|
|t:|1666999811
|switch|p2a: Mandibuzz|Mandibuzz, F|31/100
|move|p1a: Enten|U-turn|p2a: Mandibuzz
|-damage|p2a: Mandibuzz|19/100
|
|t:|1666999816
|switch|p1a: Phantom|Rotom-Wash, shiny|92/100|[from]move: U-turn
|
|-heal|p1a: Phantom|98/100|[from] item: Leftovers
|-heal|p2a: Mandibuzz|25/100|[from] item: Leftovers
|upkeep
|turn|9
|
|t:|1666999822
|switch|p2a: Excadrill|Excadrill, M|100/100
|-item|p2a: Excadrill|Air Balloon
|move|p1a: Phantom|Volt Switch|p2a: Excadrill
|-immune|p2a: Excadrill
|
|-heal|p1a: Phantom|100/100|[from] item: Leftovers
|upkeep
|turn|10
|
|t:|1666999832
|switch|p2a: Tyranitar|Tyranitar, F|100/100
|-weather|Sandstorm|[from] ability: Sand Stream|[of] p2a: Tyranitar
|move|p1a: Phantom|Hydro Pump|p2a: Tyranitar
|-supereffective|p2a: Tyranitar
|-damage|p2a: Tyranitar|56/100
|
|-weather|Sandstorm|[upkeep]
|-damage|p1a: Phantom|94/100|[from] Sandstorm
|-heal|p1a: Phantom|100/100|[from] item: Leftovers
|upkeep
|turn|11
|
|t:|1666999847
|move|p1a: Phantom|Volt Switch|p2a: Tyranitar
|-damage|p2a: Tyranitar|43/100
|
|t:|1666999850
|switch|p1a: Enten|Landorus-Therian, M, shiny|70/100|[from]move: Volt Switch
|-ability|p1a: Enten|Intimidate|boost
|-unboost|p2a: Tyranitar|atk|1
|move|p2a: Tyranitar|Stealth Rock|p1a: Enten
|-sidestart|p1: quixana|move: Stealth Rock
|
|-weather|Sandstorm|[upkeep]
|-heal|p1a: Enten|76/100|[from] item: Leftovers
|upkeep
|turn|12
|
|t:|1666999856
|switch|p2a: Urshifu|Urshifu-Rapid-Strike, F|100/100
|move|p1a: Enten|Defog|p2a: Urshifu
|-unboost|p2a: Urshifu|evasion|1
|-sideend|p1: quixana|Stealth Rock|[from] move: Defog|[of] p1a: Enten
|
|-weather|Sandstorm|[upkeep]
|-damage|p2a: Urshifu|94/100|[from] Sandstorm
|-heal|p1a: Enten|82/100|[from] item: Leftovers
|upkeep
|turn|13
|
|t:|1666999859
|switch|p1a: Leviathan|Dragapult, M, shiny|100/100
|move|p2a: Urshifu|Bulk Up|p2a: Urshifu
|-boost|p2a: Urshifu|atk|1
|-boost|p2a: Urshifu|def|1
|
|-weather|Sandstorm|[upkeep]
|-damage|p1a: Leviathan|95/100|[from] Sandstorm
|-damage|p2a: Urshifu|88/100|[from] Sandstorm
|upkeep
|turn|14
|
|t:|1666999876
|move|p1a: Leviathan|Draco Meteor|p2a: Urshifu
|-damage|p2a: Urshifu|0 fnt
|-unboost|p1a: Leviathan|spa|2
|faint|p2a: Urshifu
|
|-weather|Sandstorm|[upkeep]
|-damage|p1a: Leviathan|89/100|[from] Sandstorm
|upkeep
|
|t:|1666999882
|switch|p2a: Excadrill|Excadrill, M|100/100
|-item|p2a: Excadrill|Air Balloon
|turn|15
|
|t:|1666999891
|switch|p1a: Enten|Landorus-Therian, M, shiny|82/100
|-ability|p1a: Enten|Intimidate|boost
|-unboost|p2a: Excadrill|atk|1
|move|p2a: Excadrill|Swords Dance|p2a: Excadrill
|-boost|p2a: Excadrill|atk|2
|
|-weather|Sandstorm|[upkeep]
|-heal|p1a: Enten|88/100|[from] item: Leftovers
|upkeep
|turn|16
|
|t:|1666999896
|move|p2a: Excadrill|Iron Head|p1a: Enten
|-damage|p1a: Enten|28/100
|move|p1a: Enten|U-turn|p2a: Excadrill
|-resisted|p2a: Excadrill
|-crit|p2a: Excadrill
|-damage|p2a: Excadrill|78/100
|-enditem|p2a: Excadrill|Air Balloon
|
|t:|1666999920
|switch|p1a: Deathstroke|Kartana, shiny|100/100|[from]move: U-turn
|
|-weather|Sandstorm|[upkeep]
|upkeep
|turn|17
|
|t:|1666999932
|switch|p2a: Toxapex|Toxapex, F|67/100
|move|p1a: Deathstroke|Knock Off|p2a: Toxapex
|-damage|p2a: Toxapex|39/100
|-damage|p1a: Deathstroke|84/100|[from] item: Rocky Helmet|[of] p2a: Toxapex
|-enditem|p2a: Toxapex|Rocky Helmet|[from] move: Knock Off|[of] p1a: Deathstroke
|
|-weather|none
|upkeep
|turn|18
|
|t:|1666999953
|switch|p1a: Fate|Melmetal, shiny|100/100
|switch|p2a: Aegislash|Aegislash, F|79/100
|
|-heal|p2a: Aegislash|85/100|[from] item: Leftovers
|upkeep
|turn|19
|
|t:|1666999967
|move|p2a: Aegislash|King's Shield|p2a: Aegislash
|-singleturn|p2a: Aegislash|Protect
|move|p1a: Fate|Double Iron Bash|p2a: Aegislash
|-activate|p2a: Aegislash|move: Protect
|-unboost|p1a: Fate|atk|1
|
|-heal|p2a: Aegislash|91/100|[from] item: Leftovers
|upkeep
|turn|20
|
|t:|1666999972
|-formechange|p2a: Aegislash|Aegislash-Blade||[from] ability: Stance Change
|move|p2a: Aegislash|Shadow Ball|p1a: Fate
|-damage|p1a: Fate|56/100
|move|p1a: Fate|Double Iron Bash|p2a: Aegislash
|-resisted|p2a: Aegislash
|-damage|p2a: Aegislash|44/100
|-resisted|p2a: Aegislash
|-crit|p2a: Aegislash
|-damage|p2a: Aegislash|0 fnt
|faint|p2a: Aegislash
|-hitcount|p2: Aegislash|2
|
|upkeep
|c|☆Jongruenwald|Gg
|c|☆quixana|gg
|-message|Jongruenwald forfeited.
|
|win|quixana
|raw|quixana's rating: 1660 &rarr; <strong>1681</strong><br />(+21 for winning)
|raw|Jongruenwald's rating: 1671 &rarr; <strong>1650</strong><br />(-21 for losing)
|l|☆Jongruenwald
|l| BabyPigsAreLaughin
||Ladder isn't responding, score probably updated but might not have (Request timeout).
