|raw|<div class="broadcast-blue"><strong>This battle is required to be public due to a player having a name starting with 'lt81yl'.</div>
|j|☆LT81YL Andres
|j|☆Plasmeek
|t:|1625559659
|gametype|singles
|player|p1|LT81YL Andres|pokemonbreederf-gen4|1684
|player|p2|Plasmeek|youngster-gen4dp|1776
|teamsize|p1|6
|teamsize|p2|6
|gen|8
|tier|[Gen 8] OU
|rated|
|rule|Sleep Clause Mod: Limit one foe put to sleep
|rule|Species Clause: Limit one of each Pokémon
|rule|OHKO Clause: OHKO moves are banned
|rule|Evasion Moves Clause: Evasion moves are banned
|rule|Endless Battle Clause: Forcing endless battles is banned
|rule|HP Percentage Mod: HP is shown in percentages
|rule|Dynamax Clause: You cannot dynamax
|clearpoke
|poke|p1|Corviknight, M|
|poke|p1|Garchomp, M|
|poke|p1|Tapu Lele|
|poke|p1|Blissey, F|
|poke|p1|Melmetal|
|poke|p1|Dragapult, F|
|poke|p2|Slowking-Galar, M|
|poke|p2|Buzzwole|
|poke|p2|Ferrothorn, M|
|poke|p2|Hippowdon, F|
|poke|p2|Zeraora|
|poke|p2|Tornadus-Therian, M|
|teampreview
|inactive|Battle timer is ON: inactive players will automatically lose when time's up. (requested by LT81YL Andres)
|
|t:|1625559682
|start
|switch|p1a: Garchomp|Garchomp, M|100/100
|switch|p2a: Hippowdon|Hippowdon, F|100/100
|-weather|Sandstorm|[from] ability: Sand Stream|[of] p2a: Hippowdon
|turn|1
|
|t:|1625559689
|switch|p2a: Ferrothorn|Ferrothorn, M|100/100
|move|p1a: Garchomp|Toxic|p2a: Ferrothorn
|-immune|p2a: Ferrothorn
|
|-weather|Sandstorm|[upkeep]
|upkeep
|turn|2
|
|t:|1625559695
|move|p1a: Garchomp|Fire Blast|p2a: Ferrothorn
|-supereffective|p2a: Ferrothorn
|-damage|p2a: Ferrothorn|48/100
|move|p2a: Ferrothorn|Spikes|p1a: Garchomp
|-sidestart|p1: LT81YL Andres|Spikes
|
|-weather|Sandstorm|[upkeep]
|-heal|p2a: Ferrothorn|54/100|[from] item: Leftovers
|upkeep
|turn|3
|
|t:|1625559705
|switch|p2a: Tornadus|Tornadus-Therian, M, shiny|100/100
|move|p1a: Garchomp|Stealth Rock|p2a: Tornadus
|-sidestart|p2: Plasmeek|move: Stealth Rock
|
|-weather|Sandstorm|[upkeep]
|-damage|p2a: Tornadus|94/100|[from] Sandstorm
|upkeep
|turn|4
|
|t:|1625559713
|switch|p1a: Blissey|Blissey, F|100/100
|move|p2a: Tornadus|Nasty Plot|p2a: Tornadus
|-boost|p2a: Tornadus|spa|2
|
|-weather|Sandstorm|[upkeep]
|-damage|p2a: Tornadus|88/100|[from] Sandstorm
|-damage|p1a: Blissey|94/100|[from] Sandstorm
|upkeep
|turn|5
|
|t:|1625559723
|switch|p2a: Slowking|Slowking-Galar, M|100/100
|-damage|p2a: Slowking|88/100|[from] Stealth Rock
|move|p1a: Blissey|Thunder Wave|p2a: Slowking
|-status|p2a: Slowking|par
|
|-weather|none
|upkeep
|turn|6
|
|t:|1625559729
|cant|p2a: Slowking|par
|move|p1a: Blissey|Teleport|p1a: Blissey
|
|t:|1625559733
|switch|p1a: Garchomp|Garchomp, M|100/100|[from]move: Teleport
|-damage|p1a: Garchomp|88/100|[from] Spikes
|
|upkeep
|turn|7
|
|t:|1625559737
|switch|p2a: Tornadus|Tornadus-Therian, M, shiny|100/100
|move|p1a: Garchomp|Earthquake|p2a: Tornadus
|-immune|p2a: Tornadus
|
|upkeep
|turn|8
|
|t:|1625559745
|move|p2a: Tornadus|Hurricane|p1a: Garchomp
|-damage|p1a: Garchomp|48/100
|move|p1a: Garchomp|Toxic|p2a: Tornadus
|-status|p2a: Tornadus|tox
|
|-damage|p2a: Tornadus|94/100 tox|[from] psn
|upkeep
|turn|9
|
|t:|1625559752
|switch|p2a: Slowking|Slowking-Galar, M|100/100 par
|-damage|p2a: Slowking|88/100 par|[from] Stealth Rock
|switch|p1a: Blissey|Blissey, F|94/100
|
|upkeep
|turn|10
|
|t:|1625559755
|move|p2a: Slowking|Future Sight|p1a: Blissey
|-start|p2a: Slowking|move: Future Sight
|move|p1a: Blissey|Teleport|p1a: Blissey
|
|t:|1625559762
|switch|p1a: Melmetal|Melmetal|100/100|[from]move: Teleport
|-damage|p1a: Melmetal|88/100|[from] Spikes
|
|-heal|p1a: Melmetal|94/100|[from] item: Leftovers
|upkeep
|turn|11
|
|t:|1625559772
|switch|p2a: Buzzwole|Buzzwole|100/100
|-damage|p2a: Buzzwole|88/100|[from] Stealth Rock
|move|p1a: Melmetal|Toxic|p2a: Buzzwole
|-status|p2a: Buzzwole|tox
|
|-heal|p1a: Melmetal|99/100|[from] item: Leftovers
|-damage|p2a: Buzzwole|82/100 tox|[from] psn
|upkeep
|turn|12
|
|t:|1625559777
|move|p1a: Melmetal|Protect|p1a: Melmetal
|-singleturn|p1a: Melmetal|Protect
|move|p2a: Buzzwole|Close Combat|p1a: Melmetal
|-activate|p1a: Melmetal|move: Protect
|
|-end|p1a: Melmetal|move: Future Sight
|-resisted|p1a: Melmetal
|-damage|p1a: Melmetal|77/100
|-heal|p1a: Melmetal|83/100|[from] item: Leftovers
|-damage|p2a: Buzzwole|69/100 tox|[from] psn
|upkeep
|turn|13
|
|t:|1625559788
|switch|p1a: Corviknight|Corviknight, M|100/100
|-ability|p1a: Corviknight|Pressure
|move|p2a: Buzzwole|Roost|p2a: Buzzwole
|-heal|p2a: Buzzwole|100/100 tox
|-singleturn|p2a: Buzzwole|move: Roost
|
|-damage|p2a: Buzzwole|82/100 tox|[from] psn
|upkeep
|turn|14
|
|t:|1625559793
|switch|p2a: Ferrothorn|Ferrothorn, M|54/100
|-damage|p2a: Ferrothorn|48/100|[from] Stealth Rock
|move|p1a: Corviknight|U-turn|p2a: Ferrothorn
|-damage|p2a: Ferrothorn|37/100
|-damage|p1a: Corviknight|88/100|[from] ability: Iron Barbs|[of] p2a: Ferrothorn
|
|t:|1625559800
|switch|p1a: Garchomp|Garchomp, M|48/100|[from]move: U-turn
|-damage|p1a: Garchomp|35/100|[from] Spikes
|
|-heal|p2a: Ferrothorn|43/100|[from] item: Leftovers
|upkeep
|turn|15
|
|t:|1625559808
|switch|p2a: Tornadus|Tornadus-Therian, M, shiny|100/100 tox
|move|p1a: Garchomp|Fire Blast|p2a: Tornadus
|-damage|p2a: Tornadus|82/100 tox
|
|-damage|p2a: Tornadus|76/100 tox|[from] psn
|upkeep
|turn|16
|
|t:|1625559813
|switch|p1a: Blissey|Blissey, F|94/100
|move|p2a: Tornadus|Hurricane|p1a: Blissey
|-damage|p1a: Blissey|78/100
|
|-damage|p2a: Tornadus|64/100 tox|[from] psn
|upkeep
|turn|17
|
|t:|1625559817
|switch|p2a: Hippowdon|Hippowdon, F|100/100
|-damage|p2a: Hippowdon|94/100|[from] Stealth Rock
|-weather|Sandstorm|[from] ability: Sand Stream|[of] p2a: Hippowdon
|move|p1a: Blissey|Teleport|p1a: Blissey
|
|t:|1625559825
|switch|p1a: Tapu Lele|Tapu Lele|100/100|[from]move: Teleport
|-damage|p1a: Tapu Lele|88/100|[from] Spikes
|-fieldstart|move: Psychic Terrain|[from] ability: Psychic Surge|[of] p1a: Tapu Lele
|
|-weather|Sandstorm|[upkeep]
|-damage|p1a: Tapu Lele|82/100|[from] Sandstorm
|-heal|p2a: Hippowdon|100/100|[from] item: Leftovers
|upkeep
|turn|18
|
|t:|1625559831
|move|p1a: Tapu Lele|Psyshock|p2a: Hippowdon
|-damage|p2a: Hippowdon|43/100
|move|p2a: Hippowdon|Slack Off|p2a: Hippowdon
|-heal|p2a: Hippowdon|93/100
|
|-weather|Sandstorm|[upkeep]
|-damage|p1a: Tapu Lele|76/100|[from] Sandstorm
|-heal|p2a: Hippowdon|99/100|[from] item: Leftovers
|upkeep
|turn|19
|
|t:|1625559837
|switch|p1a: Corviknight|Corviknight, M|88/100
|-ability|p1a: Corviknight|Pressure
|move|p2a: Hippowdon|Slack Off|p2a: Hippowdon
|-heal|p2a: Hippowdon|100/100
|
|-weather|Sandstorm|[upkeep]
|-heal|p1a: Corviknight|94/100|[from] item: Leftovers
|upkeep
|turn|20
|
|t:|1625559842
|switch|p2a: Zeraora|Zeraora|100/100
|move|p1a: Corviknight|Body Press|p2a: Zeraora
|-damage|p2a: Zeraora|67/100
|
|-weather|Sandstorm|[upkeep]
|-damage|p2a: Zeraora|61/100|[from] Sandstorm
|-heal|p1a: Corviknight|100/100|[from] item: Leftovers
|upkeep
|turn|21
|
|t:|1625559848
|switch|p1a: Garchomp|Garchomp, M|35/100
|-damage|p1a: Garchomp|23/100|[from] Spikes
|move|p2a: Zeraora|Plasma Fists|p1a: Garchomp
|-immune|p1a: Garchomp
|
|-weather|none
|-fieldend|move: Psychic Terrain
|upkeep
|turn|22
|
|t:|1625559854
|move|p2a: Zeraora|Close Combat|p1a: Garchomp
|-damage|p1a: Garchomp|0 fnt
|-unboost|p2a: Zeraora|def|1
|-unboost|p2a: Zeraora|spd|1
|-damage|p2a: Zeraora|49/100|[from] ability: Rough Skin|[of] p1a: Garchomp
|-damage|p2a: Zeraora|33/100|[from] item: Rocky Helmet|[of] p1a: Garchomp
|faint|p1a: Garchomp
|
|upkeep
|
|t:|1625559864
|switch|p1a: Corviknight|Corviknight, M|100/100
|-ability|p1a: Corviknight|Pressure
|turn|23
|
|t:|1625559869
|switch|p2a: Slowking|Slowking-Galar, M|100/100 par
|-damage|p2a: Slowking|88/100 par|[from] Stealth Rock
|move|p1a: Corviknight|Body Press|p2a: Slowking
|-resisted|p2a: Slowking
|-damage|p2a: Slowking|81/100 par
|
|upkeep
|turn|24
|
|t:|1625559874
|move|p1a: Corviknight|U-turn|p2a: Slowking
|-damage|p2a: Slowking|66/100 par
|
|t:|1625559877
|switch|p1a: Melmetal|Melmetal|83/100|[from]move: U-turn
|-damage|p1a: Melmetal|71/100|[from] Spikes
|move|p2a: Slowking|Future Sight|p1a: Melmetal
|-start|p2a: Slowking|move: Future Sight
|
|-heal|p1a: Melmetal|77/100|[from] item: Leftovers
|upkeep
|turn|25
|
|t:|1625559888
|switch|p2a: Hippowdon|Hippowdon, F|100/100
|-damage|p2a: Hippowdon|94/100|[from] Stealth Rock
|-weather|Sandstorm|[from] ability: Sand Stream|[of] p2a: Hippowdon
|move|p1a: Melmetal|Double Iron Bash|p2a: Hippowdon
|-damage|p2a: Hippowdon|60/100
|-damage|p2a: Hippowdon|29/100
|-hitcount|p2a: Hippowdon|2
|
|-weather|Sandstorm|[upkeep]
|-heal|p2a: Hippowdon|35/100|[from] item: Leftovers
|-heal|p1a: Melmetal|83/100|[from] item: Leftovers
|upkeep
|turn|26
|
|t:|1625559899
|move|p2a: Hippowdon|Slack Off|p2a: Hippowdon
|-heal|p2a: Hippowdon|85/100
|move|p1a: Melmetal|Toxic|p2a: Hippowdon
|-status|p2a: Hippowdon|tox
|
|-weather|Sandstorm|[upkeep]
|-end|p1a: Melmetal|move: Future Sight
|-resisted|p1a: Melmetal
|-damage|p1a: Melmetal|62/100
|-heal|p2a: Hippowdon|91/100 tox|[from] item: Leftovers
|-heal|p1a: Melmetal|68/100|[from] item: Leftovers
|-damage|p2a: Hippowdon|85/100 tox|[from] psn
|upkeep
|turn|27
|
|t:|1625559908
|switch|p2a: Ferrothorn|Ferrothorn, M|43/100
|-damage|p2a: Ferrothorn|37/100|[from] Stealth Rock
|move|p1a: Melmetal|Protect||[still]
|-fail|p1a: Melmetal
|
|-weather|Sandstorm|[upkeep]
|-heal|p1a: Melmetal|74/100|[from] item: Leftovers
|-heal|p2a: Ferrothorn|43/100|[from] item: Leftovers
|upkeep
|turn|28
|
|t:|1625559911
|move|p1a: Melmetal|Earthquake|p2a: Ferrothorn
|-damage|p2a: Ferrothorn|11/100
|move|p2a: Ferrothorn|Leech Seed|p1a: Melmetal
|-start|p1a: Melmetal|move: Leech Seed
|
|-weather|Sandstorm|[upkeep]
|-heal|p1a: Melmetal|80/100|[from] item: Leftovers
|-heal|p2a: Ferrothorn|18/100|[from] item: Leftovers
|-damage|p1a: Melmetal|67/100|[from] Leech Seed|[of] p2a: Ferrothorn
|-heal|p2a: Ferrothorn|32/100|[silent]
|upkeep
|turn|29
|
|t:|1625559921
|switch|p1a: Tapu Lele|Tapu Lele|76/100
|-damage|p1a: Tapu Lele|63/100|[from] Spikes
|-fieldstart|move: Psychic Terrain|[from] ability: Psychic Surge|[of] p1a: Tapu Lele
|switch|p2a: Buzzwole|Buzzwole|82/100 tox
|-damage|p2a: Buzzwole|69/100 tox|[from] Stealth Rock
|
|-weather|none
|-damage|p2a: Buzzwole|63/100 tox|[from] psn
|upkeep
|turn|30
|
|t:|1625559929
|switch|p2a: Ferrothorn|Ferrothorn, M|32/100
|-damage|p2a: Ferrothorn|26/100|[from] Stealth Rock
|move|p1a: Tapu Lele|Psyshock|p2a: Ferrothorn
|-resisted|p2a: Ferrothorn
|-damage|p2a: Ferrothorn|0 fnt
|faint|p2a: Ferrothorn
|
|upkeep
|
|t:|1625559932
|switch|p2a: Zeraora|Zeraora|33/100
|turn|31
|
|t:|1625559935
|move|p2a: Zeraora|Plasma Fists|p1a: Tapu Lele
|-damage|p1a: Tapu Lele|0 fnt
|faint|p1a: Tapu Lele
|
|upkeep
|
|t:|1625559941
|switch|p1a: Corviknight|Corviknight, M|100/100
|-ability|p1a: Corviknight|Pressure
|turn|32
|
|t:|1625559947
|switch|p2a: Tornadus|Tornadus-Therian, M, shiny|97/100 tox
|move|p1a: Corviknight|Body Press|p2a: Tornadus
|-resisted|p2a: Tornadus
|-damage|p2a: Tornadus|84/100 tox
|
|-damage|p2a: Tornadus|78/100 tox|[from] psn
|upkeep
|turn|33
|
|t:|1625559951
|move|p2a: Tornadus|Nasty Plot|p2a: Tornadus
|-boost|p2a: Tornadus|spa|2
|move|p1a: Corviknight|U-turn|p2a: Tornadus
|-resisted|p2a: Tornadus
|-damage|p2a: Tornadus|70/100 tox
|
|t:|1625559954
|switch|p1a: Dragapult|Dragapult, F|100/100|[from]move: U-turn
|-damage|p1a: Dragapult|88/100|[from] Spikes
|
|-damage|p2a: Tornadus|57/100 tox|[from] psn
|-fieldend|move: Psychic Terrain
|upkeep
|turn|34
|
|t:|1625559962
|switch|p2a: Hippowdon|Hippowdon, F|85/100 tox
|-damage|p2a: Hippowdon|79/100 tox|[from] Stealth Rock
|-weather|Sandstorm|[from] ability: Sand Stream|[of] p2a: Hippowdon
|move|p1a: Dragapult|Hex|p2a: Hippowdon
|-damage|p2a: Hippowdon|14/100 tox
|
|-weather|Sandstorm|[upkeep]
|-damage|p1a: Dragapult|82/100|[from] Sandstorm
|-heal|p2a: Hippowdon|20/100 tox|[from] item: Leftovers
|-damage|p2a: Hippowdon|14/100 tox|[from] psn
|upkeep
|turn|35
|
|t:|1625559968
|move|p1a: Dragapult|Hex|p2a: Hippowdon
|-damage|p2a: Hippowdon|0 fnt
|faint|p2a: Hippowdon
|
|-weather|Sandstorm|[upkeep]
|-damage|p1a: Dragapult|76/100|[from] Sandstorm
|upkeep
|
|t:|1625559971
|switch|p2a: Zeraora|Zeraora|33/100
|turn|36
|
|t:|1625559973
|switch|p1a: Corviknight|Corviknight, M|100/100
|-ability|p1a: Corviknight|Pressure
|move|p2a: Zeraora|Knock Off|p1a: Corviknight
|-crit|p1a: Corviknight
|-damage|p1a: Corviknight|73/100
|-enditem|p1a: Corviknight|Leftovers|[from] move: Knock Off|[of] p2a: Zeraora
|
|-weather|Sandstorm|[upkeep]
|-damage|p2a: Zeraora|27/100|[from] Sandstorm
|upkeep
|turn|37
|
|t:|1625559982
|switch|p2a: Slowking|Slowking-Galar, M|99/100 par
|-damage|p2a: Slowking|87/100 par|[from] Stealth Rock
|move|p1a: Corviknight|Body Press|p2a: Slowking
|-resisted|p2a: Slowking
|-damage|p2a: Slowking|80/100 par
|
|-weather|Sandstorm|[upkeep]
|-damage|p2a: Slowking|74/100 par|[from] Sandstorm
|upkeep
|turn|38
|
|t:|1625559991
|move|p1a: Corviknight|Roost|p1a: Corviknight
|-heal|p1a: Corviknight|100/100
|-singleturn|p1a: Corviknight|move: Roost
|move|p2a: Slowking|Future Sight|p1a: Corviknight
|-start|p2a: Slowking|move: Future Sight
|
|-weather|none
|upkeep
|turn|39
|
|t:|1625559998
|switch|p2a: Buzzwole|Buzzwole|63/100 tox
|-damage|p2a: Buzzwole|51/100 tox|[from] Stealth Rock
|move|p1a: Corviknight|U-turn|p2a: Buzzwole
|-resisted|p2a: Buzzwole
|-damage|p2a: Buzzwole|46/100 tox
|-damage|p1a: Corviknight|84/100|[from] item: Rocky Helmet|[of] p2a: Buzzwole
|
|t:|1625560006
|switch|p1a: Blissey|Blissey, F|78/100|[from]move: U-turn
|
|-damage|p2a: Buzzwole|40/100 tox|[from] psn
|upkeep
|turn|40
|
|t:|1625560012
|switch|p1a: Corviknight|Corviknight, M|84/100
|-ability|p1a: Corviknight|Pressure
|move|p2a: Buzzwole|Close Combat|p1a: Corviknight
|-damage|p1a: Corviknight|39/100
|-unboost|p2a: Buzzwole|def|1
|-unboost|p2a: Buzzwole|spd|1
|
|-end|p1a: Corviknight|move: Future Sight
|-resisted|p1a: Corviknight
|-damage|p1a: Corviknight|17/100
|-damage|p2a: Buzzwole|27/100 tox|[from] psn
|upkeep
|turn|41
|
|t:|1625560022
|move|p2a: Buzzwole|Ice Punch|p1a: Corviknight
|-damage|p1a: Corviknight|0 fnt
|faint|p1a: Corviknight
|-ability|p2a: Buzzwole|Beast Boost|boost
|-boost|p2a: Buzzwole|atk|1
|
|-damage|p2a: Buzzwole|9/100 tox|[from] psn
|upkeep
|
|t:|1625560027
|switch|p1a: Dragapult|Dragapult, F|76/100
|-damage|p1a: Dragapult|64/100|[from] Spikes
|turn|42
|
|t:|1625560033
|move|p1a: Dragapult|Hex|p2a: Buzzwole
|-damage|p2a: Buzzwole|0 fnt
|faint|p2a: Buzzwole
|
|upkeep
|
|t:|1625560035
|switch|p2a: Zeraora|Zeraora|27/100
|turn|43
|
|t:|1625560038
|switch|p1a: Blissey|Blissey, F|78/100
|move|p2a: Zeraora|Knock Off|p1a: Blissey
|-damage|p1a: Blissey|52/100
|-enditem|p1a: Blissey|Heavy-Duty Boots|[from] move: Knock Off|[of] p2a: Zeraora
|
|upkeep
|turn|44
|
|t:|1625560042
|move|p2a: Zeraora|Close Combat|p1a: Blissey
|-supereffective|p1a: Blissey
|-damage|p1a: Blissey|0 fnt
|-unboost|p2a: Zeraora|def|1
|-unboost|p2a: Zeraora|spd|1
|faint|p1a: Blissey
|
|upkeep
|
|t:|1625560044
|switch|p1a: Melmetal|Melmetal|67/100
|-damage|p1a: Melmetal|55/100|[from] Spikes
|turn|45
|
|t:|1625560055
|switch|p2a: Slowking|Slowking-Galar, M|100/100 par
|-damage|p2a: Slowking|88/100 par|[from] Stealth Rock
|move|p1a: Melmetal|Double Iron Bash|p2a: Slowking
|-damage|p2a: Slowking|44/100 par
|-damage|p2a: Slowking|0 fnt
|faint|p2a: Slowking
|-hitcount|p2: Slowking|2
|
|-heal|p1a: Melmetal|61/100|[from] item: Leftovers
|upkeep
|
|t:|1625560058
|switch|p2a: Tornadus|Tornadus-Therian, M, shiny|91/100 tox
|turn|46
|
|t:|1625560064
|move|p1a: Melmetal|Protect|p1a: Melmetal
|-singleturn|p1a: Melmetal|Protect
|move|p2a: Tornadus|Heat Wave|p1a: Melmetal
|-activate|p1a: Melmetal|move: Protect
|
|-heal|p1a: Melmetal|67/100|[from] item: Leftovers
|-damage|p2a: Tornadus|84/100 tox|[from] psn
|upkeep
|turn|47
|
|t:|1625560070
|switch|p2a: Zeraora|Zeraora|27/100
|switch|p1a: Dragapult|Dragapult, F|64/100
|-damage|p1a: Dragapult|52/100|[from] Spikes
|
|upkeep
|turn|48
|
|t:|1625560077
|move|p2a: Zeraora|Knock Off|p1a: Dragapult
|-supereffective|p1a: Dragapult
|-damage|p1a: Dragapult|0 fnt
|-enditem|p1a: Dragapult|Choice Specs|[from] move: Knock Off|[of] p2a: Zeraora
|faint|p1a: Dragapult
|
|upkeep
|
|t:|1625560080
|switch|p1a: Melmetal|Melmetal|67/100
|-damage|p1a: Melmetal|55/100|[from] Spikes
|turn|49
|
|t:|1625560083
|move|p1a: Melmetal|Protect|p1a: Melmetal
|-singleturn|p1a: Melmetal|Protect
|move|p2a: Zeraora|Close Combat|p1a: Melmetal
|-activate|p1a: Melmetal|move: Protect
|
|-heal|p1a: Melmetal|61/100|[from] item: Leftovers
|upkeep
|turn|50
|
|t:|1625560087
|move|p2a: Zeraora|Close Combat|p1a: Melmetal
|-supereffective|p1a: Melmetal
|-damage|p1a: Melmetal|19/100
|-unboost|p2a: Zeraora|def|1
|-unboost|p2a: Zeraora|spd|1
|move|p1a: Melmetal|Double Iron Bash|p2a: Zeraora
|-resisted|p2a: Zeraora
|-crit|p2a: Zeraora
|-damage|p2a: Zeraora|0 fnt
|faint|p2a: Zeraora
|-hitcount|p2: Zeraora|1
|
|-heal|p1a: Melmetal|25/100|[from] item: Leftovers
|upkeep
|
|t:|1625560089
|switch|p2a: Tornadus|Tornadus-Therian, M, shiny|100/100 tox
|turn|51
|
|t:|1625560091
|move|p1a: Melmetal|Protect|p1a: Melmetal
|-singleturn|p1a: Melmetal|Protect
|move|p2a: Tornadus|Heat Wave|p1a: Melmetal
|-activate|p1a: Melmetal|move: Protect
|
|-heal|p1a: Melmetal|31/100|[from] item: Leftovers
|-damage|p2a: Tornadus|94/100 tox|[from] psn
|upkeep
|turn|52
|
|t:|1625560096
|move|p2a: Tornadus|Heat Wave|p1a: Melmetal|[miss]
|-miss|p2a: Tornadus|p1a: Melmetal
|move|p1a: Melmetal|Double Iron Bash|p2a: Tornadus
|-damage|p2a: Tornadus|42/100 tox
|-damage|p2a: Tornadus|0 fnt
|faint|p2a: Tornadus
|-hitcount|p2: Tornadus|2
|
|win|LT81YL Andres
|raw|LT81YL Andres's rating: 1684 &rarr; <strong>1709</strong><br />(+25 for winning)
|raw|Plasmeek's rating: 1776 &rarr; <strong>1751</strong><br />(-25 for losing)
|l|☆Plasmeek
