|j|☆KFC Chizza
|j|☆hy is garbage
|inactive|Battle timer is ON: inactive players will automatically lose when time's up.
|t:|1635655047
|gametype|singles
|player|p1|KFC Chizza|2|
|player|p2|hy is garbage|265|
|teamsize|p1|6
|teamsize|p2|6
|gen|8
|tier|[Gen 8] OU
|rated|Tournament battle
|rule|Sleep Clause Mod: Limit one foe put to sleep
|rule|Species Clause: Limit one of each Pokémon
|rule|OHKO Clause: OHKO moves are banned
|rule|Evasion Moves Clause: Evasion moves are banned
|rule|Endless Battle Clause: Forcing endless battles is banned
|rule|HP Percentage Mod: HP is shown in percentages
|rule|Dynamax Clause: You cannot dynamax
|clearpoke
|poke|p1|Pumpkaboo-*, M|
|poke|p1|Corviknight, M|
|poke|p1|Volcarona, M|
|poke|p1|Grimmsnarl, M|
|poke|p1|Landorus-Therian, M|
|poke|p1|Indeedee, M|
|poke|p2|Klefki, F|
|poke|p2|Pelipper, F|
|poke|p2|Seismitoad, F|
|poke|p2|Dragapult, M|
|poke|p2|Barraskewda, F|
|poke|p2|Zapdos|
|teampreview
|j|*Lady Monita ☽
|j| BB-8-NU
|c|☆hy is garbage|hf hf
|c|☆KFC Chizza|hf
|j| Meminger21
|j| mikey88888
|j| zeloss
|j| Urhsjsooebdd
|j| trainer 136587
|inactive|KFC Chizza has 120 seconds left.
|j| KotalSquad
|
|t:|1635655080
|start
|switch|p1a: Pumpkaboo|Pumpkaboo-Small, M, shiny|100/100
|switch|p2a: Pelipper|Pelipper, F|100/100
|-item|p2a: Pelipper|Damp Rock|[from] ability: Frisk|[of] p1a: Pumpkaboo|[identify]
|-weather|RainDance|[from] ability: Drizzle|[of] p2a: Pelipper
|turn|1
|j| hail heat sacred
|j| AgentKirby007
|j| Km1317
|l| Km1317
|inactive|hy is garbage has 120 seconds left.
|c|☆hy is garbage|this boutta ohko me w something i alr know lmao
|j| baloor
|
|t:|1635655117
|move|p1a: Pumpkaboo|Trick|p2a: Pelipper
|-activate|p1a: Pumpkaboo|move: Trick|[of] p2a: Pelipper
|-item|p2a: Pelipper|Choice Scarf|[from] move: Trick
|-item|p1a: Pumpkaboo|Damp Rock|[from] move: Trick
|move|p2a: Pelipper|U-turn|p1a: Pumpkaboo
|-damage|p1a: Pumpkaboo|83/100
|c|☆KFC Chizza|haha
|
|t:|1635655123
|switch|p2a: Zapdos|Zapdos|100/100|[from]move: U-turn
|
|-weather|RainDance|[upkeep]
|upkeep
|turn|2
|j| abhishek77123
|
|t:|1635655141
|move|p2a: Zapdos|Hurricane|p1a: Pumpkaboo
|-supereffective|p1a: Pumpkaboo
|-damage|p1a: Pumpkaboo|0 fnt
|faint|p1a: Pumpkaboo
|
|-weather|RainDance|[upkeep]
|upkeep
|
|t:|1635655149
|switch|p1a: Indeedee|Indeedee, M|100/100
|-fieldstart|move: Psychic Terrain|[from] ability: Psychic Surge|[of] p1a: Indeedee
|turn|3
|
|t:|1635655158
|move|p1a: Indeedee|Expanding Force|p2a: Zapdos
|-damage|p2a: Zapdos|14/100
|move|p2a: Zapdos|Hurricane|p1a: Indeedee
|-damage|p1a: Indeedee|27/100
|
|-weather|RainDance|[upkeep]
|upkeep
|turn|4
|
|t:|1635655164
|switch|p2a: Klefki|Klefki, F|100/100
|move|p1a: Indeedee|Expanding Force|p2a: Klefki
|-resisted|p2a: Klefki
|-damage|p2a: Klefki|71/100
|
|-weather|RainDance|[upkeep]
|upkeep
|turn|5
|c| abhishek77123|specs?
|c|☆hy is garbage|scarfed
|
|t:|1635655176
|move|p2a: Klefki|Spikes|p1a: Indeedee
|-sidestart|p1: KFC Chizza|Spikes
|move|p1a: Indeedee|Expanding Force|p2a: Klefki
|-resisted|p2a: Klefki
|-crit|p2a: Klefki
|-damage|p2a: Klefki|29/100
|
|-weather|RainDance|[upkeep]
|upkeep
|turn|6
|l| Urhsjsooebdd
|
|t:|1635655180
|move|p2a: Klefki|Spikes|p1a: Indeedee
|-sidestart|p1: KFC Chizza|Spikes
|move|p1a: Indeedee|Expanding Force|p2a: Klefki
|-resisted|p2a: Klefki
|-damage|p2a: Klefki|0 fnt
|faint|p2a: Klefki
|
|-weather|RainDance|[upkeep]
|upkeep
|
|t:|1635655183
|switch|p2a: Barraskewda|Barraskewda, F|100/100
|turn|7
|j| K«Ab¿Il※ApoK«
|
|t:|1635655199
|move|p2a: Barraskewda|Liquidation|p1a: Indeedee
|-damage|p1a: Indeedee|0 fnt
|faint|p1a: Indeedee
|
|-weather|RainDance|[upkeep]
|-fieldend|move: Psychic Terrain
|upkeep
|
|t:|1635655202
|switch|p1a: Corviknight|Corviknight, M, shiny|100/100
|-ability|p1a: Corviknight|Pressure
|turn|8
|j| Yuvi123
|l| AgentKirby007
|
|t:|1635655222
|move|p2a: Barraskewda|Liquidation|p1a: Corviknight
|-damage|p1a: Corviknight|36/100
|move|p1a: Corviknight|Defog|p2a: Barraskewda
|-unboost|p2a: Barraskewda|evasion|1
|-sideend|p1: KFC Chizza|Spikes|[from] move: Defog|[of] p1a: Corviknight
|
|-weather|none
|-heal|p1a: Corviknight|42/100|[from] item: Leftovers
|upkeep
|turn|9
|
|t:|1635655229
|switch|p2a: Pelipper|Pelipper, F|100/100
|-weather|RainDance|[from] ability: Drizzle|[of] p2a: Pelipper
|move|p1a: Corviknight|Roost|p1a: Corviknight
|-heal|p1a: Corviknight|92/100
|-singleturn|p1a: Corviknight|move: Roost
|
|-weather|RainDance|[upkeep]
|-heal|p1a: Corviknight|98/100|[from] item: Leftovers
|upkeep
|turn|10
|
|t:|1635655239
|move|p2a: Pelipper|U-turn|p1a: Corviknight
|-resisted|p1a: Corviknight
|-damage|p1a: Corviknight|97/100
|
|t:|1635655240
|switch|p2a: Seismitoad|Seismitoad, F|100/100|[from]move: U-turn
|move|p1a: Corviknight|U-turn|p2a: Seismitoad
|-damage|p2a: Seismitoad|80/100
|
|t:|1635655247
|switch|p1a: Grimmsnarl|Grimmsnarl, M|100/100|[from]move: U-turn
|
|-weather|RainDance|[upkeep]
|upkeep
|turn|11
|
|t:|1635655251
|move|p1a: Grimmsnarl|Light Screen|p1a: Grimmsnarl
|-sidestart|p1: KFC Chizza|move: Light Screen
|move|p2a: Seismitoad|Weather Ball|p1a: Grimmsnarl
|-damage|p1a: Grimmsnarl|49/100
|-damage|p2a: Seismitoad|70/100|[from] item: Life Orb
|
|-weather|RainDance|[upkeep]
|upkeep
|turn|12
|
|t:|1635655261
|move|p1a: Grimmsnarl|Reflect|p1a: Grimmsnarl
|-sidestart|p1: KFC Chizza|Reflect
|move|p2a: Seismitoad|Weather Ball|p1a: Grimmsnarl
|-damage|p1a: Grimmsnarl|0 fnt
|faint|p1a: Grimmsnarl
|-damage|p2a: Seismitoad|60/100|[from] item: Life Orb
|
|-weather|RainDance|[upkeep]
|upkeep
|
|t:|1635655264
|switch|p1a: Corviknight|Corviknight, M, shiny|97/100
|-ability|p1a: Corviknight|Pressure
|turn|13
|
|t:|1635655270
|move|p2a: Seismitoad|Weather Ball|p1a: Corviknight
|-damage|p1a: Corviknight|59/100
|-damage|p2a: Seismitoad|50/100|[from] item: Life Orb
|move|p1a: Corviknight|U-turn|p2a: Seismitoad
|-damage|p2a: Seismitoad|30/100
|
|t:|1635655273
|switch|p1a: Volcarona|Volcarona, M|100/100|[from]move: U-turn
|
|-weather|none
|upkeep
|turn|14
|
|t:|1635655290
|switch|p2a: Pelipper|Pelipper, F|100/100
|-weather|RainDance|[from] ability: Drizzle|[of] p2a: Pelipper
|move|p1a: Volcarona|Quiver Dance|p1a: Volcarona
|-boost|p1a: Volcarona|spa|1
|-boost|p1a: Volcarona|spd|1
|-boost|p1a: Volcarona|spe|1
|
|-weather|RainDance|[upkeep]
|upkeep
|turn|15
|inactive|KFC Chizza has 120 seconds left.
|
|t:|1635655325
|move|p1a: Volcarona|Psychic|p2a: Pelipper
|-damage|p2a: Pelipper|12/100
|-damage|p1a: Volcarona|91/100|[from] item: Life Orb
|move|p2a: Pelipper|Defog|p1a: Volcarona
|-unboost|p1a: Volcarona|evasion|1
|-sideend|p1: KFC Chizza|Reflect
|-sideend|p1: KFC Chizza|move: Light Screen
|
|-weather|RainDance|[upkeep]
|upkeep
|turn|16
|l| trainer 136587
|inactive|KFC Chizza has 120 seconds left.
|
|t:|1635655336
|switch|p2a: Seismitoad|Seismitoad, F|30/100
|move|p1a: Volcarona|Quiver Dance|p1a: Volcarona
|-boost|p1a: Volcarona|spa|1
|-boost|p1a: Volcarona|spd|1
|-boost|p1a: Volcarona|spe|1
|
|-weather|RainDance|[upkeep]
|upkeep
|turn|17
|inactive|KFC Chizza has 120 seconds left.
|j| pokpokpokipoke
|j|@Crunchman
|inactive|KFC Chizza has 90 seconds left.
|
|t:|1635655388
|move|p1a: Volcarona|Quiver Dance|p1a: Volcarona
|-boost|p1a: Volcarona|spa|1
|-boost|p1a: Volcarona|spd|1
|-boost|p1a: Volcarona|spe|1
|move|p2a: Seismitoad|Weather Ball|p1a: Volcarona
|-supereffective|p1a: Volcarona
|-damage|p1a: Volcarona|18/100
|-damage|p2a: Seismitoad|20/100|[from] item: Life Orb
|
|-weather|RainDance|[upkeep]
|upkeep
|turn|18
|j| Frito135 ♡
|
|t:|1635655397
|move|p1a: Volcarona|Giga Drain|p2a: Seismitoad
|-supereffective|p2a: Seismitoad
|-damage|p2a: Seismitoad|0 fnt
|-heal|p1a: Volcarona|29/100|[from] drain|[of] p2a: Seismitoad
|faint|p2a: Seismitoad
|-damage|p1a: Volcarona|19/100|[from] item: Life Orb
|
|-weather|none
|upkeep
|l| Frito135 ♡
|inactive|hy is garbage has 120 seconds left.
|l| pokpokpokipoke
|
|t:|1635655431
|switch|p2a: Zapdos|Zapdos|14/100
|turn|19
|
|t:|1635655435
|move|p1a: Volcarona|Giga Drain|p2a: Zapdos
|-resisted|p2a: Zapdos
|-damage|p2a: Zapdos|0 fnt
|-heal|p1a: Volcarona|26/100|[from] drain|[of] p2a: Zapdos
|faint|p2a: Zapdos
|-damage|p1a: Volcarona|16/100|[from] item: Life Orb
|
|upkeep
|inactive|hy is garbage has 120 seconds left.
|j| sjjjjjjj
|inactive|hy is garbage has 90 seconds left.
|
|t:|1635655482
|switch|p2a: Pelipper|Pelipper, F|12/100
|-weather|RainDance|[from] ability: Drizzle|[of] p2a: Pelipper
|turn|20
|
|t:|1635655486
|move|p1a: Volcarona|Giga Drain|p2a: Pelipper
|-damage|p2a: Pelipper|0 fnt
|-heal|p1a: Volcarona|22/100|[from] drain|[of] p2a: Pelipper
|faint|p2a: Pelipper
|-damage|p1a: Volcarona|12/100|[from] item: Life Orb
|
|-weather|RainDance|[upkeep]
|upkeep
|
|t:|1635655488
|switch|p2a: Dragapult|Dragapult, M|100/100
|turn|21
|inactive|KFC Chizza has 120 seconds left.
|
|t:|1635655500
|move|p1a: Volcarona|Psychic|p2a: Dragapult
|-damage|p2a: Dragapult|0 fnt
|faint|p2a: Dragapult
|-damage|p1a: Volcarona|2/100|[from] item: Life Orb
|
|-weather|RainDance|[upkeep]
|upkeep
|c|☆hy is garbage|ah
|j| trainer 136587
|c|☆hy is garbage|ggs
|
|t:|1635655507
|switch|p2a: Barraskewda|Barraskewda, F|100/100
|turn|22
|c|☆KFC Chizza|gg bro
|
|t:|1635655515
|move|p1a: Volcarona|Giga Drain|p2a: Barraskewda
|-supereffective|p2a: Barraskewda
|-damage|p2a: Barraskewda|0 fnt
|-heal|p1a: Volcarona|44/100|[from] drain|[of] p2a: Barraskewda
|faint|p2a: Barraskewda
|-damage|p1a: Volcarona|34/100|[from] item: Life Orb
|
|win|KFC Chizza
|n|☆KFC Chizza|kfcchizza
|n|☆hy is garbage|hyisgarbage
|n|*Lady Monita ☽|ladymonita
|n| BB-8-NU|bb8nu
|n| Meminger21|meminger21
|n| mikey88888|mikey88888
|n| zeloss|zeloss
|n| KotalSquad|kotalsquad
|n| hail heat sacred|hailheatsacred
|n| baloor|baloor
|n| abhishek77123|abhishek77123
|n| K«Ab¿Il※ApoK«|kabilapok
|n| Yuvi123|yuvi123
|n| Crunchman|crunchman
|n| sjjjjjjj|sjjjjjjj
|n| trainer 136587|trainer136587
|l|*Lady Monita ☽
|c|☆hy is garbage|damn volc is crazy
|l| BB-8-NU
|l| trainer 136587
|l| sjjjjjjj
|c|☆KFC Chizza|its needs proper setup
|l| KotalSquad
