|j|☆GuardArc
|j|☆Davidvalder
|t:|1605397519
|player|p1|GuardArc|alder|
|player|p2|Davidvalder|cynthia-gen4|
|teamsize|p1|6
|teamsize|p2|6
|gametype|singles
|gen|8
|tier|[Gen 8] OU
|clearpoke
|poke|p1|Pheromosa|
|poke|p1|Blissey, F|
|poke|p1|Swampert, F|
|poke|p1|Moltres|
|poke|p1|Tapu Koko|
|poke|p1|Hawlucha, F|
|poke|p2|Pheromosa|
|poke|p2|Latios, M|
|poke|p2|Heatran, F|
|poke|p2|Celesteela|
|poke|p2|Mantine, F|
|poke|p2|Garchomp, M|
|rule|Sleep Clause Mod: Limit one foe put to sleep
|rule|Species Clause: Limit one of each Pokémon
|rule|OHKO Clause: OHKO moves are banned
|rule|Evasion Moves Clause: Evasion moves are banned
|rule|Endless Battle Clause: Forcing endless battles is banned
|rule|HP Percentage Mod: HP is shown in percentages
|rule|Dynamax Clause: You cannot dynamax
|teampreview
|c|☆GuardArc|alright round 1 game 1 good luck man have fun
|c|☆Davidvalder|Glhf
|c|☆Davidvalder|Is bo3 bro
|
|t:|1605397562
|start
|switch|p1a: Tapu Koko|Tapu Koko|100/100
|switch|p2a: Latios|Latios, M|100/100
|-fieldstart|move: Electric Terrain|[from] ability: Electric Surge|[of] p1a: Tapu Koko
|turn|1
|c|☆Davidvalder|Havenfun
|c|☆GuardArc|Yep
|
|t:|1605397576
|switch|p2a: Celesteela|Celesteela|100/100
|move|p1a: Tapu Koko|Dazzling Gleam|p2a: Celesteela
|-resisted|p2a: Celesteela
|-damage|p2a: Celesteela|84/100
|
|-heal|p2a: Celesteela|90/100|[from] item: Leftovers
|upkeep
|turn|2
|
|t:|1605397588
|switch|p1a: Blissey|Blissey, F|100/100
|move|p2a: Celesteela|Protect||[still]
|-fail|p2a: Celesteela
|
|-heal|p2a: Celesteela|96/100|[from] item: Leftovers
|upkeep
|turn|3
|
|t:|1605397596
|move|p2a: Celesteela|Leech Seed|p1a: Blissey
|-start|p1a: Blissey|move: Leech Seed
|move|p1a: Blissey|Teleport|p1a: Blissey
|
|t:|1605397607
|switch|p1a: Tapu Koko|Tapu Koko|100/100|[from]move: Teleport
|
|-heal|p2a: Celesteela|100/100|[from] item: Leftovers
|upkeep
|turn|4
|
|t:|1605397618
|switch|p2a: Heatran|Heatran, F|100/100
|move|p1a: Tapu Koko|Dazzling Gleam|p2a: Heatran
|-resisted|p2a: Heatran
|-damage|p2a: Heatran|93/100
|
|-heal|p2a: Heatran|99/100|[from] item: Leftovers
|upkeep
|turn|5
|
|t:|1605397630
|switch|p1a: Swampert|Swampert, F|100/100
|move|p2a: Heatran|Toxic|p1a: Swampert
|-status|p1a: Swampert|tox
|
|-heal|p2a: Heatran|100/100|[from] item: Leftovers
|-damage|p1a: Swampert|94/100 tox|[from] psn
|-fieldend|move: Electric Terrain
|upkeep
|turn|6
|
|t:|1605397641
|move|p2a: Heatran|Stealth Rock|p1a: Swampert
|-sidestart|p1: GuardArc|move: Stealth Rock
|move|p1a: Swampert|Stealth Rock|p2a: Heatran
|-sidestart|p2: Davidvalder|move: Stealth Rock
|
|-heal|p1a: Swampert|100/100 tox|[from] item: Leftovers
|-damage|p1a: Swampert|88/100 tox|[from] psn
|upkeep
|turn|7
|
|t:|1605397655
|switch|p2a: Mantine|Mantine, F|100/100
|switch|p1a: Tapu Koko|Tapu Koko|100/100
|-damage|p1a: Tapu Koko|88/100|[from] Stealth Rock
|-fieldstart|move: Electric Terrain|[from] ability: Electric Surge|[of] p1a: Tapu Koko
|
|upkeep
|turn|8
|
|t:|1605397666
|move|p1a: Tapu Koko|Thunderbolt|p2a: Mantine
|-supereffective|p2a: Mantine
|-crit|p2a: Mantine
|-damage|p2a: Mantine|0 fnt
|faint|p2a: Mantine
|
|upkeep
|
|t:|1605397672
|switch|p2a: Garchomp|Garchomp, M|100/100
|-damage|p2a: Garchomp|94/100|[from] Stealth Rock
|turn|9
|
|t:|1605397717
|switch|p1a: Swampert|Swampert, F|88/100 tox
|-damage|p1a: Swampert|82/100 tox|[from] Stealth Rock
|move|p2a: Garchomp|Stone Edge|p1a: Swampert
|-resisted|p1a: Swampert
|-damage|p1a: Swampert|71/100 tox
|
|-heal|p1a: Swampert|77/100 tox|[from] item: Leftovers
|-damage|p1a: Swampert|71/100 tox|[from] psn
|upkeep
|turn|10
|
|t:|1605397733
|switch|p2a: Latios|Latios, M|100/100
|-damage|p2a: Latios|88/100|[from] Stealth Rock
|move|p1a: Swampert|Flip Turn|p2a: Latios
|-resisted|p2a: Latios
|-damage|p2a: Latios|73/100
|
|t:|1605397766
|switch|p1a: Pheromosa|Pheromosa|100/100|[from]move: Flip Turn
|
|upkeep
|turn|11
|
|t:|1605397783
|move|p1a: Pheromosa|U-turn|p2a: Latios
|-supereffective|p2a: Latios
|-damage|p2a: Latios|0 fnt
|faint|p2a: Latios
|-ability|p1a: Pheromosa|Beast Boost|boost
|-boost|p1a: Pheromosa|atk|1
|
|t:|1605397841
|switch|p1a: Swampert|Swampert, F|71/100 tox|[from]move: U-turn
|-damage|p1a: Swampert|64/100 tox|[from] Stealth Rock
|
|-heal|p1a: Swampert|71/100 tox|[from] item: Leftovers
|-damage|p1a: Swampert|64/100 tox|[from] psn
|-fieldend|move: Electric Terrain
|upkeep
|
|t:|1605397851
|switch|p2a: Pheromosa|Pheromosa, shiny|100/100
|-damage|p2a: Pheromosa|88/100|[from] Stealth Rock
|turn|12
|
|t:|1605397858
|move|p2a: Pheromosa|Quiver Dance|p2a: Pheromosa
|-boost|p2a: Pheromosa|spa|1
|-boost|p2a: Pheromosa|spd|1
|-boost|p2a: Pheromosa|spe|1
|move|p1a: Swampert|Flip Turn|p2a: Pheromosa
|-damage|p2a: Pheromosa|28/100
|
|t:|1605397868
|switch|p1a: Blissey|Blissey, F|100/100|[from]move: Flip Turn
|-damage|p1a: Blissey|88/100|[from] Stealth Rock
|
|-heal|p1a: Blissey|94/100|[from] item: Leftovers
|upkeep
|turn|13
|
|t:|1605397882
|move|p2a: Pheromosa|Focus Blast|p1a: Blissey
|-supereffective|p1a: Blissey
|-damage|p1a: Blissey|0 fnt
|-damage|p2a: Pheromosa|18/100|[from] item: Life Orb
|faint|p1a: Blissey
|-ability|p2a: Pheromosa|Beast Boost|boost
|-boost|p2a: Pheromosa|spa|1
|
|upkeep
|
|t:|1605397898
|switch|p1a: Tapu Koko|Tapu Koko|88/100
|-damage|p1a: Tapu Koko|76/100|[from] Stealth Rock
|-fieldstart|move: Electric Terrain|[from] ability: Electric Surge|[of] p1a: Tapu Koko
|turn|14
|
|t:|1605397931
|move|p2a: Pheromosa|Ice Beam|p1a: Tapu Koko
|-damage|p1a: Tapu Koko|0 fnt
|-damage|p2a: Pheromosa|8/100|[from] item: Life Orb
|faint|p1a: Tapu Koko
|-ability|p2a: Pheromosa|Beast Boost|boost
|-boost|p2a: Pheromosa|spa|1
|
|upkeep
|
|t:|1605397944
|switch|p1a: Hawlucha|Hawlucha, F|100/100
|-damage|p1a: Hawlucha|88/100|[from] Stealth Rock
|-enditem|p1a: Hawlucha|Electric Seed
|-boost|p1a: Hawlucha|def|1|[from] item: Electric Seed
|turn|15
|
|t:|1605397953
|move|p1a: Hawlucha|Acrobatics|p2a: Pheromosa
|-supereffective|p2a: Pheromosa
|-damage|p2a: Pheromosa|0 fnt
|faint|p2a: Pheromosa
|
|upkeep
|
|t:|1605397957
|switch|p2a: Celesteela|Celesteela|100/100
|-damage|p2a: Celesteela|88/100|[from] Stealth Rock
|turn|16
|
|t:|1605397974
|move|p1a: Hawlucha|Swords Dance|p1a: Hawlucha
|-boost|p1a: Hawlucha|atk|2
|move|p2a: Celesteela|Leech Seed|p1a: Hawlucha
|-start|p1a: Hawlucha|move: Leech Seed
|
|-heal|p2a: Celesteela|94/100|[from] item: Leftovers
|-damage|p1a: Hawlucha|76/100|[from] Leech Seed|[of] p2a: Celesteela
|-heal|p2a: Celesteela|100/100|[silent]
|upkeep
|turn|17
|
|t:|1605397983
|move|p1a: Hawlucha|Swords Dance|p1a: Hawlucha
|-boost|p1a: Hawlucha|atk|2
|move|p2a: Celesteela|Flamethrower|p1a: Hawlucha
|-damage|p1a: Hawlucha|38/100
|
|-damage|p1a: Hawlucha|26/100|[from] Leech Seed|[of] p2a: Celesteela
|upkeep
|turn|18
|
|t:|1605397991
|move|p2a: Celesteela|Protect|p2a: Celesteela
|-singleturn|p2a: Celesteela|Protect
|move|p1a: Hawlucha|Close Combat|p2a: Celesteela
|-activate|p2a: Celesteela|move: Protect
|
|-damage|p1a: Hawlucha|13/100|[from] Leech Seed|[of] p2a: Celesteela
|-fieldend|move: Electric Terrain
|upkeep
|turn|19
|
|t:|1605398001
|move|p2a: Celesteela|Protect||[still]
|-fail|p2a: Celesteela
|move|p1a: Hawlucha|Close Combat|p2a: Celesteela
|-crit|p2a: Celesteela
|-damage|p2a: Celesteela|0 fnt
|-unboost|p1a: Hawlucha|def|1
|-unboost|p1a: Hawlucha|spd|1
|faint|p2a: Celesteela
|
|upkeep
|
|t:|1605398012
|switch|p2a: Garchomp|Garchomp, M|94/100
|-damage|p2a: Garchomp|88/100|[from] Stealth Rock
|turn|20
|
|t:|1605398019
|move|p1a: Hawlucha|Close Combat|p2a: Garchomp
|-damage|p2a: Garchomp|0 fnt
|-unboost|p1a: Hawlucha|def|1
|-unboost|p1a: Hawlucha|spd|1
|-damage|p1a: Hawlucha|1/100|[from] ability: Rough Skin|[of] p2a: Garchomp
|faint|p2a: Garchomp
|
|upkeep
|
|t:|1605398025
|switch|p2a: Heatran|Heatran, F|100/100
|-damage|p2a: Heatran|88/100|[from] Stealth Rock
|turn|21
|
|t:|1605398031
|switch|p1a: Pheromosa|Pheromosa|100/100
|move|p2a: Heatran|Lava Plume|p1a: Pheromosa
|-supereffective|p1a: Pheromosa
|-damage|p1a: Pheromosa|0 fnt
|faint|p1a: Pheromosa
|
|-heal|p2a: Heatran|94/100|[from] item: Leftovers
|upkeep
|
|t:|1605398053
|switch|p1a: Swampert|Swampert, F|64/100 tox
|-damage|p1a: Swampert|58/100 tox|[from] Stealth Rock
|turn|22
|
|t:|1605398059
|move|p2a: Heatran|Earth Power|p1a: Swampert
|-damage|p1a: Swampert|36/100 tox
|move|p1a: Swampert|Earthquake|p2a: Heatran
|-supereffective|p2a: Heatran
|-damage|p2a: Heatran|0 fnt
|faint|p2a: Heatran
|
|win|GuardArc
|c|☆Davidvalder|Gg
|c|☆GuardArc|gg!
|c|☆Davidvalder|Save the Replay bro
