|j|☆yokobaby
|j|☆minimax_ai
|t:|1665166648
|gametype|singles
|player|p1|yokobaby|cynthia-masters|1695
|player|p2|minimax_ai|lusamine-nihilego|1695
|teamsize|p1|6
|teamsize|p2|6
|gen|8
|tier|[Gen 8] OU
|rated|
|rule|Sleep Clause Mod: Limit one foe put to sleep
|rule|Species Clause: Limit one of each Pokémon
|rule|OHKO Clause: OHKO moves are banned
|rule|Evasion Items Clause: Evasion items are banned
|rule|Evasion Moves Clause: Evasion moves are banned
|rule|Endless Battle Clause: Forcing endless battles is banned
|rule|HP Percentage Mod: HP is shown in percentages
|rule|Dynamax Clause: You cannot dynamax
|clearpoke
|poke|p1|Zapdos|
|poke|p1|Weavile, F|
|poke|p1|Kartana|
|poke|p1|Landorus-Therian, M|
|poke|p1|Volcanion|
|poke|p1|Melmetal|
|poke|p2|Rotom-Wash|
|poke|p2|Weavile, F|
|poke|p2|Landorus-Therian, M|
|poke|p2|Heatran, M|
|poke|p2|Tangrowth, M|
|poke|p2|Melmetal|
|teampreview
|c|☆minimax_ai|hf
|inactive|Battle timer is ON: inactive players will automatically lose when time's up. (requested by minimax_ai)
|inactive|yokobaby also wants the timer to be on.
|
|t:|1665166654
|start
|switch|p1a: Kartana|Kartana|100/100
|switch|p2a: rotomwash|Rotom-Wash|100/100
|turn|1
|
|t:|1665166658
|switch|p2a: Tangrowth|Tangrowth, M|100/100
|move|p1a: Kartana|Knock Off|p2a: Tangrowth
|-damage|p2a: Tangrowth|77/100
|-damage|p1a: Kartana|84/100|[from] item: Rocky Helmet|[of] p2a: Tangrowth
|-enditem|p2a: Tangrowth|Rocky Helmet|[from] move: Knock Off|[of] p1a: Kartana
|
|upkeep
|turn|2
|
|t:|1665166661
|switch|p1a: Volcanion|Volcanion|100/100
|move|p2a: Tangrowth|Giga Drain|p1a: Volcanion
|-damage|p1a: Volcanion|67/100
|-heal|p2a: Tangrowth|90/100|[from] drain|[of] p1a: Volcanion
|
|upkeep
|turn|3
|
|t:|1665166671
|switch|p2a: rotomwash|Rotom-Wash|100/100
|move|p1a: Volcanion|Steam Eruption|p2a: rotomwash
|-resisted|p2a: rotomwash
|-damage|p2a: rotomwash|53/100
|
|-heal|p2a: rotomwash|60/100|[from] item: Leftovers
|upkeep
|turn|4
|
|t:|1665166675
|switch|p1a: Landorus|Landorus-Therian, M|100/100
|-ability|p1a: Landorus|Intimidate|boost
|-unboost|p2a: rotomwash|atk|1
|move|p2a: rotomwash|Thunderbolt|p1a: Landorus
|-immune|p1a: Landorus
|
|-heal|p2a: rotomwash|66/100|[from] item: Leftovers
|upkeep
|turn|5
|
|t:|1665166677
|move|p2a: rotomwash|Pain Split|p1a: Landorus
|-sethp|p1a: Landorus|77/100|[from] move: Pain Split|[silent]
|-sethp|p2a: rotomwash|96/100|[from] move: Pain Split
|move|p1a: Landorus|Stealth Rock|p2a: rotomwash
|-sidestart|p2: minimax_ai|move: Stealth Rock
|
|-heal|p2a: rotomwash|100/100|[from] item: Leftovers
|-heal|p1a: Landorus|83/100|[from] item: Leftovers
|upkeep
|turn|6
|
|t:|1665166679
|switch|p2a: Heatran|Heatran, M|100/100
|-damage|p2a: Heatran|88/100|[from] Stealth Rock
|-item|p2a: Heatran|Air Balloon
|move|p1a: Landorus|U-turn|p2a: Heatran
|-resisted|p2a: Heatran
|-crit|p2a: Heatran
|-damage|p2a: Heatran|80/100
|-enditem|p2a: Heatran|Air Balloon
|
|t:|1665166681
|switch|p1a: Volcanion|Volcanion|67/100|[from]move: U-turn
|
|upkeep
|turn|7
|
|t:|1665166682
|move|p2a: Heatran|Earth Power|p1a: Volcanion
|-supereffective|p1a: Volcanion
|-damage|p1a: Volcanion|0 fnt
|faint|p1a: Volcanion
|
|upkeep
|
|t:|1665166685
|switch|p1a: Zapdos|Zapdos|100/100
|turn|8
|
|t:|1665166686
|move|p1a: Zapdos|Thunderbolt|p2a: Heatran
|-damage|p2a: Heatran|31/100
|move|p2a: Heatran|Magma Storm|p1a: Zapdos|[miss]
|-miss|p2a: Heatran|p1a: Zapdos
|
|upkeep
|turn|9
|
|t:|1665166688
|switch|p2a: landorustherian|Landorus-Therian, M|100/100
|-damage|p2a: landorustherian|88/100|[from] Stealth Rock
|-ability|p2a: landorustherian|Intimidate|boost
|-unboost|p1a: Zapdos|atk|1
|move|p1a: Zapdos|Thunderbolt|p2a: landorustherian
|-immune|p2a: landorustherian
|
|-heal|p2a: landorustherian|94/100|[from] item: Leftovers
|upkeep
|turn|10
|
|t:|1665166690
|move|p1a: Zapdos|Hurricane|p2a: landorustherian
|-damage|p2a: landorustherian|51/100
|move|p2a: landorustherian|Defog|p1a: Zapdos
|-unboost|p1a: Zapdos|evasion|1
|-sideend|p2: minimax_ai|Stealth Rock|[from] move: Defog|[of] p2a: landorustherian
|
|-heal|p2a: landorustherian|57/100|[from] item: Leftovers
|upkeep
|turn|11
|
|t:|1665166692
|move|p1a: Zapdos|Hurricane|p2a: landorustherian
|-damage|p2a: landorustherian|9/100
|-start|p2a: landorustherian|confusion
|-activate|p2a: landorustherian|confusion
|-damage|p2a: landorustherian|0 fnt|[from] confusion
|faint|p2a: landorustherian
|
|upkeep
|
|t:|1665166692
|switch|p2a: Weavile|Weavile, F|100/100
|-ability|p2a: Weavile|Pressure
|turn|12
|
|t:|1665166695
|switch|p1a: Melmetal|Melmetal|100/100
|move|p2a: Weavile|Knock Off|p1a: Melmetal
|-damage|p1a: Melmetal|60/100
|-enditem|p1a: Melmetal|Choice Band|[from] move: Knock Off|[of] p2a: Weavile
|
|upkeep
|turn|13
|
|t:|1665166698
|switch|p2a: rotomwash|Rotom-Wash|100/100
|move|p1a: Melmetal|Superpower|p2a: rotomwash
|-damage|p2a: rotomwash|47/100
|-unboost|p1a: Melmetal|atk|1
|-unboost|p1a: Melmetal|def|1
|
|-heal|p2a: rotomwash|53/100|[from] item: Leftovers
|upkeep
|turn|14
|
|t:|1665166700
|switch|p1a: Landorus|Landorus-Therian, M|83/100
|-ability|p1a: Landorus|Intimidate|boost
|-unboost|p2a: rotomwash|atk|1
|move|p2a: rotomwash|Hydro Pump|p1a: Landorus
|-supereffective|p1a: Landorus
|-damage|p1a: Landorus|21/100
|
|-heal|p2a: rotomwash|60/100|[from] item: Leftovers
|-heal|p1a: Landorus|27/100|[from] item: Leftovers
|upkeep
|turn|15
|
|t:|1665166707
|switch|p1a: Zapdos|Zapdos|100/100
|move|p2a: rotomwash|Hydro Pump|p1a: Zapdos
|-damage|p1a: Zapdos|54/100
|
|-heal|p2a: rotomwash|66/100|[from] item: Leftovers
|upkeep
|turn|16
|
|t:|1665166709
|move|p1a: Zapdos|Thunderbolt|p2a: rotomwash
|-damage|p2a: rotomwash|10/100
|move|p2a: rotomwash|Thunderbolt|p1a: Zapdos
|-damage|p1a: Zapdos|14/100
|
|-heal|p2a: rotomwash|16/100|[from] item: Leftovers
|upkeep
|turn|17
|
|t:|1665166711
|switch|p2a: Melmetal|Melmetal|100/100
|move|p1a: Zapdos|Volt Switch|p2a: Melmetal
|-damage|p2a: Melmetal|79/100
|
|t:|1665166713
|switch|p1a: Landorus|Landorus-Therian, M|27/100|[from]move: Volt Switch
|-ability|p1a: Landorus|Intimidate|boost
|-unboost|p2a: Melmetal|atk|1
|
|-heal|p1a: Landorus|33/100|[from] item: Leftovers
|upkeep
|turn|18
|
|t:|1665166715
|move|p1a: Landorus|Stealth Rock|p2a: Melmetal
|-sidestart|p2: minimax_ai|move: Stealth Rock
|move|p2a: Melmetal|Double Iron Bash|p1a: Landorus
|-damage|p1a: Landorus|5/100
|-crit|p1a: Landorus
|-damage|p1a: Landorus|0 fnt
|faint|p1a: Landorus
|-hitcount|p1: Landorus|2
|
|upkeep
|
|t:|1665166717
|switch|p1a: Melmetal|Melmetal|60/100
|turn|19
|
|t:|1665166719
|switch|p2a: Tangrowth|Tangrowth, M|100/100
|-damage|p2a: Tangrowth|88/100|[from] Stealth Rock
|move|p1a: Melmetal|Double Iron Bash|p2a: Tangrowth
|-damage|p2a: Tangrowth|65/100
|-damage|p2a: Tangrowth|41/100
|-hitcount|p2a: Tangrowth|2
|
|upkeep
|turn|20
|
|t:|1665166721
|switch|p2a: rotomwash|Rotom-Wash|16/100
|-damage|p2a: rotomwash|3/100|[from] Stealth Rock
|move|p1a: Melmetal|Double Iron Bash|p2a: rotomwash
|-resisted|p2a: rotomwash
|-damage|p2a: rotomwash|0 fnt
|faint|p2a: rotomwash
|-hitcount|p2: rotomwash|1
|
|upkeep
|
|t:|1665166721
|switch|p2a: Heatran|Heatran, M|31/100
|-damage|p2a: Heatran|18/100|[from] Stealth Rock
|turn|21
|
|t:|1665166726
|switch|p1a: Zapdos|Zapdos|14/100
|move|p2a: Heatran|Magma Storm|p1a: Zapdos
|-damage|p1a: Zapdos|0 fnt
|faint|p1a: Zapdos
|
|upkeep
|
|t:|1665166730
|switch|p1a: Weavile|Weavile, F|100/100
|-ability|p1a: Weavile|Pressure
|turn|22
|
|t:|1665166732
|move|p1a: Weavile|Knock Off|p2a: Heatran
|-damage|p2a: Heatran|0 fnt
|faint|p2a: Heatran
|
|upkeep
|
|t:|1665166732
|switch|p2a: Tangrowth|Tangrowth, M|74/100
|-damage|p2a: Tangrowth|62/100|[from] Stealth Rock
|turn|23
|
|t:|1665166735
|switch|p1a: Melmetal|Melmetal|60/100
|move|p2a: Tangrowth|Focus Blast|p1a: Melmetal
|-supereffective|p1a: Melmetal
|-damage|p1a: Melmetal|0 fnt
|faint|p1a: Melmetal
|
|upkeep
|
|t:|1665166737
|switch|p1a: Weavile|Weavile, F|100/100
|-ability|p1a: Weavile|Pressure
|turn|24
|
|t:|1665166739
|move|p1a: Weavile|Triple Axel|p2a: Tangrowth
|-supereffective|p2a: Tangrowth
|-damage|p2a: Tangrowth|46/100
|-supereffective|p2a: Tangrowth
|-damage|p2a: Tangrowth|13/100
|-supereffective|p2a: Tangrowth
|-damage|p2a: Tangrowth|0 fnt
|faint|p2a: Tangrowth
|-hitcount|p2: Tangrowth|3
|
|upkeep
|
|t:|1665166739
|switch|p2a: Melmetal|Melmetal|79/100
|-damage|p2a: Melmetal|73/100|[from] Stealth Rock
|turn|25
|
|t:|1665166742
|move|p1a: Weavile|Triple Axel|p2a: Melmetal
|-resisted|p2a: Melmetal
|-damage|p2a: Melmetal|69/100
|-resisted|p2a: Melmetal
|-damage|p2a: Melmetal|61/100
|-resisted|p2a: Melmetal
|-damage|p2a: Melmetal|49/100
|-hitcount|p2a: Melmetal|3
|move|p2a: Melmetal|Double Iron Bash|p1a: Weavile
|-supereffective|p1a: Weavile
|-damage|p1a: Weavile|0 fnt
|faint|p1a: Weavile
|-hitcount|p1: Weavile|1
|
|upkeep
|
|t:|1665166743
|switch|p1a: Kartana|Kartana|84/100
|turn|26
|
|t:|1665166745
|move|p1a: Kartana|Sacred Sword|p2a: Melmetal
|-supereffective|p2a: Melmetal
|-damage|p2a: Melmetal|4/100
|move|p2a: Melmetal|Ice Punch|p1a: Kartana
|-damage|p1a: Kartana|50/100
|-status|p1a: Kartana|frz
|
|upkeep
|turn|27
|j| zigzaglightning
|
|t:|1665166746
|cant|p1a: Kartana|frz
|move|p2a: Melmetal|Double Iron Bash|p1a: Kartana
|-resisted|p1a: Kartana
|-damage|p1a: Kartana|29/100 frz
|-resisted|p1a: Kartana
|-damage|p1a: Kartana|7/100 frz
|-hitcount|p1a: Kartana|2
|
|upkeep
|turn|28
|
|t:|1665166747
|cant|p1a: Kartana|frz
|move|p2a: Melmetal|Double Iron Bash|p1a: Kartana
|-resisted|p1a: Kartana
|-crit|p1a: Kartana
|-damage|p1a: Kartana|0 fnt
|faint|p1a: Kartana
|-hitcount|p1: Kartana|1
|
|win|minimax_ai
|raw|yokobaby's rating: 1695 &rarr; <strong>1675</strong><br />(-20 for losing)
|raw|minimax_ai's rating: 1695 &rarr; <strong>1715</strong><br />(+20 for winning)
|c|☆minimax_ai|gg
