|j|☆Chikami
|j|☆Charmalane
|t:|1647648292
|gametype|singles
|player|p1|Chikami|ethan|1636
|player|p2|Charmalane|brawly|1707
|teamsize|p1|6
|teamsize|p2|6
|gen|8
|tier|[Gen 8] OU
|rated|
|rule|Sleep Clause Mod: Limit one foe put to sleep
|rule|Species Clause: Limit one of each Pokémon
|rule|OHKO Clause: OHKO moves are banned
|rule|Evasion Moves Clause: Evasion moves are banned
|rule|Endless Battle Clause: Forcing endless battles is banned
|rule|HP Percentage Mod: HP is shown in percentages
|rule|Dynamax Clause: You cannot dynamax
|clearpoke
|poke|p1|Garchomp, M|
|poke|p1|Rillaboom, M|
|poke|p1|Urshifu-*, M|
|poke|p1|Regieleki|
|poke|p1|Zapdos-Galar|
|poke|p1|Mew|
|poke|p2|Dragapult, M|
|poke|p2|Blacephalon|
|poke|p2|Urshifu-*, M|
|poke|p2|Landorus-Therian, M|
|poke|p2|Slowbro, M|
|poke|p2|Mandibuzz, F|
|teampreview
|inactive|Battle timer is ON: inactive players will automatically lose when time's up. (requested by Chikami)
|
|t:|1647648321
|start
|switch|p1a: Mew|Mew|100/100
|switch|p2a: Necky|Mandibuzz, F|100/100
|turn|1
|
|t:|1647648333
|move|p1a: Mew|Stealth Rock|p2a: Necky
|-sidestart|p2: Charmalane|move: Stealth Rock
|move|p2a: Necky|Foul Play|p1a: Mew
|-supereffective|p1a: Mew
|-damage|p1a: Mew|48/100
|
|upkeep
|turn|2
|
|t:|1647648338
|move|p1a: Mew|Thunder Wave|p2a: Necky
|-status|p2a: Necky|par
|move|p2a: Necky|Foul Play|p1a: Mew
|-supereffective|p1a: Mew
|-damage|p1a: Mew|0 fnt
|faint|p1a: Mew
|
|upkeep
|j| Hella Rare Pepe
|
|t:|1647648343
|switch|p1a: Regieleki|Regieleki|100/100
|turn|3
|
|t:|1647648350
|switch|p2a: Jasper|Landorus-Therian, M|100/100
|-damage|p2a: Jasper|88/100|[from] Stealth Rock
|-ability|p2a: Jasper|Intimidate|boost
|-unboost|p1a: Regieleki|atk|1
|move|p1a: Regieleki|Thunderbolt|p2a: Jasper
|-immune|p2a: Jasper
|
|-heal|p2a: Jasper|94/100|[from] item: Leftovers
|upkeep
|turn|4
|
|t:|1647648360
|switch|p1a: Zapdos|Zapdos-Galar|100/100
|move|p2a: Jasper|Toxic|p1a: Zapdos
|-status|p1a: Zapdos|tox
|
|-heal|p2a: Jasper|99/100|[from] item: Leftovers
|-damage|p1a: Zapdos|94/100 tox|[from] psn
|upkeep
|turn|5
|
|t:|1647648388
|switch|p2a: Nautilus|Slowbro, M|100/100
|move|p1a: Zapdos|Brave Bird|p2a: Nautilus
|-damage|p2a: Nautilus|44/100
|-damage|p1a: Zapdos|72/100 tox|[from] Recoil
|
|-damage|p1a: Zapdos|59/100 tox|[from] psn
|upkeep
|turn|6
|inactive|Charmalane has 120 seconds left.
|
|t:|1647648404
|move|p1a: Zapdos|Brave Bird|p2a: Nautilus
|-damage|p2a: Nautilus|0 fnt
|faint|p2a: Nautilus
|-damage|p1a: Zapdos|41/100 tox|[from] Recoil
|
|-damage|p1a: Zapdos|23/100 tox|[from] psn
|upkeep
|inactive|Charmalane has 120 seconds left.
|inactive|Charmalane has 90 seconds left.
|
|t:|1647648444
|switch|p2a: Necky|Mandibuzz, F|100/100 par
|turn|7
|
|t:|1647648447
|move|p1a: Zapdos|Brave Bird|p2a: Necky
|-damage|p2a: Necky|41/100 par
|-damage|p1a: Zapdos|0 fnt|[from] Recoil
|faint|p1a: Zapdos
|move|p2a: Necky|Defog|p1: Zapdos|[notarget]
|-fail|p2a: Necky
|
|upkeep
|j| Nesnot
|l| Nesnot
|inactive|Chikami has 120 seconds left.
|
|t:|1647648486
|switch|p1a: Urshifu|Urshifu-Rapid-Strike, M|100/100
|turn|8
|
|t:|1647648497
|move|p1a: Urshifu|Ice Punch|p2a: Necky
|-supereffective|p2a: Necky
|-damage|p2a: Necky|5/100 par
|cant|p2a: Necky|par
|
|upkeep
|turn|9
|
|t:|1647648503
|move|p1a: Urshifu|Ice Punch|p2a: Necky
|-supereffective|p2a: Necky
|-damage|p2a: Necky|0 fnt
|faint|p2a: Necky
|
|upkeep
|
|t:|1647648508
|switch|p2a: Buggy|Blacephalon, shiny|100/100
|-damage|p2a: Buggy|76/100|[from] Stealth Rock
|turn|10
|
|t:|1647648513
|switch|p1a: Regieleki|Regieleki|100/100
|move|p2a: Buggy|Shadow Ball|p1a: Regieleki
|-damage|p1a: Regieleki|0 fnt
|faint|p1a: Regieleki
|-ability|p2a: Buggy|Beast Boost|boost
|-boost|p2a: Buggy|spa|1
|
|upkeep
|
|t:|1647648525
|switch|p1a: Urshifu|Urshifu-Rapid-Strike, M|100/100
|turn|11
|l| Hella Rare Pepe
|
|t:|1647648538
|switch|p2a: Po|Urshifu-Rapid-Strike, M|100/100
|-damage|p2a: Po|94/100|[from] Stealth Rock
|move|p1a: Urshifu|Surging Strikes|p2a: Po
|-resisted|p2a: Po
|-crit|p2a: Po
|-damage|p2a: Po|85/100
|-resisted|p2a: Po
|-crit|p2a: Po
|-damage|p2a: Po|76/100
|-resisted|p2a: Po
|-crit|p2a: Po
|-damage|p2a: Po|67/100
|-hitcount|p2a: Po|3
|
|upkeep
|turn|12
|
|t:|1647648558
|switch|p1a: Garchomp|Garchomp, M|100/100
|move|p2a: Po|Ice Punch|p1a: Garchomp
|-supereffective|p1a: Garchomp
|-damage|p1a: Garchomp|0 fnt
|-activate|p1a: Garchomp|ability: Rough Skin
|-activate|p2a: Po|item: Protective Pads
|faint|p1a: Garchomp
|
|upkeep
|
|t:|1647648573
|switch|p1a: Rillaboom|Rillaboom, M|100/100
|-fieldstart|move: Grassy Terrain|[from] ability: Grassy Surge|[of] p1a: Rillaboom
|turn|13
|inactive|Charmalane has 120 seconds left.
|
|t:|1647648598
|move|p1a: Rillaboom|Grassy Glide|p2a: Po
|-supereffective|p2a: Po
|-damage|p2a: Po|0 fnt
|faint|p2a: Po
|-damage|p1a: Rillaboom|91/100|[from] item: Life Orb
|
|-heal|p1a: Rillaboom|97/100|[from] Grassy Terrain
|upkeep
|inactive|Charmalane has 120 seconds left.
|inactive|Charmalane has 90 seconds left.
|
|t:|1647648656
|switch|p2a: Diplo|Dragapult, M|100/100
|-damage|p2a: Diplo|88/100|[from] Stealth Rock
|turn|14
|
|t:|1647648662
|move|p1a: Rillaboom|Grassy Glide|p2a: Diplo
|-resisted|p2a: Diplo
|-damage|p2a: Diplo|47/100
|-damage|p1a: Rillaboom|87/100|[from] item: Life Orb
|move|p2a: Diplo|Draco Meteor|p1a: Rillaboom
|-damage|p1a: Rillaboom|0 fnt
|-unboost|p2a: Diplo|spa|2
|faint|p1a: Rillaboom
|
|-heal|p2a: Diplo|53/100|[from] Grassy Terrain
|upkeep
|
|t:|1647648671
|switch|p1a: Urshifu|Urshifu-Rapid-Strike, M|100/100
|turn|15
|
|t:|1647648674
|switch|p2a: Jasper|Landorus-Therian, M|99/100
|-damage|p2a: Jasper|88/100|[from] Stealth Rock
|-ability|p2a: Jasper|Intimidate|boost
|-unboost|p1a: Urshifu|atk|1
|move|p1a: Urshifu|Surging Strikes|p2a: Jasper
|-supereffective|p2a: Jasper
|-crit|p2a: Jasper
|-damage|p2a: Jasper|49/100
|-supereffective|p2a: Jasper
|-crit|p2a: Jasper
|-damage|p2a: Jasper|11/100
|-supereffective|p2a: Jasper
|-crit|p2a: Jasper
|-damage|p2a: Jasper|0 fnt
|faint|p2a: Jasper
|-hitcount|p2: Jasper|3
|
|upkeep
|inactive|Charmalane has 90 seconds left.
|
|t:|1647648687
|switch|p2a: Buggy|Blacephalon, shiny|76/100
|-damage|p2a: Buggy|51/100|[from] Stealth Rock
|turn|16
|
|t:|1647648692
|move|p1a: Urshifu|Surging Strikes|p2a: Buggy
|-supereffective|p2a: Buggy
|-crit|p2a: Buggy
|-damage|p2a: Buggy|0 fnt
|faint|p2a: Buggy
|-hitcount|p2: Buggy|1
|
|upkeep
|
|t:|1647648694
|switch|p2a: Diplo|Dragapult, M|53/100
|-damage|p2a: Diplo|41/100|[from] Stealth Rock
|turn|17
|
|t:|1647648718
|move|p1a: Urshifu|Surging Strikes|p2a: Diplo
|-resisted|p2a: Diplo
|-crit|p2a: Diplo
|-damage|p2a: Diplo|28/100
|-resisted|p2a: Diplo
|-crit|p2a: Diplo
|-damage|p2a: Diplo|13/100
|-resisted|p2a: Diplo
|-crit|p2a: Diplo
|-damage|p2a: Diplo|0 fnt
|faint|p2a: Diplo
|-hitcount|p2: Diplo|3
|
|win|Chikami
|raw|Chikami's rating: 1636 &rarr; <strong>1660</strong><br />(+24 for winning)
|raw|Charmalane's rating: 1707 &rarr; <strong>1683</strong><br />(-24 for losing)
|c|☆Charmalane|gg
|l|☆Chikami
