|j|☆LT74PF Zen
|j|☆isheavydead
|inactive|Battle timer is ON: inactive players will automatically lose when time's up.
|t:|1599007616
|player|p1|LT74PF Zen|skierf|
|player|p2|isheavydead|medium|
|teamsize|p1|6
|teamsize|p2|6
|gametype|singles
|gen|8
|tier|[Gen 8] OU
|rated|Tournament battle
|clearpoke
|poke|p1|Excadrill, M|
|poke|p1|Magnezone|
|poke|p1|Skarmory, F|
|poke|p1|Tyranitar, M|
|poke|p1|Amoonguss, M|
|poke|p1|Clefable, M|
|poke|p2|Haxorus, M|
|poke|p2|Volcarona, M|
|poke|p2|Ninetales-Alola, F|
|poke|p2|Excadrill, F|
|poke|p2|Urshifu-*, F|
|poke|p2|Azumarill, M|
|rule|Sleep Clause Mod: Limit one foe put to sleep
|rule|Species Clause: Limit one of each Pokémon
|rule|OHKO Clause: OHKO moves are banned
|rule|Evasion Moves Clause: Evasion moves are banned
|rule|Endless Battle Clause: Forcing endless battles is banned
|rule|HP Percentage Mod: HP is shown in percentages
|rule|Dynamax Clause: You cannot dynamax
|teampreview
|inactive|LT74PF Zen also wants the timer to be on.
|j| The_Gunstar_Black
|j| LVloneSupreme
|c|☆isheavydead|HF
|j| exploding toxapex
|c|☆LT74PF Zen|o
|j| Sniiivyyyy❤❤❤
|j| MynameisYoshikageK
|j| Ayante
|c|☆isheavydead|im fucked
|c|☆LT74PF Zen|hf
|j| TacoTempest
|j| TechnoGenji
|l| Ayante
|l|☆isheavydead
|inactive|isheavydead disconnected and has a minute to reconnect!
|player|p2|
|c|☆LT74PF Zen|i thought u were gonna bring something vs the trick room
|inactive|LT74PF Zen has 120 seconds left.
|
|t:|1599007647
|start
|switch|p1a: Excadrill|Excadrill, M|100/100
|switch|p2a: Excadrill|Excadrill, F, shiny|100/100
|-ability|p2a: Excadrill|Mold Breaker
|turn|1
|j|☆isheavydead
|inactive|isheavydead reconnected and has 140 seconds left.
|player|p2|isheavydead|medium
|
|t:|1599007660
|switch|p1a: Skarmory|Skarmory, F|100/100
|move|p2a: Excadrill|Earthquake|p1a: Skarmory
|-immune|p1a: Skarmory
|
|upkeep
|turn|2
|j| Holy peperoni
|
|t:|1599007663
|move|p2a: Excadrill|Stealth Rock|p1a: Skarmory
|-sidestart|p1: LT74PF Zen|move: Stealth Rock
|move|p1a: Skarmory|Body Press|p2a: Excadrill
|-supereffective|p2a: Excadrill
|-damage|p2a: Excadrill|1/100
|
|upkeep
|turn|3
|j| Zombini62
|c|☆isheavydead|I was!
|c|☆isheavydead|and then
|c| exploding toxapex|wow
|c|☆isheavydead|im screwed now
|
|t:|1599007676
|move|p2a: Excadrill|Steel Beam|p1a: Skarmory
|-resisted|p1a: Skarmory
|-damage|p1a: Skarmory|83/100
|-damage|p2a: Excadrill|0 fnt|[from] mindblown
|faint|p2a: Excadrill
|move|p1a: Skarmory|Spikes|p2: Excadrill
|-sidestart|p2: isheavydead|Spikes
|
|upkeep
|
|t:|1599007678
|switch|p2a: Volcarona|Volcarona, M|100/100
|turn|4
|
|t:|1599007684
|switch|p2a: Haxorus|Haxorus, M, shiny|100/100
|-damage|p2a: Haxorus|88/100|[from] Spikes
|-ability|p2a: Haxorus|Mold Breaker
|switch|p1a: Tyranitar|Tyranitar, M|100/100
|-damage|p1a: Tyranitar|88/100|[from] Stealth Rock
|-weather|Sandstorm|[from] ability: Sand Stream|[of] p1a: Tyranitar
|
|-weather|Sandstorm|[upkeep]
|-damage|p2a: Haxorus|82/100|[from] Sandstorm
|-heal|p1a: Tyranitar|94/100|[from] item: Leftovers
|upkeep
|turn|5
|j| Hell's Incarnate
|
|t:|1599007688
|switch|p1a: Skarmory|Skarmory, F|83/100
|-damage|p1a: Skarmory|71/100|[from] Stealth Rock
|move|p2a: Haxorus|Swords Dance|p2a: Haxorus
|-boost|p2a: Haxorus|atk|2
|
|-weather|Sandstorm|[upkeep]
|-damage|p2a: Haxorus|76/100|[from] Sandstorm
|upkeep
|turn|6
|
|t:|1599007690
|move|p2a: Haxorus|Close Combat|p1a: Skarmory
|-damage|p1a: Skarmory|20/100
|-unboost|p2a: Haxorus|def|1
|-unboost|p2a: Haxorus|spd|1
|-damage|p2a: Haxorus|60/100|[from] item: Rocky Helmet|[of] p1a: Skarmory
|move|p1a: Skarmory|Whirlwind|p2a: Haxorus
|drag|p2a: Azumarill|Azumarill, M|100/100
|-damage|p2a: Azumarill|88/100|[from] Spikes
|
|-weather|Sandstorm|[upkeep]
|-damage|p2a: Azumarill|82/100|[from] Sandstorm
|upkeep
|turn|7
|
|t:|1599007702
|move|p2a: Azumarill|Knock Off|p1a: Skarmory
|-damage|p1a: Skarmory|0 fnt
|-damage|p2a: Azumarill|66/100|[from] item: Rocky Helmet|[of] p1a: Skarmory
|-enditem|p1a: Skarmory|Rocky Helmet|[from] move: Knock Off|[of] p2a: Azumarill
|faint|p1a: Skarmory
|
|-weather|Sandstorm|[upkeep]
|-damage|p2a: Azumarill|60/100|[from] Sandstorm
|upkeep
|
|t:|1599007704
|switch|p1a: Amoonguss|Amoonguss, M, shiny|100/100
|-damage|p1a: Amoonguss|88/100|[from] Stealth Rock
|turn|8
|
|t:|1599007708
|switch|p2a: Ninetales|Ninetales-Alola, F, shiny|100/100
|-damage|p2a: Ninetales|88/100|[from] Spikes
|-weather|Hail|[from] ability: Snow Warning|[of] p2a: Ninetales
|move|p1a: Amoonguss|Spore|p2a: Ninetales
|-status|p2a: Ninetales|slp|[from] move: Spore
|
|-weather|Hail|[upkeep]
|-damage|p1a: Amoonguss|82/100|[from] Hail
|-heal|p1a: Amoonguss|88/100|[from] item: Black Sludge
|upkeep
|turn|9
|
|t:|1599007712
|switch|p2a: Volcarona|Volcarona, M|100/100
|switch|p1a: Tyranitar|Tyranitar, M|94/100
|-damage|p1a: Tyranitar|82/100|[from] Stealth Rock
|-weather|Sandstorm|[from] ability: Sand Stream|[of] p1a: Tyranitar
|
|-weather|Sandstorm|[upkeep]
|-damage|p2a: Volcarona|94/100|[from] Sandstorm
|-heal|p1a: Tyranitar|88/100|[from] item: Leftovers
|upkeep
|turn|10
|l| Hell's Incarnate
|
|t:|1599007715
|switch|p2a: Urshifu|Urshifu, F|100/100
|-damage|p2a: Urshifu|88/100|[from] Spikes
|move|p1a: Tyranitar|Stealth Rock|p2a: Urshifu
|-sidestart|p2: isheavydead|move: Stealth Rock
|
|-weather|Sandstorm|[upkeep]
|-damage|p2a: Urshifu|82/100|[from] Sandstorm
|-heal|p1a: Tyranitar|94/100|[from] item: Leftovers
|upkeep
|turn|11
|
|t:|1599007720
|switch|p2a: Volcarona|Volcarona, M|94/100
|switch|p1a: Clefable|Clefable, M, shiny|100/100
|
|-weather|Sandstorm|[upkeep]
|-damage|p2a: Volcarona|88/100|[from] Sandstorm
|upkeep
|turn|12
|
|t:|1599007722
|switch|p2a: Haxorus|Haxorus, M, shiny|60/100
|-damage|p2a: Haxorus|47/100|[from] Stealth Rock
|-damage|p2a: Haxorus|35/100|[from] Spikes
|-ability|p2a: Haxorus|Mold Breaker
|move|p1a: Clefable|Trick|p2a: Haxorus
|-activate|p1a: Clefable|move: Trick|[of] p2a: Haxorus
|-item|p2a: Haxorus|Sticky Barb|[from] move: Trick
|-item|p1a: Clefable|Lum Berry|[from] move: Trick
|
|-weather|Sandstorm|[upkeep]
|-damage|p2a: Haxorus|29/100|[from] Sandstorm
|-damage|p2a: Haxorus|17/100|[from] item: Sticky Barb
|upkeep
|turn|13
|c| exploding toxapex|s t e e l b e a m e x c a d r i l l n e w m e t a
|l| LVloneSupreme
|j|%Skypenguin@!
|c|☆isheavydead|IM FUCKED
|c|☆isheavydead|wdym
|
|t:|1599007735
|switch|p1a: Amoonguss|Amoonguss, M, shiny|100/100
|-damage|p1a: Amoonguss|88/100|[from] Stealth Rock
|move|p2a: Haxorus|Poison Jab|p1a: Amoonguss
|-damage|p1a: Amoonguss|65/100
|
|-weather|none
|-heal|p1a: Amoonguss|71/100|[from] item: Black Sludge
|-damage|p2a: Haxorus|4/100|[from] item: Sticky Barb
|upkeep
|turn|14
|c|☆isheavydead|steel beam is regular meta
|
|t:|1599007741
|move|p2a: Haxorus|Swords Dance|p2a: Haxorus
|-boost|p2a: Haxorus|atk|2
|move|p1a: Amoonguss|Giga Drain|p2a: Haxorus
|-resisted|p2a: Haxorus
|-damage|p2a: Haxorus|0 fnt
|-heal|p1a: Amoonguss|72/100|[from] drain|[of] p2a: Haxorus
|faint|p2a: Haxorus
|
|-heal|p1a: Amoonguss|78/100|[from] item: Black Sludge
|upkeep
|
|t:|1599007746
|switch|p2a: Volcarona|Volcarona, M|88/100
|turn|15
|c|☆LT74PF Zen|steel beam is common
|
|t:|1599007749
|switch|p1a: Tyranitar|Tyranitar, M|94/100
|-damage|p1a: Tyranitar|82/100|[from] Stealth Rock
|-weather|Sandstorm|[from] ability: Sand Stream|[of] p1a: Tyranitar
|move|p2a: Volcarona|Bug Buzz|p1a: Tyranitar
|-supereffective|p1a: Tyranitar
|-damage|p1a: Tyranitar|49/100
|
|-weather|Sandstorm|[upkeep]
|-damage|p2a: Volcarona|82/100|[from] Sandstorm
|-heal|p1a: Tyranitar|55/100|[from] item: Leftovers
|upkeep
|turn|16
|
|t:|1599007756
|switch|p2a: Urshifu|Urshifu, F|82/100
|-damage|p2a: Urshifu|76/100|[from] Stealth Rock
|-damage|p2a: Urshifu|64/100|[from] Spikes
|move|p1a: Tyranitar|Rock Blast|p2a: Urshifu
|-resisted|p2a: Urshifu
|-damage|p2a: Urshifu|58/100
|-resisted|p2a: Urshifu
|-damage|p2a: Urshifu|53/100
|-hitcount|p2a: Urshifu|2
|
|-weather|Sandstorm|[upkeep]
|-damage|p2a: Urshifu|47/100|[from] Sandstorm
|-heal|p1a: Tyranitar|62/100|[from] item: Leftovers
|upkeep
|turn|17
|
|t:|1599007762
|switch|p2a: Azumarill|Azumarill, M|60/100
|-damage|p2a: Azumarill|47/100|[from] Spikes
|-damage|p2a: Azumarill|35/100|[from] Stealth Rock
|-enditem|p2a: Azumarill|Sitrus Berry|[eat]
|-heal|p2a: Azumarill|60/100|[from] item: Sitrus Berry
|switch|p1a: Amoonguss|Amoonguss, M, shiny|100/100
|-damage|p1a: Amoonguss|88/100|[from] Stealth Rock
|
|-weather|Sandstorm|[upkeep]
|-damage|p2a: Azumarill|54/100|[from] Sandstorm
|-damage|p1a: Amoonguss|82/100|[from] Sandstorm
|-heal|p1a: Amoonguss|88/100|[from] item: Black Sludge
|upkeep
|turn|18
|
|t:|1599007767
|move|p2a: Azumarill|Knock Off|p1a: Amoonguss
|-damage|p1a: Amoonguss|55/100
|-enditem|p1a: Amoonguss|Black Sludge|[from] move: Knock Off|[of] p2a: Azumarill
|move|p1a: Amoonguss|Sludge Bomb|p2a: Azumarill
|-supereffective|p2a: Azumarill
|-damage|p2a: Azumarill|0 fnt
|faint|p2a: Azumarill
|
|-weather|Sandstorm|[upkeep]
|-damage|p1a: Amoonguss|49/100|[from] Sandstorm
|upkeep
|
|t:|1599007769
|switch|p2a: Volcarona|Volcarona, M|82/100
|turn|19
|
|t:|1599007775
|switch|p1a: Excadrill|Excadrill, M|100/100
|-damage|p1a: Excadrill|97/100|[from] Stealth Rock
|move|p2a: Volcarona|Fiery Dance|p1a: Excadrill
|-supereffective|p1a: Excadrill
|-damage|p1a: Excadrill|0 fnt
|-boost|p2a: Volcarona|spa|1
|faint|p1a: Excadrill
|
|-weather|none
|upkeep
|c|☆LT74PF Zen|oof
|c|☆isheavydead|yo wait what
|c| exploding toxapex|but 50 sp. atk
|
|t:|1599007784
|switch|p1a: Tyranitar|Tyranitar, M|62/100
|-damage|p1a: Tyranitar|49/100|[from] Stealth Rock
|-weather|Sandstorm|[from] ability: Sand Stream|[of] p1a: Tyranitar
|turn|20
|c|☆isheavydead|steel beam prevents them from defoging
|c|☆isheavydead|kid
|
|t:|1599007794
|switch|p2a: Urshifu|Urshifu, F|47/100
|-damage|p2a: Urshifu|40/100|[from] Stealth Rock
|-damage|p2a: Urshifu|28/100|[from] Spikes
|move|p1a: Tyranitar|Rock Blast|p2a: Urshifu
|-resisted|p2a: Urshifu
|-damage|p2a: Urshifu|22/100
|-resisted|p2a: Urshifu
|-damage|p2a: Urshifu|17/100
|-resisted|p2a: Urshifu
|-damage|p2a: Urshifu|11/100
|-hitcount|p2a: Urshifu|3
|
|-weather|Sandstorm|[upkeep]
|-damage|p2a: Urshifu|5/100|[from] Sandstorm
|-heal|p1a: Tyranitar|55/100|[from] item: Leftovers
|upkeep
|turn|21
|c| TacoTempest|dam i didnt know ur suppost to switch out this much
|
|t:|1599007799
|switch|p1a: Amoonguss|Amoonguss, M, shiny|82/100
|-damage|p1a: Amoonguss|70/100|[from] Stealth Rock
|move|p2a: Urshifu|Drain Punch|p1a: Amoonguss
|-resisted|p1a: Amoonguss
|-damage|p1a: Amoonguss|54/100
|-heal|p2a: Urshifu|15/100|[from] drain|[of] p1a: Amoonguss
|
|-weather|Sandstorm|[upkeep]
|-damage|p2a: Urshifu|9/100|[from] Sandstorm
|-damage|p1a: Amoonguss|48/100|[from] Sandstorm
|upkeep
|turn|22
|
|t:|1599007801
|move|p2a: Urshifu|Wicked Blow|p1a: Amoonguss
|-crit|p1a: Amoonguss
|-damage|p1a: Amoonguss|0 fnt
|faint|p1a: Amoonguss
|
|-weather|Sandstorm|[upkeep]
|-damage|p2a: Urshifu|3/100|[from] Sandstorm
|upkeep
|
|t:|1599007806
|switch|p1a: Clefable|Clefable, M, shiny|100/100
|turn|23
|
|t:|1599007811
|move|p2a: Urshifu|Wicked Blow|p1a: Clefable
|-resisted|p1a: Clefable
|-crit|p1a: Clefable
|-damage|p1a: Clefable|72/100
|move|p1a: Clefable|Moonblast|p2a: Urshifu
|-supereffective|p2a: Urshifu
|-damage|p2a: Urshifu|0 fnt
|faint|p2a: Urshifu
|
|-weather|Sandstorm|[upkeep]
|upkeep
|
|t:|1599007813
|switch|p2a: Volcarona|Volcarona, M|82/100
|turn|24
|c|☆LT74PF Zen|ok i threw
|c|☆isheavydead|if i get this boost
|inactive|LT74PF Zen has 120 seconds left.
|c|☆LT74PF Zen|bug buzz did too much
|
|t:|1599007862
|switch|p1a: Tyranitar|Tyranitar, M|55/100
|-damage|p1a: Tyranitar|43/100|[from] Stealth Rock
|move|p2a: Volcarona|Quiver Dance|p2a: Volcarona
|-boost|p2a: Volcarona|spa|1
|-boost|p2a: Volcarona|spd|1
|-boost|p2a: Volcarona|spe|1
|
|-weather|none
|-heal|p1a: Tyranitar|49/100|[from] item: Leftovers
|upkeep
|turn|25
|
|t:|1599007864
|move|p2a: Volcarona|Bug Buzz|p1a: Tyranitar
|-supereffective|p1a: Tyranitar
|-damage|p1a: Tyranitar|0 fnt
|faint|p1a: Tyranitar
|
|upkeep
|c|☆LT74PF Zen|ok
|l| exploding toxapex
|c|☆isheavydead|rip
|c|☆LT74PF Zen|i forgot sand went down
|c|☆LT74PF Zen|so thats a double L
|c|☆LT74PF Zen|gg
|c|☆isheavydead|gg
|c|☆LT74PF Zen|i choked with exca lmao
|c|☆LT74PF Zen|it had rock slide and everything
|c|☆isheavydead|yea
|-message|LT74PF Zen forfeited.
|
|win|isheavydead
