|raw|<div class="broadcast-blue"><strong>This battle is required to be public due to a player having a name starting with 'lt93oq'.</div>
|j|☆Coach Jones 6fifth
|j|☆LT93OQ im garbage
|t:|1660614999
|gametype|singles
|player|p1|Coach Jones 6fifth|lusamine-nihilego|1821
|player|p2|LT93OQ im garbage|266|1885
|teamsize|p1|6
|teamsize|p2|6
|gen|8
|tier|[Gen 8] OU
|rated|
|rule|Sleep Clause Mod: Limit one foe put to sleep
|rule|Species Clause: Limit one of each Pokémon
|rule|OHKO Clause: OHKO moves are banned
|rule|Evasion Items Clause: Evasion items are banned
|rule|Evasion Moves Clause: Evasion moves are banned
|rule|Endless Battle Clause: Forcing endless battles is banned
|rule|HP Percentage Mod: HP is shown in percentages
|rule|Dynamax Clause: You cannot dynamax
|clearpoke
|poke|p1|Heatran, F|
|poke|p1|Slowking, F|
|poke|p1|Landorus-Therian, M|
|poke|p1|Weavile, M|
|poke|p1|Clefable, M|
|poke|p1|Tornadus-Therian, M|
|poke|p2|Mandibuzz, F|
|poke|p2|Buzzwole|
|poke|p2|Quagsire, F|
|poke|p2|Bronzong|
|poke|p2|Clefable, F|
|poke|p2|Toxapex, M|
|teampreview
|inactive|Battle timer is ON: inactive players will automatically lose when time's up. (requested by LT93OQ im garbage)
|j| KokoCherryMango
|inactive|Coach Jones 6fifth has 120 seconds left.
|inactive|LT93OQ im garbage has 120 seconds left.
|j| Kwaga
|
|t:|1660615049
|start
|switch|p1a: Tornadus|Tornadus-Therian, M|100/100
|switch|p2a: Clefable|Clefable, F|100/100
|turn|1
|c| Kwaga|gettem coach
|j| Reigen shishou
|j| BALOOR
|j| LuckyBombVoyage
|l| Reigen shishou
|l| LuckyBombVoyage
|j| roaringlight
|
|t:|1660615066
|move|p1a: Tornadus|Knock Off|p2a: Clefable
|-resisted|p2a: Clefable
|-damage|p2a: Clefable|93/100
|-enditem|p2a: Clefable|Sticky Barb|[from] move: Knock Off|[of] p1a: Tornadus
|move|p2a: Clefable|Stealth Rock|p1a: Tornadus
|-sidestart|p1: Coach Jones 6fifth|move: Stealth Rock
|
|upkeep
|turn|2
|
|t:|1660615072
|move|p1a: Tornadus|Hurricane|p2a: Clefable|[miss]
|-miss|p1a: Tornadus|p2a: Clefable
|move|p2a: Clefable|Moonblast|p1a: Tornadus
|-damage|p1a: Tornadus|81/100
|
|upkeep
|turn|3
|j|+steelskitty
|j| Rubiaa
|j| amsTan
|j| LT93O Quetzalcoatl
|l| amsTan
|j| KTTKTJYK
|
|t:|1660615083
|move|p1a: Tornadus|U-turn|p2a: Clefable
|-resisted|p2a: Clefable
|-damage|p2a: Clefable|87/100
|
|t:|1660615086
|switch|p1a: Clefable|Clefable, M, shiny|100/100|[from]move: U-turn
|move|p2a: Clefable|Moonblast|p1a: Clefable
|-damage|p1a: Clefable|72/100
|
|upkeep
|turn|4
|
|t:|1660615091
|switch|p2a: Toxapex|Toxapex, M|100/100
|switch|p1a: Tornadus|Tornadus-Therian, M|100/100
|-damage|p1a: Tornadus|76/100|[from] Stealth Rock
|
|upkeep
|turn|5
|
|t:|1660615096
|switch|p1a: Clefable|Clefable, M, shiny|72/100
|move|p2a: Toxapex|Knock Off|p1a: Clefable
|-resisted|p1a: Clefable
|-damage|p1a: Clefable|66/100
|-damage|p2a: Toxapex|84/100|[from] item: Rocky Helmet|[of] p1a: Clefable
|-enditem|p1a: Clefable|Rocky Helmet|[from] move: Knock Off|[of] p2a: Toxapex
|
|upkeep
|turn|6
|j| iitzhatz
|
|t:|1660615100
|move|p2a: Toxapex|Knock Off|p1a: Clefable
|-resisted|p1a: Clefable
|-damage|p1a: Clefable|62/100
|move|p1a: Clefable|Soft-Boiled|p1a: Clefable
|-heal|p1a: Clefable|100/100
|
|upkeep
|turn|7
|j| batdiaer
|l| batdiaer
|j| LT93OQ Starbit
|j| lt93oq cuzzie
|inactive|LT93OQ im garbage has 120 seconds left.
|j| CanUrepeat
|j| CB Bhris Breezy
|j| d18l
|
|t:|1660615146
|move|p2a: Toxapex|Light Screen|p2a: Toxapex
|-sidestart|p2: LT93OQ im garbage|move: Light Screen
|move|p1a: Clefable|Seismic Toss|p2a: Toxapex
|-damage|p2a: Toxapex|51/100
|
|upkeep
|turn|8
|j| ultimateswordnd
|
|t:|1660615158
|switch|p2a: Quagsire|Quagsire, F|100/100
|move|p1a: Clefable|Seismic Toss|p2a: Quagsire
|-damage|p2a: Quagsire|75/100
|
|-heal|p2a: Quagsire|81/100|[from] item: Leftovers
|upkeep
|turn|9
|
|t:|1660615164
|switch|p1a: Slowking|Slowking, F|100/100
|move|p2a: Quagsire|Scald|p1a: Slowking
|-resisted|p1a: Slowking
|-damage|p1a: Slowking|94/100
|
|-heal|p2a: Quagsire|87/100|[from] item: Leftovers
|upkeep
|turn|10
|j| keldeo
|inactive|LT93OQ im garbage has 120 seconds left.
|j| Tace
|
|t:|1660615186
|move|p2a: Quagsire|Toxic|p1a: Slowking
|-status|p1a: Slowking|tox
|move|p1a: Slowking|Teleport|p1a: Slowking
|
|t:|1660615188
|switch|p1a: Heatran|Heatran, F, shiny|100/100|[from]move: Teleport
|-damage|p1a: Heatran|88/100|[from] Stealth Rock
|
|-heal|p2a: Quagsire|93/100|[from] item: Leftovers
|upkeep
|turn|11
|
|t:|1660615193
|switch|p2a: Bronzong|Bronzong|100/100
|move|p1a: Heatran|Toxic|p2a: Bronzong|[miss]
|-miss|p1a: Heatran|p2a: Bronzong
|
|-sideend|p2: LT93OQ im garbage|move: Light Screen
|upkeep
|turn|12
|
|t:|1660615196
|move|p1a: Heatran|Stealth Rock|p2a: Bronzong
|-sidestart|p2: LT93OQ im garbage|move: Stealth Rock
|move|p2a: Bronzong|Earthquake|p1a: Heatran
|-supereffective|p1a: Heatran
|-damage|p1a: Heatran|36/100
|
|upkeep
|turn|13
|l| KTTKTJYK
|
|t:|1660615199
|switch|p1a: Clefable|Clefable, M, shiny|100/100
|move|p2a: Bronzong|Earthquake|p1a: Clefable
|-damage|p1a: Clefable|85/100
|
|upkeep
|turn|14
|j| Aurora
|
|t:|1660615222
|switch|p2a: Toxapex|Toxapex, M|84/100
|-damage|p2a: Toxapex|72/100|[from] Stealth Rock
|move|p1a: Clefable|Wish|p1a: Clefable
|
|upkeep
|turn|15
|
|t:|1660615225
|move|p2a: Toxapex|Knock Off|p1a: Clefable
|-resisted|p1a: Clefable
|-damage|p1a: Clefable|81/100
|move|p1a: Clefable|Seismic Toss|p2a: Toxapex
|-damage|p2a: Toxapex|39/100
|
|-heal|p1a: Clefable|100/100|[from] move: Wish|[wisher] Clefable
|upkeep
|turn|16
|
|t:|1660615231
|switch|p2a: Quagsire|Quagsire, F|93/100
|-damage|p2a: Quagsire|87/100|[from] Stealth Rock
|move|p1a: Clefable|Wish|p1a: Clefable
|
|-heal|p2a: Quagsire|93/100|[from] item: Leftovers
|upkeep
|turn|17
|
|t:|1660615235
|switch|p1a: Slowking|Slowking, F|100/100 tox
|move|p2a: Quagsire|Protect||[still]
|-fail|p2a: Quagsire
|
|-heal|p2a: Quagsire|99/100|[from] item: Leftovers
|-damage|p1a: Slowking|94/100 tox|[from] psn
|upkeep
|turn|18
|
|t:|1660615244
|switch|p2a: Toxapex|Toxapex, M|72/100
|-damage|p2a: Toxapex|60/100|[from] Stealth Rock
|move|p1a: Slowking|Future Sight|p2a: Toxapex
|-start|p1a: Slowking|move: Future Sight
|
|-damage|p1a: Slowking|82/100 tox|[from] psn
|upkeep
|turn|19
|l| lt93oq cuzzie
|
|t:|1660615250
|switch|p2a: Bronzong|Bronzong|100/100
|-damage|p2a: Bronzong|94/100|[from] Stealth Rock
|move|p1a: Slowking|Teleport|p1a: Slowking
|
|t:|1660615253
|switch|p1a: Weavile|Weavile, M|100/100|[from]move: Teleport
|-damage|p1a: Weavile|76/100|[from] Stealth Rock
|-ability|p1a: Weavile|Pressure
|
|-heal|p2a: Bronzong|100/100|[from] item: Leftovers
|upkeep
|turn|20
|j| eid celebration
|j| abab rhyme
|
|t:|1660615264
|move|p2a: Bronzong|Protect|p2a: Bronzong
|-singleturn|p2a: Bronzong|Protect
|move|p1a: Weavile|Knock Off|p2a: Bronzong
|-activate|p2a: Bronzong|move: Protect
|
|-end|p2a: Bronzong|move: Future Sight
|-resisted|p2a: Bronzong
|-damage|p2a: Bronzong|93/100
|-heal|p2a: Bronzong|99/100|[from] item: Leftovers
|upkeep
|turn|21
|l| eid celebration
|
|t:|1660615267
|switch|p2a: Clefable|Clefable, F|87/100
|move|p1a: Weavile|Knock Off|p2a: Clefable
|-resisted|p2a: Clefable
|-damage|p2a: Clefable|67/100
|
|upkeep
|turn|22
|j| Celtis
|
|t:|1660615271
|switch|p1a: Landorus|Landorus-Therian, M|100/100
|-damage|p1a: Landorus|88/100|[from] Stealth Rock
|-ability|p1a: Landorus|Intimidate|boost
|-unboost|p2a: Clefable|atk|1
|move|p2a: Clefable|Soft-Boiled|p2a: Clefable
|-heal|p2a: Clefable|100/100
|
|-heal|p1a: Landorus|94/100|[from] item: Leftovers
|upkeep
|turn|23
|
|t:|1660615286
|switch|p2a: Buzzwole|Buzzwole|100/100
|move|p1a: Landorus|U-turn|p2a: Buzzwole
|-resisted|p2a: Buzzwole
|-damage|p2a: Buzzwole|95/100
|
|t:|1660615290
|switch|p1a: Tornadus|Tornadus-Therian, M|100/100|[from]move: U-turn
|-damage|p1a: Tornadus|76/100|[from] Stealth Rock
|
|upkeep
|turn|24
|
|t:|1660615295
|switch|p2a: Toxapex|Toxapex, M|93/100
|-damage|p2a: Toxapex|80/100|[from] Stealth Rock
|move|p1a: Tornadus|Hurricane|p2a: Toxapex
|-damage|p2a: Toxapex|49/100
|-start|p2a: Toxapex|confusion
|
|upkeep
|turn|25
|
|t:|1660615303
|move|p1a: Tornadus|U-turn|p2a: Toxapex
|-resisted|p2a: Toxapex
|-damage|p2a: Toxapex|43/100
|
|t:|1660615305
|switch|p1a: Clefable|Clefable, M, shiny|100/100|[from]move: U-turn
|-activate|p2a: Toxapex|confusion
|move|p2a: Toxapex|Recover|p2a: Toxapex
|-heal|p2a: Toxapex|93/100
|
|upkeep
|turn|26
|
|t:|1660615309
|switch|p2a: Quagsire|Quagsire, F|99/100
|-damage|p2a: Quagsire|93/100|[from] Stealth Rock
|move|p1a: Clefable|Moonblast|p2a: Quagsire
|-damage|p2a: Quagsire|59/100
|
|-heal|p2a: Quagsire|65/100|[from] item: Leftovers
|upkeep
|turn|27
|
|t:|1660615320
|switch|p1a: Slowking|Slowking, F|100/100 tox
|move|p2a: Quagsire|Protect||[still]
|-fail|p2a: Quagsire
|
|-heal|p2a: Quagsire|71/100|[from] item: Leftovers
|-damage|p1a: Slowking|94/100 tox|[from] psn
|upkeep
|turn|28
|
|t:|1660615328
|switch|p2a: Toxapex|Toxapex, M|100/100
|-damage|p2a: Toxapex|88/100|[from] Stealth Rock
|move|p1a: Slowking|Teleport|p1a: Slowking
|
|t:|1660615332
|switch|p1a: Clefable|Clefable, M, shiny|100/100|[from]move: Teleport
|
|upkeep
|turn|29
|j| Reigen shishou
|l| Reigen shishou
|
|t:|1660615348
|move|p2a: Toxapex|Light Screen|p2a: Toxapex
|-sidestart|p2: LT93OQ im garbage|move: Light Screen
|move|p1a: Clefable|Seismic Toss|p2a: Toxapex
|-damage|p2a: Toxapex|55/100
|
|upkeep
|turn|30
|
|t:|1660615354
|switch|p2a: Quagsire|Quagsire, F|71/100
|-damage|p2a: Quagsire|65/100|[from] Stealth Rock
|move|p1a: Clefable|Seismic Toss|p2a: Quagsire
|-damage|p2a: Quagsire|39/100
|
|-heal|p2a: Quagsire|45/100|[from] item: Leftovers
|upkeep
|turn|31
|
|t:|1660615360
|switch|p1a: Landorus|Landorus-Therian, M|94/100
|-damage|p1a: Landorus|82/100|[from] Stealth Rock
|-ability|p1a: Landorus|Intimidate|boost
|-unboost|p2a: Quagsire|atk|1
|move|p2a: Quagsire|Recover|p2a: Quagsire
|-heal|p2a: Quagsire|95/100
|
|-heal|p1a: Landorus|88/100|[from] item: Leftovers
|-heal|p2a: Quagsire|100/100|[from] item: Leftovers
|upkeep
|turn|32
|j| Sc0rcha
|
|t:|1660615372
|move|p1a: Landorus|Toxic|p2a: Quagsire
|-status|p2a: Quagsire|tox
|move|p2a: Quagsire|Toxic|p1a: Landorus
|-status|p1a: Landorus|tox
|
|-heal|p1a: Landorus|94/100 tox|[from] item: Leftovers
|-damage|p1a: Landorus|88/100 tox|[from] psn
|-damage|p2a: Quagsire|94/100 tox|[from] psn
|upkeep
|turn|33
|
|t:|1660615376
|switch|p2a: Clefable|Clefable, F|100/100
|move|p1a: Landorus|U-turn|p2a: Clefable
|-resisted|p2a: Clefable
|-damage|p2a: Clefable|91/100
|
|t:|1660615378
|switch|p1a: Clefable|Clefable, M, shiny|100/100|[from]move: U-turn
|
|-sideend|p2: LT93OQ im garbage|move: Light Screen
|upkeep
|turn|34
|
|t:|1660615382
|switch|p2a: Buzzwole|Buzzwole|95/100
|move|p1a: Clefable|Wish|p1a: Clefable
|
|upkeep
|turn|35
|
|t:|1660615385
|switch|p2a: Toxapex|Toxapex, M|88/100
|-damage|p2a: Toxapex|76/100|[from] Stealth Rock
|move|p1a: Clefable|Moonblast|p2a: Toxapex
|-resisted|p2a: Toxapex
|-damage|p2a: Toxapex|64/100
|-unboost|p2a: Toxapex|spa|1
|
|upkeep
|turn|36
|
|t:|1660615387
|switch|p2a: Clefable|Clefable, F|91/100
|move|p1a: Clefable|Seismic Toss|p2a: Clefable
|-damage|p2a: Clefable|66/100
|
|upkeep
|turn|37
|
|t:|1660615390
|move|p2a: Clefable|Aromatherapy|p2a: Clefable
|-activate|p2a: Clefable|move: Aromatherapy
|-curestatus|p2: Quagsire|tox|[msg]
|move|p1a: Clefable|Moonblast|p2a: Clefable
|-damage|p2a: Clefable|38/100
|
|upkeep
|turn|38
|
|t:|1660615396
|switch|p2a: Quagsire|Quagsire, F|94/100
|-damage|p2a: Quagsire|88/100|[from] Stealth Rock
|move|p1a: Clefable|Moonblast|p2a: Quagsire
|-damage|p2a: Quagsire|54/100
|
|-heal|p2a: Quagsire|60/100|[from] item: Leftovers
|upkeep
|turn|39
|
|t:|1660615399
|move|p2a: Quagsire|Protect|p2a: Quagsire
|-singleturn|p2a: Quagsire|Protect
|move|p1a: Clefable|Moonblast|p2a: Quagsire
|-activate|p2a: Quagsire|move: Protect
|
|-heal|p2a: Quagsire|66/100|[from] item: Leftovers
|upkeep
|turn|40
|
|t:|1660615400
|move|p1a: Clefable|Moonblast|p2a: Quagsire
|-damage|p2a: Quagsire|35/100
|-unboost|p2a: Quagsire|spa|1
|move|p2a: Quagsire|Recover|p2a: Quagsire
|-heal|p2a: Quagsire|85/100
|
|-heal|p2a: Quagsire|91/100|[from] item: Leftovers
|upkeep
|turn|41
|
|t:|1660615403
|switch|p1a: Slowking|Slowking, F|100/100 tox
|move|p2a: Quagsire|Protect||[still]
|-fail|p2a: Quagsire
|
|-heal|p2a: Quagsire|97/100|[from] item: Leftovers
|-damage|p1a: Slowking|94/100 tox|[from] psn
|upkeep
|turn|42
|
|t:|1660615406
|switch|p2a: Clefable|Clefable, F|38/100
|move|p1a: Slowking|Teleport|p1a: Slowking
|
|t:|1660615415
|switch|p1a: Clefable|Clefable, M, shiny|100/100|[from]move: Teleport
|
|upkeep
|turn|43
|
|t:|1660615418
|move|p2a: Clefable|Soft-Boiled|p2a: Clefable
|-heal|p2a: Clefable|88/100
|move|p1a: Clefable|Wish|p1a: Clefable
|
|upkeep
|turn|44
|
|t:|1660615424
|switch|p2a: Buzzwole|Buzzwole|95/100
|switch|p1a: Heatran|Heatran, F, shiny|36/100
|-damage|p1a: Heatran|24/100|[from] Stealth Rock
|
|-heal|p1a: Heatran|75/100|[from] move: Wish|[wisher] Clefable
|upkeep
|turn|45
|
|t:|1660615427
|switch|p2a: Quagsire|Quagsire, F|97/100
|-damage|p2a: Quagsire|91/100|[from] Stealth Rock
|switch|p1a: Clefable|Clefable, M, shiny|100/100
|
|-heal|p2a: Quagsire|97/100|[from] item: Leftovers
|upkeep
|turn|46
|
|t:|1660615434
|switch|p1a: Slowking|Slowking, F|100/100 tox
|switch|p2a: Toxapex|Toxapex, M|97/100
|-damage|p2a: Toxapex|84/100|[from] Stealth Rock
|
|-damage|p1a: Slowking|94/100 tox|[from] psn
|upkeep
|turn|47
|
|t:|1660615439
|switch|p1a: Clefable|Clefable, M, shiny|100/100
|move|p2a: Toxapex|Knock Off|p1a: Clefable
|-resisted|p1a: Clefable
|-damage|p1a: Clefable|96/100
|
|upkeep
|turn|48
|j| hmsa2012
|
|t:|1660615443
|move|p2a: Toxapex|Light Screen|p2a: Toxapex
|-sidestart|p2: LT93OQ im garbage|move: Light Screen
|move|p1a: Clefable|Moonblast|p2a: Toxapex
|-resisted|p2a: Toxapex
|-damage|p2a: Toxapex|78/100
|
|upkeep
|turn|49
|l| hmsa2012
|
|t:|1660615447
|switch|p1a: Tornadus|Tornadus-Therian, M|100/100
|-damage|p1a: Tornadus|76/100|[from] Stealth Rock
|move|p2a: Toxapex|Knock Off|p1a: Tornadus
|-damage|p1a: Tornadus|59/100
|-enditem|p1a: Tornadus|Assault Vest|[from] move: Knock Off|[of] p2a: Toxapex
|
|upkeep
|turn|50
|
|t:|1660615450
|switch|p2a: Clefable|Clefable, F|88/100
|move|p1a: Tornadus|Knock Off|p2a: Clefable
|-resisted|p2a: Clefable
|-damage|p2a: Clefable|82/100
|
|upkeep
|turn|51
|j| waste yrself
|j| okaybears
|l| CB Bhris Breezy
|l| Sc0rcha
|j| SuperYoke
|l| waste yrself
|
|t:|1660615478
|switch|p2a: Toxapex|Toxapex, M|100/100
|-damage|p2a: Toxapex|88/100|[from] Stealth Rock
|move|p1a: Tornadus|U-turn|p2a: Toxapex
|-resisted|p2a: Toxapex
|-damage|p2a: Toxapex|82/100
|
|t:|1660615483
|switch|p1a: Clefable|Clefable, M, shiny|96/100|[from]move: U-turn
|
|upkeep
|turn|52
|
|t:|1660615496
|move|p2a: Toxapex|Haze|p2a: Toxapex
|-clearallboost
|move|p1a: Clefable|Seismic Toss|p2a: Toxapex
|-damage|p2a: Toxapex|50/100
|
|-sideend|p2: LT93OQ im garbage|move: Light Screen
|upkeep
|turn|53
|j| lt92pf mj
|
|t:|1660615502
|move|p2a: Toxapex|Recover|p2a: Toxapex
|-heal|p2a: Toxapex|99/100
|move|p1a: Clefable|Seismic Toss|p2a: Toxapex
|-damage|p2a: Toxapex|67/100
|
|upkeep
|turn|54
|j| LT93OQ Vegeto
|l| LT93OQ Vegeto
|l| SuperYoke
|l| Kwaga
|inactive|LT93OQ im garbage has 120 seconds left.
|inactive|Coach Jones 6fifth has 120 seconds left.
|l| Tace
|
|t:|1660615559
|move|p2a: Toxapex|Light Screen|p2a: Toxapex
|-sidestart|p2: LT93OQ im garbage|move: Light Screen
|move|p1a: Clefable|Seismic Toss|p2a: Toxapex
|-damage|p2a: Toxapex|34/100
|
|upkeep
|turn|55
|
|t:|1660615565
|move|p2a: Toxapex|Recover|p2a: Toxapex
|-heal|p2a: Toxapex|84/100
|move|p1a: Clefable|Wish|p1a: Clefable
|
|upkeep
|turn|56
|
|t:|1660615572
|switch|p1a: Heatran|Heatran, F, shiny|75/100
|-damage|p1a: Heatran|62/100|[from] Stealth Rock
|move|p2a: Toxapex|Knock Off|p1a: Heatran
|-damage|p1a: Heatran|52/100
|-enditem|p1a: Heatran|Eject Pack|[from] move: Knock Off|[of] p2a: Toxapex
|
|-heal|p1a: Heatran|100/100|[from] move: Wish|[wisher] Clefable
|upkeep
|turn|57
|
|t:|1660615578
|move|p1a: Heatran|Lava Plume|p2a: Toxapex
|-resisted|p2a: Toxapex
|-damage|p2a: Toxapex|77/100
|move|p2a: Toxapex|Haze|p2a: Toxapex
|-clearallboost
|
|upkeep
|turn|58
|
|t:|1660615587
|switch|p2a: Clefable|Clefable, F|82/100
|move|p1a: Heatran|Lava Plume|p2a: Clefable
|-damage|p2a: Clefable|66/100
|
|-sideend|p2: LT93OQ im garbage|move: Light Screen
|upkeep
|turn|59
|
|t:|1660615590
|switch|p2a: Toxapex|Toxapex, M|100/100
|-damage|p2a: Toxapex|88/100|[from] Stealth Rock
|move|p1a: Heatran|Lava Plume|p2a: Toxapex
|-resisted|p2a: Toxapex
|-damage|p2a: Toxapex|76/100
|
|upkeep
|turn|60
|
|t:|1660615592
|move|p1a: Heatran|Lava Plume|p2a: Toxapex
|-resisted|p2a: Toxapex
|-damage|p2a: Toxapex|64/100
|move|p2a: Toxapex|Haze|p2a: Toxapex
|-clearallboost
|
|upkeep
|turn|61
|j| Tace
|
|t:|1660615618
|move|p1a: Heatran|Lava Plume|p2a: Toxapex
|-resisted|p2a: Toxapex
|-damage|p2a: Toxapex|50/100
|move|p2a: Toxapex|Light Screen|p2a: Toxapex
|-sidestart|p2: LT93OQ im garbage|move: Light Screen
|
|upkeep
|turn|62
|
|t:|1660615624
|switch|p2a: Clefable|Clefable, F|66/100
|move|p1a: Heatran|Toxic|p2a: Clefable
|-status|p2a: Clefable|tox
|
|upkeep
|turn|63
|
|t:|1660615627
|switch|p2a: Toxapex|Toxapex, M|83/100
|-damage|p2a: Toxapex|71/100|[from] Stealth Rock
|move|p1a: Heatran|Lava Plume|p2a: Toxapex
|-resisted|p2a: Toxapex
|-damage|p2a: Toxapex|65/100
|
|upkeep
|turn|64
|
|t:|1660615630
|switch|p2a: Clefable|Clefable, F|66/100 tox
|move|p1a: Heatran|Lava Plume|p2a: Clefable
|-damage|p2a: Clefable|52/100 tox
|
|upkeep
|turn|65
|
|t:|1660615633
|switch|p2a: Toxapex|Toxapex, M|98/100
|-damage|p2a: Toxapex|86/100|[from] Stealth Rock
|move|p1a: Heatran|Stealth Rock||[still]
|-fail|p1a: Heatran
|
|-sideend|p2: LT93OQ im garbage|move: Light Screen
|upkeep
|turn|66
|
|t:|1660615636
|move|p1a: Heatran|Lava Plume|p2a: Toxapex
|-resisted|p2a: Toxapex
|-damage|p2a: Toxapex|73/100
|move|p2a: Toxapex|Light Screen|p2a: Toxapex
|-sidestart|p2: LT93OQ im garbage|move: Light Screen
|
|upkeep
|turn|67
|
|t:|1660615638
|move|p1a: Heatran|Lava Plume|p2a: Toxapex
|-resisted|p2a: Toxapex
|-damage|p2a: Toxapex|67/100
|move|p2a: Toxapex|Haze|p2a: Toxapex
|-clearallboost
|
|upkeep
|turn|68
|
|t:|1660615641
|move|p1a: Heatran|Lava Plume|p2a: Toxapex
|-resisted|p2a: Toxapex
|-damage|p2a: Toxapex|60/100
|move|p2a: Toxapex|Haze|p2a: Toxapex
|-clearallboost
|
|upkeep
|turn|69
|
|t:|1660615645
|move|p1a: Heatran|Lava Plume|p2a: Toxapex
|-resisted|p2a: Toxapex
|-damage|p2a: Toxapex|53/100
|-status|p2a: Toxapex|brn
|move|p2a: Toxapex|Recover|p2a: Toxapex
|-heal|p2a: Toxapex|100/100 brn
|
|-damage|p2a: Toxapex|94/100 brn|[from] brn
|upkeep
|turn|70
|
|t:|1660615649
|move|p1a: Heatran|Stealth Rock||[still]
|-fail|p1a: Heatran
|move|p2a: Toxapex|Haze|p2a: Toxapex
|-clearallboost
|
|-damage|p2a: Toxapex|88/100 brn|[from] brn
|-sideend|p2: LT93OQ im garbage|move: Light Screen
|upkeep
|turn|71
|
|t:|1660615652
|switch|p1a: Clefable|Clefable, M, shiny|96/100
|move|p2a: Toxapex|Light Screen|p2a: Toxapex
|-sidestart|p2: LT93OQ im garbage|move: Light Screen
|
|-damage|p2a: Toxapex|82/100 brn|[from] brn
|upkeep
|turn|72
|
|t:|1660615657
|switch|p2a: Clefable|Clefable, F|52/100 tox
|move|p1a: Clefable|Seismic Toss|p2a: Clefable
|-damage|p2a: Clefable|27/100 tox
|
|upkeep
|turn|73
|
|t:|1660615663
|move|p2a: Clefable|Soft-Boiled|p2a: Clefable
|-heal|p2a: Clefable|77/100 tox
|move|p1a: Clefable|Seismic Toss|p2a: Clefable
|-damage|p2a: Clefable|51/100 tox
|
|upkeep
|turn|74
|
|t:|1660615668
|move|p2a: Clefable|Soft-Boiled|p2a: Clefable
|-heal|p2a: Clefable|100/100 tox
|move|p1a: Clefable|Moonblast|p2a: Clefable
|-damage|p2a: Clefable|87/100 tox
|
|upkeep
|turn|75
|
|t:|1660615689
|switch|p2a: Toxapex|Toxapex, M|100/100 brn
|-damage|p2a: Toxapex|88/100 brn|[from] Stealth Rock
|switch|p1a: Slowking|Slowking, F|100/100 tox
|
|-damage|p1a: Slowking|94/100 tox|[from] psn
|-damage|p2a: Toxapex|82/100 brn|[from] brn
|-sideend|p2: LT93OQ im garbage|move: Light Screen
|upkeep
|turn|76
|
|t:|1660615694
|switch|p1a: Clefable|Clefable, M, shiny|96/100
|move|p2a: Toxapex|Knock Off|p1a: Clefable
|-resisted|p1a: Clefable
|-damage|p1a: Clefable|94/100
|
|-damage|p2a: Toxapex|75/100 brn|[from] brn
|upkeep
|turn|77
|
|t:|1660615697
|switch|p1a: Tornadus|Tornadus-Therian, M|92/100
|-damage|p1a: Tornadus|67/100|[from] Stealth Rock
|move|p2a: Toxapex|Light Screen|p2a: Toxapex
|-sidestart|p2: LT93OQ im garbage|move: Light Screen
|
|-damage|p2a: Toxapex|69/100 brn|[from] brn
|upkeep
|turn|78
|
|t:|1660615703
|switch|p2a: Clefable|Clefable, F|87/100 tox
|move|p1a: Tornadus|U-turn|p2a: Clefable
|-resisted|p2a: Clefable
|-damage|p2a: Clefable|82/100 tox
|
|t:|1660615708
|switch|p1a: Slowking|Slowking, F|100/100 tox|[from]move: U-turn
|
|-damage|p1a: Slowking|94/100 tox|[from] psn
|upkeep
|turn|79
|
|t:|1660615715
|switch|p2a: Bronzong|Bronzong|99/100
|-damage|p2a: Bronzong|93/100|[from] Stealth Rock
|move|p1a: Slowking|Scald|p2a: Bronzong
|-damage|p2a: Bronzong|85/100
|
|-heal|p2a: Bronzong|91/100|[from] item: Leftovers
|-damage|p1a: Slowking|82/100 tox|[from] psn
|upkeep
|turn|80
|
|t:|1660615721
|switch|p2a: Toxapex|Toxapex, M|100/100 brn
|-damage|p2a: Toxapex|88/100 brn|[from] Stealth Rock
|move|p1a: Slowking|Future Sight|p2a: Toxapex
|-start|p1a: Slowking|move: Future Sight
|
|-damage|p1a: Slowking|64/100 tox|[from] psn
|-damage|p2a: Toxapex|82/100 brn|[from] brn
|upkeep
|turn|81
|
|t:|1660615725
|switch|p2a: Bronzong|Bronzong|91/100
|-damage|p2a: Bronzong|85/100|[from] Stealth Rock
|move|p1a: Slowking|Scald|p2a: Bronzong
|-damage|p2a: Bronzong|76/100
|
|-heal|p2a: Bronzong|82/100|[from] item: Leftovers
|-damage|p1a: Slowking|40/100 tox|[from] psn
|-sideend|p2: LT93OQ im garbage|move: Light Screen
|upkeep
|turn|82
|
|t:|1660615736
|switch|p2a: Mandibuzz|Mandibuzz, F|100/100
|switch|p1a: Clefable|Clefable, M, shiny|94/100
|
|-end|p2a: Mandibuzz|move: Future Sight
|-immune|p2a: Mandibuzz
|upkeep
|turn|83
|l| LT93O Quetzalcoatl
|
|t:|1660615742
|switch|p2a: Toxapex|Toxapex, M|100/100 brn
|-damage|p2a: Toxapex|88/100 brn|[from] Stealth Rock
|move|p1a: Clefable|Moonblast|p2a: Toxapex
|-resisted|p2a: Toxapex
|-damage|p2a: Toxapex|77/100 brn
|
|-damage|p2a: Toxapex|71/100 brn|[from] brn
|upkeep
|turn|84
|
|t:|1660615744
|move|p2a: Toxapex|Light Screen|p2a: Toxapex
|-sidestart|p2: LT93OQ im garbage|move: Light Screen
|move|p1a: Clefable|Seismic Toss|p2a: Toxapex
|-damage|p2a: Toxapex|38/100 brn
|
|-damage|p2a: Toxapex|32/100 brn|[from] brn
|upkeep
|turn|85
|
|t:|1660615747
|move|p2a: Toxapex|Recover|p2a: Toxapex
|-heal|p2a: Toxapex|82/100 brn
|move|p1a: Clefable|Seismic Toss|p2a: Toxapex
|-damage|p2a: Toxapex|49/100 brn
|
|-damage|p2a: Toxapex|43/100 brn|[from] brn
|upkeep
|turn|86
|
|t:|1660615761
|switch|p2a: Clefable|Clefable, F|82/100 tox
|move|p1a: Clefable|Seismic Toss|p2a: Clefable
|-damage|p2a: Clefable|56/100 tox
|
|upkeep
|turn|87
|
|t:|1660615765
|move|p2a: Clefable|Soft-Boiled|p2a: Clefable
|-heal|p2a: Clefable|100/100 tox
|move|p1a: Clefable|Seismic Toss|p2a: Clefable
|-damage|p2a: Clefable|75/100 tox
|
|upkeep
|turn|88
|
|t:|1660615768
|move|p2a: Clefable|Aromatherapy|p2a: Clefable
|-activate|p2a: Clefable|move: Aromatherapy
|-curestatus|p2a: Clefable|tox|[msg]
|-curestatus|p2: Toxapex|brn|[msg]
|move|p1a: Clefable|Seismic Toss|p2a: Clefable
|-damage|p2a: Clefable|50/100
|
|-sideend|p2: LT93OQ im garbage|move: Light Screen
|upkeep
|turn|89
|
|t:|1660615774
|move|p2a: Clefable|Soft-Boiled|p2a: Clefable
|-heal|p2a: Clefable|99/100
|move|p1a: Clefable|Seismic Toss|p2a: Clefable
|-damage|p2a: Clefable|74/100
|
|upkeep
|turn|90
|
|t:|1660615777
|switch|p2a: Toxapex|Toxapex, M|76/100
|-damage|p2a: Toxapex|63/100|[from] Stealth Rock
|switch|p1a: Slowking|Slowking, F|73/100 tox
|
|-damage|p1a: Slowking|67/100 tox|[from] psn
|upkeep
|turn|91
|
|t:|1660615782
|move|p2a: Toxapex|Light Screen|p2a: Toxapex
|-sidestart|p2: LT93OQ im garbage|move: Light Screen
|move|p1a: Slowking|Scald|p2a: Toxapex
|-resisted|p2a: Toxapex
|-damage|p2a: Toxapex|58/100
|
|-damage|p1a: Slowking|55/100 tox|[from] psn
|upkeep
|turn|92
|
|t:|1660615786
|switch|p2a: Clefable|Clefable, F|74/100
|switch|p1a: Tornadus|Tornadus-Therian, M|99/100
|-damage|p1a: Tornadus|75/100|[from] Stealth Rock
|
|upkeep
|turn|93
|
|t:|1660615788
|switch|p2a: Toxapex|Toxapex, M|92/100
|-damage|p2a: Toxapex|79/100|[from] Stealth Rock
|move|p1a: Tornadus|U-turn|p2a: Toxapex
|-resisted|p2a: Toxapex
|-damage|p2a: Toxapex|74/100
|
|t:|1660615790
|switch|p1a: Clefable|Clefable, M, shiny|94/100|[from]move: U-turn
|
|upkeep
|turn|94
|
|t:|1660615809
|switch|p2a: Clefable|Clefable, F|74/100
|switch|p1a: Tornadus|Tornadus-Therian, M|100/100
|-damage|p1a: Tornadus|76/100|[from] Stealth Rock
|
|upkeep
|turn|95
|l| Rubiaa
|
|t:|1660615813
|switch|p2a: Toxapex|Toxapex, M|100/100
|-damage|p2a: Toxapex|88/100|[from] Stealth Rock
|move|p1a: Tornadus|Knock Off|p2a: Toxapex
|-damage|p2a: Toxapex|72/100
|-enditem|p2a: Toxapex|Shed Shell|[from] move: Knock Off|[of] p1a: Tornadus
|
|-sideend|p2: LT93OQ im garbage|move: Light Screen
|upkeep
|turn|96
|
|t:|1660615819
|move|p1a: Tornadus|Hurricane|p2a: Toxapex
|-damage|p2a: Toxapex|44/100
|move|p2a: Toxapex|Light Screen|p2a: Toxapex
|-sidestart|p2: LT93OQ im garbage|move: Light Screen
|
|upkeep
|turn|97
|
|t:|1660615823
|switch|p1a: Slowking|Slowking, F|88/100 tox
|switch|p2a: Clefable|Clefable, F|74/100
|
|-damage|p1a: Slowking|82/100 tox|[from] psn
|upkeep
|turn|98
|
|t:|1660615827
|switch|p2a: Toxapex|Toxapex, M|77/100
|-damage|p2a: Toxapex|64/100|[from] Stealth Rock
|switch|p1a: Clefable|Clefable, M, shiny|94/100
|
|upkeep
|turn|99
|
|t:|1660615830
|switch|p2a: Clefable|Clefable, F|74/100
|switch|p1a: Tornadus|Tornadus-Therian, M|100/100
|-damage|p1a: Tornadus|76/100|[from] Stealth Rock
|
|upkeep
|turn|100
|
|t:|1660615837
|switch|p2a: Toxapex|Toxapex, M|98/100
|-damage|p2a: Toxapex|85/100|[from] Stealth Rock
|move|p1a: Tornadus|U-turn|p2a: Toxapex
|-resisted|p2a: Toxapex
|-damage|p2a: Toxapex|79/100
|
|t:|1660615838
|switch|p1a: Landorus|Landorus-Therian, M|88/100 tox|[from]move: U-turn
|-damage|p1a: Landorus|76/100 tox|[from] Stealth Rock
|-ability|p1a: Landorus|Intimidate|boost
|-unboost|p2a: Toxapex|atk|1
|
|-heal|p1a: Landorus|82/100 tox|[from] item: Leftovers
|-damage|p1a: Landorus|76/100 tox|[from] psn
|-sideend|p2: LT93OQ im garbage|move: Light Screen
|upkeep
|turn|101
|
|t:|1660615843
|switch|p2a: Mandibuzz|Mandibuzz, F|100/100
|move|p1a: Landorus|U-turn|p2a: Mandibuzz
|-damage|p2a: Mandibuzz|83/100
|
|t:|1660615848
|switch|p1a: Clefable|Clefable, M, shiny|94/100|[from]move: U-turn
|
|upkeep
|turn|102
|
|t:|1660615851
|switch|p2a: Toxapex|Toxapex, M|100/100
|-damage|p2a: Toxapex|88/100|[from] Stealth Rock
|move|p1a: Clefable|Wish|p1a: Clefable
|
|upkeep
|turn|103
|
|t:|1660615858
|switch|p1a: Tornadus|Tornadus-Therian, M|100/100
|-damage|p1a: Tornadus|76/100|[from] Stealth Rock
|move|p2a: Toxapex|Knock Off|p1a: Tornadus
|-damage|p1a: Tornadus|65/100
|
|-heal|p1a: Tornadus|100/100|[from] move: Wish|[wisher] Clefable
|upkeep
|turn|104
|
|t:|1660615863
|move|p1a: Tornadus|U-turn|p2a: Toxapex
|-resisted|p2a: Toxapex
|-crit|p2a: Toxapex
|-damage|p2a: Toxapex|79/100
|
|t:|1660615865
|switch|p1a: Heatran|Heatran, F, shiny|100/100|[from]move: U-turn
|-damage|p1a: Heatran|88/100|[from] Stealth Rock
|move|p2a: Toxapex|Haze|p2a: Toxapex
|-clearallboost
|
|upkeep
|turn|105
|
|t:|1660615868
|move|p1a: Heatran|Lava Plume|p2a: Toxapex
|-resisted|p2a: Toxapex
|-damage|p2a: Toxapex|68/100
|move|p2a: Toxapex|Light Screen|p2a: Toxapex
|-sidestart|p2: LT93OQ im garbage|move: Light Screen
|
|upkeep
|turn|106
|l| Aurora
|
|t:|1660615889
|switch|p1a: Clefable|Clefable, M, shiny|94/100
|switch|p2a: Clefable|Clefable, F|74/100
|
|upkeep
|turn|107
|
|t:|1660615896
|switch|p2a: Toxapex|Toxapex, M|100/100
|-damage|p2a: Toxapex|88/100|[from] Stealth Rock
|switch|p1a: Slowking|Slowking, F|100/100 tox
|
|-damage|p1a: Slowking|94/100 tox|[from] psn
|upkeep
|turn|108
|
|t:|1660615903
|switch|p2a: Clefable|Clefable, F|74/100
|switch|p1a: Tornadus|Tornadus-Therian, M|100/100
|-damage|p1a: Tornadus|76/100|[from] Stealth Rock
|
|upkeep
|turn|109
|l| okaybears
|
|t:|1660615908
|switch|p1a: Clefable|Clefable, M, shiny|94/100
|switch|p2a: Toxapex|Toxapex, M|100/100
|-damage|p2a: Toxapex|88/100|[from] Stealth Rock
|
|-sideend|p2: LT93OQ im garbage|move: Light Screen
|upkeep
|turn|110
|
|t:|1660615919
|switch|p2a: Mandibuzz|Mandibuzz, F|83/100
|switch|p1a: Heatran|Heatran, F, shiny|88/100
|-damage|p1a: Heatran|76/100|[from] Stealth Rock
|
|upkeep
|turn|111
|
|t:|1660615922
|switch|p2a: Toxapex|Toxapex, M|100/100
|-damage|p2a: Toxapex|88/100|[from] Stealth Rock
|move|p1a: Heatran|Lava Plume|p2a: Toxapex
|-resisted|p2a: Toxapex
|-damage|p2a: Toxapex|75/100
|
|upkeep
|turn|112
|
|t:|1660615932
|switch|p1a: Tornadus|Tornadus-Therian, M|100/100
|-damage|p1a: Tornadus|76/100|[from] Stealth Rock
|move|p2a: Toxapex|Light Screen|p2a: Toxapex
|-sidestart|p2: LT93OQ im garbage|move: Light Screen
|
|upkeep
|turn|113
|j| I_NeverClutch
|
|t:|1660615934
|switch|p2a: Clefable|Clefable, F|74/100
|move|p1a: Tornadus|U-turn|p2a: Clefable
|-resisted|p2a: Clefable
|-damage|p2a: Clefable|68/100
|
|t:|1660615938
|switch|p1a: Weavile|Weavile, M|76/100|[from]move: U-turn
|-damage|p1a: Weavile|51/100|[from] Stealth Rock
|-ability|p1a: Weavile|Pressure
|
|upkeep
|turn|114
|
|t:|1660615942
|switch|p2a: Toxapex|Toxapex, M|100/100
|-damage|p2a: Toxapex|88/100|[from] Stealth Rock
|move|p1a: Weavile|Triple Axel|p2a: Toxapex
|-resisted|p2a: Toxapex
|-damage|p2a: Toxapex|81/100
|-resisted|p2a: Toxapex
|-damage|p2a: Toxapex|68/100
|-hitcount|p2a: Toxapex|2
|
|upkeep
|turn|115
|
|t:|1660615948
|switch|p1a: Clefable|Clefable, M, shiny|94/100
|move|p2a: Toxapex|Knock Off|p1a: Clefable
|-resisted|p1a: Clefable
|-damage|p1a: Clefable|90/100
|
|upkeep
|turn|116
|
|t:|1660615954
|switch|p2a: Clefable|Clefable, F|68/100
|move|p1a: Clefable|Seismic Toss|p2a: Clefable
|-damage|p2a: Clefable|43/100
|
|-sideend|p2: LT93OQ im garbage|move: Light Screen
|upkeep
|turn|117
|
|t:|1660615956
|switch|p2a: Mandibuzz|Mandibuzz, F|83/100
|move|p1a: Clefable|Moonblast|p2a: Mandibuzz
|-supereffective|p2a: Mandibuzz
|-crit|p2a: Mandibuzz
|-damage|p2a: Mandibuzz|21/100
|
|upkeep
|turn|118
|
|t:|1660615959
|move|p2a: Mandibuzz|Roost|p2a: Mandibuzz
|-heal|p2a: Mandibuzz|71/100
|-singleturn|p2a: Mandibuzz|move: Roost
|move|p1a: Clefable|Moonblast|p2a: Mandibuzz
|-supereffective|p2a: Mandibuzz
|-damage|p2a: Mandibuzz|31/100
|
|upkeep
|turn|119
|
|t:|1660615961
|move|p2a: Mandibuzz|Roost|p2a: Mandibuzz
|-heal|p2a: Mandibuzz|81/100
|-singleturn|p2a: Mandibuzz|move: Roost
|move|p1a: Clefable|Moonblast|p2a: Mandibuzz
|-supereffective|p2a: Mandibuzz
|-damage|p2a: Mandibuzz|42/100
|-unboost|p2a: Mandibuzz|spa|1
|
|upkeep
|turn|120
|
|t:|1660615964
|move|p2a: Mandibuzz|Roost|p2a: Mandibuzz
|-heal|p2a: Mandibuzz|92/100
|-singleturn|p2a: Mandibuzz|move: Roost
|move|p1a: Clefable|Moonblast|p2a: Mandibuzz
|-supereffective|p2a: Mandibuzz
|-damage|p2a: Mandibuzz|54/100
|
|upkeep
|turn|121
|
|t:|1660615973
|switch|p1a: Tornadus|Tornadus-Therian, M|100/100
|-damage|p1a: Tornadus|76/100|[from] Stealth Rock
|move|p2a: Mandibuzz|Roost|p2a: Mandibuzz
|-heal|p2a: Mandibuzz|100/100
|-singleturn|p2a: Mandibuzz|move: Roost
|
|upkeep
|turn|122
|
|t:|1660615976
|switch|p2a: Toxapex|Toxapex, M|100/100
|-damage|p2a: Toxapex|88/100|[from] Stealth Rock
|move|p1a: Tornadus|Knock Off|p2a: Toxapex
|-damage|p2a: Toxapex|77/100
|
|upkeep
|turn|123
|
|t:|1660615979
|move|p1a: Tornadus|Hurricane|p2a: Toxapex
|-damage|p2a: Toxapex|44/100
|move|p2a: Toxapex|Light Screen|p2a: Toxapex
|-sidestart|p2: LT93OQ im garbage|move: Light Screen
|
|upkeep
|turn|124
|j| the wost devil
|
|t:|1660615983
|move|p1a: Tornadus|U-turn|p2a: Toxapex
|-resisted|p2a: Toxapex
|-damage|p2a: Toxapex|39/100
|
|t:|1660615985
|switch|p1a: Clefable|Clefable, M, shiny|90/100|[from]move: U-turn
|move|p2a: Toxapex|Recover|p2a: Toxapex
|-heal|p2a: Toxapex|89/100
|
|upkeep
|turn|125
|
|t:|1660615989
|switch|p2a: Clefable|Clefable, F|43/100
|move|p1a: Clefable|Seismic Toss|p2a: Clefable
|-damage|p2a: Clefable|18/100
|
|upkeep
|turn|126
|
|t:|1660615994
|move|p2a: Clefable|Soft-Boiled|p2a: Clefable
|-heal|p2a: Clefable|68/100
|move|p1a: Clefable|Seismic Toss|p2a: Clefable
|-damage|p2a: Clefable|42/100
|
|upkeep
|turn|127
|
|t:|1660616002
|switch|p1a: Heatran|Heatran, F, shiny|76/100
|-damage|p1a: Heatran|63/100|[from] Stealth Rock
|move|p2a: Clefable|Soft-Boiled|p2a: Clefable
|-heal|p2a: Clefable|92/100
|
|-sideend|p2: LT93OQ im garbage|move: Light Screen
|upkeep
|turn|128
|
|t:|1660616006
|switch|p2a: Toxapex|Toxapex, M|100/100
|-damage|p2a: Toxapex|88/100|[from] Stealth Rock
|move|p1a: Heatran|Lava Plume|p2a: Toxapex
|-resisted|p2a: Toxapex
|-damage|p2a: Toxapex|75/100
|
|upkeep
|turn|129
|
|t:|1660616010
|move|p1a: Heatran|Lava Plume|p2a: Toxapex
|-resisted|p2a: Toxapex
|-damage|p2a: Toxapex|62/100
|move|p2a: Toxapex|Light Screen|p2a: Toxapex
|-sidestart|p2: LT93OQ im garbage|move: Light Screen
|
|upkeep
|turn|130
|
|t:|1660616016
|switch|p1a: Clefable|Clefable, M, shiny|90/100
|switch|p2a: Clefable|Clefable, F|92/100
|
|upkeep
|turn|131
|
|t:|1660616022
|switch|p2a: Toxapex|Toxapex, M|95/100
|-damage|p2a: Toxapex|83/100|[from] Stealth Rock
|switch|p1a: Slowking|Slowking, F|100/100 tox
|
|-damage|p1a: Slowking|94/100 tox|[from] psn
|upkeep
|turn|132
|
|t:|1660616027
|switch|p2a: Mandibuzz|Mandibuzz, F|100/100
|switch|p1a: Heatran|Heatran, F, shiny|63/100
|-damage|p1a: Heatran|51/100|[from] Stealth Rock
|
|upkeep
|turn|133
|
|t:|1660616031
|switch|p2a: Clefable|Clefable, F|92/100
|move|p1a: Heatran|Toxic|p2a: Clefable
|-status|p2a: Clefable|tox
|
|-sideend|p2: LT93OQ im garbage|move: Light Screen
|upkeep
|turn|134
|
|t:|1660616035
|switch|p2a: Toxapex|Toxapex, M|100/100
|-damage|p2a: Toxapex|88/100|[from] Stealth Rock
|move|p1a: Heatran|Lava Plume|p2a: Toxapex
|-resisted|p2a: Toxapex
|-damage|p2a: Toxapex|75/100
|
|upkeep
|turn|135
|
|t:|1660616038
|move|p1a: Heatran|Lava Plume|p2a: Toxapex
|-resisted|p2a: Toxapex
|-damage|p2a: Toxapex|63/100
|move|p2a: Toxapex|Light Screen|p2a: Toxapex
|-sidestart|p2: LT93OQ im garbage|move: Light Screen
|
|upkeep
|turn|136
|
|t:|1660616042
|switch|p1a: Clefable|Clefable, M, shiny|90/100
|switch|p2a: Clefable|Clefable, F|92/100 tox
|
|upkeep
|turn|137
|
|t:|1660616068
|switch|p2a: Toxapex|Toxapex, M|96/100
|-damage|p2a: Toxapex|84/100|[from] Stealth Rock
|switch|p1a: Slowking|Slowking, F|100/100 tox
|
|-damage|p1a: Slowking|94/100 tox|[from] psn
|upkeep
|turn|138
|
|t:|1660616075
|switch|p1a: Clefable|Clefable, M, shiny|90/100
|move|p2a: Toxapex|Knock Off|p1a: Clefable
|-resisted|p1a: Clefable
|-damage|p1a: Clefable|86/100
|
|upkeep
|turn|139
|
|t:|1660616082
|switch|p2a: Mandibuzz|Mandibuzz, F|100/100
|switch|p1a: Slowking|Slowking, F|100/100 tox
|
|-damage|p1a: Slowking|94/100 tox|[from] psn
|-sideend|p2: LT93OQ im garbage|move: Light Screen
|upkeep
|turn|140
|j| CB Bhris Breezy
|
|t:|1660616087
|switch|p2a: Toxapex|Toxapex, M|100/100
|-damage|p2a: Toxapex|88/100|[from] Stealth Rock
|switch|p1a: Clefable|Clefable, M, shiny|86/100
|
|upkeep
|turn|141
|
|t:|1660616089
|switch|p2a: Mandibuzz|Mandibuzz, F|100/100
|move|p1a: Clefable|Wish|p1a: Clefable
|
|upkeep
|turn|142
|
|t:|1660616096
|switch|p2a: Toxapex|Toxapex, M|100/100
|-damage|p2a: Toxapex|88/100|[from] Stealth Rock
|switch|p1a: Heatran|Heatran, F, shiny|51/100
|-damage|p1a: Heatran|38/100|[from] Stealth Rock
|
|-heal|p1a: Heatran|89/100|[from] move: Wish|[wisher] Clefable
|upkeep
|turn|143
|
|t:|1660616103
|move|p1a: Heatran|Lava Plume|p2a: Toxapex
|-resisted|p2a: Toxapex
|-damage|p2a: Toxapex|76/100
|move|p2a: Toxapex|Haze|p2a: Toxapex
|-clearallboost
|
|upkeep
|turn|144
|
|t:|1660616128
|switch|p1a: Clefable|Clefable, M, shiny|86/100
|move|p2a: Toxapex|Light Screen|p2a: Toxapex
|-sidestart|p2: LT93OQ im garbage|move: Light Screen
|
|upkeep
|turn|145
|
|t:|1660616139
|switch|p2a: Mandibuzz|Mandibuzz, F|100/100
|move|p1a: Clefable|Wish|p1a: Clefable
|
|upkeep
|turn|146
|
|t:|1660616152
|switch|p2a: Toxapex|Toxapex, M|100/100
|-damage|p2a: Toxapex|88/100|[from] Stealth Rock
|switch|p1a: Weavile|Weavile, M|51/100
|-damage|p1a: Weavile|26/100|[from] Stealth Rock
|-ability|p1a: Weavile|Pressure
|
|-heal|p1a: Weavile|96/100|[from] move: Wish|[wisher] Clefable
|upkeep
|turn|147
|
|t:|1660616159
|switch|p1a: Clefable|Clefable, M, shiny|86/100
|switch|p2a: Buzzwole|Buzzwole|95/100
|
|upkeep
|turn|148
|
|t:|1660616164
|switch|p2a: Toxapex|Toxapex, M|100/100
|-damage|p2a: Toxapex|88/100|[from] Stealth Rock
|switch|p1a: Slowking|Slowking, F|100/100 tox
|
|-damage|p1a: Slowking|94/100 tox|[from] psn
|-sideend|p2: LT93OQ im garbage|move: Light Screen
|upkeep
|turn|149
|
|t:|1660616173
|switch|p2a: Mandibuzz|Mandibuzz, F|100/100
|switch|p1a: Clefable|Clefable, M, shiny|86/100
|
|upkeep
|turn|150
|l| keldeo
|
|t:|1660616183
|switch|p2a: Toxapex|Toxapex, M|100/100
|-damage|p2a: Toxapex|88/100|[from] Stealth Rock
|move|p1a: Clefable|Seismic Toss|p2a: Toxapex
|-damage|p2a: Toxapex|55/100
|
|upkeep
|turn|151
|
|t:|1660616186
|switch|p2a: Mandibuzz|Mandibuzz, F|100/100
|move|p1a: Clefable|Seismic Toss|p2a: Mandibuzz
|-damage|p2a: Mandibuzz|77/100
|
|upkeep
|turn|152
|
|t:|1660616188
|switch|p2a: Toxapex|Toxapex, M|88/100
|-damage|p2a: Toxapex|76/100|[from] Stealth Rock
|move|p1a: Clefable|Moonblast|p2a: Toxapex
|-resisted|p2a: Toxapex
|-damage|p2a: Toxapex|65/100
|
|upkeep
|turn|153
|
|t:|1660616192
|switch|p2a: Mandibuzz|Mandibuzz, F|77/100
|switch|p1a: Slowking|Slowking, F|100/100 tox
|
|-damage|p1a: Slowking|94/100 tox|[from] psn
|upkeep
|turn|154
|
|t:|1660616196
|switch|p2a: Toxapex|Toxapex, M|98/100
|-damage|p2a: Toxapex|86/100|[from] Stealth Rock
|move|p1a: Slowking|Future Sight|p2a: Toxapex
|-start|p1a: Slowking|move: Future Sight
|
|-damage|p1a: Slowking|82/100 tox|[from] psn
|upkeep
|turn|155
|
|t:|1660616199
|switch|p2a: Bronzong|Bronzong|82/100
|-damage|p2a: Bronzong|76/100|[from] Stealth Rock
|move|p1a: Slowking|Teleport|p1a: Slowking
|j| Marin XD
|
|t:|1660616209
|switch|p1a: Clefable|Clefable, M, shiny|86/100|[from]move: Teleport
|
|-heal|p2a: Bronzong|82/100|[from] item: Leftovers
|upkeep
|turn|156
|
|t:|1660616212
|switch|p2a: Mandibuzz|Mandibuzz, F|77/100
|move|p1a: Clefable|Moonblast|p2a: Mandibuzz
|-supereffective|p2a: Mandibuzz
|-damage|p2a: Mandibuzz|39/100
|
|-end|p2a: Mandibuzz|move: Future Sight
|-immune|p2a: Mandibuzz
|upkeep
|turn|157
|
|t:|1660616218
|switch|p1a: Heatran|Heatran, F, shiny|89/100
|-damage|p1a: Heatran|77/100|[from] Stealth Rock
|move|p2a: Mandibuzz|Roost|p2a: Mandibuzz
|-heal|p2a: Mandibuzz|89/100
|-singleturn|p2a: Mandibuzz|move: Roost
|
|upkeep
|turn|158
|
|t:|1660616220
|switch|p2a: Toxapex|Toxapex, M|100/100
|-damage|p2a: Toxapex|88/100|[from] Stealth Rock
|move|p1a: Heatran|Lava Plume|p2a: Toxapex
|-resisted|p2a: Toxapex
|-damage|p2a: Toxapex|76/100
|
|upkeep
|turn|159
|
|t:|1660616223
|switch|p1a: Slowking|Slowking, F|100/100 tox
|move|p2a: Toxapex|Light Screen|p2a: Toxapex
|-sidestart|p2: LT93OQ im garbage|move: Light Screen
|
|-damage|p1a: Slowking|94/100 tox|[from] psn
|upkeep
|turn|160
|
|t:|1660616230
|switch|p2a: Clefable|Clefable, F|92/100 tox
|move|p1a: Slowking|Scald|p2a: Clefable
|-damage|p2a: Clefable|80/100 tox
|
|-damage|p1a: Slowking|82/100 tox|[from] psn
|upkeep
|turn|161
|
|t:|1660616238
|switch|p2a: Quagsire|Quagsire, F|97/100
|-damage|p2a: Quagsire|91/100|[from] Stealth Rock
|switch|p1a: Clefable|Clefable, M, shiny|86/100
|
|-heal|p2a: Quagsire|97/100|[from] item: Leftovers
|upkeep
|turn|162
|
|t:|1660616242
|switch|p1a: Slowking|Slowking, F|100/100 tox
|switch|p2a: Mandibuzz|Mandibuzz, F|89/100
|
|-damage|p1a: Slowking|94/100 tox|[from] psn
|upkeep
|turn|163
|
|t:|1660616247
|switch|p2a: Toxapex|Toxapex, M|100/100
|-damage|p2a: Toxapex|88/100|[from] Stealth Rock
|switch|p1a: Tornadus|Tornadus-Therian, M|100/100
|-damage|p1a: Tornadus|76/100|[from] Stealth Rock
|
|-sideend|p2: LT93OQ im garbage|move: Light Screen
|upkeep
|turn|164
|
|t:|1660616251
|switch|p1a: Clefable|Clefable, M, shiny|86/100
|switch|p2a: Clefable|Clefable, F|80/100 tox
|
|upkeep
|turn|165
|
|t:|1660616254
|switch|p2a: Toxapex|Toxapex, M|100/100
|-damage|p2a: Toxapex|88/100|[from] Stealth Rock
|switch|p1a: Slowking|Slowking, F|100/100 tox
|
|-damage|p1a: Slowking|94/100 tox|[from] psn
|upkeep
|turn|166
|
|t:|1660616258
|switch|p2a: Quagsire|Quagsire, F|97/100
|-damage|p2a: Quagsire|91/100|[from] Stealth Rock
|switch|p1a: Clefable|Clefable, M, shiny|86/100
|
|-heal|p2a: Quagsire|97/100|[from] item: Leftovers
|upkeep
|turn|167
|
|t:|1660616260
|switch|p1a: Slowking|Slowking, F|100/100 tox
|switch|p2a: Toxapex|Toxapex, M|100/100
|-damage|p2a: Toxapex|88/100|[from] Stealth Rock
|
|-damage|p1a: Slowking|94/100 tox|[from] psn
|upkeep
|turn|168
|
|t:|1660616262
|switch|p2a: Quagsire|Quagsire, F|97/100
|-damage|p2a: Quagsire|91/100|[from] Stealth Rock
|switch|p1a: Clefable|Clefable, M, shiny|86/100
|
|-heal|p2a: Quagsire|97/100|[from] item: Leftovers
|upkeep
|turn|169
|
|t:|1660616263
|switch|p1a: Slowking|Slowking, F|100/100 tox
|switch|p2a: Toxapex|Toxapex, M|100/100
|-damage|p2a: Toxapex|88/100|[from] Stealth Rock
|
|-damage|p1a: Slowking|94/100 tox|[from] psn
|upkeep
|turn|170
|
|t:|1660616265
|switch|p2a: Quagsire|Quagsire, F|97/100
|-damage|p2a: Quagsire|91/100|[from] Stealth Rock
|switch|p1a: Tornadus|Tornadus-Therian, M|100/100
|-damage|p1a: Tornadus|76/100|[from] Stealth Rock
|
|-heal|p2a: Quagsire|97/100|[from] item: Leftovers
|upkeep
|turn|171
|
|t:|1660616266
|switch|p1a: Clefable|Clefable, M, shiny|86/100
|switch|p2a: Toxapex|Toxapex, M|100/100
|-damage|p2a: Toxapex|88/100|[from] Stealth Rock
|
|upkeep
|turn|172
|
|t:|1660616268
|switch|p2a: Quagsire|Quagsire, F|97/100
|-damage|p2a: Quagsire|91/100|[from] Stealth Rock
|switch|p1a: Tornadus|Tornadus-Therian, M|100/100
|-damage|p1a: Tornadus|76/100|[from] Stealth Rock
|
|-heal|p2a: Quagsire|97/100|[from] item: Leftovers
|upkeep
|turn|173
|
|t:|1660616269
|switch|p1a: Slowking|Slowking, F|100/100 tox
|switch|p2a: Toxapex|Toxapex, M|100/100
|-damage|p2a: Toxapex|88/100|[from] Stealth Rock
|
|-damage|p1a: Slowking|94/100 tox|[from] psn
|upkeep
|turn|174
|
|t:|1660616272
|switch|p2a: Clefable|Clefable, F|80/100 tox
|switch|p1a: Clefable|Clefable, M, shiny|86/100
|
|upkeep
|turn|175
|
|t:|1660616274
|switch|p2a: Quagsire|Quagsire, F|97/100
|-damage|p2a: Quagsire|91/100|[from] Stealth Rock
|switch|p1a: Slowking|Slowking, F|100/100 tox
|
|-heal|p2a: Quagsire|97/100|[from] item: Leftovers
|-damage|p1a: Slowking|94/100 tox|[from] psn
|upkeep
|turn|176
|
|t:|1660616278
|switch|p2a: Clefable|Clefable, F|80/100 tox
|switch|p1a: Clefable|Clefable, M, shiny|86/100
|
|upkeep
|turn|177
|
|t:|1660616280
|switch|p2a: Quagsire|Quagsire, F|97/100
|-damage|p2a: Quagsire|91/100|[from] Stealth Rock
|switch|p1a: Slowking|Slowking, F|100/100 tox
|
|-heal|p2a: Quagsire|97/100|[from] item: Leftovers
|-damage|p1a: Slowking|94/100 tox|[from] psn
|upkeep
|turn|178
|
|t:|1660616283
|switch|p2a: Clefable|Clefable, F|80/100 tox
|switch|p1a: Clefable|Clefable, M, shiny|86/100
|
|upkeep
|turn|179
|
|t:|1660616286
|switch|p2a: Quagsire|Quagsire, F|97/100
|-damage|p2a: Quagsire|91/100|[from] Stealth Rock
|switch|p1a: Slowking|Slowking, F|100/100 tox
|
|-heal|p2a: Quagsire|97/100|[from] item: Leftovers
|-damage|p1a: Slowking|94/100 tox|[from] psn
|upkeep
|turn|180
|
|t:|1660616288
|switch|p2a: Clefable|Clefable, F|80/100 tox
|switch|p1a: Clefable|Clefable, M, shiny|86/100
|
|upkeep
|turn|181
|
|t:|1660616292
|switch|p2a: Quagsire|Quagsire, F|97/100
|-damage|p2a: Quagsire|91/100|[from] Stealth Rock
|switch|p1a: Slowking|Slowking, F|100/100 tox
|
|-heal|p2a: Quagsire|97/100|[from] item: Leftovers
|-damage|p1a: Slowking|94/100 tox|[from] psn
|upkeep
|turn|182
|
|t:|1660616294
|switch|p2a: Clefable|Clefable, F|80/100 tox
|switch|p1a: Clefable|Clefable, M, shiny|86/100
|
|upkeep
|turn|183
|
|t:|1660616296
|switch|p2a: Quagsire|Quagsire, F|97/100
|-damage|p2a: Quagsire|91/100|[from] Stealth Rock
|switch|p1a: Slowking|Slowking, F|100/100 tox
|
|-heal|p2a: Quagsire|97/100|[from] item: Leftovers
|-damage|p1a: Slowking|94/100 tox|[from] psn
|upkeep
|turn|184
|
|t:|1660616298
|switch|p2a: Clefable|Clefable, F|80/100 tox
|switch|p1a: Clefable|Clefable, M, shiny|86/100
|
|upkeep
|turn|185
|c| Marin XD|Cm+taunt can beat that stall right?
|
|t:|1660616301
|switch|p2a: Quagsire|Quagsire, F|97/100
|-damage|p2a: Quagsire|91/100|[from] Stealth Rock
|switch|p1a: Slowking|Slowking, F|100/100 tox
|
|-heal|p2a: Quagsire|97/100|[from] item: Leftovers
|-damage|p1a: Slowking|94/100 tox|[from] psn
|upkeep
|turn|186
|
|t:|1660616306
|switch|p2a: Clefable|Clefable, F|80/100 tox
|switch|p1a: Clefable|Clefable, M, shiny|86/100
|
|upkeep
|turn|187
|
|t:|1660616312
|switch|p2a: Quagsire|Quagsire, F|97/100
|-damage|p2a: Quagsire|91/100|[from] Stealth Rock
|switch|p1a: Slowking|Slowking, F|100/100 tox
|
|-heal|p2a: Quagsire|97/100|[from] item: Leftovers
|-damage|p1a: Slowking|94/100 tox|[from] psn
|upkeep
|turn|188
|
|t:|1660616327
|switch|p2a: Clefable|Clefable, F|80/100 tox
|switch|p1a: Clefable|Clefable, M, shiny|86/100
|
|upkeep
|turn|189
|inactive|Coach Jones 6fifth has 120 seconds left.
|
|t:|1660616381
|switch|p2a: Quagsire|Quagsire, F|97/100
|-damage|p2a: Quagsire|91/100|[from] Stealth Rock
|switch|p1a: Slowking|Slowking, F|100/100 tox
|
|-heal|p2a: Quagsire|97/100|[from] item: Leftovers
|-damage|p1a: Slowking|94/100 tox|[from] psn
|upkeep
|turn|190
|
|t:|1660616385
|switch|p2a: Toxapex|Toxapex, M|100/100
|-damage|p2a: Toxapex|88/100|[from] Stealth Rock
|switch|p1a: Clefable|Clefable, M, shiny|86/100
|
|upkeep
|turn|191
|inactive|Coach Jones 6fifth has 90 seconds left.
|
|t:|1660616395
|switch|p2a: Quagsire|Quagsire, F|97/100
|-damage|p2a: Quagsire|91/100|[from] Stealth Rock
|switch|p1a: Slowking|Slowking, F|100/100 tox
|
|-heal|p2a: Quagsire|97/100|[from] item: Leftovers
|-damage|p1a: Slowking|94/100 tox|[from] psn
|upkeep
|turn|192
|
|t:|1660616399
|switch|p2a: Toxapex|Toxapex, M|100/100
|-damage|p2a: Toxapex|88/100|[from] Stealth Rock
|switch|p1a: Clefable|Clefable, M, shiny|86/100
|
|upkeep
|turn|193
|
|t:|1660616402
|switch|p1a: Slowking|Slowking, F|100/100 tox
|move|p2a: Toxapex|Knock Off|p1a: Slowking
|-supereffective|p1a: Slowking
|-damage|p1a: Slowking|74/100 tox
|-enditem|p1a: Slowking|Heavy-Duty Boots|[from] move: Knock Off|[of] p2a: Toxapex
|
|-damage|p1a: Slowking|68/100 tox|[from] psn
|upkeep
|turn|194
|
|t:|1660616408
|switch|p2a: Clefable|Clefable, F|80/100 tox
|switch|p1a: Clefable|Clefable, M, shiny|86/100
|
|upkeep
|turn|195
|
|t:|1660616409
|switch|p2a: Toxapex|Toxapex, M|100/100
|-damage|p2a: Toxapex|88/100|[from] Stealth Rock
|switch|p1a: Slowking|Slowking, F|100/100 tox
|-damage|p1a: Slowking|88/100 tox|[from] Stealth Rock
|
|-damage|p1a: Slowking|82/100 tox|[from] psn
|upkeep
|turn|196
|
|t:|1660616411
|switch|p2a: Clefable|Clefable, F|80/100 tox
|switch|p1a: Clefable|Clefable, M, shiny|86/100
|
|upkeep
|turn|197
|
|t:|1660616413
|switch|p1a: Slowking|Slowking, F|100/100 tox
|-damage|p1a: Slowking|88/100 tox|[from] Stealth Rock
|move|p2a: Clefable|Moonblast|p1a: Slowking
|-damage|p1a: Slowking|68/100 tox
|
|-damage|p1a: Slowking|61/100 tox|[from] psn
|upkeep
|turn|198
|
|t:|1660616420
|switch|p2a: Toxapex|Toxapex, M|100/100
|-damage|p2a: Toxapex|88/100|[from] Stealth Rock
|switch|p1a: Clefable|Clefable, M, shiny|86/100
|
|upkeep
|turn|199
|
|t:|1660616421
|switch|p1a: Slowking|Slowking, F|95/100 tox
|-damage|p1a: Slowking|82/100 tox|[from] Stealth Rock
|move|p2a: Toxapex|Knock Off|p1a: Slowking
|-supereffective|p1a: Slowking
|-damage|p1a: Slowking|64/100 tox
|
|-damage|p1a: Slowking|58/100 tox|[from] psn
|upkeep
|turn|200
|l| the wost devil
|
|t:|1660616426
|switch|p2a: Clefable|Clefable, F|80/100 tox
|switch|p1a: Clefable|Clefable, M, shiny|86/100
|
|upkeep
|turn|201
|
|t:|1660616431
|switch|p2a: Toxapex|Toxapex, M|100/100
|-damage|p2a: Toxapex|88/100|[from] Stealth Rock
|switch|p1a: Heatran|Heatran, F, shiny|77/100
|-damage|p1a: Heatran|64/100|[from] Stealth Rock
|
|upkeep
|turn|202
|
|t:|1660616437
|switch|p1a: Clefable|Clefable, M, shiny|86/100
|move|p2a: Toxapex|Light Screen|p2a: Toxapex
|-sidestart|p2: LT93OQ im garbage|move: Light Screen
|
|upkeep
|turn|203
|l| CanUrepeat
|
|t:|1660616441
|switch|p2a: Buzzwole|Buzzwole|95/100
|switch|p1a: Slowking|Slowking, F|91/100 tox
|-damage|p1a: Slowking|79/100 tox|[from] Stealth Rock
|
|-damage|p1a: Slowking|73/100 tox|[from] psn
|upkeep
|turn|204
|
|t:|1660616448
|switch|p2a: Toxapex|Toxapex, M|100/100
|-damage|p2a: Toxapex|88/100|[from] Stealth Rock
|switch|p1a: Clefable|Clefable, M, shiny|86/100
|
|upkeep
|turn|205
|
|t:|1660616451
|switch|p2a: Quagsire|Quagsire, F|97/100
|-damage|p2a: Quagsire|91/100|[from] Stealth Rock
|switch|p1a: Slowking|Slowking, F|100/100 tox
|-damage|p1a: Slowking|88/100 tox|[from] Stealth Rock
|
|-heal|p2a: Quagsire|97/100|[from] item: Leftovers
|-damage|p1a: Slowking|82/100 tox|[from] psn
|upkeep
|turn|206
|
|t:|1660616457
|switch|p2a: Toxapex|Toxapex, M|100/100
|-damage|p2a: Toxapex|88/100|[from] Stealth Rock
|move|p1a: Slowking|Scald|p2a: Toxapex
|-resisted|p2a: Toxapex
|-damage|p2a: Toxapex|83/100
|-status|p2a: Toxapex|brn
|
|-damage|p1a: Slowking|70/100 tox|[from] psn
|-damage|p2a: Toxapex|76/100 brn|[from] brn
|-sideend|p2: LT93OQ im garbage|move: Light Screen
|upkeep
|turn|207
|
|t:|1660616460
|switch|p2a: Quagsire|Quagsire, F|97/100
|-damage|p2a: Quagsire|91/100|[from] Stealth Rock
|move|p1a: Slowking|Future Sight|p2a: Quagsire
|-start|p1a: Slowking|move: Future Sight
|
|-heal|p2a: Quagsire|97/100|[from] item: Leftovers
|-damage|p1a: Slowking|52/100 tox|[from] psn
|upkeep
|turn|208
|
|t:|1660616462
|switch|p2a: Bronzong|Bronzong|82/100
|-damage|p2a: Bronzong|76/100|[from] Stealth Rock
|move|p1a: Slowking|Teleport|p1a: Slowking
|
|t:|1660616465
|switch|p1a: Clefable|Clefable, M, shiny|86/100|[from]move: Teleport
|
|-heal|p2a: Bronzong|82/100|[from] item: Leftovers
|upkeep
|turn|209
|
|t:|1660616470
|switch|p2a: Mandibuzz|Mandibuzz, F|89/100
|move|p1a: Clefable|Wish|p1a: Clefable
|
|-end|p2a: Mandibuzz|move: Future Sight
|-immune|p2a: Mandibuzz
|upkeep
|turn|210
|
|t:|1660616475
|switch|p1a: Heatran|Heatran, F, shiny|64/100
|-damage|p1a: Heatran|52/100|[from] Stealth Rock
|move|p2a: Mandibuzz|Toxic|p1a: Heatran
|-immune|p1a: Heatran
|
|-heal|p1a: Heatran|100/100|[from] move: Wish|[wisher] Clefable
|upkeep
|turn|211
|
|t:|1660616481
|switch|p2a: Toxapex|Toxapex, M|100/100 brn
|-damage|p2a: Toxapex|88/100 brn|[from] Stealth Rock
|move|p1a: Heatran|Lava Plume|p2a: Toxapex
|-resisted|p2a: Toxapex
|-damage|p2a: Toxapex|75/100 brn
|
|-damage|p2a: Toxapex|69/100 brn|[from] brn
|upkeep
|turn|212
|
|t:|1660616485
|switch|p1a: Slowking|Slowking, F|85/100 tox
|-damage|p1a: Slowking|72/100 tox|[from] Stealth Rock
|move|p2a: Toxapex|Haze|p2a: Toxapex
|-clearallboost
|
|-damage|p1a: Slowking|66/100 tox|[from] psn
|-damage|p2a: Toxapex|63/100 brn|[from] brn
|upkeep
|turn|213
|
|t:|1660616489
|switch|p2a: Clefable|Clefable, F|80/100 tox
|move|p1a: Slowking|Teleport|p1a: Slowking
|
|t:|1660616492
|switch|p1a: Weavile|Weavile, M|96/100|[from]move: Teleport
|-damage|p1a: Weavile|71/100|[from] Stealth Rock
|-ability|p1a: Weavile|Pressure
|
|upkeep
|turn|214
|
|t:|1660616496
|move|p1a: Weavile|Triple Axel|p2a: Clefable
|-damage|p2a: Clefable|66/100 tox
|-damage|p2a: Clefable|40/100 tox
|-damage|p2a: Clefable|0 fnt
|faint|p2a: Clefable
|-hitcount|p2: Clefable|3
|
|upkeep
|c|☆LT93OQ im garbage|im literally
|c|☆LT93OQ im garbage|near max def
|c|☆LT93OQ im garbage|wtf
|c|☆Coach Jones 6fifth|How much?
|inactive|LT93OQ im garbage has 120 seconds left.
|c|☆LT93OQ im garbage|!showset 5
|c| LT93OQ im garbage|/raw <div class="infobox">Clefable @ Sticky Barb  <br />Ability: Magic Guard  <br />EVs: 252 HP &#x2f; 188 Def &#x2f; 52 SpD &#x2f; 16 Spe  <br />Bold Nature  <br />IVs: 0 Atk  <br />- Moonblast  <br />- Soft-Boiled  <br />- Aromatherapy  <br />- Stealth Rock  <br /><br /></div>
|c|☆LT93OQ im garbage|nvm
|c|☆LT93OQ im garbage|hm still thats
|c|☆LT93OQ im garbage|too much
|
|t:|1660616544
|switch|p2a: Buzzwole|Buzzwole|95/100
|turn|215
|
|t:|1660616550
|switch|p1a: Clefable|Clefable, M, shiny|86/100
|switch|p2a: Bronzong|Bronzong|82/100
|-damage|p2a: Bronzong|76/100|[from] Stealth Rock
|
|-heal|p2a: Bronzong|82/100|[from] item: Leftovers
|upkeep
|turn|216
|c|☆Coach Jones 6fifth|Yea roll was in ur favor
|
|t:|1660616566
|switch|p1a: Slowking|Slowking, F|99/100 tox
|-damage|p1a: Slowking|87/100 tox|[from] Stealth Rock
|switch|p2a: Mandibuzz|Mandibuzz, F|89/100
|
|-damage|p1a: Slowking|81/100 tox|[from] psn
|upkeep
|turn|217
|
|t:|1660616571
|switch|p2a: Toxapex|Toxapex, M|96/100 brn
|-damage|p2a: Toxapex|83/100 brn|[from] Stealth Rock
|switch|p1a: Clefable|Clefable, M, shiny|86/100
|
|-damage|p2a: Toxapex|77/100 brn|[from] brn
|upkeep
|turn|218
|
|t:|1660616576
|switch|p2a: Quagsire|Quagsire, F|97/100
|-damage|p2a: Quagsire|91/100|[from] Stealth Rock
|move|p1a: Clefable|Seismic Toss|p2a: Quagsire
|-damage|p2a: Quagsire|66/100
|
|-heal|p2a: Quagsire|72/100|[from] item: Leftovers
|upkeep
|turn|219
|
|t:|1660616580
|switch|p1a: Heatran|Heatran, F, shiny|100/100
|-damage|p1a: Heatran|88/100|[from] Stealth Rock
|move|p2a: Quagsire|Protect||[still]
|-fail|p2a: Quagsire
|
|-heal|p2a: Quagsire|78/100|[from] item: Leftovers
|upkeep
|turn|220
|
|t:|1660616582
|switch|p2a: Toxapex|Toxapex, M|100/100 brn
|-damage|p2a: Toxapex|88/100 brn|[from] Stealth Rock
|move|p1a: Heatran|Toxic||[still]
|-fail|p1a: Heatran
|
|-damage|p2a: Toxapex|82/100 brn|[from] brn
|upkeep
|turn|221
|
|t:|1660616587
|move|p1a: Heatran|Lava Plume|p2a: Toxapex
|-resisted|p2a: Toxapex
|-damage|p2a: Toxapex|70/100 brn
|move|p2a: Toxapex|Light Screen|p2a: Toxapex
|-sidestart|p2: LT93OQ im garbage|move: Light Screen
|
|-damage|p2a: Toxapex|64/100 brn|[from] brn
|upkeep
|turn|222
|
|t:|1660616591
|move|p1a: Heatran|Toxic||[still]
|-fail|p1a: Heatran
|move|p2a: Toxapex|Haze|p2a: Toxapex
|-clearallboost
|
|-damage|p2a: Toxapex|57/100 brn|[from] brn
|upkeep
|turn|223
|
|t:|1660616594
|move|p1a: Heatran|Toxic||[still]
|-fail|p1a: Heatran
|move|p2a: Toxapex|Haze|p2a: Toxapex
|-clearallboost
|
|-damage|p2a: Toxapex|51/100 brn|[from] brn
|upkeep
|turn|224
|
|t:|1660616596
|move|p1a: Heatran|Stealth Rock||[still]
|-fail|p1a: Heatran
|move|p2a: Toxapex|Recover|p2a: Toxapex
|-heal|p2a: Toxapex|100/100 brn
|
|-damage|p2a: Toxapex|94/100 brn|[from] brn
|upkeep
|turn|225
|c| Marin XD|Cm + taunt fini smash that team
|
|t:|1660616618
|move|p1a: Heatran|Stealth Rock||[still]
|-fail|p1a: Heatran
|move|p2a: Toxapex|Haze|p2a: Toxapex
|-clearallboost
|
|-damage|p2a: Toxapex|88/100 brn|[from] brn
|-sideend|p2: LT93OQ im garbage|move: Light Screen
|upkeep
|turn|226
|c|☆LT93OQ im garbage|good job Marin XD
|
|t:|1660616626
|switch|p1a: Slowking|Slowking, F|100/100 tox
|-damage|p1a: Slowking|88/100 tox|[from] Stealth Rock
|move|p2a: Toxapex|Haze|p2a: Toxapex
|-clearallboost
|
|-damage|p1a: Slowking|82/100 tox|[from] psn
|-damage|p2a: Toxapex|82/100 brn|[from] brn
|upkeep
|turn|227
|
|t:|1660616637
|switch|p2a: Quagsire|Quagsire, F|78/100
|-damage|p2a: Quagsire|72/100|[from] Stealth Rock
|switch|p1a: Clefable|Clefable, M, shiny|86/100
|
|-heal|p2a: Quagsire|78/100|[from] item: Leftovers
|upkeep
|turn|228
|
|t:|1660616640
|switch|p1a: Slowking|Slowking, F|100/100 tox
|-damage|p1a: Slowking|88/100 tox|[from] Stealth Rock
|switch|p2a: Mandibuzz|Mandibuzz, F|89/100
|
|-damage|p1a: Slowking|82/100 tox|[from] psn
|upkeep
|turn|229
|
|t:|1660616644
|switch|p2a: Toxapex|Toxapex, M|100/100 brn
|-damage|p2a: Toxapex|88/100 brn|[from] Stealth Rock
|move|p1a: Slowking|Scald|p2a: Toxapex
|-resisted|p2a: Toxapex
|-damage|p2a: Toxapex|78/100 brn
|
|-damage|p1a: Slowking|70/100 tox|[from] psn
|-damage|p2a: Toxapex|72/100 brn|[from] brn
|upkeep
|turn|230
|
|t:|1660616649
|switch|p2a: Quagsire|Quagsire, F|78/100
|-damage|p2a: Quagsire|72/100|[from] Stealth Rock
|switch|p1a: Tornadus|Tornadus-Therian, M|100/100
|-damage|p1a: Tornadus|76/100|[from] Stealth Rock
|
|-heal|p2a: Quagsire|78/100|[from] item: Leftovers
|upkeep
|turn|231
|
|t:|1660616652
|switch|p2a: Toxapex|Toxapex, M|100/100 brn
|-damage|p2a: Toxapex|88/100 brn|[from] Stealth Rock
|move|p1a: Tornadus|Knock Off|p2a: Toxapex
|-damage|p2a: Toxapex|76/100 brn
|
|-damage|p2a: Toxapex|70/100 brn|[from] brn
|upkeep
|turn|232
|j| chrismarswu
|inactive|LT93OQ im garbage has 120 seconds left.
|-message|LT93OQ im garbage forfeited.
|
|win|Coach Jones 6fifth
|raw|Coach Jones 6fifth's rating: 1821 &rarr; <strong>1845</strong><br />(+24 for winning)
|raw|LT93OQ im garbage's rating: 1885 &rarr; <strong>1861</strong><br />(-24 for losing)
|l|☆LT93OQ im garbage
