|j|☆Djeez
|j|☆Oryen
|inactive|Battle timer is ON: inactive players will automatically lose when time's up.
|t:|1652797192
|gametype|singles
|player|p1|Djeez|169|
|player|p2|Oryen|bruno-gen1|
|teamsize|p1|6
|teamsize|p2|6
|gen|8
|tier|[Gen 8] OU
|rated|Tournament battle
|rule|Sleep Clause Mod: Limit one foe put to sleep
|rule|Species Clause: Limit one of each Pokémon
|rule|OHKO Clause: OHKO moves are banned
|rule|Evasion Moves Clause: Evasion moves are banned
|rule|Endless Battle Clause: Forcing endless battles is banned
|rule|HP Percentage Mod: HP is shown in percentages
|rule|Dynamax Clause: You cannot dynamax
|clearpoke
|poke|p1|Mamoswine, F|
|poke|p1|Raichu-Alola, F|
|poke|p1|Clefable, M|
|poke|p1|Volcarona, M|
|poke|p1|Snorlax, F|
|poke|p1|Decidueye, F|
|poke|p2|Ninetales-Alola, M|
|poke|p2|Flapple, M|
|poke|p2|Inteleon, M|
|poke|p2|Drapion, F|
|poke|p2|Escavalier, F|
|poke|p2|Barbaracle, F|
|teampreview
|j|*Lady Monita ✿
|inactive|Djeez also wants the timer to be on.
|c|☆Djeez|glhf
|c|☆Oryen|u2
|
|t:|1652797205
|start
|switch|p1a: Mamoswine|Mamoswine, F|100/100
|switch|p2a: Ninetales|Ninetales-Alola, M|100/100
|-weather|Hail|[from] ability: Snow Warning|[of] p2a: Ninetales
|turn|1
|
|t:|1652797212
|move|p2a: Ninetales|Aurora Veil|p2a: Ninetales
|-sidestart|p2: Oryen|move: Aurora Veil
|move|p1a: Mamoswine|Stealth Rock|p2a: Ninetales
|-sidestart|p2: Oryen|move: Stealth Rock
|
|-weather|Hail|[upkeep]
|upkeep
|turn|2
|
|t:|1652797218
|move|p2a: Ninetales|Encore|p1a: Mamoswine
|-start|p1a: Mamoswine|Encore
|move|p1a: Mamoswine|Stealth Rock||[still]
|-fail|p1a: Mamoswine
|
|-weather|Hail|[upkeep]
|upkeep
|turn|3
|j| lllllkkkkk
|
|t:|1652797239
|switch|p2a: Inteleon|Inteleon, M|100/100
|-damage|p2a: Inteleon|88/100|[from] Stealth Rock
|switch|p1a: Clefable|Clefable, M|100/100
|
|-weather|Hail|[upkeep]
|-damage|p2a: Inteleon|82/100|[from] Hail
|-damage|p1a: Clefable|94/100|[from] Hail
|-heal|p1a: Clefable|100/100|[from] item: Leftovers
|upkeep
|turn|4
|j| magnoliaflowerz
|c|☆Oryen|clef is the scariest mon
|inactive|Djeez has 120 seconds left.
|
|t:|1652797271
|move|p2a: Inteleon|Focus Energy|p2a: Inteleon
|-start|p2a: Inteleon|move: Focus Energy
|move|p1a: Clefable|Toxic|p2a: Inteleon
|-status|p2a: Inteleon|tox
|
|-weather|Hail|[upkeep]
|-damage|p2a: Inteleon|76/100 tox|[from] Hail
|-damage|p1a: Clefable|94/100|[from] Hail
|-heal|p1a: Clefable|100/100|[from] item: Leftovers
|-damage|p2a: Inteleon|70/100 tox|[from] psn
|upkeep
|turn|5
|inactive|Djeez has 120 seconds left.
|
|t:|1652797281
|move|p2a: Inteleon|Snipe Shot|p1a: Clefable
|-crit|p1a: Clefable
|-damage|p1a: Clefable|7/100
|move|p1a: Clefable|Moonlight|p1a: Clefable
|-heal|p1a: Clefable|31/100
|
|-weather|none
|-heal|p1a: Clefable|38/100|[from] item: Leftovers
|-damage|p2a: Inteleon|58/100 tox|[from] psn
|upkeep
|turn|6
|inactive|Djeez has 120 seconds left.
|
|t:|1652797314
|switch|p1a: Snorlax|Snorlax, F|100/100
|move|p2a: Inteleon|Snipe Shot|p1a: Snorlax
|-crit|p1a: Snorlax
|-damage|p1a: Snorlax|63/100
|
|-heal|p1a: Snorlax|69/100|[from] item: Leftovers
|-damage|p2a: Inteleon|40/100 tox|[from] psn
|upkeep
|turn|7
|
|t:|1652797332
|move|p2a: Inteleon|Snipe Shot|p1a: Snorlax
|-crit|p1a: Snorlax
|-damage|p1a: Snorlax|30/100
|move|p1a: Snorlax|Rest|p1a: Snorlax
|-status|p1a: Snorlax|slp|[from] move: Rest
|-heal|p1a: Snorlax|100/100 slp|[silent]
|
|-damage|p2a: Inteleon|15/100 tox|[from] psn
|upkeep
|turn|8
|l| magnoliaflowerz
|
|t:|1652797340
|move|p2a: Inteleon|Snipe Shot|p1a: Snorlax
|-crit|p1a: Snorlax
|-damage|p1a: Snorlax|59/100 slp
|cant|p1a: Snorlax|slp
|move|p1a: Snorlax|Sleep Talk|p1a: Snorlax
|move|p1a: Snorlax|Toxic|p2a: Inteleon|[from]move: Sleep Talk
|-fail|p2a: Inteleon|tox
|
|-heal|p1a: Snorlax|65/100 slp|[from] item: Leftovers
|-damage|p2a: Inteleon|0 fnt|[from] psn
|faint|p2a: Inteleon
|-sideend|p2: Oryen|move: Aurora Veil
|upkeep
|j| 37phoenix
|
|t:|1652797357
|switch|p2a: Barbaracle|Barbaracle, F|100/100
|-damage|p2a: Barbaracle|88/100|[from] Stealth Rock
|turn|9
|l| 37phoenix
|
|t:|1652797367
|switch|p1a: Mamoswine|Mamoswine, F|100/100
|move|p2a: Barbaracle|Shell Smash|p2a: Barbaracle
|-unboost|p2a: Barbaracle|def|1
|-unboost|p2a: Barbaracle|spd|1
|-boost|p2a: Barbaracle|atk|2
|-boost|p2a: Barbaracle|spa|2
|-boost|p2a: Barbaracle|spe|2
|
|upkeep
|turn|10
|j| kabuto44
|
|t:|1652797378
|switch|p2a: Escavalier|Escavalier, F|100/100
|-damage|p2a: Escavalier|88/100|[from] Stealth Rock
|move|p1a: Mamoswine|Earthquake|p2a: Escavalier
|-damage|p2a: Escavalier|28/100
|
|-heal|p2a: Escavalier|35/100|[from] item: Leftovers
|upkeep
|turn|11
|
|t:|1652797389
|move|p1a: Mamoswine|Earthquake|p2a: Escavalier
|-damage|p2a: Escavalier|0 fnt
|faint|p2a: Escavalier
|
|upkeep
|j| hell20
|
|t:|1652797391
|switch|p2a: Ninetales|Ninetales-Alola, M|100/100
|-damage|p2a: Ninetales|76/100|[from] Stealth Rock
|-weather|Hail|[from] ability: Snow Warning|[of] p2a: Ninetales
|turn|12
|inactive|Djeez has 120 seconds left.
|
|t:|1652797398
|move|p2a: Ninetales|Aurora Veil|p2a: Ninetales
|-sidestart|p2: Oryen|move: Aurora Veil
|move|p1a: Mamoswine|Earthquake|p2a: Ninetales
|-damage|p2a: Ninetales|34/100
|
|-weather|Hail|[upkeep]
|upkeep
|turn|13
|
|t:|1652797404
|move|p2a: Ninetales|Moonblast|p1a: Mamoswine
|-damage|p1a: Mamoswine|49/100
|move|p1a: Mamoswine|Earthquake|p2a: Ninetales
|-damage|p2a: Ninetales|0 fnt
|faint|p2a: Ninetales
|
|-weather|Hail|[upkeep]
|upkeep
|
|t:|1652797410
|switch|p2a: Drapion|Drapion, F|100/100
|-damage|p2a: Drapion|88/100|[from] Stealth Rock
|turn|14
|
|t:|1652797425
|move|p1a: Mamoswine|Earthquake|p2a: Drapion
|-supereffective|p2a: Drapion
|-damage|p2a: Drapion|45/100
|move|p2a: Drapion|Iron Defense|p2a: Drapion
|-boost|p2a: Drapion|def|2
|
|-weather|Hail|[upkeep]
|-damage|p2a: Drapion|38/100|[from] Hail
|upkeep
|turn|15
|
|t:|1652797435
|move|p1a: Mamoswine|Earthquake|p2a: Drapion
|-supereffective|p2a: Drapion
|-damage|p2a: Drapion|13/100
|move|p2a: Drapion|Rest|p2a: Drapion
|-status|p2a: Drapion|slp|[from] move: Rest
|-heal|p2a: Drapion|100/100 slp|[silent]
|-enditem|p2a: Drapion|Chesto Berry|[eat]
|-curestatus|p2a: Drapion|slp|[msg]
|
|-weather|Hail|[upkeep]
|-damage|p2a: Drapion|94/100|[from] Hail
|upkeep
|turn|16
|
|t:|1652797452
|move|p1a: Mamoswine|Earthquake|p2a: Drapion
|-supereffective|p2a: Drapion
|-damage|p2a: Drapion|69/100
|move|p2a: Drapion|Iron Defense|p2a: Drapion
|-boost|p2a: Drapion|def|2
|
|-weather|none
|upkeep
|turn|17
|inactive|Djeez has 120 seconds left.
|
|t:|1652797475
|move|p1a: Mamoswine|Icicle Crash|p2a: Drapion
|-damage|p2a: Drapion|62/100
|cant|p2a: Drapion|flinch
|
|upkeep
|turn|18
|inactive|Djeez has 120 seconds left.
|
|t:|1652797481
|move|p1a: Mamoswine|Icicle Crash|p2a: Drapion
|-damage|p2a: Drapion|55/100
|cant|p2a: Drapion|flinch
|
|upkeep
|turn|19
|
|t:|1652797488
|move|p1a: Mamoswine|Icicle Crash|p2a: Drapion|[miss]
|-miss|p1a: Mamoswine|p2a: Drapion
|move|p2a: Drapion|Iron Defense|p2a: Drapion
|-boost|p2a: Drapion|def|2
|
|-sideend|p2: Oryen|move: Aurora Veil
|upkeep
|turn|20
|
|t:|1652797494
|move|p1a: Mamoswine|Earthquake|p2a: Drapion
|-supereffective|p2a: Drapion
|-damage|p2a: Drapion|31/100
|move|p2a: Drapion|Acupressure|p2a: Drapion
|-boost|p2a: Drapion|spd|2
|
|upkeep
|turn|21
|
|t:|1652797500
|move|p1a: Mamoswine|Earthquake|p2a: Drapion
|-supereffective|p2a: Drapion
|-damage|p2a: Drapion|7/100
|move|p2a: Drapion|Rest|p2a: Drapion
|-status|p2a: Drapion|slp|[from] move: Rest
|-heal|p2a: Drapion|100/100 slp|[silent]
|
|upkeep
|turn|22
|j| Sandy_27
|l| kabuto44
|
|t:|1652797518
|switch|p1a: Clefable|Clefable, M|38/100
|cant|p2a: Drapion|slp
|
|-heal|p1a: Clefable|44/100|[from] item: Leftovers
|upkeep
|turn|23
|
|t:|1652797529
|cant|p2a: Drapion|slp
|move|p1a: Clefable|Moonblast|p2a: Drapion
|-damage|p2a: Drapion|70/100 slp
|
|-heal|p1a: Clefable|50/100|[from] item: Leftovers
|upkeep
|turn|24
|
|t:|1652797538
|-curestatus|p2a: Drapion|slp|[msg]
|move|p2a: Drapion|Acupressure|p2a: Drapion
|-boost|p2a: Drapion|evasion|2
|move|p1a: Clefable|Moonlight|p1a: Clefable
|-heal|p1a: Clefable|99/100
|
|-heal|p1a: Clefable|100/100|[from] item: Leftovers
|upkeep
|turn|25
|
|t:|1652797546
|move|p2a: Drapion|Acupressure|p2a: Drapion
|-boost|p2a: Drapion|atk|2
|move|p1a: Clefable|Calm Mind|p1a: Clefable
|-boost|p1a: Clefable|spa|1
|-boost|p1a: Clefable|spd|1
|
|upkeep
|turn|26
|j| 007 Jr
|
|t:|1652797555
|move|p2a: Drapion|Acupressure|p2a: Drapion
|-boost|p2a: Drapion|evasion|2
|move|p1a: Clefable|Calm Mind|p1a: Clefable
|-boost|p1a: Clefable|spa|1
|-boost|p1a: Clefable|spd|1
|
|upkeep
|turn|27
|
|t:|1652797563
|move|p2a: Drapion|Acupressure|p2a: Drapion
|-boost|p2a: Drapion|atk|2
|move|p1a: Clefable|Moonblast|p2a: Drapion
|-damage|p2a: Drapion|8/100
|-unboost|p2a: Drapion|spa|1
|
|upkeep
|turn|28
|
|t:|1652797575
|move|p2a: Drapion|Acupressure|p2a: Drapion
|-boost|p2a: Drapion|evasion|2
|move|p1a: Clefable|Moonblast|p2a: Drapion
|-damage|p2a: Drapion|0 fnt
|faint|p2a: Drapion
|
|upkeep
|c| lllllkkkkk|Unaware?
|
|t:|1652797582
|switch|p2a: Barbaracle|Barbaracle, F|88/100
|-damage|p2a: Barbaracle|76/100|[from] Stealth Rock
|turn|29
|
|t:|1652797588
|move|p2a: Barbaracle|Liquidation|p1a: Clefable
|-damage|p1a: Clefable|54/100
|-damage|p2a: Barbaracle|66/100|[from] item: Life Orb
|move|p1a: Clefable|Toxic|p2a: Barbaracle
|-status|p2a: Barbaracle|tox
|
|-heal|p1a: Clefable|60/100|[from] item: Leftovers
|-damage|p2a: Barbaracle|60/100 tox|[from] psn
|upkeep
|turn|30
|c| 007 Jr|defintely
|c|☆Djeez|maybe
|l| lllllkkkkk
|
|t:|1652797602
|move|p2a: Barbaracle|Stone Edge|p1a: Clefable
|-damage|p1a: Clefable|14/100
|-damage|p2a: Barbaracle|50/100 tox|[from] item: Life Orb
|move|p1a: Clefable|Moonlight|p1a: Clefable
|-heal|p1a: Clefable|64/100
|
|-heal|p1a: Clefable|70/100|[from] item: Leftovers
|-damage|p2a: Barbaracle|38/100 tox|[from] psn
|upkeep
|turn|31
|
|t:|1652797612
|move|p2a: Barbaracle|Liquidation|p1a: Clefable
|-damage|p1a: Clefable|19/100
|-damage|p2a: Barbaracle|29/100 tox|[from] item: Life Orb
|move|p1a: Clefable|Moonlight|p1a: Clefable
|-heal|p1a: Clefable|69/100
|
|-heal|p1a: Clefable|75/100|[from] item: Leftovers
|-damage|p2a: Barbaracle|11/100 tox|[from] psn
|upkeep
|turn|32
|l| 007 Jr
|l| Sandy_27
|
|t:|1652797623
|move|p2a: Barbaracle|Liquidation|p1a: Clefable
|-damage|p1a: Clefable|25/100
|-unboost|p1a: Clefable|def|1
|-damage|p2a: Barbaracle|1/100 tox|[from] item: Life Orb
|move|p1a: Clefable|Moonlight|p1a: Clefable
|-heal|p1a: Clefable|75/100
|
|-heal|p1a: Clefable|81/100|[from] item: Leftovers
|-damage|p2a: Barbaracle|0 fnt|[from] psn
|faint|p2a: Barbaracle
|upkeep
|
|t:|1652797631
|switch|p2a: Flapple|Flapple, M|100/100
|-damage|p2a: Flapple|88/100|[from] Stealth Rock
|turn|33
|
|t:|1652797637
|move|p2a: Flapple|Grav Apple|p1a: Clefable|[miss]
|-miss|p2a: Flapple|p1a: Clefable
|move|p1a: Clefable|Moonblast|p2a: Flapple
|-supereffective|p2a: Flapple
|-damage|p2a: Flapple|0 fnt
|faint|p2a: Flapple
|
|win|Djeez
|n|☆Djeez|djeez
|n|☆Oryen|oryen
|n|*Lady Monita ✿|ladymonita
|n| hell20|hell20
