|raw|<div class="broadcast-blue"><strong>This battle is required to be public due to a player having a name starting with 'lt93oq'.</div>
|j|☆LT93OQ Lio
|j|☆Justin UA
|t:|1660335989
|gametype|singles
|player|p1|LT93OQ Lio|2|1674
|player|p2|Justin UA|ethan|1710
|teamsize|p1|6
|teamsize|p2|6
|gen|8
|tier|[Gen 8] OU
|rated|
|rule|Sleep Clause Mod: Limit one foe put to sleep
|rule|Species Clause: Limit one of each Pokémon
|rule|OHKO Clause: OHKO moves are banned
|rule|Evasion Items Clause: Evasion items are banned
|rule|Evasion Moves Clause: Evasion moves are banned
|rule|Endless Battle Clause: Forcing endless battles is banned
|rule|HP Percentage Mod: HP is shown in percentages
|rule|Dynamax Clause: You cannot dynamax
|clearpoke
|poke|p1|Victini|
|poke|p1|Ferrothorn, M|
|poke|p1|Dragonite, F|
|poke|p1|Landorus-Therian, M|
|poke|p1|Dragapult, M|
|poke|p1|Clefable, F|
|poke|p2|Tapu Koko|
|poke|p2|Urshifu-*, M|
|poke|p2|Corviknight, M|
|poke|p2|Slowbro, F|
|poke|p2|Landorus-Therian, M|
|poke|p2|Blacephalon|
|teampreview
|inactive|Battle timer is ON: inactive players will automatically lose when time's up. (requested by Justin UA)
|
|t:|1660335996
|start
|switch|p1a: Clefable|Clefable, F|100/100
|switch|p2a: Urshifu|Urshifu-Rapid-Strike, M|100/100
|turn|1
|
|t:|1660336001
|move|p2a: Urshifu|U-turn|p1a: Clefable
|-resisted|p1a: Clefable
|-damage|p1a: Clefable|84/100
|
|t:|1660336006
|switch|p2a: Landorus|Landorus-Therian, M|100/100|[from]move: U-turn
|-ability|p2a: Landorus|Intimidate|boost
|-unboost|p1a: Clefable|atk|1
|move|p1a: Clefable|Thunder Wave|p2a: Landorus
|-immune|p2a: Landorus
|
|-heal|p1a: Clefable|90/100|[from] item: Leftovers
|upkeep
|turn|2
|
|t:|1660336008
|move|p2a: Landorus|Knock Off|p1a: Clefable
|-resisted|p1a: Clefable
|-damage|p1a: Clefable|77/100
|-enditem|p1a: Clefable|Leftovers|[from] move: Knock Off|[of] p2a: Landorus
|move|p1a: Clefable|Stealth Rock|p2a: Landorus
|-sidestart|p2: Justin UA|move: Stealth Rock
|
|upkeep
|turn|3
|
|t:|1660336011
|move|p2a: Landorus|Stealth Rock|p1a: Clefable
|-sidestart|p1: LT93OQ Lio|move: Stealth Rock
|move|p1a: Clefable|Soft-Boiled|p1a: Clefable
|-heal|p1a: Clefable|100/100
|
|upkeep
|turn|4
|
|t:|1660336014
|move|p2a: Landorus|U-turn|p1a: Clefable
|-resisted|p1a: Clefable
|-damage|p1a: Clefable|91/100
|
|t:|1660336017
|switch|p2a: Slowbro|Slowbro, F|100/100|[from]move: U-turn
|move|p1a: Clefable|Moonblast|p2a: Slowbro
|-damage|p2a: Slowbro|69/100
|
|upkeep
|turn|5
|
|t:|1660336019
|move|p1a: Clefable|Thunder Wave|p2a: Slowbro
|-status|p2a: Slowbro|par
|move|p2a: Slowbro|Future Sight|p1a: Clefable
|-start|p2a: Slowbro|move: Future Sight
|
|upkeep
|turn|6
|
|t:|1660336023
|move|p1a: Clefable|Moonblast|p2a: Slowbro
|-damage|p2a: Slowbro|39/100 par
|move|p2a: Slowbro|Teleport|p2a: Slowbro
|
|t:|1660336028
|switch|p2a: Tapu Koko|Tapu Koko|100/100|[from]move: Teleport
|-fieldstart|move: Electric Terrain|[from] ability: Electric Surge|[of] p2a: Tapu Koko
|
|upkeep
|turn|7
|
|t:|1660336031
|switch|p1a: Ferrothorn|Ferrothorn, M|100/100
|-damage|p1a: Ferrothorn|94/100|[from] Stealth Rock
|move|p2a: Tapu Koko|Thunderbolt|p1a: Ferrothorn
|-resisted|p1a: Ferrothorn
|-crit|p1a: Ferrothorn
|-damage|p1a: Ferrothorn|65/100
|
|-end|p1a: Ferrothorn|move: Future Sight
|-resisted|p1a: Ferrothorn
|-damage|p1a: Ferrothorn|49/100
|-heal|p1a: Ferrothorn|55/100|[from] item: Leftovers
|upkeep
|turn|8
|
|t:|1660336036
|switch|p2a: Urshifu|Urshifu-Rapid-Strike, M|100/100
|-damage|p2a: Urshifu|94/100|[from] Stealth Rock
|move|p1a: Ferrothorn|Leech Seed|p2a: Urshifu
|-start|p2a: Urshifu|move: Leech Seed
|
|-heal|p1a: Ferrothorn|62/100|[from] item: Leftovers
|-damage|p2a: Urshifu|82/100|[from] Leech Seed|[of] p1a: Ferrothorn
|-heal|p1a: Ferrothorn|74/100|[silent]
|upkeep
|turn|9
|
|t:|1660336040
|switch|p1a: Dragonite|Dragonite, F|100/100
|move|p2a: Urshifu|U-turn|p1a: Dragonite
|-resisted|p1a: Dragonite
|-damage|p1a: Dragonite|90/100
|
|t:|1660336044
|switch|p2a: Tapu Koko|Tapu Koko|100/100|[from]move: U-turn
|
|upkeep
|turn|10
|
|t:|1660336048
|switch|p1a: Ferrothorn|Ferrothorn, M|74/100
|-damage|p1a: Ferrothorn|67/100|[from] Stealth Rock
|move|p2a: Tapu Koko|Thunderbolt|p1a: Ferrothorn
|-resisted|p1a: Ferrothorn
|-damage|p1a: Ferrothorn|45/100
|
|-heal|p1a: Ferrothorn|51/100|[from] item: Leftovers
|-fieldend|move: Electric Terrain
|upkeep
|turn|11
|j| LT93OQ T
|
|t:|1660336051
|switch|p2a: Landorus|Landorus-Therian, M|100/100
|-damage|p2a: Landorus|88/100|[from] Stealth Rock
|-ability|p2a: Landorus|Intimidate|boost
|-unboost|p1a: Ferrothorn|atk|1
|move|p1a: Ferrothorn|Leech Seed|p2a: Landorus
|-start|p2a: Landorus|move: Leech Seed
|
|-heal|p1a: Ferrothorn|58/100|[from] item: Leftovers
|-damage|p2a: Landorus|76/100|[from] Leech Seed|[of] p1a: Ferrothorn
|-heal|p1a: Ferrothorn|71/100|[silent]
|upkeep
|turn|12
|
|t:|1660336054
|switch|p1a: Clefable|Clefable, F|91/100
|move|p2a: Landorus|Knock Off|p1a: Clefable
|-resisted|p1a: Clefable
|-damage|p1a: Clefable|81/100
|
|-damage|p2a: Landorus|64/100|[from] Leech Seed|[of] p1a: Clefable
|-heal|p1a: Clefable|93/100|[silent]
|upkeep
|turn|13
|
|t:|1660336058
|move|p2a: Landorus|U-turn|p1a: Clefable
|-resisted|p1a: Clefable
|-damage|p1a: Clefable|83/100
|
|t:|1660336063
|switch|p2a: Corviknight|Corviknight, M|100/100|[from]move: U-turn
|-damage|p2a: Corviknight|88/100|[from] Stealth Rock
|-ability|p2a: Corviknight|Pressure
|move|p1a: Clefable|Thunder Wave|p2a: Corviknight
|-status|p2a: Corviknight|par
|
|-heal|p2a: Corviknight|94/100 par|[from] item: Leftovers
|upkeep
|turn|14
|
|t:|1660336067
|switch|p1a: Dragapult|Dragapult, M|100/100
|move|p2a: Corviknight|Defog|p1a: Dragapult
|-unboost|p1a: Dragapult|evasion|1
|-sideend|p1: LT93OQ Lio|Stealth Rock|[from] move: Defog|[of] p2a: Corviknight
|-sideend|p2: Justin UA|Stealth Rock|[from] move: Defog|[of] p2a: Corviknight
|
|-heal|p2a: Corviknight|100/100 par|[from] item: Leftovers
|upkeep
|turn|15
|
|t:|1660336071
|move|p1a: Dragapult|Hex|p2a: Corviknight
|-damage|p2a: Corviknight|47/100 par
|move|p2a: Corviknight|U-turn|p1a: Dragapult
|-resisted|p1a: Dragapult
|-damage|p1a: Dragapult|92/100
|
|t:|1660336075
|switch|p2a: Blacephalon|Blacephalon|100/100|[from]move: U-turn
|
|upkeep
|turn|16
|
|t:|1660336090
|switch|p1a: Landorus|Landorus-Therian, M|100/100
|-ability|p1a: Landorus|Intimidate|boost
|-unboost|p2a: Blacephalon|atk|1
|move|p2a: Blacephalon|Shadow Ball|p1a: Landorus
|-damage|p1a: Landorus|49/100
|-unboost|p1a: Landorus|spd|1
|
|-heal|p1a: Landorus|55/100|[from] item: Leftovers
|upkeep
|turn|17
|
|t:|1660336093
|move|p2a: Blacephalon|Shadow Ball|p1a: Landorus
|-damage|p1a: Landorus|0 fnt
|faint|p1a: Landorus
|-ability|p2a: Blacephalon|Beast Boost|boost
|-boost|p2a: Blacephalon|spa|1
|
|upkeep
|j|+kino
|
|t:|1660336100
|switch|p1a: Dragonite|Dragonite, F|90/100
|turn|18
|inactive|Justin UA has 120 seconds left.
|
|t:|1660336138
|switch|p2a: Slowbro|Slowbro, F|72/100 par
|move|p1a: Dragonite|Earthquake|p2a: Slowbro
|-damage|p2a: Slowbro|52/100 par
|
|upkeep
|turn|19
|j| Arcanine1929
|j| chokst du
|
|t:|1660336141
|move|p1a: Dragonite|Dragon Dance|p1a: Dragonite
|-boost|p1a: Dragonite|atk|1
|-boost|p1a: Dragonite|spe|1
|cant|p2a: Slowbro|par
|
|upkeep
|turn|20
|
|t:|1660336143
|move|p1a: Dragonite|Dragon Dance|p1a: Dragonite
|-boost|p1a: Dragonite|atk|1
|-boost|p1a: Dragonite|spe|1
|move|p2a: Slowbro|Scald|p1a: Dragonite
|-resisted|p1a: Dragonite
|-damage|p1a: Dragonite|75/100
|
|upkeep
|turn|21
|
|t:|1660336145
|move|p1a: Dragonite|Dragon Dance|p1a: Dragonite
|-boost|p1a: Dragonite|atk|1
|-boost|p1a: Dragonite|spe|1
|cant|p2a: Slowbro|par
|
|upkeep
|turn|22
|
|t:|1660336148
|move|p1a: Dragonite|Earthquake|p2a: Slowbro
|-damage|p2a: Slowbro|0 fnt
|faint|p2a: Slowbro
|
|upkeep
|
|t:|1660336152
|switch|p2a: Landorus|Landorus-Therian, M|64/100
|-ability|p2a: Landorus|Intimidate|boost
|-unboost|p1a: Dragonite|atk|1
|turn|23
|
|t:|1660336156
|move|p1a: Dragonite|Ice Punch|p2a: Landorus
|-supereffective|p2a: Landorus
|-damage|p2a: Landorus|0 fnt
|-damage|p1a: Dragonite|59/100|[from] item: Rocky Helmet|[of] p2a: Landorus
|faint|p2a: Landorus
|
|upkeep
|
|t:|1660336160
|switch|p2a: Urshifu|Urshifu-Rapid-Strike, M|82/100
|turn|24
|
|t:|1660336162
|move|p1a: Dragonite|Earthquake|p2a: Urshifu
|-damage|p2a: Urshifu|15/100
|move|p2a: Urshifu|Surging Strikes|p1a: Dragonite
|-resisted|p1a: Dragonite
|-crit|p1a: Dragonite
|-damage|p1a: Dragonite|42/100
|-resisted|p1a: Dragonite
|-crit|p1a: Dragonite
|-damage|p1a: Dragonite|27/100
|-resisted|p1a: Dragonite
|-crit|p1a: Dragonite
|-damage|p1a: Dragonite|11/100
|-hitcount|p1a: Dragonite|3
|
|upkeep
|turn|25
|
|t:|1660336166
|switch|p2a: Tapu Koko|Tapu Koko|100/100
|-fieldstart|move: Electric Terrain|[from] ability: Electric Surge|[of] p2a: Tapu Koko
|move|p1a: Dragonite|Earthquake|p2a: Tapu Koko
|-supereffective|p2a: Tapu Koko
|-damage|p2a: Tapu Koko|0 fnt
|faint|p2a: Tapu Koko
|
|upkeep
|
|t:|1660336169
|switch|p2a: Urshifu|Urshifu-Rapid-Strike, M|15/100
|turn|26
|
|t:|1660336173
|move|p2a: Urshifu|Aqua Jet|p1a: Dragonite
|-resisted|p1a: Dragonite
|-damage|p1a: Dragonite|0 fnt
|faint|p1a: Dragonite
|
|upkeep
|
|t:|1660336180
|switch|p1a: Clefable|Clefable, F|83/100
|turn|27
|j| Vader96
|
|t:|1660336185
|switch|p2a: Corviknight|Corviknight, M|47/100 par
|-ability|p2a: Corviknight|Pressure
|move|p1a: Clefable|Stealth Rock|p2a: Corviknight
|-sidestart|p2: Justin UA|move: Stealth Rock
|
|-heal|p2a: Corviknight|53/100 par|[from] item: Leftovers
|upkeep
|turn|28
|
|t:|1660336190
|switch|p1a: Dragapult|Dragapult, M|92/100
|move|p2a: Corviknight|U-turn|p1a: Dragapult
|-resisted|p1a: Dragapult
|-damage|p1a: Dragapult|83/100
|
|t:|1660336193
|switch|p2a: Blacephalon|Blacephalon|100/100|[from]move: U-turn
|-damage|p2a: Blacephalon|75/100|[from] Stealth Rock
|
|upkeep
|turn|29
|
|t:|1660336200
|switch|p1a: Victini|Victini|100/100
|move|p2a: Blacephalon|Shadow Ball|p1a: Victini
|-supereffective|p1a: Victini
|-damage|p1a: Victini|1/100
|
|-fieldend|move: Electric Terrain
|upkeep
|turn|30
|
|t:|1660336204
|move|p2a: Blacephalon|Shadow Ball|p1a: Victini
|-supereffective|p1a: Victini
|-damage|p1a: Victini|0 fnt
|faint|p1a: Victini
|-ability|p2a: Blacephalon|Beast Boost|boost
|-boost|p2a: Blacephalon|spa|1
|
|upkeep
|
|t:|1660336206
|switch|p1a: Clefable|Clefable, F|83/100
|turn|31
|
|t:|1660336212
|switch|p2a: Corviknight|Corviknight, M|53/100 par
|-damage|p2a: Corviknight|41/100 par|[from] Stealth Rock
|-ability|p2a: Corviknight|Pressure
|move|p1a: Clefable|Thunder Wave|p2a: Corviknight
|-fail|p2a: Corviknight|par
|
|-heal|p2a: Corviknight|47/100 par|[from] item: Leftovers
|upkeep
|turn|32
|
|t:|1660336216
|switch|p1a: Dragapult|Dragapult, M|83/100
|move|p2a: Corviknight|Roost|p2a: Corviknight
|-heal|p2a: Corviknight|97/100 par
|-singleturn|p2a: Corviknight|move: Roost
|
|-heal|p2a: Corviknight|100/100 par|[from] item: Leftovers
|upkeep
|turn|33
|
|t:|1660336219
|move|p1a: Dragapult|Hex|p2a: Corviknight
|-damage|p2a: Corviknight|47/100 par
|cant|p2a: Corviknight|par
|
|-heal|p2a: Corviknight|53/100 par|[from] item: Leftovers
|upkeep
|turn|34
|
|t:|1660336226
|move|p1a: Dragapult|Hex|p2a: Corviknight
|-crit|p2a: Corviknight
|-damage|p2a: Corviknight|0 fnt
|faint|p2a: Corviknight
|
|upkeep
|
|t:|1660336228
|switch|p2a: Blacephalon|Blacephalon|75/100
|-damage|p2a: Blacephalon|50/100|[from] Stealth Rock
|turn|35
|
|t:|1660336231
|switch|p1a: Ferrothorn|Ferrothorn, M|71/100
|move|p2a: Blacephalon|Shadow Ball|p1a: Ferrothorn
|-damage|p1a: Ferrothorn|30/100
|
|-heal|p1a: Ferrothorn|36/100|[from] item: Leftovers
|upkeep
|turn|36
|
|t:|1660336234
|move|p2a: Blacephalon|Shadow Ball|p1a: Ferrothorn
|-damage|p1a: Ferrothorn|0 fnt
|faint|p1a: Ferrothorn
|-ability|p2a: Blacephalon|Beast Boost|boost
|-boost|p2a: Blacephalon|spa|1
|
|upkeep
|
|t:|1660336236
|switch|p1a: Clefable|Clefable, F|83/100
|turn|37
|
|t:|1660336239
|move|p2a: Blacephalon|Shadow Ball|p1a: Clefable
|-damage|p1a: Clefable|31/100
|-unboost|p1a: Clefable|spd|1
|move|p1a: Clefable|Thunder Wave|p2a: Blacephalon
|-status|p2a: Blacephalon|par
|
|upkeep
|turn|38
|
|t:|1660336242
|move|p2a: Blacephalon|Shadow Ball|p1a: Clefable
|-damage|p1a: Clefable|0 fnt
|faint|p1a: Clefable
|-ability|p2a: Blacephalon|Beast Boost|boost
|-boost|p2a: Blacephalon|spa|1
|
|upkeep
|
|t:|1660336244
|switch|p1a: Dragapult|Dragapult, M|83/100
|turn|39
|
|t:|1660336245
|move|p1a: Dragapult|Hex|p2a: Blacephalon
|-supereffective|p2a: Blacephalon
|-damage|p2a: Blacephalon|0 fnt
|faint|p2a: Blacephalon
|
|upkeep
|
|t:|1660336247
|switch|p2a: Urshifu|Urshifu-Rapid-Strike, M|15/100
|-damage|p2a: Urshifu|9/100|[from] Stealth Rock
|turn|40
|
|t:|1660336250
|move|p1a: Dragapult|Hex|p2a: Urshifu
|-damage|p2a: Urshifu|0 fnt
|faint|p2a: Urshifu
|
|win|LT93OQ Lio
|raw|LT93OQ Lio's rating: 1674 &rarr; <strong>1696</strong><br />(+22 for winning)
|raw|Justin UA's rating: 1710 &rarr; <strong>1688</strong><br />(-22 for losing)
