|j|☆hegemoth
|j|☆LECH24
|t:|1646095322
|gametype|singles
|player|p1|hegemoth|265|1656
|player|p2|LECH24|101|1740
|teamsize|p1|6
|teamsize|p2|6
|gen|8
|tier|[Gen 8] OU
|rated|
|rule|Sleep Clause Mod: Limit one foe put to sleep
|rule|Species Clause: Limit one of each Pokémon
|rule|OHKO Clause: OHKO moves are banned
|rule|Evasion Moves Clause: Evasion moves are banned
|rule|Endless Battle Clause: Forcing endless battles is banned
|rule|HP Percentage Mod: HP is shown in percentages
|rule|Dynamax Clause: You cannot dynamax
|clearpoke
|poke|p1|Gyarados, F|
|poke|p1|Mamoswine, M|
|poke|p1|Salazzle, F|
|poke|p1|Steelix, F|
|poke|p1|Golisopod, F|
|poke|p1|Hydreigon, M|
|poke|p2|Tapu Koko|
|poke|p2|Mamoswine, F|
|poke|p2|Slowbro, F|
|poke|p2|Blacephalon|
|poke|p2|Heatran, F|
|poke|p2|Mandibuzz, F|
|teampreview
|inactive|Battle timer is ON: inactive players will automatically lose when time's up. (requested by hegemoth)
|
|t:|1646095337
|start
|switch|p1a: Golisopod|Golisopod, F|100/100
|switch|p2a: Tapu Koko|Tapu Koko|100/100
|-fieldstart|move: Electric Terrain|[from] ability: Electric Surge|[of] p2a: Tapu Koko
|turn|1
|
|t:|1646095344
|switch|p1a: Mamoswine|Mamoswine, M|100/100
|move|p2a: Tapu Koko|Volt Switch|p1a: Mamoswine
|-immune|p1a: Mamoswine
|
|upkeep
|turn|2
|
|t:|1646095352
|switch|p2a: Slowbro|Slowbro, F|100/100
|move|p1a: Mamoswine|Curse|p1a: Mamoswine
|-unboost|p1a: Mamoswine|spe|1
|-boost|p1a: Mamoswine|atk|1
|-boost|p1a: Mamoswine|def|1
|
|upkeep
|turn|3
|
|t:|1646095359
|move|p1a: Mamoswine|Earthquake|p2a: Slowbro
|-damage|p2a: Slowbro|51/100
|move|p2a: Slowbro|Scald|p1a: Mamoswine
|-supereffective|p1a: Mamoswine
|-damage|p1a: Mamoswine|33/100
|-enditem|p1a: Mamoswine|Weakness Policy
|-boost|p1a: Mamoswine|atk|2|[from] item: Weakness Policy
|-boost|p1a: Mamoswine|spa|2|[from] item: Weakness Policy
|
|upkeep
|turn|4
|j| Violet Sprigatito
|inactive|LECH24 has 120 seconds left.
|
|t:|1646095390
|switch|p2a: Mandibuzz|Mandibuzz, F|100/100
|move|p1a: Mamoswine|Earthquake|p2a: Mandibuzz
|-immune|p2a: Mandibuzz
|
|upkeep
|turn|5
|
|t:|1646095398
|move|p1a: Mamoswine|Ice Shard|p2a: Mandibuzz
|-supereffective|p2a: Mandibuzz
|-damage|p2a: Mandibuzz|18/100
|move|p2a: Mandibuzz|Foul Play|p1a: Mamoswine
|-damage|p1a: Mamoswine|0 fnt
|faint|p1a: Mamoswine
|
|-fieldend|move: Electric Terrain
|upkeep
|
|t:|1646095408
|switch|p1a: Golisopod|Golisopod, F|100/100
|turn|6
|j| 0WithdrawalSyndrom
|
|t:|1646095411
|switch|p2a: Slowbro|Slowbro, F|84/100
|move|p1a: Golisopod|Bulk Up|p1a: Golisopod
|-boost|p1a: Golisopod|atk|1
|-boost|p1a: Golisopod|def|1
|
|upkeep
|turn|7
|
|t:|1646095419
|move|p1a: Golisopod|Leech Life|p2a: Slowbro
|-supereffective|p2a: Slowbro
|-damage|p2a: Slowbro|0 fnt
|faint|p2a: Slowbro
|
|upkeep
|
|t:|1646095423
|switch|p2a: Tapu Koko|Tapu Koko|100/100
|-fieldstart|move: Electric Terrain|[from] ability: Electric Surge|[of] p2a: Tapu Koko
|turn|8
|
|t:|1646095428
|switch|p1a: Steelix|Steelix, F|100/100
|move|p2a: Tapu Koko|Nature's Madness|p1a: Steelix
|-damage|p1a: Steelix|50/100
|
|upkeep
|turn|9
|j| Kaito Satoshi
|
|t:|1646095435
|move|p2a: Tapu Koko|Taunt|p1a: Steelix
|-start|p1a: Steelix|move: Taunt
|move|p1a: Steelix|Body Press|p2a: Tapu Koko
|-resisted|p2a: Tapu Koko
|-damage|p2a: Tapu Koko|79/100
|
|upkeep
|turn|10
|l| Kaito Satoshi
|
|t:|1646095442
|switch|p2a: Mamoswine|Mamoswine, F|100/100
|move|p1a: Steelix|Body Press|p2a: Mamoswine
|-supereffective|p2a: Mamoswine
|-damage|p2a: Mamoswine|16/100
|
|upkeep
|turn|11
|
|t:|1646095449
|switch|p1a: Golisopod|Golisopod, F|100/100
|move|p2a: Mamoswine|Knock Off|p1a: Golisopod
|-damage|p1a: Golisopod|63/100
|-damage|p2a: Mamoswine|0 fnt|[from] item: Rocky Helmet|[of] p1a: Golisopod
|faint|p2a: Mamoswine
|
|upkeep
|
|t:|1646095458
|switch|p2a: Tapu Koko|Tapu Koko|79/100
|turn|12
|
|t:|1646095465
|switch|p2a: Blacephalon|Blacephalon|100/100
|move|p1a: Golisopod|First Impression|p2a: Blacephalon
|-resisted|p2a: Blacephalon
|-damage|p2a: Blacephalon|73/100
|
|-fieldend|move: Electric Terrain
|upkeep
|turn|13
|
|t:|1646095473
|move|p1a: Golisopod|Aqua Jet|p2a: Blacephalon
|-supereffective|p2a: Blacephalon
|-damage|p2a: Blacephalon|0 fnt
|faint|p2a: Blacephalon
|
|upkeep
|-message|LECH24 forfeited.
|
|win|hegemoth
|raw|hegemoth's rating: 1656 &rarr; <strong>1681</strong><br />(+25 for winning)
|raw|LECH24's rating: 1740 &rarr; <strong>1715</strong><br />(-25 for losing)
|l|☆LECH24
|l|☆hegemoth
