|html|<div class="broadcast-blue"><strong>[Gen 8] OU is currently suspecting Melmetal! For information on how to participate check out the <a href="https://www.smogon.com/forums/threads/np-ss-ou-suspect-process-round-12-monster-mash.3709234/">suspect thread</a>.</strong></div>
|j|☆samohi0
|j|‽minimax_ai
|t:|1665705969
|gametype|singles
|player|p1|samohi0|101|1689
|player|p2|minimax_ai|101|1685
|teamsize|p1|6
|teamsize|p2|6
|gen|8
|tier|[Gen 8] OU
|rated|
|rule|Sleep Clause Mod: Limit one foe put to sleep
|rule|Species Clause: Limit one of each Pokémon
|rule|OHKO Clause: OHKO moves are banned
|rule|Evasion Items Clause: Evasion items are banned
|rule|Evasion Moves Clause: Evasion moves are banned
|rule|Endless Battle Clause: Forcing endless battles is banned
|rule|HP Percentage Mod: HP is shown in percentages
|rule|Dynamax Clause: You cannot dynamax
|clearpoke
|poke|p1|Heatran, F|
|poke|p1|Dragapult, M|
|poke|p1|Toxapex, F|
|poke|p1|Hydreigon, M|
|poke|p1|Landorus-Therian, M|
|poke|p1|Rillaboom, F|
|poke|p2|Rotom-Wash|
|poke|p2|Weavile, M|
|poke|p2|Landorus-Therian, M|
|poke|p2|Heatran, M|
|poke|p2|Tangrowth, F|
|poke|p2|Melmetal|
|teampreview
|
|t:|1665705973
|start
|switch|p1a: Dragapult|Dragapult, M, shiny|100/100
|switch|p2a: Landorus|Landorus-Therian, M|100/100
|-ability|p2a: Landorus|Intimidate|boost
|-unboost|p1a: Dragapult|atk|1
|turn|1
|inactive|Battle timer is ON: inactive players will automatically lose when time's up. (requested by minimax_ai)
|
|t:|1665705981
|move|p1a: Dragapult|U-turn|p2a: Landorus
|-resisted|p2a: Landorus
|-damage|p2a: Landorus|95/100
|
|t:|1665705982
|switch|p1a: Landorus|Landorus-Therian, M, shiny|100/100|[from]move: U-turn
|-ability|p1a: Landorus|Intimidate|boost
|-unboost|p2a: Landorus|atk|1
|move|p2a: Landorus|Toxic|p1a: Landorus|[miss]
|-miss|p2a: Landorus|p1a: Landorus
|
|-heal|p2a: Landorus|100/100|[from] item: Leftovers
|upkeep
|turn|2
|
|t:|1665705985
|move|p2a: Landorus|Toxic|p1a: Landorus
|-status|p1a: Landorus|tox
|move|p1a: Landorus|Toxic|p2a: Landorus
|-status|p2a: Landorus|tox
|
|-damage|p2a: Landorus|94/100 tox|[from] psn
|-damage|p1a: Landorus|94/100 tox|[from] psn
|upkeep
|turn|3
|
|t:|1665705988
|switch|p2a: Heatran|Heatran, M|100/100
|-item|p2a: Heatran|Air Balloon
|move|p1a: Landorus|U-turn|p2a: Heatran
|-resisted|p2a: Heatran
|-damage|p2a: Heatran|95/100
|-enditem|p2a: Heatran|Air Balloon
|
|t:|1665705992
|switch|p1a: Hydreigon|Hydreigon, M|100/100|[from]move: U-turn
|
|upkeep
|turn|4
|
|t:|1665705998
|switch|p2a: Melmetal|Melmetal|100/100
|move|p1a: Hydreigon|Earth Power|p2a: Melmetal
|-supereffective|p2a: Melmetal
|-damage|p2a: Melmetal|54/100
|-damage|p1a: Hydreigon|91/100|[from] item: Life Orb
|
|upkeep
|turn|5
|
|t:|1665706002
|switch|p1a: Toxapex|Toxapex, F|100/100
|move|p2a: Melmetal|Double Iron Bash|p1a: Toxapex
|-resisted|p1a: Toxapex
|-damage|p1a: Toxapex|88/100
|-damage|p2a: Melmetal|37/100|[from] item: Rocky Helmet|[of] p1a: Toxapex
|-resisted|p1a: Toxapex
|-damage|p1a: Toxapex|76/100
|-damage|p2a: Melmetal|21/100|[from] item: Rocky Helmet|[of] p1a: Toxapex
|-hitcount|p1a: Toxapex|2
|
|upkeep
|turn|6
|
|t:|1665706005
|switch|p1a: Hydreigon|Hydreigon, M|91/100
|move|p2a: Melmetal|Thunder Punch|p1a: Hydreigon
|-resisted|p1a: Hydreigon
|-damage|p1a: Hydreigon|73/100
|-status|p1a: Hydreigon|par
|
|upkeep
|turn|7
|
|t:|1665706009
|move|p1a: Hydreigon|Dark Pulse|p2a: Melmetal
|-damage|p2a: Melmetal|0 fnt
|faint|p2a: Melmetal
|-damage|p1a: Hydreigon|63/100 par|[from] item: Life Orb
|
|upkeep
|
|t:|1665706009
|switch|p2a: Weavile|Weavile, M|100/100
|-ability|p2a: Weavile|Pressure
|turn|8
|
|t:|1665706011
|switch|p1a: Toxapex|Toxapex, F|100/100
|move|p2a: Weavile|Knock Off|p1a: Toxapex
|-damage|p1a: Toxapex|59/100
|-damage|p2a: Weavile|84/100|[from] item: Rocky Helmet|[of] p1a: Toxapex
|-enditem|p1a: Toxapex|Rocky Helmet|[from] move: Knock Off|[of] p2a: Weavile
|
|upkeep
|turn|9
|
|t:|1665706013
|switch|p2a: Heatran|Heatran, M|95/100
|move|p1a: Toxapex|Recover|p1a: Toxapex
|-heal|p1a: Toxapex|100/100
|
|upkeep
|turn|10
|
|t:|1665706015
|switch|p1a: Landorus|Landorus-Therian, M, shiny|94/100 tox
|-ability|p1a: Landorus|Intimidate|boost
|-unboost|p2a: Heatran|atk|1
|move|p2a: Heatran|Stealth Rock|p1a: Landorus
|-sidestart|p1: samohi0|move: Stealth Rock
|
|-heal|p1a: Landorus|100/100 tox|[from] item: Leftovers
|-damage|p1a: Landorus|94/100 tox|[from] psn
|upkeep
|turn|11
|
|t:|1665706017
|switch|p2a: Tangrowth|Tangrowth, F|100/100
|move|p1a: Landorus|Defog|p2a: Tangrowth
|-unboost|p2a: Tangrowth|evasion|1
|-sideend|p1: samohi0|Stealth Rock|[from] move: Defog|[of] p1a: Landorus
|
|-heal|p1a: Landorus|100/100 tox|[from] item: Leftovers
|-damage|p1a: Landorus|88/100 tox|[from] psn
|upkeep
|turn|12
|
|t:|1665706019
|move|p1a: Landorus|Toxic|p2a: Tangrowth
|-status|p2a: Tangrowth|tox
|move|p2a: Tangrowth|Knock Off|p1a: Landorus
|-damage|p1a: Landorus|67/100 tox
|-enditem|p1a: Landorus|Leftovers|[from] move: Knock Off|[of] p2a: Tangrowth
|
|-damage|p1a: Landorus|49/100 tox|[from] psn
|-damage|p2a: Tangrowth|94/100 tox|[from] psn
|upkeep
|turn|13
|
|t:|1665706022
|switch|p1a: Hydreigon|Hydreigon, M|63/100 par
|move|p2a: Tangrowth|Knock Off|p1a: Hydreigon
|-resisted|p1a: Hydreigon
|-damage|p1a: Hydreigon|51/100 par
|-enditem|p1a: Hydreigon|Life Orb|[from] move: Knock Off|[of] p2a: Tangrowth
|
|-damage|p2a: Tangrowth|82/100 tox|[from] psn
|upkeep
|turn|14
|
|t:|1665706023
|switch|p2a: Weavile|Weavile, M|84/100
|-ability|p2a: Weavile|Pressure
|move|p1a: Hydreigon|Dark Pulse|p2a: Weavile
|-resisted|p2a: Weavile
|-damage|p2a: Weavile|52/100
|
|upkeep
|turn|15
|
|t:|1665706027
|switch|p1a: Toxapex|Toxapex, F|100/100
|move|p2a: Weavile|Knock Off|p1a: Toxapex
|-damage|p1a: Toxapex|74/100
|
|upkeep
|turn|16
|
|t:|1665706029
|switch|p2a: Heatran|Heatran, M|95/100
|move|p1a: Toxapex|Knock Off|p2a: Heatran
|-damage|p2a: Heatran|83/100
|
|upkeep
|turn|17
|
|t:|1665706031
|switch|p1a: Landorus|Landorus-Therian, M, shiny|49/100 tox
|-ability|p1a: Landorus|Intimidate|boost
|-unboost|p2a: Heatran|atk|1
|move|p2a: Heatran|Stealth Rock|p1a: Landorus
|-sidestart|p1: samohi0|move: Stealth Rock
|
|-damage|p1a: Landorus|43/100 tox|[from] psn
|upkeep
|turn|18
|
|t:|1665706035
|move|p2a: Heatran|Eruption|p1a: Landorus
|-damage|p1a: Landorus|0 fnt
|faint|p1a: Landorus
|
|upkeep
|
|t:|1665706037
|switch|p1a: Dragapult|Dragapult, M, shiny|100/100
|-damage|p1a: Dragapult|88/100|[from] Stealth Rock
|turn|19
|
|t:|1665706038
|move|p1a: Dragapult|Shadow Ball|p2a: Heatran
|-damage|p2a: Heatran|25/100
|move|p2a: Heatran|Magma Storm|p1a: Dragapult|[miss]
|-miss|p2a: Heatran|p1a: Dragapult
|
|upkeep
|turn|20
|
|t:|1665706042
|switch|p2a: Weavile|Weavile, M|52/100
|-ability|p2a: Weavile|Pressure
|move|p1a: Dragapult|Shadow Ball|p2a: Weavile
|-resisted|p2a: Weavile
|-damage|p2a: Weavile|13/100
|
|upkeep
|turn|21
|
|t:|1665706044
|switch|p1a: Toxapex|Toxapex, F|100/100
|-damage|p1a: Toxapex|88/100|[from] Stealth Rock
|move|p2a: Weavile|Ice Shard|p1a: Toxapex
|-resisted|p1a: Toxapex
|-damage|p1a: Toxapex|79/100
|
|upkeep
|turn|22
|
|t:|1665706047
|switch|p2a: Landorus|Landorus-Therian, M|94/100 tox
|-ability|p2a: Landorus|Intimidate|boost
|-unboost|p1a: Toxapex|atk|1
|move|p1a: Toxapex|Poison Jab|p2a: Landorus
|-resisted|p2a: Landorus
|-damage|p2a: Landorus|88/100 tox
|
|-heal|p2a: Landorus|94/100 tox|[from] item: Leftovers
|-damage|p2a: Landorus|88/100 tox|[from] psn
|upkeep
|turn|23
|
|t:|1665706050
|switch|p1a: Hydreigon|Hydreigon, M|51/100 par
|-damage|p1a: Hydreigon|39/100 par|[from] Stealth Rock
|move|p2a: Landorus|U-turn|p1a: Hydreigon
|-supereffective|p1a: Hydreigon
|-damage|p1a: Hydreigon|0 fnt
|faint|p1a: Hydreigon
|
|t:|1665706050
|switch|p2a: Rotom|Rotom-Wash|100/100|[from]move: U-turn
|
|upkeep
|
|t:|1665706052
|switch|p1a: Dragapult|Dragapult, M, shiny|88/100
|-damage|p1a: Dragapult|76/100|[from] Stealth Rock
|turn|24
|
|t:|1665706052
|move|p1a: Dragapult|Shadow Ball|p2a: Rotom
|-damage|p2a: Rotom|43/100
|-unboost|p2a: Rotom|spd|1
|move|p2a: Rotom|Pain Split|p1a: Dragapult
|-sethp|p1a: Dragapult|59/100|[from] move: Pain Split|[silent]
|-sethp|p2a: Rotom|61/100|[from] move: Pain Split
|
|-heal|p2a: Rotom|67/100|[from] item: Leftovers
|upkeep
|turn|25
|
|t:|1665706057
|switch|p2a: Landorus|Landorus-Therian, M|88/100 tox
|-ability|p2a: Landorus|Intimidate|boost
|-unboost|p1a: Dragapult|atk|1
|move|p1a: Dragapult|Shadow Ball|p2a: Landorus
|-damage|p2a: Landorus|49/100 tox
|-unboost|p2a: Landorus|spd|1
|
|-heal|p2a: Landorus|55/100 tox|[from] item: Leftovers
|-damage|p2a: Landorus|49/100 tox|[from] psn
|upkeep
|turn|26
|
|t:|1665706060
|switch|p2a: Weavile|Weavile, M|13/100
|-ability|p2a: Weavile|Pressure
|move|p1a: Dragapult|Shadow Ball|p2a: Weavile
|-resisted|p2a: Weavile
|-damage|p2a: Weavile|0 fnt
|faint|p2a: Weavile
|
|upkeep
|
|t:|1665706060
|switch|p2a: Rotom|Rotom-Wash|67/100
|turn|27
|
|t:|1665706062
|move|p1a: Dragapult|Shadow Ball|p2a: Rotom
|-damage|p2a: Rotom|9/100
|move|p2a: Rotom|Pain Split|p1a: Dragapult
|-sethp|p1a: Dragapult|33/100|[from] move: Pain Split|[silent]
|-sethp|p2a: Rotom|35/100|[from] move: Pain Split
|
|-heal|p2a: Rotom|41/100|[from] item: Leftovers
|upkeep
|turn|28
|
|t:|1665706066
|switch|p2a: Tangrowth|Tangrowth, F|100/100 tox
|move|p1a: Dragapult|Shadow Ball|p2a: Tangrowth
|-damage|p2a: Tangrowth|22/100 tox
|-unboost|p2a: Tangrowth|spd|1
|
|-damage|p2a: Tangrowth|15/100 tox|[from] psn
|upkeep
|turn|29
|
|t:|1665706068
|move|p1a: Dragapult|Shadow Ball|p2a: Tangrowth
|-damage|p2a: Tangrowth|0 fnt
|faint|p2a: Tangrowth
|
|upkeep
|
|t:|1665706068
|switch|p2a: Landorus|Landorus-Therian, M|49/100 tox
|-ability|p2a: Landorus|Intimidate|boost
|-unboost|p1a: Dragapult|atk|1
|turn|30
|
|t:|1665706071
|move|p1a: Dragapult|Shadow Ball|p2a: Landorus
|-damage|p2a: Landorus|6/100 tox
|move|p2a: Landorus|Toxic|p1a: Dragapult
|-status|p1a: Dragapult|tox
|
|-heal|p2a: Landorus|12/100 tox|[from] item: Leftovers
|-damage|p1a: Dragapult|27/100 tox|[from] psn
|-damage|p2a: Landorus|6/100 tox|[from] psn
|upkeep
|turn|31
|
|t:|1665706072
|move|p1a: Dragapult|Shadow Ball|p2a: Landorus
|-damage|p2a: Landorus|0 fnt
|faint|p2a: Landorus
|
|-damage|p1a: Dragapult|15/100 tox|[from] psn
|upkeep
|
|t:|1665706072
|switch|p2a: Heatran|Heatran, M|25/100
|turn|32
|
|t:|1665706073
|move|p1a: Dragapult|Shadow Ball|p2a: Heatran
|-damage|p2a: Heatran|0 fnt
|faint|p2a: Heatran
|
|-damage|p1a: Dragapult|0 fnt|[from] psn
|faint|p1a: Dragapult
|upkeep
|
|t:|1665706076
|switch|p1a: Rillaboom|Rillaboom, F, shiny|100/100
|switch|p2a: Rotom|Rotom-Wash|41/100
|-damage|p1a: Rillaboom|88/100|[from] Stealth Rock
|-fieldstart|move: Grassy Terrain|[from] ability: Grassy Surge|[of] p1a: Rillaboom
|turn|33
|
|t:|1665706076
|move|p1a: Rillaboom|Grassy Glide|p2a: Rotom
|-supereffective|p2a: Rotom
|-damage|p2a: Rotom|0 fnt
|faint|p2a: Rotom
|-damage|p1a: Rillaboom|78/100|[from] item: Life Orb
|
|win|samohi0
|raw|samohi0's rating: 1689 &rarr; <strong>1709</strong><br />(+20 for winning)
|raw|minimax_ai's rating: 1685 &rarr; <strong>1665</strong><br />(-20 for losing)
|l|‽minimax_ai
||Ladder isn't responding, score probably updated but might not have (Request timeout).
