|j|☆damorush
|j|☆chinmaydagod
|t:|1641493575
|gametype|singles
|player|p1|damorush|1|1480
|player|p2|chinmaydagod|170|1578
|teamsize|p1|6
|teamsize|p2|6
|gen|8
|tier|[Gen 8] OU
|rated|
|rule|Sleep Clause Mod: Limit one foe put to sleep
|rule|Species Clause: Limit one of each Pokémon
|rule|OHKO Clause: OHKO moves are banned
|rule|Evasion Moves Clause: Evasion moves are banned
|rule|Endless Battle Clause: Forcing endless battles is banned
|rule|HP Percentage Mod: HP is shown in percentages
|rule|Dynamax Clause: You cannot dynamax
|clearpoke
|poke|p1|Mew|
|poke|p1|Landorus-Therian, M|
|poke|p1|Dragapult, M|
|poke|p1|Bisharp, F|
|poke|p1|Zapdos-Galar|
|poke|p1|Urshifu-*, M|
|poke|p2|Hydreigon, F|
|poke|p2|Melmetal|
|poke|p2|Blacephalon|
|poke|p2|Landorus-Therian, M|
|poke|p2|Tapu Fini|
|poke|p2|Scizor, F|
|teampreview
|
|t:|1641493586
|start
|switch|p1a: Mew|Mew|100/100
|switch|p2a: Chimera|Hydreigon, F|100/100
|turn|1
|
|t:|1641493593
|move|p1a: Mew|Stealth Rock|p2a: Chimera
|-sidestart|p2: chinmaydagod|move: Stealth Rock
|move|p2a: Chimera|Taunt|p1a: Mew
|-start|p1a: Mew|move: Taunt
|
|upkeep
|turn|2
|
|t:|1641493599
|move|p1a: Mew|Ice Beam|p2a: Chimera
|-supereffective|p2a: Chimera
|-damage|p2a: Chimera|42/100
|move|p2a: Chimera|Fire Spin|p1a: Mew
|-damage|p1a: Mew|91/100
|-activate|p1a: Mew|move: Fire Spin|[of] p2a: Chimera
|
|-heal|p2a: Chimera|48/100|[from] item: Leftovers
|-damage|p1a: Mew|79/100|[from] move: Fire Spin|[partiallytrapped]
|upkeep
|turn|3
|
|t:|1641493610
|move|p1a: Mew|Ice Beam|p2a: Chimera
|-supereffective|p2a: Chimera
|-damage|p2a: Chimera|0 fnt
|faint|p2a: Chimera
|
|-end|p1a: Mew|Fire Spin|[partiallytrapped]|[silent]
|upkeep
|
|t:|1641493612
|switch|p2a: Ursula|Tapu Fini|100/100
|-damage|p2a: Ursula|88/100|[from] Stealth Rock
|-fieldstart|move: Misty Terrain|[from] ability: Misty Surge|[of] p2a: Ursula
|turn|4
|
|t:|1641493621
|move|p1a: Mew|Ice Beam|p2a: Ursula
|-resisted|p2a: Ursula
|-damage|p2a: Ursula|77/100
|move|p2a: Ursula|Calm Mind|p2a: Ursula
|-boost|p2a: Ursula|spa|1
|-boost|p2a: Ursula|spd|1
|
|-heal|p2a: Ursula|83/100|[from] item: Leftovers
|-end|p1a: Mew|move: Taunt
|upkeep
|turn|5
|
|t:|1641493631
|move|p1a: Mew|Taunt|p2a: Ursula
|-start|p2a: Ursula|move: Taunt
|move|p2a: Ursula|Draining Kiss|p1a: Mew
|-damage|p1a: Mew|55/100
|-heal|p2a: Ursula|100/100|[from] drain|[of] p1a: Mew
|
|upkeep
|turn|6
|
|t:|1641493642
|move|p1a: Mew|Spikes|p2a: Ursula
|-sidestart|p2: chinmaydagod|Spikes
|move|p2a: Ursula|Draining Kiss|p1a: Mew
|-damage|p1a: Mew|29/100
|
|upkeep
|turn|7
|
|t:|1641493648
|move|p1a: Mew|Spikes|p2a: Ursula
|-sidestart|p2: chinmaydagod|Spikes
|move|p2a: Ursula|Scald|p1a: Mew
|-damage|p1a: Mew|0 fnt
|faint|p1a: Mew
|
|-end|p2a: Ursula|move: Taunt
|upkeep
|
|t:|1641493661
|switch|p1a: Bisharp|Bisharp, F|100/100
|turn|8
|
|t:|1641493670
|move|p2a: Ursula|Draining Kiss|p1a: Bisharp
|-damage|p1a: Bisharp|62/100
|move|p1a: Bisharp|Swords Dance|p1a: Bisharp
|-boost|p1a: Bisharp|atk|2
|
|-fieldend|Misty Terrain
|upkeep
|turn|9
|
|t:|1641493678
|move|p2a: Ursula|Scald|p1a: Bisharp
|-damage|p1a: Bisharp|0 fnt
|faint|p1a: Bisharp
|
|upkeep
|
|t:|1641493684
|switch|p1a: Zapdos|Zapdos-Galar|100/100
|turn|10
|
|t:|1641493688
|move|p1a: Zapdos|Brave Bird|p2a: Ursula
|-damage|p2a: Ursula|56/100
|-damage|p1a: Zapdos|85/100|[from] Recoil
|move|p2a: Ursula|Draining Kiss|p1a: Zapdos
|-supereffective|p1a: Zapdos
|-damage|p1a: Zapdos|25/100
|-heal|p2a: Ursula|98/100|[from] drain|[of] p1a: Zapdos
|
|-heal|p2a: Ursula|100/100|[from] item: Leftovers
|upkeep
|turn|11
|
|t:|1641493701
|move|p1a: Zapdos|Brave Bird|p2a: Ursula
|-damage|p2a: Ursula|50/100
|-damage|p1a: Zapdos|7/100|[from] Recoil
|move|p2a: Ursula|Draining Kiss|p1a: Zapdos
|-supereffective|p1a: Zapdos
|-damage|p1a: Zapdos|0 fnt
|-heal|p2a: Ursula|54/100|[from] drain|[of] p1a: Zapdos
|faint|p1a: Zapdos
|
|-heal|p2a: Ursula|60/100|[from] item: Leftovers
|upkeep
|
|t:|1641493714
|switch|p1a: Landorus|Landorus-Therian, M|100/100
|-ability|p1a: Landorus|Intimidate|boost
|-unboost|p2a: Ursula|atk|1
|turn|12
|
|t:|1641493719
|move|p1a: Landorus|Earthquake|p2a: Ursula
|-damage|p2a: Ursula|18/100
|move|p2a: Ursula|Scald|p1a: Landorus
|-supereffective|p1a: Landorus
|-damage|p1a: Landorus|0 fnt
|faint|p1a: Landorus
|
|-heal|p2a: Ursula|24/100|[from] item: Leftovers
|upkeep
|
|t:|1641493729
|switch|p1a: Urshifu|Urshifu-Rapid-Strike, M|100/100
|turn|13
|
|t:|1641493734
|move|p1a: Urshifu|Surging Strikes|p2a: Ursula
|-resisted|p2a: Ursula
|-crit|p2a: Ursula
|-damage|p2a: Ursula|14/100
|-resisted|p2a: Ursula
|-crit|p2a: Ursula
|-damage|p2a: Ursula|3/100
|-resisted|p2a: Ursula
|-crit|p2a: Ursula
|-damage|p2a: Ursula|0 fnt
|faint|p2a: Ursula
|-hitcount|p2: Ursula|3
|
|upkeep
|
|t:|1641493739
|switch|p2a: Baymax|Melmetal|100/100
|-damage|p2a: Baymax|94/100|[from] Stealth Rock
|-damage|p2a: Baymax|78/100|[from] Spikes
|turn|14
|
|t:|1641493748
|move|p1a: Urshifu|Surging Strikes|p2a: Baymax
|-crit|p2a: Baymax
|-damage|p2a: Baymax|59/100
|-crit|p2a: Baymax
|-damage|p2a: Baymax|39/100
|-crit|p2a: Baymax
|-damage|p2a: Baymax|20/100
|-hitcount|p2a: Baymax|3
|move|p2a: Baymax|Double Iron Bash|p1a: Urshifu
|-resisted|p1a: Urshifu
|-damage|p1a: Urshifu|70/100
|-resisted|p1a: Urshifu
|-damage|p1a: Urshifu|37/100
|-hitcount|p1a: Urshifu|2
|
|upkeep
|turn|15
|
|t:|1641493760
|move|p1a: Urshifu|Surging Strikes|p2a: Baymax
|-crit|p2a: Baymax
|-damage|p2a: Baymax|4/100
|-crit|p2a: Baymax
|-damage|p2a: Baymax|0 fnt
|faint|p2a: Baymax
|-hitcount|p2: Baymax|2
|
|upkeep
|
|t:|1641493762
|switch|p2a: Clown|Blacephalon|100/100
|-damage|p2a: Clown|84/100|[from] Spikes
|-damage|p2a: Clown|59/100|[from] Stealth Rock
|turn|16
|
|t:|1641493772
|move|p2a: Clown|Shadow Ball|p1a: Urshifu
|-damage|p1a: Urshifu|0 fnt
|faint|p1a: Urshifu
|-ability|p2a: Clown|Beast Boost|boost
|-boost|p2a: Clown|spa|1
|
|upkeep
|
|t:|1641493779
|switch|p1a: Dragapult|Dragapult, M|100/100
|turn|17
|
|t:|1641493784
|move|p2a: Clown|Shadow Ball|p1a: Dragapult
|-supereffective|p1a: Dragapult
|-damage|p1a: Dragapult|0 fnt
|faint|p1a: Dragapult
|
|win|chinmaydagod
|raw|damorush's rating: 1480 &rarr; <strong>1465</strong><br />(-15 for losing)
|raw|chinmaydagod's rating: 1578 &rarr; <strong>1593</strong><br />(+15 for winning)
