|html|<div class="broadcast-blue"><strong>[Gen 8] OU is currently suspecting Urshifu-S! For information on how to participate check out the <a href="https://www.smogon.com/forums/threads/np-ss-ou-suspect-process-round-8-aint-no-rest-for-the-wicked.3675310/">suspect thread</a>.</strong></div>
|j|☆IM AT MY LIMIT
|j|☆BillyTheFlash
|t:|1610167548
|player|p1|IM AT MY LIMIT|hilda|
|player|p2|BillyTheFlash|hiker-gen4|
|teamsize|p1|6
|teamsize|p2|6
|gametype|singles
|gen|8
|tier|[Gen 8] OU
|clearpoke
|poke|p1|Pelipper, M|
|poke|p1|Ferrothorn, M|
|poke|p1|Seismitoad, M|
|poke|p1|Zapdos|
|poke|p1|Barraskewda, F|
|poke|p1|Clefable, M|
|poke|p2|Skarmory, M|
|poke|p2|Tangrowth, F|
|poke|p2|Hippowdon, F|
|poke|p2|Blissey, F|
|poke|p2|Corviknight, M|
|poke|p2|Toxapex, F|
|rule|Sleep Clause Mod: Limit one foe put to sleep
|rule|Species Clause: Limit one of each Pokémon
|rule|OHKO Clause: OHKO moves are banned
|rule|Evasion Moves Clause: Evasion moves are banned
|rule|Endless Battle Clause: Forcing endless battles is banned
|rule|HP Percentage Mod: HP is shown in percentages
|rule|Dynamax Clause: You cannot dynamax
|teampreview
|inactive|Battle timer is ON: inactive players will automatically lose when time's up. (requested by IM AT MY LIMIT)
|
|t:|1610167568
|start
|switch|p1a: 😬😬😬|Pelipper, M, shiny|100/100
|switch|p2a: British yuck|Toxapex, F|100/100
|-weather|RainDance|[from] ability: Drizzle|[of] p1a: 😬😬😬
|turn|1
|
|t:|1610167579
|move|p1a: 😬😬😬|U-turn|p2a: British yuck
|-resisted|p2a: British yuck
|-damage|p2a: British yuck|98/100
|-damage|p1a: 😬😬😬|84/100|[from] item: Rocky Helmet|[of] p2a: British yuck
|
|t:|1610167583
|switch|p1a: 🤰🤰🤰|Zapdos, shiny|100/100|[from]move: U-turn
|move|p2a: British yuck|Toxic Spikes|p1a: 🤰🤰🤰
|-sidestart|p1: IM AT MY LIMIT|move: Toxic Spikes
|
|-weather|RainDance|[upkeep]
|upkeep
|turn|2
|
|t:|1610167592
|switch|p2a: Tekeshi|Hippowdon, F|100/100
|-weather|Sandstorm|[from] ability: Sand Stream|[of] p2a: Tekeshi
|move|p1a: 🤰🤰🤰|Hurricane|p2a: Tekeshi
|-damage|p2a: Tekeshi|60/100
|-start|p2a: Tekeshi|confusion
|
|-weather|Sandstorm|[upkeep]
|-damage|p1a: 🤰🤰🤰|94/100|[from] Sandstorm
|-heal|p2a: Tekeshi|66/100|[from] item: Leftovers
|upkeep
|turn|3
|
|t:|1610167601
|switch|p1a: 💫💫💫|Clefable, M, shiny|100/100
|-status|p1a: 💫💫💫|psn
|-activate|p2a: Tekeshi|confusion
|move|p2a: Tekeshi|Toxic||[still]
|-fail|p2a: Tekeshi
|
|-weather|Sandstorm|[upkeep]
|-heal|p2a: Tekeshi|72/100|[from] item: Leftovers
|upkeep
|turn|4
|
|t:|1610167606
|move|p1a: 💫💫💫|Stealth Rock|p2a: Tekeshi
|-sidestart|p2: BillyTheFlash|move: Stealth Rock
|-activate|p2a: Tekeshi|confusion
|move|p2a: Tekeshi|Slack Off|p2a: Tekeshi
|-heal|p2a: Tekeshi|100/100
|
|-weather|Sandstorm|[upkeep]
|upkeep
|turn|5
|
|t:|1610167613
|move|p1a: 💫💫💫|Wish|p1a: 💫💫💫
|-end|p2a: Tekeshi|confusion
|move|p2a: Tekeshi|Stealth Rock|p1a: 💫💫💫
|-sidestart|p1: IM AT MY LIMIT|move: Stealth Rock
|
|-weather|Sandstorm|[upkeep]
|upkeep
|turn|6
|
|t:|1610167625
|switch|p1a: 🤗🤗🤗|Ferrothorn, M, shiny|100/100
|-damage|p1a: 🤗🤗🤗|94/100|[from] Stealth Rock
|move|p2a: Tekeshi|Toxic|p1a: 🤗🤗🤗
|-immune|p1a: 🤗🤗🤗
|
|-weather|none
|-heal|p1a: 🤗🤗🤗|100/100|[from] move: Wish|[wisher] 💫💫💫
|upkeep
|turn|7
|
|t:|1610167636
|switch|p2a: British yuck|Toxapex, F|100/100
|-damage|p2a: British yuck|88/100|[from] Stealth Rock
|move|p1a: 🤗🤗🤗|Spikes|p2a: British yuck
|-sidestart|p2: BillyTheFlash|Spikes
|
|upkeep
|turn|8
|
|t:|1610167648
|move|p2a: British yuck|Toxic Spikes|p1a: 🤗🤗🤗
|-sidestart|p1: IM AT MY LIMIT|move: Toxic Spikes
|move|p1a: 🤗🤗🤗|Leech Seed|p2a: British yuck
|-start|p2a: British yuck|move: Leech Seed
|
|-damage|p2a: British yuck|75/100|[from] Leech Seed|[of] p1a: 🤗🤗🤗
|upkeep
|turn|9
|
|t:|1610167656
|switch|p2a: The lovable|Skarmory, M|100/100
|-damage|p2a: The lovable|88/100|[from] Stealth Rock
|move|p1a: 🤗🤗🤗|Spikes|p2a: The lovable
|-sidestart|p2: BillyTheFlash|Spikes
|
|upkeep
|turn|10
|
|t:|1610167663
|switch|p1a: 🤰🤰🤰|Zapdos, shiny|94/100
|move|p2a: The lovable|Whirlwind|p1a: 🤰🤰🤰
|drag|p1a: 💃💃💃|Seismitoad, M, shiny|100/100
|-damage|p1a: 💃💃💃|95/100|[from] Stealth Rock
|-status|p1a: 💃💃💃|tox
|
|-damage|p1a: 💃💃💃|89/100 tox|[from] psn
|upkeep
|turn|11
|
|t:|1610167675
|move|p1a: 💃💃💃|Knock Off|p2a: The lovable
|-damage|p2a: The lovable|72/100
|-damage|p1a: 💃💃💃|72/100 tox|[from] item: Rocky Helmet|[of] p2a: The lovable
|-enditem|p2a: The lovable|Rocky Helmet|[from] move: Knock Off|[of] p1a: 💃💃💃
|-damage|p1a: 💃💃💃|62/100 tox|[from] item: Life Orb
|move|p2a: The lovable|Whirlwind|p1a: 💃💃💃
|drag|p1a: 💫💫💫|Clefable, M, shiny|100/100 psn
|
|upkeep
|turn|12
|
|t:|1610167688
|move|p1a: 💫💫💫|Wish|p1a: 💫💫💫
|move|p2a: The lovable|Whirlwind|p1a: 💫💫💫
|drag|p1a: 🤗🤗🤗|Ferrothorn, M, shiny|100/100
|-damage|p1a: 🤗🤗🤗|94/100|[from] Stealth Rock
|
|-heal|p1a: 🤗🤗🤗|100/100|[from] item: Leftovers
|upkeep
|turn|13
|
|t:|1610167693
|move|p1a: 🤗🤗🤗|Leech Seed|p2a: The lovable
|-start|p2a: The lovable|move: Leech Seed
|move|p2a: The lovable|Whirlwind|p1a: 🤗🤗🤗
|drag|p1a: 💃💃💃|Seismitoad, M, shiny|62/100 tox
|-damage|p1a: 💃💃💃|56/100 tox|[from] Stealth Rock
|
|-heal|p1a: 💃💃💃|100/100 tox|[from] move: Wish|[wisher] 💫💫💫
|-damage|p2a: The lovable|60/100|[from] Leech Seed|[of] p1a: 💃💃💃
|-damage|p1a: 💃💃💃|95/100 tox|[from] psn
|upkeep
|turn|14
|
|t:|1610167705
|move|p1a: 💃💃💃|Knock Off|p2a: The lovable
|-damage|p2a: The lovable|49/100
|-damage|p1a: 💃💃💃|85/100 tox|[from] item: Life Orb
|move|p2a: The lovable|Roost|p2a: The lovable
|-heal|p2a: The lovable|99/100
|-singleturn|p2a: The lovable|move: Roost
|
|-damage|p2a: The lovable|86/100|[from] Leech Seed|[of] p1a: 💃💃💃
|-heal|p1a: 💃💃💃|96/100 tox|[silent]
|-damage|p1a: 💃💃💃|84/100 tox|[from] psn
|upkeep
|turn|15
|
|t:|1610167712
|switch|p1a: 🤰🤰🤰|Zapdos, shiny|94/100
|move|p2a: The lovable|Whirlwind|p1a: 🤰🤰🤰
|drag|p1a: 🤗🤗🤗|Ferrothorn, M, shiny|100/100
|-damage|p1a: 🤗🤗🤗|94/100|[from] Stealth Rock
|
|-heal|p1a: 🤗🤗🤗|100/100|[from] item: Leftovers
|-damage|p2a: The lovable|74/100|[from] Leech Seed|[of] p1a: 🤗🤗🤗
|upkeep
|turn|16
|
|t:|1610167719
|move|p2a: The lovable|Body Press|p1a: 🤗🤗🤗
|-supereffective|p1a: 🤗🤗🤗
|-damage|p1a: 🤗🤗🤗|63/100
|-damage|p2a: The lovable|62/100|[from] ability: Iron Barbs|[of] p1a: 🤗🤗🤗
|move|p1a: 🤗🤗🤗|Spikes|p2a: The lovable
|-sidestart|p2: BillyTheFlash|Spikes
|
|-heal|p1a: 🤗🤗🤗|69/100|[from] item: Leftovers
|-damage|p2a: The lovable|50/100|[from] Leech Seed|[of] p1a: 🤗🤗🤗
|-heal|p1a: 🤗🤗🤗|81/100|[silent]
|upkeep
|turn|17
|
|t:|1610167723
|switch|p1a: 🤰🤰🤰|Zapdos, shiny|94/100
|move|p2a: The lovable|Roost|p2a: The lovable
|-heal|p2a: The lovable|99/100
|-singleturn|p2a: The lovable|move: Roost
|
|-damage|p2a: The lovable|87/100|[from] Leech Seed|[of] p1a: 🤰🤰🤰
|-heal|p1a: 🤰🤰🤰|100/100|[silent]
|upkeep
|turn|18
|
|t:|1610167734
|switch|p2a: Tekeshi|Hippowdon, F|100/100
|-damage|p2a: Tekeshi|94/100|[from] Stealth Rock
|-damage|p2a: Tekeshi|69/100|[from] Spikes
|-weather|Sandstorm|[from] ability: Sand Stream|[of] p2a: Tekeshi
|move|p1a: 🤰🤰🤰|Hurricane|p2a: Tekeshi
|-damage|p2a: Tekeshi|29/100
|
|-weather|Sandstorm|[upkeep]
|-damage|p1a: 🤰🤰🤰|94/100|[from] Sandstorm
|-heal|p2a: Tekeshi|35/100|[from] item: Leftovers
|upkeep
|turn|19
|
|t:|1610167745
|switch|p2a: Fatass|Blissey, F|100/100
|move|p1a: 🤰🤰🤰|Hurricane|p2a: Fatass
|-damage|p2a: Fatass|81/100
|-start|p2a: Fatass|confusion
|
|-weather|Sandstorm|[upkeep]
|-damage|p1a: 🤰🤰🤰|88/100|[from] Sandstorm
|-damage|p2a: Fatass|75/100|[from] Sandstorm
|upkeep
|turn|20
|
|t:|1610167755
|move|p1a: 🤰🤰🤰|Volt Switch|p2a: Fatass
|-damage|p2a: Fatass|61/100
|
|t:|1610167757
|switch|p1a: 💫💫💫|Clefable, M, shiny|100/100 psn|[from]move: Volt Switch
|-activate|p2a: Fatass|confusion
|move|p2a: Fatass|Teleport|p2a: Fatass
|
|t:|1610167761
|switch|p2a: Uhh rilaboom|Corviknight, M|100/100|[from]move: Teleport
|-damage|p2a: Uhh rilaboom|88/100|[from] Stealth Rock
|-ability|p2a: Uhh rilaboom|Pressure
|
|-weather|Sandstorm|[upkeep]
|-heal|p2a: Uhh rilaboom|94/100|[from] item: Leftovers
|upkeep
|turn|21
|
|t:|1610167767
|move|p2a: Uhh rilaboom|Defog|p1a: 💫💫💫
|-unboost|p1a: 💫💫💫|evasion|1
|-sideend|p1: IM AT MY LIMIT|Toxic Spikes|[from] move: Defog|[of] p2a: Uhh rilaboom
|-sideend|p1: IM AT MY LIMIT|Stealth Rock|[from] move: Defog|[of] p2a: Uhh rilaboom
|-sideend|p2: BillyTheFlash|Spikes|[from] move: Defog|[of] p2a: Uhh rilaboom
|-sideend|p2: BillyTheFlash|Stealth Rock|[from] move: Defog|[of] p2a: Uhh rilaboom
|move|p1a: 💫💫💫|Stealth Rock|p2a: Uhh rilaboom
|-sidestart|p2: BillyTheFlash|move: Stealth Rock
|
|-weather|Sandstorm|[upkeep]
|-heal|p2a: Uhh rilaboom|100/100|[from] item: Leftovers
|upkeep
|turn|22
|
|t:|1610167777
|move|p2a: Uhh rilaboom|U-turn|p1a: 💫💫💫
|-resisted|p1a: 💫💫💫
|-damage|p1a: 💫💫💫|94/100 psn
|
|t:|1610167781
|switch|p2a: Tekeshi|Hippowdon, F|35/100|[from]move: U-turn
|-damage|p2a: Tekeshi|29/100|[from] Stealth Rock
|move|p1a: 💫💫💫|Wish|p1a: 💫💫💫
|
|-weather|none
|-heal|p1a: 💫💫💫|99/100 psn|[from] item: Leftovers
|-heal|p2a: Tekeshi|35/100|[from] item: Leftovers
|upkeep
|turn|23
|
|t:|1610167787
|switch|p1a: 😬😬😬|Pelipper, M, shiny|84/100
|-weather|RainDance|[from] ability: Drizzle|[of] p1a: 😬😬😬
|move|p2a: Tekeshi|Slack Off|p2a: Tekeshi
|-heal|p2a: Tekeshi|85/100
|
|-weather|RainDance|[upkeep]
|-heal|p1a: 😬😬😬|100/100|[from] move: Wish|[wisher] 💫💫💫
|-heal|p2a: Tekeshi|91/100|[from] item: Leftovers
|upkeep
|turn|24
|
|t:|1610167806
|move|p1a: 😬😬😬|U-turn|p2a: Tekeshi
|-damage|p2a: Tekeshi|84/100
|
|t:|1610167811
|switch|p1a: 💃💃💃|Seismitoad, M, shiny|84/100 tox|[from]move: U-turn
|move|p2a: Tekeshi|Toxic|p1a: 💃💃💃
|-fail|p1a: 💃💃💃|tox
|
|-weather|RainDance|[upkeep]
|-heal|p2a: Tekeshi|90/100|[from] item: Leftovers
|-damage|p1a: 💃💃💃|78/100 tox|[from] psn
|upkeep
|turn|25
|
|t:|1610167825
|switch|p2a: Fatass|Blissey, F|61/100
|move|p1a: 💃💃💃|Weather Ball|p2a: Fatass
|-damage|p2a: Fatass|30/100
|-damage|p1a: 💃💃💃|68/100 tox|[from] item: Life Orb
|
|-weather|RainDance|[upkeep]
|-damage|p1a: 💃💃💃|56/100 tox|[from] psn
|upkeep
|turn|26
|inactive|IM AT MY LIMIT has 270 seconds left.
|
|t:|1610167861
|switch|p2a: The lovable|Skarmory, M|87/100
|-damage|p2a: The lovable|75/100|[from] Stealth Rock
|move|p1a: 💃💃💃|Weather Ball|p2a: The lovable
|-crit|p2a: The lovable
|-damage|p2a: The lovable|0 fnt
|-damage|p1a: 💃💃💃|46/100 tox|[from] item: Life Orb
|faint|p2a: The lovable
|
|-weather|RainDance|[upkeep]
|-damage|p1a: 💃💃💃|28/100 tox|[from] psn
|upkeep
|inactive|BillyTheFlash has 270 seconds left.
|
|t:|1610167905
|switch|p2a: Tekeshi|Hippowdon, F|90/100
|-damage|p2a: Tekeshi|84/100|[from] Stealth Rock
|-weather|Sandstorm|[from] ability: Sand Stream|[of] p2a: Tekeshi
|turn|27
|
|t:|1610167910
|switch|p1a: 💫💫💫|Clefable, M, shiny|99/100 psn
|switch|p2a: Fatass|Blissey, F|30/100
|
|-weather|Sandstorm|[upkeep]
|-damage|p2a: Fatass|24/100|[from] Sandstorm
|-heal|p1a: 💫💫💫|100/100 psn|[from] item: Leftovers
|upkeep
|turn|28
|
|t:|1610167913
|move|p1a: 💫💫💫|Wish|p1a: 💫💫💫
|move|p2a: Fatass|Soft-Boiled|p2a: Fatass
|-heal|p2a: Fatass|74/100
|
|-weather|Sandstorm|[upkeep]
|-damage|p2a: Fatass|68/100|[from] Sandstorm
|upkeep
|turn|29
|inactive|BillyTheFlash has 270 seconds left.
|
|t:|1610167929
|switch|p1a: 💃💃💃|Seismitoad, M, shiny|28/100 tox
|move|p2a: Fatass|Teleport|p2a: Fatass
|inactive|BillyTheFlash has 270 seconds left.
|
|t:|1610167946
|switch|p2a: Uhh rilaboom|Corviknight, M|100/100|[from]move: Teleport
|-damage|p2a: Uhh rilaboom|88/100|[from] Stealth Rock
|-ability|p2a: Uhh rilaboom|Pressure
|
|-weather|Sandstorm|[upkeep]
|-heal|p1a: 💃💃💃|85/100 tox|[from] move: Wish|[wisher] 💫💫💫
|-heal|p2a: Uhh rilaboom|94/100|[from] item: Leftovers
|-damage|p1a: 💃💃💃|79/100 tox|[from] psn
|upkeep
|turn|30
|
|t:|1610167962
|switch|p1a: 😬😬😬|Pelipper, M, shiny|100/100
|-weather|RainDance|[from] ability: Drizzle|[of] p1a: 😬😬😬
|move|p2a: Uhh rilaboom|U-turn|p1a: 😬😬😬
|-resisted|p1a: 😬😬😬
|-damage|p1a: 😬😬😬|95/100
|
|t:|1610167965
|switch|p2a: Tekeshi|Hippowdon, F|84/100|[from]move: U-turn
|-damage|p2a: Tekeshi|77/100|[from] Stealth Rock
|-weather|Sandstorm|[from] ability: Sand Stream|[of] p2a: Tekeshi
|
|-weather|Sandstorm|[upkeep]
|-damage|p1a: 😬😬😬|89/100|[from] Sandstorm
|-heal|p2a: Tekeshi|84/100|[from] item: Leftovers
|upkeep
|turn|31
|
|t:|1610167974
|move|p1a: 😬😬😬|U-turn|p2a: Tekeshi
|-damage|p2a: Tekeshi|77/100
|
|t:|1610167976
|switch|p1a: 🤗🤗🤗|Ferrothorn, M, shiny|81/100|[from]move: U-turn
|move|p2a: Tekeshi|Toxic|p1a: 🤗🤗🤗
|-immune|p1a: 🤗🤗🤗
|
|-weather|Sandstorm|[upkeep]
|-heal|p2a: Tekeshi|83/100|[from] item: Leftovers
|-heal|p1a: 🤗🤗🤗|87/100|[from] item: Leftovers
|upkeep
|turn|32
|
|t:|1610167983
|move|p2a: Tekeshi|Stealth Rock|p1a: 🤗🤗🤗
|-sidestart|p1: IM AT MY LIMIT|move: Stealth Rock
|move|p1a: 🤗🤗🤗|Spikes|p2a: Tekeshi
|-sidestart|p2: BillyTheFlash|Spikes
|
|-weather|Sandstorm|[upkeep]
|-heal|p2a: Tekeshi|90/100|[from] item: Leftovers
|-heal|p1a: 🤗🤗🤗|93/100|[from] item: Leftovers
|upkeep
|turn|33
|
|t:|1610167986
|move|p2a: Tekeshi|Earthquake|p1a: 🤗🤗🤗
|-damage|p1a: 🤗🤗🤗|69/100
|move|p1a: 🤗🤗🤗|Spikes|p2a: Tekeshi
|-sidestart|p2: BillyTheFlash|Spikes
|
|-weather|Sandstorm|[upkeep]
|-heal|p2a: Tekeshi|96/100|[from] item: Leftovers
|-heal|p1a: 🤗🤗🤗|75/100|[from] item: Leftovers
|upkeep
|turn|34
|
|t:|1610167991
|switch|p2a: Uhh rilaboom|Corviknight, M|94/100
|-damage|p2a: Uhh rilaboom|82/100|[from] Stealth Rock
|-ability|p2a: Uhh rilaboom|Pressure
|move|p1a: 🤗🤗🤗|Knock Off|p2a: Uhh rilaboom
|-damage|p2a: Uhh rilaboom|65/100
|-enditem|p2a: Uhh rilaboom|Leftovers|[from] move: Knock Off|[of] p1a: 🤗🤗🤗
|
|-weather|none
|-heal|p1a: 🤗🤗🤗|82/100|[from] item: Leftovers
|upkeep
|turn|35
|
|t:|1610167995
|move|p2a: Uhh rilaboom|U-turn|p1a: 🤗🤗🤗
|-damage|p1a: 🤗🤗🤗|74/100
|-damage|p2a: Uhh rilaboom|52/100|[from] ability: Iron Barbs|[of] p1a: 🤗🤗🤗
|
|t:|1610168000
|switch|p2a: Hot and spicy|Tangrowth, F, shiny|100/100|[from]move: U-turn
|-damage|p2a: Hot and spicy|84/100|[from] Spikes
|-damage|p2a: Hot and spicy|72/100|[from] Stealth Rock
|move|p1a: 🤗🤗🤗|Leech Seed|p2a: Hot and spicy
|-immune|p2a: Hot and spicy
|
|-heal|p1a: 🤗🤗🤗|80/100|[from] item: Leftovers
|upkeep
|turn|36
|
|t:|1610168006
|switch|p1a: 💫💫💫|Clefable, M, shiny|100/100 psn
|move|p2a: Hot and spicy|Knock Off|p1a: 💫💫💫
|-resisted|p1a: 💫💫💫
|-damage|p1a: 💫💫💫|90/100 psn
|-enditem|p1a: 💫💫💫|Leftovers|[from] move: Knock Off|[of] p2a: Hot and spicy
|
|upkeep
|turn|37
|
|t:|1610168016
|move|p1a: 💫💫💫|Wish|p1a: 💫💫💫
|move|p2a: Hot and spicy|Giga Drain|p1a: 💫💫💫
|-damage|p1a: 💫💫💫|67/100 psn
|-heal|p2a: Hot and spicy|83/100|[from] drain|[of] p1a: 💫💫💫
|
|upkeep
|turn|38
|inactive|BillyTheFlash has 270 seconds left.
|
|t:|1610168046
|move|p1a: 💫💫💫|Moonblast|p2a: Hot and spicy
|-damage|p2a: Hot and spicy|39/100
|-unboost|p2a: Hot and spicy|spa|1
|move|p2a: Hot and spicy|Sleep Powder||[still]
|-fail|p2a: Hot and spicy
|
|-heal|p1a: 💫💫💫|100/100 psn|[from] move: Wish|[wisher] 💫💫💫
|upkeep
|turn|39
|
|t:|1610168057
|switch|p2a: Fatass|Blissey, F|68/100
|move|p1a: 💫💫💫|Moonblast|p2a: Fatass
|-damage|p2a: Fatass|58/100
|
|upkeep
|turn|40
|
|t:|1610168060
|move|p1a: 💫💫💫|Wish|p1a: 💫💫💫
|move|p2a: Fatass|Soft-Boiled|p2a: Fatass
|-heal|p2a: Fatass|100/100
|
|upkeep
|turn|41
|
|t:|1610168069
|switch|p1a: 😬😬😬|Pelipper, M, shiny|89/100
|-damage|p1a: 😬😬😬|64/100|[from] Stealth Rock
|-weather|RainDance|[from] ability: Drizzle|[of] p1a: 😬😬😬
|switch|p2a: British yuck|Toxapex, F|100/100
|-damage|p2a: British yuck|84/100|[from] Spikes
|-damage|p2a: British yuck|72/100|[from] Stealth Rock
|
|-weather|RainDance|[upkeep]
|-heal|p1a: 😬😬😬|100/100|[from] move: Wish|[wisher] 💫💫💫
|upkeep
|turn|42
|
|t:|1610168075
|move|p1a: 😬😬😬|U-turn|p2a: British yuck
|-resisted|p2a: British yuck
|-damage|p2a: British yuck|69/100
|-damage|p1a: 😬😬😬|84/100|[from] item: Rocky Helmet|[of] p2a: British yuck
|
|t:|1610168077
|switch|p1a: 🤰🤰🤰|Zapdos, shiny|88/100|[from]move: U-turn
|move|p2a: British yuck|Scald|p1a: 🤰🤰🤰
|-damage|p1a: 🤰🤰🤰|59/100
|
|-weather|RainDance|[upkeep]
|upkeep
|turn|43
|
|t:|1610168089
|switch|p2a: Tekeshi|Hippowdon, F|96/100
|-damage|p2a: Tekeshi|79/100|[from] Spikes
|-damage|p2a: Tekeshi|73/100|[from] Stealth Rock
|-weather|Sandstorm|[from] ability: Sand Stream|[of] p2a: Tekeshi
|move|p1a: 🤰🤰🤰|Hurricane|p2a: Tekeshi|[miss]
|-miss|p1a: 🤰🤰🤰|p2a: Tekeshi
|
|-weather|Sandstorm|[upkeep]
|-damage|p1a: 🤰🤰🤰|53/100|[from] Sandstorm
|-heal|p2a: Tekeshi|79/100|[from] item: Leftovers
|upkeep
|turn|44
|
|t:|1610168098
|move|p1a: 🤰🤰🤰|Hurricane|p2a: Tekeshi
|-damage|p2a: Tekeshi|41/100
|move|p2a: Tekeshi|Toxic|p1a: 🤰🤰🤰
|-status|p1a: 🤰🤰🤰|tox
|
|-weather|Sandstorm|[upkeep]
|-damage|p1a: 🤰🤰🤰|46/100 tox|[from] Sandstorm
|-heal|p2a: Tekeshi|47/100|[from] item: Leftovers
|-damage|p1a: 🤰🤰🤰|40/100 tox|[from] psn
|upkeep
|turn|45
|
|t:|1610168106
|switch|p1a: 💫💫💫|Clefable, M, shiny|100/100 psn
|move|p2a: Tekeshi|Slack Off|p2a: Tekeshi
|-heal|p2a: Tekeshi|97/100
|
|-weather|Sandstorm|[upkeep]
|-heal|p2a: Tekeshi|100/100|[from] item: Leftovers
|upkeep
|turn|46
|
|t:|1610168112
|switch|p2a: Hot and spicy|Tangrowth, F, shiny|72/100
|-damage|p2a: Hot and spicy|59/100|[from] Stealth Rock
|-damage|p2a: Hot and spicy|43/100|[from] Spikes
|move|p1a: 💫💫💫|Wish|p1a: 💫💫💫
|
|-weather|Sandstorm|[upkeep]
|-damage|p2a: Hot and spicy|37/100|[from] Sandstorm
|upkeep
|turn|47
|
|t:|1610168119
|switch|p1a: 🤰🤰🤰|Zapdos, shiny|40/100 tox
|switch|p2a: Uhh rilaboom|Corviknight, M|52/100
|-damage|p2a: Uhh rilaboom|40/100|[from] Stealth Rock
|-ability|p2a: Uhh rilaboom|Pressure
|
|-weather|none
|-heal|p1a: 🤰🤰🤰|100/100 tox|[from] move: Wish|[wisher] 💫💫💫
|-damage|p1a: 🤰🤰🤰|94/100 tox|[from] psn
|upkeep
|turn|48
|
|t:|1610168125
|switch|p2a: Fatass|Blissey, F|100/100
|move|p1a: 🤰🤰🤰|Hurricane|p2a: Fatass
|-damage|p2a: Fatass|81/100
|
|-damage|p1a: 🤰🤰🤰|82/100 tox|[from] psn
|upkeep
|turn|49
|
|t:|1610168129
|move|p1a: 🤰🤰🤰|Volt Switch|p2a: Fatass
|-damage|p2a: Fatass|68/100
|
|t:|1610168132
|switch|p1a: 💫💫💫|Clefable, M, shiny|100/100 psn|[from]move: Volt Switch
|move|p2a: Fatass|Teleport|p2a: Fatass
|
|t:|1610168139
|switch|p2a: Uhh rilaboom|Corviknight, M|40/100|[from]move: Teleport
|-damage|p2a: Uhh rilaboom|27/100|[from] Stealth Rock
|-ability|p2a: Uhh rilaboom|Pressure
|
|upkeep
|turn|50
|
|t:|1610168144
|switch|p1a: 🤗🤗🤗|Ferrothorn, M, shiny|80/100
|-damage|p1a: 🤗🤗🤗|74/100|[from] Stealth Rock
|move|p2a: Uhh rilaboom|Roost|p2a: Uhh rilaboom
|-heal|p2a: Uhh rilaboom|77/100
|-singleturn|p2a: Uhh rilaboom|move: Roost
|
|-heal|p1a: 🤗🤗🤗|80/100|[from] item: Leftovers
|upkeep
|turn|51
|
|t:|1610168147
|move|p2a: Uhh rilaboom|Defog|p1a: 🤗🤗🤗
|-unboost|p1a: 🤗🤗🤗|evasion|1
|-sideend|p1: IM AT MY LIMIT|Stealth Rock|[from] move: Defog|[of] p2a: Uhh rilaboom
|-sideend|p2: BillyTheFlash|Spikes|[from] move: Defog|[of] p2a: Uhh rilaboom
|-sideend|p2: BillyTheFlash|Stealth Rock|[from] move: Defog|[of] p2a: Uhh rilaboom
|move|p1a: 🤗🤗🤗|Leech Seed|p2a: Uhh rilaboom
|-start|p2a: Uhh rilaboom|move: Leech Seed
|
|-heal|p1a: 🤗🤗🤗|86/100|[from] item: Leftovers
|-damage|p2a: Uhh rilaboom|65/100|[from] Leech Seed|[of] p1a: 🤗🤗🤗
|-heal|p1a: 🤗🤗🤗|99/100|[silent]
|upkeep
|turn|52
|
|t:|1610168153
|move|p2a: Uhh rilaboom|Roost|p2a: Uhh rilaboom
|-heal|p2a: Uhh rilaboom|100/100
|-singleturn|p2a: Uhh rilaboom|move: Roost
|move|p1a: 🤗🤗🤗|Knock Off|p2a: Uhh rilaboom
|-damage|p2a: Uhh rilaboom|88/100
|
|-heal|p1a: 🤗🤗🤗|100/100|[from] item: Leftovers
|-damage|p2a: Uhh rilaboom|76/100|[from] Leech Seed|[of] p1a: 🤗🤗🤗
|upkeep
|turn|53
|
|t:|1610168164
|switch|p2a: British yuck|Toxapex, F|100/100
|move|p1a: 🤗🤗🤗|Knock Off|p2a: British yuck
|-damage|p2a: British yuck|88/100
|-damage|p1a: 🤗🤗🤗|84/100|[from] item: Rocky Helmet|[of] p2a: British yuck
|-enditem|p2a: British yuck|Rocky Helmet|[from] move: Knock Off|[of] p1a: 🤗🤗🤗
|
|-heal|p1a: 🤗🤗🤗|90/100|[from] item: Leftovers
|upkeep
|turn|54
|
|t:|1610168171
|switch|p1a: 💫💫💫|Clefable, M, shiny|100/100 psn
|move|p2a: British yuck|Scald|p1a: 💫💫💫
|-damage|p1a: 💫💫💫|87/100 psn
|
|upkeep
|turn|55
|
|t:|1610168176
|move|p1a: 💫💫💫|Stealth Rock|p2a: British yuck
|-sidestart|p2: BillyTheFlash|move: Stealth Rock
|move|p2a: British yuck|Toxic Spikes|p1a: 💫💫💫
|-sidestart|p1: IM AT MY LIMIT|move: Toxic Spikes
|
|upkeep
|turn|56
|
|t:|1610168184
|switch|p1a: 🤗🤗🤗|Ferrothorn, M, shiny|90/100
|switch|p2a: Fatass|Blissey, F|68/100
|
|-heal|p1a: 🤗🤗🤗|97/100|[from] item: Leftovers
|upkeep
|turn|57
|
|t:|1610168195
|move|p1a: 🤗🤗🤗|Knock Off|p2a: Fatass
|-damage|p2a: Fatass|49/100
|-enditem|p2a: Fatass|Heavy-Duty Boots|[from] move: Knock Off|[of] p1a: 🤗🤗🤗
|move|p2a: Fatass|Teleport|p2a: Fatass
|
|t:|1610168198
|switch|p2a: Tekeshi|Hippowdon, F|100/100|[from]move: Teleport
|-damage|p2a: Tekeshi|94/100|[from] Stealth Rock
|-weather|Sandstorm|[from] ability: Sand Stream|[of] p2a: Tekeshi
|
|-weather|Sandstorm|[upkeep]
|-heal|p2a: Tekeshi|100/100|[from] item: Leftovers
|-heal|p1a: 🤗🤗🤗|100/100|[from] item: Leftovers
|upkeep
|turn|58
|
|t:|1610168215
|switch|p2a: Hot and spicy|Tangrowth, F, shiny|70/100
|-damage|p2a: Hot and spicy|57/100|[from] Stealth Rock
|move|p1a: 🤗🤗🤗|Spikes|p2a: Hot and spicy
|-sidestart|p2: BillyTheFlash|Spikes
|
|-weather|Sandstorm|[upkeep]
|-damage|p2a: Hot and spicy|51/100|[from] Sandstorm
|upkeep
|turn|59
|
|t:|1610168219
|switch|p1a: 💫💫💫|Clefable, M, shiny|87/100 psn
|move|p2a: Hot and spicy|Sleep Powder||[still]
|-fail|p2a: Hot and spicy
|
|-weather|Sandstorm|[upkeep]
|-damage|p2a: Hot and spicy|45/100|[from] Sandstorm
|upkeep
|turn|60
|
|t:|1610168223
|switch|p2a: Fatass|Blissey, F|49/100
|-damage|p2a: Fatass|37/100|[from] Stealth Rock
|-damage|p2a: Fatass|24/100|[from] Spikes
|move|p1a: 💫💫💫|Moonblast|p2a: Fatass
|-damage|p2a: Fatass|13/100
|
|-weather|Sandstorm|[upkeep]
|-damage|p2a: Fatass|6/100|[from] Sandstorm
|upkeep
|turn|61
|
|t:|1610168238
|switch|p2a: Uhh rilaboom|Corviknight, M|76/100
|-damage|p2a: Uhh rilaboom|63/100|[from] Stealth Rock
|-ability|p2a: Uhh rilaboom|Pressure
|move|p1a: 💫💫💫|Moonblast|p2a: Uhh rilaboom
|-resisted|p2a: Uhh rilaboom
|-damage|p2a: Uhh rilaboom|52/100
|
|-weather|none
|upkeep
|turn|62
|
|t:|1610168242
|move|p2a: Uhh rilaboom|Defog|p1a: 💫💫💫
|-unboost|p1a: 💫💫💫|evasion|1
|-sideend|p1: IM AT MY LIMIT|Toxic Spikes|[from] move: Defog|[of] p2a: Uhh rilaboom
|-sideend|p2: BillyTheFlash|Spikes|[from] move: Defog|[of] p2a: Uhh rilaboom
|-sideend|p2: BillyTheFlash|Stealth Rock|[from] move: Defog|[of] p2a: Uhh rilaboom
|move|p1a: 💫💫💫|Wish|p1a: 💫💫💫
|
|upkeep
|turn|63
|
|t:|1610168255
|switch|p1a: 🤰🤰🤰|Zapdos, shiny|82/100 tox
|move|p2a: Uhh rilaboom|Roost|p2a: Uhh rilaboom
|-heal|p2a: Uhh rilaboom|100/100
|-singleturn|p2a: Uhh rilaboom|move: Roost
|
|-heal|p1a: 🤰🤰🤰|100/100 tox|[from] move: Wish|[wisher] 💫💫💫
|-damage|p1a: 🤰🤰🤰|94/100 tox|[from] psn
|upkeep
|turn|64
|
|t:|1610168282
|switch|p2a: Hot and spicy|Tangrowth, F, shiny|78/100
|move|p1a: 🤰🤰🤰|Volt Switch|p2a: Hot and spicy
|-resisted|p2a: Hot and spicy
|-damage|p2a: Hot and spicy|52/100
|
|t:|1610168290
|switch|p1a: 😬😬😬|Pelipper, M, shiny|84/100|[from]move: Volt Switch
|-weather|RainDance|[from] ability: Drizzle|[of] p1a: 😬😬😬
|
|-weather|RainDance|[upkeep]
|upkeep
|turn|65
|
|t:|1610168308
|move|p2a: Hot and spicy|Knock Off|p1a: 😬😬😬
|-damage|p1a: 😬😬😬|68/100
|-enditem|p1a: 😬😬😬|Damp Rock|[from] move: Knock Off|[of] p2a: Hot and spicy
|move|p1a: 😬😬😬|U-turn|p2a: Hot and spicy
|-supereffective|p2a: Hot and spicy
|-damage|p2a: Hot and spicy|43/100
|-damage|p1a: 😬😬😬|52/100|[from] item: Rocky Helmet|[of] p2a: Hot and spicy
|
|t:|1610168316
|switch|p1a: 🤰🤰🤰|Zapdos, shiny|94/100 tox|[from]move: U-turn
|
|-weather|RainDance|[upkeep]
|-damage|p1a: 🤰🤰🤰|88/100 tox|[from] psn
|upkeep
|turn|66
|inactive|BillyTheFlash has 270 seconds left.
|
|t:|1610168337
|move|p1a: 🤰🤰🤰|Volt Switch|p2a: Hot and spicy
|-resisted|p2a: Hot and spicy
|-crit|p2a: Hot and spicy
|-damage|p2a: Hot and spicy|4/100
|
|t:|1610168341
|switch|p1a: 💫💫💫|Clefable, M, shiny|87/100 psn|[from]move: Volt Switch
|move|p2a: Hot and spicy|Focus Blast|p1a: 💫💫💫|[miss]
|-miss|p2a: Hot and spicy|p1a: 💫💫💫
|
|-weather|RainDance|[upkeep]
|upkeep
|turn|67
|
|t:|1610168353
|switch|p2a: Uhh rilaboom|Corviknight, M|100/100
|-ability|p2a: Uhh rilaboom|Pressure
|move|p1a: 💫💫💫|Stealth Rock|p2a: Uhh rilaboom
|-sidestart|p2: BillyTheFlash|move: Stealth Rock
|
|-weather|RainDance|[upkeep]
|upkeep
|turn|68
|
|t:|1610168356
|switch|p1a: 🤰🤰🤰|Zapdos, shiny|88/100 tox
|move|p2a: Uhh rilaboom|Defog|p1a: 🤰🤰🤰
|-unboost|p1a: 🤰🤰🤰|evasion|1
|-sideend|p2: BillyTheFlash|Stealth Rock|[from] move: Defog|[of] p2a: Uhh rilaboom
|
|-weather|RainDance|[upkeep]
|-damage|p1a: 🤰🤰🤰|82/100 tox|[from] psn
|upkeep
|turn|69
|
|t:|1610168368
|switch|p1a: 💫💫💫|Clefable, M, shiny|87/100 psn
|switch|p2a: Tekeshi|Hippowdon, F|100/100
|-weather|Sandstorm|[from] ability: Sand Stream|[of] p2a: Tekeshi
|
|-weather|Sandstorm|[upkeep]
|upkeep
|turn|70
|
|t:|1610168378
|move|p1a: 💫💫💫|Stealth Rock|p2a: Tekeshi
|-sidestart|p2: BillyTheFlash|move: Stealth Rock
|move|p2a: Tekeshi|Stealth Rock|p1a: 💫💫💫
|-sidestart|p1: IM AT MY LIMIT|move: Stealth Rock
|
|-weather|Sandstorm|[upkeep]
|upkeep
|turn|71
|
|t:|1610168393
|switch|p1a: 🤗🤗🤗|Ferrothorn, M, shiny|100/100
|-damage|p1a: 🤗🤗🤗|94/100|[from] Stealth Rock
|switch|p2a: British yuck|Toxapex, F|100/100
|-damage|p2a: British yuck|88/100|[from] Stealth Rock
|
|-weather|Sandstorm|[upkeep]
|-damage|p2a: British yuck|82/100|[from] Sandstorm
|-heal|p1a: 🤗🤗🤗|100/100|[from] item: Leftovers
|upkeep
|turn|72
|
|t:|1610168397
|move|p2a: British yuck|Toxic Spikes|p1a: 🤗🤗🤗
|-sidestart|p1: IM AT MY LIMIT|move: Toxic Spikes
|move|p1a: 🤗🤗🤗|Spikes|p2a: British yuck
|-sidestart|p2: BillyTheFlash|Spikes
|
|-weather|Sandstorm|[upkeep]
|-damage|p2a: British yuck|75/100|[from] Sandstorm
|upkeep
|turn|73
|
|t:|1610168399
|move|p2a: British yuck|Toxic Spikes|p1a: 🤗🤗🤗
|-sidestart|p1: IM AT MY LIMIT|move: Toxic Spikes
|move|p1a: 🤗🤗🤗|Spikes|p2a: British yuck
|-sidestart|p2: BillyTheFlash|Spikes
|
|-weather|none
|upkeep
|turn|74
|
|t:|1610168404
|move|p2a: British yuck|Scald|p1a: 🤗🤗🤗
|-resisted|p1a: 🤗🤗🤗
|-damage|p1a: 🤗🤗🤗|94/100
|move|p1a: 🤗🤗🤗|Spikes|p2a: British yuck
|-sidestart|p2: BillyTheFlash|Spikes
|
|-heal|p1a: 🤗🤗🤗|99/100|[from] item: Leftovers
|upkeep
|turn|75
|
|t:|1610168407
|switch|p1a: 💫💫💫|Clefable, M, shiny|87/100 psn
|move|p2a: British yuck|Scald|p1a: 💫💫💫
|-damage|p1a: 💫💫💫|74/100 psn
|
|upkeep
|turn|76
|
|t:|1610168411
|move|p1a: 💫💫💫|Wish|p1a: 💫💫💫
|move|p2a: British yuck|Scald|p1a: 💫💫💫
|-damage|p1a: 💫💫💫|62/100 psn
|
|upkeep
|turn|77
|
|t:|1610168417
|switch|p1a: 😬😬😬|Pelipper, M, shiny|52/100
|-damage|p1a: 😬😬😬|27/100|[from] Stealth Rock
|-weather|RainDance|[from] ability: Drizzle|[of] p1a: 😬😬😬
|move|p2a: British yuck|Recover|p2a: British yuck
|-heal|p2a: British yuck|100/100
|
|-weather|RainDance|[upkeep]
|-heal|p1a: 😬😬😬|88/100|[from] move: Wish|[wisher] 💫💫💫
|upkeep
|turn|78
|
|t:|1610168442
|move|p1a: 😬😬😬|U-turn|p2a: British yuck
|-resisted|p2a: British yuck
|-damage|p2a: British yuck|98/100
|
|t:|1610168444
|switch|p1a: 💃💃💃|Seismitoad, M, shiny|79/100 tox|[from]move: U-turn
|-damage|p1a: 💃💃💃|73/100 tox|[from] Stealth Rock
|move|p2a: British yuck|Scald|p1a: 💃💃💃
|-damage|p1a: 💃💃💃|39/100 tox
|
|-weather|RainDance|[upkeep]
|-damage|p1a: 💃💃💃|33/100 tox|[from] psn
|upkeep
|turn|79
|
|t:|1610168460
|move|p1a: 💃💃💃|Weather Ball|p2a: British yuck
|-resisted|p2a: British yuck
|-damage|p2a: British yuck|65/100
|-damage|p1a: 💃💃💃|23/100 tox|[from] item: Life Orb
|move|p2a: British yuck|Scald|p1a: 💃💃💃
|-damage|p1a: 💃💃💃|0 fnt
|faint|p1a: 💃💃💃
|
|-weather|RainDance|[upkeep]
|upkeep
|
|t:|1610168463
|switch|p1a: 🤰🤰🤰|Zapdos, shiny|82/100 tox
|turn|80
|
|t:|1610168479
|switch|p2a: Tekeshi|Hippowdon, F|100/100
|-damage|p2a: Tekeshi|75/100|[from] Spikes
|-damage|p2a: Tekeshi|69/100|[from] Stealth Rock
|-weather|Sandstorm|[from] ability: Sand Stream|[of] p2a: Tekeshi
|move|p1a: 🤰🤰🤰|Volt Switch|p2a: Tekeshi
|-immune|p2a: Tekeshi
|
|-weather|Sandstorm|[upkeep]
|-damage|p1a: 🤰🤰🤰|76/100 tox|[from] Sandstorm
|-heal|p2a: Tekeshi|75/100|[from] item: Leftovers
|-damage|p1a: 🤰🤰🤰|69/100 tox|[from] psn
|upkeep
|turn|81
|
|t:|1610168485
|switch|p1a: 💫💫💫|Clefable, M, shiny|62/100 psn
|move|p2a: Tekeshi|Slack Off|p2a: Tekeshi
|-heal|p2a: Tekeshi|100/100
|
|-weather|Sandstorm|[upkeep]
|upkeep
|turn|82
|
|t:|1610168489
|move|p1a: 💫💫💫|Soft-Boiled|p1a: 💫💫💫
|-heal|p1a: 💫💫💫|100/100 psn
|move|p2a: Tekeshi|Earthquake|p1a: 💫💫💫
|-damage|p1a: 💫💫💫|64/100 psn
|
|-weather|Sandstorm|[upkeep]
|upkeep
|turn|83
|
|t:|1610168492
|move|p1a: 💫💫💫|Soft-Boiled|p1a: 💫💫💫
|-heal|p1a: 💫💫💫|100/100 psn
|move|p2a: Tekeshi|Earthquake|p1a: 💫💫💫
|-damage|p1a: 💫💫💫|64/100 psn
|
|-weather|Sandstorm|[upkeep]
|upkeep
|turn|84
|
|t:|1610168498
|move|p1a: 💫💫💫|Soft-Boiled|p1a: 💫💫💫
|-heal|p1a: 💫💫💫|100/100 psn
|move|p2a: Tekeshi|Earthquake|p1a: 💫💫💫
|-damage|p1a: 💫💫💫|65/100 psn
|
|-weather|none
|upkeep
|turn|85
|
|t:|1610168503
|move|p1a: 💫💫💫|Wish|p1a: 💫💫💫
|move|p2a: Tekeshi|Earthquake|p1a: 💫💫💫
|-damage|p1a: 💫💫💫|30/100 psn
|
|upkeep
|turn|86
|
|t:|1610168507
|move|p1a: 💫💫💫|Soft-Boiled|p1a: 💫💫💫
|-heal|p1a: 💫💫💫|80/100 psn
|move|p2a: Tekeshi|Earthquake|p1a: 💫💫💫
|-damage|p1a: 💫💫💫|46/100 psn
|
|-heal|p1a: 💫💫💫|96/100 psn|[from] move: Wish|[wisher] 💫💫💫
|upkeep
|turn|87
|
|t:|1610168517
|switch|p1a: 🤗🤗🤗|Ferrothorn, M, shiny|99/100
|-damage|p1a: 🤗🤗🤗|94/100|[from] Stealth Rock
|move|p2a: Tekeshi|Earthquake|p1a: 🤗🤗🤗
|-damage|p1a: 🤗🤗🤗|72/100
|
|-heal|p1a: 🤗🤗🤗|78/100|[from] item: Leftovers
|upkeep
|turn|88
|
|t:|1610168522
|switch|p2a: Uhh rilaboom|Corviknight, M|100/100
|-damage|p2a: Uhh rilaboom|88/100|[from] Stealth Rock
|-ability|p2a: Uhh rilaboom|Pressure
|move|p1a: 🤗🤗🤗|Power Whip|p2a: Uhh rilaboom
|-resisted|p2a: Uhh rilaboom
|-damage|p2a: Uhh rilaboom|81/100
|
|-heal|p1a: 🤗🤗🤗|84/100|[from] item: Leftovers
|upkeep
|turn|89
|
|t:|1610168527
|move|p2a: Uhh rilaboom|Defog|p1a: 🤗🤗🤗
|-unboost|p1a: 🤗🤗🤗|evasion|1
|-sideend|p1: IM AT MY LIMIT|Toxic Spikes|[from] move: Defog|[of] p2a: Uhh rilaboom
|-sideend|p1: IM AT MY LIMIT|Stealth Rock|[from] move: Defog|[of] p2a: Uhh rilaboom
|-sideend|p2: BillyTheFlash|Spikes|[from] move: Defog|[of] p2a: Uhh rilaboom
|-sideend|p2: BillyTheFlash|Stealth Rock|[from] move: Defog|[of] p2a: Uhh rilaboom
|move|p1a: 🤗🤗🤗|Leech Seed|p2a: Uhh rilaboom
|-start|p2a: Uhh rilaboom|move: Leech Seed
|
|-heal|p1a: 🤗🤗🤗|90/100|[from] item: Leftovers
|-damage|p2a: Uhh rilaboom|68/100|[from] Leech Seed|[of] p1a: 🤗🤗🤗
|-heal|p1a: 🤗🤗🤗|100/100|[silent]
|upkeep
|turn|90
|
|t:|1610168531
|move|p2a: Uhh rilaboom|U-turn|p1a: 🤗🤗🤗
|-damage|p1a: 🤗🤗🤗|92/100
|-damage|p2a: Uhh rilaboom|56/100|[from] ability: Iron Barbs|[of] p1a: 🤗🤗🤗
|
|t:|1610168533
|switch|p2a: Fatass|Blissey, F|6/100|[from]move: U-turn
|move|p1a: 🤗🤗🤗|Knock Off|p2a: Fatass
|-damage|p2a: Fatass|0 fnt
|faint|p2a: Fatass
|
|-heal|p1a: 🤗🤗🤗|98/100|[from] item: Leftovers
|upkeep
|
|t:|1610168540
|switch|p2a: Hot and spicy|Tangrowth, F, shiny|38/100
|turn|91
|
|t:|1610168552
|move|p2a: Hot and spicy|Focus Blast|p1a: 🤗🤗🤗
|-supereffective|p1a: 🤗🤗🤗
|-damage|p1a: 🤗🤗🤗|48/100
|move|p1a: 🤗🤗🤗|Knock Off|p2a: Hot and spicy
|-damage|p2a: Hot and spicy|26/100
|-damage|p1a: 🤗🤗🤗|31/100|[from] item: Rocky Helmet|[of] p2a: Hot and spicy
|-enditem|p2a: Hot and spicy|Rocky Helmet|[from] move: Knock Off|[of] p1a: 🤗🤗🤗
|
|-heal|p1a: 🤗🤗🤗|37/100|[from] item: Leftovers
|upkeep
|turn|92
|
|t:|1610168556
|switch|p1a: 💫💫💫|Clefable, M, shiny|96/100 psn
|move|p2a: Hot and spicy|Focus Blast|p1a: 💫💫💫
|-resisted|p1a: 💫💫💫
|-damage|p1a: 💫💫💫|84/100 psn
|
|upkeep
|turn|93
|
|t:|1610168560
|move|p1a: 💫💫💫|Wish|p1a: 💫💫💫
|move|p2a: Hot and spicy|Knock Off|p1a: 💫💫💫
|-resisted|p1a: 💫💫💫
|-damage|p1a: 💫💫💫|77/100 psn
|
|upkeep
|turn|94
|
|t:|1610168564
|switch|p1a: 🤗🤗🤗|Ferrothorn, M, shiny|37/100
|move|p2a: Hot and spicy|Focus Blast|p1a: 🤗🤗🤗
|-supereffective|p1a: 🤗🤗🤗
|-damage|p1a: 🤗🤗🤗|0 fnt
|faint|p1a: 🤗🤗🤗
|
|upkeep
|
|t:|1610168574
|switch|p1a: 🤰🤰🤰|Zapdos, shiny|69/100 tox
|turn|95
|
|t:|1610168577
|switch|p2a: Tekeshi|Hippowdon, F|100/100
|-weather|Sandstorm|[from] ability: Sand Stream|[of] p2a: Tekeshi
|move|p1a: 🤰🤰🤰|Volt Switch|p2a: Tekeshi
|-immune|p2a: Tekeshi
|
|-weather|Sandstorm|[upkeep]
|-damage|p1a: 🤰🤰🤰|63/100 tox|[from] Sandstorm
|-damage|p1a: 🤰🤰🤰|57/100 tox|[from] psn
|upkeep
|turn|96
|
|t:|1610168589
|switch|p1a: 💫💫💫|Clefable, M, shiny|77/100 psn
|move|p2a: Tekeshi|Stealth Rock|p1a: 💫💫💫
|-sidestart|p1: IM AT MY LIMIT|move: Stealth Rock
|
|-weather|Sandstorm|[upkeep]
|upkeep
|turn|97
|
|t:|1610168593
|switch|p2a: Hot and spicy|Tangrowth, F, shiny|60/100
|move|p1a: 💫💫💫|Wish|p1a: 💫💫💫
|
|-weather|Sandstorm|[upkeep]
|-damage|p2a: Hot and spicy|53/100|[from] Sandstorm
|upkeep
|turn|98
|
|t:|1610168597
|switch|p1a: 🤰🤰🤰|Zapdos, shiny|57/100 tox
|switch|p2a: Uhh rilaboom|Corviknight, M|56/100
|-ability|p2a: Uhh rilaboom|Pressure
|
|-weather|Sandstorm|[upkeep]
|-damage|p1a: 🤰🤰🤰|51/100 tox|[from] Sandstorm
|-heal|p1a: 🤰🤰🤰|100/100 tox|[from] move: Wish|[wisher] 💫💫💫
|-damage|p1a: 🤰🤰🤰|94/100 tox|[from] psn
|upkeep
|turn|99
|
|t:|1610168602
|switch|p2a: Hot and spicy|Tangrowth, F, shiny|87/100
|move|p1a: 🤰🤰🤰|Volt Switch|p2a: Hot and spicy
|-resisted|p2a: Hot and spicy
|-damage|p2a: Hot and spicy|63/100
|
|t:|1610168608
|switch|p1a: 😬😬😬|Pelipper, M, shiny|88/100|[from]move: Volt Switch
|-damage|p1a: 😬😬😬|63/100|[from] Stealth Rock
|-weather|RainDance|[from] ability: Drizzle|[of] p1a: 😬😬😬
|
|-weather|RainDance|[upkeep]
|upkeep
|turn|100
|
|t:|1610168636
|move|p2a: Hot and spicy|Giga Drain|p1a: 😬😬😬
|-damage|p1a: 😬😬😬|22/100
|-heal|p2a: Hot and spicy|80/100|[from] drain|[of] p1a: 😬😬😬
|move|p1a: 😬😬😬|Defog|p2a: Hot and spicy
|-unboost|p2a: Hot and spicy|evasion|1
|-sideend|p1: IM AT MY LIMIT|Stealth Rock|[from] move: Defog|[of] p1a: 😬😬😬
|
|-weather|RainDance|[upkeep]
|upkeep
|turn|101
|
|t:|1610168644
|switch|p1a: 🤰🤰🤰|Zapdos, shiny|94/100 tox
|move|p2a: Hot and spicy|Giga Drain|p1a: 🤰🤰🤰
|-resisted|p1a: 🤰🤰🤰
|-damage|p1a: 🤰🤰🤰|77/100 tox
|-heal|p2a: Hot and spicy|86/100|[from] drain|[of] p1a: 🤰🤰🤰
|
|-weather|RainDance|[upkeep]
|-damage|p1a: 🤰🤰🤰|71/100 tox|[from] psn
|upkeep
|turn|102
|
|t:|1610168648
|switch|p2a: Tekeshi|Hippowdon, F|100/100
|-weather|Sandstorm|[from] ability: Sand Stream|[of] p2a: Tekeshi
|move|p1a: 🤰🤰🤰|Hurricane|p2a: Tekeshi|[miss]
|-miss|p1a: 🤰🤰🤰|p2a: Tekeshi
|
|-weather|Sandstorm|[upkeep]
|-damage|p1a: 🤰🤰🤰|65/100 tox|[from] Sandstorm
|-damage|p1a: 🤰🤰🤰|53/100 tox|[from] psn
|upkeep
|turn|103
|
|t:|1610168653
|switch|p1a: 😬😬😬|Pelipper, M, shiny|22/100
|-weather|RainDance|[from] ability: Drizzle|[of] p1a: 😬😬😬
|move|p2a: Tekeshi|Stealth Rock|p1a: 😬😬😬
|-sidestart|p1: IM AT MY LIMIT|move: Stealth Rock
|
|-weather|RainDance|[upkeep]
|upkeep
|turn|104
|
|t:|1610168661
|switch|p2a: Uhh rilaboom|Corviknight, M|56/100
|-ability|p2a: Uhh rilaboom|Pressure
|move|p1a: 😬😬😬|Roost|p1a: 😬😬😬
|-heal|p1a: 😬😬😬|72/100
|-singleturn|p1a: 😬😬😬|move: Roost
|
|-weather|RainDance|[upkeep]
|upkeep
|turn|105
|
|t:|1610168669
|move|p2a: Uhh rilaboom|Roost|p2a: Uhh rilaboom
|-heal|p2a: Uhh rilaboom|100/100
|-singleturn|p2a: Uhh rilaboom|move: Roost
|move|p1a: 😬😬😬|Defog|p2a: Uhh rilaboom
|-unboost|p2a: Uhh rilaboom|evasion|1
|-sideend|p1: IM AT MY LIMIT|Stealth Rock|[from] move: Defog|[of] p1a: 😬😬😬
|
|-weather|RainDance|[upkeep]
|upkeep
|turn|106
|
|t:|1610168686
|switch|p2a: British yuck|Toxapex, F|98/100
|move|p1a: 😬😬😬|Scald|p2a: British yuck
|-resisted|p2a: British yuck
|-damage|p2a: British yuck|81/100
|
|-weather|RainDance|[upkeep]
|upkeep
|turn|107
|
|t:|1610168690
|move|p1a: 😬😬😬|U-turn|p2a: British yuck
|-resisted|p2a: British yuck
|-damage|p2a: British yuck|78/100
|
|t:|1610168692
|switch|p1a: 🤰🤰🤰|Zapdos, shiny|53/100 tox|[from]move: U-turn
|move|p2a: British yuck|Toxic Spikes|p1a: 🤰🤰🤰
|-sidestart|p1: IM AT MY LIMIT|move: Toxic Spikes
|
|-weather|none
|-damage|p1a: 🤰🤰🤰|46/100 tox|[from] psn
|upkeep
|turn|108
|
|t:|1610168699
|switch|p1a: 💫💫💫|Clefable, M, shiny|77/100 psn
|switch|p2a: Tekeshi|Hippowdon, F|100/100
|-weather|Sandstorm|[from] ability: Sand Stream|[of] p2a: Tekeshi
|
|-weather|Sandstorm|[upkeep]
|upkeep
|turn|109
|
|t:|1610168702
|move|p1a: 💫💫💫|Soft-Boiled|p1a: 💫💫💫
|-heal|p1a: 💫💫💫|100/100 psn
|move|p2a: Tekeshi|Earthquake|p1a: 💫💫💫
|-damage|p1a: 💫💫💫|66/100 psn
|
|-weather|Sandstorm|[upkeep]
|upkeep
|turn|110
|
|t:|1610168707
|move|p1a: 💫💫💫|Soft-Boiled|p1a: 💫💫💫
|-heal|p1a: 💫💫💫|100/100 psn
|move|p2a: Tekeshi|Stealth Rock|p1a: 💫💫💫
|-sidestart|p1: IM AT MY LIMIT|move: Stealth Rock
|
|-weather|Sandstorm|[upkeep]
|upkeep
|turn|111
|
|t:|1610168713
|move|p1a: 💫💫💫|Wish|p1a: 💫💫💫
|move|p2a: Tekeshi|Earthquake|p1a: 💫💫💫
|-damage|p1a: 💫💫💫|68/100 psn
|
|-weather|Sandstorm|[upkeep]
|upkeep
|turn|112
|
|t:|1610168719
|switch|p1a: 🤰🤰🤰|Zapdos, shiny|46/100 tox
|move|p2a: Tekeshi|Earthquake|p1a: 🤰🤰🤰
|-immune|p1a: 🤰🤰🤰
|
|-weather|none
|-heal|p1a: 🤰🤰🤰|100/100 tox|[from] move: Wish|[wisher] 💫💫💫
|-damage|p1a: 🤰🤰🤰|94/100 tox|[from] psn
|upkeep
|turn|113
|
|t:|1610168733
|switch|p1a: 💫💫💫|Clefable, M, shiny|68/100 psn
|switch|p2a: Hot and spicy|Tangrowth, F, shiny|100/100
|
|upkeep
|turn|114
|
|t:|1610168738
|move|p1a: 💫💫💫|Stealth Rock|p2a: Hot and spicy
|-sidestart|p2: BillyTheFlash|move: Stealth Rock
|move|p2a: Hot and spicy|Knock Off|p1a: 💫💫💫
|-resisted|p1a: 💫💫💫
|-damage|p1a: 💫💫💫|61/100 psn
|
|upkeep
|turn|115
|
|t:|1610168748
|move|p1a: 💫💫💫|Soft-Boiled|p1a: 💫💫💫
|-heal|p1a: 💫💫💫|100/100 psn
|move|p2a: Hot and spicy|Giga Drain|p1a: 💫💫💫
|-damage|p1a: 💫💫💫|80/100 psn
|
|upkeep
|turn|116
|
|t:|1610168752
|move|p1a: 💫💫💫|Wish|p1a: 💫💫💫
|move|p2a: Hot and spicy|Knock Off|p1a: 💫💫💫
|-resisted|p1a: 💫💫💫
|-damage|p1a: 💫💫💫|73/100 psn
|
|upkeep
|turn|117
|
|t:|1610168757
|switch|p1a: 😬😬😬|Pelipper, M, shiny|72/100
|-damage|p1a: 😬😬😬|47/100|[from] Stealth Rock
|-weather|RainDance|[from] ability: Drizzle|[of] p1a: 😬😬😬
|switch|p2a: British yuck|Toxapex, F|100/100
|-damage|p2a: British yuck|88/100|[from] Stealth Rock
|
|-weather|RainDance|[upkeep]
|-heal|p1a: 😬😬😬|100/100|[from] move: Wish|[wisher] 💫💫💫
|upkeep
|turn|118
|
|t:|1610168766
|move|p1a: 😬😬😬|Defog|p2a: British yuck
|-unboost|p2a: British yuck|evasion|1
|-sideend|p2: BillyTheFlash|Stealth Rock|[from] move: Defog|[of] p1a: 😬😬😬
|-sideend|p1: IM AT MY LIMIT|Toxic Spikes|[from] move: Defog|[of] p1a: 😬😬😬
|-sideend|p1: IM AT MY LIMIT|Stealth Rock|[from] move: Defog|[of] p1a: 😬😬😬
|move|p2a: British yuck|Toxic Spikes|p1a: 😬😬😬
|-sidestart|p1: IM AT MY LIMIT|move: Toxic Spikes
|
|-weather|RainDance|[upkeep]
|upkeep
|turn|119
|
|t:|1610168776
|move|p1a: 😬😬😬|Defog|p2a: British yuck
|-unboost|p2a: British yuck|evasion|1
|-sideend|p1: IM AT MY LIMIT|Toxic Spikes|[from] move: Defog|[of] p1a: 😬😬😬
|move|p2a: British yuck|Scald|p1a: 😬😬😬
|-resisted|p1a: 😬😬😬
|-damage|p1a: 😬😬😬|83/100
|
|-weather|RainDance|[upkeep]
|upkeep
|turn|120
|
|t:|1610168784
|switch|p1a: 🤰🤰🤰|Zapdos, shiny|94/100 tox
|move|p2a: British yuck|Toxic Spikes|p1a: 🤰🤰🤰
|-sidestart|p1: IM AT MY LIMIT|move: Toxic Spikes
|
|-weather|RainDance|[upkeep]
|-damage|p1a: 🤰🤰🤰|88/100 tox|[from] psn
|upkeep
|turn|121
|
|t:|1610168801
|switch|p2a: Hot and spicy|Tangrowth, F, shiny|100/100
|move|p1a: 🤰🤰🤰|Hurricane|p2a: Hot and spicy
|-supereffective|p2a: Hot and spicy
|-damage|p2a: Hot and spicy|0 fnt
|faint|p2a: Hot and spicy
|
|-weather|none
|-damage|p1a: 🤰🤰🤰|76/100 tox|[from] psn
|upkeep
|
|t:|1610168811
|switch|p2a: Tekeshi|Hippowdon, F|100/100
|-weather|Sandstorm|[from] ability: Sand Stream|[of] p2a: Tekeshi
|turn|122
|
|t:|1610168825
|switch|p1a: 😬😬😬|Pelipper, M, shiny|83/100
|-weather|RainDance|[from] ability: Drizzle|[of] p1a: 😬😬😬
|move|p2a: Tekeshi|Earthquake|p1a: 😬😬😬
|-immune|p1a: 😬😬😬
|
|-weather|RainDance|[upkeep]
|upkeep
|turn|123
|
|t:|1610168831
|move|p1a: 😬😬😬|Scald|p2a: Tekeshi
|-supereffective|p2a: Tekeshi
|-damage|p2a: Tekeshi|46/100
|-status|p2a: Tekeshi|brn
|move|p2a: Tekeshi|Stealth Rock|p1a: 😬😬😬
|-sidestart|p1: IM AT MY LIMIT|move: Stealth Rock
|
|-weather|RainDance|[upkeep]
|-heal|p2a: Tekeshi|52/100 brn|[from] item: Leftovers
|-damage|p2a: Tekeshi|46/100 brn|[from] brn
|upkeep
|turn|124
|
|t:|1610168835
|move|p1a: 😬😬😬|Scald|p2a: Tekeshi
|-supereffective|p2a: Tekeshi
|-damage|p2a: Tekeshi|0 fnt
|faint|p2a: Tekeshi
|
|-weather|RainDance|[upkeep]
|upkeep
|
|t:|1610168841
|switch|p2a: Uhh rilaboom|Corviknight, M|100/100
|-ability|p2a: Uhh rilaboom|Pressure
|turn|125
|
|t:|1610168852
|move|p2a: Uhh rilaboom|Brave Bird|p1a: 😬😬😬
|-damage|p1a: 😬😬😬|55/100
|-damage|p2a: Uhh rilaboom|93/100|[from] Recoil
|move|p1a: 😬😬😬|Defog|p2a: Uhh rilaboom
|-unboost|p2a: Uhh rilaboom|evasion|1
|-sideend|p1: IM AT MY LIMIT|Toxic Spikes|[from] move: Defog|[of] p1a: 😬😬😬
|-sideend|p1: IM AT MY LIMIT|Stealth Rock|[from] move: Defog|[of] p1a: 😬😬😬
|
|-weather|RainDance|[upkeep]
|upkeep
|turn|126
|inactive|BillyTheFlash has 270 seconds left.
|
|t:|1610168863
|switch|p1a: 🤰🤰🤰|Zapdos, shiny|76/100 tox
|move|p2a: Uhh rilaboom|Brave Bird|p1a: 🤰🤰🤰
|-resisted|p1a: 🤰🤰🤰
|-damage|p1a: 🤰🤰🤰|54/100 tox
|-status|p2a: Uhh rilaboom|par|[from] ability: Static|[of] p1a: 🤰🤰🤰
|-damage|p2a: Uhh rilaboom|87/100 par|[from] Recoil
|
|-weather|none
|-damage|p1a: 🤰🤰🤰|48/100 tox|[from] psn
|upkeep
|turn|127
|inactive|BillyTheFlash has 270 seconds left.
|
|t:|1610168872
|move|p1a: 🤰🤰🤰|Volt Switch|p2a: Uhh rilaboom
|-supereffective|p2a: Uhh rilaboom
|-damage|p2a: Uhh rilaboom|34/100 par
|
|t:|1610168874
|switch|p1a: 👁👃👁|Barraskewda, F, shiny|100/100|[from]move: Volt Switch
|move|p2a: Uhh rilaboom|U-turn|p1a: 👁👃👁
|-damage|p1a: 👁👃👁|70/100
|inactive|BillyTheFlash has 270 seconds left.
|
|t:|1610168896
|switch|p2a: British yuck|Toxapex, F|100/100|[from]move: U-turn
|
|upkeep
|turn|128
|
|t:|1610168900
|move|p1a: 👁👃👁|Psychic Fangs|p2a: British yuck
|-supereffective|p2a: British yuck
|-crit|p2a: British yuck
|-damage|p2a: British yuck|12/100
|move|p2a: British yuck|Scald|p1a: 👁👃👁
|-resisted|p1a: 👁👃👁
|-damage|p1a: 👁👃👁|50/100
|
|upkeep
|turn|129
|
|t:|1610168911
|move|p1a: 👁👃👁|Psychic Fangs|p2a: British yuck
|-supereffective|p2a: British yuck
|-damage|p2a: British yuck|0 fnt
|faint|p2a: British yuck
|
|upkeep
|
|t:|1610168915
|switch|p2a: Uhh rilaboom|Corviknight, M|34/100 par
|-ability|p2a: Uhh rilaboom|Pressure
|turn|130
|
|t:|1610168918
|move|p1a: 👁👃👁|Psychic Fangs|p2a: Uhh rilaboom
|-resisted|p2a: Uhh rilaboom
|-damage|p2a: Uhh rilaboom|15/100 par
|move|p2a: Uhh rilaboom|Brave Bird|p1a: 👁👃👁
|-damage|p1a: 👁👃👁|0 fnt
|-damage|p2a: Uhh rilaboom|4/100 par|[from] Recoil
|faint|p1a: 👁👃👁
|
|upkeep
|
|t:|1610168922
|switch|p1a: 🤰🤰🤰|Zapdos, shiny|48/100 tox
|turn|131
|
|t:|1610168929
|move|p1a: 🤰🤰🤰|Weather Ball|p2a: Uhh rilaboom
|-resisted|p2a: Uhh rilaboom
|-damage|p2a: Uhh rilaboom|0 fnt
|faint|p2a: Uhh rilaboom
|
|win|IM AT MY LIMIT
