|j|☆minimax_ai
|j|☆iopkj09
|t:|1665543474
|gametype|singles
|player|p1|minimax_ai|lusamine-nihilego|1546
|player|p2|iopkj09|nate|1654
|teamsize|p1|6
|teamsize|p2|6
|gen|8
|tier|[Gen 8] OU
|rated|
|rule|Sleep Clause Mod: Limit one foe put to sleep
|rule|Species Clause: Limit one of each Pokémon
|rule|OHKO Clause: OHKO moves are banned
|rule|Evasion Items Clause: Evasion items are banned
|rule|Evasion Moves Clause: Evasion moves are banned
|rule|Endless Battle Clause: Forcing endless battles is banned
|rule|HP Percentage Mod: HP is shown in percentages
|rule|Dynamax Clause: You cannot dynamax
|clearpoke
|poke|p1|Rotom-Wash|
|poke|p1|Weavile, F|
|poke|p1|Landorus-Therian, M|
|poke|p1|Heatran, M|
|poke|p1|Tangrowth, M|
|poke|p1|Melmetal|
|poke|p2|Garchomp, M|
|poke|p2|Zapdos|
|poke|p2|Rillaboom, M|
|poke|p2|Tapu Lele|
|poke|p2|Volcanion|
|poke|p2|Weavile, F|
|teampreview
|inactive|Battle timer is ON: inactive players will automatically lose when time's up. (requested by iopkj09)
|c|☆minimax_ai|hf
|inactive|minimax_ai also wants the timer to be on.
|
|t:|1665543480
|start
|switch|p1a: Melmetal|Melmetal|100/100
|switch|p2a: Weavile|Weavile, F|100/100
|-ability|p2a: Weavile|Pressure
|turn|1
|
|t:|1665543483
|move|p2a: Weavile|Knock Off|p1a: Melmetal
|-damage|p1a: Melmetal|74/100
|-enditem|p1a: Melmetal|Assault Vest|[from] move: Knock Off|[of] p2a: Weavile
|move|p1a: Melmetal|Double Iron Bash|p2a: Weavile
|-supereffective|p2a: Weavile
|-enditem|p2a: Weavile|Focus Sash
|-damage|p2a: Weavile|1/100
|-supereffective|p2a: Weavile
|-damage|p2a: Weavile|0 fnt
|faint|p2a: Weavile
|-hitcount|p2: Weavile|2
|
|upkeep
|
|t:|1665543487
|switch|p2a: Volcanion|Volcanion|100/100
|turn|2
|
|t:|1665543493
|switch|p2a: Tapu Lele|Tapu Lele|100/100
|-fieldstart|move: Psychic Terrain|[from] ability: Psychic Surge|[of] p2a: Tapu Lele
|switch|p1a: rotomwash|Rotom-Wash|100/100
|
|upkeep
|turn|3
|
|t:|1665543496
|switch|p1a: landorustherian|Landorus-Therian, M|100/100
|-ability|p1a: landorustherian|Intimidate|boost
|-unboost|p2a: Tapu Lele|atk|1
|move|p2a: Tapu Lele|Moonblast|p1a: landorustherian
|-damage|p1a: landorustherian|43/100
|
|-heal|p1a: landorustherian|49/100|[from] item: Leftovers
|upkeep
|turn|4
|
|t:|1665543498
|switch|p1a: Melmetal|Melmetal|74/100
|move|p2a: Tapu Lele|Moonblast|p1a: Melmetal
|-resisted|p1a: Melmetal
|-damage|p1a: Melmetal|42/100
|
|upkeep
|turn|5
|
|t:|1665543502
|switch|p2a: Volcanion|Volcanion|100/100
|move|p1a: Melmetal|Double Iron Bash|p2a: Volcanion
|-resisted|p2a: Volcanion
|-damage|p2a: Volcanion|93/100
|-resisted|p2a: Volcanion
|-damage|p2a: Volcanion|86/100
|-hitcount|p2a: Volcanion|2
|
|upkeep
|turn|6
|
|t:|1665543508
|switch|p1a: rotomwash|Rotom-Wash|100/100
|move|p2a: Volcanion|Steam Eruption|p1a: rotomwash
|-resisted|p1a: rotomwash
|-damage|p1a: rotomwash|72/100
|-status|p1a: rotomwash|brn
|
|-heal|p1a: rotomwash|78/100 brn|[from] item: Leftovers
|-damage|p1a: rotomwash|72/100 brn|[from] brn
|-fieldend|move: Psychic Terrain
|upkeep
|turn|7
|
|t:|1665543512
|switch|p2a: Rillaboom|Rillaboom, M|100/100
|-fieldstart|move: Grassy Terrain|[from] ability: Grassy Surge|[of] p2a: Rillaboom
|move|p1a: rotomwash|Thunderbolt|p2a: Rillaboom
|-resisted|p2a: Rillaboom
|-damage|p2a: Rillaboom|76/100
|
|-heal|p1a: rotomwash|78/100 brn|[from] item: Leftovers
|-heal|p2a: Rillaboom|82/100|[from] Grassy Terrain
|-damage|p1a: rotomwash|72/100 brn|[from] brn
|upkeep
|turn|8
|
|t:|1665543517
|switch|p1a: Tangrowth|Tangrowth, M|100/100
|move|p2a: Rillaboom|Swords Dance|p2a: Rillaboom
|-boost|p2a: Rillaboom|atk|2
|
|-heal|p2a: Rillaboom|88/100|[from] Grassy Terrain
|upkeep
|turn|9
|
|t:|1665543519
|move|p2a: Rillaboom|Swords Dance|p2a: Rillaboom
|-boost|p2a: Rillaboom|atk|2
|move|p1a: Tangrowth|Knock Off|p2a: Rillaboom
|-damage|p2a: Rillaboom|66/100
|-enditem|p2a: Rillaboom|Life Orb|[from] move: Knock Off|[of] p1a: Tangrowth
|
|-heal|p2a: Rillaboom|72/100|[from] Grassy Terrain
|upkeep
|turn|10
|
|t:|1665543521
|move|p2a: Rillaboom|Swords Dance|p2a: Rillaboom
|-boost|p2a: Rillaboom|atk|2
|move|p1a: Tangrowth|Giga Drain|p2a: Rillaboom
|-resisted|p2a: Rillaboom
|-damage|p2a: Rillaboom|47/100
|
|-heal|p2a: Rillaboom|53/100|[from] Grassy Terrain
|upkeep
|turn|11
|
|t:|1665543523
|move|p2a: Rillaboom|Superpower|p1a: Tangrowth
|-damage|p1a: Tangrowth|15/100
|-unboost|p2a: Rillaboom|atk|1
|-unboost|p2a: Rillaboom|def|1
|-damage|p2a: Rillaboom|36/100|[from] item: Rocky Helmet|[of] p1a: Tangrowth
|move|p1a: Tangrowth|Focus Blast|p2a: Rillaboom
|-damage|p2a: Rillaboom|0 fnt
|faint|p2a: Rillaboom
|
|-heal|p1a: Tangrowth|22/100|[from] Grassy Terrain
|-fieldend|move: Grassy Terrain
|upkeep
|
|t:|1665543527
|switch|p2a: Zapdos|Zapdos, shiny|100/100
|turn|12
|
|t:|1665543528
|switch|p1a: landorustherian|Landorus-Therian, M|49/100
|-ability|p1a: landorustherian|Intimidate|boost
|-unboost|p2a: Zapdos|atk|1
|move|p2a: Zapdos|Thunderbolt|p1a: landorustherian
|-immune|p1a: landorustherian
|
|-heal|p1a: landorustherian|55/100|[from] item: Leftovers
|upkeep
|turn|13
|
|t:|1665543531
|move|p2a: Zapdos|Hurricane|p1a: landorustherian
|-damage|p1a: landorustherian|17/100
|move|p1a: landorustherian|Earthquake|p2a: Zapdos
|-immune|p2a: Zapdos
|
|-heal|p1a: landorustherian|23/100|[from] item: Leftovers
|upkeep
|turn|14
|
|t:|1665543533
|move|p2a: Zapdos|Heat Wave|p1a: landorustherian
|-damage|p1a: landorustherian|0 fnt
|faint|p1a: landorustherian
|
|upkeep
|
|t:|1665543533
|switch|p1a: Weavile|Weavile, F|100/100
|-ability|p1a: Weavile|Pressure
|turn|15
|
|t:|1665543537
|switch|p2a: Volcanion|Volcanion|86/100
|move|p1a: Weavile|Knock Off|p2a: Volcanion
|-damage|p2a: Volcanion|36/100
|-enditem|p2a: Volcanion|Assault Vest|[from] move: Knock Off|[of] p1a: Weavile
|
|upkeep
|turn|16
|
|t:|1665543539
|move|p1a: Weavile|Knock Off|p2a: Volcanion
|-damage|p2a: Volcanion|0 fnt
|faint|p2a: Volcanion
|
|upkeep
|
|t:|1665543543
|switch|p2a: Tapu Lele|Tapu Lele|100/100
|-fieldstart|move: Psychic Terrain|[from] ability: Psychic Surge|[of] p2a: Tapu Lele
|turn|17
|
|t:|1665543544
|move|p1a: Weavile|Knock Off|p2a: Tapu Lele
|-damage|p2a: Tapu Lele|0 fnt
|-enditem|p2a: Tapu Lele|Choice Specs|[from] move: Knock Off|[of] p1a: Weavile
|faint|p2a: Tapu Lele
|
|upkeep
|
|t:|1665543549
|switch|p2a: Garchomp|Garchomp, M, shiny|100/100
|turn|18
|
|t:|1665543550
|switch|p1a: Heatran|Heatran, M|100/100
|-item|p1a: Heatran|Air Balloon
|move|p2a: Garchomp|Iron Head|p1a: Heatran
|-resisted|p1a: Heatran
|-damage|p1a: Heatran|93/100
|-enditem|p1a: Heatran|Air Balloon
|
|upkeep
|turn|19
|
|t:|1665543552
|switch|p2a: Zapdos|Zapdos, shiny|100/100
|switch|p1a: rotomwash|Rotom-Wash|72/100 brn
|
|-heal|p1a: rotomwash|78/100 brn|[from] item: Leftovers
|-damage|p1a: rotomwash|72/100 brn|[from] brn
|upkeep
|turn|20
|
|t:|1665543553
|move|p2a: Zapdos|Thunderbolt|p1a: rotomwash
|-damage|p1a: rotomwash|22/100 brn
|move|p1a: rotomwash|Pain Split|p2a: Zapdos
|-sethp|p2a: Zapdos|60/100|[from] move: Pain Split|[silent]
|-sethp|p1a: rotomwash|64/100 brn|[from] move: Pain Split
|
|-heal|p1a: rotomwash|70/100 brn|[from] item: Leftovers
|-damage|p1a: rotomwash|64/100 brn|[from] brn
|upkeep
|turn|21
|
|t:|1665543555
|move|p2a: Zapdos|Thunderbolt|p1a: rotomwash
|-damage|p1a: rotomwash|18/100 brn
|move|p1a: rotomwash|Pain Split|p2a: Zapdos
|-sethp|p2a: Zapdos|39/100|[from] move: Pain Split|[silent]
|-sethp|p1a: rotomwash|41/100 brn|[from] move: Pain Split
|
|-heal|p1a: rotomwash|47/100 brn|[from] item: Leftovers
|-damage|p1a: rotomwash|41/100 brn|[from] brn
|-fieldend|move: Psychic Terrain
|upkeep
|turn|22
|
|t:|1665543558
|switch|p1a: Weavile|Weavile, F|100/100
|-ability|p1a: Weavile|Pressure
|move|p2a: Zapdos|Thunderbolt|p1a: Weavile
|-damage|p1a: Weavile|32/100
|
|upkeep
|turn|23
|
|t:|1665543560
|move|p1a: Weavile|Triple Axel|p2a: Zapdos
|-supereffective|p2a: Zapdos
|-damage|p2a: Zapdos|0 fnt
|faint|p2a: Zapdos
|-hitcount|p2: Zapdos|1
|
|upkeep
|
|t:|1665543562
|switch|p2a: Garchomp|Garchomp, M, shiny|100/100
|turn|24
|
|t:|1665543566
|switch|p1a: Tangrowth|Tangrowth, M|55/100
|move|p2a: Garchomp|Outrage|p1a: Tangrowth
|-damage|p1a: Tangrowth|20/100
|-damage|p2a: Garchomp|84/100|[from] item: Rocky Helmet|[of] p1a: Tangrowth
|
|upkeep
|turn|25
|
|t:|1665543569
|switch|p1a: Weavile|Weavile, F|32/100
|-ability|p1a: Weavile|Pressure
|move|p2a: Garchomp|Outrage|p1a: Weavile|[from]lockedmove
|-damage|p1a: Weavile|0 fnt
|faint|p1a: Weavile
|-start|p2a: Garchomp|confusion|[fatigue]
|
|upkeep
|
|t:|1665543569
|switch|p1a: Tangrowth|Tangrowth, M|53/100
|turn|26
|
|t:|1665543570
|-activate|p2a: Garchomp|confusion
|-damage|p2a: Garchomp|71/100|[from] confusion
|move|p1a: Tangrowth|Giga Drain|p2a: Garchomp
|-damage|p2a: Garchomp|33/100
|-heal|p1a: Tangrowth|70/100|[from] drain|[of] p2a: Garchomp
|
|upkeep
|turn|27
|
|t:|1665543573
|-activate|p2a: Garchomp|confusion
|-damage|p2a: Garchomp|20/100|[from] confusion
|move|p1a: Tangrowth|Giga Drain|p2a: Garchomp
|-damage|p2a: Garchomp|0 fnt
|-heal|p1a: Tangrowth|78/100|[from] drain|[of] p2a: Garchomp
|faint|p2a: Garchomp
|
|win|minimax_ai
|raw|minimax_ai's rating: 1546 &rarr; <strong>1572</strong><br />(+26 for winning)
|raw|iopkj09's rating: 1654 &rarr; <strong>1628</strong><br />(-26 for losing)
|c|☆minimax_ai|gg
