|j|☆damorush
|j|☆Snurke
|t:|1655363454
|gametype|singles
|player|p1|damorush|265|1521
|player|p2|Snurke|266|1561
|teamsize|p1|6
|teamsize|p2|6
|gen|8
|tier|[Gen 8] OU
|rated|
|rule|Sleep Clause Mod: Limit one foe put to sleep
|rule|Species Clause: Limit one of each Pokémon
|rule|OHKO Clause: OHKO moves are banned
|rule|Evasion Moves Clause: Evasion moves are banned
|rule|Endless Battle Clause: Forcing endless battles is banned
|rule|HP Percentage Mod: HP is shown in percentages
|rule|Dynamax Clause: You cannot dynamax
|clearpoke
|poke|p1|Ferrothorn, F|
|poke|p1|Landorus-Therian, M|
|poke|p1|Weavile, F|
|poke|p1|Dragapult, M|
|poke|p1|Rotom-Wash|
|poke|p1|Tornadus-Therian, M|
|poke|p2|Pelipper, F|
|poke|p2|Barraskewda, F|
|poke|p2|Ferrothorn, M|
|poke|p2|Rotom-Wash|
|poke|p2|Garchomp, M|
|poke|p2|Kingdra, F|
|teampreview
|
|t:|1655363472
|start
|switch|p1a: Rotom|Rotom-Wash|100/100
|switch|p2a: Klay Thompson|Pelipper, F, shiny|100/100
|-weather|RainDance|[from] ability: Drizzle|[of] p2a: Klay Thompson
|turn|1
|
|t:|1655363481
|switch|p2a: Draymond Green|Ferrothorn, M|100/100
|move|p1a: Rotom|Volt Switch|p2a: Draymond Green
|-resisted|p2a: Draymond Green
|-damage|p2a: Draymond Green|91/100
|
|t:|1655363486
|switch|p1a: Tornadus|Tornadus-Therian, M|100/100|[from]move: Volt Switch
|
|-weather|RainDance|[upkeep]
|-heal|p2a: Draymond Green|97/100|[from] item: Leftovers
|upkeep
|turn|2
|
|t:|1655363494
|move|p1a: Tornadus|Knock Off|p2a: Draymond Green
|-damage|p2a: Draymond Green|84/100
|-damage|p1a: Tornadus|88/100|[from] ability: Iron Barbs|[of] p2a: Draymond Green
|-enditem|p2a: Draymond Green|Leftovers|[from] move: Knock Off|[of] p1a: Tornadus
|move|p2a: Draymond Green|Stealth Rock|p1a: Tornadus
|-sidestart|p1: damorush|move: Stealth Rock
|
|-weather|RainDance|[upkeep]
|upkeep
|turn|3
|
|t:|1655363502
|move|p1a: Tornadus|Hurricane|p2a: Draymond Green
|-damage|p2a: Draymond Green|47/100
|-start|p2a: Draymond Green|confusion
|-activate|p2a: Draymond Green|confusion
|move|p2a: Draymond Green|Leech Seed|p1a: Tornadus
|-start|p1a: Tornadus|move: Leech Seed
|
|-weather|RainDance|[upkeep]
|-damage|p1a: Tornadus|76/100|[from] Leech Seed|[of] p2a: Draymond Green
|-heal|p2a: Draymond Green|60/100|[silent]
|upkeep
|turn|4
|
|t:|1655363516
|move|p1a: Tornadus|Hurricane|p2a: Draymond Green
|-damage|p2a: Draymond Green|23/100
|-end|p2a: Draymond Green|confusion
|move|p2a: Draymond Green|Leech Seed||[still]
|-fail|p2a: Draymond Green
|
|-weather|RainDance|[upkeep]
|-damage|p1a: Tornadus|63/100|[from] Leech Seed|[of] p2a: Draymond Green
|-heal|p2a: Draymond Green|36/100|[silent]
|upkeep
|turn|5
|
|t:|1655363525
|move|p2a: Draymond Green|Protect|p2a: Draymond Green
|-singleturn|p2a: Draymond Green|Protect
|move|p1a: Tornadus|Hurricane|p2a: Draymond Green
|-activate|p2a: Draymond Green|move: Protect
|
|-weather|RainDance|[upkeep]
|-damage|p1a: Tornadus|51/100|[from] Leech Seed|[of] p2a: Draymond Green
|-heal|p2a: Draymond Green|49/100|[silent]
|upkeep
|turn|6
|
|t:|1655363534
|switch|p2a: Gary Payton II|Rotom-Wash, shiny|100/100
|move|p1a: Tornadus|Hurricane|p2a: Gary Payton II
|-resisted|p2a: Gary Payton II
|-damage|p2a: Gary Payton II|77/100
|-start|p2a: Gary Payton II|confusion
|
|-weather|RainDance|[upkeep]
|-damage|p1a: Tornadus|38/100|[from] Leech Seed|[of] p2a: Gary Payton II
|-heal|p2a: Gary Payton II|92/100|[silent]
|upkeep
|turn|7
|
|t:|1655363557
|switch|p1a: Landorus|Landorus-Therian, M|100/100
|-damage|p1a: Landorus|88/100|[from] Stealth Rock
|-ability|p1a: Landorus|Intimidate|boost
|-unboost|p2a: Gary Payton II|atk|1
|-activate|p2a: Gary Payton II|confusion
|move|p2a: Gary Payton II|Hydro Pump|p1a: Landorus|[miss]
|-miss|p2a: Gary Payton II|p1a: Landorus
|
|-weather|RainDance|[upkeep]
|-heal|p1a: Landorus|94/100|[from] item: Leftovers
|upkeep
|turn|8
|
|t:|1655363569
|switch|p1a: Rotom|Rotom-Wash|100/100
|-damage|p1a: Rotom|88/100|[from] Stealth Rock
|-activate|p2a: Gary Payton II|confusion
|move|p2a: Gary Payton II|Hydro Pump|p1a: Rotom
|-resisted|p1a: Rotom
|-damage|p1a: Rotom|65/100
|
|-weather|none
|-heal|p1a: Rotom|72/100|[from] item: Leftovers
|upkeep
|turn|9
|
|t:|1655363579
|switch|p2a: Draymond Green|Ferrothorn, M|49/100
|move|p1a: Rotom|Defog|p2a: Draymond Green
|-unboost|p2a: Draymond Green|evasion|1
|-sideend|p1: damorush|Stealth Rock|[from] move: Defog|[of] p1a: Rotom
|
|-heal|p1a: Rotom|78/100|[from] item: Leftovers
|upkeep
|turn|10
|
|t:|1655363591
|switch|p1a: Tornadus|Tornadus-Therian, M|71/100
|move|p2a: Draymond Green|Leech Seed|p1a: Tornadus
|-start|p1a: Tornadus|move: Leech Seed
|
|-damage|p1a: Tornadus|59/100|[from] Leech Seed|[of] p2a: Draymond Green
|-heal|p2a: Draymond Green|62/100|[silent]
|upkeep
|turn|11
|
|t:|1655363599
|move|p2a: Draymond Green|Protect|p2a: Draymond Green
|-singleturn|p2a: Draymond Green|Protect
|move|p1a: Tornadus|Hurricane|p2a: Draymond Green
|-activate|p2a: Draymond Green|move: Protect
|
|-damage|p1a: Tornadus|47/100|[from] Leech Seed|[of] p2a: Draymond Green
|-heal|p2a: Draymond Green|74/100|[silent]
|upkeep
|turn|12
|
|t:|1655363608
|move|p1a: Tornadus|Heat Wave|p2a: Draymond Green
|-supereffective|p2a: Draymond Green
|-damage|p2a: Draymond Green|0 fnt
|faint|p2a: Draymond Green
|
|upkeep
|
|t:|1655363622
|switch|p2a: Klay Thompson|Pelipper, F, shiny|100/100
|-weather|RainDance|[from] ability: Drizzle|[of] p2a: Klay Thompson
|turn|13
|
|t:|1655363636
|move|p1a: Tornadus|U-turn|p2a: Klay Thompson
|-resisted|p2a: Klay Thompson
|-damage|p2a: Klay Thompson|95/100
|
|t:|1655363639
|switch|p1a: Rotom|Rotom-Wash|78/100|[from]move: U-turn
|move|p2a: Klay Thompson|U-turn|p1a: Rotom
|-damage|p1a: Rotom|68/100
|j| pokemon scarlatti
|
|t:|1655363653
|switch|p2a: Jordan Poole|Kingdra, F, shiny|100/100|[from]move: U-turn
|
|-weather|RainDance|[upkeep]
|-heal|p1a: Rotom|75/100|[from] item: Leftovers
|upkeep
|turn|14
|
|t:|1655363662
|switch|p1a: Landorus|Landorus-Therian, M|94/100
|-ability|p1a: Landorus|Intimidate|boost
|-unboost|p2a: Jordan Poole|atk|1
|move|p2a: Jordan Poole|Focus Energy|p2a: Jordan Poole
|-start|p2a: Jordan Poole|move: Focus Energy
|
|-weather|RainDance|[upkeep]
|-heal|p1a: Landorus|99/100|[from] item: Leftovers
|upkeep
|turn|15
|
|t:|1655363673
|move|p2a: Jordan Poole|Agility|p2a: Jordan Poole
|-boost|p2a: Jordan Poole|spe|2
|move|p1a: Landorus|Stealth Rock|p2a: Jordan Poole
|-sidestart|p2: Snurke|move: Stealth Rock
|
|-weather|RainDance|[upkeep]
|-heal|p1a: Landorus|100/100|[from] item: Leftovers
|upkeep
|turn|16
|
|t:|1655363682
|move|p2a: Jordan Poole|Surf|p1a: Landorus
|-supereffective|p1a: Landorus
|-crit|p1a: Landorus
|-damage|p1a: Landorus|0 fnt
|faint|p1a: Landorus
|
|-weather|RainDance|[upkeep]
|upkeep
|inactive|Battle timer is ON: inactive players will automatically lose when time's up. (requested by Snurke)
|
|t:|1655363691
|switch|p1a: Ferrothorn|Ferrothorn, F|100/100
|turn|17
|
|t:|1655363695
|move|p2a: Jordan Poole|Draco Meteor|p1a: Ferrothorn
|-resisted|p1a: Ferrothorn
|-crit|p1a: Ferrothorn
|-damage|p1a: Ferrothorn|43/100
|-unboost|p2a: Jordan Poole|spa|2
|move|p1a: Ferrothorn|Leech Seed|p2a: Jordan Poole
|-start|p2a: Jordan Poole|move: Leech Seed
|
|-weather|RainDance|[upkeep]
|-heal|p1a: Ferrothorn|50/100|[from] item: Leftovers
|-damage|p2a: Jordan Poole|88/100|[from] Leech Seed|[of] p1a: Ferrothorn
|-heal|p1a: Ferrothorn|60/100|[silent]
|upkeep
|turn|18
|
|t:|1655363706
|move|p2a: Jordan Poole|Draco Meteor|p1a: Ferrothorn
|-resisted|p1a: Ferrothorn
|-crit|p1a: Ferrothorn
|-damage|p1a: Ferrothorn|5/100
|-unboost|p2a: Jordan Poole|spa|2
|move|p1a: Ferrothorn|Knock Off|p2a: Jordan Poole
|-damage|p2a: Jordan Poole|60/100
|-enditem|p2a: Jordan Poole|Scope Lens|[from] move: Knock Off|[of] p1a: Ferrothorn
|
|-weather|RainDance|[upkeep]
|-heal|p1a: Ferrothorn|11/100|[from] item: Leftovers
|-damage|p2a: Jordan Poole|48/100|[from] Leech Seed|[of] p1a: Ferrothorn
|-heal|p1a: Ferrothorn|22/100|[silent]
|upkeep
|turn|19
|
|t:|1655363721
|switch|p1a: Rotom|Rotom-Wash|75/100
|move|p2a: Jordan Poole|Surf|p1a: Rotom
|-resisted|p1a: Rotom
|-crit|p1a: Rotom
|-damage|p1a: Rotom|18/100
|
|-weather|RainDance|[upkeep]
|-heal|p1a: Rotom|25/100|[from] item: Leftovers
|-damage|p2a: Jordan Poole|36/100|[from] Leech Seed|[of] p1a: Rotom
|-heal|p1a: Rotom|36/100|[silent]
|upkeep
|turn|20
|
|t:|1655363732
|move|p2a: Jordan Poole|Draco Meteor|p1a: Rotom
|-damage|p1a: Rotom|20/100
|-unboost|p2a: Jordan Poole|spa|2
|move|p1a: Rotom|Volt Switch|p2a: Jordan Poole
|-damage|p2a: Jordan Poole|4/100
|
|t:|1655363740
|switch|p1a: Ferrothorn|Ferrothorn, F|22/100|[from]move: Volt Switch
|
|-weather|none
|-heal|p1a: Ferrothorn|28/100|[from] item: Leftovers
|-damage|p2a: Jordan Poole|0 fnt|[from] Leech Seed|[of] p1a: Ferrothorn
|-heal|p1a: Ferrothorn|31/100|[silent]
|faint|p2a: Jordan Poole
|upkeep
|j| Ctannn
|
|t:|1655363767
|switch|p2a: Wiggins|Garchomp, M, shiny|100/100
|-damage|p2a: Wiggins|94/100|[from] Stealth Rock
|turn|21
|
|t:|1655363778
|move|p2a: Wiggins|Earthquake|p1a: Ferrothorn
|-damage|p1a: Ferrothorn|0 fnt
|faint|p1a: Ferrothorn
|
|-heal|p2a: Wiggins|100/100|[from] item: Leftovers
|upkeep
|
|t:|1655363785
|switch|p1a: Weavile|Weavile, F|100/100
|-ability|p1a: Weavile|Pressure
|turn|22
|j| Ran Kob
|
|t:|1655363789
|switch|p2a: Gary Payton II|Rotom-Wash, shiny|92/100
|-damage|p2a: Gary Payton II|79/100|[from] Stealth Rock
|move|p1a: Weavile|Triple Axel|p2a: Gary Payton II
|-resisted|p2a: Gary Payton II
|-damage|p2a: Gary Payton II|74/100
|-resisted|p2a: Gary Payton II
|-damage|p2a: Gary Payton II|63/100
|-hitcount|p2a: Gary Payton II|2
|
|upkeep
|turn|23
|
|t:|1655363807
|move|p2a: Gary Payton II|Volt Switch|p1a: Weavile
|-damage|p1a: Weavile|64/100
|
|t:|1655363811
|switch|p2a: Klay Thompson|Pelipper, F, shiny|95/100|[from]move: Volt Switch
|-damage|p2a: Klay Thompson|70/100|[from] Stealth Rock
|-weather|RainDance|[from] ability: Drizzle|[of] p2a: Klay Thompson
|move|p1a: Weavile|Knock Off|p2a: Klay Thompson
|-damage|p2a: Klay Thompson|33/100
|-enditem|p2a: Klay Thompson|Damp Rock|[from] move: Knock Off|[of] p1a: Weavile
|
|-weather|RainDance|[upkeep]
|upkeep
|turn|24
|
|t:|1655363828
|move|p1a: Weavile|Triple Axel|p2a: Klay Thompson
|-damage|p2a: Klay Thompson|26/100
|-damage|p2a: Klay Thompson|9/100
|-damage|p2a: Klay Thompson|0 fnt
|faint|p2a: Klay Thompson
|-hitcount|p2: Klay Thompson|3
|
|-weather|RainDance|[upkeep]
|upkeep
|
|t:|1655363833
|switch|p2a: Steph Curry|Barraskewda, F, shiny|100/100
|-damage|p2a: Steph Curry|88/100|[from] Stealth Rock
|turn|25
|
|t:|1655363846
|move|p1a: Weavile|Ice Shard|p2a: Steph Curry
|-resisted|p2a: Steph Curry
|-damage|p2a: Steph Curry|69/100
|move|p2a: Steph Curry|Flip Turn|p1a: Weavile
|-damage|p1a: Weavile|0 fnt
|faint|p1a: Weavile
|
|t:|1655363849
|switch|p2a: Gary Payton II|Rotom-Wash, shiny|63/100|[from]move: Flip Turn
|-damage|p2a: Gary Payton II|50/100|[from] Stealth Rock
|
|-weather|RainDance|[upkeep]
|upkeep
|j| yinniy
|
|t:|1655363863
|switch|p1a: Tornadus|Tornadus-Therian, M|80/100
|turn|26
|
|t:|1655363869
|move|p2a: Gary Payton II|Volt Switch|p1a: Tornadus
|-supereffective|p1a: Tornadus
|-damage|p1a: Tornadus|28/100
|
|t:|1655363875
|switch|p2a: Steph Curry|Barraskewda, F, shiny|69/100|[from]move: Volt Switch
|-damage|p2a: Steph Curry|57/100|[from] Stealth Rock
|move|p1a: Tornadus|U-turn|p2a: Steph Curry
|-damage|p2a: Steph Curry|31/100
|
|t:|1655363882
|switch|p1a: Rotom|Rotom-Wash|20/100|[from]move: U-turn
|
|-weather|RainDance|[upkeep]
|-heal|p1a: Rotom|26/100|[from] item: Leftovers
|upkeep
|turn|27
|
|t:|1655363889
|move|p2a: Steph Curry|Liquidation|p1a: Rotom
|-resisted|p1a: Rotom
|-damage|p1a: Rotom|0 fnt
|faint|p1a: Rotom
|
|-weather|RainDance|[upkeep]
|upkeep
|
|t:|1655363896
|switch|p1a: Dragapult|Dragapult, M|100/100
|turn|28
|
|t:|1655363899
|move|p2a: Steph Curry|Liquidation|p1a: Dragapult
|-resisted|p1a: Dragapult
|-damage|p1a: Dragapult|28/100
|move|p1a: Dragapult|Shadow Ball|p2a: Steph Curry
|-damage|p2a: Steph Curry|0 fnt
|faint|p2a: Steph Curry
|
|-weather|RainDance|[upkeep]
|upkeep
|
|t:|1655363927
|switch|p2a: Wiggins|Garchomp, M, shiny|100/100
|-damage|p2a: Wiggins|94/100|[from] Stealth Rock
|turn|29
|
|t:|1655363933
|switch|p1a: Tornadus|Tornadus-Therian, M|62/100
|move|p2a: Wiggins|Scale Shot|p1a: Tornadus|[miss]
|-miss|p2a: Wiggins|p1a: Tornadus
|
|-weather|RainDance|[upkeep]
|-heal|p2a: Wiggins|100/100|[from] item: Leftovers
|upkeep
|turn|30
|j| Jjjddd
|l| Jjjddd
|
|t:|1655363942
|move|p1a: Tornadus|Hurricane|p2a: Wiggins
|-damage|p2a: Wiggins|55/100
|move|p2a: Wiggins|Scale Shot|p1a: Tornadus
|-damage|p1a: Tornadus|47/100
|-damage|p1a: Tornadus|31/100
|-hitcount|p1a: Tornadus|2
|-unboost|p2a: Wiggins|def|1
|-boost|p2a: Wiggins|spe|1
|
|-weather|none
|-heal|p2a: Wiggins|61/100|[from] item: Leftovers
|upkeep
|turn|31
|
|t:|1655363955
|switch|p1a: Dragapult|Dragapult, M|28/100
|move|p2a: Wiggins|Scale Shot|p1a: Dragapult
|-supereffective|p1a: Dragapult
|-damage|p1a: Dragapult|0 fnt
|faint|p1a: Dragapult
|-hitcount|p1: Dragapult|1
|-unboost|p2a: Wiggins|def|1
|-boost|p2a: Wiggins|spe|1
|
|-heal|p2a: Wiggins|67/100|[from] item: Leftovers
|upkeep
|-message|damorush forfeited.
|
|win|Snurke
|raw|damorush's rating: 1521 &rarr; <strong>1503</strong><br />(-18 for losing)
|raw|Snurke's rating: 1561 &rarr; <strong>1579</strong><br />(+18 for winning)
|l|☆damorush
