|raw|<div class="broadcast-blue"><strong>This battle is required to be public due to a player having a name starting with 'lt92pf'.</div>
|j|☆Hostile Takeovers
|j|☆LT92PF Highv0ltag3
|t:|1659859258
|gametype|singles
|player|p1|Hostile Takeovers|giovanni-gen3|1863
|player|p2|LT92PF Highv0ltag3|volo|1850
|teamsize|p1|6
|teamsize|p2|6
|gen|8
|tier|[Gen 8] OU
|rated|
|rule|Sleep Clause Mod: Limit one foe put to sleep
|rule|Species Clause: Limit one of each Pokémon
|rule|OHKO Clause: OHKO moves are banned
|rule|Evasion Items Clause: Evasion items are banned
|rule|Evasion Moves Clause: Evasion moves are banned
|rule|Endless Battle Clause: Forcing endless battles is banned
|rule|HP Percentage Mod: HP is shown in percentages
|rule|Dynamax Clause: You cannot dynamax
|clearpoke
|poke|p1|Dragonite, M|
|poke|p1|Skarmory, M|
|poke|p1|Azumarill, F|
|poke|p1|Heatran, F|
|poke|p1|Rillaboom, M|
|poke|p1|Zapdos|
|poke|p2|Porygon-Z|
|poke|p2|Toxapex, F|
|poke|p2|Corviknight, F|
|poke|p2|Urshifu-*, M|
|poke|p2|Landorus-Therian, M|
|poke|p2|Mew|
|teampreview
|inactive|Battle timer is ON: inactive players will automatically lose when time's up. (requested by Hostile Takeovers)
|
|t:|1659859269
|start
|switch|p1a: Rillaboom|Rillaboom, M|100/100
|switch|p2a: Urshifu|Urshifu-Rapid-Strike, M|100/100
|-fieldstart|move: Grassy Terrain|[from] ability: Grassy Surge|[of] p1a: Rillaboom
|turn|1
|j| shinomiya touka
|
|t:|1659859276
|move|p2a: Urshifu|U-turn|p1a: Rillaboom
|-supereffective|p1a: Rillaboom
|-damage|p1a: Rillaboom|15/100
|
|t:|1659859279
|switch|p2a: Corviknight|Corviknight, F|100/100|[from]move: U-turn
|-ability|p2a: Corviknight|Pressure
|move|p1a: Rillaboom|U-turn|p2a: Corviknight
|-resisted|p2a: Corviknight
|-damage|p2a: Corviknight|94/100
|j| RNN YasuKe
|j| csampsonn
|
|t:|1659859287
|switch|p1a: Heatran|Heatran, F|100/100|[from]move: U-turn
|
|-heal|p2a: Corviknight|99/100|[from] item: Leftovers
|upkeep
|turn|2
|
|t:|1659859292
|move|p1a: Heatran|Stealth Rock|p2a: Corviknight
|-sidestart|p2: LT92PF Highv0ltag3|move: Stealth Rock
|move|p2a: Corviknight|U-turn|p1a: Heatran
|-resisted|p1a: Heatran
|-damage|p1a: Heatran|98/100
|
|t:|1659859294
|switch|p2a: Urshifu|Urshifu-Rapid-Strike, M|100/100|[from]move: U-turn
|-damage|p2a: Urshifu|94/100|[from] Stealth Rock
|
|-heal|p2a: Urshifu|100/100|[from] Grassy Terrain
|-heal|p1a: Heatran|100/100|[from] Grassy Terrain
|upkeep
|turn|3
|j| 00x00x00
|j| altcuzimbad
|
|t:|1659859301
|switch|p1a: Dragonite|Dragonite, M|100/100
|move|p2a: Urshifu|U-turn|p1a: Dragonite
|-resisted|p1a: Dragonite
|-damage|p1a: Dragonite|93/100
|
|t:|1659859305
|switch|p2a: Mew|Mew|100/100|[from]move: U-turn
|-damage|p2a: Mew|88/100|[from] Stealth Rock
|
|-heal|p2a: Mew|94/100|[from] Grassy Terrain
|upkeep
|turn|4
|
|t:|1659859312
|switch|p1a: Heatran|Heatran, F|100/100
|move|p2a: Mew|U-turn|p1a: Heatran
|-resisted|p1a: Heatran
|-damage|p1a: Heatran|96/100
|
|t:|1659859314
|switch|p2a: Urshifu|Urshifu-Rapid-Strike, M|100/100|[from]move: U-turn
|-damage|p2a: Urshifu|94/100|[from] Stealth Rock
|
|-heal|p2a: Urshifu|100/100|[from] Grassy Terrain
|-heal|p1a: Heatran|100/100|[from] Grassy Terrain
|upkeep
|turn|5
|j| LT92PF Maya
|j| poopy d poopy
|
|t:|1659859326
|switch|p1a: Zapdos|Zapdos|100/100
|-ability|p1a: Zapdos|Pressure
|move|p2a: Urshifu|U-turn|p1a: Zapdos
|-resisted|p1a: Zapdos
|-damage|p1a: Zapdos|78/100
|
|t:|1659859328
|switch|p2a: Porygon-Z|Porygon-Z|100/100|[from]move: U-turn
|-damage|p2a: Porygon-Z|88/100|[from] Stealth Rock
|-ability|p2a: Porygon-Z|Download|boost
|-boost|p2a: Porygon-Z|atk|1
|
|-heal|p2a: Porygon-Z|94/100|[from] Grassy Terrain
|-fieldend|move: Grassy Terrain
|upkeep
|turn|6
|j| vo1kner
|
|t:|1659859352
|switch|p1a: Heatran|Heatran, F|100/100
|move|p2a: Porygon-Z|Thunderbolt|p1a: Heatran
|-damage|p1a: Heatran|69/100
|
|-heal|p1a: Heatran|75/100|[from] item: Leftovers
|upkeep
|turn|7
|
|t:|1659859359
|switch|p2a: Urshifu|Urshifu-Rapid-Strike, M|100/100
|-damage|p2a: Urshifu|94/100|[from] Stealth Rock
|move|p1a: Heatran|Magma Storm|p2a: Urshifu|[miss]
|-miss|p1a: Heatran|p2a: Urshifu
|
|-heal|p1a: Heatran|81/100|[from] item: Leftovers
|upkeep
|turn|8
|
|t:|1659859370
|switch|p1a: Dragonite|Dragonite, M|93/100
|move|p2a: Urshifu|U-turn|p1a: Dragonite
|-resisted|p1a: Dragonite
|-damage|p1a: Dragonite|77/100
|
|t:|1659859373
|switch|p2a: Porygon-Z|Porygon-Z|94/100|[from]move: U-turn
|-damage|p2a: Porygon-Z|82/100|[from] Stealth Rock
|-ability|p2a: Porygon-Z|Download|boost
|-boost|p2a: Porygon-Z|spa|1
|
|upkeep
|turn|9
|
|t:|1659859381
|switch|p1a: Heatran|Heatran, F|81/100
|move|p2a: Porygon-Z|Thunderbolt|p1a: Heatran
|-damage|p1a: Heatran|33/100
|
|-heal|p1a: Heatran|39/100|[from] item: Leftovers
|upkeep
|turn|10
|
|t:|1659859395
|move|p2a: Porygon-Z|Thunderbolt|p1a: Heatran
|-damage|p1a: Heatran|0 fnt
|faint|p1a: Heatran
|
|upkeep
|j| Brando4869
|
|t:|1659859405
|switch|p1a: Zapdos|Zapdos|78/100
|-ability|p1a: Zapdos|Pressure
|turn|11
|
|t:|1659859409
|move|p1a: Zapdos|Toxic|p2a: Porygon-Z
|-status|p2a: Porygon-Z|tox
|move|p2a: Porygon-Z|Thunderbolt|p1a: Zapdos
|-damage|p1a: Zapdos|0 fnt
|faint|p1a: Zapdos
|
|-damage|p2a: Porygon-Z|75/100 tox|[from] psn
|upkeep
|
|t:|1659859423
|switch|p1a: Dragonite|Dragonite, M|77/100
|turn|12
|
|t:|1659859427
|move|p2a: Porygon-Z|Thunderbolt|p1a: Dragonite
|-damage|p1a: Dragonite|18/100
|move|p1a: Dragonite|Dragon Dance|p1a: Dragonite
|-boost|p1a: Dragonite|atk|1
|-boost|p1a: Dragonite|spe|1
|
|-damage|p2a: Porygon-Z|63/100 tox|[from] psn
|upkeep
|turn|13
|
|t:|1659859432
|switch|p2a: Mew|Mew|94/100
|-damage|p2a: Mew|82/100|[from] Stealth Rock
|move|p1a: Dragonite|Roost|p1a: Dragonite
|-heal|p1a: Dragonite|69/100
|-singleturn|p1a: Dragonite|move: Roost
|
|upkeep
|turn|14
|
|t:|1659859435
|move|p2a: Mew|Triple Axel|p1a: Dragonite
|-supereffective|p1a: Dragonite
|-damage|p1a: Dragonite|46/100
|-supereffective|p1a: Dragonite
|-damage|p1a: Dragonite|5/100
|-supereffective|p1a: Dragonite
|-damage|p1a: Dragonite|0 fnt
|faint|p1a: Dragonite
|-hitcount|p1: Dragonite|3
|
|upkeep
|
|t:|1659859444
|switch|p1a: Azumarill|Azumarill, F|100/100
|turn|15
|
|t:|1659859448
|move|p2a: Mew|Triple Axel|p1a: Azumarill
|-resisted|p1a: Azumarill
|-damage|p1a: Azumarill|96/100
|-resisted|p1a: Azumarill
|-damage|p1a: Azumarill|88/100
|-resisted|p1a: Azumarill
|-damage|p1a: Azumarill|77/100
|-hitcount|p1a: Azumarill|3
|move|p1a: Azumarill|Belly Drum|p1a: Azumarill
|-damage|p1a: Azumarill|27/100
|-setboost|p1a: Azumarill|atk|6|[from] move: Belly Drum
|-enditem|p1a: Azumarill|Sitrus Berry|[eat]
|-heal|p1a: Azumarill|52/100|[from] item: Sitrus Berry
|
|upkeep
|turn|16
|
|t:|1659859461
|move|p1a: Azumarill|Aqua Jet|p2a: Mew
|-damage|p2a: Mew|0 fnt
|faint|p2a: Mew
|
|upkeep
|
|t:|1659859473
|switch|p2a: Landorus|Landorus-Therian, M|100/100
|-damage|p2a: Landorus|88/100|[from] Stealth Rock
|-ability|p2a: Landorus|Intimidate|boost
|-unboost|p1a: Azumarill|atk|1
|turn|17
|
|t:|1659859484
|switch|p2a: Porygon-Z|Porygon-Z|63/100 tox
|-damage|p2a: Porygon-Z|51/100 tox|[from] Stealth Rock
|-ability|p2a: Porygon-Z|Download|boost
|-boost|p2a: Porygon-Z|spa|1
|move|p1a: Azumarill|Aqua Jet|p2a: Porygon-Z
|-damage|p2a: Porygon-Z|0 fnt
|faint|p2a: Porygon-Z
|
|upkeep
|
|t:|1659859486
|switch|p2a: Landorus|Landorus-Therian, M|88/100
|-damage|p2a: Landorus|76/100|[from] Stealth Rock
|-ability|p2a: Landorus|Intimidate|boost
|-unboost|p1a: Azumarill|atk|1
|turn|18
|
|t:|1659859499
|move|p1a: Azumarill|Aqua Jet|p2a: Landorus
|-supereffective|p2a: Landorus
|-damage|p2a: Landorus|0 fnt
|faint|p2a: Landorus
|
|upkeep
|
|t:|1659859503
|switch|p2a: Toxapex|Toxapex, F|100/100
|-damage|p2a: Toxapex|88/100|[from] Stealth Rock
|turn|19
|
|t:|1659859508
|move|p1a: Azumarill|Knock Off|p2a: Toxapex
|-damage|p2a: Toxapex|17/100
|-enditem|p2a: Toxapex|Black Sludge|[from] move: Knock Off|[of] p1a: Azumarill
|move|p2a: Toxapex|Recover|p2a: Toxapex
|-heal|p2a: Toxapex|67/100
|
|upkeep
|turn|20
|
|t:|1659859528
|switch|p1a: Rillaboom|Rillaboom, M|15/100
|-fieldstart|move: Grassy Terrain|[from] ability: Grassy Surge|[of] p1a: Rillaboom
|move|p2a: Toxapex|Haze|p2a: Toxapex
|-clearallboost
|
|-heal|p1a: Rillaboom|22/100|[from] Grassy Terrain
|-heal|p2a: Toxapex|74/100|[from] Grassy Terrain
|upkeep
|turn|21
|
|t:|1659859540
|switch|p2a: Corviknight|Corviknight, F|99/100
|-damage|p2a: Corviknight|88/100|[from] Stealth Rock
|-ability|p2a: Corviknight|Pressure
|move|p1a: Rillaboom|U-turn|p2a: Corviknight
|-resisted|p2a: Corviknight
|-damage|p2a: Corviknight|81/100
|j| LT92PF line
|l| poopy d poopy
|
|t:|1659859550
|switch|p1a: Azumarill|Azumarill, F|52/100|[from]move: U-turn
|
|-heal|p1a: Azumarill|58/100|[from] Grassy Terrain
|-heal|p2a: Corviknight|87/100|[from] item: Leftovers
|upkeep
|turn|22
|
|t:|1659859560
|move|p1a: Azumarill|Knock Off|p2a: Corviknight
|-damage|p2a: Corviknight|63/100
|-enditem|p2a: Corviknight|Leftovers|[from] move: Knock Off|[of] p1a: Azumarill
|move|p2a: Corviknight|Brave Bird|p1a: Azumarill
|-damage|p1a: Azumarill|17/100
|-damage|p2a: Corviknight|52/100|[from] Recoil
|
|-heal|p1a: Azumarill|23/100|[from] Grassy Terrain
|upkeep
|turn|23
|
|t:|1659859570
|switch|p1a: Skarmory|Skarmory, M|100/100
|move|p2a: Corviknight|Roost|p2a: Corviknight
|-heal|p2a: Corviknight|100/100
|-singleturn|p2a: Corviknight|move: Roost
|
|upkeep
|turn|24
|
|t:|1659859579
|move|p1a: Skarmory|Spikes|p2a: Corviknight
|-sidestart|p2: LT92PF Highv0ltag3|Spikes
|move|p2a: Corviknight|Defog|p1a: Skarmory
|-unboost|p1a: Skarmory|evasion|1
|-sideend|p2: LT92PF Highv0ltag3|Spikes|[from] move: Defog|[of] p2a: Corviknight
|-sideend|p2: LT92PF Highv0ltag3|Stealth Rock|[from] move: Defog|[of] p2a: Corviknight
|-fieldend|move: Grassy Terrain
|
|upkeep
|turn|25
|
|t:|1659859586
|switch|p2a: Toxapex|Toxapex, F|100/100
|move|p1a: Skarmory|Spikes|p2a: Toxapex
|-sidestart|p2: LT92PF Highv0ltag3|Spikes
|
|upkeep
|turn|26
|
|t:|1659859595
|move|p1a: Skarmory|Spikes|p2a: Toxapex
|-sidestart|p2: LT92PF Highv0ltag3|Spikes
|move|p2a: Toxapex|Scald|p1a: Skarmory
|-damage|p1a: Skarmory|77/100
|-status|p1a: Skarmory|brn
|
|-damage|p1a: Skarmory|71/100 brn|[from] brn
|upkeep
|turn|27
|
|t:|1659859603
|move|p2a: Toxapex|Scald|p1a: Skarmory
|-damage|p1a: Skarmory|48/100 brn
|move|p1a: Skarmory|Whirlwind|p2a: Toxapex
|drag|p2a: Urshifu|Urshifu-Rapid-Strike, M|94/100
|-damage|p2a: Urshifu|78/100|[from] Spikes
|
|-damage|p1a: Skarmory|42/100 brn|[from] brn
|upkeep
|turn|28
|
|t:|1659859617
|move|p2a: Urshifu|Close Combat|p1a: Skarmory
|-damage|p1a: Skarmory|0 fnt
|-unboost|p2a: Urshifu|def|1
|-unboost|p2a: Urshifu|spd|1
|-damage|p2a: Urshifu|61/100|[from] item: Rocky Helmet|[of] p1a: Skarmory
|faint|p1a: Skarmory
|
|upkeep
|
|t:|1659859625
|switch|p1a: Rillaboom|Rillaboom, M|22/100
|-fieldstart|move: Grassy Terrain|[from] ability: Grassy Surge|[of] p1a: Rillaboom
|turn|29
|
|t:|1659859629
|move|p1a: Rillaboom|Grassy Glide|p2a: Urshifu
|-supereffective|p2a: Urshifu
|-damage|p2a: Urshifu|0 fnt
|faint|p2a: Urshifu
|
|-heal|p1a: Rillaboom|28/100|[from] Grassy Terrain
|upkeep
|
|t:|1659859631
|switch|p2a: Corviknight|Corviknight, F|100/100
|-ability|p2a: Corviknight|Pressure
|turn|30
|
|t:|1659859640
|switch|p1a: Azumarill|Azumarill, F|23/100
|move|p2a: Corviknight|Brave Bird|p1a: Azumarill
|-damage|p1a: Azumarill|0 fnt
|faint|p1a: Azumarill
|-damage|p2a: Corviknight|94/100|[from] Recoil
|
|upkeep
|
|t:|1659859645
|switch|p1a: Rillaboom|Rillaboom, M|28/100
|turn|31
|
|t:|1659859647
|move|p1a: Rillaboom|Superpower|p2a: Corviknight
|-damage|p2a: Corviknight|49/100
|-unboost|p1a: Rillaboom|atk|1
|-unboost|p1a: Rillaboom|def|1
|move|p2a: Corviknight|Brave Bird|p1a: Rillaboom
|-supereffective|p1a: Rillaboom
|-damage|p1a: Rillaboom|0 fnt
|faint|p1a: Rillaboom
|-damage|p2a: Corviknight|41/100|[from] Recoil
|
|win|LT92PF Highv0ltag3
|raw|Hostile Takeovers's rating: 1863 &rarr; <strong>1842</strong><br />(-21 for losing)
|raw|LT92PF Highv0ltag3's rating: 1850 &rarr; <strong>1871</strong><br />(+21 for winning)
|l|☆Hostile Takeovers
|l|☆LT92PF Highv0ltag3
|l| vo1kner
