|j|☆thepoopidoopi
|j|☆iopkj09
|t:|1662901230
|gametype|singles
|player|p1|thepoopidoopi|swimmerfjp-gen2|1486
|player|p2|iopkj09|nate|1514
|teamsize|p1|6
|teamsize|p2|6
|gen|8
|tier|[Gen 8] OU
|rated|
|rule|Sleep Clause Mod: Limit one foe put to sleep
|rule|Species Clause: Limit one of each Pokémon
|rule|OHKO Clause: OHKO moves are banned
|rule|Evasion Items Clause: Evasion items are banned
|rule|Evasion Moves Clause: Evasion moves are banned
|rule|Endless Battle Clause: Forcing endless battles is banned
|rule|HP Percentage Mod: HP is shown in percentages
|rule|Dynamax Clause: You cannot dynamax
|clearpoke
|poke|p1|Landorus-Therian, M|
|poke|p1|Ferrothorn, F|
|poke|p1|Seismitoad, M|
|poke|p1|Tornadus-Therian, M|
|poke|p1|Dragapult, M|
|poke|p1|Mamoswine, F|
|poke|p2|Garchomp, M|
|poke|p2|Mamoswine, M|
|poke|p2|Zapdos|
|poke|p2|Rillaboom, M|
|poke|p2|Tapu Lele|
|poke|p2|Kartana|
|teampreview
|inactive|Battle timer is ON: inactive players will automatically lose when time's up. (requested by iopkj09)
|
|t:|1662901241
|start
|switch|p1a: Dragapult|Dragapult, M, shiny|100/100
|switch|p2a: Tapu Lele|Tapu Lele|100/100
|-fieldstart|move: Psychic Terrain|[from] ability: Psychic Surge|[of] p2a: Tapu Lele
|turn|1
|
|t:|1662901246
|switch|p1a: Ferrothorn|Ferrothorn, F, shiny|100/100
|move|p2a: Tapu Lele|Psychic|p1a: Ferrothorn
|-resisted|p1a: Ferrothorn
|-damage|p1a: Ferrothorn|58/100
|
|upkeep
|turn|2
|
|t:|1662901250
|move|p2a: Tapu Lele|Psychic|p1a: Ferrothorn
|-resisted|p1a: Ferrothorn
|-damage|p1a: Ferrothorn|16/100
|move|p1a: Ferrothorn|Leech Seed|p2a: Tapu Lele
|-start|p2a: Tapu Lele|move: Leech Seed
|
|-damage|p2a: Tapu Lele|88/100|[from] Leech Seed|[of] p1a: Ferrothorn
|-heal|p1a: Ferrothorn|25/100|[silent]
|upkeep
|turn|3
|
|t:|1662901266
|move|p2a: Tapu Lele|Psychic|p1a: Ferrothorn
|-resisted|p1a: Ferrothorn
|-damage|p1a: Ferrothorn|0 fnt
|faint|p1a: Ferrothorn
|
|upkeep
|
|t:|1662901268
|switch|p1a: Dragapult|Dragapult, M, shiny|100/100
|turn|4
|
|t:|1662901273
|move|p1a: Dragapult|Shadow Ball|p2a: Tapu Lele
|-supereffective|p2a: Tapu Lele
|-damage|p2a: Tapu Lele|0 fnt
|faint|p2a: Tapu Lele
|
|upkeep
|
|t:|1662901277
|switch|p2a: Kartana|Kartana, shiny|100/100
|turn|5
|
|t:|1662901282
|switch|p2a: Mamoswine|Mamoswine, M|100/100
|switch|p1a: Tornadus|Tornadus-Therian, M, shiny|100/100
|
|-fieldend|move: Psychic Terrain
|upkeep
|turn|6
|
|t:|1662901285
|move|p1a: Tornadus|U-turn|p2a: Mamoswine
|-damage|p2a: Mamoswine|84/100
|
|t:|1662901289
|switch|p1a: Mamoswine|Mamoswine, F, shiny|100/100|[from]move: U-turn
|move|p2a: Mamoswine|Icicle Crash|p1a: Mamoswine
|-damage|p1a: Mamoswine|75/100
|
|upkeep
|turn|7
|
|t:|1662901296
|move|p1a: Mamoswine|Icicle Crash|p2a: Mamoswine
|-damage|p2a: Mamoswine|6/100
|move|p2a: Mamoswine|Iron Head|p1a: Mamoswine
|-supereffective|p1a: Mamoswine
|-damage|p1a: Mamoswine|10/100
|
|upkeep
|turn|8
|
|t:|1662901301
|move|p2a: Mamoswine|Ice Shard|p1a: Mamoswine
|-damage|p1a: Mamoswine|0 fnt
|faint|p1a: Mamoswine
|
|upkeep
|
|t:|1662901305
|switch|p1a: Seismitoad|Seismitoad, M, shiny|100/100
|turn|9
|
|t:|1662901314
|move|p1a: Seismitoad|Knock Off|p2a: Mamoswine
|-damage|p2a: Mamoswine|0 fnt
|-enditem|p2a: Mamoswine|Focus Sash|[from] move: Knock Off|[of] p1a: Seismitoad
|faint|p2a: Mamoswine
|
|upkeep
|
|t:|1662901320
|switch|p2a: Rillaboom|Rillaboom, M|100/100
|-fieldstart|move: Grassy Terrain|[from] ability: Grassy Surge|[of] p2a: Rillaboom
|turn|10
|
|t:|1662901323
|switch|p1a: Tornadus|Tornadus-Therian, M, shiny|100/100
|switch|p2a: Zapdos|Zapdos, shiny|100/100
|
|upkeep
|turn|11
|
|t:|1662901326
|switch|p1a: Landorus|Landorus-Therian, M, shiny|100/100
|-ability|p1a: Landorus|Intimidate|boost
|-unboost|p2a: Zapdos|atk|1
|move|p2a: Zapdos|Hurricane|p1a: Landorus
|-damage|p1a: Landorus|60/100
|
|-heal|p1a: Landorus|66/100|[from] item: Leftovers
|upkeep
|turn|12
|
|t:|1662901330
|move|p2a: Zapdos|Hurricane|p1a: Landorus
|-damage|p1a: Landorus|22/100
|move|p1a: Landorus|U-turn|p2a: Zapdos
|-resisted|p2a: Zapdos
|-damage|p2a: Zapdos|87/100
|
|t:|1662901333
|switch|p1a: Dragapult|Dragapult, M, shiny|100/100|[from]move: U-turn
|
|upkeep
|turn|13
|
|t:|1662901335
|move|p1a: Dragapult|Shadow Ball|p2a: Zapdos
|-damage|p2a: Zapdos|28/100
|move|p2a: Zapdos|Thunder Wave|p1a: Dragapult
|-status|p1a: Dragapult|par
|
|upkeep
|turn|14
|
|t:|1662901339
|move|p2a: Zapdos|Thunderbolt|p1a: Dragapult
|-resisted|p1a: Dragapult
|-damage|p1a: Dragapult|67/100 par
|move|p1a: Dragapult|Shadow Ball|p2a: Zapdos
|-damage|p2a: Zapdos|0 fnt
|faint|p2a: Zapdos
|
|-heal|p1a: Dragapult|73/100 par|[from] Grassy Terrain
|-fieldend|move: Grassy Terrain
|upkeep
|
|t:|1662901342
|switch|p2a: Kartana|Kartana, shiny|100/100
|turn|15
|
|t:|1662901347
|switch|p1a: Tornadus|Tornadus-Therian, M, shiny|100/100
|move|p2a: Kartana|Knock Off|p1a: Tornadus
|-damage|p1a: Tornadus|51/100
|-enditem|p1a: Tornadus|Heavy-Duty Boots|[from] move: Knock Off|[of] p2a: Kartana
|
|upkeep
|turn|16
|
|t:|1662901356
|switch|p2a: Garchomp|Garchomp, M, shiny|100/100
|switch|p1a: Dragapult|Dragapult, M, shiny|73/100 par
|
|upkeep
|turn|17
|
|t:|1662901362
|move|p2a: Garchomp|Earthquake|p1a: Dragapult
|-damage|p1a: Dragapult|4/100 par
|move|p1a: Dragapult|Draco Meteor|p2a: Garchomp
|-supereffective|p2a: Garchomp
|-damage|p2a: Garchomp|0 fnt
|-unboost|p1a: Dragapult|spa|2
|faint|p2a: Garchomp
|
|upkeep
|
|t:|1662901365
|switch|p2a: Kartana|Kartana, shiny|100/100
|turn|18
|
|t:|1662901377
|switch|p1a: Landorus|Landorus-Therian, M, shiny|22/100
|-ability|p1a: Landorus|Intimidate|boost
|-unboost|p2a: Kartana|atk|1
|move|p2a: Kartana|Leaf Blade|p1a: Landorus
|-damage|p1a: Landorus|0 fnt
|faint|p1a: Landorus
|-ability|p2a: Kartana|Beast Boost|boost
|-boost|p2a: Kartana|atk|1
|
|upkeep
|
|t:|1662901381
|switch|p1a: Tornadus|Tornadus-Therian, M, shiny|84/100
|turn|19
|
|t:|1662901388
|move|p2a: Kartana|Leaf Blade|p1a: Tornadus
|-resisted|p1a: Tornadus
|-crit|p1a: Tornadus
|-damage|p1a: Tornadus|32/100
|move|p1a: Tornadus|Hurricane|p2a: Kartana
|-damage|p2a: Kartana|0 fnt
|faint|p2a: Kartana
|
|upkeep
|
|t:|1662901392
|switch|p2a: Rillaboom|Rillaboom, M|100/100
|-fieldstart|move: Grassy Terrain|[from] ability: Grassy Surge|[of] p2a: Rillaboom
|turn|20
|
|t:|1662901397
|switch|p1a: Dragapult|Dragapult, M, shiny|4/100 par
|move|p2a: Rillaboom|Grassy Glide|p1a: Dragapult
|-resisted|p1a: Dragapult
|-damage|p1a: Dragapult|0 fnt
|faint|p1a: Dragapult
|-damage|p2a: Rillaboom|91/100|[from] item: Life Orb
|
|-heal|p2a: Rillaboom|97/100|[from] Grassy Terrain
|upkeep
|
|t:|1662901400
|switch|p1a: Tornadus|Tornadus-Therian, M, shiny|65/100
|turn|21
|
|t:|1662901403
|move|p1a: Tornadus|Hurricane|p2a: Rillaboom
|-supereffective|p2a: Rillaboom
|-damage|p2a: Rillaboom|0 fnt
|faint|p2a: Rillaboom
|
|win|thepoopidoopi
|raw|thepoopidoopi's rating: 1486 &rarr; <strong>1508</strong><br />(+22 for winning)
|raw|iopkj09's rating: 1514 &rarr; <strong>1492</strong><br />(-22 for losing)
|l|☆iopkj09
|c|☆thepoopidoopi|gg
||Ladder isn't responding, score probably updated but might not have (Request timeout).
