|j|☆derl
|j|☆Wheezer
|t:|1651619397
|gametype|singles
|player|p1|derl|worker-gen4|1449
|player|p2|Wheezer|petrel|1451
|teamsize|p1|6
|teamsize|p2|6
|gen|8
|tier|[Gen 8] OU
|rated|
|rule|Sleep Clause Mod: Limit one foe put to sleep
|rule|Species Clause: Limit one of each Pokémon
|rule|OHKO Clause: OHKO moves are banned
|rule|Evasion Moves Clause: Evasion moves are banned
|rule|Endless Battle Clause: Forcing endless battles is banned
|rule|HP Percentage Mod: HP is shown in percentages
|rule|Dynamax Clause: You cannot dynamax
|clearpoke
|poke|p1|Salazzle, F|
|poke|p1|Tapu Lele|
|poke|p1|Swampert, M|
|poke|p1|Zapdos|
|poke|p1|Ferrothorn, F|
|poke|p1|Buzzwole|
|poke|p2|Landorus-Therian, M|
|poke|p2|Persian-Alola, M|
|poke|p2|Hatterene, F|
|poke|p2|Vaporeon, F|
|poke|p2|Dragonite, M|
|poke|p2|Frosmoth, M|
|teampreview
|
|t:|1651619421
|start
|switch|p1a: Salazzle|Salazzle, F|100/100
|switch|p2a: Persian|Persian-Alola, M|100/100
|turn|1
|
|t:|1651619428
|move|p2a: Persian|Switcheroo|p1a: Salazzle
|-activate|p2a: Persian|move: Trick|[of] p1a: Salazzle
|-item|p1a: Salazzle|Choice Scarf|[from] move: Switcheroo
|-item|p2a: Persian|Salac Berry|[from] move: Switcheroo
|move|p1a: Salazzle|Substitute|p1a: Salazzle
|-start|p1a: Salazzle|Substitute
|-damage|p1a: Salazzle|76/100
|
|upkeep
|turn|2
|
|t:|1651619437
|switch|p1a: Buzzwole|Buzzwole|100/100
|move|p2a: Persian|Knock Off|p1a: Buzzwole
|-resisted|p1a: Buzzwole
|-damage|p1a: Buzzwole|94/100
|-enditem|p1a: Buzzwole|Assault Vest|[from] move: Knock Off|[of] p2a: Persian
|
|upkeep
|turn|3
|inactive|Battle timer is ON: inactive players will automatically lose when time's up. (requested by derl)
|inactive|Wheezer has 120 seconds left.
|
|t:|1651619506
|move|p2a: Persian|Toxic|p1a: Buzzwole
|-status|p1a: Buzzwole|tox
|move|p1a: Buzzwole|Ice Punch|p2a: Persian
|-damage|p2a: Persian|88/100
|
|-damage|p1a: Buzzwole|88/100 tox|[from] psn
|upkeep
|turn|4
|
|t:|1651619514
|move|p2a: Persian|Parting Shot|p1a: Buzzwole
|-unboost|p1a: Buzzwole|atk|1
|-unboost|p1a: Buzzwole|spa|1
|
|t:|1651619518
|switch|p2a: Landorus|Landorus-Therian, M|100/100|[from]move: Parting Shot
|-ability|p2a: Landorus|Intimidate|boost
|-unboost|p1a: Buzzwole|atk|1
|move|p1a: Buzzwole|Drain Punch|p2a: Landorus
|-resisted|p2a: Landorus
|-damage|p2a: Landorus|93/100
|-heal|p1a: Buzzwole|91/100 tox|[from] drain|[of] p2a: Landorus
|
|-heal|p2a: Landorus|99/100|[from] item: Leftovers
|-damage|p1a: Buzzwole|79/100 tox|[from] psn
|upkeep
|turn|5
|
|t:|1651619526
|move|p2a: Landorus|U-turn|p1a: Buzzwole
|-resisted|p1a: Buzzwole
|-damage|p1a: Buzzwole|72/100 tox
|
|t:|1651619537
|switch|p2a: Vaporeon|Vaporeon, F|100/100|[from]move: U-turn
|move|p1a: Buzzwole|Ice Punch|p2a: Vaporeon
|-resisted|p2a: Vaporeon
|-damage|p2a: Vaporeon|96/100
|
|-heal|p2a: Vaporeon|100/100|[from] item: Leftovers
|-damage|p1a: Buzzwole|54/100 tox|[from] psn
|upkeep
|turn|6
|
|t:|1651619548
|switch|p1a: Zapdos|Zapdos|100/100
|move|p2a: Vaporeon|Flip Turn|p1a: Zapdos
|-damage|p1a: Zapdos|91/100
|
|t:|1651619552
|switch|p2a: Persian|Persian-Alola, M|88/100|[from]move: Flip Turn
|
|upkeep
|turn|7
|
|t:|1651619559
|move|p2a: Persian|Toxic|p1a: Zapdos
|-status|p1a: Zapdos|tox
|move|p1a: Zapdos|Volt Switch|p2a: Persian
|-damage|p2a: Persian|45/100
|
|t:|1651619565
|switch|p1a: Tapu Lele|Tapu Lele|100/100|[from]move: Volt Switch
|-fieldstart|move: Psychic Terrain|[from] ability: Psychic Surge|[of] p1a: Tapu Lele
|
|upkeep
|turn|8
|
|t:|1651619586
|switch|p2a: Vaporeon|Vaporeon, F|100/100
|move|p1a: Tapu Lele|Aromatherapy|p1a: Tapu Lele
|-activate|p1a: Tapu Lele|move: Aromatherapy
|-curestatus|p1: Zapdos|tox|[msg]
|-curestatus|p1: Buzzwole|tox|[msg]
|
|upkeep
|turn|9
|
|t:|1651619593
|move|p1a: Tapu Lele|Psyshock|p2a: Vaporeon
|-damage|p2a: Vaporeon|69/100
|move|p2a: Vaporeon|Wish|p2a: Vaporeon
|
|-heal|p2a: Vaporeon|75/100|[from] item: Leftovers
|upkeep
|turn|10
|
|t:|1651619611
|switch|p2a: Hatterene|Hatterene, F|100/100
|move|p1a: Tapu Lele|Moonblast|p2a: Hatterene
|-damage|p2a: Hatterene|61/100
|
|-heal|p2a: Hatterene|100/100|[from] move: Wish|[wisher] Vaporeon
|upkeep
|turn|11
|
|t:|1651619623
|move|p1a: Tapu Lele|Nature's Madness|p2a: Hatterene
|-damage|p2a: Hatterene|50/100
|move|p2a: Hatterene|Calm Mind|p2a: Hatterene
|-boost|p2a: Hatterene|spa|1
|-boost|p2a: Hatterene|spd|1
|
|-heal|p2a: Hatterene|56/100|[from] item: Leftovers
|upkeep
|turn|12
|
|t:|1651619629
|move|p1a: Tapu Lele|Nature's Madness|p2a: Hatterene
|-damage|p2a: Hatterene|28/100
|move|p2a: Hatterene|Mystical Fire|p1a: Tapu Lele
|-damage|p1a: Tapu Lele|76/100
|-unboost|p1a: Tapu Lele|spa|1
|
|-heal|p2a: Hatterene|34/100|[from] item: Leftovers
|upkeep
|turn|13
|
|t:|1651619639
|move|p1a: Tapu Lele|Moonblast|p2a: Hatterene
|-damage|p2a: Hatterene|17/100
|move|p2a: Hatterene|Draining Kiss|p1a: Tapu Lele
|-damage|p1a: Tapu Lele|54/100
|-heal|p2a: Hatterene|34/100|[from] drain|[of] p1a: Tapu Lele
|
|-heal|p2a: Hatterene|40/100|[from] item: Leftovers
|upkeep
|turn|14
|
|t:|1651619645
|move|p1a: Tapu Lele|Nature's Madness|p2a: Hatterene
|-damage|p2a: Hatterene|21/100
|move|p2a: Hatterene|Mystical Fire|p1a: Tapu Lele
|-damage|p1a: Tapu Lele|30/100
|-unboost|p1a: Tapu Lele|spa|1
|
|-heal|p2a: Hatterene|27/100|[from] item: Leftovers
|-fieldend|move: Psychic Terrain
|upkeep
|turn|15
|
|t:|1651619655
|switch|p1a: Swampert|Swampert, M|100/100
|move|p2a: Hatterene|Psyshock|p1a: Swampert
|-damage|p1a: Swampert|47/100
|
|-heal|p1a: Swampert|53/100|[from] item: Leftovers
|-heal|p2a: Hatterene|33/100|[from] item: Leftovers
|upkeep
|turn|16
|
|t:|1651619668
|switch|p2a: Frosmoth|Frosmoth, M|100/100
|move|p1a: Swampert|Earthquake|p2a: Frosmoth
|-resisted|p2a: Frosmoth
|-damage|p2a: Frosmoth|71/100
|
|-heal|p2a: Frosmoth|77/100|[from] item: Leftovers
|-heal|p1a: Swampert|59/100|[from] item: Leftovers
|upkeep
|turn|17
|
|t:|1651619679
|move|p2a: Frosmoth|Giga Drain|p1a: Swampert
|-supereffective|p1a: Swampert
|-damage|p1a: Swampert|8/100
|-heal|p2a: Frosmoth|100/100|[from] drain|[of] p1a: Swampert
|move|p1a: Swampert|Toxic|p2a: Frosmoth|[miss]
|-miss|p1a: Swampert|p2a: Frosmoth
|
|-heal|p1a: Swampert|14/100|[from] item: Leftovers
|upkeep
|turn|18
|
|t:|1651619685
|move|p2a: Frosmoth|Ice Beam|p1a: Swampert
|-damage|p1a: Swampert|0 fnt
|faint|p1a: Swampert
|
|upkeep
|
|t:|1651619695
|switch|p1a: Zapdos|Zapdos|91/100
|turn|19
|
|t:|1651619702
|switch|p2a: Landorus|Landorus-Therian, M|99/100
|-ability|p2a: Landorus|Intimidate|boost
|-unboost|p1a: Zapdos|atk|1
|move|p1a: Zapdos|Hurricane|p2a: Landorus|[miss]
|-miss|p1a: Zapdos|p2a: Landorus
|
|-heal|p2a: Landorus|100/100|[from] item: Leftovers
|upkeep
|turn|20
|
|t:|1651619711
|move|p2a: Landorus|Knock Off|p1a: Zapdos
|-damage|p1a: Zapdos|67/100
|-enditem|p1a: Zapdos|Heavy-Duty Boots|[from] move: Knock Off|[of] p2a: Landorus
|move|p1a: Zapdos|Hurricane|p2a: Landorus
|-damage|p2a: Landorus|48/100
|-start|p2a: Landorus|confusion
|
|-heal|p2a: Landorus|54/100|[from] item: Leftovers
|upkeep
|turn|21
|
|t:|1651619731
|move|p1a: Zapdos|Hurricane|p2a: Landorus
|-damage|p2a: Landorus|1/100
|-activate|p2a: Landorus|confusion
|-damage|p2a: Landorus|0 fnt|[from] confusion
|faint|p2a: Landorus
|
|upkeep
|
|t:|1651619744
|switch|p2a: Frosmoth|Frosmoth, M|100/100
|turn|22
|
|t:|1651619753
|move|p1a: Zapdos|Hurricane|p2a: Frosmoth|[miss]
|-miss|p1a: Zapdos|p2a: Frosmoth
|move|p2a: Frosmoth|Quiver Dance|p2a: Frosmoth
|-boost|p2a: Frosmoth|spa|1
|-boost|p2a: Frosmoth|spd|1
|-boost|p2a: Frosmoth|spe|1
|
|upkeep
|turn|23
|
|t:|1651619759
|move|p2a: Frosmoth|Ice Beam|p1a: Zapdos
|-supereffective|p1a: Zapdos
|-damage|p1a: Zapdos|0 fnt
|faint|p1a: Zapdos
|
|upkeep
|
|t:|1651619766
|switch|p1a: Salazzle|Salazzle, F|76/100
|turn|24
|
|t:|1651619776
|switch|p2a: Vaporeon|Vaporeon, F|75/100
|move|p1a: Salazzle|Fire Blast|p2a: Vaporeon
|-resisted|p2a: Vaporeon
|-damage|p2a: Vaporeon|55/100
|
|-heal|p2a: Vaporeon|61/100|[from] item: Leftovers
|upkeep
|turn|25
|
|t:|1651619784
|switch|p1a: Tapu Lele|Tapu Lele|30/100
|-fieldstart|move: Psychic Terrain|[from] ability: Psychic Surge|[of] p1a: Tapu Lele
|move|p2a: Vaporeon|Wish|p2a: Vaporeon
|
|-heal|p2a: Vaporeon|67/100|[from] item: Leftovers
|upkeep
|turn|26
|
|t:|1651619795
|move|p1a: Tapu Lele|Moonblast|p2a: Vaporeon
|-damage|p2a: Vaporeon|34/100
|-unboost|p2a: Vaporeon|spa|1
|move|p2a: Vaporeon|Flip Turn|p1a: Tapu Lele
|-damage|p1a: Tapu Lele|13/100
|
|t:|1651619800
|switch|p2a: Hatterene|Hatterene, F|33/100|[from]move: Flip Turn
|
|-heal|p2a: Hatterene|100/100|[from] move: Wish|[wisher] Vaporeon
|upkeep
|turn|27
|
|t:|1651619805
|move|p1a: Tapu Lele|Nature's Madness|p2a: Hatterene
|-damage|p2a: Hatterene|50/100
|move|p2a: Hatterene|Mystical Fire|p1a: Tapu Lele
|-damage|p1a: Tapu Lele|0 fnt
|faint|p1a: Tapu Lele
|
|-heal|p2a: Hatterene|56/100|[from] item: Leftovers
|upkeep
|
|t:|1651619819
|switch|p1a: Buzzwole|Buzzwole|54/100
|turn|28
|
|t:|1651619832
|switch|p2a: Persian|Persian-Alola, M|45/100
|move|p1a: Buzzwole|Leech Life|p2a: Persian
|-supereffective|p2a: Persian
|-damage|p2a: Persian|8/100
|-heal|p1a: Buzzwole|69/100|[from] drain|[of] p2a: Persian
|-enditem|p2a: Persian|Salac Berry|[eat]
|-boost|p2a: Persian|spe|1|[from] item: Salac Berry
|
|upkeep
|turn|29
|
|t:|1651619848
|switch|p1a: Ferrothorn|Ferrothorn, F|100/100
|move|p2a: Persian|Toxic|p1a: Ferrothorn
|-immune|p1a: Ferrothorn
|
|upkeep
|turn|30
|
|t:|1651619861
|move|p2a: Persian|Parting Shot|p1a: Ferrothorn
|-unboost|p1a: Ferrothorn|atk|1
|-unboost|p1a: Ferrothorn|spa|1
|
|t:|1651619882
|switch|p2a: Hatterene|Hatterene, F|56/100|[from]move: Parting Shot
|move|p1a: Ferrothorn|Leech Seed|p2a: Hatterene
|move|p2a: Hatterene|Leech Seed|p1a: Ferrothorn|[from]ability: Magic Bounce
|-immune|p1a: Ferrothorn
|
|-heal|p2a: Hatterene|62/100|[from] item: Leftovers
|upkeep
|turn|31
|
|t:|1651619897
|move|p2a: Hatterene|Mystical Fire|p1a: Ferrothorn
|-supereffective|p1a: Ferrothorn
|-damage|p1a: Ferrothorn|20/100
|-unboost|p1a: Ferrothorn|spa|1
|move|p1a: Ferrothorn|Knock Off|p2a: Hatterene
|-damage|p2a: Hatterene|51/100
|-enditem|p2a: Hatterene|Leftovers|[from] move: Knock Off|[of] p1a: Ferrothorn
|
|-heal|p1a: Ferrothorn|26/100|[from] item: Leftovers
|upkeep
|turn|32
|
|t:|1651619907
|switch|p1a: Salazzle|Salazzle, F|76/100
|move|p2a: Hatterene|Mystical Fire|p1a: Salazzle
|-resisted|p1a: Salazzle
|-damage|p1a: Salazzle|55/100
|-unboost|p1a: Salazzle|spa|1
|
|-fieldend|move: Psychic Terrain
|upkeep
|turn|33
|
|t:|1651619918
|switch|p2a: Dragonite|Dragonite, M|100/100
|move|p1a: Salazzle|Fire Blast|p2a: Dragonite
|-resisted|p2a: Dragonite
|-damage|p2a: Dragonite|94/100
|
|upkeep
|turn|34
|
|t:|1651619929
|switch|p1a: Ferrothorn|Ferrothorn, F|26/100
|switch|p2a: Persian|Persian-Alola, M|8/100
|
|-heal|p1a: Ferrothorn|32/100|[from] item: Leftovers
|upkeep
|turn|35
|
|t:|1651619939
|move|p2a: Persian|Parting Shot|p1a: Ferrothorn
|-unboost|p1a: Ferrothorn|atk|1
|-unboost|p1a: Ferrothorn|spa|1
|
|t:|1651619944
|switch|p2a: Hatterene|Hatterene, F|51/100|[from]move: Parting Shot
|move|p1a: Ferrothorn|Body Press|p2a: Hatterene
|-resisted|p2a: Hatterene
|-damage|p2a: Hatterene|44/100
|
|-heal|p1a: Ferrothorn|39/100|[from] item: Leftovers
|upkeep
|turn|36
|
|t:|1651619952
|switch|p1a: Salazzle|Salazzle, F|55/100
|move|p2a: Hatterene|Mystical Fire|p1a: Salazzle
|-resisted|p1a: Salazzle
|-damage|p1a: Salazzle|33/100
|-unboost|p1a: Salazzle|spa|1
|
|upkeep
|turn|37
|
|t:|1651619965
|switch|p2a: Frosmoth|Frosmoth, M|100/100
|move|p1a: Salazzle|Fire Blast|p2a: Frosmoth
|-supereffective|p2a: Frosmoth
|-damage|p2a: Frosmoth|46/100
|
|-heal|p2a: Frosmoth|52/100|[from] item: Leftovers
|upkeep
|turn|38
|
|t:|1651619972
|switch|p2a: Dragonite|Dragonite, M|94/100
|move|p1a: Salazzle|Fire Blast|p2a: Dragonite|[miss]
|-miss|p1a: Salazzle|p2a: Dragonite
|
|upkeep
|turn|39
|
|t:|1651619978
|move|p1a: Salazzle|Fire Blast|p2a: Dragonite
|-resisted|p2a: Dragonite
|-damage|p2a: Dragonite|80/100
|move|p2a: Dragonite|Earthquake|p1a: Salazzle
|-supereffective|p1a: Salazzle
|-damage|p1a: Salazzle|0 fnt
|faint|p1a: Salazzle
|
|upkeep
|
|t:|1651619985
|switch|p1a: Buzzwole|Buzzwole|69/100
|turn|40
|inactive|Wheezer has 120 seconds left.
|
|t:|1651620034
|move|p1a: Buzzwole|Ice Punch|p2a: Dragonite
|-supereffective|p2a: Dragonite
|-crit|p2a: Dragonite
|-damage|p2a: Dragonite|0 fnt
|faint|p2a: Dragonite
|-ability|p1a: Buzzwole|Beast Boost|boost
|-boost|p1a: Buzzwole|atk|1
|
|upkeep
|
|t:|1651620039
|switch|p2a: Persian|Persian-Alola, M|8/100
|turn|41
|
|t:|1651620045
|move|p2a: Persian|Toxic|p1a: Buzzwole
|-status|p1a: Buzzwole|tox
|move|p1a: Buzzwole|Leech Life|p2a: Persian
|-supereffective|p2a: Persian
|-damage|p2a: Persian|0 fnt
|-heal|p1a: Buzzwole|72/100 tox|[from] drain|[of] p2a: Persian
|faint|p2a: Persian
|-ability|p1a: Buzzwole|Beast Boost|boost
|-boost|p1a: Buzzwole|atk|1
|
|-damage|p1a: Buzzwole|65/100 tox|[from] psn
|upkeep
|inactive|Wheezer has 120 seconds left.
|
|t:|1651620051
|switch|p2a: Vaporeon|Vaporeon, F|34/100
|turn|42
|
|t:|1651620056
|move|p2a: Vaporeon|Protect|p2a: Vaporeon
|-singleturn|p2a: Vaporeon|Protect
|move|p1a: Buzzwole|Leech Life|p2a: Vaporeon
|-activate|p2a: Vaporeon|move: Protect
|
|-heal|p2a: Vaporeon|40/100|[from] item: Leftovers
|-damage|p1a: Buzzwole|53/100 tox|[from] psn
|upkeep
|turn|43
|
|t:|1651620059
|switch|p2a: Frosmoth|Frosmoth, M|52/100
|move|p1a: Buzzwole|Leech Life|p2a: Frosmoth
|-damage|p2a: Frosmoth|0 fnt
|-heal|p1a: Buzzwole|74/100 tox|[from] drain|[of] p2a: Frosmoth
|faint|p2a: Frosmoth
|-ability|p1a: Buzzwole|Beast Boost|boost
|-boost|p1a: Buzzwole|atk|1
|
|-damage|p1a: Buzzwole|56/100 tox|[from] psn
|upkeep
|
|t:|1651620062
|switch|p2a: Vaporeon|Vaporeon, F|40/100
|turn|44
|
|t:|1651620066
|move|p2a: Vaporeon|Protect|p2a: Vaporeon
|-singleturn|p2a: Vaporeon|Protect
|move|p1a: Buzzwole|Leech Life|p2a: Vaporeon
|-activate|p2a: Vaporeon|move: Protect
|
|-heal|p2a: Vaporeon|46/100|[from] item: Leftovers
|-damage|p1a: Buzzwole|31/100 tox|[from] psn
|upkeep
|turn|45
|
|t:|1651620071
|move|p2a: Vaporeon|Protect||[still]
|-fail|p2a: Vaporeon
|move|p1a: Buzzwole|Leech Life|p2a: Vaporeon
|-damage|p2a: Vaporeon|0 fnt
|-heal|p1a: Buzzwole|56/100 tox|[from] drain|[of] p2a: Vaporeon
|faint|p2a: Vaporeon
|-ability|p1a: Buzzwole|Beast Boost|boost
|-boost|p1a: Buzzwole|atk|1
|
|-damage|p1a: Buzzwole|25/100 tox|[from] psn
|upkeep
|
|t:|1651620075
|switch|p2a: Hatterene|Hatterene, F|44/100
|turn|46
|
|t:|1651620077
|move|p1a: Buzzwole|Leech Life|p2a: Hatterene
|-damage|p2a: Hatterene|0 fnt
|-heal|p1a: Buzzwole|42/100 tox|[from] drain|[of] p2a: Hatterene
|faint|p2a: Hatterene
|
|win|derl
|raw|derl's rating: 1449 &rarr; <strong>1469</strong><br />(+20 for winning)
|raw|Wheezer's rating: 1451 &rarr; <strong>1431</strong><br />(-20 for losing)
|c|☆derl|gg
|l|☆Wheezer
||Ladder isn't responding, score probably updated but might not have (Request timeout).
