|raw|<div class="broadcast-blue"><strong>This battle is required to be public due to a player having a name starting with 'lt94je'.</div>
|j|☆LT94JE Dasmer
|j|☆Sp0onl0rd
|t:|1661297777
|gametype|singles
|player|p1|LT94JE Dasmer|rei|1843
|player|p2|Sp0onl0rd|teamrocket|1759
|teamsize|p1|6
|teamsize|p2|6
|gen|8
|tier|[Gen 8] OU
|rated|
|rule|Sleep Clause Mod: Limit one foe put to sleep
|rule|Species Clause: Limit one of each Pokémon
|rule|OHKO Clause: OHKO moves are banned
|rule|Evasion Items Clause: Evasion items are banned
|rule|Evasion Moves Clause: Evasion moves are banned
|rule|Endless Battle Clause: Forcing endless battles is banned
|rule|HP Percentage Mod: HP is shown in percentages
|rule|Dynamax Clause: You cannot dynamax
|clearpoke
|poke|p1|Garchomp, F|
|poke|p1|Urshifu-*, M|
|poke|p1|Clefable, F|
|poke|p1|Weavile, M|
|poke|p1|Slowking-Galar, F|
|poke|p1|Corviknight, F|
|poke|p2|Tapu Fini|
|poke|p2|Bisharp, M|
|poke|p2|Garchomp, M|
|poke|p2|Dragapult, F|
|poke|p2|Celesteela|
|poke|p2|Mew|
|teampreview
|inactive|Battle timer is ON: inactive players will automatically lose when time's up. (requested by Sp0onl0rd)
|j| BabyPigsAreLaughin
|
|t:|1661297787
|start
|switch|p1a: Urshifu|Urshifu-Rapid-Strike, M|100/100
|switch|p2a: Mew|Mew|100/100
|turn|1
|
|t:|1661297791
|switch|p1a: Garchomp|Garchomp, F|100/100
|move|p2a: Mew|Stealth Rock|p1a: Garchomp
|-sidestart|p1: LT94JE Dasmer|move: Stealth Rock
|
|upkeep
|turn|2
|
|t:|1661297793
|move|p2a: Mew|Taunt|p1a: Garchomp
|-start|p1a: Garchomp|move: Taunt
|cant|p1a: Garchomp|move: Taunt|Stealth Rock
|
|upkeep
|turn|3
|
|t:|1661297795
|move|p2a: Mew|Spikes|p1a: Garchomp
|-sidestart|p1: LT94JE Dasmer|Spikes
|move|p1a: Garchomp|Earthquake|p2a: Mew
|-damage|p2a: Mew|64/100
|
|upkeep
|turn|4
|
|t:|1661297799
|move|p2a: Mew|Spikes|p1a: Garchomp
|-sidestart|p1: LT94JE Dasmer|Spikes
|move|p1a: Garchomp|Earthquake|p2a: Mew
|-damage|p2a: Mew|27/100
|
|-end|p1a: Garchomp|move: Taunt
|upkeep
|turn|5
|
|t:|1661297802
|move|p2a: Mew|Spikes|p1a: Garchomp
|-sidestart|p1: LT94JE Dasmer|Spikes
|move|p1a: Garchomp|Stealth Rock|p2a: Mew
|-sidestart|p2: Sp0onl0rd|move: Stealth Rock
|
|upkeep
|turn|6
|
|t:|1661297806
|move|p1a: Garchomp|Protect|p1a: Garchomp
|-singleturn|p1a: Garchomp|Protect
|move|p2a: Mew|Taunt|p1a: Garchomp
|-activate|p1a: Garchomp|move: Protect
|
|upkeep
|turn|7
|
|t:|1661297812
|switch|p1a: Clefable|Clefable, F|100/100
|move|p2a: Mew|Taunt|p1a: Clefable
|-start|p1a: Clefable|move: Taunt
|
|upkeep
|turn|8
|
|t:|1661297813
|move|p2a: Mew|Thunder Wave|p1a: Clefable
|-status|p1a: Clefable|par
|cant|p1a: Clefable|par
|
|upkeep
|turn|9
|
|t:|1661297817
|move|p2a: Mew|Taunt||[still]
|-fail|p2a: Mew
|cant|p1a: Clefable|par
|
|-end|p1a: Clefable|move: Taunt
|upkeep
|turn|10
|j| RealmOfMind
|
|t:|1661297820
|move|p2a: Mew|Taunt|p1a: Clefable
|-start|p1a: Clefable|move: Taunt
|move|p1a: Clefable|Moonblast|p2a: Mew
|-damage|p2a: Mew|2/100
|
|upkeep
|turn|11
|
|t:|1661297822
|move|p2a: Mew|Taunt||[still]
|-fail|p2a: Mew
|move|p1a: Clefable|Thunder|p2a: Mew
|-damage|p2a: Mew|0 fnt
|faint|p2a: Mew
|
|upkeep
|
|t:|1661297825
|switch|p2a: Bisharp|Bisharp, M|100/100
|-damage|p2a: Bisharp|95/100|[from] Stealth Rock
|turn|12
|
|t:|1661297830
|move|p2a: Bisharp|Swords Dance|p2a: Bisharp
|-boost|p2a: Bisharp|atk|2
|move|p1a: Clefable|Thunder|p2a: Bisharp|[miss]
|-miss|p1a: Clefable|p2a: Bisharp
|
|-end|p1a: Clefable|move: Taunt
|upkeep
|turn|13
|
|t:|1661297833
|move|p2a: Bisharp|Swords Dance|p2a: Bisharp
|-boost|p2a: Bisharp|atk|2
|cant|p1a: Clefable|par
|
|upkeep
|turn|14
|
|t:|1661297835
|move|p2a: Bisharp|Iron Head|p1a: Clefable
|-supereffective|p1a: Clefable
|-damage|p1a: Clefable|0 fnt
|faint|p1a: Clefable
|-damage|p2a: Bisharp|85/100|[from] item: Life Orb
|
|upkeep
|
|t:|1661297839
|switch|p1a: Urshifu|Urshifu-Rapid-Strike, M|100/100
|-damage|p1a: Urshifu|94/100|[from] Stealth Rock
|-damage|p1a: Urshifu|69/100|[from] Spikes
|turn|15
|
|t:|1661297841
|move|p1a: Urshifu|Aqua Jet|p2a: Bisharp
|-damage|p2a: Bisharp|44/100
|move|p2a: Bisharp|Sucker Punch||[still]
|-fail|p2a: Bisharp
|
|upkeep
|turn|16
|
|t:|1661297845
|move|p1a: Urshifu|Aqua Jet|p2a: Bisharp
|-damage|p2a: Bisharp|0 fnt
|faint|p2a: Bisharp
|
|upkeep
|j| LT94JE Tace
|
|t:|1661297849
|switch|p2a: Dragapult|Dragapult, F|100/100
|-damage|p2a: Dragapult|88/100|[from] Stealth Rock
|turn|17
|
|t:|1661297852
|switch|p1a: Corviknight|Corviknight, F|100/100
|-damage|p1a: Corviknight|88/100|[from] Stealth Rock
|-ability|p1a: Corviknight|Pressure
|move|p2a: Dragapult|Dragon Dance|p2a: Dragapult
|-boost|p2a: Dragapult|atk|1
|-boost|p2a: Dragapult|spe|1
|
|-heal|p1a: Corviknight|94/100|[from] item: Leftovers
|upkeep
|turn|18
|j| Xydz
|
|t:|1661297854
|move|p2a: Dragapult|Fire Blast|p1a: Corviknight|[miss]
|-miss|p2a: Dragapult|p1a: Corviknight
|move|p1a: Corviknight|Brave Bird|p2a: Dragapult
|-damage|p2a: Dragapult|41/100
|-damage|p1a: Corviknight|82/100|[from] Recoil
|
|-heal|p1a: Corviknight|88/100|[from] item: Leftovers
|upkeep
|turn|19
|
|t:|1661297858
|move|p2a: Dragapult|Fire Blast|p1a: Corviknight
|-supereffective|p1a: Corviknight
|-damage|p1a: Corviknight|27/100
|-damage|p2a: Dragapult|31/100|[from] item: Life Orb
|move|p1a: Corviknight|Defog|p2a: Dragapult
|-fail|p2a: Dragapult|unboost|[from] ability: Clear Body|[of] p2a: Dragapult
|-sideend|p2: Sp0onl0rd|Stealth Rock|[from] move: Defog|[of] p1a: Corviknight
|-sideend|p1: LT94JE Dasmer|Spikes|[from] move: Defog|[of] p1a: Corviknight
|-sideend|p1: LT94JE Dasmer|Stealth Rock|[from] move: Defog|[of] p1a: Corviknight
|
|-heal|p1a: Corviknight|34/100|[from] item: Leftovers
|upkeep
|turn|20
|
|t:|1661297862
|move|p2a: Dragapult|Dragon Darts|p1a: Corviknight
|-resisted|p1a: Corviknight
|-damage|p1a: Corviknight|17/100
|-anim|p2a: Dragapult|Dragon Darts|p1a: Corviknight
|-resisted|p1a: Corviknight
|-damage|p1a: Corviknight|2/100
|-damage|p2a: Dragapult|21/100|[from] item: Life Orb
|move|p1a: Corviknight|Roost|p1a: Corviknight
|-heal|p1a: Corviknight|52/100
|-singleturn|p1a: Corviknight|move: Roost
|
|-heal|p1a: Corviknight|58/100|[from] item: Leftovers
|upkeep
|turn|21
|
|t:|1661297866
|move|p2a: Dragapult|Fire Blast|p1a: Corviknight
|-supereffective|p1a: Corviknight
|-damage|p1a: Corviknight|0 fnt
|faint|p1a: Corviknight
|-damage|p2a: Dragapult|11/100|[from] item: Life Orb
|
|upkeep
|
|t:|1661297870
|switch|p1a: Weavile|Weavile, M|100/100
|-ability|p1a: Weavile|Pressure
|turn|22
|
|t:|1661297872
|move|p1a: Weavile|Ice Shard|p2a: Dragapult
|-supereffective|p2a: Dragapult
|-damage|p2a: Dragapult|0 fnt
|faint|p2a: Dragapult
|
|upkeep
|
|t:|1661297874
|switch|p2a: Tapu Fini|Tapu Fini|100/100
|-fieldstart|move: Misty Terrain|[from] ability: Misty Surge|[of] p2a: Tapu Fini
|turn|23
|
|t:|1661297876
|switch|p1a: Slowking|Slowking-Galar, F|100/100
|switch|p2a: Garchomp|Garchomp, M|100/100
|
|upkeep
|turn|24
|
|t:|1661297879
|switch|p1a: Garchomp|Garchomp, F|100/100
|move|p2a: Garchomp|Earthquake|p1a: Garchomp
|-damage|p1a: Garchomp|47/100
|-damage|p2a: Garchomp|91/100|[from] item: Life Orb
|
|-heal|p1a: Garchomp|53/100|[from] item: Leftovers
|upkeep
|turn|25
|
|t:|1661297886
|move|p1a: Garchomp|Protect|p1a: Garchomp
|-singleturn|p1a: Garchomp|Protect
|move|p2a: Garchomp|Swords Dance|p2a: Garchomp
|-boost|p2a: Garchomp|atk|2
|
|-heal|p1a: Garchomp|59/100|[from] item: Leftovers
|upkeep
|turn|26
|
|t:|1661297888
|move|p2a: Garchomp|Earthquake|p1a: Garchomp
|-damage|p1a: Garchomp|0 fnt
|faint|p1a: Garchomp
|-damage|p2a: Garchomp|81/100|[from] item: Life Orb
|
|upkeep
|
|t:|1661297890
|switch|p1a: Weavile|Weavile, M|100/100
|-ability|p1a: Weavile|Pressure
|turn|27
|
|t:|1661297895
|switch|p2a: Tapu Fini|Tapu Fini|100/100
|move|p1a: Weavile|Triple Axel|p2a: Tapu Fini
|-resisted|p2a: Tapu Fini
|-damage|p2a: Tapu Fini|97/100
|-hitcount|p2a: Tapu Fini|1
|
|-heal|p2a: Tapu Fini|100/100|[from] item: Leftovers
|-fieldend|Misty Terrain
|upkeep
|turn|28
|
|t:|1661297899
|switch|p1a: Slowking|Slowking-Galar, F|100/100
|move|p2a: Tapu Fini|Scald|p1a: Slowking
|-damage|p1a: Slowking|88/100
|-status|p1a: Slowking|brn
|
|-damage|p1a: Slowking|81/100 brn|[from] brn
|upkeep
|turn|29
|
|t:|1661297904
|switch|p2a: Garchomp|Garchomp, M|81/100
|move|p1a: Slowking|Scald|p2a: Garchomp
|-damage|p2a: Garchomp|50/100
|
|-damage|p1a: Slowking|75/100 brn|[from] brn
|upkeep
|turn|30
|
|t:|1661297912
|switch|p1a: Urshifu|Urshifu-Rapid-Strike, M|69/100
|move|p2a: Garchomp|Earthquake|p1a: Urshifu
|-damage|p1a: Urshifu|0 fnt
|faint|p1a: Urshifu
|-damage|p2a: Garchomp|40/100|[from] item: Life Orb
|
|upkeep
|
|t:|1661297915
|switch|p1a: Weavile|Weavile, M|100/100
|-ability|p1a: Weavile|Pressure
|turn|31
|
|t:|1661297917
|switch|p1a: Slowking|Slowking-Galar, F|100/100 brn
|switch|p2a: Tapu Fini|Tapu Fini|100/100
|-fieldstart|move: Misty Terrain|[from] ability: Misty Surge|[of] p2a: Tapu Fini
|
|-damage|p1a: Slowking|94/100 brn|[from] brn
|upkeep
|turn|32
|
|t:|1661297922
|switch|p2a: Celesteela|Celesteela|100/100
|move|p1a: Slowking|Scald|p2a: Celesteela
|-damage|p2a: Celesteela|76/100
|
|-damage|p1a: Slowking|88/100 brn|[from] brn
|upkeep
|turn|33
|
|t:|1661297924
|move|p2a: Celesteela|Meteor Beam||[still]
|-prepare|p2a: Celesteela|Meteor Beam
|-boost|p2a: Celesteela|spa|1
|-enditem|p2a: Celesteela|Power Herb
|-anim|p2a: Celesteela|Meteor Beam|p1a: Slowking
|-damage|p1a: Slowking|58/100 brn
|move|p1a: Slowking|Flamethrower|p2a: Celesteela
|-supereffective|p2a: Celesteela
|-damage|p2a: Celesteela|18/100
|
|-damage|p1a: Slowking|52/100 brn|[from] brn
|upkeep
|turn|34
|
|t:|1661297930
|switch|p1a: Weavile|Weavile, M|100/100
|-ability|p1a: Weavile|Pressure
|move|p2a: Celesteela|Air Slash|p1a: Weavile
|-damage|p1a: Weavile|18/100
|
|upkeep
|turn|35
|
|t:|1661297934
|move|p1a: Weavile|Knock Off|p2a: Celesteela
|-damage|p2a: Celesteela|0 fnt
|faint|p2a: Celesteela
|
|-fieldend|Misty Terrain
|upkeep
|
|t:|1661297936
|switch|p2a: Tapu Fini|Tapu Fini|100/100
|-fieldstart|move: Misty Terrain|[from] ability: Misty Surge|[of] p2a: Tapu Fini
|turn|36
|
|t:|1661297941
|switch|p1a: Slowking|Slowking-Galar, F|85/100 brn
|switch|p2a: Garchomp|Garchomp, M|40/100
|
|-damage|p1a: Slowking|79/100 brn|[from] brn
|upkeep
|turn|37
|
|t:|1661297943
|move|p2a: Garchomp|Earthquake|p1a: Slowking
|-supereffective|p1a: Slowking
|-damage|p1a: Slowking|0 fnt
|faint|p1a: Slowking
|-damage|p2a: Garchomp|30/100|[from] item: Life Orb
|
|upkeep
|-message|LT94JE Dasmer forfeited.
|
|win|Sp0onl0rd
|raw|LT94JE Dasmer's rating: 1843 &rarr; <strong>1818</strong><br />(-25 for losing)
|raw|Sp0onl0rd's rating: 1759 &rarr; <strong>1784</strong><br />(+25 for winning)
|l|☆LT94JE Dasmer
|l| LT94JE Tace
|l|☆Sp0onl0rd
|j| Gwaaarn
|l| Gwaaarn
|l| Xydz
||Ladder isn't responding, score probably updated but might not have (Request timeout).
|l| BabyPigsAreLaughin
