|j|☆Gotmyvanson
|j|☆overwatch2sucks
|t:|1649479300
|gametype|singles
|player|p1|Gotmyvanson|ghetsis|1590
|player|p2|overwatch2sucks|265|1564
|teamsize|p1|6
|teamsize|p2|6
|gen|8
|tier|[Gen 8] OU
|rated|
|rule|Sleep Clause Mod: Limit one foe put to sleep
|rule|Species Clause: Limit one of each Pokémon
|rule|OHKO Clause: OHKO moves are banned
|rule|Evasion Moves Clause: Evasion moves are banned
|rule|Endless Battle Clause: Forcing endless battles is banned
|rule|HP Percentage Mod: HP is shown in percentages
|rule|Dynamax Clause: You cannot dynamax
|clearpoke
|poke|p1|Landorus-Therian, M|
|poke|p1|Slowking, F|
|poke|p1|Gengar, F|
|poke|p1|Ferrothorn, F|
|poke|p1|Zapdos-Galar|
|poke|p1|Toxapex, F|
|poke|p2|Dragapult, M|
|poke|p2|Tapu Fini|
|poke|p2|Mamoswine, M|
|poke|p2|Garchomp, M|
|poke|p2|Urshifu-*, M|
|poke|p2|Zapdos|
|teampreview
|
|t:|1649479313
|start
|switch|p1a: Landorus|Landorus-Therian, M|100/100
|switch|p2a: Mamoswine|Mamoswine, M|100/100
|-ability|p1a: Landorus|Intimidate|boost
|-fail|p2a: Mamoswine|unboost|Attack|[from] ability: Oblivious|[of] p2a: Mamoswine
|turn|1
|j| mrpuncherv2
|
|t:|1649479318
|switch|p1a: Ferrothorn|Ferrothorn, F|100/100
|move|p2a: Mamoswine|Stealth Rock|p1a: Ferrothorn
|-sidestart|p1: Gotmyvanson|move: Stealth Rock
|
|upkeep
|turn|2
|
|t:|1649479333
|switch|p2a: Urshifu|Urshifu-Rapid-Strike, M|100/100
|move|p1a: Ferrothorn|Leech Seed|p2a: Urshifu
|-start|p2a: Urshifu|move: Leech Seed
|
|-damage|p2a: Urshifu|88/100|[from] Leech Seed|[of] p1a: Ferrothorn
|upkeep
|turn|3
|
|t:|1649479337
|switch|p1a: Toxapex|Toxapex, F|100/100
|-damage|p1a: Toxapex|88/100|[from] Stealth Rock
|move|p2a: Urshifu|U-turn|p1a: Toxapex
|-resisted|p1a: Toxapex
|-damage|p1a: Toxapex|76/100
|
|t:|1649479343
|switch|p2a: Garchomp|Garchomp, M|100/100|[from]move: U-turn
|
|-heal|p1a: Toxapex|83/100|[from] item: Black Sludge
|upkeep
|turn|4
|
|t:|1649479350
|switch|p1a: Landorus|Landorus-Therian, M|100/100
|-damage|p1a: Landorus|88/100|[from] Stealth Rock
|-ability|p1a: Landorus|Intimidate|boost
|-unboost|p2a: Garchomp|atk|1
|move|p2a: Garchomp|Swords Dance|p2a: Garchomp
|-boost|p2a: Garchomp|atk|2
|
|-heal|p1a: Landorus|94/100|[from] item: Leftovers
|upkeep
|turn|5
|
|t:|1649479354
|move|p2a: Garchomp|Scale Shot|p1a: Landorus
|-damage|p1a: Landorus|76/100
|-damage|p1a: Landorus|57/100
|-hitcount|p1a: Landorus|2
|-unboost|p2a: Garchomp|def|1
|-boost|p2a: Garchomp|spe|1
|-damage|p2a: Garchomp|91/100|[from] item: Life Orb
|move|p1a: Landorus|Stealth Rock|p2a: Garchomp
|-sidestart|p2: overwatch2sucks|move: Stealth Rock
|
|-heal|p1a: Landorus|63/100|[from] item: Leftovers
|upkeep
|turn|6
|
|t:|1649479369
|move|p2a: Garchomp|Scale Shot|p1a: Landorus
|-damage|p1a: Landorus|43/100
|-damage|p1a: Landorus|23/100
|-damage|p1a: Landorus|5/100
|-hitcount|p1a: Landorus|3
|-unboost|p2a: Garchomp|def|1
|-boost|p2a: Garchomp|spe|1
|-damage|p2a: Garchomp|81/100|[from] item: Life Orb
|move|p1a: Landorus|Earthquake|p2a: Garchomp
|-damage|p2a: Garchomp|0 fnt
|faint|p2a: Garchomp
|
|-heal|p1a: Landorus|11/100|[from] item: Leftovers
|upkeep
|
|t:|1649479385
|switch|p2a: Urshifu|Urshifu-Rapid-Strike, M|88/100
|-damage|p2a: Urshifu|82/100|[from] Stealth Rock
|turn|7
|
|t:|1649479390
|move|p2a: Urshifu|U-turn|p1a: Landorus
|-resisted|p1a: Landorus
|-damage|p1a: Landorus|0 fnt
|faint|p1a: Landorus
|
|t:|1649479397
|switch|p2a: Zapdos|Zapdos|100/100|[from]move: U-turn
|
|upkeep
|
|t:|1649479405
|switch|p1a: Gengar|Gengar, F|100/100
|-damage|p1a: Gengar|88/100|[from] Stealth Rock
|turn|8
|
|t:|1649479409
|move|p1a: Gengar|Trick|p2a: Zapdos
|-activate|p1a: Gengar|move: Trick|[of] p2a: Zapdos
|-item|p2a: Zapdos|Choice Scarf|[from] move: Trick
|-item|p1a: Gengar|Heavy-Duty Boots|[from] move: Trick
|move|p2a: Zapdos|Thunderbolt|p1a: Gengar
|-damage|p1a: Gengar|15/100
|-start|p2a: Zapdos|Disable|Thunderbolt|[from] ability: Cursed Body|[of] p1a: Gengar
|
|upkeep
|turn|9
|
|t:|1649479427
|switch|p2a: Mamoswine|Mamoswine, M|100/100
|-damage|p2a: Mamoswine|88/100|[from] Stealth Rock
|move|p1a: Gengar|Sludge Wave|p2a: Mamoswine
|-resisted|p2a: Mamoswine
|-damage|p2a: Mamoswine|50/100
|
|upkeep
|turn|10
|
|t:|1649479434
|switch|p1a: Ferrothorn|Ferrothorn, F|100/100
|-damage|p1a: Ferrothorn|94/100|[from] Stealth Rock
|move|p2a: Mamoswine|Ice Shard|p1a: Ferrothorn
|-damage|p1a: Ferrothorn|82/100
|
|upkeep
|turn|11
|
|t:|1649479440
|switch|p2a: Urshifu|Urshifu-Rapid-Strike, M|82/100
|-damage|p2a: Urshifu|76/100|[from] Stealth Rock
|move|p1a: Ferrothorn|Knock Off|p2a: Urshifu
|-resisted|p2a: Urshifu
|-damage|p2a: Urshifu|66/100
|-enditem|p2a: Urshifu|Choice Band|[from] move: Knock Off|[of] p1a: Ferrothorn
|
|upkeep
|turn|12
|
|t:|1649479447
|move|p2a: Urshifu|Close Combat|p1a: Ferrothorn
|-supereffective|p1a: Ferrothorn
|-damage|p1a: Ferrothorn|10/100
|-unboost|p2a: Urshifu|def|1
|-unboost|p2a: Urshifu|spd|1
|-damage|p2a: Urshifu|54/100|[from] ability: Iron Barbs|[of] p1a: Ferrothorn
|-damage|p2a: Urshifu|37/100|[from] item: Rocky Helmet|[of] p1a: Ferrothorn
|move|p1a: Ferrothorn|Power Whip|p2a: Urshifu|[miss]
|-miss|p1a: Ferrothorn|p2a: Urshifu
|
|upkeep
|turn|13
|
|t:|1649479454
|move|p2a: Urshifu|U-turn|p1a: Ferrothorn
|-damage|p1a: Ferrothorn|0 fnt
|-damage|p2a: Urshifu|25/100|[from] ability: Iron Barbs|[of] p1a: Ferrothorn
|-damage|p2a: Urshifu|8/100|[from] item: Rocky Helmet|[of] p1a: Ferrothorn
|faint|p1a: Ferrothorn
|
|t:|1649479460
|switch|p2a: Zapdos|Zapdos|100/100|[from]move: U-turn
|-damage|p2a: Zapdos|75/100|[from] Stealth Rock
|
|upkeep
|
|t:|1649479468
|switch|p1a: Slowking|Slowking, F, shiny|100/100
|turn|14
|
|t:|1649479476
|move|p2a: Zapdos|Defog|p1a: Slowking
|-unboost|p1a: Slowking|evasion|1
|-sideend|p1: Gotmyvanson|Stealth Rock|[from] move: Defog|[of] p2a: Zapdos
|-sideend|p2: overwatch2sucks|Stealth Rock|[from] move: Defog|[of] p2a: Zapdos
|move|p1a: Slowking|Slack Off||[still]
|-fail|p1a: Slowking|heal
|
|upkeep
|turn|15
|
|t:|1649479487
|switch|p2a: Mamoswine|Mamoswine, M|50/100
|move|p1a: Slowking|Future Sight|p2a: Mamoswine
|-start|p1a: Slowking|move: Future Sight
|
|upkeep
|turn|16
|
|t:|1649479496
|move|p2a: Mamoswine|Earthquake|p1a: Slowking
|-damage|p1a: Slowking|47/100
|move|p1a: Slowking|Scald|p2a: Mamoswine
|-supereffective|p2a: Mamoswine
|-damage|p2a: Mamoswine|0 fnt
|faint|p2a: Mamoswine
|
|upkeep
|
|t:|1649479504
|switch|p2a: Urshifu|Urshifu-Rapid-Strike, M|8/100
|turn|17
|
|t:|1649479510
|switch|p1a: Toxapex|Toxapex, F|100/100
|move|p2a: Urshifu|Close Combat|p1a: Toxapex
|-resisted|p1a: Toxapex
|-crit|p1a: Toxapex
|-damage|p1a: Toxapex|71/100
|-unboost|p2a: Urshifu|def|1
|-unboost|p2a: Urshifu|spd|1
|
|-end|p2a: Urshifu|move: Future Sight
|-supereffective|p2a: Urshifu
|-damage|p2a: Urshifu|0 fnt
|faint|p2a: Urshifu
|-heal|p1a: Toxapex|77/100|[from] item: Black Sludge
|upkeep
|
|t:|1649479515
|switch|p2a: Zapdos|Zapdos|75/100
|turn|18
|
|t:|1649479535
|move|p2a: Zapdos|Thunderbolt|p1a: Toxapex
|-supereffective|p1a: Toxapex
|-damage|p1a: Toxapex|8/100
|-status|p1a: Toxapex|par
|move|p1a: Toxapex|Scald|p2a: Zapdos
|-damage|p2a: Zapdos|62/100
|
|-heal|p1a: Toxapex|14/100 par|[from] item: Black Sludge
|upkeep
|turn|19
|
|t:|1649479563
|switch|p1a: Slowking|Slowking, F, shiny|80/100
|move|p2a: Zapdos|Thunderbolt|p1a: Slowking
|-supereffective|p1a: Slowking
|-damage|p1a: Slowking|33/100
|
|upkeep
|turn|20
|
|t:|1649479574
|switch|p1a: Gengar|Gengar, F|15/100
|move|p2a: Zapdos|Thunderbolt|p1a: Gengar
|-damage|p1a: Gengar|0 fnt
|faint|p1a: Gengar
|
|upkeep
|
|t:|1649479581
|switch|p1a: Slowking|Slowking, F, shiny|66/100
|turn|21
|
|t:|1649479583
|move|p2a: Zapdos|Thunderbolt|p1a: Slowking
|-supereffective|p1a: Slowking
|-damage|p1a: Slowking|19/100
|move|p1a: Slowking|Slack Off|p1a: Slowking
|-heal|p1a: Slowking|69/100
|
|upkeep
|turn|22
|
|t:|1649479589
|move|p2a: Zapdos|Thunderbolt|p1a: Slowking
|-supereffective|p1a: Slowking
|-damage|p1a: Slowking|18/100
|-status|p1a: Slowking|par
|move|p1a: Slowking|Slack Off|p1a: Slowking
|-heal|p1a: Slowking|68/100 par
|
|upkeep
|turn|23
|
|t:|1649479593
|move|p2a: Zapdos|Thunderbolt|p1a: Slowking
|-supereffective|p1a: Slowking
|-damage|p1a: Slowking|23/100 par
|move|p1a: Slowking|Slack Off|p1a: Slowking
|-heal|p1a: Slowking|73/100 par
|
|upkeep
|turn|24
|
|t:|1649479599
|switch|p1a: Toxapex|Toxapex, F|47/100 par
|move|p2a: Zapdos|Thunderbolt|p1a: Toxapex
|-supereffective|p1a: Toxapex
|-damage|p1a: Toxapex|0 fnt
|faint|p1a: Toxapex
|
|upkeep
|
|t:|1649479600
|switch|p1a: Zapdos|Zapdos-Galar, shiny|100/100
|turn|25
|
|t:|1649479604
|move|p2a: Zapdos|Thunderbolt|p1a: Zapdos
|-supereffective|p1a: Zapdos
|-damage|p1a: Zapdos|12/100
|move|p1a: Zapdos|Brave Bird|p2a: Zapdos
|-resisted|p2a: Zapdos
|-damage|p2a: Zapdos|29/100
|-damage|p1a: Zapdos|0 fnt|[from] Recoil
|faint|p1a: Zapdos
|
|upkeep
|
|t:|1649479609
|switch|p1a: Slowking|Slowking, F, shiny|100/100 par
|turn|26
|
|t:|1649479614
|move|p2a: Zapdos|Thunderbolt|p1a: Slowking
|-supereffective|p1a: Slowking
|-damage|p1a: Slowking|53/100 par
|move|p1a: Slowking|Scald|p2a: Zapdos
|-crit|p2a: Zapdos
|-damage|p2a: Zapdos|0 fnt
|faint|p2a: Zapdos
|
|upkeep
|
|t:|1649479618
|switch|p2a: Dragapult|Dragapult, M|100/100
|turn|27
|
|t:|1649479623
|switch|p2a: Tapu Fini|Tapu Fini|100/100
|-fieldstart|move: Misty Terrain|[from] ability: Misty Surge|[of] p2a: Tapu Fini
|move|p1a: Slowking|Slack Off|p1a: Slowking
|-heal|p1a: Slowking|100/100 par
|
|upkeep
|turn|28
|
|t:|1649479626
|move|p2a: Tapu Fini|Trick|p1a: Slowking
|-activate|p2a: Tapu Fini|move: Trick|[of] p1a: Slowking
|-item|p1a: Slowking|Choice Scarf|[from] move: Trick
|-item|p2a: Tapu Fini|Heavy-Duty Boots|[from] move: Trick
|move|p1a: Slowking|Future Sight|p2a: Tapu Fini
|-start|p1a: Slowking|move: Future Sight
|
|upkeep
|turn|29
|
|t:|1649479632
|move|p2a: Tapu Fini|Calm Mind|p2a: Tapu Fini
|-boost|p2a: Tapu Fini|spa|1
|-boost|p2a: Tapu Fini|spd|1
|cant|p1a: Slowking|par
|
|upkeep
|turn|30
|
|t:|1649479636
|move|p2a: Tapu Fini|Calm Mind|p2a: Tapu Fini
|-boost|p2a: Tapu Fini|spa|1
|-boost|p2a: Tapu Fini|spd|1
|move|p1a: Slowking|Future Sight||[still]
|-fail|p1a: Slowking
|
|-end|p2a: Tapu Fini|move: Future Sight
|-damage|p2a: Tapu Fini|80/100
|upkeep
|turn|31
|-message|Gotmyvanson forfeited.
|
|win|overwatch2sucks
|raw|Gotmyvanson's rating: 1590 &rarr; <strong>1569</strong><br />(-21 for losing)
|raw|overwatch2sucks's rating: 1564 &rarr; <strong>1585</strong><br />(+21 for winning)
|l|☆Gotmyvanson
