|raw|<div class="broadcast-blue"><strong>This battle is required to be public due to a player having a name starting with 'btlt200'.</div>
|j|☆AdamanTime
|j|☆BTLT200$ SF'
|t:|1668167963
|gametype|singles
|player|p1|AdamanTime|wallace-gen6|
|player|p2|BTLT200$ SF'|palmer|
|teamsize|p1|6
|teamsize|p2|6
|gen|8
|tier|[Gen 8] OU
|rule|Sleep Clause Mod: Limit one foe put to sleep
|rule|Species Clause: Limit one of each Pokémon
|rule|OHKO Clause: OHKO moves are banned
|rule|Evasion Items Clause: Evasion items are banned
|rule|Evasion Moves Clause: Evasion moves are banned
|rule|Endless Battle Clause: Forcing endless battles is banned
|rule|HP Percentage Mod: HP is shown in percentages
|rule|Dynamax Clause: You cannot dynamax
|clearpoke
|poke|p1|Polteageist|
|poke|p1|Copperajah, F|
|poke|p1|Slowbro-Galar, F|
|poke|p1|Sandaconda, F|
|poke|p1|Zarude-Dada|
|poke|p1|Weezing-Galar, M|
|poke|p2|Grimmsnarl, M|
|poke|p2|Slowbro-Galar, F|
|poke|p2|Polteageist-Antique|
|poke|p2|Zarude-Dada|
|poke|p2|Articuno-Galar|
|poke|p2|Inteleon, F|
|teampreview
|inactive|Battle timer is ON: inactive players will automatically lose when time's up. (requested by BTLT200$ SF')
|
|t:|1668167974
|start
|switch|p1a: Zarude|Zarude-Dada|100/100
|switch|p2a: Grimmsnarl|Grimmsnarl, M|100/100
|turn|1
|
|t:|1668167985
|switch|p1a: Sandaconda|Sandaconda, F|100/100
|move|p2a: Grimmsnarl|Spirit Break|p1a: Sandaconda
|-damage|p1a: Sandaconda|75/100
|-unboost|p1a: Sandaconda|spa|1
|
|-heal|p1a: Sandaconda|81/100|[from] item: Leftovers
|upkeep
|turn|2
|
|t:|1668168004
|move|p2a: Grimmsnarl|Taunt|p1a: Sandaconda
|-start|p1a: Sandaconda|move: Taunt
|cant|p1a: Sandaconda|move: Taunt|Glare
|
|-heal|p1a: Sandaconda|87/100|[from] item: Leftovers
|upkeep
|turn|3
|
|t:|1668168015
|move|p2a: Grimmsnarl|Reflect|p2a: Grimmsnarl
|-sidestart|p2: BTLT200$ SF'|Reflect
|move|p1a: Sandaconda|Earthquake|p2a: Grimmsnarl
|-damage|p2a: Grimmsnarl|76/100
|
|-heal|p1a: Sandaconda|93/100|[from] item: Leftovers
|upkeep
|turn|4
|
|t:|1668168023
|switch|p1a: Weezing|Weezing-Galar, M|100/100
|switch|p2a: Articuno|Articuno-Galar|100/100
|
|upkeep
|turn|5
|
|t:|1668168032
|switch|p1a: Copperajah|Copperajah, F|100/100
|move|p2a: Articuno|Hurricane|p1a: Copperajah
|-resisted|p1a: Copperajah
|-damage|p1a: Copperajah|65/100
|
|upkeep
|turn|6
|
|t:|1668168043
|switch|p2a: Slowbro|Slowbro-Galar, F|100/100
|move|p1a: Copperajah|Stone Edge|p2a: Slowbro
|-damage|p2a: Slowbro|85/100
|
|upkeep
|turn|7
|
|t:|1668168060
|switch|p1a: Zarude|Zarude-Dada|100/100
|move|p2a: Slowbro|Calm Mind|p2a: Slowbro
|-boost|p2a: Slowbro|spa|1
|-boost|p2a: Slowbro|spd|1
|
|upkeep
|turn|8
|
|t:|1668168068
|move|p1a: Zarude|U-turn|p2a: Slowbro
|-damage|p2a: Slowbro|75/100
|-damage|p1a: Zarude|84/100|[from] item: Rocky Helmet|[of] p2a: Slowbro
|
|t:|1668168072
|switch|p1a: Copperajah|Copperajah, F|65/100|[from]move: U-turn
|move|p2a: Slowbro|Sludge Bomb|p1a: Copperajah
|-immune|p1a: Copperajah
|
|upkeep
|turn|9
|
|t:|1668168079
|move|p1a: Copperajah|Heavy Slam|p2a: Slowbro
|-damage|p2a: Slowbro|44/100
|-damage|p1a: Copperajah|48/100|[from] item: Rocky Helmet|[of] p2a: Slowbro
|move|p2a: Slowbro|Calm Mind|p2a: Slowbro
|-boost|p2a: Slowbro|spa|1
|-boost|p2a: Slowbro|spd|1
|
|upkeep
|turn|10
|
|t:|1668168084
|move|p1a: Copperajah|Heavy Slam|p2a: Slowbro
|-damage|p2a: Slowbro|15/100
|-damage|p1a: Copperajah|31/100|[from] item: Rocky Helmet|[of] p2a: Slowbro
|move|p2a: Slowbro|Slack Off|p2a: Slowbro
|-heal|p2a: Slowbro|65/100
|
|-sideend|p2: BTLT200$ SF'|Reflect
|upkeep
|turn|11
|
|t:|1668168089
|move|p1a: Copperajah|Heavy Slam|p2a: Slowbro
|-damage|p2a: Slowbro|3/100
|-damage|p1a: Copperajah|15/100|[from] item: Rocky Helmet|[of] p2a: Slowbro
|move|p2a: Slowbro|Slack Off|p2a: Slowbro
|-heal|p2a: Slowbro|53/100
|
|upkeep
|turn|12
|
|t:|1668168099
|switch|p2a: Inteleon|Inteleon, F|100/100
|move|p1a: Copperajah|Heavy Slam|p2a: Inteleon
|-resisted|p2a: Inteleon
|-damage|p2a: Inteleon|46/100
|
|upkeep
|turn|13
|
|t:|1668168118
|switch|p1a: Slowbro|Slowbro-Galar, F|100/100
|move|p2a: Inteleon|Surf|p1a: Slowbro
|-damage|p1a: Slowbro|74/100
|
|upkeep
|turn|14
|
|t:|1668168127
|move|p2a: Inteleon|Dark Pulse|p1a: Slowbro
|-supereffective|p1a: Slowbro
|-crit|p1a: Slowbro
|-damage|p1a: Slowbro|4/100
|cant|p1a: Slowbro|flinch
|
|upkeep
|turn|15
|
|t:|1668168135
|switch|p1a: Copperajah|Copperajah, F|15/100
|move|p2a: Inteleon|Surf|p1a: Copperajah
|-damage|p1a: Copperajah|0 fnt
|faint|p1a: Copperajah
|
|upkeep
|
|t:|1668168138
|switch|p1a: Zarude|Zarude-Dada|84/100
|turn|16
|
|t:|1668168154
|move|p1a: Zarude|Power Whip|p2a: Inteleon
|-supereffective|p2a: Inteleon
|-damage|p2a: Inteleon|0 fnt
|faint|p2a: Inteleon
|
|upkeep
|
|t:|1668168156
|switch|p2a: Grimmsnarl|Grimmsnarl, M|76/100
|turn|17
|
|t:|1668168161
|move|p2a: Grimmsnarl|Reflect|p2a: Grimmsnarl
|-sidestart|p2: BTLT200$ SF'|Reflect
|move|p1a: Zarude|Power Whip|p2a: Grimmsnarl
|-damage|p2a: Grimmsnarl|38/100
|
|upkeep
|turn|18
|
|t:|1668168167
|switch|p2a: Slowbro|Slowbro-Galar, F|53/100
|move|p1a: Zarude|Power Whip|p2a: Slowbro
|-resisted|p2a: Slowbro
|-damage|p2a: Slowbro|40/100
|-damage|p1a: Zarude|67/100|[from] item: Rocky Helmet|[of] p2a: Slowbro
|
|upkeep
|turn|19
|
|t:|1668168180
|switch|p1a: Polteageist|Polteageist|100/100
|move|p2a: Slowbro|Slack Off|p2a: Slowbro
|-heal|p2a: Slowbro|90/100
|
|upkeep
|turn|20
|
|t:|1668168185
|switch|p2a: Zarude|Zarude-Dada|100/100
|move|p1a: Polteageist|Shell Smash|p1a: Polteageist
|-unboost|p1a: Polteageist|def|1
|-unboost|p1a: Polteageist|spd|1
|-boost|p1a: Polteageist|atk|2
|-boost|p1a: Polteageist|spa|2
|-boost|p1a: Polteageist|spe|2
|-enditem|p1a: Polteageist|White Herb
|-clearnegativeboost|p1a: Polteageist|[silent]
|
|upkeep
|turn|21
|
|t:|1668168190
|switch|p1a: Weezing|Weezing-Galar, M|100/100
|move|p2a: Zarude|Darkest Lariat|p1a: Weezing
|-resisted|p1a: Weezing
|-damage|p1a: Weezing|88/100
|
|-heal|p1a: Weezing|94/100|[from] item: Black Sludge
|upkeep
|turn|22
|
|t:|1668168197
|switch|p2a: Articuno|Articuno-Galar|100/100
|move|p1a: Weezing|Strange Steam|p2a: Articuno
|-damage|p2a: Articuno|72/100
|-start|p2a: Articuno|confusion
|
|-heal|p1a: Weezing|99/100|[from] item: Black Sludge
|upkeep
|turn|23
|
|t:|1668168210
|switch|p1a: Zarude|Zarude-Dada|67/100
|-activate|p2a: Articuno|confusion
|move|p2a: Articuno|Air Slash|p1a: Zarude
|-supereffective|p1a: Zarude
|-damage|p1a: Zarude|0 fnt
|faint|p1a: Zarude
|
|upkeep
|
|t:|1668168216
|switch|p1a: Polteageist|Polteageist|100/100
|turn|24
|
|t:|1668168219
|switch|p2a: Zarude|Zarude-Dada|100/100
|move|p1a: Polteageist|Shadow Ball|p2a: Zarude
|-resisted|p2a: Zarude
|-damage|p2a: Zarude|79/100
|
|-sideend|p2: BTLT200$ SF'|Reflect
|upkeep
|turn|25
|
|t:|1668168224
|switch|p2a: Articuno|Articuno-Galar|72/100
|switch|p1a: Weezing|Weezing-Galar, M|99/100
|
|-heal|p1a: Weezing|100/100|[from] item: Black Sludge
|upkeep
|turn|26
|
|t:|1668168230
|switch|p1a: Slowbro|Slowbro-Galar, F|37/100
|move|p2a: Articuno|Air Slash|p1a: Slowbro
|-damage|p1a: Slowbro|4/100
|
|upkeep
|turn|27
|
|t:|1668168244
|switch|p1a: Polteageist|Polteageist|100/100
|move|p2a: Articuno|Air Slash|p1a: Polteageist|[miss]
|-miss|p2a: Articuno|p1a: Polteageist
|
|upkeep
|turn|28
|
|t:|1668168252
|switch|p2a: Zarude|Zarude-Dada|79/100
|switch|p1a: Weezing|Weezing-Galar, M|100/100
|
|upkeep
|turn|29
|
|t:|1668168257
|switch|p2a: Slowbro|Slowbro-Galar, F|90/100
|move|p1a: Weezing|Sludge Bomb|p2a: Slowbro
|-resisted|p2a: Slowbro
|-damage|p2a: Slowbro|78/100
|
|upkeep
|turn|30
|
|t:|1668168272
|switch|p1a: Polteageist|Polteageist|100/100
|move|p2a: Slowbro|Sludge Bomb|p1a: Polteageist
|-resisted|p1a: Polteageist
|-damage|p1a: Polteageist|82/100
|-status|p1a: Polteageist|psn
|
|-damage|p1a: Polteageist|70/100 psn|[from] psn
|upkeep
|turn|31
|
|t:|1668168278
|switch|p2a: Zarude|Zarude-Dada|79/100
|move|p1a: Polteageist|Strength Sap|p2a: Zarude
|-unboost|p2a: Zarude|atk|1
|-heal|p1a: Polteageist|100/100 psn
|
|-damage|p1a: Polteageist|88/100 psn|[from] psn
|upkeep
|turn|32
|
|t:|1668168288
|switch|p1a: Weezing|Weezing-Galar, M|100/100
|move|p2a: Zarude|Darkest Lariat|p1a: Weezing
|-resisted|p1a: Weezing
|-damage|p1a: Weezing|91/100
|
|-heal|p1a: Weezing|97/100|[from] item: Black Sludge
|upkeep
|turn|33
|
|t:|1668168296
|switch|p2a: Slowbro|Slowbro-Galar, F|78/100
|move|p1a: Weezing|Sludge Bomb|p2a: Slowbro
|-resisted|p2a: Slowbro
|-damage|p2a: Slowbro|66/100
|
|-heal|p1a: Weezing|100/100|[from] item: Black Sludge
|upkeep
|turn|34
|
|t:|1668168310
|switch|p1a: Polteageist|Polteageist|88/100 psn
|move|p2a: Slowbro|Iron Defense|p2a: Slowbro
|-boost|p2a: Slowbro|def|2
|
|-damage|p1a: Polteageist|76/100 psn|[from] psn
|upkeep
|turn|35
|
|t:|1668168316
|switch|p2a: Zarude|Zarude-Dada|79/100
|move|p1a: Polteageist|Shadow Ball|p2a: Zarude
|-resisted|p2a: Zarude
|-damage|p2a: Zarude|57/100
|
|-damage|p1a: Polteageist|64/100 psn|[from] psn
|upkeep
|turn|36
|
|t:|1668168320
|switch|p1a: Weezing|Weezing-Galar, M|100/100
|move|p2a: Zarude|Darkest Lariat|p1a: Weezing
|-resisted|p1a: Weezing
|-damage|p1a: Weezing|88/100
|
|-heal|p1a: Weezing|94/100|[from] item: Black Sludge
|upkeep
|turn|37
|
|t:|1668168325
|switch|p2a: Articuno|Articuno-Galar|72/100
|move|p1a: Weezing|Sludge Bomb|p2a: Articuno
|-damage|p2a: Articuno|45/100
|
|-heal|p1a: Weezing|99/100|[from] item: Black Sludge
|upkeep
|turn|38
|
|t:|1668168332
|switch|p1a: Polteageist|Polteageist|64/100 psn
|move|p2a: Articuno|Air Slash|p1a: Polteageist
|-damage|p1a: Polteageist|0 fnt
|faint|p1a: Polteageist
|
|upkeep
|
|t:|1668168337
|switch|p1a: Sandaconda|Sandaconda, F|93/100
|turn|39
|-message|AdamanTime forfeited.
|
|win|BTLT200$ SF'
|l|☆AdamanTime
|l|☆BTLT200$ SF'
|j|☆BTLT200$ SF'
|player|p2|BTLT200$ SF'|palmer
