|j|☆minimax_ai
|j|☆Mimikyu Stardust
|t:|1661759464
|gametype|singles
|player|p1|minimax_ai|lusamine-nihilego|1667
|player|p2|Mimikyu Stardust|#mimikyustardust|1749
|teamsize|p1|6
|teamsize|p2|6
|gen|8
|tier|[Gen 8] OU
|rated|
|rule|Sleep Clause Mod: Limit one foe put to sleep
|rule|Species Clause: Limit one of each Pokémon
|rule|OHKO Clause: OHKO moves are banned
|rule|Evasion Items Clause: Evasion items are banned
|rule|Evasion Moves Clause: Evasion moves are banned
|rule|Endless Battle Clause: Forcing endless battles is banned
|rule|HP Percentage Mod: HP is shown in percentages
|rule|Dynamax Clause: You cannot dynamax
|clearpoke
|poke|p1|Rotom-Wash|
|poke|p1|Weavile, M|
|poke|p1|Landorus-Therian, M|
|poke|p1|Heatran, M|
|poke|p1|Tangrowth, F|
|poke|p1|Melmetal|
|poke|p2|Kartana|
|poke|p2|Magnezone|
|poke|p2|Tornadus-Therian, M|
|poke|p2|Weavile, F|
|poke|p2|Toxapex, F|
|poke|p2|Garchomp, M|
|teampreview
|c|☆minimax_ai|hf
|inactive|Battle timer is ON: inactive players will automatically lose when time's up. (requested by minimax_ai)
|c|☆Mimikyu Stardust|hf
|j| leXXXus
|
|t:|1661759479
|start
|switch|p1a: landorustherian|Landorus-Therian, M|100/100
|switch|p2a: Garchomp|Garchomp, M|100/100
|-ability|p1a: landorustherian|Intimidate|boost
|-unboost|p2a: Garchomp|atk|1
|turn|1
|
|t:|1661759482
|move|p2a: Garchomp|Stealth Rock|p1a: landorustherian
|-sidestart|p1: minimax_ai|move: Stealth Rock
|move|p1a: landorustherian|Toxic|p2a: Garchomp
|-status|p2a: Garchomp|tox
|
|-damage|p2a: Garchomp|94/100 tox|[from] psn
|upkeep
|turn|2
|
|t:|1661759483
|move|p2a: Garchomp|Toxic|p1a: landorustherian
|-status|p1a: landorustherian|tox
|move|p1a: landorustherian|Defog|p2a: Garchomp
|-unboost|p2a: Garchomp|evasion|1
|-sideend|p1: minimax_ai|Stealth Rock|[from] move: Defog|[of] p1a: landorustherian
|
|-heal|p2a: Garchomp|100/100 tox|[from] item: Leftovers
|-damage|p2a: Garchomp|88/100 tox|[from] psn
|-damage|p1a: landorustherian|94/100 tox|[from] psn
|upkeep
|turn|3
|
|t:|1661759488
|switch|p2a: Tornadus|Tornadus-Therian, M|100/100
|switch|p1a: Heatran|Heatran, M|100/100
|-item|p1a: Heatran|Air Balloon
|
|upkeep
|turn|4
|
|t:|1661759490
|move|p2a: Tornadus|U-turn|p1a: Heatran
|-resisted|p1a: Heatran
|-damage|p1a: Heatran|97/100
|-enditem|p1a: Heatran|Air Balloon
|
|t:|1661759492
|switch|p2a: Garchomp|Garchomp, M|88/100 tox|[from]move: U-turn
|move|p1a: Heatran|Stealth Rock|p2a: Garchomp
|-sidestart|p2: Mimikyu Stardust|move: Stealth Rock
|
|-heal|p2a: Garchomp|94/100 tox|[from] item: Leftovers
|-damage|p2a: Garchomp|88/100 tox|[from] psn
|upkeep
|turn|5
|
|t:|1661759494
|switch|p1a: rotomwash|Rotom-Wash|100/100
|move|p2a: Garchomp|Stealth Rock|p1a: rotomwash
|-sidestart|p1: minimax_ai|move: Stealth Rock
|
|-heal|p2a: Garchomp|94/100 tox|[from] item: Leftovers
|-damage|p2a: Garchomp|82/100 tox|[from] psn
|upkeep
|turn|6
|
|t:|1661759500
|move|p1a: rotomwash|Hydro Pump|p2a: Garchomp|[miss]
|-miss|p1a: rotomwash|p2a: Garchomp
|move|p2a: Garchomp|Toxic|p1a: rotomwash
|-status|p1a: rotomwash|tox
|
|-heal|p2a: Garchomp|88/100 tox|[from] item: Leftovers
|-damage|p1a: rotomwash|94/100 tox|[from] psn
|-damage|p2a: Garchomp|70/100 tox|[from] psn
|upkeep
|turn|7
|
|t:|1661759504
|switch|p2a: Tornadus|Tornadus-Therian, M|100/100
|move|p1a: rotomwash|Hydro Pump|p2a: Tornadus
|-crit|p2a: Tornadus
|-damage|p2a: Tornadus|30/100
|
|-heal|p1a: rotomwash|100/100 tox|[from] item: Leftovers
|-damage|p1a: rotomwash|88/100 tox|[from] psn
|upkeep
|turn|8
|
|t:|1661759507
|switch|p1a: Melmetal|Melmetal|100/100
|-damage|p1a: Melmetal|94/100|[from] Stealth Rock
|move|p2a: Tornadus|U-turn|p1a: Melmetal
|-resisted|p1a: Melmetal
|-damage|p1a: Melmetal|90/100
|
|t:|1661759511
|switch|p2a: Magnezone|Magnezone|100/100|[from]move: U-turn
|-damage|p2a: Magnezone|94/100|[from] Stealth Rock
|-item|p2a: Magnezone|Air Balloon
|
|upkeep
|turn|9
|
|t:|1661759512
|move|p2a: Magnezone|Iron Defense|p2a: Magnezone
|-boost|p2a: Magnezone|def|2
|move|p1a: Melmetal|Ice Punch|p2a: Magnezone
|-resisted|p2a: Magnezone
|-damage|p2a: Magnezone|88/100
|-enditem|p2a: Magnezone|Air Balloon
|
|upkeep
|turn|10
|
|t:|1661759515
|move|p2a: Magnezone|Magnet Rise|p2a: Magnezone
|-start|p2a: Magnezone|Magnet Rise
|move|p1a: Melmetal|Earthquake|p2a: Magnezone
|-immune|p2a: Magnezone
|
|upkeep
|turn|11
|
|t:|1661759519
|move|p2a: Magnezone|Iron Defense|p2a: Magnezone
|-boost|p2a: Magnezone|def|2
|move|p1a: Melmetal|Ice Punch|p2a: Magnezone
|-resisted|p2a: Magnezone
|-damage|p2a: Magnezone|83/100
|
|upkeep
|turn|12
|
|t:|1661759521
|move|p2a: Magnezone|Body Press|p1a: Melmetal
|-supereffective|p1a: Melmetal
|-damage|p1a: Melmetal|0 fnt
|faint|p1a: Melmetal
|
|upkeep
|
|t:|1661759521
|switch|p1a: Heatran|Heatran, M|97/100
|-damage|p1a: Heatran|84/100|[from] Stealth Rock
|turn|13
|
|t:|1661759538
|switch|p2a: Garchomp|Garchomp, M|70/100 tox
|-damage|p2a: Garchomp|63/100 tox|[from] Stealth Rock
|move|p1a: Heatran|Magma Storm|p2a: Garchomp
|-resisted|p2a: Garchomp
|-damage|p2a: Garchomp|46/100 tox
|-activate|p2a: Garchomp|move: Magma Storm|[of] p1a: Heatran
|
|-heal|p2a: Garchomp|52/100 tox|[from] item: Leftovers
|-damage|p2a: Garchomp|46/100 tox|[from] psn
|-damage|p2a: Garchomp|34/100 tox|[from] move: Magma Storm|[partiallytrapped]
|upkeep
|turn|14
|
|t:|1661759543
|switch|p1a: rotomwash|Rotom-Wash|88/100 tox
|-damage|p1a: rotomwash|75/100 tox|[from] Stealth Rock
|move|p2a: Garchomp|Earthquake|p1a: rotomwash
|-immune|p1a: rotomwash|[from] ability: Levitate
|
|-heal|p1a: rotomwash|82/100 tox|[from] item: Leftovers
|-heal|p2a: Garchomp|40/100 tox|[from] item: Leftovers
|-damage|p1a: rotomwash|75/100 tox|[from] psn
|-damage|p2a: Garchomp|27/100 tox|[from] psn
|-end|p2a: Garchomp|Magma Storm|[partiallytrapped]|[silent]
|upkeep
|turn|15
|
|t:|1661759547
|switch|p2a: Toxapex|Toxapex, F|100/100
|-damage|p2a: Toxapex|88/100|[from] Stealth Rock
|move|p1a: rotomwash|Thunderbolt|p2a: Toxapex
|-supereffective|p2a: Toxapex
|-damage|p2a: Toxapex|37/100
|
|-heal|p1a: rotomwash|82/100 tox|[from] item: Leftovers
|-heal|p2a: Toxapex|43/100|[from] item: Black Sludge
|-damage|p1a: rotomwash|69/100 tox|[from] psn
|upkeep
|turn|16
|
|t:|1661759550
|move|p2a: Toxapex|Baneful Bunker|p2a: Toxapex
|-singleturn|p2a: Toxapex|move: Protect
|move|p1a: rotomwash|Thunderbolt|p2a: Toxapex
|-activate|p2a: Toxapex|move: Protect
|
|-heal|p1a: rotomwash|75/100 tox|[from] item: Leftovers
|-heal|p2a: Toxapex|49/100|[from] item: Black Sludge
|-damage|p1a: rotomwash|57/100 tox|[from] psn
|upkeep
|turn|17
|
|t:|1661759556
|switch|p2a: Magnezone|Magnezone|83/100
|-damage|p2a: Magnezone|77/100|[from] Stealth Rock
|move|p1a: rotomwash|Thunderbolt|p2a: Magnezone
|-resisted|p2a: Magnezone
|-damage|p2a: Magnezone|54/100
|
|-heal|p1a: rotomwash|63/100 tox|[from] item: Leftovers
|-damage|p1a: rotomwash|38/100 tox|[from] psn
|upkeep
|turn|18
|
|t:|1661759562
|move|p1a: rotomwash|Thunderbolt|p2a: Magnezone
|-resisted|p2a: Magnezone
|-damage|p2a: Magnezone|30/100
|move|p2a: Magnezone|Thunderbolt|p1a: rotomwash
|-damage|p1a: rotomwash|0 fnt
|faint|p1a: rotomwash
|
|upkeep
|
|t:|1661759562
|switch|p1a: Weavile|Weavile, M|100/100
|-damage|p1a: Weavile|76/100|[from] Stealth Rock
|-ability|p1a: Weavile|Pressure
|turn|19
|
|t:|1661759564
|move|p1a: Weavile|Knock Off|p2a: Magnezone
|-damage|p2a: Magnezone|0 fnt
|faint|p2a: Magnezone
|
|upkeep
|
|t:|1661759570
|switch|p2a: Weavile|Weavile, F|100/100
|-ability|p2a: Weavile|Pressure
|turn|20
|
|t:|1661759573
|switch|p1a: landorustherian|Landorus-Therian, M|94/100 tox
|-damage|p1a: landorustherian|82/100 tox|[from] Stealth Rock
|-ability|p1a: landorustherian|Intimidate|boost
|-unboost|p2a: Weavile|atk|1
|move|p2a: Weavile|Swords Dance|p2a: Weavile
|-boost|p2a: Weavile|atk|2
|
|-heal|p1a: landorustherian|88/100 tox|[from] item: Leftovers
|-damage|p1a: landorustherian|82/100 tox|[from] psn
|upkeep
|turn|21
|
|t:|1661759576
|move|p2a: Weavile|Ice Shard|p1a: landorustherian
|-supereffective|p1a: landorustherian
|-damage|p1a: landorustherian|0 fnt
|faint|p1a: landorustherian
|
|upkeep
|
|t:|1661759576
|switch|p1a: Heatran|Heatran, M|84/100
|-damage|p1a: Heatran|72/100|[from] Stealth Rock
|turn|22
|
|t:|1661759580
|switch|p2a: Garchomp|Garchomp, M|27/100 tox
|-damage|p2a: Garchomp|21/100 tox|[from] Stealth Rock
|move|p1a: Heatran|Magma Storm|p2a: Garchomp|[miss]
|-miss|p1a: Heatran|p2a: Garchomp
|
|-heal|p2a: Garchomp|27/100 tox|[from] item: Leftovers
|-damage|p2a: Garchomp|21/100 tox|[from] psn
|upkeep
|turn|23
|
|t:|1661759583
|move|p1a: Heatran|Eruption|p2a: Garchomp
|-resisted|p2a: Garchomp
|-damage|p2a: Garchomp|1/100 tox
|move|p2a: Garchomp|Toxic|p1a: Heatran
|-immune|p1a: Heatran
|
|-heal|p2a: Garchomp|7/100 tox|[from] item: Leftovers
|-damage|p2a: Garchomp|0 fnt|[from] psn
|faint|p2a: Garchomp
|upkeep
|
|t:|1661759589
|switch|p2a: Kartana|Kartana|100/100
|-damage|p2a: Kartana|94/100|[from] Stealth Rock
|turn|24
|
|t:|1661759593
|switch|p1a: Tangrowth|Tangrowth, F|100/100
|-damage|p1a: Tangrowth|88/100|[from] Stealth Rock
|move|p2a: Kartana|Sacred Sword|p1a: Tangrowth
|-damage|p1a: Tangrowth|67/100
|
|upkeep
|turn|25
|
|t:|1661759595
|switch|p2a: Toxapex|Toxapex, F|82/100
|-damage|p2a: Toxapex|70/100|[from] Stealth Rock
|move|p1a: Tangrowth|Sleep Powder|p2a: Toxapex
|-status|p2a: Toxapex|slp|[from] move: Sleep Powder
|
|-heal|p2a: Toxapex|76/100 slp|[from] item: Black Sludge
|upkeep
|turn|26
|
|t:|1661759597
|switch|p2a: Tornadus|Tornadus-Therian, M|64/100
|move|p1a: Tangrowth|Knock Off|p2a: Tornadus
|-damage|p2a: Tornadus|41/100
|-enditem|p2a: Tornadus|Heavy-Duty Boots|[from] move: Knock Off|[of] p1a: Tangrowth
|
|upkeep
|turn|27
|
|t:|1661759601
|switch|p1a: Heatran|Heatran, M|72/100
|-damage|p1a: Heatran|60/100|[from] Stealth Rock
|move|p2a: Tornadus|U-turn|p1a: Heatran
|-resisted|p1a: Heatran
|-damage|p1a: Heatran|56/100
|
|t:|1661759603
|switch|p2a: Kartana|Kartana|94/100|[from]move: U-turn
|-damage|p2a: Kartana|88/100|[from] Stealth Rock
|
|upkeep
|turn|28
|
|t:|1661759605
|switch|p1a: Tangrowth|Tangrowth, F|99/100
|-damage|p1a: Tangrowth|88/100|[from] Stealth Rock
|move|p2a: Kartana|Toxic|p1a: Tangrowth
|-status|p1a: Tangrowth|tox
|
|-damage|p1a: Tangrowth|81/100 tox|[from] psn
|upkeep
|turn|29
|
|t:|1661759607
|switch|p2a: Tornadus|Tornadus-Therian, M|74/100
|-damage|p2a: Tornadus|49/100|[from] Stealth Rock
|switch|p1a: Heatran|Heatran, M|56/100
|-damage|p1a: Heatran|44/100|[from] Stealth Rock
|
|upkeep
|turn|30
|
|t:|1661759610
|move|p2a: Tornadus|U-turn|p1a: Heatran
|-resisted|p1a: Heatran
|-damage|p1a: Heatran|40/100
|
|t:|1661759612
|switch|p2a: Toxapex|Toxapex, F|100/100 slp|[from]move: U-turn
|-damage|p2a: Toxapex|88/100 slp|[from] Stealth Rock
|move|p1a: Heatran|Magma Storm|p2a: Toxapex
|-resisted|p2a: Toxapex
|-damage|p2a: Toxapex|67/100 slp
|-activate|p2a: Toxapex|move: Magma Storm|[of] p1a: Heatran
|
|-heal|p2a: Toxapex|73/100 slp|[from] item: Black Sludge
|-damage|p2a: Toxapex|60/100 slp|[from] move: Magma Storm|[partiallytrapped]
|upkeep
|turn|31
|
|t:|1661759613
|move|p1a: Heatran|Magma Storm|p2a: Toxapex|[miss]
|-miss|p1a: Heatran|p2a: Toxapex
|cant|p2a: Toxapex|slp
|
|-heal|p2a: Toxapex|67/100 slp|[from] item: Black Sludge
|-damage|p2a: Toxapex|54/100 slp|[from] move: Magma Storm|[partiallytrapped]
|upkeep
|turn|32
|
|t:|1661759615
|move|p1a: Heatran|Magma Storm|p2a: Toxapex|[miss]
|-miss|p1a: Heatran|p2a: Toxapex
|cant|p2a: Toxapex|slp
|
|-heal|p2a: Toxapex|60/100 slp|[from] item: Black Sludge
|-damage|p2a: Toxapex|48/100 slp|[from] move: Magma Storm|[partiallytrapped]
|upkeep
|turn|33
|
|t:|1661759618
|move|p1a: Heatran|Magma Storm|p2a: Toxapex
|-resisted|p2a: Toxapex
|-damage|p2a: Toxapex|26/100 slp
|-curestatus|p2a: Toxapex|slp|[msg]
|move|p2a: Toxapex|Recover|p2a: Toxapex
|-heal|p2a: Toxapex|76/100
|
|-heal|p2a: Toxapex|82/100|[from] item: Black Sludge
|-damage|p2a: Toxapex|70/100|[from] move: Magma Storm|[partiallytrapped]
|upkeep
|turn|34
|
|t:|1661759624
|move|p1a: Heatran|Earth Power|p2a: Toxapex
|-supereffective|p2a: Toxapex
|-damage|p2a: Toxapex|22/100
|move|p2a: Toxapex|Scald|p1a: Heatran
|-supereffective|p1a: Heatran
|-damage|p1a: Heatran|12/100
|
|-heal|p2a: Toxapex|28/100|[from] item: Black Sludge
|-damage|p2a: Toxapex|16/100|[from] move: Magma Storm|[partiallytrapped]
|upkeep
|turn|35
|
|t:|1661759626
|move|p2a: Toxapex|Baneful Bunker|p2a: Toxapex
|-singleturn|p2a: Toxapex|move: Protect
|move|p1a: Heatran|Magma Storm|p2a: Toxapex
|-activate|p2a: Toxapex|move: Protect
|
|-heal|p2a: Toxapex|22/100|[from] item: Black Sludge
|-end|p2a: Toxapex|Magma Storm|[partiallytrapped]
|upkeep
|turn|36
|j| Sjns8w8ejsnma
|
|t:|1661759629
|move|p1a: Heatran|Magma Storm|p2a: Toxapex
|-resisted|p2a: Toxapex
|-damage|p2a: Toxapex|3/100
|-activate|p2a: Toxapex|move: Magma Storm|[of] p1a: Heatran
|move|p2a: Toxapex|Scald|p1a: Heatran
|-supereffective|p1a: Heatran
|-damage|p1a: Heatran|0 fnt
|faint|p1a: Heatran
|
|-heal|p2a: Toxapex|9/100|[from] item: Black Sludge
|-end|p2a: Toxapex|Magma Storm|[partiallytrapped]|[silent]
|upkeep
|
|t:|1661759629
|switch|p1a: Tangrowth|Tangrowth, F|100/100 tox
|-damage|p1a: Tangrowth|88/100 tox|[from] Stealth Rock
|turn|37
|
|t:|1661759632
|switch|p2a: Tornadus|Tornadus-Therian, M|82/100
|-damage|p2a: Tornadus|57/100|[from] Stealth Rock
|move|p1a: Tangrowth|Sleep Powder|p2a: Tornadus|[miss]
|-miss|p1a: Tangrowth|p2a: Tornadus
|
|-damage|p1a: Tangrowth|82/100 tox|[from] psn
|upkeep
|turn|38
|c| leXXXus|GOAT
|
|t:|1661759635
|move|p2a: Tornadus|Hurricane|p1a: Tangrowth|[miss]
|-miss|p2a: Tornadus|p1a: Tangrowth
|move|p1a: Tangrowth|Sleep Powder|p2a: Tornadus
|-status|p2a: Tornadus|slp|[from] move: Sleep Powder
|
|-damage|p1a: Tangrowth|70/100 tox|[from] psn
|upkeep
|turn|39
|
|t:|1661759638
|switch|p1a: Weavile|Weavile, M|76/100
|-damage|p1a: Weavile|51/100|[from] Stealth Rock
|-ability|p1a: Weavile|Pressure
|cant|p2a: Tornadus|slp
|
|upkeep
|turn|40
|
|t:|1661759644
|switch|p2a: Toxapex|Toxapex, F|43/100
|-damage|p2a: Toxapex|30/100|[from] Stealth Rock
|move|p1a: Weavile|Triple Axel|p2a: Toxapex
|-resisted|p2a: Toxapex
|-damage|p2a: Toxapex|25/100
|-resisted|p2a: Toxapex
|-damage|p2a: Toxapex|16/100
|-resisted|p2a: Toxapex
|-damage|p2a: Toxapex|2/100
|-hitcount|p2a: Toxapex|3
|
|-heal|p2a: Toxapex|9/100|[from] item: Black Sludge
|upkeep
|turn|41
|
|t:|1661759646
|move|p2a: Toxapex|Baneful Bunker|p2a: Toxapex
|-singleturn|p2a: Toxapex|move: Protect
|move|p1a: Weavile|Triple Axel|p2a: Toxapex
|-activate|p2a: Toxapex|move: Protect
|-status|p1a: Weavile|psn
|
|-heal|p2a: Toxapex|15/100|[from] item: Black Sludge
|-damage|p1a: Weavile|38/100 psn|[from] psn
|upkeep
|turn|42
|
|t:|1661759650
|move|p1a: Weavile|Triple Axel|p2a: Toxapex
|-resisted|p2a: Toxapex
|-damage|p2a: Toxapex|10/100
|-resisted|p2a: Toxapex
|-damage|p2a: Toxapex|1/100
|-resisted|p2a: Toxapex
|-damage|p2a: Toxapex|0 fnt
|faint|p2a: Toxapex
|-hitcount|p2: Toxapex|3
|
|-damage|p1a: Weavile|26/100 psn|[from] psn
|upkeep
|
|t:|1661759653
|switch|p2a: Weavile|Weavile, F|100/100
|-ability|p2a: Weavile|Pressure
|turn|43
|
|t:|1661759655
|move|p1a: Weavile|Triple Axel|p2a: Weavile
|-resisted|p2a: Weavile
|-damage|p2a: Weavile|88/100
|-resisted|p2a: Weavile
|-damage|p2a: Weavile|61/100
|-resisted|p2a: Weavile
|-damage|p2a: Weavile|22/100
|-hitcount|p2a: Weavile|3
|move|p2a: Weavile|Knock Off|p1a: Weavile
|-resisted|p1a: Weavile
|-damage|p1a: Weavile|0 fnt
|-enditem|p1a: Weavile|Choice Band|[from] move: Knock Off|[of] p2a: Weavile
|faint|p1a: Weavile
|
|upkeep
|
|t:|1661759655
|switch|p1a: Tangrowth|Tangrowth, F|100/100 tox
|-damage|p1a: Tangrowth|88/100 tox|[from] Stealth Rock
|turn|44
|
|t:|1661759663
|move|p2a: Weavile|Triple Axel|p1a: Tangrowth
|-supereffective|p1a: Tangrowth
|-damage|p1a: Tangrowth|76/100 tox
|-damage|p2a: Weavile|6/100|[from] item: Rocky Helmet|[of] p1a: Tangrowth
|-supereffective|p1a: Tangrowth
|-damage|p1a: Tangrowth|52/100 tox
|-damage|p2a: Weavile|0 fnt|[from] item: Rocky Helmet|[of] p1a: Tangrowth
|faint|p2a: Weavile
|-hitcount|p1a: Tangrowth|2
|move|p1a: Tangrowth|Giga Drain|p2: Weavile|[notarget]
|-fail|p1a: Tangrowth
|
|-damage|p1a: Tangrowth|46/100 tox|[from] psn
|upkeep
|
|t:|1661759666
|switch|p2a: Tornadus|Tornadus-Therian, M|91/100 slp
|-damage|p2a: Tornadus|66/100 slp|[from] Stealth Rock
|turn|45
|
|t:|1661759667
|cant|p2a: Tornadus|slp
|move|p1a: Tangrowth|Giga Drain|p2a: Tornadus
|-resisted|p2a: Tornadus
|-damage|p2a: Tornadus|52/100 slp
|-heal|p1a: Tangrowth|52/100 tox|[from] drain|[of] p2a: Tornadus
|
|-damage|p1a: Tangrowth|40/100 tox|[from] psn
|upkeep
|turn|46
|
|t:|1661759670
|cant|p2a: Tornadus|slp
|move|p1a: Tangrowth|Giga Drain|p2a: Tornadus
|-resisted|p2a: Tornadus
|-damage|p2a: Tornadus|39/100 slp
|-heal|p1a: Tangrowth|46/100 tox|[from] drain|[of] p2a: Tornadus
|
|-damage|p1a: Tangrowth|27/100 tox|[from] psn
|upkeep
|turn|47
|
|t:|1661759672
|-curestatus|p2a: Tornadus|slp|[msg]
|move|p2a: Tornadus|Hurricane|p1a: Tangrowth
|-supereffective|p1a: Tangrowth
|-damage|p1a: Tangrowth|0 fnt
|faint|p1a: Tangrowth
|
|win|Mimikyu Stardust
|raw|minimax_ai's rating: 1667 &rarr; <strong>1652</strong><br />(-15 for losing)
|raw|Mimikyu Stardust's rating: 1749 &rarr; <strong>1764</strong><br />(+15 for winning)
|c|☆minimax_ai|gg
|c|☆Mimikyu Stardust|gg
