|j|☆Wackin
|j|☆big boss 447
|player|p1|Wackin|red-gen1main|1726
|player|p2|big boss 447|n|1713
|teamsize|p1|6
|teamsize|p2|6
|gametype|singles
|gen|8
|tier|[Gen 8] OU
|rated|
|clearpoke
|poke|p1|Kommo-o, F|
|poke|p1|Cinderace, M|
|poke|p1|Mandibuzz, F|
|poke|p1|Dragapult, F|
|poke|p1|Clefable, F|
|poke|p1|Toxtricity, M|
|poke|p2|Pelipper, F|
|poke|p2|Inteleon, M|
|poke|p2|Rillaboom, F|
|poke|p2|Rotom-Heat|
|poke|p2|Ferrothorn, M|
|poke|p2|Crawdaunt, M|
|rule|Sleep Clause Mod: Limit one foe put to sleep
|rule|Species Clause: Limit one of each Pokémon
|rule|OHKO Clause: OHKO moves are banned
|rule|Evasion Moves Clause: Evasion moves are banned
|rule|Endless Battle Clause: Forcing endless battles is banned
|rule|HP Percentage Mod: HP is shown in percentages
|rule|Dynamax Clause: You cannot dynamax
|teampreview
|inactive|Battle timer is ON: inactive players will automatically lose when time's up. (requested by Wackin)
|
|start
|switch|p1a: Dragapult|Dragapult, F|100/100
|switch|p2a: Pelipper|Pelipper, F|100/100
|-weather|RainDance|[from] ability: Drizzle|[of] p2a: Pelipper
|turn|1
|
|move|p1a: Dragapult|Will-O-Wisp|p2a: Pelipper
|-status|p2a: Pelipper|brn
|move|p2a: Pelipper|Weather Ball|p1a: Dragapult
|-resisted|p1a: Dragapult
|-damage|p1a: Dragapult|31/100
|
|-weather|RainDance|[upkeep]
|-heal|p1a: Dragapult|37/100|[from] item: Leftovers
|-damage|p2a: Pelipper|94/100 brn|[from] brn
|upkeep
|turn|2
|
|switch|p2a: Ferrothorn|Ferrothorn, M|100/100
|move|p1a: Dragapult|Hex|p2a: Ferrothorn
|-damage|p2a: Ferrothorn|79/100
|
|-weather|RainDance|[upkeep]
|-heal|p1a: Dragapult|43/100|[from] item: Leftovers
|-heal|p2a: Ferrothorn|85/100|[from] item: Leftovers
|upkeep
|turn|3
|
|move|p1a: Dragapult|Will-O-Wisp|p2a: Ferrothorn
|-status|p2a: Ferrothorn|brn
|move|p2a: Ferrothorn|Stealth Rock|p1a: Dragapult
|-sidestart|p1: Wackin|move: Stealth Rock
|
|-weather|RainDance|[upkeep]
|-heal|p1a: Dragapult|49/100|[from] item: Leftovers
|-heal|p2a: Ferrothorn|91/100 brn|[from] item: Leftovers
|-damage|p2a: Ferrothorn|85/100 brn|[from] brn
|upkeep
|turn|4
|
|move|p1a: Dragapult|Hex|p2a: Ferrothorn
|-damage|p2a: Ferrothorn|39/100 brn
|move|p2a: Ferrothorn|Leech Seed|p1a: Dragapult|[miss]
|-miss|p2a: Ferrothorn|p1a: Dragapult
|
|-weather|RainDance|[upkeep]
|-heal|p1a: Dragapult|55/100|[from] item: Leftovers
|-heal|p2a: Ferrothorn|45/100 brn|[from] item: Leftovers
|-damage|p2a: Ferrothorn|39/100 brn|[from] brn
|upkeep
|turn|5
|
|move|p1a: Dragapult|Hex|p2a: Ferrothorn
|-damage|p2a: Ferrothorn|0 fnt
|faint|p2a: Ferrothorn
|
|-weather|none
|-heal|p1a: Dragapult|61/100|[from] item: Leftovers
|upkeep
|
|switch|p2a: Rillaboom|Rillaboom, F|100/100
|-fieldstart|move: Grassy Terrain|[from] ability: Grassy Surge|[of] p2a: Rillaboom
|turn|6
|
|switch|p1a: Mandibuzz|Mandibuzz, F|100/100
|move|p2a: Rillaboom|Knock Off|p1a: Mandibuzz
|-resisted|p1a: Mandibuzz
|-damage|p1a: Mandibuzz|78/100
|-enditem|p1a: Mandibuzz|Heavy-Duty Boots|[from] move: Knock Off|[of] p2a: Rillaboom
|
|upkeep
|turn|7
|
|switch|p2a: Crawdaunt|Crawdaunt, M|100/100
|move|p1a: Mandibuzz|Defog|p2a: Crawdaunt
|-unboost|p2a: Crawdaunt|evasion|1
|-sideend|p1: Wackin|Stealth Rock|[from] move: Defog|[of] p1a: Mandibuzz
|-fieldend|move: Grassy Terrain
|
|upkeep
|turn|8
|
|move|p1a: Mandibuzz|U-turn|p2a: Crawdaunt
|-supereffective|p2a: Crawdaunt
|-damage|p2a: Crawdaunt|69/100
|
|switch|p1a: Kommo-o|Kommo-o, F|100/100|[from]move: U-turn
|move|p2a: Crawdaunt|Knock Off|p1a: Kommo-o
|-resisted|p1a: Kommo-o
|-damage|p1a: Kommo-o|75/100
|-enditem|p1a: Kommo-o|Leftovers|[from] move: Knock Off|[of] p2a: Crawdaunt
|-damage|p2a: Crawdaunt|59/100|[from] item: Life Orb
|
|upkeep
|turn|9
|
|switch|p2a: Pelipper|Pelipper, F|94/100 brn
|-weather|RainDance|[from] ability: Drizzle|[of] p2a: Pelipper
|move|p1a: Kommo-o|Stealth Rock|p2a: Pelipper
|-sidestart|p2: big boss 447|move: Stealth Rock
|
|-weather|RainDance|[upkeep]
|-damage|p2a: Pelipper|88/100 brn|[from] brn
|upkeep
|turn|10
|
|switch|p1a: Mandibuzz|Mandibuzz, F|78/100
|move|p2a: Pelipper|Hurricane|p1a: Mandibuzz
|-damage|p1a: Mandibuzz|26/100
|-start|p1a: Mandibuzz|confusion
|
|-weather|RainDance|[upkeep]
|-damage|p2a: Pelipper|82/100 brn|[from] brn
|upkeep
|turn|11
|
|move|p2a: Pelipper|Hurricane|p1a: Mandibuzz
|-damage|p1a: Mandibuzz|0 fnt
|faint|p1a: Mandibuzz
|
|-weather|RainDance|[upkeep]
|-damage|p2a: Pelipper|76/100 brn|[from] brn
|upkeep
|
|switch|p1a: Toxtricity|Toxtricity, M|100/100
|turn|12
|
|switch|p2a: Rotom|Rotom-Heat|100/100
|move|p1a: Toxtricity|Shift Gear|p1a: Toxtricity
|-boost|p1a: Toxtricity|spe|2
|-boost|p1a: Toxtricity|atk|1
|
|-weather|RainDance|[upkeep]
|upkeep
|turn|13
|
|move|p1a: Toxtricity|Boomburst|p2a: Rotom
|-crit|p2a: Rotom
|-damage|p2a: Rotom|4/100
|-enditem|p1a: Toxtricity|Throat Spray
|-boost|p1a: Toxtricity|spa|1|[from] item: Throat Spray
|move|p2a: Rotom|Nasty Plot|p2a: Rotom
|-boost|p2a: Rotom|spa|2
|
|-weather|none
|upkeep
|turn|14
|-message|big boss 447 forfeited.
|
|win|Wackin
|l|☆big boss 447
|raw|Wackin's rating: 1726 &rarr; <strong>1744</strong><br />(+18 for winning)
|raw|big boss 447's rating: 1695 &rarr; <strong>1677</strong><br />(-18 for losing)
