|j|☆x19990908
|j|☆ultimategoogolplex
|t:|1667019529
|gametype|singles
|player|p1|x19990908|169|1710
|player|p2|ultimategoogolplex|266|1677
|teamsize|p1|6
|teamsize|p2|6
|gen|8
|tier|[Gen 8] OU
|rated|
|rule|Sleep Clause Mod: Limit one foe put to sleep
|rule|Species Clause: Limit one of each Pokémon
|rule|OHKO Clause: OHKO moves are banned
|rule|Evasion Items Clause: Evasion items are banned
|rule|Evasion Moves Clause: Evasion moves are banned
|rule|Endless Battle Clause: Forcing endless battles is banned
|rule|HP Percentage Mod: HP is shown in percentages
|rule|Dynamax Clause: You cannot dynamax
|clearpoke
|poke|p1|Blaziken, F|
|poke|p1|Charizard, F|
|poke|p1|Grimmsnarl, M|
|poke|p1|Kartana|
|poke|p1|Dragapult, F|
|poke|p1|Lycanroc-Dusk, F|
|poke|p2|Weavile, M|
|poke|p2|Volcanion|
|poke|p2|Zapdos|
|poke|p2|Landorus-Therian, M|
|poke|p2|Kartana|
|poke|p2|Melmetal|
|teampreview
|inactive|Battle timer is ON: inactive players will automatically lose when time's up. (requested by ultimategoogolplex)
|
|t:|1667019534
|start
|switch|p1a: Lycanroc|Lycanroc-Dusk, F, shiny|100/100
|switch|p2a: Landorus|Landorus-Therian, M|100/100
|-ability|p2a: Landorus|Intimidate|boost
|-unboost|p1a: Lycanroc|atk|1
|turn|1
|j| Raji
|
|t:|1667019543
|move|p1a: Lycanroc|Stealth Rock|p2a: Landorus
|-sidestart|p2: ultimategoogolplex|move: Stealth Rock
|move|p2a: Landorus|U-turn|p1a: Lycanroc
|-damage|p1a: Lycanroc|63/100
|l| Raji
|
|t:|1667019546
|switch|p2a: Kartana|Kartana|100/100|[from]move: U-turn
|-damage|p2a: Kartana|94/100|[from] Stealth Rock
|
|upkeep
|turn|2
|
|t:|1667019559
|move|p1a: Lycanroc|Accelerock|p2a: Kartana
|-resisted|p2a: Kartana
|-damage|p2a: Kartana|85/100
|move|p2a: Kartana|Leaf Blade|p1a: Lycanroc
|-supereffective|p1a: Lycanroc
|-damage|p1a: Lycanroc|0 fnt
|faint|p1a: Lycanroc
|-ability|p2a: Kartana|Beast Boost|boost
|-boost|p2a: Kartana|atk|1
|
|upkeep
|
|t:|1667019562
|switch|p1a: Charizard|Charizard, F, shiny|100/100
|turn|3
|
|t:|1667019569
|switch|p2a: Zapdos|Zapdos|100/100
|move|p1a: Charizard|Flame Charge|p2a: Zapdos
|-damage|p2a: Zapdos|84/100
|-boost|p1a: Charizard|spe|1
|-status|p1a: Charizard|par|[from] ability: Static|[of] p2a: Zapdos
|
|upkeep
|turn|4
|j| vip10086
|
|t:|1667019578
|move|p2a: Zapdos|Defog|p1a: Charizard
|-unboost|p1a: Charizard|evasion|1
|-sideend|p2: ultimategoogolplex|Stealth Rock|[from] move: Defog|[of] p2a: Zapdos
|move|p1a: Charizard|Belly Drum|p1a: Charizard
|-damage|p1a: Charizard|50/100 par
|-setboost|p1a: Charizard|atk|6|[from] move: Belly Drum
|-enditem|p1a: Charizard|Sitrus Berry|[eat]
|-heal|p1a: Charizard|75/100 par|[from] item: Sitrus Berry
|
|upkeep
|turn|5
|
|t:|1667019586
|move|p2a: Zapdos|Volt Switch|p1a: Charizard
|-supereffective|p1a: Charizard
|-damage|p1a: Charizard|5/100 par
|
|t:|1667019594
|switch|p2a: Volcanion|Volcanion|100/100|[from]move: Volt Switch
|move|p1a: Charizard|Flame Charge|p2a: Volcanion
|-resisted|p2a: Volcanion
|-damage|p2a: Volcanion|72/100
|-boost|p1a: Charizard|spe|1
|
|upkeep
|turn|6
|
|t:|1667019605
|move|p1a: Charizard|Acrobatics|p2a: Volcanion
|-damage|p2a: Volcanion|0 fnt
|faint|p2a: Volcanion
|
|upkeep
|
|t:|1667019610
|switch|p2a: Weavile|Weavile, M|100/100
|-ability|p2a: Weavile|Pressure
|turn|7
|
|t:|1667019614
|move|p2a: Weavile|Ice Shard|p1a: Charizard
|-damage|p1a: Charizard|0 fnt
|faint|p1a: Charizard
|
|upkeep
|
|t:|1667019624
|switch|p1a: Blaziken|Blaziken, F|100/100
|turn|8
|
|t:|1667019628
|switch|p2a: Landorus|Landorus-Therian, M|100/100
|-ability|p2a: Landorus|Intimidate|boost
|-unboost|p1a: Blaziken|atk|1
|move|p1a: Blaziken|Swords Dance|p1a: Blaziken
|-boost|p1a: Blaziken|atk|2
|
|-ability|p1a: Blaziken|Speed Boost|boost
|-boost|p1a: Blaziken|spe|1
|upkeep
|turn|9
|
|t:|1667019636
|switch|p1a: Kartana|Kartana|100/100
|move|p2a: Landorus|Earthquake|p1a: Kartana
|-damage|p1a: Kartana|51/100
|
|upkeep
|turn|10
|
|t:|1667019642
|switch|p2a: Zapdos|Zapdos|84/100
|move|p1a: Kartana|Knock Off|p2a: Zapdos
|-damage|p2a: Zapdos|38/100
|-status|p1a: Kartana|par|[from] ability: Static|[of] p2a: Zapdos
|-enditem|p2a: Zapdos|Heavy-Duty Boots|[from] move: Knock Off|[of] p1a: Kartana
|-damage|p1a: Kartana|42/100 par|[from] item: Life Orb
|
|upkeep
|turn|11
|
|t:|1667019650
|switch|p1a: Grimmsnarl|Grimmsnarl, M|100/100
|move|p2a: Zapdos|Roost|p2a: Zapdos
|-heal|p2a: Zapdos|88/100
|-singleturn|p2a: Zapdos|move: Roost
|
|upkeep
|turn|12
|
|t:|1667019657
|move|p1a: Grimmsnarl|Light Screen|p1a: Grimmsnarl
|-sidestart|p1: x19990908|move: Light Screen
|move|p2a: Zapdos|Defog|p1a: Grimmsnarl
|-unboost|p1a: Grimmsnarl|evasion|1
|-sideend|p1: x19990908|move: Light Screen
|
|upkeep
|turn|13
|
|t:|1667019661
|switch|p2a: Melmetal|Melmetal|100/100
|move|p1a: Grimmsnarl|Taunt|p2a: Melmetal
|-start|p2a: Melmetal|move: Taunt
|
|upkeep
|turn|14
|
|t:|1667019667
|move|p1a: Grimmsnarl|Reflect|p1a: Grimmsnarl
|-sidestart|p1: x19990908|Reflect
|move|p2a: Melmetal|Double Iron Bash|p1a: Grimmsnarl
|-supereffective|p1a: Grimmsnarl
|-damage|p1a: Grimmsnarl|61/100
|-supereffective|p1a: Grimmsnarl
|-damage|p1a: Grimmsnarl|21/100
|-hitcount|p1a: Grimmsnarl|2
|
|upkeep
|turn|15
|
|t:|1667019676
|move|p1a: Grimmsnarl|Light Screen|p1a: Grimmsnarl
|-sidestart|p1: x19990908|move: Light Screen
|move|p2a: Melmetal|Double Iron Bash|p1a: Grimmsnarl
|-supereffective|p1a: Grimmsnarl
|-damage|p1a: Grimmsnarl|0 fnt
|faint|p1a: Grimmsnarl
|-hitcount|p1: Grimmsnarl|1
|
|-end|p2a: Melmetal|move: Taunt
|upkeep
|
|t:|1667019684
|switch|p1a: Blaziken|Blaziken, F|100/100
|turn|16
|
|t:|1667019687
|switch|p2a: Landorus|Landorus-Therian, M|100/100
|-ability|p2a: Landorus|Intimidate|boost
|-unboost|p1a: Blaziken|atk|1
|move|p1a: Blaziken|Swords Dance|p1a: Blaziken
|-boost|p1a: Blaziken|atk|2
|
|-ability|p1a: Blaziken|Speed Boost|boost
|-boost|p1a: Blaziken|spe|1
|upkeep
|turn|17
|
|t:|1667019696
|move|p1a: Blaziken|Swords Dance|p1a: Blaziken
|-boost|p1a: Blaziken|atk|2
|move|p2a: Landorus|Earthquake|p1a: Blaziken
|-supereffective|p1a: Blaziken
|-damage|p1a: Blaziken|26/100
|
|-heal|p1a: Blaziken|32/100|[from] item: Leftovers
|-ability|p1a: Blaziken|Speed Boost|boost
|-boost|p1a: Blaziken|spe|1
|upkeep
|turn|18
|
|t:|1667019704
|move|p1a: Blaziken|Flare Blitz|p2a: Landorus
|-damage|p2a: Landorus|0 fnt
|faint|p2a: Landorus
|-damage|p1a: Blaziken|0 fnt|[from] Recoil
|faint|p1a: Blaziken
|
|upkeep
|
|t:|1667019718
|switch|p1a: Dragapult|Dragapult, F|100/100
|switch|p2a: Kartana|Kartana|85/100
|turn|19
|
|t:|1667019723
|move|p2a: Kartana|Knock Off|p1a: Dragapult
|-supereffective|p1a: Dragapult
|-damage|p1a: Dragapult|41/100
|-enditem|p1a: Dragapult|Weakness Policy
|-boost|p1a: Dragapult|atk|2|[from] item: Weakness Policy
|-boost|p1a: Dragapult|spa|2|[from] item: Weakness Policy
|move|p1a: Dragapult|Dragon Dance|p1a: Dragapult
|-boost|p1a: Dragapult|atk|1
|-boost|p1a: Dragapult|spe|1
|
|upkeep
|turn|20
|
|t:|1667019732
|move|p1a: Dragapult|Phantom Force||[still]
|-prepare|p1a: Dragapult|Phantom Force
|move|p2a: Kartana|Knock Off|p1a: Dragapult|[miss]
|-miss|p2a: Kartana|p1a: Dragapult
|
|upkeep
|turn|21
|
|t:|1667019748
|move|p1a: Dragapult|Phantom Force|p2a: Kartana|[from]lockedmove
|-damage|p2a: Kartana|0 fnt
|faint|p2a: Kartana
|
|-sideend|p1: x19990908|Reflect
|upkeep
|
|t:|1667019753
|switch|p2a: Weavile|Weavile, M|100/100
|-ability|p2a: Weavile|Pressure
|turn|22
|
|t:|1667019760
|move|p2a: Weavile|Ice Shard|p1a: Dragapult
|-supereffective|p1a: Dragapult
|-damage|p1a: Dragapult|0 fnt
|faint|p1a: Dragapult
|
|-sideend|p1: x19990908|move: Light Screen
|upkeep
|-message|x19990908 forfeited.
|
|win|ultimategoogolplex
|raw|x19990908's rating: 1710 &rarr; <strong>1688</strong><br />(-22 for losing)
|raw|ultimategoogolplex's rating: 1677 &rarr; <strong>1699</strong><br />(+22 for winning)
|l|☆x19990908
