|j|☆Down$hift
|j|☆Cracky sap
|t:|1664300216
|gametype|singles
|player|p1|Down$hift|teamrocket|1672
|player|p2|Cracky sap|169|1576
|teamsize|p1|6
|teamsize|p2|6
|gen|8
|tier|[Gen 8] OU
|rated|
|rule|Sleep Clause Mod: Limit one foe put to sleep
|rule|Species Clause: Limit one of each Pokémon
|rule|OHKO Clause: OHKO moves are banned
|rule|Evasion Items Clause: Evasion items are banned
|rule|Evasion Moves Clause: Evasion moves are banned
|rule|Endless Battle Clause: Forcing endless battles is banned
|rule|HP Percentage Mod: HP is shown in percentages
|rule|Dynamax Clause: You cannot dynamax
|clearpoke
|poke|p1|Regigigas|
|poke|p1|Weezing-Galar, M|
|poke|p1|Landorus-Therian, M|
|poke|p1|Dragapult, M|
|poke|p1|Slowbro, M|
|poke|p1|Toxapex, M|
|poke|p2|Ferrothorn, F|
|poke|p2|Clefable, F|
|poke|p2|Slowking-Galar, M|
|poke|p2|Hatterene, F|
|poke|p2|Landorus-Therian, M|
|poke|p2|Zapdos|
|teampreview
|c|☆Down$hift|hf
|
|t:|1664300246
|start
|switch|p1a: Prédastérie|Toxapex, M|100/100
|switch|p2a: Clefy|Clefable, F|100/100
|turn|1
|
|t:|1664300249
|move|p2a: Clefy|Stealth Rock|p1a: Prédastérie
|-sidestart|p1: Down$hift|move: Stealth Rock
|move|p1a: Prédastérie|Gunk Shot|p2a: Clefy
|-supereffective|p2a: Clefy
|-damage|p2a: Clefy|9/100
|
|upkeep
|turn|2
|
|t:|1664300256
|move|p2a: Clefy|Soft-Boiled|p2a: Clefy
|-heal|p2a: Clefy|59/100
|move|p1a: Prédastérie|Gunk Shot|p2a: Clefy|[miss]
|-miss|p1a: Prédastérie|p2a: Clefy
|
|upkeep
|turn|3
|
|t:|1664300264
|switch|p2a: Slowking|Slowking-Galar, M, shiny|100/100
|switch|p1a: Dimmadome|Weezing-Galar, M|100/100
|-damage|p1a: Dimmadome|88/100|[from] Stealth Rock
|
|upkeep
|turn|4
|
|t:|1664300274
|move|p1a: Dimmadome|Will-O-Wisp|p2a: Slowking
|-status|p2a: Slowking|brn
|move|p2a: Slowking|Future Sight|p1a: Dimmadome
|-start|p2a: Slowking|move: Future Sight
|
|-damage|p2a: Slowking|94/100 brn|[from] brn
|upkeep
|turn|5
|
|t:|1664300279
|switch|p1a: ur slow|Slowbro, M|100/100
|move|p2a: Slowking|Scald|p1a: ur slow
|-resisted|p1a: ur slow
|-damage|p1a: ur slow|92/100
|-status|p1a: ur slow|brn
|
|-damage|p2a: Slowking|88/100 brn|[from] brn
|-damage|p1a: ur slow|86/100 brn|[from] brn
|upkeep
|turn|6
|inactive|Battle timer is ON: inactive players will automatically lose when time's up. (requested by Down$hift)
|
|t:|1664300289
|switch|p2a: Clefy|Clefable, F|59/100
|move|p1a: ur slow|Slack Off|p1a: ur slow
|-heal|p1a: ur slow|100/100 brn
|
|-end|p1a: ur slow|move: Future Sight
|-resisted|p1a: ur slow
|-damage|p1a: ur slow|84/100 brn
|-damage|p1a: ur slow|78/100 brn|[from] brn
|upkeep
|turn|7
|
|t:|1664300296
|move|p2a: Clefy|Soft-Boiled|p2a: Clefy
|-heal|p2a: Clefy|100/100
|move|p1a: ur slow|Teleport|p1a: ur slow
|
|t:|1664300300
|switch|p1a: LandOUrus-T|Landorus-Therian, M|100/100|[from]move: Teleport
|-damage|p1a: LandOUrus-T|88/100|[from] Stealth Rock
|-ability|p1a: LandOUrus-T|Intimidate|boost
|-unboost|p2a: Clefy|atk|1
|
|-heal|p1a: LandOUrus-T|94/100|[from] item: Leftovers
|upkeep
|turn|8
|
|t:|1664300307
|move|p1a: LandOUrus-T|Stealth Rock|p2a: Clefy
|-sidestart|p2: Cracky sap|move: Stealth Rock
|move|p2a: Clefy|Knock Off|p1a: LandOUrus-T
|-damage|p1a: LandOUrus-T|87/100
|-enditem|p1a: LandOUrus-T|Leftovers|[from] move: Knock Off|[of] p2a: Clefy
|
|upkeep
|turn|9
|
|t:|1664300313
|move|p1a: LandOUrus-T|U-turn|p2a: Clefy
|-resisted|p2a: Clefy
|-damage|p2a: Clefy|92/100
|-damage|p1a: LandOUrus-T|70/100|[from] item: Rocky Helmet|[of] p2a: Clefy
|
|t:|1664300324
|switch|p1a: Prédastérie|Toxapex, M|100/100|[from]move: U-turn
|-damage|p1a: Prédastérie|88/100|[from] Stealth Rock
|move|p2a: Clefy|Moonblast|p1a: Prédastérie
|-resisted|p1a: Prédastérie
|-damage|p1a: Prédastérie|75/100
|-unboost|p1a: Prédastérie|spa|1
|
|upkeep
|turn|10
|
|t:|1664300331
|switch|p2a: Fermond|Ferrothorn, F, shiny|100/100
|-damage|p2a: Fermond|94/100|[from] Stealth Rock
|move|p1a: Prédastérie|Knock Off|p2a: Fermond
|-damage|p2a: Fermond|74/100
|-damage|p1a: Prédastérie|63/100|[from] ability: Iron Barbs|[of] p2a: Fermond
|-enditem|p2a: Fermond|Leftovers|[from] move: Knock Off|[of] p1a: Prédastérie
|
|upkeep
|turn|11
|
|t:|1664300337
|switch|p1a: Dimmadome|Weezing-Galar, M|88/100
|-damage|p1a: Dimmadome|76/100|[from] Stealth Rock
|move|p2a: Fermond|Leech Seed|p1a: Dimmadome
|-start|p1a: Dimmadome|move: Leech Seed
|
|-damage|p1a: Dimmadome|64/100|[from] Leech Seed|[of] p2a: Fermond
|-heal|p2a: Fermond|85/100|[silent]
|upkeep
|turn|12
|
|t:|1664300355
|switch|p2a: Slowking|Slowking-Galar, M, shiny|100/100 brn
|-damage|p2a: Slowking|88/100 brn|[from] Stealth Rock
|move|p1a: Dimmadome|Pain Split|p2a: Slowking
|-sethp|p2a: Slowking|71/100 brn|[from] move: Pain Split|[silent]
|-sethp|p1a: Dimmadome|84/100|[from] move: Pain Split
|
|-damage|p1a: Dimmadome|71/100|[from] Leech Seed|[of] p2a: Slowking
|-heal|p2a: Slowking|81/100 brn|[silent]
|-damage|p2a: Slowking|75/100 brn|[from] brn
|upkeep
|turn|13
|
|t:|1664300364
|switch|p1a: Prédastérie|Toxapex, M|96/100
|-damage|p1a: Prédastérie|84/100|[from] Stealth Rock
|move|p2a: Slowking|Sludge Bomb|p1a: Prédastérie
|-resisted|p1a: Prédastérie
|-damage|p1a: Prédastérie|68/100
|
|-damage|p2a: Slowking|69/100 brn|[from] brn
|upkeep
|turn|14
|
|t:|1664300373
|move|p1a: Prédastérie|Knock Off|p2a: Slowking
|-supereffective|p2a: Slowking
|-damage|p2a: Slowking|0 fnt
|-enditem|p2a: Slowking|Assault Vest|[from] move: Knock Off|[of] p1a: Prédastérie
|faint|p2a: Slowking
|
|upkeep
|
|t:|1664300378
|switch|p2a: Hatterene|Hatterene, F, shiny|100/100
|-damage|p2a: Hatterene|88/100|[from] Stealth Rock
|turn|15
|
|t:|1664300383
|move|p1a: Prédastérie|Knock Off|p2a: Hatterene
|-damage|p2a: Hatterene|61/100
|-enditem|p2a: Hatterene|Leftovers|[from] move: Knock Off|[of] p1a: Prédastérie
|move|p2a: Hatterene|Calm Mind|p2a: Hatterene
|-boost|p2a: Hatterene|spa|1
|-boost|p2a: Hatterene|spd|1
|
|upkeep
|turn|16
|
|t:|1664300387
|switch|p1a: ur slow|Slowbro, M|100/100 brn
|move|p2a: Hatterene|Psyshock|p1a: ur slow
|-resisted|p1a: ur slow
|-damage|p1a: ur slow|81/100 brn
|
|-damage|p1a: ur slow|75/100 brn|[from] brn
|upkeep
|turn|17
|
|t:|1664300392
|move|p2a: Hatterene|Calm Mind|p2a: Hatterene
|-boost|p2a: Hatterene|spa|1
|-boost|p2a: Hatterene|spd|1
|move|p1a: ur slow|Teleport|p1a: ur slow
|
|t:|1664300396
|switch|p1a: Prédastérie|Toxapex, M|100/100|[from]move: Teleport
|-damage|p1a: Prédastérie|88/100|[from] Stealth Rock
|
|upkeep
|turn|18
|
|t:|1664300400
|move|p1a: Prédastérie|Liquidation|p2a: Hatterene
|-damage|p2a: Hatterene|24/100
|move|p2a: Hatterene|Psyshock|p1a: Prédastérie
|-supereffective|p1a: Prédastérie
|-damage|p1a: Prédastérie|0 fnt
|faint|p1a: Prédastérie
|
|upkeep
|
|t:|1664300402
|switch|p1a: Dreepy Airlines|Dragapult, M|100/100
|-damage|p1a: Dreepy Airlines|88/100|[from] Stealth Rock
|turn|19
|
|t:|1664300406
|move|p1a: Dreepy Airlines|Hex|p2a: Hatterene
|-supereffective|p2a: Hatterene
|-crit|p2a: Hatterene
|-damage|p2a: Hatterene|0 fnt
|faint|p2a: Hatterene
|
|upkeep
|
|t:|1664300411
|switch|p2a: Clefy|Clefable, F|92/100
|turn|20
|
|t:|1664300414
|switch|p1a: ur slow|Slowbro, M|100/100 brn
|move|p2a: Clefy|Moonblast|p1a: ur slow
|-damage|p1a: ur slow|79/100 brn
|
|-damage|p1a: ur slow|73/100 brn|[from] brn
|upkeep
|turn|21
|
|t:|1664300422
|switch|p1a: BIacephaIon|Regigigas|100/100
|-damage|p1a: BIacephaIon|88/100|[from] Stealth Rock
|-start|p1a: BIacephaIon|ability: Slow Start
|move|p2a: Clefy|Moonblast|p1a: BIacephaIon
|-damage|p1a: BIacephaIon|71/100
|-unboost|p1a: BIacephaIon|spa|1
|
|-heal|p1a: BIacephaIon|77/100|[from] item: Leftovers
|upkeep
|turn|22
|
|t:|1664300426
|move|p2a: Clefy|Knock Off|p1a: BIacephaIon
|-damage|p1a: BIacephaIon|67/100
|-enditem|p1a: BIacephaIon|Leftovers|[from] move: Knock Off|[of] p2a: Clefy
|move|p1a: BIacephaIon|Knock Off|p2a: Clefy
|-resisted|p2a: Clefy
|-damage|p2a: Clefy|86/100
|-damage|p1a: BIacephaIon|51/100|[from] item: Rocky Helmet|[of] p2a: Clefy
|-enditem|p2a: Clefy|Rocky Helmet|[from] move: Knock Off|[of] p1a: BIacephaIon
|
|upkeep
|turn|23
|
|t:|1664300432
|move|p2a: Clefy|Moonblast|p1a: BIacephaIon
|-damage|p1a: BIacephaIon|34/100
|move|p1a: BIacephaIon|Power-Up Punch|p2a: Clefy
|-resisted|p2a: Clefy
|-damage|p2a: Clefy|83/100
|-boost|p1a: BIacephaIon|atk|1
|
|upkeep
|turn|24
|
|t:|1664300446
|move|p2a: Clefy|Moonblast|p1a: BIacephaIon
|-damage|p1a: BIacephaIon|15/100
|-unboost|p1a: BIacephaIon|spa|1
|move|p1a: BIacephaIon|Rest|p1a: BIacephaIon
|-status|p1a: BIacephaIon|slp|[from] move: Rest
|-heal|p1a: BIacephaIon|100/100 slp|[silent]
|
|upkeep
|turn|25
|
|t:|1664300454
|switch|p2a: Landorus|Landorus-Therian, M|100/100
|-damage|p2a: Landorus|88/100|[from] Stealth Rock
|-ability|p2a: Landorus|Intimidate|boost
|-unboost|p1a: BIacephaIon|atk|1
|cant|p1a: BIacephaIon|slp
|
|-heal|p2a: Landorus|94/100|[from] item: Leftovers
|-end|p1a: BIacephaIon|Slow Start
|upkeep
|turn|26
|
|t:|1664300461
|cant|p1a: BIacephaIon|slp
|move|p2a: Landorus|Earthquake|p1a: BIacephaIon
|-damage|p1a: BIacephaIon|68/100 slp
|
|-heal|p2a: Landorus|99/100|[from] item: Leftovers
|upkeep
|turn|27
|
|t:|1664300465
|-curestatus|p1a: BIacephaIon|slp|[msg]
|move|p1a: BIacephaIon|Knock Off|p2a: Landorus
|-damage|p2a: Landorus|78/100
|-enditem|p2a: Landorus|Leftovers|[from] move: Knock Off|[of] p1a: BIacephaIon
|move|p2a: Landorus|Earthquake|p1a: BIacephaIon
|-damage|p1a: BIacephaIon|38/100
|
|upkeep
|turn|28
|
|t:|1664300473
|move|p1a: BIacephaIon|Body Slam|p2a: Landorus
|-damage|p2a: Landorus|49/100
|-status|p2a: Landorus|par
|cant|p2a: Landorus|par
|
|upkeep
|turn|29
|
|t:|1664300482
|move|p1a: BIacephaIon|Power-Up Punch|p2a: Landorus
|-resisted|p2a: Landorus
|-damage|p2a: Landorus|44/100 par
|-boost|p1a: BIacephaIon|atk|1
|cant|p2a: Landorus|par
|
|upkeep
|turn|30
|
|t:|1664300489
|move|p1a: BIacephaIon|Body Slam|p2a: Landorus
|-damage|p2a: Landorus|1/100 par
|cant|p2a: Landorus|par
|
|upkeep
|turn|31
|
|t:|1664300494
|move|p1a: BIacephaIon|Power-Up Punch|p2a: Landorus
|-resisted|p2a: Landorus
|-damage|p2a: Landorus|0 fnt
|-boost|p1a: BIacephaIon|atk|1
|faint|p2a: Landorus
|
|upkeep
|
|t:|1664300499
|switch|p2a: Zapdos|Zapdos, shiny|100/100
|turn|32
|
|t:|1664300502
|move|p2a: Zapdos|Discharge|p1a: BIacephaIon
|-damage|p1a: BIacephaIon|17/100
|-status|p1a: BIacephaIon|par
|cant|p1a: BIacephaIon|par
|
|upkeep
|turn|33
|
|t:|1664300508
|move|p2a: Zapdos|Discharge|p1a: BIacephaIon
|-damage|p1a: BIacephaIon|0 fnt
|faint|p1a: BIacephaIon
|-end|p1a: BIacephaIon|Slow Start|[silent]
|
|upkeep
|
|t:|1664300512
|switch|p1a: LandOUrus-T|Landorus-Therian, M|70/100
|-damage|p1a: LandOUrus-T|58/100|[from] Stealth Rock
|-ability|p1a: LandOUrus-T|Intimidate|boost
|-unboost|p2a: Zapdos|atk|1
|turn|34
|
|t:|1664300515
|move|p2a: Zapdos|Hurricane|p1a: LandOUrus-T|[miss]
|-miss|p2a: Zapdos|p1a: LandOUrus-T
|move|p1a: LandOUrus-T|Toxic|p2a: Zapdos
|-status|p2a: Zapdos|tox
|
|-damage|p2a: Zapdos|94/100 tox|[from] psn
|upkeep
|turn|35
|
|t:|1664300523
|move|p2a: Zapdos|Hurricane|p1a: LandOUrus-T
|-damage|p1a: LandOUrus-T|9/100
|move|p1a: LandOUrus-T|Earthquake|p2a: Zapdos
|-immune|p2a: Zapdos
|
|-damage|p2a: Zapdos|82/100 tox|[from] psn
|upkeep
|turn|36
|
|t:|1664300533
|move|p2a: Zapdos|Hurricane|p1a: LandOUrus-T|[miss]
|-miss|p2a: Zapdos|p1a: LandOUrus-T
|move|p1a: LandOUrus-T|Earthquake|p2a: Zapdos
|-immune|p2a: Zapdos
|
|-damage|p2a: Zapdos|64/100 tox|[from] psn
|upkeep
|turn|37
|
|t:|1664300536
|move|p2a: Zapdos|Hurricane|p1a: LandOUrus-T
|-damage|p1a: LandOUrus-T|0 fnt
|faint|p1a: LandOUrus-T
|
|-damage|p2a: Zapdos|40/100 tox|[from] psn
|upkeep
|
|t:|1664300538
|switch|p1a: Dreepy Airlines|Dragapult, M|88/100
|-damage|p1a: Dreepy Airlines|76/100|[from] Stealth Rock
|turn|38
|
|t:|1664300545
|move|p1a: Dreepy Airlines|Hex|p2a: Zapdos
|-damage|p2a: Zapdos|0 fnt
|faint|p2a: Zapdos
|
|upkeep
|
|t:|1664300549
|switch|p2a: Clefy|Clefable, F|83/100
|turn|39
|
|t:|1664300551
|move|p1a: Dreepy Airlines|U-turn|p2a: Clefy
|-resisted|p2a: Clefy
|-damage|p2a: Clefy|78/100
|
|t:|1664300553
|switch|p1a: ur slow|Slowbro, M|100/100 brn|[from]move: U-turn
|move|p2a: Clefy|Moonblast|p1a: ur slow
|-damage|p1a: ur slow|77/100 brn
|-unboost|p1a: ur slow|spa|1
|
|-damage|p1a: ur slow|71/100 brn|[from] brn
|upkeep
|turn|40
|j| fantominus83
|inactive|Cracky sap has 120 seconds left.
|
|t:|1664300595
|move|p2a: Clefy|Moonblast|p1a: ur slow
|-damage|p1a: ur slow|50/100 brn
|move|p1a: ur slow|Scald|p2a: Clefy
|-damage|p2a: Clefy|60/100
|
|-damage|p1a: ur slow|44/100 brn|[from] brn
|upkeep
|turn|41
|
|t:|1664300606
|move|p2a: Clefy|Soft-Boiled|p2a: Clefy
|-heal|p2a: Clefy|100/100
|move|p1a: ur slow|Slack Off|p1a: ur slow
|-heal|p1a: ur slow|94/100 brn
|
|-damage|p1a: ur slow|88/100 brn|[from] brn
|upkeep
|turn|42
|
|t:|1664300609
|move|p2a: Clefy|Moonblast|p1a: ur slow
|-damage|p1a: ur slow|65/100 brn
|move|p1a: ur slow|Scald|p2a: Clefy
|-damage|p2a: Clefy|82/100
|
|-damage|p1a: ur slow|59/100 brn|[from] brn
|upkeep
|turn|43
|
|t:|1664300619
|move|p2a: Clefy|Knock Off|p1a: ur slow
|-supereffective|p1a: ur slow
|-damage|p1a: ur slow|34/100 brn
|-enditem|p1a: ur slow|Heavy-Duty Boots|[from] move: Knock Off|[of] p2a: Clefy
|move|p1a: ur slow|Slack Off|p1a: ur slow
|-heal|p1a: ur slow|84/100 brn
|
|-damage|p1a: ur slow|78/100 brn|[from] brn
|upkeep
|turn|44
|
|t:|1664300625
|move|p2a: Clefy|Moonblast|p1a: ur slow
|-damage|p1a: ur slow|54/100 brn
|-unboost|p1a: ur slow|spa|1
|move|p1a: ur slow|Teleport|p1a: ur slow
|
|t:|1664300628
|switch|p1a: Dimmadome|Weezing-Galar, M|71/100|[from]move: Teleport
|-damage|p1a: Dimmadome|59/100|[from] Stealth Rock
|
|upkeep
|turn|45
|
|t:|1664300635
|switch|p2a: Fermond|Ferrothorn, F, shiny|85/100
|-damage|p2a: Fermond|79/100|[from] Stealth Rock
|move|p1a: Dimmadome|Will-O-Wisp|p2a: Fermond
|-status|p2a: Fermond|brn
|
|-damage|p2a: Fermond|73/100 brn|[from] brn
|upkeep
|turn|46
|
|t:|1664300641
|move|p1a: Dimmadome|Pain Split|p2a: Fermond
|-sethp|p2a: Fermond|64/100 brn|[from] move: Pain Split|[silent]
|-sethp|p1a: Dimmadome|68/100|[from] move: Pain Split
|move|p2a: Fermond|Leech Seed|p1a: Dimmadome
|-start|p1a: Dimmadome|move: Leech Seed
|
|-damage|p1a: Dimmadome|56/100|[from] Leech Seed|[of] p2a: Fermond
|-heal|p2a: Fermond|76/100 brn|[silent]
|-damage|p2a: Fermond|70/100 brn|[from] brn
|upkeep
|turn|47
|
|t:|1664300651
|switch|p1a: ur slow|Slowbro, M|87/100 brn
|-damage|p1a: ur slow|75/100 brn|[from] Stealth Rock
|move|p2a: Fermond|Spikes|p1a: ur slow
|-sidestart|p1: Down$hift|Spikes
|
|-damage|p2a: Fermond|64/100 brn|[from] brn
|-damage|p1a: ur slow|69/100 brn|[from] brn
|upkeep
|turn|48
|
|t:|1664300658
|move|p2a: Fermond|Leech Seed|p1a: ur slow|[miss]
|-miss|p2a: Fermond|p1a: ur slow
|move|p1a: ur slow|Teleport|p1a: ur slow
|
|t:|1664300660
|switch|p1a: Dimmadome|Weezing-Galar, M|56/100|[from]move: Teleport
|-damage|p1a: Dimmadome|43/100|[from] Stealth Rock
|
|-damage|p2a: Fermond|57/100 brn|[from] brn
|upkeep
|turn|49
|
|t:|1664300666
|move|p1a: Dimmadome|Defog|p2a: Fermond
|-unboost|p2a: Fermond|evasion|1
|-sideend|p2: Cracky sap|Stealth Rock|[from] move: Defog|[of] p1a: Dimmadome
|-sideend|p1: Down$hift|Spikes|[from] move: Defog|[of] p1a: Dimmadome
|-sideend|p1: Down$hift|Stealth Rock|[from] move: Defog|[of] p1a: Dimmadome
|move|p2a: Fermond|Leech Seed|p1a: Dimmadome|[miss]
|-miss|p2a: Fermond|p1a: Dimmadome
|
|-damage|p2a: Fermond|51/100 brn|[from] brn
|upkeep
|turn|50
|
|t:|1664300671
|switch|p1a: ur slow|Slowbro, M|100/100 brn
|move|p2a: Fermond|Leech Seed|p1a: ur slow
|-start|p1a: ur slow|move: Leech Seed
|
|-damage|p1a: ur slow|88/100 brn|[from] Leech Seed|[of] p2a: Fermond
|-heal|p2a: Fermond|65/100 brn|[silent]
|-damage|p2a: Fermond|59/100 brn|[from] brn
|-damage|p1a: ur slow|82/100 brn|[from] brn
|upkeep
|turn|51
|
|t:|1664300676
|move|p2a: Fermond|Spikes|p1a: ur slow
|-sidestart|p1: Down$hift|Spikes
|move|p1a: ur slow|Teleport|p1a: ur slow
|
|t:|1664300677
|switch|p1a: Dreepy Airlines|Dragapult, M|76/100|[from]move: Teleport
|-damage|p1a: Dreepy Airlines|64/100|[from] Spikes
|
|-damage|p2a: Fermond|52/100 brn|[from] brn
|upkeep
|turn|52
|
|t:|1664300685
|move|p1a: Dreepy Airlines|Hex|p2a: Fermond
|-damage|p2a: Fermond|0 fnt
|faint|p2a: Fermond
|
|upkeep
|
|t:|1664300687
|switch|p2a: Clefy|Clefable, F|82/100
|turn|53
|
|t:|1664300694
|move|p1a: Dreepy Airlines|U-turn|p2a: Clefy
|-resisted|p2a: Clefy
|-damage|p2a: Clefy|76/100
|
|t:|1664300696
|switch|p1a: Dimmadome|Weezing-Galar, M|43/100|[from]move: U-turn
|move|p2a: Clefy|Moonblast|p1a: Dimmadome
|-resisted|p1a: Dimmadome
|-damage|p1a: Dimmadome|21/100
|-unboost|p1a: Dimmadome|spa|1
|
|upkeep
|turn|54
|
|t:|1664300704
|move|p1a: Dimmadome|Pain Split|p2a: Clefy
|-sethp|p2a: Clefy|47/100|[from] move: Pain Split|[silent]
|-sethp|p1a: Dimmadome|55/100|[from] move: Pain Split
|move|p2a: Clefy|Moonblast|p1a: Dimmadome
|-resisted|p1a: Dimmadome
|-damage|p1a: Dimmadome|33/100
|
|upkeep
|turn|55
|
|t:|1664300711
|move|p1a: Dimmadome|Will-O-Wisp|p2a: Clefy
|-status|p2a: Clefy|brn
|move|p2a: Clefy|Knock Off|p1a: Dimmadome
|-resisted|p1a: Dimmadome
|-damage|p1a: Dimmadome|30/100
|-enditem|p1a: Dimmadome|Rocky Helmet|[from] move: Knock Off|[of] p2a: Clefy
|
|upkeep
|turn|56
|
|t:|1664300716
|move|p1a: Dimmadome|Strange Steam|p2a: Clefy|[miss]
|-miss|p1a: Dimmadome|p2a: Clefy
|move|p2a: Clefy|Soft-Boiled|p2a: Clefy
|-heal|p2a: Clefy|97/100 brn
|
|upkeep
|turn|57
|
|t:|1664300722
|move|p1a: Dimmadome|Pain Split|p2a: Clefy
|-sethp|p2a: Clefy|61/100 brn|[from] move: Pain Split|[silent]
|-sethp|p1a: Dimmadome|72/100|[from] move: Pain Split
|move|p2a: Clefy|Stealth Rock|p1a: Dimmadome
|-sidestart|p1: Down$hift|move: Stealth Rock
|
|upkeep
|turn|58
|
|t:|1664300727
|move|p1a: Dimmadome|Defog|p2a: Clefy
|-unboost|p2a: Clefy|evasion|1
|-sideend|p1: Down$hift|Spikes|[from] move: Defog|[of] p1a: Dimmadome
|-sideend|p1: Down$hift|Stealth Rock|[from] move: Defog|[of] p1a: Dimmadome
|move|p2a: Clefy|Soft-Boiled|p2a: Clefy
|-heal|p2a: Clefy|100/100 brn
|
|upkeep
|turn|59
|
|t:|1664300740
|switch|p1a: ur slow|Slowbro, M|100/100 brn
|move|p2a: Clefy|Stealth Rock|p1a: ur slow
|-sidestart|p1: Down$hift|move: Stealth Rock
|
|-damage|p1a: ur slow|94/100 brn|[from] brn
|upkeep
|turn|60
|
|t:|1664300743
|move|p2a: Clefy|Moonblast|p1a: ur slow
|-damage|p1a: ur slow|71/100 brn
|move|p1a: ur slow|Future Sight|p2a: Clefy
|-start|p1a: ur slow|move: Future Sight
|
|-damage|p1a: ur slow|64/100 brn|[from] brn
|upkeep
|turn|61
|
|t:|1664300747
|move|p2a: Clefy|Moonblast|p1a: ur slow
|-damage|p1a: ur slow|42/100 brn
|-unboost|p1a: ur slow|spa|1
|move|p1a: ur slow|Teleport|p1a: ur slow
|
|t:|1664300750
|switch|p1a: Dreepy Airlines|Dragapult, M|64/100|[from]move: Teleport
|-damage|p1a: Dreepy Airlines|51/100|[from] Stealth Rock
|
|upkeep
|turn|62
|
|t:|1664300752
|move|p1a: Dreepy Airlines|Hex|p2a: Clefy
|-crit|p2a: Clefy
|-damage|p2a: Clefy|10/100 brn
|move|p2a: Clefy|Moonblast|p1a: Dreepy Airlines
|-supereffective|p1a: Dreepy Airlines
|-damage|p1a: Dreepy Airlines|0 fnt
|faint|p1a: Dreepy Airlines
|
|-end|p2a: Clefy|move: Future Sight
|-damage|p2a: Clefy|0 fnt
|faint|p2a: Clefy
|
|win|Down$hift
|upkeep
|raw|Down$hift's rating: 1672 &rarr; <strong>1687</strong><br />(+15 for winning)
|raw|Cracky sap's rating: 1576 &rarr; <strong>1561</strong><br />(-15 for losing)
|c|☆Down$hift|gg
|l|☆Down$hift
|l|☆Cracky sap
||Ladder isn't responding, score probably updated but might not have (Request timeout).
