|j|☆stolenfromemvee
|j|☆Sp0oNl0rD
|inactive|Battle timer is ON: inactive players will automatically lose when time's up.
|t:|1646796188
|gametype|singles
|player|p1|stolenfromemvee|kimonogirl|
|player|p2|Sp0oNl0rD|teamrocket|
|teamsize|p1|6
|teamsize|p2|6
|gen|8
|tier|[Gen 8] OU
|rated|Tournament battle
|rule|Sleep Clause Mod: Limit one foe put to sleep
|rule|Species Clause: Limit one of each Pokémon
|rule|OHKO Clause: OHKO moves are banned
|rule|Evasion Moves Clause: Evasion moves are banned
|rule|Endless Battle Clause: Forcing endless battles is banned
|rule|HP Percentage Mod: HP is shown in percentages
|clearpoke
|poke|p1|Zeraora|
|poke|p1|Heatran, M|
|poke|p1|Heracross, M|
|poke|p1|Landorus-Therian, M|
|poke|p1|Slowbro, M|
|poke|p1|Sandshrew-Alola, F|
|poke|p2|Dragapult, F|
|poke|p2|Ditto|
|poke|p2|Clefable, F|
|poke|p2|Corviknight, F|
|poke|p2|Buzzwole|
|poke|p2|Landorus-Therian, M|
|teampreview
|inactive|Sp0oNl0rD also wants the timer to be on.
|j| WoopyBoiGod
|c|☆Sp0oNl0rD|hf
|j| WohMi
|c| WohMi|oh lord
|c| WoopyBoiGod|How does the game work
|j|%Mimikyu Stardust
|j| corvere
|c| WohMi|DITTO
|c| WohMi|peak dmax format right here
|j| Multigenda
|
|t:|1646796215
|start
|switch|p1a: truth|Heracross, M|100/100
|switch|p2a: Clefable|Clefable, F|100/100
|turn|1
|c| WohMi|I don't see any gyrados tho
|c| WoopyBoiGod|Wuts a dmax format
|
|t:|1646796221
|move|p1a: truth|Swords Dance|p1a: truth
|-boost|p1a: truth|atk|2
|move|p2a: Clefable|Knock Off|p1a: truth
|-resisted|p1a: truth
|-damage|p1a: truth|89/100
|-enditem|p1a: truth|Flame Orb|[from] move: Knock Off|[of] p2a: Clefable
|
|upkeep
|turn|2
|c| WohMi|(also there's a fucking sandshrew but im just gonna ignore it)
|c| WoopyBoiGod|Just ou but u cna dmax?
|
|t:|1646796231
|switch|p1a: translator|Heatran, M|100/100
|move|p2a: Clefable|Stealth Rock|p1a: translator
|-sidestart|p1: stolenfromemvee|move: Stealth Rock
|
|upkeep
|turn|3
|j| Echo2580
|l|%Mimikyu Stardust
|
|t:|1646796238
|switch|p2a: Ditto|Ditto|100/100
|-transform|p2a: Ditto|p1a: translator|[from] ability: Imposter
|move|p1a: translator|Flash Cannon|p2a: Ditto
|-resisted|p2a: Ditto
|-damage|p2a: Ditto|89/100
|
|upkeep
|turn|4
|l| WoopyBoiGod
|
|t:|1646796245
|switch|p1a: russian|Landorus-Therian, M|100/100
|-damage|p1a: russian|88/100|[from] Stealth Rock
|-ability|p1a: russian|Intimidate|boost
|-unboost|p2a: Ditto|atk|1
|switch|p2a: Landorus|Landorus-Therian, M|100/100
|-ability|p2a: Landorus|Intimidate|boost
|-unboost|p1a: russian|atk|1
|
|upkeep
|turn|5
|
|t:|1646796249
|move|p2a: Landorus|Substitute|p2a: Landorus
|-start|p2a: Landorus|Substitute
|-damage|p2a: Landorus|76/100
|move|p1a: russian|Explosion|p2a: Landorus
|-end|p2a: Landorus|Substitute
|faint|p1a: russian
|
|upkeep
|c| WohMi|woahh
|
|t:|1646796264
|switch|p1a: Sandshrizzy|Sandshrew-Alola, F|100/100
|-damage|p1a: Sandshrizzy|88/100|[from] Stealth Rock
|turn|6
|j|%htcl (>◡<)
|
|t:|1646796272
|move|p1a: Sandshrizzy|Ice Shard|p2a: Landorus
|-supereffective|p2a: Landorus
|-damage|p2a: Landorus|4/100
|move|p2a: Landorus|Earthquake|p1a: Sandshrizzy
|-supereffective|p1a: Sandshrizzy
|-damage|p1a: Sandshrizzy|0 fnt
|faint|p1a: Sandshrizzy
|
|upkeep
|c| Echo2580|nooooooooooooo
|c| WohMi|sandslash wouldve killed there
|c|☆stolenfromemvee|sandshrizzy way cooler
|c| WohMi|sorry display from the NUBL mon
|j| StunSeedFlip
|c|☆Sp0oNl0rD|sandshrew is much cuter though
|c|☆Sp0oNl0rD|ngl
|inactive|stolenfromemvee has 120 seconds left.
|c| WohMi|damn
|c| WohMi|true
|
|t:|1646796305
|switch|p1a: translator|Heatran, M|100/100
|-damage|p1a: translator|88/100|[from] Stealth Rock
|turn|7
|c| WohMi|why'd you kill such a cute mon sp0on
|
|t:|1646796310
|switch|p2a: Ditto|Ditto|89/100
|-transform|p2a: Ditto|p1a: translator|[from] ability: Imposter
|move|p1a: translator|Flash Cannon|p2a: Ditto
|-resisted|p2a: Ditto
|-damage|p2a: Ditto|77/100
|
|upkeep
|turn|8
|
|t:|1646796325
|switch|p1a: gbroda broda|Slowbro, M|100/100
|move|p2a: Ditto|Earth Power|p1a: gbroda broda
|-damage|p1a: gbroda broda|70/100
|
|upkeep
|turn|9
|
|t:|1646796332
|switch|p2a: Clefable|Clefable, F|100/100
|move|p1a: gbroda broda|Teleport|p1a: gbroda broda
|
|t:|1646796336
|switch|p1a: translator|Heatran, M|88/100|[from]move: Teleport
|-damage|p1a: translator|76/100|[from] Stealth Rock
|
|upkeep
|turn|10
|
|t:|1646796338
|switch|p2a: Landorus|Landorus-Therian, M|4/100
|-ability|p2a: Landorus|Intimidate|boost
|-unboost|p1a: translator|atk|1
|move|p1a: translator|Flash Cannon|p2a: Landorus
|-damage|p2a: Landorus|0 fnt
|faint|p2a: Landorus
|
|upkeep
|
|t:|1646796343
|switch|p2a: Ditto|Ditto|77/100
|-transform|p2a: Ditto|p1a: translator|[from] ability: Imposter
|turn|11
|
|t:|1646796345
|switch|p1a: gbroda broda|Slowbro, M|100/100
|move|p2a: Ditto|Earth Power|p1a: gbroda broda
|-damage|p1a: gbroda broda|70/100
|
|upkeep
|turn|12
|
|t:|1646796350
|switch|p2a: Clefable|Clefable, F|100/100
|move|p1a: gbroda broda|Scald|p2a: Clefable
|-damage|p2a: Clefable|78/100
|
|upkeep
|turn|13
|
|t:|1646796352
|move|p2a: Clefable|Knock Off|p1a: gbroda broda
|-supereffective|p1a: gbroda broda
|-damage|p1a: gbroda broda|51/100
|-enditem|p1a: gbroda broda|Heavy-Duty Boots|[from] move: Knock Off|[of] p2a: Clefable
|move|p1a: gbroda broda|Teleport|p1a: gbroda broda
|
|t:|1646796355
|switch|p1a: translator|Heatran, M|76/100|[from]move: Teleport
|-damage|p1a: translator|63/100|[from] Stealth Rock
|
|upkeep
|turn|14
|
|t:|1646796360
|switch|p2a: Corviknight|Corviknight, F|100/100
|-ability|p2a: Corviknight|Pressure
|move|p1a: translator|Earth Power|p2a: Corviknight
|-immune|p2a: Corviknight
|
|upkeep
|turn|15
|
|t:|1646796366
|switch|p1a: gbroda broda|Slowbro, M|84/100
|-damage|p1a: gbroda broda|72/100|[from] Stealth Rock
|move|p2a: Corviknight|U-turn|p1a: gbroda broda
|-supereffective|p1a: gbroda broda
|-damage|p1a: gbroda broda|55/100
|
|t:|1646796369
|switch|p2a: Dragapult|Dragapult, F|100/100|[from]move: U-turn
|
|upkeep
|turn|16
|
|t:|1646796372
|switch|p1a: truth|Heracross, M|89/100
|-damage|p1a: truth|77/100|[from] Stealth Rock
|move|p2a: Dragapult|Substitute|p2a: Dragapult
|-start|p2a: Dragapult|Substitute
|-damage|p2a: Dragapult|76/100
|
|upkeep
|turn|17
|
|t:|1646796379
|move|p2a: Dragapult|Dragon Darts|p1a: truth
|-damage|p1a: truth|28/100
|-anim|p2a: Dragapult|Dragon Darts|p1a: truth
|-damage|p1a: truth|0 fnt
|faint|p1a: truth
|-damage|p2a: Dragapult|66/100|[from] item: Life Orb
|
|upkeep
|c| WohMi|reverse read the switch there
|
|t:|1646796393
|switch|p1a: orphaniser|Zeraora|100/100
|-damage|p1a: orphaniser|88/100|[from] Stealth Rock
|turn|18
|
|t:|1646796396
|-start|p1a: orphaniser|Dynamax
|-heal|p1a: orphaniser|88/100|[silent]
|move|p1a: orphaniser|Max Lightning|p2a: Dragapult
|-resisted|p2a: Dragapult
|-end|p2a: Dragapult|Substitute
|-fieldstart|move: Electric Terrain
|move|p2a: Dragapult|Dragon Darts|p1a: orphaniser
|-damage|p1a: orphaniser|62/100
|-anim|p2a: Dragapult|Dragon Darts|p1a: orphaniser
|-damage|p1a: orphaniser|38/100
|-damage|p2a: Dragapult|56/100|[from] item: Life Orb
|
|upkeep
|turn|19
|
|t:|1646796404
|switch|p2a: Buzzwole|Buzzwole|100/100
|move|p1a: orphaniser|Max Starfall|p2a: Buzzwole
|-supereffective|p2a: Buzzwole
|-damage|p2a: Buzzwole|64/100
|-fieldstart|move: Misty Terrain
|
|upkeep
|turn|20
|
|t:|1646796407
|switch|p2a: Ditto|Ditto|77/100
|-transform|p2a: Ditto|p1a: orphaniser|[from] ability: Imposter
|move|p1a: orphaniser|Max Starfall|p2a: Ditto
|-damage|p2a: Ditto|17/100
|
|-end|p1a: orphaniser|Dynamax
|-heal|p1a: orphaniser|38/100|[silent]
|upkeep
|turn|21
|
|t:|1646796413
|switch|p1a: gbroda broda|Slowbro, M|88/100
|-damage|p1a: gbroda broda|75/100|[from] Stealth Rock
|move|p2a: Ditto|Close Combat|p1a: gbroda broda
|-resisted|p1a: gbroda broda
|-damage|p1a: gbroda broda|63/100
|-unboost|p2a: Ditto|def|1
|-unboost|p2a: Ditto|spd|1
|
|upkeep
|turn|22
|
|t:|1646796419
|switch|p2a: Clefable|Clefable, F|78/100
|move|p1a: gbroda broda|Teleport|p1a: gbroda broda
|
|t:|1646796422
|switch|p1a: translator|Heatran, M|63/100|[from]move: Teleport
|-damage|p1a: translator|51/100|[from] Stealth Rock
|
|upkeep
|turn|23
|
|t:|1646796424
|switch|p2a: Ditto|Ditto|17/100
|-transform|p2a: Ditto|p1a: translator|[from] ability: Imposter
|move|p1a: translator|Flash Cannon|p2a: Ditto
|-resisted|p2a: Ditto
|-damage|p2a: Ditto|6/100
|
|-fieldend|Misty Terrain
|upkeep
|turn|24
|
|t:|1646796431
|switch|p1a: gbroda broda|Slowbro, M|97/100
|-damage|p1a: gbroda broda|84/100|[from] Stealth Rock
|move|p2a: Ditto|Earth Power|p1a: gbroda broda
|-damage|p1a: gbroda broda|50/100
|
|upkeep
|turn|25
|
|t:|1646796434
|move|p2a: Ditto|Earth Power|p1a: gbroda broda
|-crit|p1a: gbroda broda
|-damage|p1a: gbroda broda|0 fnt
|faint|p1a: gbroda broda
|
|upkeep
|
|t:|1646796439
|switch|p1a: translator|Heatran, M|51/100
|-damage|p1a: translator|39/100|[from] Stealth Rock
|turn|26
|
|t:|1646796444
|move|p1a: translator|Flash Cannon|p2a: Ditto
|-resisted|p2a: Ditto
|-damage|p2a: Ditto|0 fnt
|faint|p2a: Ditto
|
|upkeep
|
|t:|1646796446
|switch|p2a: Corviknight|Corviknight, F|100/100
|-ability|p2a: Corviknight|Pressure
|turn|27
|c| WohMi|he knew
|
|t:|1646796452
|switch|p1a: orphaniser|Zeraora|38/100
|-damage|p1a: orphaniser|26/100|[from] Stealth Rock
|move|p2a: Corviknight|Body Press|p1a: orphaniser
|-damage|p1a: orphaniser|0 fnt
|faint|p1a: orphaniser
|
|upkeep
|
|t:|1646796454
|switch|p1a: translator|Heatran, M|39/100
|-damage|p1a: translator|26/100|[from] Stealth Rock
|turn|28
|
|t:|1646796457
|move|p1a: translator|Flamethrower|p2a: Corviknight
|-supereffective|p2a: Corviknight
|-damage|p2a: Corviknight|31/100
|move|p2a: Corviknight|Body Press|p1a: translator
|-supereffective|p1a: translator
|-damage|p1a: translator|0 fnt
|faint|p1a: translator
|
|win|Sp0oNl0rD
|n|☆stolenfromemvee|stolenfromemvee
|n|☆Sp0oNl0rD|sp0onl0rd
|n| WohMi|wohmi
|n| corvere|corvere
|n| Multigenda|multigenda
|n| Echo2580|echo2580
|n| htcl (>◡<)|htcl
|n| StunSeedFlip|stunseedflip
