|j|☆Artivi
|j|☆2222mm
|player|p1|Artivi|juan|1568
|player|p2|2222mm|wallace|1570
|teamsize|p1|6
|teamsize|p2|6
|gametype|singles
|gen|8
|tier|[Gen 8] OU
|rated|
|html|<div class="broadcast-blue"><strong>OU is currently suspecting Dracovish! For information on how to participate check out the <a href="https://www.smogon.com/forums/threads/3664521/">suspect thread</a>.</strong></div>
|clearpoke
|poke|p1|Aegislash, M|
|poke|p1|Hydreigon, F|
|poke|p1|Seismitoad, M|
|poke|p1|Corviknight, F|
|poke|p1|Gardevoir, F|
|poke|p1|Zeraora|
|poke|p2|Torkoal, F|
|poke|p2|Cinderace, F|
|poke|p2|Charizard, F|
|poke|p2|Mandibuzz, F|
|poke|p2|Hatterene, F|
|poke|p2|Gastrodon, M|
|rule|Sleep Clause Mod: Limit one foe put to sleep
|rule|Species Clause: Limit one of each Pokémon
|rule|OHKO Clause: OHKO moves are banned
|rule|Evasion Moves Clause: Evasion moves are banned
|rule|Endless Battle Clause: Forcing endless battles is banned
|rule|HP Percentage Mod: HP is shown in percentages
|rule|Dynamax Clause: You cannot dynamax
|teampreview
|inactive|Battle timer is ON: inactive players will automatically lose when time's up. (requested by Artivi)
|
|start
|switch|p1a: Manxer|Seismitoad, M|100/100
|switch|p2a: Gastrodon|Gastrodon, M|100/100
|turn|1
|
|switch|p2a: Hatterene|Hatterene, F|100/100
|move|p1a: Manxer|Stealth Rock|p2a: Hatterene
|move|p2a: Hatterene|Stealth Rock|p1a: Manxer|[from]Magic Bounce
|-sidestart|p1: Artivi|move: Stealth Rock
|
|upkeep
|turn|2
|
|move|p1a: Manxer|Knock Off|p2a: Hatterene
|-damage|p2a: Hatterene|83/100
|-enditem|p2a: Hatterene|Leftovers|[from] move: Knock Off|[of] p1a: Manxer
|move|p2a: Hatterene|Future Sight|p1a: Manxer
|-start|p2a: Hatterene|move: Future Sight
|
|upkeep
|turn|3
|
|move|p1a: Manxer|Toxic|p2a: Hatterene
|move|p2a: Hatterene|Toxic|p1a: Manxer|[from]Magic Bounce
|-status|p1a: Manxer|tox
|move|p2a: Hatterene|Draining Kiss|p1a: Manxer
|-damage|p1a: Manxer|78/100 tox
|-heal|p2a: Hatterene|100/100|[from] drain|[of] p1a: Manxer
|
|-damage|p1a: Manxer|72/100 tox|[from] psn
|upkeep
|turn|4
|
|move|p1a: Manxer|Earthquake|p2a: Hatterene
|-damage|p2a: Hatterene|72/100
|move|p2a: Hatterene|Calm Mind|p2a: Hatterene
|-boost|p2a: Hatterene|spa|1
|-boost|p2a: Hatterene|spd|1
|
|-end|p1a: Manxer|move: Future Sight
|-damage|p1a: Manxer|0 fnt
|faint|p1a: Manxer
|upkeep
|
|switch|p1a: Platinum|Aegislash, M|100/100
|-damage|p1a: Platinum|94/100|[from] Stealth Rock
|-item|p1a: Platinum|Air Balloon
|turn|5
|
|switch|p2a: Mandibuzz|Mandibuzz, F|100/100
|-formechange|p1a: Platinum|Aegislash-Blade||[from] ability: Stance Change
|move|p1a: Platinum|Iron Head|p2a: Mandibuzz
|-damage|p2a: Mandibuzz|64/100
|
|upkeep
|turn|6
|
|switch|p1a: Blue Moon|Corviknight, F|100/100
|-damage|p1a: Blue Moon|88/100|[from] Stealth Rock
|-ability|p1a: Blue Moon|Pressure
|move|p2a: Mandibuzz|Roost|p2a: Mandibuzz
|-heal|p2a: Mandibuzz|100/100
|-singleturn|p2a: Mandibuzz|move: Roost
|
|-heal|p1a: Blue Moon|94/100|[from] item: Leftovers
|upkeep
|turn|7
|inactive|Artivi has 120 seconds left.
|
|move|p2a: Mandibuzz|U-turn|p1a: Blue Moon
|-resisted|p1a: Blue Moon
|-damage|p1a: Blue Moon|92/100
|
|switch|p2a: Torkoal|Torkoal, F|100/100|[from]move: U-turn
|-weather|SunnyDay|[from] ability: Drought|[of] p2a: Torkoal
|move|p1a: Blue Moon|Bulk Up|p1a: Blue Moon
|-boost|p1a: Blue Moon|atk|1
|-boost|p1a: Blue Moon|def|1
|
|-weather|SunnyDay|[upkeep]
|-heal|p1a: Blue Moon|98/100|[from] item: Leftovers
|upkeep
|turn|8
|inactive|Artivi has 120 seconds left.
|
|move|p1a: Blue Moon|Taunt|p2a: Torkoal
|-start|p2a: Torkoal|move: Taunt
|move|p2a: Torkoal|Lava Plume|p1a: Blue Moon
|-supereffective|p1a: Blue Moon
|-crit|p1a: Blue Moon
|-damage|p1a: Blue Moon|28/100
|-status|p1a: Blue Moon|brn
|
|-weather|SunnyDay|[upkeep]
|-heal|p1a: Blue Moon|34/100 brn|[from] item: Leftovers
|-damage|p1a: Blue Moon|28/100 brn|[from] brn
|upkeep
|turn|9
|inactive|Artivi has 120 seconds left.
|
|move|p1a: Blue Moon|Roost|p1a: Blue Moon
|-heal|p1a: Blue Moon|78/100 brn
|-singleturn|p1a: Blue Moon|move: Roost
|move|p2a: Torkoal|Lava Plume|p1a: Blue Moon
|-supereffective|p1a: Blue Moon
|-damage|p1a: Blue Moon|32/100 brn
|
|-weather|SunnyDay|[upkeep]
|-heal|p1a: Blue Moon|38/100 brn|[from] item: Leftovers
|-damage|p1a: Blue Moon|32/100 brn|[from] brn
|upkeep
|turn|10
|inactive|Artivi has 120 seconds left.
|
|switch|p2a: Charizard|Charizard, F|100/100
|move|p1a: Blue Moon|Roost|p1a: Blue Moon
|-heal|p1a: Blue Moon|82/100 brn
|-singleturn|p1a: Blue Moon|move: Roost
|
|-weather|SunnyDay|[upkeep]
|-damage|p2a: Charizard|88/100|[from] ability: Solar Power|[of] p2a: Charizard
|-heal|p1a: Blue Moon|88/100 brn|[from] item: Leftovers
|-damage|p1a: Blue Moon|82/100 brn|[from] brn
|upkeep
|turn|11
|inactive|Artivi has 120 seconds left.
|
|move|p2a: Charizard|Flamethrower|p1a: Blue Moon
|-supereffective|p1a: Blue Moon
|-damage|p1a: Blue Moon|0 fnt
|faint|p1a: Blue Moon
|
|-weather|SunnyDay|[upkeep]
|-damage|p2a: Charizard|76/100|[from] ability: Solar Power|[of] p2a: Charizard
|upkeep
|inactive|Artivi has 120 seconds left.
|
|switch|p1a: SS|Zeraora|100/100
|-damage|p1a: SS|88/100|[from] Stealth Rock
|turn|12
|inactive|Artivi has 120 seconds left.
|
|switch|p2a: Hatterene|Hatterene, F|72/100
|move|p1a: SS|Grass Knot|p2a: Hatterene
|-damage|p2a: Hatterene|65/100
|-damage|p1a: SS|78/100|[from] item: Life Orb
|
|-weather|SunnyDay|[upkeep]
|upkeep
|turn|13
|inactive|Artivi has 120 seconds left.
|
|move|p1a: SS|Plasma Fists|p2a: Hatterene
|-damage|p2a: Hatterene|13/100
|-fieldactivate|move: Ion Deluge
|-damage|p1a: SS|69/100|[from] item: Life Orb
|move|p2a: Hatterene|Future Sight|p1a: SS
|-start|p2a: Hatterene|move: Future Sight
|
|-weather|SunnyDay|[upkeep]
|upkeep
|turn|14
|inactive|Artivi has 120 seconds left.
|
|move|p1a: SS|Play Rough|p2a: Hatterene
|-damage|p2a: Hatterene|0 fnt
|-damage|p1a: SS|59/100|[from] item: Life Orb
|faint|p2a: Hatterene
|
|-weather|none
|upkeep
|
|switch|p2a: Cinderace|Cinderace, F|100/100
|turn|15
|inactive|Artivi has 120 seconds left.
|
|switch|p1a: Platinum|Aegislash, M|94/100
|-damage|p1a: Platinum|88/100|[from] Stealth Rock
|-item|p1a: Platinum|Air Balloon
|move|p2a: Cinderace|U-turn|p1a: Platinum
|-resisted|p1a: Platinum
|-damage|p1a: Platinum|79/100
|-enditem|p1a: Platinum|Air Balloon
|
|switch|p2a: Torkoal|Torkoal, F|100/100|[from]move: U-turn
|-weather|SunnyDay|[from] ability: Drought|[of] p2a: Torkoal
|
|-weather|SunnyDay|[upkeep]
|-end|p1a: Platinum|move: Future Sight
|-resisted|p1a: Platinum
|-damage|p1a: Platinum|51/100
|upkeep
|turn|16
|inactive|Artivi has 120 seconds left.
|
|-formechange|p1a: Platinum|Aegislash-Blade||[from] ability: Stance Change
|move|p1a: Platinum|Close Combat|p2a: Torkoal
|-damage|p2a: Torkoal|71/100
|-unboost|p1a: Platinum|def|1
|-unboost|p1a: Platinum|spd|1
|move|p2a: Torkoal|Lava Plume|p1a: Platinum
|-supereffective|p1a: Platinum
|-damage|p1a: Platinum|0 fnt
|faint|p1a: Platinum
|
|-weather|SunnyDay|[upkeep]
|upkeep
|
|switch|p1a: Super Basic|Hydreigon, F|100/100
|-damage|p1a: Super Basic|88/100|[from] Stealth Rock
|turn|17
|
|switch|p2a: Mandibuzz|Mandibuzz, F|100/100
|move|p1a: Super Basic|Nasty Plot|p1a: Super Basic
|-boost|p1a: Super Basic|spa|2
|
|-weather|SunnyDay|[upkeep]
|upkeep
|turn|18
|inactive|Artivi has 120 seconds left.
|
|move|p1a: Super Basic|Nasty Plot|p1a: Super Basic
|-boost|p1a: Super Basic|spa|2
|move|p2a: Mandibuzz|U-turn|p1a: Super Basic
|-supereffective|p1a: Super Basic
|-damage|p1a: Super Basic|62/100
|
|switch|p2a: Cinderace|Cinderace, F|100/100|[from]move: U-turn
|
|-weather|SunnyDay|[upkeep]
|upkeep
|turn|19
|
|switch|p1a: Jennie|Gardevoir, F, shiny|100/100
|-damage|p1a: Jennie|88/100|[from] Stealth Rock
|-ability|p1a: Jennie|Blaze|[from] ability: Trace|[of] p2a: Cinderace
|move|p2a: Cinderace|U-turn|p1a: Jennie
|-damage|p1a: Jennie|29/100
|
|switch|p2a: Charizard|Charizard, F|76/100|[from]move: U-turn
|
|-weather|SunnyDay|[upkeep]
|-damage|p2a: Charizard|63/100|[from] ability: Solar Power|[of] p2a: Charizard
|upkeep
|turn|20
|
|move|p1a: Jennie|Moonblast|p2a: Charizard
|-resisted|p2a: Charizard
|-damage|p2a: Charizard|31/100
|-unboost|p2a: Charizard|spa|1
|move|p2a: Charizard|Flamethrower|p1a: Jennie
|-damage|p1a: Jennie|0 fnt
|faint|p1a: Jennie
|
|-weather|SunnyDay|[upkeep]
|-damage|p2a: Charizard|18/100|[from] ability: Solar Power|[of] p2a: Charizard
|upkeep
|
|switch|p1a: SS|Zeraora|59/100
|-damage|p1a: SS|47/100|[from] Stealth Rock
|turn|21
|
|move|p1a: SS|Close Combat|p2a: Charizard
|-resisted|p2a: Charizard
|-damage|p2a: Charizard|0 fnt
|-unboost|p1a: SS|def|1
|-unboost|p1a: SS|spd|1
|-damage|p1a: SS|37/100|[from] item: Life Orb
|faint|p2a: Charizard
|
|-weather|SunnyDay|[upkeep]
|upkeep
|
|switch|p2a: Gastrodon|Gastrodon, M|100/100
|turn|22
|
|switch|p1a: Super Basic|Hydreigon, F|62/100
|-damage|p1a: Super Basic|49/100|[from] Stealth Rock
|move|p2a: Gastrodon|Earthquake|p1a: Super Basic
|-immune|p1a: Super Basic|[from] ability: Levitate
|
|-weather|none
|upkeep
|turn|23
|
|move|p1a: Super Basic|Nasty Plot|p1a: Super Basic
|-boost|p1a: Super Basic|spa|2
|move|p2a: Gastrodon|Yawn|p1a: Super Basic
|-start|p1a: Super Basic|move: Yawn|[of] p2a: Gastrodon
|
|upkeep
|turn|24
|
|switch|p2a: Torkoal|Torkoal, F|71/100
|-weather|SunnyDay|[from] ability: Drought|[of] p2a: Torkoal
|move|p1a: Super Basic|Draco Meteor|p2a: Torkoal
|-damage|p2a: Torkoal|0 fnt
|-unboost|p1a: Super Basic|spa|2
|faint|p2a: Torkoal
|
|-weather|SunnyDay|[upkeep]
|-end|p1a: Super Basic|move: Yawn|[silent]
|-status|p1a: Super Basic|slp
|upkeep
|
|switch|p2a: Cinderace|Cinderace, F|100/100
|turn|25
|
|move|p2a: Cinderace|Pyro Ball|p1a: Super Basic|[miss]
|-miss|p2a: Cinderace|p1a: Super Basic
|cant|p1a: Super Basic|slp
|
|-weather|SunnyDay|[upkeep]
|upkeep
|turn|26
|
|move|p2a: Cinderace|Pyro Ball|p1a: Super Basic|[miss]
|-miss|p2a: Cinderace|p1a: Super Basic
|-curestatus|p1a: Super Basic|slp|[msg]
|move|p1a: Super Basic|Draco Meteor|p2a: Cinderace
|-damage|p2a: Cinderace|2/100
|-unboost|p1a: Super Basic|spa|2
|
|-weather|SunnyDay|[upkeep]
|upkeep
|turn|27
|
|move|p2a: Cinderace|Pyro Ball|p1a: Super Basic
|-resisted|p1a: Super Basic
|-damage|p1a: Super Basic|0 fnt
|faint|p1a: Super Basic
|
|-weather|SunnyDay|[upkeep]
|upkeep
|
|switch|p1a: SS|Zeraora|37/100
|-damage|p1a: SS|24/100|[from] Stealth Rock
|turn|28
|
|move|p1a: SS|Grass Knot|p2a: Cinderace
|-resisted|p2a: Cinderace
|-damage|p2a: Cinderace|0 fnt
|-damage|p1a: SS|15/100|[from] item: Life Orb
|faint|p2a: Cinderace
|
|-weather|SunnyDay|[upkeep]
|upkeep
|
|switch|p2a: Mandibuzz|Mandibuzz, F|100/100
|turn|29
|
|move|p1a: SS|Plasma Fists|p2a: Mandibuzz
|-supereffective|p2a: Mandibuzz
|-damage|p2a: Mandibuzz|10/100
|-fieldactivate|move: Ion Deluge
|-damage|p1a: SS|5/100|[from] item: Life Orb
|move|p2a: Mandibuzz|Foul Play|p1a: SS
|-damage|p1a: SS|0 fnt
|faint|p1a: SS
|
|win|2222mm
|l|☆Artivi
|raw|Artivi's rating: 1568 &rarr; <strong>1548</strong><br />(-20 for losing)
|raw|2222mm's rating: 1445 &rarr; <strong>1471</strong><br />(+26 for winning)
