|html|<div class="broadcast-blue"><strong>[Gen 8] OU is currently suspecting Zamazenta-Crowned! For information on how to participate check out the <a href="https://www.smogon.com/forums/threads/np-ss-ou-suspect-process-round-10-royals.3681787/">suspect thread</a>.</strong></div>
|j|☆Tirkys
|j|☆outk getting reqt
|t:|1618795959
|gametype|singles
|player|p1|Tirkys|hilda-dueldisk|1698
|player|p2|outk getting reqt|101|1616
|teamsize|p1|6
|teamsize|p2|6
|gen|8
|tier|[Gen 8] OU
|rated|
|clearpoke
|poke|p1|Volcarona, M|
|poke|p1|Quagsire, M|
|poke|p1|Xatu, M|
|poke|p1|Mantine, F|
|poke|p1|Nidoking, M|
|poke|p1|Ninetales-Alola, F|
|poke|p2|Articuno-Galar|
|poke|p2|Ninetales-Alola, M|
|poke|p2|Polteageist|
|poke|p2|Landorus-Therian, M|
|poke|p2|Garchomp, F|
|poke|p2|Zamazenta-Crowned|
|rule|Sleep Clause Mod: Limit one foe put to sleep
|rule|Species Clause: Limit one of each Pokémon
|rule|OHKO Clause: OHKO moves are banned
|rule|Evasion Moves Clause: Evasion moves are banned
|rule|Endless Battle Clause: Forcing endless battles is banned
|rule|HP Percentage Mod: HP is shown in percentages
|rule|Dynamax Clause: You cannot dynamax
|teampreview
|inactive|Battle timer is ON: inactive players will automatically lose when time's up. (requested by Tirkys)
|
|t:|1618795965
|start
|switch|p1a: WhiteAlbum|Ninetales-Alola, F|100/100
|switch|p2a: Zamazenta|Zamazenta-Crowned|100/100
|-weather|Hail|[from] ability: Snow Warning|[of] p1a: WhiteAlbum
|-ability|p2a: Zamazenta|Dauntless Shield|boost
|-boost|p2a: Zamazenta|def|1
|turn|1
|
|t:|1618795968
|switch|p1a: Magician'sRed|Volcarona, M|100/100
|switch|p2a: Ninetales|Ninetales-Alola, M|100/100
|
|-weather|Hail|[upkeep]
|-damage|p1a: Magician'sRed|94/100|[from] Hail
|-heal|p1a: Magician'sRed|100/100|[from] item: Leftovers
|upkeep
|turn|2
|
|t:|1618795972
|switch|p1a: PurpleHaze|Nidoking, M|100/100
|move|p2a: Ninetales|Aurora Veil|p2a: Ninetales
|-sidestart|p2: outk getting reqt|move: Aurora Veil
|
|-weather|Hail|[upkeep]
|-damage|p1a: PurpleHaze|95/100|[from] Hail
|upkeep
|turn|3
|
|t:|1618795975
|move|p1a: PurpleHaze|Ice Beam|p2a: Ninetales
|-resisted|p2a: Ninetales
|-damage|p2a: Ninetales|93/100
|move|p2a: Ninetales|Hypnosis|p1a: PurpleHaze|[miss]
|-miss|p2a: Ninetales|p1a: PurpleHaze
|
|-weather|Hail|[upkeep]
|-damage|p1a: PurpleHaze|89/100|[from] Hail
|upkeep
|turn|4
|
|t:|1618795978
|switch|p1a: ManInTheMirror|Xatu, M|100/100
|move|p2a: Ninetales|Hypnosis|p1a: ManInTheMirror
|move|p1a: ManInTheMirror|Hypnosis|p2a: Ninetales|[from]ability: Magic Bounce
|-status|p2a: Ninetales|slp|[from] move: Hypnosis
|
|-weather|Hail|[upkeep]
|-damage|p1a: ManInTheMirror|95/100|[from] Hail
|upkeep
|turn|5
|
|t:|1618795990
|switch|p2a: Zamazenta|Zamazenta-Crowned|100/100
|-ability|p2a: Zamazenta|Dauntless Shield|boost
|-boost|p2a: Zamazenta|def|1
|switch|p1a: WhiteAlbum|Ninetales-Alola, F|100/100
|
|-weather|none
|upkeep
|turn|6
|
|t:|1618795993
|switch|p1a: Magician'sRed|Volcarona, M|100/100
|switch|p2a: Polteageist|Polteageist|100/100
|
|upkeep
|turn|7
|
|t:|1618795996
|switch|p1a: CatchTheRainbow|Mantine, F|100/100
|move|p2a: Polteageist|Shell Smash|p2a: Polteageist
|-unboost|p2a: Polteageist|def|1
|-unboost|p2a: Polteageist|spd|1
|-boost|p2a: Polteageist|atk|2
|-boost|p2a: Polteageist|spa|2
|-boost|p2a: Polteageist|spe|2
|-enditem|p2a: Polteageist|White Herb
|-clearnegativeboost|p2a: Polteageist|[silent]
|
|upkeep
|turn|8
|
|t:|1618796002
|move|p2a: Polteageist|Stored Power|p1a: CatchTheRainbow
|-damage|p1a: CatchTheRainbow|42/100
|move|p1a: CatchTheRainbow|Toxic|p2a: Polteageist
|-status|p2a: Polteageist|tox
|
|-heal|p1a: CatchTheRainbow|48/100|[from] item: Leftovers
|-damage|p2a: Polteageist|94/100 tox|[from] psn
|upkeep
|turn|9
|
|t:|1618796009
|move|p2a: Polteageist|Stored Power|p1a: CatchTheRainbow
|-damage|p1a: CatchTheRainbow|0 fnt
|faint|p1a: CatchTheRainbow
|
|-damage|p2a: Polteageist|82/100 tox|[from] psn
|-sideend|p2: outk getting reqt|move: Aurora Veil
|upkeep
|
|t:|1618796019
|switch|p1a: PurpleHaze|Nidoking, M|89/100
|turn|10
|
|t:|1618796022
|move|p2a: Polteageist|Stored Power|p1a: PurpleHaze
|-supereffective|p1a: PurpleHaze
|-damage|p1a: PurpleHaze|0 fnt
|faint|p1a: PurpleHaze
|
|-damage|p2a: Polteageist|64/100 tox|[from] psn
|upkeep
|
|t:|1618796024
|switch|p1a: WhiteAlbum|Ninetales-Alola, F|100/100
|-weather|Hail|[from] ability: Snow Warning|[of] p1a: WhiteAlbum
|turn|11
|
|t:|1618796026
|move|p1a: WhiteAlbum|Dark Pulse|p2a: Polteageist
|-supereffective|p2a: Polteageist
|-damage|p2a: Polteageist|16/100 tox
|cant|p2a: Polteageist|flinch
|
|-weather|Hail|[upkeep]
|-damage|p2a: Polteageist|10/100 tox|[from] Hail
|-damage|p2a: Polteageist|0 fnt|[from] psn
|faint|p2a: Polteageist
|upkeep
|
|t:|1618796048
|switch|p2a: Landorus|Landorus-Therian, M|100/100
|-ability|p2a: Landorus|Intimidate|boost
|-unboost|p1a: WhiteAlbum|atk|1
|turn|12
|
|t:|1618796052
|switch|p1a: ManInTheMirror|Xatu, M|95/100
|move|p2a: Landorus|Substitute|p2a: Landorus
|-start|p2a: Landorus|Substitute
|-damage|p2a: Landorus|76/100
|
|-weather|Hail|[upkeep]
|-damage|p2a: Landorus|70/100|[from] Hail
|-damage|p1a: ManInTheMirror|89/100|[from] Hail
|-heal|p2a: Landorus|76/100|[from] item: Leftovers
|upkeep
|turn|13
|
|t:|1618796054
|move|p2a: Landorus|Smack Down|p1a: ManInTheMirror
|-supereffective|p1a: ManInTheMirror
|-damage|p1a: ManInTheMirror|41/100
|-start|p1a: ManInTheMirror|Smack Down
|move|p1a: ManInTheMirror|Cosmic Power|p1a: ManInTheMirror
|-boost|p1a: ManInTheMirror|def|1
|-boost|p1a: ManInTheMirror|spd|1
|
|-weather|Hail|[upkeep]
|-damage|p2a: Landorus|70/100|[from] Hail
|-damage|p1a: ManInTheMirror|35/100|[from] Hail
|-heal|p2a: Landorus|76/100|[from] item: Leftovers
|upkeep
|turn|14
|
|t:|1618796057
|move|p2a: Landorus|Earthquake|p1a: ManInTheMirror
|-damage|p1a: ManInTheMirror|0 fnt
|faint|p1a: ManInTheMirror
|
|-weather|Hail|[upkeep]
|-damage|p2a: Landorus|70/100|[from] Hail
|-heal|p2a: Landorus|76/100|[from] item: Leftovers
|upkeep
|
|t:|1618796059
|switch|p1a: StarPlatinum|Quagsire, M, shiny|100/100
|turn|15
|
|t:|1618796061
|move|p2a: Landorus|Earthquake|p1a: StarPlatinum
|-damage|p1a: StarPlatinum|64/100
|move|p1a: StarPlatinum|Scald|p2a: Landorus
|-supereffective|p2a: Landorus
|-end|p2a: Landorus|Substitute
|
|-weather|none
|-heal|p2a: Landorus|82/100|[from] item: Leftovers
|-heal|p1a: StarPlatinum|70/100|[from] item: Leftovers
|upkeep
|turn|16
|
|t:|1618796067
|move|p2a: Landorus|Earthquake|p1a: StarPlatinum
|-damage|p1a: StarPlatinum|28/100
|move|p1a: StarPlatinum|Recover|p1a: StarPlatinum
|-heal|p1a: StarPlatinum|78/100
|
|-heal|p2a: Landorus|88/100|[from] item: Leftovers
|-heal|p1a: StarPlatinum|85/100|[from] item: Leftovers
|upkeep
|turn|17
|
|t:|1618796072
|switch|p2a: Ninetales|Ninetales-Alola, M|93/100 slp
|-weather|Hail|[from] ability: Snow Warning|[of] p2a: Ninetales
|move|p1a: StarPlatinum|Scald|p2a: Ninetales
|-damage|p2a: Ninetales|73/100 slp
|
|-weather|Hail|[upkeep]
|-damage|p1a: StarPlatinum|78/100|[from] Hail
|-heal|p1a: StarPlatinum|85/100|[from] item: Leftovers
|upkeep
|turn|18
|
|t:|1618796077
|switch|p2a: Garchomp|Garchomp, F|100/100
|switch|p1a: WhiteAlbum|Ninetales-Alola, F|100/100
|
|-weather|Hail|[upkeep]
|-damage|p2a: Garchomp|94/100|[from] Hail
|upkeep
|turn|19
|
|t:|1618796083
|switch|p2a: Ninetales|Ninetales-Alola, M|73/100 slp
|move|p1a: WhiteAlbum|Blizzard|p2a: Ninetales
|-resisted|p2a: Ninetales
|-damage|p2a: Ninetales|53/100 slp
|
|-weather|Hail|[upkeep]
|upkeep
|turn|20
|
|t:|1618796090
|switch|p2a: Landorus|Landorus-Therian, M|88/100
|-ability|p2a: Landorus|Intimidate|boost
|-unboost|p1a: WhiteAlbum|atk|1
|move|p1a: WhiteAlbum|Blizzard|p2a: Landorus
|-supereffective|p2a: Landorus
|-damage|p2a: Landorus|0 fnt
|faint|p2a: Landorus
|
|-weather|Hail|[upkeep]
|upkeep
|
|t:|1618796097
|switch|p2a: Zamazenta|Zamazenta-Crowned|100/100
|-ability|p2a: Zamazenta|Dauntless Shield|boost
|-boost|p2a: Zamazenta|def|1
|turn|21
|
|t:|1618796102
|switch|p1a: Magician'sRed|Volcarona, M|100/100
|switch|p2a: Garchomp|Garchomp, F|94/100
|
|-weather|none
|upkeep
|turn|22
|
|t:|1618796107
|switch|p1a: StarPlatinum|Quagsire, M, shiny|85/100
|move|p2a: Garchomp|Earthquake|p1a: StarPlatinum
|-damage|p1a: StarPlatinum|48/100
|
|-heal|p1a: StarPlatinum|54/100|[from] item: Leftovers
|upkeep
|turn|23
|
|t:|1618796110
|switch|p2a: Articuno|Articuno-Galar|100/100
|move|p1a: StarPlatinum|Recover|p1a: StarPlatinum
|-heal|p1a: StarPlatinum|100/100
|
|upkeep
|turn|24
|
|t:|1618796115
|switch|p1a: WhiteAlbum|Ninetales-Alola, F|100/100
|-weather|Hail|[from] ability: Snow Warning|[of] p1a: WhiteAlbum
|move|p2a: Articuno|Agility|p2a: Articuno
|-boost|p2a: Articuno|spe|2
|
|-weather|Hail|[upkeep]
|-damage|p2a: Articuno|94/100|[from] Hail
|upkeep
|turn|25
|
|t:|1618796126
|switch|p2a: Ninetales|Ninetales-Alola, M|53/100 slp
|move|p1a: WhiteAlbum|Blizzard|p2a: Ninetales
|-resisted|p2a: Ninetales
|-damage|p2a: Ninetales|34/100 slp
|
|-weather|Hail|[upkeep]
|upkeep
|turn|26
|
|t:|1618796129
|move|p1a: WhiteAlbum|Blizzard|p2a: Ninetales
|-resisted|p2a: Ninetales
|-crit|p2a: Ninetales
|-damage|p2a: Ninetales|4/100 slp
|cant|p2a: Ninetales|slp
|
|-weather|Hail|[upkeep]
|upkeep
|turn|27
|
|t:|1618796132
|move|p1a: WhiteAlbum|Blizzard|p2a: Ninetales
|-resisted|p2a: Ninetales
|-damage|p2a: Ninetales|0 fnt
|faint|p2a: Ninetales
|
|-weather|Hail|[upkeep]
|upkeep
|
|t:|1618796135
|switch|p2a: Zamazenta|Zamazenta-Crowned|100/100
|-ability|p2a: Zamazenta|Dauntless Shield|boost
|-boost|p2a: Zamazenta|def|1
|turn|28
|
|t:|1618796139
|switch|p1a: Magician'sRed|Volcarona, M|100/100
|move|p2a: Zamazenta|Howl|p2a: Zamazenta
|-boost|p2a: Zamazenta|atk|1
|
|-weather|none
|upkeep
|turn|29
|
|t:|1618796141
|move|p2a: Zamazenta|Wild Charge|p1a: Magician'sRed
|-damage|p1a: Magician'sRed|61/100
|-status|p2a: Zamazenta|brn|[from] ability: Flame Body|[of] p1a: Magician'sRed
|-damage|p2a: Zamazenta|89/100 brn|[from] Recoil
|move|p1a: Magician'sRed|Fiery Dance|p2a: Zamazenta
|-supereffective|p2a: Zamazenta
|-damage|p2a: Zamazenta|32/100 brn
|-boost|p1a: Magician'sRed|spa|1
|
|-heal|p1a: Magician'sRed|67/100|[from] item: Leftovers
|-damage|p2a: Zamazenta|26/100 brn|[from] brn
|upkeep
|turn|30
|
|t:|1618796147
|move|p2a: Zamazenta|Wild Charge|p1a: Magician'sRed
|-damage|p1a: Magician'sRed|48/100
|-damage|p2a: Zamazenta|20/100 brn|[from] Recoil
|move|p1a: Magician'sRed|Roost|p1a: Magician'sRed
|-heal|p1a: Magician'sRed|98/100
|-singleturn|p1a: Magician'sRed|move: Roost
|
|-heal|p1a: Magician'sRed|100/100|[from] item: Leftovers
|-damage|p2a: Zamazenta|14/100 brn|[from] brn
|upkeep
|turn|31
|
|t:|1618796152
|move|p2a: Zamazenta|Wild Charge|p1a: Magician'sRed
|-damage|p1a: Magician'sRed|82/100
|-damage|p2a: Zamazenta|8/100 brn|[from] Recoil
|move|p1a: Magician'sRed|Fiery Dance|p2a: Zamazenta
|-supereffective|p2a: Zamazenta
|-damage|p2a: Zamazenta|0 fnt
|-boost|p1a: Magician'sRed|spa|1
|faint|p2a: Zamazenta
|
|-heal|p1a: Magician'sRed|88/100|[from] item: Leftovers
|upkeep
|
|t:|1618796154
|switch|p2a: Garchomp|Garchomp, F|94/100
|turn|32
|
|t:|1618796158
|move|p2a: Garchomp|Swords Dance|p2a: Garchomp
|-boost|p2a: Garchomp|atk|2
|move|p1a: Magician'sRed|Bug Buzz|p2a: Garchomp
|-damage|p2a: Garchomp|9/100
|
|-heal|p1a: Magician'sRed|94/100|[from] item: Leftovers
|upkeep
|turn|33
|
|t:|1618796161
|move|p2a: Garchomp|Scale Shot|p1a: Magician'sRed
|-damage|p1a: Magician'sRed|72/100
|-damage|p1a: Magician'sRed|50/100
|-hitcount|p1a: Magician'sRed|2
|-unboost|p2a: Garchomp|def|1
|-boost|p2a: Garchomp|spe|1
|move|p1a: Magician'sRed|Bug Buzz|p2a: Garchomp
|-damage|p2a: Garchomp|0 fnt
|faint|p2a: Garchomp
|
|-heal|p1a: Magician'sRed|56/100|[from] item: Leftovers
|upkeep
|
|t:|1618796163
|switch|p2a: Articuno|Articuno-Galar|94/100
|turn|34
|
|t:|1618796165
|move|p2a: Articuno|Agility|p2a: Articuno
|-boost|p2a: Articuno|spe|2
|move|p1a: Magician'sRed|Fiery Dance|p2a: Articuno
|-damage|p2a: Articuno|17/100
|
|-heal|p1a: Magician'sRed|63/100|[from] item: Leftovers
|upkeep
|turn|35
|
|t:|1618796169
|move|p2a: Articuno|Air Slash|p1a: Magician'sRed
|-supereffective|p1a: Magician'sRed
|-damage|p1a: Magician'sRed|0 fnt
|faint|p1a: Magician'sRed
|
|upkeep
|
|t:|1618796171
|switch|p1a: WhiteAlbum|Ninetales-Alola, F|100/100
|-weather|Hail|[from] ability: Snow Warning|[of] p1a: WhiteAlbum
|turn|36
|
|t:|1618796173
|move|p2a: Articuno|Air Slash|p1a: WhiteAlbum
|-damage|p1a: WhiteAlbum|56/100
|cant|p1a: WhiteAlbum|flinch
|
|-weather|Hail|[upkeep]
|-damage|p2a: Articuno|10/100|[from] Hail
|upkeep
|turn|37
|
|t:|1618796175
|move|p2a: Articuno|Air Slash|p1a: WhiteAlbum
|-damage|p1a: WhiteAlbum|8/100
|cant|p1a: WhiteAlbum|flinch
|
|-weather|Hail|[upkeep]
|-damage|p2a: Articuno|4/100|[from] Hail
|upkeep
|turn|38
|
|t:|1618796178
|move|p2a: Articuno|Air Slash|p1a: WhiteAlbum|[miss]
|-miss|p2a: Articuno|p1a: WhiteAlbum
|move|p1a: WhiteAlbum|Blizzard|p2a: Articuno
|-supereffective|p2a: Articuno
|-crit|p2a: Articuno
|-damage|p2a: Articuno|0 fnt
|faint|p2a: Articuno
|
|win|Tirkys
|raw|Tirkys's rating: 1698 &rarr; <strong>1713</strong><br />(+15 for winning)
|raw|outk getting reqt's rating: 1616 &rarr; <strong>1601</strong><br />(-15 for losing)
|l|☆outk getting reqt
|l|☆Tirkys
