|j|☆Stunfisk2140
|j|☆Alolan Rillaboom
|t:|1643260054
|gametype|singles
|player|p1|Stunfisk2140|1|
|player|p2|Alolan Rillaboom|wallace-gen6|
|teamsize|p1|6
|teamsize|p2|6
|gen|8
|tier|[Gen 8] OU
|rule|Sleep Clause Mod: Limit one foe put to sleep
|rule|Species Clause: Limit one of each Pokémon
|rule|OHKO Clause: OHKO moves are banned
|rule|Evasion Moves Clause: Evasion moves are banned
|rule|Endless Battle Clause: Forcing endless battles is banned
|rule|HP Percentage Mod: HP is shown in percentages
|rule|Dynamax Clause: You cannot dynamax
|clearpoke
|poke|p1|Toxtricity, M|
|poke|p1|Urshifu-*, M|
|poke|p1|Heatran, F|
|poke|p1|Landorus-Therian, M|
|poke|p1|Corviknight, F|
|poke|p1|Tapu Fini|
|poke|p2|Articuno-Galar|
|poke|p2|Magnezone|
|poke|p2|Landorus-Therian, M|
|poke|p2|Buzzwole|
|poke|p2|Tapu Fini|
|poke|p2|Heatran, M|
|teampreview
|inactive|Battle timer is ON: inactive players will automatically lose when time's up. (requested by Alolan Rillaboom)
|c|☆Alolan Rillaboom|Ayo
|c|☆Alolan Rillaboom|Toxtricity
|c|☆Alolan Rillaboom|Hf
|c|☆Stunfisk2140|yes
|c|☆Stunfisk2140|u2
|
|t:|1643260074
|start
|switch|p1a: Silver Fang|Urshifu-Rapid-Strike, M|100/100
|switch|p2a: Articuno|Articuno-Galar|100/100
|turn|1
|
|t:|1643260082
|switch|p1a: Alpha Phroge|Heatran, F, shiny|100/100
|move|p2a: Articuno|Hurricane|p1a: Alpha Phroge
|-resisted|p1a: Alpha Phroge
|-damage|p1a: Alpha Phroge|71/100
|
|-heal|p1a: Alpha Phroge|77/100|[from] item: Leftovers
|upkeep
|turn|2
|
|t:|1643260091
|switch|p2a: Landorus|Landorus-Therian, M|100/100
|-ability|p2a: Landorus|Intimidate|boost
|-unboost|p1a: Alpha Phroge|atk|1
|move|p1a: Alpha Phroge|Stealth Rock|p2a: Landorus
|-sidestart|p2: Alolan Rillaboom|move: Stealth Rock
|
|-heal|p1a: Alpha Phroge|83/100|[from] item: Leftovers
|upkeep
|turn|3
|
|t:|1643260099
|switch|p1a: Galar Skarmory|Corviknight, F, shiny|100/100
|-ability|p1a: Galar Skarmory|Pressure
|move|p2a: Landorus|Defog|p1a: Galar Skarmory
|-unboost|p1a: Galar Skarmory|evasion|1
|-sideend|p2: Alolan Rillaboom|Stealth Rock|[from] move: Defog|[of] p2a: Landorus
|
|upkeep
|turn|4
|
|t:|1643260125
|move|p2a: Landorus|U-turn|p1a: Galar Skarmory
|-resisted|p1a: Galar Skarmory
|-damage|p1a: Galar Skarmory|97/100
|-damage|p2a: Landorus|84/100|[from] item: Rocky Helmet|[of] p1a: Galar Skarmory
|
|t:|1643260130
|switch|p2a: Tapu Fini|Tapu Fini|100/100|[from]move: U-turn
|-fieldstart|move: Misty Terrain|[from] ability: Misty Surge|[of] p2a: Tapu Fini
|move|p1a: Galar Skarmory|U-turn|p2a: Tapu Fini
|-resisted|p2a: Tapu Fini
|-damage|p2a: Tapu Fini|92/100
|
|t:|1643260137
|switch|p1a: Kurt Cobain|Toxtricity, M|100/100|[from]move: U-turn
|
|upkeep
|turn|5
|
|t:|1643260147
|switch|p2a: Heatran|Heatran, M|100/100
|-item|p2a: Heatran|Air Balloon
|move|p1a: Kurt Cobain|Boomburst|p2a: Heatran
|-resisted|p2a: Heatran
|-damage|p2a: Heatran|54/100
|-enditem|p2a: Heatran|Air Balloon
|
|upkeep
|turn|6
|c|☆Alolan Rillaboom|Damn
|
|t:|1643260156
|switch|p1a: Social Cloyster|Tapu Fini|100/100
|move|p2a: Heatran|Stealth Rock|p1a: Social Cloyster
|-sidestart|p1: Stunfisk2140|move: Stealth Rock
|
|upkeep
|turn|7
|
|t:|1643260164
|move|p2a: Heatran|Magma Storm|p1a: Social Cloyster
|-resisted|p1a: Social Cloyster
|-damage|p1a: Social Cloyster|80/100
|-activate|p1a: Social Cloyster|move: Magma Storm|[of] p2a: Heatran
|move|p1a: Social Cloyster|Nature's Madness|p2a: Heatran
|-damage|p2a: Heatran|27/100
|
|-heal|p1a: Social Cloyster|86/100|[from] item: Leftovers
|-damage|p1a: Social Cloyster|73/100|[from] move: Magma Storm|[partiallytrapped]
|upkeep
|turn|8
|
|t:|1643260173
|move|p2a: Heatran|Earth Power|p1a: Social Cloyster
|-damage|p1a: Social Cloyster|45/100
|move|p1a: Social Cloyster|Surf|p2a: Heatran
|-supereffective|p2a: Heatran
|-damage|p2a: Heatran|0 fnt
|faint|p2a: Heatran
|
|-heal|p1a: Social Cloyster|51/100|[from] item: Leftovers
|-end|p1a: Social Cloyster|Magma Storm|[partiallytrapped]|[silent]
|-fieldend|Misty Terrain
|upkeep
|
|t:|1643260180
|switch|p2a: Articuno|Articuno-Galar|100/100
|turn|9
|
|t:|1643260184
|switch|p1a: Alpha Phroge|Heatran, F, shiny|83/100
|-damage|p1a: Alpha Phroge|71/100|[from] Stealth Rock
|move|p2a: Articuno|U-turn|p1a: Alpha Phroge
|-resisted|p1a: Alpha Phroge
|-crit|p1a: Alpha Phroge
|-damage|p1a: Alpha Phroge|67/100
|l|☆Alolan Rillaboom
|inactive|Alolan Rillaboom disconnected and has 300 seconds to reconnect!
|player|p2|
|inactive|Alolan Rillaboom has 270 seconds to reconnect!
|j|☆Alolan Rillaboom
|inactive|Alolan Rillaboom reconnected and has 280 seconds left.
|player|p2|Alolan Rillaboom|wallace-gen6
|inactive|Alolan Rillaboom has 270 seconds left.
|
|t:|1643260252
|switch|p2a: Tapu Fini|Tapu Fini|92/100|[from]move: U-turn
|-fieldstart|move: Misty Terrain|[from] ability: Misty Surge|[of] p2a: Tapu Fini
|
|-heal|p1a: Alpha Phroge|74/100|[from] item: Leftovers
|upkeep
|turn|10
|
|t:|1643260267
|switch|p1a: Social Cloyster|Tapu Fini|51/100
|-damage|p1a: Social Cloyster|39/100|[from] Stealth Rock
|move|p2a: Tapu Fini|Surf|p1a: Social Cloyster
|-resisted|p1a: Social Cloyster
|-damage|p1a: Social Cloyster|24/100
|
|-heal|p1a: Social Cloyster|30/100|[from] item: Leftovers
|upkeep
|turn|11
|
|t:|1643260280
|switch|p2a: Articuno|Articuno-Galar|100/100
|move|p1a: Social Cloyster|Surf|p2a: Articuno
|-damage|p2a: Articuno|71/100
|
|-heal|p1a: Social Cloyster|36/100|[from] item: Leftovers
|upkeep
|turn|12
|
|t:|1643260289
|switch|p1a: Alpha Phroge|Heatran, F, shiny|74/100
|-damage|p1a: Alpha Phroge|61/100|[from] Stealth Rock
|move|p2a: Articuno|Hurricane|p1a: Alpha Phroge
|-resisted|p1a: Alpha Phroge
|-damage|p1a: Alpha Phroge|30/100
|
|-heal|p1a: Alpha Phroge|36/100|[from] item: Leftovers
|upkeep
|turn|13
|c|☆Stunfisk2140|omg
|c|☆Alolan Rillaboom|Ayo
|c|☆Stunfisk2140|busted
|
|t:|1643260307
|move|p2a: Articuno|Hurricane|p1a: Alpha Phroge
|-resisted|p1a: Alpha Phroge
|-damage|p1a: Alpha Phroge|3/100
|move|p1a: Alpha Phroge|Magma Storm|p2a: Articuno
|-damage|p2a: Articuno|24/100
|-activate|p2a: Articuno|move: Magma Storm|[of] p1a: Alpha Phroge
|
|-heal|p1a: Alpha Phroge|9/100|[from] item: Leftovers
|-damage|p2a: Articuno|12/100|[from] move: Magma Storm|[partiallytrapped]
|-fieldend|Misty Terrain
|upkeep
|turn|14
|c|☆Stunfisk2140|i have to go tho
|c|☆Stunfisk2140|soon
|c|☆Alolan Rillaboom|Oh
|
|t:|1643260316
|move|p2a: Articuno|Hurricane|p1a: Alpha Phroge
|-resisted|p1a: Alpha Phroge
|-crit|p1a: Alpha Phroge
|-damage|p1a: Alpha Phroge|0 fnt
|faint|p1a: Alpha Phroge
|
|-end|p2a: Articuno|Magma Storm|[partiallytrapped]|[silent]
|upkeep
|c|☆Alolan Rillaboom|Lmao i hit all
|
|t:|1643260324
|switch|p1a: Silver Fang|Urshifu-Rapid-Strike, M|100/100
|-damage|p1a: Silver Fang|94/100|[from] Stealth Rock
|turn|15
|
|t:|1643260328
|move|p1a: Silver Fang|U-turn|p2a: Articuno
|-damage|p2a: Articuno|0 fnt
|faint|p2a: Articuno
|
|t:|1643260334
|switch|p1a: Kurt Cobain|Toxtricity, M|100/100|[from]move: U-turn
|-damage|p1a: Kurt Cobain|88/100|[from] Stealth Rock
|
|upkeep
|
|t:|1643260339
|switch|p2a: Landorus|Landorus-Therian, M|84/100
|-ability|p2a: Landorus|Intimidate|boost
|-unboost|p1a: Kurt Cobain|atk|1
|turn|16
|
|t:|1643260346
|switch|p1a: Orlando Bloom|Landorus-Therian, M|100/100
|-damage|p1a: Orlando Bloom|88/100|[from] Stealth Rock
|-ability|p1a: Orlando Bloom|Intimidate|boost
|-unboost|p2a: Landorus|atk|1
|move|p2a: Landorus|U-turn|p1a: Orlando Bloom
|-resisted|p1a: Orlando Bloom
|-damage|p1a: Orlando Bloom|79/100
|l|☆Stunfisk2140
|inactive|Stunfisk2140 disconnected and has 300 seconds to reconnect!
|player|p1|
|
|t:|1643260359
|switch|p2a: Buzzwole|Buzzwole|100/100|[from]move: U-turn
|
|upkeep
|turn|17
|c|☆Alolan Rillaboom|E
|inactive|Stunfisk2140 has 270 seconds to reconnect!
|inactive|Stunfisk2140 has 240 seconds to reconnect!
|inactive|Stunfisk2140 has 210 seconds to reconnect!
|inactive|Stunfisk2140 has 180 seconds to reconnect!
|inactive|Stunfisk2140 has 150 seconds to reconnect!
|inactive|Stunfisk2140 has 120 seconds to reconnect!
|j|☆Stunfisk2140
|inactive|Stunfisk2140 reconnected and has 300 seconds left.
|player|p1|Stunfisk2140|1
|c|☆Stunfisk2140|im back baby
|
|t:|1643260560
|move|p1a: Orlando Bloom|Toxic|p2a: Buzzwole
|-status|p2a: Buzzwole|tox
|move|p2a: Buzzwole|Ice Punch|p1a: Orlando Bloom
|-supereffective|p1a: Orlando Bloom
|-damage|p1a: Orlando Bloom|0 fnt
|faint|p1a: Orlando Bloom
|-ability|p2a: Buzzwole|Beast Boost|boost
|-boost|p2a: Buzzwole|atk|1
|
|-damage|p2a: Buzzwole|94/100 tox|[from] psn
|upkeep
|
|t:|1643260569
|switch|p1a: Kurt Cobain|Toxtricity, M|88/100
|-damage|p1a: Kurt Cobain|76/100|[from] Stealth Rock
|turn|18
|c|☆Stunfisk2140|no switchins baby
|
|t:|1643260587
|switch|p2a: Magnezone|Magnezone|100/100
|move|p1a: Kurt Cobain|Boomburst|p2a: Magnezone
|-resisted|p2a: Magnezone
|-damage|p2a: Magnezone|38/100
|
|-heal|p2a: Magnezone|44/100|[from] item: Leftovers
|upkeep
|turn|19
|c|☆Alolan Rillaboom|O
|
|t:|1643260599
|move|p1a: Kurt Cobain|Boomburst|p2a: Magnezone
|-resisted|p2a: Magnezone
|-damage|p2a: Magnezone|0 fnt
|faint|p2a: Magnezone
|
|upkeep
|
|t:|1643260602
|switch|p2a: Landorus|Landorus-Therian, M|84/100
|-ability|p2a: Landorus|Intimidate|boost
|-unboost|p1a: Kurt Cobain|atk|1
|turn|20
|
|t:|1643260607
|switch|p1a: Galar Skarmory|Corviknight, F, shiny|97/100
|-damage|p1a: Galar Skarmory|84/100|[from] Stealth Rock
|-ability|p1a: Galar Skarmory|Pressure
|move|p2a: Landorus|U-turn|p1a: Galar Skarmory
|-resisted|p1a: Galar Skarmory
|-crit|p1a: Galar Skarmory
|-damage|p1a: Galar Skarmory|79/100
|-damage|p2a: Landorus|67/100|[from] item: Rocky Helmet|[of] p1a: Galar Skarmory
|
|t:|1643260617
|switch|p2a: Tapu Fini|Tapu Fini|92/100|[from]move: U-turn
|-fieldstart|move: Misty Terrain|[from] ability: Misty Surge|[of] p2a: Tapu Fini
|
|upkeep
|turn|21
|
|t:|1643260622
|move|p2a: Tapu Fini|Trick|p1a: Galar Skarmory
|-activate|p2a: Tapu Fini|move: Trick|[of] p1a: Galar Skarmory
|-item|p1a: Galar Skarmory|Choice Scarf|[from] move: Trick
|-item|p2a: Tapu Fini|Rocky Helmet|[from] move: Trick
|move|p1a: Galar Skarmory|U-turn|p2a: Tapu Fini
|-resisted|p2a: Tapu Fini
|-damage|p2a: Tapu Fini|85/100
|-damage|p1a: Galar Skarmory|63/100|[from] item: Rocky Helmet|[of] p2a: Tapu Fini
|
|t:|1643260630
|switch|p1a: Kurt Cobain|Toxtricity, M|76/100|[from]move: U-turn
|-damage|p1a: Kurt Cobain|64/100|[from] Stealth Rock
|
|upkeep
|turn|22
|
|t:|1643260638
|switch|p2a: Buzzwole|Buzzwole|94/100 tox
|move|p1a: Kurt Cobain|Boomburst|p2a: Buzzwole
|-damage|p2a: Buzzwole|0 fnt
|faint|p2a: Buzzwole
|
|upkeep
|
|t:|1643260640
|switch|p2a: Landorus|Landorus-Therian, M|67/100
|-ability|p2a: Landorus|Intimidate|boost
|-unboost|p1a: Kurt Cobain|atk|1
|turn|23
|
|t:|1643260646
|move|p1a: Kurt Cobain|Boomburst|p2a: Landorus
|-damage|p2a: Landorus|0 fnt
|faint|p2a: Landorus
|
|upkeep
|c|☆Stunfisk2140|gg
|
|t:|1643260663
|switch|p2a: Tapu Fini|Tapu Fini|85/100
|turn|24
|c|☆Alolan Rillaboom|Gg
|
|t:|1643260680
|move|p2a: Tapu Fini|Calm Mind|p2a: Tapu Fini
|-boost|p2a: Tapu Fini|spa|1
|-boost|p2a: Tapu Fini|spd|1
|move|p1a: Kurt Cobain|Boomburst|p2a: Tapu Fini
|-damage|p2a: Tapu Fini|22/100
|
|-fieldend|Misty Terrain
|upkeep
|turn|25
|
|t:|1643260686
|move|p2a: Tapu Fini|Surf|p1a: Kurt Cobain
|-damage|p1a: Kurt Cobain|0 fnt
|faint|p1a: Kurt Cobain
|
|upkeep
|
|t:|1643260690
|switch|p1a: Silver Fang|Urshifu-Rapid-Strike, M|94/100
|-damage|p1a: Silver Fang|88/100|[from] Stealth Rock
|turn|26
|
|t:|1643260698
|move|p1a: Silver Fang|Close Combat|p2a: Tapu Fini
|-resisted|p2a: Tapu Fini
|-damage|p2a: Tapu Fini|0 fnt
|-unboost|p1a: Silver Fang|def|1
|-unboost|p1a: Silver Fang|spd|1
|-damage|p1a: Silver Fang|72/100|[from] item: Rocky Helmet|[of] p2a: Tapu Fini
|faint|p2a: Tapu Fini
|
|win|Stunfisk2140
|l|☆Alolan Rillaboom
|c|☆Stunfisk2140|can i send the replay?
|c|☆Stunfisk2140|pls
