|j|☆X-Wing Fighter
|j|☆RedBeaver
|inactive|Battle timer is ON: inactive players will automatically lose when time's up.
|player|p1|X-Wing Fighter|ethan|
|player|p2|RedBeaver|pokemonranger|
|teamsize|p1|6
|teamsize|p2|6
|gametype|singles
|gen|8
|tier|[Gen 8] OU
|rated|Tournament battle
|html|<div class="broadcast-blue"><strong>OU is currently suspecting Dracovish! For information on how to participate check out the <a href="https://www.smogon.com/forums/threads/3664521/">suspect thread</a>.</strong></div>
|clearpoke
|poke|p1|Tyranitar, F|
|poke|p1|Corviknight, M|
|poke|p1|Bewear, F|
|poke|p1|Seismitoad, F|
|poke|p1|Aegislash, F|
|poke|p1|Zeraora|
|poke|p2|Zeraora|
|poke|p2|Bewear, F|
|poke|p2|Dragapult, M|
|poke|p2|Bisharp, M|
|poke|p2|Corviknight, M|
|poke|p2|Chandelure, F|
|rule|Sleep Clause Mod: Limit one foe put to sleep
|rule|Species Clause: Limit one of each Pokémon
|rule|OHKO Clause: OHKO moves are banned
|rule|Evasion Moves Clause: Evasion moves are banned
|rule|Endless Battle Clause: Forcing endless battles is banned
|rule|HP Percentage Mod: HP is shown in percentages
|rule|Dynamax Clause: You cannot dynamax
|teampreview
|j| Wond3rbread
|j| BatSol
|j| Cookieco
|j| Zombini62
|j| Saaram15
|j| VvvV1250
|j| danisahne
|j| Javier ZJ
|j| GoneFreaks
|j| bazaandbaz
|j| Sniiivyyyy❤❤❤
|c| Saaram15|wow
|j|+Primal Unova
|c| Saaram15|bewear
|c| danisahne|i pooped
|c| bazaandbaz|two bewear
|c| Saaram15|what the fuck?
|c| Zombini62|Beware PogU
|c| Saaram15|bewear new meta?
|j| lil kart
|j|+brouha
|c| danisahne|be aware of bewear
|inactive|X-Wing Fighter has 120 seconds left.
|
|start
|switch|p1a: Bewear|Bewear, F|100/100
|switch|p2a: Bewear|Bewear, F|100/100
|turn|1
|c|☆RedBeaver|glhf
|j| Skypenguin
|c|☆X-Wing Fighter|u2
|c| lil kart|bewear is trash
|c| Saaram15|HAHAHAHAH
|c| bazaandbaz|ditto
|c| Saaram15|2 bewear
|c| Saaram15|WTF
|c| bazaandbaz|which one faster hmmm
|c| Zombini62|This is a HEAT moment
|
|switch|p2a: Corviknight|Corviknight, M|100/100
|-ability|p2a: Corviknight|Pressure
|switch|p1a: Aegislash|Aegislash, F|100/100
|
|upkeep
|turn|2
|inactive|RedBeaver has 120 seconds left.
|
|switch|p2a: Bewear|Bewear, F|100/100
|-formechange|p1a: Aegislash|Aegislash-Blade||[from] ability: Stance Change
|move|p1a: Aegislash|Flash Cannon|p2a: Bewear
|-damage|p2a: Bewear|10/100
|
|-heal|p2a: Bewear|17/100|[from] item: Leftovers
|upkeep
|turn|3
|c| Saaram15|DAMAGE
|
|move|p2a: Bewear|Darkest Lariat|p1a: Aegislash
|-supereffective|p1a: Aegislash
|-damage|p1a: Aegislash|0 fnt
|faint|p1a: Aegislash
|
|-heal|p2a: Bewear|23/100|[from] item: Leftovers
|upkeep
|c| bazaandbaz|ok
|l| Skypenguin
|c| Saaram15|BIG DADDY DAMAGE
|c| Saaram15|WOOOOOHHHH
|c| danisahne|i pooped
|c|☆X-Wing Fighter|damn
|c| bazaandbaz|WOAH
|
|switch|p1a: Zeraora|Zeraora|100/100
|turn|4
|j| LowLadderMeme111
|c| bazaandbaz|is that aegislash max speed?
|
|move|p1a: Zeraora|Close Combat|p2a: Bewear
|-supereffective|p2a: Bewear
|-damage|p2a: Bewear|0 fnt
|-unboost|p1a: Zeraora|def|1
|-unboost|p1a: Zeraora|spd|1
|-damage|p1a: Zeraora|91/100|[from] item: Life Orb
|faint|p2a: Bewear
|
|upkeep
|
|switch|p2a: Zeraora|Zeraora|100/100
|turn|5
|
|switch|p1a: Bewear|Bewear, F|100/100
|move|p2a: Zeraora|Close Combat|p1a: Bewear
|-supereffective|p1a: Bewear
|-damage|p1a: Bewear|75/100
|-unboost|p2a: Zeraora|def|1
|-unboost|p2a: Zeraora|spd|1
|-damage|p2a: Zeraora|84/100|[from] item: Rocky Helmet|[of] p1a: Bewear
|
|-heal|p2a: Zeraora|90/100|[from] item: Leftovers
|upkeep
|turn|6
|
|switch|p2a: Chandelure|Chandelure, F|100/100
|move|p1a: Bewear|Earthquake|p2a: Chandelure
|-supereffective|p2a: Chandelure
|-damage|p2a: Chandelure|14/100
|
|upkeep
|turn|7
|l| LowLadderMeme111
|
|switch|p1a: Tyranitar|Tyranitar, F|100/100
|-weather|Sandstorm|[from] ability: Sand Stream|[of] p1a: Tyranitar
|move|p2a: Chandelure|Energy Ball|p1a: Tyranitar
|-supereffective|p1a: Tyranitar
|-damage|p1a: Tyranitar|56/100
|
|-weather|Sandstorm|[upkeep]
|-damage|p2a: Chandelure|8/100|[from] Sandstorm
|upkeep
|turn|8
|j| skilledplayer12345
|c| Zombini62|AV?
|
|move|p2a: Chandelure|Energy Ball|p1a: Tyranitar
|-supereffective|p1a: Tyranitar
|-damage|p1a: Tyranitar|10/100
|move|p1a: Tyranitar|Crunch|p2a: Chandelure
|-supereffective|p2a: Chandelure
|-damage|p2a: Chandelure|0 fnt
|faint|p2a: Chandelure
|
|-weather|Sandstorm|[upkeep]
|upkeep
|l| Javier ZJ
|c| Zombini62|AV Tar?
|
|switch|p2a: Zeraora|Zeraora|90/100
|turn|9
|
|move|p2a: Zeraora|Knock Off|p1a: Tyranitar
|-resisted|p1a: Tyranitar
|-damage|p1a: Tyranitar|0 fnt
|-enditem|p1a: Tyranitar|Choice Band|[from] move: Knock Off|[of] p2a: Zeraora
|faint|p1a: Tyranitar
|
|-weather|Sandstorm|[upkeep]
|-damage|p2a: Zeraora|84/100|[from] Sandstorm
|-heal|p2a: Zeraora|90/100|[from] item: Leftovers
|upkeep
|c| Zombini62|O
|
|switch|p1a: Bewear|Bewear, F|75/100
|turn|10
|c| bazaandbaz|rock types get spdef boost in sand
|
|switch|p2a: Corviknight|Corviknight, M|100/100
|-ability|p2a: Corviknight|Pressure
|move|p1a: Bewear|Earthquake|p2a: Corviknight
|-immune|p2a: Corviknight
|
|-weather|Sandstorm|[upkeep]
|-damage|p1a: Bewear|69/100|[from] Sandstorm
|upkeep
|turn|11
|
|switch|p1a: Zeraora|Zeraora|91/100
|move|p2a: Corviknight|Bulk Up|p2a: Corviknight
|-boost|p2a: Corviknight|atk|1
|-boost|p2a: Corviknight|def|1
|
|-weather|none
|upkeep
|turn|12
|c| danisahne|i pooped
|
|move|p1a: Zeraora|Bulk Up|p1a: Zeraora
|-boost|p1a: Zeraora|atk|1
|-boost|p1a: Zeraora|def|1
|move|p2a: Corviknight|Bulk Up|p2a: Corviknight
|-boost|p2a: Corviknight|atk|1
|-boost|p2a: Corviknight|def|1
|
|upkeep
|turn|13
|
|move|p1a: Zeraora|Plasma Fists|p2a: Corviknight
|-supereffective|p2a: Corviknight
|-damage|p2a: Corviknight|24/100
|-fieldactivate|move: Ion Deluge
|-damage|p1a: Zeraora|81/100|[from] item: Life Orb
|move|p2a: Corviknight|Taunt|p1a: Zeraora
|-start|p1a: Zeraora|move: Taunt
|
|-heal|p2a: Corviknight|31/100|[from] item: Leftovers
|upkeep
|turn|14
|c| bazaandbaz|noooooo
|c| GoneFreaks|real men cc here
|
|move|p1a: Zeraora|Close Combat|p2a: Corviknight
|-damage|p2a: Corviknight|2/100
|-unboost|p1a: Zeraora|def|1
|-unboost|p1a: Zeraora|spd|1
|-damage|p1a: Zeraora|71/100|[from] item: Life Orb
|move|p2a: Corviknight|Roost|p2a: Corviknight
|-heal|p2a: Corviknight|52/100
|-singleturn|p2a: Corviknight|move: Roost
|
|-heal|p2a: Corviknight|59/100|[from] item: Leftovers
|upkeep
|turn|15
|c| GoneFreaks|forget what i said
|c| bazaandbaz|HAHAHHAA
|c| danisahne|lol
|c| danisahne|i pooped
|c| Zombini62|Fuck Corviknight
|j| pokemonboy135
|
|move|p1a: Zeraora|Close Combat|p2a: Corviknight
|-damage|p2a: Corviknight|27/100
|-unboost|p1a: Zeraora|def|1
|-unboost|p1a: Zeraora|spd|1
|-damage|p1a: Zeraora|61/100|[from] item: Life Orb
|move|p2a: Corviknight|Brave Bird|p1a: Zeraora
|-resisted|p1a: Zeraora
|-damage|p1a: Zeraora|0 fnt
|-damage|p2a: Corviknight|11/100|[from] Recoil
|faint|p1a: Zeraora
|
|-heal|p2a: Corviknight|17/100|[from] item: Leftovers
|upkeep
|c| pokemonboy135|is this the final battle?
|l|+brouha
|
|switch|p1a: Bewear|Bewear, F|69/100
|turn|16
|c|+Primal Unova|how
|c|+Primal Unova|do you get
|c| bazaandbaz|shouldve plasmad
|c|+Primal Unova|1v1'd by corvi as zera
|c| skilledplayer12345|yes pokemonboy
|c| VvvV1250|when you outsmart yourself
|j| sizes
|
|move|p2a: Corviknight|Roost|p2a: Corviknight
|-heal|p2a: Corviknight|67/100
|-singleturn|p2a: Corviknight|move: Roost
|move|p1a: Bewear|Drain Punch|p2a: Corviknight
|-supereffective|p2a: Corviknight
|-damage|p2a: Corviknight|40/100
|-heal|p1a: Bewear|81/100|[from] drain|[of] p2a: Corviknight
|
|-heal|p2a: Corviknight|46/100|[from] item: Leftovers
|upkeep
|turn|17
|c| Zombini62|He had another Zera
|c| pokemonboy135|is there a prize?
|c| Zombini62|He predicted too hard
|
|move|p2a: Corviknight|Brave Bird|p1a: Bewear
|-supereffective|p1a: Bewear
|-damage|p1a: Bewear|30/100
|-damage|p2a: Corviknight|30/100|[from] item: Rocky Helmet|[of] p1a: Bewear
|-damage|p2a: Corviknight|11/100|[from] Recoil
|move|p1a: Bewear|Swords Dance|p1a: Bewear
|-boost|p1a: Bewear|atk|2
|
|-heal|p2a: Corviknight|17/100|[from] item: Leftovers
|upkeep
|turn|18
|
|move|p2a: Corviknight|Brave Bird|p1a: Bewear
|-supereffective|p1a: Bewear
|-damage|p1a: Bewear|0 fnt
|-damage|p2a: Corviknight|1/100|[from] item: Rocky Helmet|[of] p1a: Bewear
|-damage|p2a: Corviknight|0 fnt|[from] Recoil
|faint|p1a: Bewear
|faint|p2a: Corviknight
|
|upkeep
|c| pokemonboy135|ooh showdown should do tournaments with money, that would be so cool
|c| Zombini62|L
|
|switch|p2a: Dragapult|Dragapult, M|100/100
|switch|p1a: Seismitoad|Seismitoad, F|100/100
|turn|19
|c| bazaandbaz|dam corvi took 2 mons
|c| Wond3rbread|lol who putting up money for this
|
|switch|p1a: Corviknight|Corviknight, M|100/100
|-ability|p1a: Corviknight|Pressure
|move|p2a: Dragapult|Dragon Darts|p1a: Corviknight
|-resisted|p1a: Corviknight
|-damage|p1a: Corviknight|88/100
|-anim|p2a: Dragapult|Dragon Darts|p1a: Corviknight
|-resisted|p1a: Corviknight
|-damage|p1a: Corviknight|74/100
|-damage|p2a: Dragapult|91/100|[from] item: Life Orb
|
|-heal|p1a: Corviknight|80/100|[from] item: Leftovers
|upkeep
|turn|20
|c| skilledplayer12345|the price is 2 people in the chatroom saying gj
|c| skilledplayer12345|prize
|
|move|p2a: Dragapult|Fire Blast|p1a: Corviknight
|-supereffective|p1a: Corviknight
|-damage|p1a: Corviknight|36/100
|-damage|p2a: Dragapult|81/100|[from] item: Life Orb
|move|p1a: Corviknight|Body Press|p2a: Dragapult
|-immune|p2a: Dragapult
|
|-heal|p1a: Corviknight|42/100|[from] item: Leftovers
|upkeep
|turn|21
|
|switch|p1a: Seismitoad|Seismitoad, F|100/100
|move|p2a: Dragapult|Fire Blast|p1a: Seismitoad
|-resisted|p1a: Seismitoad
|-damage|p1a: Seismitoad|83/100
|-damage|p2a: Dragapult|71/100|[from] item: Life Orb
|
|-heal|p1a: Seismitoad|89/100|[from] item: Leftovers
|upkeep
|turn|22
|
|move|p2a: Dragapult|Dragon Darts|p1a: Seismitoad
|-damage|p1a: Seismitoad|65/100
|-anim|p2a: Dragapult|Dragon Darts|p1a: Seismitoad
|-damage|p1a: Seismitoad|40/100
|-damage|p2a: Dragapult|61/100|[from] item: Life Orb
|move|p1a: Seismitoad|Toxic|p2a: Dragapult
|-status|p2a: Dragapult|tox
|
|-heal|p1a: Seismitoad|46/100|[from] item: Leftovers
|-damage|p2a: Dragapult|55/100 tox|[from] psn
|upkeep
|turn|23
|
|move|p1a: Seismitoad|Protect|p1a: Seismitoad
|-singleturn|p1a: Seismitoad|Protect
|move|p2a: Dragapult|Dragon Darts|p1a: Seismitoad
|-activate|p1a: Seismitoad|move: Protect
|
|-heal|p1a: Seismitoad|52/100|[from] item: Leftovers
|-damage|p2a: Dragapult|43/100 tox|[from] psn
|upkeep
|turn|24
|c| bazaandbaz|what
|
|move|p2a: Dragapult|Dragon Darts|p1a: Seismitoad
|-damage|p1a: Seismitoad|25/100
|-anim|p2a: Dragapult|Dragon Darts|p1a: Seismitoad
|-damage|p1a: Seismitoad|0 fnt
|-damage|p2a: Dragapult|34/100 tox|[from] item: Life Orb
|faint|p1a: Seismitoad
|
|-damage|p2a: Dragapult|16/100 tox|[from] psn
|upkeep
|
|switch|p1a: Corviknight|Corviknight, M|42/100
|-ability|p1a: Corviknight|Pressure
|turn|25
|
|move|p2a: Dragapult|Fire Blast|p1a: Corviknight
|-supereffective|p1a: Corviknight
|-damage|p1a: Corviknight|0 fnt
|-damage|p2a: Dragapult|6/100 tox|[from] item: Life Orb
|faint|p1a: Corviknight
|
|win|RedBeaver
