|j|☆sr.poder
|j|☆Mel2345
|t:|1644858216
|gametype|singles
|player|p1|sr.poder|steven|1368
|player|p2|Mel2345|cheren-gen5bw2|1395
|teamsize|p1|6
|teamsize|p2|6
|gen|8
|tier|[Gen 8] OU
|rated|
|rule|Sleep Clause Mod: Limit one foe put to sleep
|rule|Species Clause: Limit one of each Pokémon
|rule|OHKO Clause: OHKO moves are banned
|rule|Evasion Moves Clause: Evasion moves are banned
|rule|Endless Battle Clause: Forcing endless battles is banned
|rule|HP Percentage Mod: HP is shown in percentages
|rule|Dynamax Clause: You cannot dynamax
|clearpoke
|poke|p1|Ferrothorn, F|
|poke|p1|Shuckle, F|
|poke|p1|Celesteela|
|poke|p1|Garchomp, M|
|poke|p1|Eiscue, M|
|poke|p1|Pelipper, M|
|poke|p2|Pelipper, M|
|poke|p2|Barraskewda, F|
|poke|p2|Ferrothorn, M|
|poke|p2|Zapdos|
|poke|p2|Tapu Lele|
|poke|p2|Crawdaunt, F|
|teampreview
|inactive|Battle timer is ON: inactive players will automatically lose when time's up. (requested by Mel2345)
|
|t:|1644858226
|start
|switch|p1a: Shuckle|Shuckle, F, shiny|100/100
|switch|p2a: Crawdaunt|Crawdaunt, F|100/100
|turn|1
|
|t:|1644858232
|move|p2a: Crawdaunt|Swords Dance|p2a: Crawdaunt
|-boost|p2a: Crawdaunt|atk|2
|move|p1a: Shuckle|Sticky Web|p2a: Crawdaunt
|-sidestart|p2: Mel2345|move: Sticky Web
|
|upkeep
|turn|2
|
|t:|1644858236
|move|p2a: Crawdaunt|Knock Off|p1a: Shuckle
|-ability|p1a: Shuckle|Sturdy
|-damage|p1a: Shuckle|1/100
|-enditem|p1a: Shuckle|Mental Herb|[from] move: Knock Off|[of] p2a: Crawdaunt
|-damage|p2a: Crawdaunt|91/100|[from] item: Life Orb
|move|p1a: Shuckle|Toxic|p2a: Crawdaunt
|-status|p2a: Crawdaunt|tox
|
|-damage|p2a: Crawdaunt|85/100 tox|[from] psn
|upkeep
|turn|3
|
|t:|1644858247
|move|p2a: Crawdaunt|Knock Off|p1a: Shuckle
|-damage|p1a: Shuckle|0 fnt
|faint|p1a: Shuckle
|-damage|p2a: Crawdaunt|75/100 tox|[from] item: Life Orb
|
|-damage|p2a: Crawdaunt|63/100 tox|[from] psn
|upkeep
|
|t:|1644858256
|switch|p1a: Eiscue|Eiscue, M, shiny|100/100
|turn|4
|
|t:|1644858264
|switch|p1a: Pelipper|Pelipper, M, shiny|100/100
|-weather|RainDance|[from] ability: Drizzle|[of] p1a: Pelipper
|move|p2a: Crawdaunt|Knock Off|p1a: Pelipper
|-damage|p1a: Pelipper|0 fnt
|-enditem|p1a: Pelipper|Damp Rock|[from] move: Knock Off|[of] p2a: Crawdaunt
|faint|p1a: Pelipper
|-damage|p2a: Crawdaunt|53/100 tox|[from] item: Life Orb
|
|-weather|RainDance|[upkeep]
|-damage|p2a: Crawdaunt|35/100 tox|[from] psn
|upkeep
|
|t:|1644858270
|switch|p1a: Garchomp|Garchomp, M, shiny|100/100
|turn|5
|
|t:|1644858275
|move|p2a: Crawdaunt|Aqua Jet|p1a: Garchomp
|-damage|p1a: Garchomp|0 fnt
|-damage|p2a: Crawdaunt|23/100 tox|[from] ability: Rough Skin|[of] p1a: Garchomp
|-damage|p2a: Crawdaunt|6/100 tox|[from] item: Rocky Helmet|[of] p1a: Garchomp
|faint|p1a: Garchomp
|-damage|p2a: Crawdaunt|0 fnt|[from] item: Life Orb
|faint|p2a: Crawdaunt
|
|-weather|RainDance|[upkeep]
|upkeep
|
|t:|1644858285
|switch|p1a: Celesteela|Celesteela, shiny|100/100
|switch|p2a: Zapdos|Zapdos|100/100
|turn|6
|
|t:|1644858308
|move|p2a: Zapdos|Defog|p1a: Celesteela
|-unboost|p1a: Celesteela|evasion|1
|-sideend|p2: Mel2345|Sticky Web|[from] move: Defog|[of] p2a: Zapdos
|move|p1a: Celesteela|Leech Seed|p2a: Zapdos
|-start|p2a: Zapdos|move: Leech Seed
|
|-weather|RainDance|[upkeep]
|-damage|p2a: Zapdos|88/100|[from] Leech Seed|[of] p1a: Celesteela
|upkeep
|turn|7
|
|t:|1644858318
|move|p2a: Zapdos|Discharge|p1a: Celesteela
|-supereffective|p1a: Celesteela
|-damage|p1a: Celesteela|58/100
|move|p1a: Celesteela|Heavy Slam|p2a: Zapdos
|-resisted|p2a: Zapdos
|-damage|p2a: Zapdos|72/100
|
|-weather|RainDance|[upkeep]
|-heal|p1a: Celesteela|64/100|[from] item: Leftovers
|-damage|p2a: Zapdos|60/100|[from] Leech Seed|[of] p1a: Celesteela
|-heal|p1a: Celesteela|76/100|[silent]
|upkeep
|turn|8
|
|t:|1644858328
|move|p1a: Celesteela|Protect|p1a: Celesteela
|-singleturn|p1a: Celesteela|Protect
|move|p2a: Zapdos|Discharge|p1a: Celesteela
|-activate|p1a: Celesteela|move: Protect
|
|-weather|RainDance|[upkeep]
|-heal|p1a: Celesteela|82/100|[from] item: Leftovers
|-damage|p2a: Zapdos|47/100|[from] Leech Seed|[of] p1a: Celesteela
|-heal|p1a: Celesteela|94/100|[silent]
|upkeep
|turn|9
|
|t:|1644858335
|move|p2a: Zapdos|Discharge|p1a: Celesteela
|-supereffective|p1a: Celesteela
|-damage|p1a: Celesteela|49/100
|move|p1a: Celesteela|Heavy Slam|p2a: Zapdos
|-resisted|p2a: Zapdos
|-damage|p2a: Zapdos|32/100
|
|-weather|RainDance|[upkeep]
|-heal|p1a: Celesteela|55/100|[from] item: Leftovers
|-damage|p2a: Zapdos|20/100|[from] Leech Seed|[of] p1a: Celesteela
|-heal|p1a: Celesteela|66/100|[silent]
|upkeep
|turn|10
|
|t:|1644858346
|move|p1a: Celesteela|Protect|p1a: Celesteela
|-singleturn|p1a: Celesteela|Protect
|move|p2a: Zapdos|Roost|p2a: Zapdos
|-heal|p2a: Zapdos|70/100
|-singleturn|p2a: Zapdos|move: Roost
|
|-weather|RainDance|[upkeep]
|-heal|p1a: Celesteela|73/100|[from] item: Leftovers
|-damage|p2a: Zapdos|57/100|[from] Leech Seed|[of] p1a: Celesteela
|-heal|p1a: Celesteela|84/100|[silent]
|upkeep
|turn|11
|
|t:|1644858357
|move|p2a: Zapdos|Discharge|p1a: Celesteela
|-supereffective|p1a: Celesteela
|-damage|p1a: Celesteela|42/100
|move|p1a: Celesteela|Heavy Slam|p2a: Zapdos
|-resisted|p2a: Zapdos
|-damage|p2a: Zapdos|41/100
|
|-weather|none
|-heal|p1a: Celesteela|48/100|[from] item: Leftovers
|-damage|p2a: Zapdos|29/100|[from] Leech Seed|[of] p1a: Celesteela
|-heal|p1a: Celesteela|60/100|[silent]
|upkeep
|turn|12
|
|t:|1644858366
|move|p2a: Zapdos|Roost|p2a: Zapdos
|-heal|p2a: Zapdos|79/100
|-singleturn|p2a: Zapdos|move: Roost
|move|p1a: Celesteela|Flamethrower|p2a: Zapdos
|-damage|p2a: Zapdos|57/100
|-status|p2a: Zapdos|brn
|
|-heal|p1a: Celesteela|66/100|[from] item: Leftovers
|-damage|p2a: Zapdos|45/100 brn|[from] Leech Seed|[of] p1a: Celesteela
|-heal|p1a: Celesteela|78/100|[silent]
|-damage|p2a: Zapdos|39/100 brn|[from] brn
|upkeep
|turn|13
|
|t:|1644858379
|move|p2a: Zapdos|Roost|p2a: Zapdos
|-heal|p2a: Zapdos|89/100 brn
|-singleturn|p2a: Zapdos|move: Roost
|move|p1a: Celesteela|Heavy Slam|p2a: Zapdos
|-resisted|p2a: Zapdos
|-damage|p2a: Zapdos|74/100 brn
|
|-heal|p1a: Celesteela|84/100|[from] item: Leftovers
|-damage|p2a: Zapdos|61/100 brn|[from] Leech Seed|[of] p1a: Celesteela
|-heal|p1a: Celesteela|96/100|[silent]
|-damage|p2a: Zapdos|55/100 brn|[from] brn
|upkeep
|turn|14
|
|t:|1644858394
|switch|p1a: Ferrothorn|Ferrothorn, F, shiny|100/100
|move|p2a: Zapdos|Discharge|p1a: Ferrothorn
|-resisted|p1a: Ferrothorn
|-damage|p1a: Ferrothorn|88/100
|
|-heal|p1a: Ferrothorn|95/100|[from] item: Leftovers
|-damage|p2a: Zapdos|43/100 brn|[from] Leech Seed|[of] p1a: Ferrothorn
|-heal|p1a: Ferrothorn|100/100|[silent]
|-damage|p2a: Zapdos|37/100 brn|[from] brn
|upkeep
|turn|15
|
|t:|1644858399
|move|p2a: Zapdos|Discharge|p1a: Ferrothorn
|-resisted|p1a: Ferrothorn
|-damage|p1a: Ferrothorn|89/100
|move|p1a: Ferrothorn|Gyro Ball|p2a: Zapdos
|-resisted|p2a: Zapdos
|-damage|p2a: Zapdos|19/100 brn
|
|-heal|p1a: Ferrothorn|96/100|[from] item: Leftovers
|-damage|p2a: Zapdos|7/100 brn|[from] Leech Seed|[of] p1a: Ferrothorn
|-heal|p1a: Ferrothorn|100/100|[silent]
|-damage|p2a: Zapdos|0 fnt|[from] brn
|faint|p2a: Zapdos
|upkeep
|
|t:|1644858419
|switch|p2a: Tapu Lele|Tapu Lele|100/100
|-fieldstart|move: Psychic Terrain|[from] ability: Psychic Surge|[of] p2a: Tapu Lele
|turn|16
|
|t:|1644858424
|move|p2a: Tapu Lele|Focus Blast|p1a: Ferrothorn|[miss]
|-miss|p2a: Tapu Lele|p1a: Ferrothorn
|move|p1a: Ferrothorn|Gyro Ball|p2a: Tapu Lele
|-supereffective|p2a: Tapu Lele
|-damage|p2a: Tapu Lele|0 fnt
|faint|p2a: Tapu Lele
|
|upkeep
|
|t:|1644858435
|switch|p2a: Ferrothorn|Ferrothorn, M|100/100
|turn|17
|
|t:|1644858438
|switch|p1a: Celesteela|Celesteela, shiny|96/100
|move|p2a: Ferrothorn|Spikes|p1a: Celesteela
|-sidestart|p1: sr.poder|Spikes
|
|-heal|p1a: Celesteela|100/100|[from] item: Leftovers
|upkeep
|turn|18
|
|t:|1644858444
|switch|p2a: Pelipper|Pelipper, M|100/100
|-weather|RainDance|[from] ability: Drizzle|[of] p2a: Pelipper
|move|p1a: Celesteela|Flamethrower|p2a: Pelipper
|-resisted|p2a: Pelipper
|-damage|p2a: Pelipper|93/100
|
|-weather|RainDance|[upkeep]
|upkeep
|turn|19
|
|t:|1644858448
|move|p2a: Pelipper|Scald|p1a: Celesteela
|-damage|p1a: Celesteela|73/100
|move|p1a: Celesteela|Leech Seed|p2a: Pelipper
|-start|p2a: Pelipper|move: Leech Seed
|
|-weather|RainDance|[upkeep]
|-heal|p1a: Celesteela|79/100|[from] item: Leftovers
|-damage|p2a: Pelipper|81/100|[from] Leech Seed|[of] p1a: Celesteela
|-heal|p1a: Celesteela|89/100|[silent]
|upkeep
|turn|20
|
|t:|1644858453
|move|p2a: Pelipper|U-turn|p1a: Celesteela
|-resisted|p1a: Celesteela
|-crit|p1a: Celesteela
|-damage|p1a: Celesteela|87/100
|
|t:|1644858455
|switch|p2a: Ferrothorn|Ferrothorn, M|100/100|[from]move: U-turn
|move|p1a: Celesteela|Heavy Slam|p2a: Ferrothorn
|-resisted|p2a: Ferrothorn
|-damage|p2a: Ferrothorn|88/100
|-damage|p1a: Celesteela|75/100|[from] ability: Iron Barbs|[of] p2a: Ferrothorn
|
|-weather|RainDance|[upkeep]
|-heal|p1a: Celesteela|81/100|[from] item: Leftovers
|-heal|p2a: Ferrothorn|94/100|[from] item: Leftovers
|-fieldend|move: Psychic Terrain
|upkeep
|turn|21
|
|t:|1644858479
|move|p1a: Celesteela|Flamethrower|p2a: Ferrothorn
|-supereffective|p2a: Ferrothorn
|-damage|p2a: Ferrothorn|55/100
|move|p2a: Ferrothorn|Leech Seed|p1a: Celesteela
|-start|p1a: Celesteela|move: Leech Seed
|
|-weather|RainDance|[upkeep]
|-heal|p1a: Celesteela|87/100|[from] item: Leftovers
|-heal|p2a: Ferrothorn|62/100|[from] item: Leftovers
|-damage|p1a: Celesteela|74/100|[from] Leech Seed|[of] p2a: Ferrothorn
|-heal|p2a: Ferrothorn|75/100|[silent]
|upkeep
|turn|22
|
|t:|1644858486
|switch|p1a: Ferrothorn|Ferrothorn, F, shiny|100/100
|-damage|p1a: Ferrothorn|88/100|[from] Spikes
|move|p2a: Ferrothorn|Spikes|p1a: Ferrothorn
|-sidestart|p1: sr.poder|Spikes
|
|-weather|RainDance|[upkeep]
|-heal|p2a: Ferrothorn|82/100|[from] item: Leftovers
|-heal|p1a: Ferrothorn|94/100|[from] item: Leftovers
|upkeep
|turn|23
|
|t:|1644858496
|move|p1a: Ferrothorn|Protect|p1a: Ferrothorn
|-singleturn|p1a: Ferrothorn|Protect
|move|p2a: Ferrothorn|Spikes|p1a: Ferrothorn
|-sidestart|p1: sr.poder|Spikes
|
|-weather|RainDance|[upkeep]
|-heal|p2a: Ferrothorn|88/100|[from] item: Leftovers
|-heal|p1a: Ferrothorn|100/100|[from] item: Leftovers
|upkeep
|turn|24
|
|t:|1644858501
|switch|p2a: Pelipper|Pelipper, M|81/100
|move|p1a: Ferrothorn|Protect||[still]
|-fail|p1a: Ferrothorn
|
|-weather|RainDance|[upkeep]
|upkeep
|turn|25
|
|t:|1644858504
|move|p2a: Pelipper|Scald|p1a: Ferrothorn
|-resisted|p1a: Ferrothorn
|-damage|p1a: Ferrothorn|87/100
|move|p1a: Ferrothorn|Toxic|p2a: Pelipper
|-status|p2a: Pelipper|tox
|
|-weather|none
|-heal|p1a: Ferrothorn|93/100|[from] item: Leftovers
|-damage|p2a: Pelipper|74/100 tox|[from] psn
|upkeep
|turn|26
|
|t:|1644858510
|switch|p2a: Ferrothorn|Ferrothorn, M|88/100
|move|p1a: Ferrothorn|Leech Seed|p2a: Ferrothorn
|-immune|p2a: Ferrothorn
|
|-heal|p2a: Ferrothorn|94/100|[from] item: Leftovers
|-heal|p1a: Ferrothorn|99/100|[from] item: Leftovers
|upkeep
|turn|27
|
|t:|1644858516
|switch|p2a: Pelipper|Pelipper, M|74/100 tox
|-weather|RainDance|[from] ability: Drizzle|[of] p2a: Pelipper
|move|p1a: Ferrothorn|Toxic|p2a: Pelipper
|-fail|p2a: Pelipper|tox
|
|-weather|RainDance|[upkeep]
|-heal|p1a: Ferrothorn|100/100|[from] item: Leftovers
|-damage|p2a: Pelipper|68/100 tox|[from] psn
|upkeep
|turn|28
|
|t:|1644858526
|switch|p2a: Ferrothorn|Ferrothorn, M|94/100
|move|p1a: Ferrothorn|Protect||[still]
|-fail|p1a: Ferrothorn
|
|-weather|RainDance|[upkeep]
|-heal|p2a: Ferrothorn|100/100|[from] item: Leftovers
|upkeep
|turn|29
|
|t:|1644858535
|switch|p2a: Barraskewda|Barraskewda, F|100/100
|move|p1a: Ferrothorn|Gyro Ball|p2a: Barraskewda
|-resisted|p2a: Barraskewda
|-damage|p2a: Barraskewda|52/100
|
|-weather|RainDance|[upkeep]
|upkeep
|turn|30
|
|t:|1644858543
|move|p2a: Barraskewda|Flip Turn|p1a: Ferrothorn
|-resisted|p1a: Ferrothorn
|-damage|p1a: Ferrothorn|75/100
|-damage|p2a: Barraskewda|40/100|[from] ability: Iron Barbs|[of] p1a: Ferrothorn
|
|t:|1644858546
|switch|p2a: Ferrothorn|Ferrothorn, M|100/100|[from]move: Flip Turn
|move|p1a: Ferrothorn|Gyro Ball|p2a: Ferrothorn
|-resisted|p2a: Ferrothorn
|-damage|p2a: Ferrothorn|96/100
|-damage|p1a: Ferrothorn|63/100|[from] ability: Iron Barbs|[of] p2a: Ferrothorn
|
|-weather|RainDance|[upkeep]
|-heal|p2a: Ferrothorn|100/100|[from] item: Leftovers
|-heal|p1a: Ferrothorn|69/100|[from] item: Leftovers
|upkeep
|turn|31
|
|t:|1644858556
|switch|p2a: Pelipper|Pelipper, M|68/100 tox
|move|p1a: Ferrothorn|Gyro Ball|p2a: Pelipper
|-resisted|p2a: Pelipper
|-damage|p2a: Pelipper|56/100 tox
|
|-weather|RainDance|[upkeep]
|-heal|p1a: Ferrothorn|75/100|[from] item: Leftovers
|-damage|p2a: Pelipper|50/100 tox|[from] psn
|upkeep
|turn|32
|
|t:|1644858564
|switch|p1a: Eiscue|Eiscue, M, shiny|100/100
|-damage|p1a: Eiscue|75/100|[from] Spikes
|move|p2a: Pelipper|Scald|p1a: Eiscue
|-damage|p1a: Eiscue|20/100
|-enditem|p1a: Eiscue|Salac Berry|[eat]
|-boost|p1a: Eiscue|spe|1|[from] item: Salac Berry
|
|-weather|RainDance|[upkeep]
|-damage|p2a: Pelipper|38/100 tox|[from] psn
|upkeep
|turn|33
|
|t:|1644858573
|switch|p2a: Ferrothorn|Ferrothorn, M|100/100
|move|p1a: Eiscue|Icicle Crash|p2a: Ferrothorn
|-damage|p2a: Ferrothorn|81/100
|
|-weather|RainDance|[upkeep]
|-heal|p2a: Ferrothorn|87/100|[from] item: Leftovers
|upkeep
|turn|34
|
|t:|1644858583
|move|p1a: Eiscue|Hail|p1a: Eiscue
|-weather|Hail
|move|p2a: Ferrothorn|Leech Seed|p1a: Eiscue
|-start|p1a: Eiscue|move: Leech Seed
|
|-weather|Hail|[upkeep]
|-damage|p2a: Ferrothorn|81/100|[from] Hail
|-heal|p2a: Ferrothorn|87/100|[from] item: Leftovers
|-damage|p1a: Eiscue|8/100|[from] Leech Seed|[of] p2a: Ferrothorn
|-heal|p2a: Ferrothorn|97/100|[silent]
|upkeep
|turn|35
|
|t:|1644858605
|move|p1a: Eiscue|Icicle Crash|p2a: Ferrothorn
|-damage|p2a: Ferrothorn|80/100
|move|p2a: Ferrothorn|Leech Seed||[still]
|-fail|p2a: Ferrothorn
|
|-weather|Hail|[upkeep]
|-damage|p2a: Ferrothorn|74/100|[from] Hail
|-heal|p2a: Ferrothorn|80/100|[from] item: Leftovers
|-damage|p1a: Eiscue|0 fnt|[from] Leech Seed|[of] p2a: Ferrothorn
|-heal|p2a: Ferrothorn|86/100|[silent]
|faint|p1a: Eiscue
|upkeep
|
|t:|1644858613
|switch|p1a: Celesteela|Celesteela, shiny|74/100
|turn|36
|
|t:|1644858619
|switch|p2a: Pelipper|Pelipper, M|38/100 tox
|-weather|RainDance|[from] ability: Drizzle|[of] p2a: Pelipper
|move|p1a: Celesteela|Heavy Slam|p2a: Pelipper
|-resisted|p2a: Pelipper
|-damage|p2a: Pelipper|22/100 tox
|
|-weather|RainDance|[upkeep]
|-heal|p1a: Celesteela|80/100|[from] item: Leftovers
|-damage|p2a: Pelipper|16/100 tox|[from] psn
|upkeep
|turn|37
|
|t:|1644858630
|move|p2a: Pelipper|Scald|p1a: Celesteela
|-damage|p1a: Celesteela|54/100
|move|p1a: Celesteela|Flamethrower|p2a: Pelipper
|-resisted|p2a: Pelipper
|-damage|p2a: Pelipper|9/100 tox
|
|-weather|RainDance|[upkeep]
|-heal|p1a: Celesteela|60/100|[from] item: Leftovers
|-damage|p2a: Pelipper|0 fnt|[from] psn
|faint|p2a: Pelipper
|upkeep
|
|t:|1644858639
|switch|p2a: Barraskewda|Barraskewda, F|40/100
|turn|38
|
|t:|1644858643
|switch|p1a: Ferrothorn|Ferrothorn, F, shiny|75/100
|-damage|p1a: Ferrothorn|50/100|[from] Spikes
|move|p2a: Barraskewda|Liquidation|p1a: Ferrothorn
|-resisted|p1a: Ferrothorn
|-damage|p1a: Ferrothorn|17/100
|-damage|p2a: Barraskewda|28/100|[from] ability: Iron Barbs|[of] p1a: Ferrothorn
|
|-weather|RainDance|[upkeep]
|-heal|p1a: Ferrothorn|24/100|[from] item: Leftovers
|upkeep
|turn|39
|
|t:|1644858648
|move|p1a: Ferrothorn|Protect|p1a: Ferrothorn
|-singleturn|p1a: Ferrothorn|Protect
|move|p2a: Barraskewda|Liquidation|p1a: Ferrothorn
|-activate|p1a: Ferrothorn|move: Protect
|
|-weather|RainDance|[upkeep]
|-heal|p1a: Ferrothorn|30/100|[from] item: Leftovers
|upkeep
|turn|40
|
|t:|1644858666
|move|p2a: Barraskewda|Liquidation|p1a: Ferrothorn
|-resisted|p1a: Ferrothorn
|-damage|p1a: Ferrothorn|0 fnt
|-damage|p2a: Barraskewda|16/100|[from] ability: Iron Barbs|[of] p1a: Ferrothorn
|faint|p1a: Ferrothorn
|
|-weather|RainDance|[upkeep]
|upkeep
|
|t:|1644858668
|switch|p1a: Celesteela|Celesteela, shiny|60/100
|turn|41
|
|t:|1644858672
|move|p2a: Barraskewda|Liquidation|p1a: Celesteela
|-damage|p1a: Celesteela|0 fnt
|faint|p1a: Celesteela
|
|win|Mel2345
|raw|sr.poder's rating: 1368 &rarr; <strong>1350</strong><br />(-18 for losing)
|raw|Mel2345's rating: 1395 &rarr; <strong>1413</strong><br />(+18 for winning)
|l|☆sr.poder
