|j|☆rigmortus
|j|☆Geremo
|t:|1658059411
|gametype|singles
|player|p1|rigmortus|101|1775
|player|p2|Geremo|266|1732
|teamsize|p1|6
|teamsize|p2|6
|gen|8
|tier|[Gen 8] OU
|rated|
|rule|Sleep Clause Mod: Limit one foe put to sleep
|rule|Species Clause: Limit one of each Pokémon
|rule|OHKO Clause: OHKO moves are banned
|rule|Evasion Moves Clause: Evasion moves are banned
|rule|Endless Battle Clause: Forcing endless battles is banned
|rule|HP Percentage Mod: HP is shown in percentages
|rule|Dynamax Clause: You cannot dynamax
|clearpoke
|poke|p1|Slowbro, M|
|poke|p1|Garchomp, M|
|poke|p1|Weavile, M|
|poke|p1|Tornadus-Therian, M|
|poke|p1|Landorus-Therian, M|
|poke|p1|Melmetal|
|poke|p2|Clefable, M|
|poke|p2|Nidoqueen, F|
|poke|p2|Starmie|
|poke|p2|Umbreon, M|
|poke|p2|Scizor, F|
|poke|p2|Dragonite, F|
|teampreview
|inactive|Battle timer is ON: inactive players will automatically lose when time's up. (requested by rigmortus)
|j| Fitzouille
|
|t:|1658059487
|start
|switch|p1a: Tornadus|Tornadus-Therian, M|100/100
|switch|p2a: Clefable|Clefable, M|100/100
|turn|1
|
|t:|1658059496
|move|p1a: Tornadus|Knock Off|p2a: Clefable
|-resisted|p2a: Clefable
|-damage|p2a: Clefable|93/100
|-enditem|p2a: Clefable|Leftovers|[from] move: Knock Off|[of] p1a: Tornadus
|move|p2a: Clefable|Calm Mind|p2a: Clefable
|-boost|p2a: Clefable|spa|1
|-boost|p2a: Clefable|spd|1
|
|upkeep
|turn|2
|
|t:|1658059501
|move|p1a: Tornadus|U-turn|p2a: Clefable
|-resisted|p2a: Clefable
|-damage|p2a: Clefable|87/100
|
|t:|1658059505
|switch|p1a: Landorus|Landorus-Therian, M|100/100|[from]move: U-turn
|-ability|p1a: Landorus|Intimidate|boost
|-unboost|p2a: Clefable|atk|1
|move|p2a: Clefable|Moonblast|p1a: Landorus
|-damage|p1a: Landorus|66/100
|
|-heal|p1a: Landorus|72/100|[from] item: Leftovers
|upkeep
|turn|3
|
|t:|1658059510
|move|p1a: Landorus|Earthquake|p2a: Clefable
|-damage|p2a: Clefable|52/100
|move|p2a: Clefable|Moonblast|p1a: Landorus
|-damage|p1a: Landorus|38/100
|
|-heal|p1a: Landorus|44/100|[from] item: Leftovers
|upkeep
|turn|4
|
|t:|1658059515
|move|p1a: Landorus|Stealth Rock|p2a: Clefable
|-sidestart|p2: Geremo|move: Stealth Rock
|move|p2a: Clefable|Soft-Boiled|p2a: Clefable
|-heal|p2a: Clefable|100/100
|
|-heal|p1a: Landorus|50/100|[from] item: Leftovers
|upkeep
|turn|5
|
|t:|1658059517
|move|p1a: Landorus|Earthquake|p2a: Clefable
|-crit|p2a: Clefable
|-damage|p2a: Clefable|42/100
|move|p2a: Clefable|Moonblast|p1a: Landorus
|-damage|p1a: Landorus|17/100
|
|-heal|p1a: Landorus|23/100|[from] item: Leftovers
|upkeep
|turn|6
|
|t:|1658059520
|move|p1a: Landorus|U-turn|p2a: Clefable
|-resisted|p2a: Clefable
|-damage|p2a: Clefable|34/100
|
|t:|1658059523
|switch|p1a: Melmetal|Melmetal|100/100|[from]move: U-turn
|move|p2a: Clefable|Soft-Boiled|p2a: Clefable
|-heal|p2a: Clefable|84/100
|
|upkeep
|turn|7
|
|t:|1658059536
|switch|p2a: Scizor|Scizor, F|100/100
|-damage|p2a: Scizor|88/100|[from] Stealth Rock
|move|p1a: Melmetal|Double Iron Bash|p2a: Scizor
|-resisted|p2a: Scizor
|-damage|p2a: Scizor|73/100
|-damage|p1a: Melmetal|84/100|[from] item: Rocky Helmet|[of] p2a: Scizor
|-resisted|p2a: Scizor
|-damage|p2a: Scizor|56/100
|-damage|p1a: Melmetal|68/100|[from] item: Rocky Helmet|[of] p2a: Scizor
|-hitcount|p2a: Scizor|2
|
|-heal|p1a: Melmetal|74/100|[from] item: Leftovers
|upkeep
|turn|8
|
|t:|1658059543
|switch|p1a: Tornadus|Tornadus-Therian, M|100/100
|move|p2a: Scizor|Knock Off|p1a: Tornadus
|-damage|p1a: Tornadus|71/100
|-enditem|p1a: Tornadus|Heavy-Duty Boots|[from] move: Knock Off|[of] p2a: Scizor
|
|upkeep
|turn|9
|j| simplegent
|inactive|Geremo has 120 seconds left.
|l|☆Geremo
|inactive|Geremo disconnected and has a minute to reconnect!
|player|p2|
|j|☆Geremo
|inactive|Geremo reconnected and has 100 seconds left.
|player|p2|Geremo|266
|j| terrainboost
|
|t:|1658059596
|switch|p2a: Dragonite|Dragonite, F|100/100
|move|p1a: Tornadus|U-turn|p2a: Dragonite
|-resisted|p2a: Dragonite
|-damage|p2a: Dragonite|98/100
|
|t:|1658059602
|switch|p1a: Weavile|Weavile, M|100/100|[from]move: U-turn
|
|upkeep
|turn|10
|
|t:|1658059609
|switch|p2a: Umbreon|Umbreon, M|100/100
|-damage|p2a: Umbreon|88/100|[from] Stealth Rock
|move|p1a: Weavile|Triple Axel|p2a: Umbreon
|-damage|p2a: Umbreon|78/100
|-damage|p2a: Umbreon|59/100
|-hitcount|p2a: Umbreon|2
|
|-heal|p2a: Umbreon|65/100|[from] item: Leftovers
|upkeep
|turn|11
|l|☆Geremo
|inactive|Geremo disconnected and has a minute to reconnect!
|player|p2|
|inactive|Geremo has 30 seconds to reconnect!
|inactive|Geremo has 20 seconds to reconnect!
|inactive|Geremo has 15 seconds to reconnect!
|inactive|Geremo has 10 seconds to reconnect!
|inactive|Geremo has 5 seconds to reconnect!
|-message|Geremo lost due to inactivity.
|
|win|rigmortus
|raw|rigmortus's rating: 1775 &rarr; <strong>1793</strong><br />(+18 for winning)
|raw|Geremo's rating: 1732 &rarr; <strong>1714</strong><br />(-18 for losing)
|l|☆rigmortus
|l| Fitzouille
