|j|☆sht testing
|j|☆Contorted Lies
|t:|1605909314
|player|p1|sht testing|oak-gen1|1950
|player|p2|Contorted Lies|170|1975
|teamsize|p1|6
|teamsize|p2|6
|gametype|singles
|gen|8
|tier|[Gen 8] OU
|rated|
|clearpoke
|poke|p1|Pelipper, F|
|poke|p1|Kingdra, M|
|poke|p1|Crawdaunt, F|
|poke|p1|Scizor, M|
|poke|p1|Ferrothorn, M|
|poke|p1|Thundurus-Therian, M|
|poke|p2|Cinderace, M|
|poke|p2|Tyranitar, F|
|poke|p2|Excadrill, F|
|poke|p2|Buzzwole|
|poke|p2|Slowbro, F|
|poke|p2|Magearna|
|rule|Sleep Clause Mod: Limit one foe put to sleep
|rule|Species Clause: Limit one of each Pokémon
|rule|OHKO Clause: OHKO moves are banned
|rule|Evasion Moves Clause: Evasion moves are banned
|rule|Endless Battle Clause: Forcing endless battles is banned
|rule|HP Percentage Mod: HP is shown in percentages
|rule|Dynamax Clause: You cannot dynamax
|teampreview
|
|t:|1605909324
|start
|switch|p1a: Pelipper|Pelipper, F|100/100
|switch|p2a: Magearna|Magearna|100/100
|-weather|RainDance|[from] ability: Drizzle|[of] p1a: Pelipper
|turn|1
|
|t:|1605909328
|switch|p1a: Scizor|Scizor, M|100/100
|move|p2a: Magearna|Volt Switch|p1a: Scizor
|-damage|p1a: Scizor|72/100
|j| AnimaticLunatic
|
|t:|1605909332
|switch|p2a: Cinderace|Cinderace, M|100/100|[from]move: Volt Switch
|
|-weather|RainDance|[upkeep]
|upkeep
|turn|2
|
|t:|1605909337
|switch|p1a: Pelipper|Pelipper, F|100/100
|move|p2a: Cinderace|High Jump Kick|p1a: Pelipper
|-start|p2a: Cinderace|typechange|Fighting|[from] ability: Libero
|-resisted|p1a: Pelipper
|-damage|p1a: Pelipper|63/100
|
|-weather|RainDance|[upkeep]
|upkeep
|turn|3
|j| Boi 240
|j| Imanoobhavepity
|
|t:|1605909345
|switch|p2a: Tyranitar|Tyranitar, F|100/100
|-weather|Sandstorm|[from] ability: Sand Stream|[of] p2a: Tyranitar
|move|p1a: Pelipper|U-turn|p2a: Tyranitar
|-supereffective|p2a: Tyranitar
|-damage|p2a: Tyranitar|82/100
|l| AnimaticLunatic
|j| v00dew
|j| AnimaticLunatic
|j| hfeath
|l| Imanoobhavepity
|
|t:|1605909350
|switch|p1a: Crawdaunt|Crawdaunt, F|100/100|[from]move: U-turn
|
|-weather|Sandstorm|[upkeep]
|-damage|p1a: Crawdaunt|95/100|[from] Sandstorm
|upkeep
|turn|4
|l| v00dew
|j| I quit the game
|
|t:|1605909356
|move|p2a: Tyranitar|Superpower|p1a: Crawdaunt
|-supereffective|p1a: Crawdaunt
|-damage|p1a: Crawdaunt|0 fnt
|-unboost|p2a: Tyranitar|atk|1
|-unboost|p2a: Tyranitar|def|1
|faint|p1a: Crawdaunt
|
|-weather|Sandstorm|[upkeep]
|upkeep
|
|t:|1605909361
|switch|p1a: Pelipper|Pelipper, F|63/100
|-weather|RainDance|[from] ability: Drizzle|[of] p1a: Pelipper
|turn|5
|
|t:|1605909367
|switch|p2a: Slowbro|Slowbro, F|100/100
|move|p1a: Pelipper|U-turn|p2a: Slowbro
|-supereffective|p2a: Slowbro
|-damage|p2a: Slowbro|90/100
|c|☆sht testing|ah ok
|j| cutie cute 1234
|
|t:|1605909379
|switch|p1a: Thundurus|Thundurus-Therian, M|100/100|[from]move: U-turn
|
|-weather|RainDance|[upkeep]
|-heal|p2a: Slowbro|96/100|[from] item: Leftovers
|upkeep
|turn|6
|c| cutie cute 1234|?
|
|t:|1605909383
|switch|p2a: Magearna|Magearna|100/100
|move|p1a: Thundurus|Nasty Plot|p1a: Thundurus
|-boost|p1a: Thundurus|spa|2
|
|-weather|RainDance|[upkeep]
|upkeep
|turn|7
|
|t:|1605909386
|move|p1a: Thundurus|Thunder|p2a: Magearna
|-damage|p2a: Magearna|29/100
|move|p2a: Magearna|Fleur Cannon|p1a: Thundurus
|-crit|p1a: Thundurus
|-damage|p1a: Thundurus|0 fnt
|-unboost|p2a: Magearna|spa|2
|faint|p1a: Thundurus
|-ability|p2a: Magearna|Soul-Heart|boost
|-boost|p2a: Magearna|spa|1
|
|-weather|RainDance|[upkeep]
|upkeep
|
|t:|1605909388
|switch|p1a: Kingdra|Kingdra, M|100/100
|turn|8
|
|t:|1605909393
|move|p1a: Kingdra|Surf|p2a: Magearna
|-damage|p2a: Magearna|0 fnt
|faint|p2a: Magearna
|
|-weather|RainDance|[upkeep]
|upkeep
|
|t:|1605909397
|switch|p2a: Tyranitar|Tyranitar, F|82/100
|-weather|Sandstorm|[from] ability: Sand Stream|[of] p2a: Tyranitar
|turn|9
|
|t:|1605909400
|switch|p1a: Ferrothorn|Ferrothorn, M|100/100
|switch|p2a: Slowbro|Slowbro, F|100/100
|
|-weather|Sandstorm|[upkeep]
|-damage|p2a: Slowbro|94/100|[from] Sandstorm
|-heal|p2a: Slowbro|100/100|[from] item: Leftovers
|upkeep
|turn|10
|
|t:|1605909404
|move|p1a: Ferrothorn|Stealth Rock|p2a: Slowbro
|-sidestart|p2: Contorted Lies|move: Stealth Rock
|move|p2a: Slowbro|Teleport|p2a: Slowbro
|
|t:|1605909409
|switch|p2a: Excadrill|Excadrill, F|100/100|[from]move: Teleport
|-damage|p2a: Excadrill|97/100|[from] Stealth Rock
|
|-weather|Sandstorm|[upkeep]
|-heal|p2a: Excadrill|100/100|[from] item: Leftovers
|upkeep
|turn|11
|
|t:|1605909412
|switch|p1a: Pelipper|Pelipper, F|63/100
|-weather|RainDance|[from] ability: Drizzle|[of] p1a: Pelipper
|move|p2a: Excadrill|Stealth Rock|p1a: Pelipper
|-sidestart|p1: sht testing|move: Stealth Rock
|
|-weather|RainDance|[upkeep]
|upkeep
|turn|12
|j| Glazou
|
|t:|1605909417
|move|p2a: Excadrill|Rapid Spin|p1a: Pelipper
|-damage|p1a: Pelipper|49/100
|-boost|p2a: Excadrill|spe|1
|-sideend|p2: Contorted Lies|Stealth Rock|[from] move: Rapid Spin|[of] p2a: Excadrill
|move|p1a: Pelipper|U-turn|p2a: Excadrill
|-resisted|p2a: Excadrill
|-damage|p2a: Excadrill|94/100
|
|t:|1605909419
|switch|p1a: Kingdra|Kingdra, M|100/100|[from]move: U-turn
|-damage|p1a: Kingdra|88/100|[from] Stealth Rock
|
|-weather|RainDance|[upkeep]
|-heal|p2a: Excadrill|100/100|[from] item: Leftovers
|upkeep
|turn|13
|j| yeying
|c| I quit the game|well
|j| Dylanronpa@!
|j| MAX UND MAX
|c| I quit the game|it really do be like this often times
|
|t:|1605909433
|move|p1a: Kingdra|Hydro Pump|p2a: Excadrill
|-supereffective|p2a: Excadrill
|-damage|p2a: Excadrill|0 fnt
|faint|p2a: Excadrill
|
|-weather|RainDance|[upkeep]
|upkeep
|j| Limited_Toolkit
|
|t:|1605909439
|switch|p2a: Tyranitar|Tyranitar, F|82/100
|-weather|Sandstorm|[from] ability: Sand Stream|[of] p2a: Tyranitar
|turn|14
|
|t:|1605909443
|switch|p2a: Slowbro|Slowbro, F|100/100
|move|p1a: Kingdra|Hydro Pump|p2a: Slowbro
|-resisted|p2a: Slowbro
|-damage|p2a: Slowbro|60/100
|
|-weather|Sandstorm|[upkeep]
|-damage|p1a: Kingdra|82/100|[from] Sandstorm
|-damage|p2a: Slowbro|54/100|[from] Sandstorm
|-heal|p2a: Slowbro|60/100|[from] item: Leftovers
|upkeep
|turn|15
|
|t:|1605909447
|switch|p1a: Ferrothorn|Ferrothorn, M|100/100
|-damage|p1a: Ferrothorn|94/100|[from] Stealth Rock
|move|p2a: Slowbro|Teleport|p2a: Slowbro
|
|t:|1605909450
|switch|p2a: Cinderace|Cinderace, M|100/100|[from]move: Teleport
|
|-weather|Sandstorm|[upkeep]
|-damage|p2a: Cinderace|95/100|[from] Sandstorm
|upkeep
|turn|16
|
|t:|1605909455
|move|p2a: Cinderace|Pyro Ball|p1a: Ferrothorn
|-supereffective|p1a: Ferrothorn
|-damage|p1a: Ferrothorn|0 fnt
|faint|p1a: Ferrothorn
|
|-weather|Sandstorm|[upkeep]
|-damage|p2a: Cinderace|89/100|[from] Sandstorm
|upkeep
|
|t:|1605909458
|switch|p1a: Kingdra|Kingdra, M|82/100
|-damage|p1a: Kingdra|70/100|[from] Stealth Rock
|turn|17
|
|t:|1605909461
|switch|p2a: Slowbro|Slowbro, F|93/100
|move|p1a: Kingdra|Surf|p2a: Slowbro
|-resisted|p2a: Slowbro
|-damage|p2a: Slowbro|61/100
|
|-weather|Sandstorm|[upkeep]
|-damage|p1a: Kingdra|63/100|[from] Sandstorm
|-damage|p2a: Slowbro|55/100|[from] Sandstorm
|-heal|p2a: Slowbro|61/100|[from] item: Leftovers
|upkeep
|turn|18
|
|t:|1605909464
|move|p1a: Kingdra|Surf|p2a: Slowbro
|-resisted|p2a: Slowbro
|-damage|p2a: Slowbro|27/100
|move|p2a: Slowbro|Slack Off|p2a: Slowbro
|-heal|p2a: Slowbro|77/100
|
|-weather|none
|-heal|p2a: Slowbro|83/100|[from] item: Leftovers
|upkeep
|turn|19
|
|t:|1605909467
|switch|p1a: Scizor|Scizor, M|72/100
|move|p2a: Slowbro|Teleport|p2a: Slowbro
|
|t:|1605909469
|switch|p2a: Cinderace|Cinderace, M|89/100|[from]move: Teleport
|
|upkeep
|turn|20
|
|t:|1605909471
|switch|p1a: Pelipper|Pelipper, F|49/100
|-damage|p1a: Pelipper|24/100|[from] Stealth Rock
|-weather|RainDance|[from] ability: Drizzle|[of] p1a: Pelipper
|move|p2a: Cinderace|Pyro Ball|p1a: Pelipper
|-resisted|p1a: Pelipper
|-damage|p1a: Pelipper|8/100
|
|-weather|RainDance|[upkeep]
|upkeep
|turn|21
|
|t:|1605909474
|switch|p2a: Tyranitar|Tyranitar, F|82/100
|-weather|Sandstorm|[from] ability: Sand Stream|[of] p2a: Tyranitar
|move|p1a: Pelipper|U-turn|p2a: Tyranitar
|-supereffective|p2a: Tyranitar
|-damage|p2a: Tyranitar|65/100
|
|t:|1605909479
|switch|p1a: Scizor|Scizor, M|72/100|[from]move: U-turn
|
|-weather|Sandstorm|[upkeep]
|upkeep
|turn|22
|j| Baydogg
|
|t:|1605909489
|move|p2a: Tyranitar|Crunch|p1a: Scizor
|-damage|p1a: Scizor|12/100
|move|p1a: Scizor|Swords Dance|p1a: Scizor
|-boost|p1a: Scizor|atk|2
|
|-weather|Sandstorm|[upkeep]
|upkeep
|turn|23
|
|t:|1605909493
|move|p1a: Scizor|Bullet Punch|p2a: Tyranitar
|-supereffective|p2a: Tyranitar
|-damage|p2a: Tyranitar|0 fnt
|faint|p2a: Tyranitar
|
|-weather|Sandstorm|[upkeep]
|upkeep
|
|t:|1605909497
|switch|p2a: Buzzwole|Buzzwole|100/100
|turn|24
|
|t:|1605909502
|move|p2a: Buzzwole|Drain Punch|p1a: Scizor
|-damage|p1a: Scizor|0 fnt
|faint|p1a: Scizor
|-ability|p2a: Buzzwole|Beast Boost|boost
|-boost|p2a: Buzzwole|atk|1
|
|-weather|Sandstorm|[upkeep]
|-damage|p2a: Buzzwole|94/100|[from] Sandstorm
|-heal|p2a: Buzzwole|100/100|[from] item: Leftovers
|upkeep
|
|t:|1605909503
|switch|p1a: Kingdra|Kingdra, M|63/100
|-damage|p1a: Kingdra|51/100|[from] Stealth Rock
|turn|25
|
|t:|1605909505
|move|p1a: Kingdra|Draco Meteor|p2a: Buzzwole
|-damage|p2a: Buzzwole|18/100
|-unboost|p1a: Kingdra|spa|2
|move|p2a: Buzzwole|Drain Punch|p1a: Kingdra
|-damage|p1a: Kingdra|0 fnt
|-heal|p2a: Buzzwole|36/100|[from] drain|[of] p1a: Kingdra
|faint|p1a: Kingdra
|-ability|p2a: Buzzwole|Beast Boost|boost
|-boost|p2a: Buzzwole|atk|1
|
|-weather|none
|-heal|p2a: Buzzwole|42/100|[from] item: Leftovers
|upkeep
|j| blackdarkness1
|-message|sht testing forfeited.
|
|win|Contorted Lies
|l|☆sht testing
|l|☆Contorted Lies
|l| Baydogg
|l| hfeath
|l| Glazou
