|html|<div class="broadcast-blue"><strong>[Gen 8] OU is currently suspecting Melmetal! For information on how to participate check out the <a href="https://www.smogon.com/forums/threads/np-ss-ou-suspect-process-round-12-monster-mash.3709234/">suspect thread</a>.</strong></div>
|j|☆verilsiswag
|j|☆OUTD Wraks2
|t:|1666026743
|gametype|singles
|player|p1|verilsiswag|hoopster|1350
|player|p2|OUTD Wraks2|266|1314
|teamsize|p1|6
|teamsize|p2|6
|gen|8
|tier|[Gen 8] OU
|rated|
|rule|Sleep Clause Mod: Limit one foe put to sleep
|rule|Species Clause: Limit one of each Pokémon
|rule|OHKO Clause: OHKO moves are banned
|rule|Evasion Items Clause: Evasion items are banned
|rule|Evasion Moves Clause: Evasion moves are banned
|rule|Endless Battle Clause: Forcing endless battles is banned
|rule|HP Percentage Mod: HP is shown in percentages
|rule|Dynamax Clause: You cannot dynamax
|clearpoke
|poke|p1|Regieleki|
|poke|p1|Moltres-Galar|
|poke|p1|Rillaboom, F|
|poke|p1|Kommo-o, M|
|poke|p1|Slowbro-Galar, F|
|poke|p1|Aegislash, M|
|poke|p2|Swampert, M|
|poke|p2|Corviknight, M|
|poke|p2|Blissey, F|
|poke|p2|Rillaboom, F|
|poke|p2|Dragapult, M|
|poke|p2|Conkeldurr, F|
|teampreview
|inactive|Battle timer is ON: inactive players will automatically lose when time's up. (requested by OUTD Wraks2)
|
|t:|1666026760
|start
|switch|p1a: Regieleki|Regieleki|100/100
|switch|p2a: Dragapult|Dragapult, M|100/100
|turn|1
|
|t:|1666026765
|move|p1a: Regieleki|Reflect|p1a: Regieleki
|-sidestart|p1: verilsiswag|Reflect
|move|p2a: Dragapult|Draco Meteor|p1a: Regieleki
|-damage|p1a: Regieleki|0 fnt
|-unboost|p2a: Dragapult|spa|2
|faint|p1a: Regieleki
|
|upkeep
|
|t:|1666026787
|switch|p1a: Aegislash|Aegislash, M|100/100
|turn|2
|
|t:|1666026800
|switch|p2a: Conkeldurr|Conkeldurr, F|100/100
|-formechange|p1a: Aegislash|Aegislash-Blade||[from] ability: Stance Change
|move|p1a: Aegislash|Flash Cannon|p2a: Conkeldurr
|-damage|p2a: Conkeldurr|36/100
|
|-status|p2a: Conkeldurr|brn|[from] item: Flame Orb
|upkeep
|turn|3
|
|t:|1666026807
|switch|p2a: Swampert|Swampert, M|100/100
|move|p1a: Aegislash|Flash Cannon|p2a: Swampert
|-resisted|p2a: Swampert
|-damage|p2a: Swampert|86/100
|
|-heal|p2a: Swampert|92/100|[from] item: Leftovers
|upkeep
|turn|4
|
|t:|1666026816
|switch|p1a: Slowbro|Slowbro-Galar, F|100/100
|move|p2a: Swampert|Stealth Rock|p1a: Slowbro
|-sidestart|p1: verilsiswag|move: Stealth Rock
|
|-heal|p2a: Swampert|98/100|[from] item: Leftovers
|upkeep
|turn|5
|
|t:|1666026821
|move|p2a: Swampert|Flip Turn|p1a: Slowbro
|-damage|p1a: Slowbro|91/100
|
|t:|1666026829
|switch|p2a: Conkeldurr|Conkeldurr, F|36/100 brn|[from]move: Flip Turn
|move|p1a: Slowbro|Nasty Plot|p1a: Slowbro
|-boost|p1a: Slowbro|spa|2
|
|-damage|p2a: Conkeldurr|30/100 brn|[from] brn
|upkeep
|turn|6
|-activate|p1a: Slowbro|ability: Quick Draw
|
|t:|1666026835
|move|p1a: Slowbro|Psychic|p2a: Conkeldurr
|-supereffective|p2a: Conkeldurr
|-damage|p2a: Conkeldurr|0 fnt
|faint|p2a: Conkeldurr
|
|upkeep
|
|t:|1666026842
|switch|p2a: Dragapult|Dragapult, M|100/100
|turn|7
|-activate|p1a: Slowbro|item: Quick Claw
|
|t:|1666026846
|move|p1a: Slowbro|Ice Beam|p2a: Dragapult
|-supereffective|p2a: Dragapult
|-crit|p2a: Dragapult
|-damage|p2a: Dragapult|0 fnt
|faint|p2a: Dragapult
|
|upkeep
|
|t:|1666026850
|switch|p2a: Swampert|Swampert, M|98/100
|turn|8
|
|t:|1666026852
|move|p2a: Swampert|Earthquake|p1a: Slowbro
|-supereffective|p1a: Slowbro
|-damage|p1a: Slowbro|59/100
|move|p1a: Slowbro|Psychic|p2a: Swampert
|-damage|p2a: Swampert|45/100
|
|-heal|p2a: Swampert|51/100|[from] item: Leftovers
|-sideend|p1: verilsiswag|Reflect
|upkeep
|turn|9
|-activate|p1a: Slowbro|ability: Quick Draw
|
|t:|1666026858
|move|p1a: Slowbro|Psychic|p2a: Swampert
|-damage|p2a: Swampert|0 fnt
|faint|p2a: Swampert
|
|upkeep
|
|t:|1666026861
|switch|p2a: Rillaboom|Rillaboom, F|100/100
|-fieldstart|move: Grassy Terrain|[from] ability: Grassy Surge|[of] p2a: Rillaboom
|turn|10
|
|t:|1666026864
|move|p2a: Rillaboom|Knock Off|p1a: Slowbro
|-supereffective|p1a: Slowbro
|-damage|p1a: Slowbro|0 fnt
|-enditem|p1a: Slowbro|Quick Claw|[from] move: Knock Off|[of] p2a: Rillaboom
|faint|p1a: Slowbro
|
|upkeep
|
|t:|1666026877
|switch|p1a: Moltres|Moltres-Galar|100/100
|-damage|p1a: Moltres|76/100|[from] Stealth Rock
|turn|11
|
|t:|1666026881
|switch|p2a: Blissey|Blissey, F|100/100
|move|p1a: Moltres|Rest|p1a: Moltres
|-status|p1a: Moltres|slp|[from] move: Rest
|-heal|p1a: Moltres|100/100 slp|[silent]
|-enditem|p1a: Moltres|Chesto Berry|[eat]
|-curestatus|p1a: Moltres|slp|[msg]
|
|upkeep
|turn|12
|
|t:|1666026885
|switch|p1a: Aegislash|Aegislash, M|100/100
|-damage|p1a: Aegislash|94/100|[from] Stealth Rock
|move|p2a: Blissey|Toxic|p1a: Aegislash
|-immune|p1a: Aegislash
|
|-heal|p1a: Aegislash|100/100|[from] Grassy Terrain
|upkeep
|turn|13
|
|t:|1666026889
|-formechange|p1a: Aegislash|Aegislash-Blade||[from] ability: Stance Change
|move|p1a: Aegislash|Shadow Sneak|p2a: Blissey
|-immune|p2a: Blissey
|move|p2a: Blissey|Teleport|p2a: Blissey
|
|t:|1666026894
|switch|p2a: Rillaboom|Rillaboom, F|100/100|[from]move: Teleport
|
|upkeep
|turn|14
|
|t:|1666026899
|switch|p1a: Rillaboom|Rillaboom, F|100/100
|-damage|p1a: Rillaboom|88/100|[from] Stealth Rock
|move|p2a: Rillaboom|Knock Off|p1a: Rillaboom
|-damage|p1a: Rillaboom|28/100
|-enditem|p1a: Rillaboom|Life Orb|[from] move: Knock Off|[of] p2a: Rillaboom
|
|-heal|p1a: Rillaboom|35/100|[from] Grassy Terrain
|-fieldend|move: Grassy Terrain
|upkeep
|turn|15
|
|t:|1666026909
|move|p1a: Rillaboom|Wood Hammer|p2a: Rillaboom
|-resisted|p2a: Rillaboom
|-damage|p2a: Rillaboom|66/100
|-damage|p1a: Rillaboom|23/100|[from] Recoil
|move|p2a: Rillaboom|Knock Off|p1a: Rillaboom
|-damage|p1a: Rillaboom|0 fnt
|faint|p1a: Rillaboom
|
|upkeep
|
|t:|1666026914
|switch|p1a: Kommo-o|Kommo-o, M|100/100
|-damage|p1a: Kommo-o|94/100|[from] Stealth Rock
|turn|16
|
|t:|1666026917
|switch|p2a: Corviknight|Corviknight, M|100/100
|-ability|p2a: Corviknight|Pressure
|move|p1a: Kommo-o|Clangorous Soul|p1a: Kommo-o
|-boost|p1a: Kommo-o|atk|1
|-boost|p1a: Kommo-o|def|1
|-boost|p1a: Kommo-o|spa|1
|-boost|p1a: Kommo-o|spd|1
|-boost|p1a: Kommo-o|spe|1
|-damage|p1a: Kommo-o|61/100
|-enditem|p1a: Kommo-o|Throat Spray
|-boost|p1a: Kommo-o|spa|1|[from] item: Throat Spray
|
|upkeep
|turn|17
|
|t:|1666026922
|move|p1a: Kommo-o|Boomburst|p2a: Corviknight
|-resisted|p2a: Corviknight
|-damage|p2a: Corviknight|66/100
|move|p2a: Corviknight|Brave Bird|p1a: Kommo-o
|-supereffective|p1a: Kommo-o
|-damage|p1a: Kommo-o|17/100
|-damage|p2a: Corviknight|55/100|[from] Recoil
|
|upkeep
|turn|18
|
|t:|1666026929
|move|p1a: Kommo-o|Clanging Scales|p2a: Corviknight
|-resisted|p2a: Corviknight
|-damage|p2a: Corviknight|14/100
|-unboost|p1a: Kommo-o|def|1
|move|p2a: Corviknight|Brave Bird|p1a: Kommo-o
|-supereffective|p1a: Kommo-o
|-damage|p1a: Kommo-o|0 fnt
|faint|p1a: Kommo-o
|-damage|p2a: Corviknight|10/100|[from] Recoil
|
|upkeep
|
|t:|1666026936
|switch|p1a: Aegislash|Aegislash, M|100/100
|-damage|p1a: Aegislash|94/100|[from] Stealth Rock
|turn|19
|
|t:|1666026944
|-formechange|p1a: Aegislash|Aegislash-Blade||[from] ability: Stance Change
|move|p1a: Aegislash|Shadow Ball|p2a: Corviknight
|-damage|p2a: Corviknight|0 fnt
|faint|p2a: Corviknight
|
|upkeep
|
|t:|1666026949
|switch|p2a: Rillaboom|Rillaboom, F|66/100
|-fieldstart|move: Grassy Terrain|[from] ability: Grassy Surge|[of] p2a: Rillaboom
|turn|20
|
|t:|1666026957
|switch|p1a: Moltres|Moltres-Galar|100/100
|-damage|p1a: Moltres|76/100|[from] Stealth Rock
|move|p2a: Rillaboom|U-turn|p1a: Moltres
|-damage|p1a: Moltres|34/100
|-ability|p1a: Moltres|Berserk|boost
|-boost|p1a: Moltres|spa|1
|
|t:|1666026960
|switch|p2a: Blissey|Blissey, F|100/100|[from]move: U-turn
|
|upkeep
|turn|21
|
|t:|1666026970
|move|p1a: Moltres|Nasty Plot|p1a: Moltres
|-boost|p1a: Moltres|spa|2
|move|p2a: Blissey|Seismic Toss|p1a: Moltres
|-damage|p1a: Moltres|3/100
|
|upkeep
|turn|22
|
|t:|1666026978
|move|p1a: Moltres|Rest|p1a: Moltres
|-status|p1a: Moltres|slp|[from] move: Rest
|-heal|p1a: Moltres|100/100 slp|[silent]
|move|p2a: Blissey|Teleport|p2a: Blissey
|
|t:|1666026981
|switch|p2a: Rillaboom|Rillaboom, F|66/100|[from]move: Teleport
|
|-heal|p2a: Rillaboom|72/100|[from] Grassy Terrain
|upkeep
|turn|23
|
|t:|1666026985
|cant|p1a: Moltres|slp
|move|p2a: Rillaboom|Wood Hammer|p1a: Moltres
|-resisted|p1a: Moltres
|-damage|p1a: Moltres|25/100 slp
|-damage|p2a: Rillaboom|49/100|[from] Recoil
|-ability|p1a: Moltres|Berserk|boost
|-boost|p1a: Moltres|spa|1
|
|-heal|p2a: Rillaboom|55/100|[from] Grassy Terrain
|upkeep
|turn|24
|
|t:|1666026994
|cant|p1a: Moltres|slp
|move|p2a: Rillaboom|Wood Hammer|p1a: Moltres
|-resisted|p1a: Moltres
|-damage|p1a: Moltres|0 fnt
|faint|p1a: Moltres
|-damage|p2a: Rillaboom|47/100|[from] Recoil
|
|-heal|p2a: Rillaboom|54/100|[from] Grassy Terrain
|-fieldend|move: Grassy Terrain
|upkeep
|
|t:|1666026996
|switch|p1a: Aegislash|Aegislash, M|94/100
|-damage|p1a: Aegislash|88/100|[from] Stealth Rock
|turn|25
|
|t:|1666027004
|switch|p2a: Blissey|Blissey, F|100/100
|-formechange|p1a: Aegislash|Aegislash-Blade||[from] ability: Stance Change
|move|p1a: Aegislash|Close Combat|p2a: Blissey
|-supereffective|p2a: Blissey
|-damage|p2a: Blissey|36/100
|-unboost|p1a: Aegislash|def|1
|-unboost|p1a: Aegislash|spd|1
|
|upkeep
|turn|26
|
|t:|1666027010
|move|p1a: Aegislash|Close Combat|p2a: Blissey
|-supereffective|p2a: Blissey
|-damage|p2a: Blissey|0 fnt
|-unboost|p1a: Aegislash|def|1
|-unboost|p1a: Aegislash|spd|1
|faint|p2a: Blissey
|
|upkeep
|
|t:|1666027012
|switch|p2a: Rillaboom|Rillaboom, F|54/100
|-fieldstart|move: Grassy Terrain|[from] ability: Grassy Surge|[of] p2a: Rillaboom
|turn|27
|-message|verilsiswag forfeited.
|
|win|OUTD Wraks2
|raw|verilsiswag's rating: 1350 &rarr; <strong>1328</strong><br />(-22 for losing)
|raw|OUTD Wraks2's rating: 1314 &rarr; <strong>1336</strong><br />(+22 for winning)
|l|☆verilsiswag
||Ladder isn't responding, score probably updated but might not have (Request timeout).
