|raw|<div class="broadcast-blue"><strong>This battle is required to be public due to a player having a name starting with 'lt81yl'.</div>
|j|☆The Last Hero
|j|☆LT81YL sadfrog
|t:|1625305502
|gametype|singles
|player|p1|The Last Hero|acetrainersnow|1596
|player|p2|LT81YL sadfrog|1|1635
|teamsize|p1|6
|teamsize|p2|6
|gen|8
|tier|[Gen 8] OU
|rated|
|rule|Sleep Clause Mod: Limit one foe put to sleep
|rule|Species Clause: Limit one of each Pokémon
|rule|OHKO Clause: OHKO moves are banned
|rule|Evasion Moves Clause: Evasion moves are banned
|rule|Endless Battle Clause: Forcing endless battles is banned
|rule|HP Percentage Mod: HP is shown in percentages
|rule|Dynamax Clause: You cannot dynamax
|clearpoke
|poke|p1|Torkoal, M|
|poke|p1|Shiftry, M|
|poke|p1|Venusaur, M|
|poke|p1|Victini|
|poke|p1|Garchomp, M|
|poke|p1|Rotom-Wash|
|poke|p2|Mew|
|poke|p2|Volcarona, M|
|poke|p2|Dragapult, F|
|poke|p2|Cloyster, M|
|poke|p2|Garchomp, M|
|poke|p2|Bisharp, M|
|teampreview
|inactive|Battle timer is ON: inactive players will automatically lose when time's up. (requested by The Last Hero)
|
|t:|1625305529
|start
|switch|p1a: TT7|Torkoal, M|100/100
|switch|p2a: Mew|Mew|100/100
|-weather|SunnyDay|[from] ability: Drought|[of] p1a: TT7
|turn|1
|
|t:|1625305532
|move|p2a: Mew|Taunt|p1a: TT7
|-start|p1a: TT7|move: Taunt
|move|p1a: TT7|Rapid Spin|p2a: Mew
|-damage|p2a: Mew|93/100
|-boost|p1a: TT7|spe|1
|-enditem|p2a: Mew|Red Card|[of] p1a: TT7
|drag|p1a: Chompy|Garchomp, M|100/100
|
|-weather|SunnyDay|[upkeep]
|upkeep
|turn|2
|
|t:|1625305539
|move|p1a: Chompy|Swords Dance|p1a: Chompy
|-boost|p1a: Chompy|atk|2
|move|p2a: Mew|Stealth Rock|p1a: Chompy
|-sidestart|p1: The Last Hero|move: Stealth Rock
|
|-weather|SunnyDay|[upkeep]
|upkeep
|turn|3
|
|t:|1625305542
|move|p1a: Chompy|Earthquake|p2a: Mew
|-damage|p2a: Mew|0 fnt
|faint|p2a: Mew
|-damage|p1a: Chompy|91/100|[from] item: Life Orb
|
|-weather|SunnyDay|[upkeep]
|upkeep
|
|t:|1625305548
|switch|p2a: Dragapult|Dragapult, F|100/100
|turn|4
|
|t:|1625305556
|move|p2a: Dragapult|U-turn|p1a: Chompy
|-crit|p1a: Chompy
|-damage|p1a: Chompy|65/100
|
|t:|1625305559
|switch|p2a: Garchomp|Garchomp, M|100/100|[from]move: U-turn
|move|p1a: Chompy|Scale Shot|p2a: Garchomp
|-supereffective|p2a: Garchomp
|-damage|p2a: Garchomp|30/100
|-supereffective|p2a: Garchomp
|-damage|p2a: Garchomp|0 fnt
|faint|p2a: Garchomp
|-hitcount|p2: Garchomp|2
|-unboost|p1a: Chompy|def|1
|-boost|p1a: Chompy|spe|1
|-damage|p1a: Chompy|55/100|[from] item: Life Orb
|
|-weather|SunnyDay|[upkeep]
|upkeep
|
|t:|1625305562
|switch|p2a: Cloyster|Cloyster, M|100/100
|turn|5
|
|t:|1625305565
|switch|p1a: Inundación|Rotom-Wash|100/100
|-damage|p1a: Inundación|88/100|[from] Stealth Rock
|move|p2a: Cloyster|Ice Shard|p1a: Inundación
|-resisted|p1a: Inundación
|-damage|p1a: Inundación|78/100
|
|-weather|SunnyDay|[upkeep]
|-heal|p1a: Inundación|84/100|[from] item: Leftovers
|upkeep
|turn|6
|
|t:|1625305569
|switch|p2a: Dragapult|Dragapult, F|100/100
|move|p1a: Inundación|Volt Switch|p2a: Dragapult
|-resisted|p2a: Dragapult
|-damage|p2a: Dragapult|82/100
|
|t:|1625305572
|switch|p1a: Narizotas|Shiftry, M|100/100|[from]move: Volt Switch
|-damage|p1a: Narizotas|88/100|[from] Stealth Rock
|
|-weather|SunnyDay|[upkeep]
|upkeep
|turn|7
|
|t:|1625305578
|move|p1a: Narizotas|Knock Off|p2a: Dragapult
|-supereffective|p2a: Dragapult
|-damage|p2a: Dragapult|0 fnt
|-enditem|p2a: Dragapult|Choice Specs|[from] move: Knock Off|[of] p1a: Narizotas
|faint|p2a: Dragapult
|-damage|p1a: Narizotas|78/100|[from] item: Life Orb
|
|-weather|SunnyDay|[upkeep]
|upkeep
|
|t:|1625305582
|switch|p2a: Cloyster|Cloyster, M|100/100
|turn|8
|
|t:|1625305587
|move|p1a: Narizotas|Solar Blade||[still]
|-prepare|p1a: Narizotas|Solar Blade
|-anim|p1a: Narizotas|Solar Blade|p2a: Cloyster
|-supereffective|p2a: Cloyster
|-damage|p2a: Cloyster|0 fnt
|faint|p2a: Cloyster
|-damage|p1a: Narizotas|68/100|[from] item: Life Orb
|
|-weather|none
|upkeep
|
|t:|1625305592
|switch|p2a: Volcarona|Volcarona, M|100/100
|turn|9
|
|t:|1625305597
|move|p2a: Volcarona|Quiver Dance|p2a: Volcarona
|-boost|p2a: Volcarona|spa|1
|-boost|p2a: Volcarona|spd|1
|-boost|p2a: Volcarona|spe|1
|move|p1a: Narizotas|Knock Off|p2a: Volcarona
|-damage|p2a: Volcarona|15/100
|-enditem|p2a: Volcarona|Heavy-Duty Boots|[from] move: Knock Off|[of] p1a: Narizotas
|-damage|p1a: Narizotas|58/100|[from] item: Life Orb
|
|upkeep
|turn|10
|
|t:|1625305602
|move|p2a: Volcarona|Flamethrower|p1a: Narizotas
|-supereffective|p1a: Narizotas
|-damage|p1a: Narizotas|0 fnt
|faint|p1a: Narizotas
|
|upkeep
|
|t:|1625305605
|switch|p1a: Vintini|Victini|100/100
|-damage|p1a: Vintini|76/100|[from] Stealth Rock
|turn|11
|
|t:|1625305609
|move|p2a: Volcarona|Bug Buzz|p1a: Vintini
|-damage|p1a: Vintini|17/100
|move|p1a: Vintini|V-create|p2a: Volcarona
|-crit|p2a: Volcarona
|-damage|p2a: Volcarona|0 fnt
|-unboost|p1a: Vintini|spe|1
|-unboost|p1a: Vintini|def|1
|-unboost|p1a: Vintini|spd|1
|faint|p2a: Volcarona
|
|upkeep
|
|t:|1625305612
|switch|p2a: Bisharp|Bisharp, M|100/100
|turn|12
|
|t:|1625305615
|move|p2a: Bisharp|Sucker Punch|p1a: Vintini
|-supereffective|p1a: Vintini
|-damage|p1a: Vintini|0 fnt
|faint|p1a: Vintini
|-damage|p2a: Bisharp|91/100|[from] item: Life Orb
|
|upkeep
|
|t:|1625305617
|switch|p1a: TT7|Torkoal, M|100/100
|-damage|p1a: TT7|76/100|[from] Stealth Rock
|-weather|SunnyDay|[from] ability: Drought|[of] p1a: TT7
|turn|13
|
|t:|1625305623
|move|p2a: Bisharp|Swords Dance|p2a: Bisharp
|-boost|p2a: Bisharp|atk|2
|move|p1a: TT7|Lava Plume|p2a: Bisharp
|-supereffective|p2a: Bisharp
|-damage|p2a: Bisharp|0 fnt
|faint|p2a: Bisharp
|
|win|The Last Hero
|raw|The Last Hero's rating: 1596 &rarr; <strong>1618</strong><br />(+22 for winning)
|raw|LT81YL sadfrog's rating: 1635 &rarr; <strong>1613</strong><br />(-22 for losing)
|l|☆LT81YL sadfrog
