|j|☆Kyerndo
|j|☆Run For Me Plz
|t:|1644221597
|gametype|singles
|player|p1|Kyerndo|psychic|1570
|player|p2|Run For Me Plz|grimsley-gen7|1607
|teamsize|p1|6
|teamsize|p2|6
|gen|8
|tier|[Gen 8] OU
|rated|
|rule|Sleep Clause Mod: Limit one foe put to sleep
|rule|Species Clause: Limit one of each Pokémon
|rule|OHKO Clause: OHKO moves are banned
|rule|Evasion Moves Clause: Evasion moves are banned
|rule|Endless Battle Clause: Forcing endless battles is banned
|rule|HP Percentage Mod: HP is shown in percentages
|rule|Dynamax Clause: You cannot dynamax
|clearpoke
|poke|p1|Crawdaunt, F|
|poke|p1|Marowak-Alola, M|
|poke|p1|Dragalge, F|
|poke|p1|Hatterene, F|
|poke|p1|Porygon2|
|poke|p1|Cresselia, F|
|poke|p2|Victini|
|poke|p2|Kartana|
|poke|p2|Corviknight, F|
|poke|p2|Blissey, F|
|poke|p2|Slowking, F|
|poke|p2|Buzzwole|
|teampreview
|inactive|Battle timer is ON: inactive players will automatically lose when time's up. (requested by Run For Me Plz)
|
|t:|1644221610
|start
|switch|p1a: Dragalge|Dragalge, F|100/100
|switch|p2a: Victini|Victini|100/100
|turn|1
|j| TheErlind
|j| kmj31
|l| TheErlind
|
|t:|1644221618
|move|p2a: Victini|Psyshock|p1a: Dragalge
|-supereffective|p1a: Dragalge
|-damage|p1a: Dragalge|17/100
|move|p1a: Dragalge|Draco Meteor|p2a: Victini
|-damage|p2a: Victini|0 fnt
|-unboost|p1a: Dragalge|spa|2
|faint|p2a: Victini
|
|upkeep
|
|t:|1644221627
|switch|p2a: Kartana|Kartana, shiny|100/100
|turn|2
|
|t:|1644221638
|switch|p1a: Crawdaunt|Crawdaunt, F|100/100
|move|p2a: Kartana|Knock Off|p1a: Crawdaunt
|-resisted|p1a: Crawdaunt
|-damage|p1a: Crawdaunt|64/100
|-enditem|p1a: Crawdaunt|Life Orb|[from] move: Knock Off|[of] p2a: Kartana
|
|upkeep
|turn|3
|j| Jsjdjejej
|l| Jsjdjejej
|
|t:|1644221646
|switch|p2a: Corviknight|Corviknight, F|100/100
|-ability|p2a: Corviknight|Pressure
|move|p1a: Crawdaunt|Knock Off|p2a: Corviknight
|-damage|p2a: Corviknight|59/100
|-enditem|p2a: Corviknight|Leftovers|[from] move: Knock Off|[of] p1a: Crawdaunt
|
|upkeep
|turn|4
|
|t:|1644221649
|move|p2a: Corviknight|U-turn|p1a: Crawdaunt
|-supereffective|p1a: Crawdaunt
|-damage|p1a: Crawdaunt|32/100
|
|t:|1644221652
|switch|p2a: Buzzwole|Buzzwole|100/100|[from]move: U-turn
|move|p1a: Crawdaunt|Crabhammer|p2a: Buzzwole
|-damage|p2a: Buzzwole|63/100
|
|upkeep
|turn|5
|
|t:|1644221660
|switch|p1a: Hatterene|Hatterene, F|100/100
|move|p2a: Buzzwole|Roost|p2a: Buzzwole
|-heal|p2a: Buzzwole|100/100
|-singleturn|p2a: Buzzwole|move: Roost
|
|upkeep
|turn|6
|j| kind of liked it
|
|t:|1644221665
|switch|p2a: Slowking|Slowking, F|100/100
|move|p1a: Hatterene|Trick Room|p1a: Hatterene
|-fieldstart|move: Trick Room|[of] p1a: Hatterene
|
|upkeep
|turn|7
|l| kmj31
|
|t:|1644221677
|switch|p1a: Marowak|Marowak-Alola, M|100/100
|move|p2a: Slowking|Future Sight|p1a: Marowak
|-start|p2a: Slowking|move: Future Sight
|
|upkeep
|turn|8
|
|t:|1644221681
|move|p2a: Slowking|Scald|p1a: Marowak
|-supereffective|p1a: Marowak
|-damage|p1a: Marowak|26/100
|move|p1a: Marowak|Poltergeist|p2a: Slowking
|-activate|p2a: Slowking|move: Poltergeist|Heavy-Duty Boots
|-supereffective|p2a: Slowking
|-damage|p2a: Slowking|0 fnt
|faint|p2a: Slowking
|
|upkeep
|j| G-Cis91
|
|t:|1644221693
|switch|p2a: Buzzwole|Buzzwole|100/100
|turn|9
|
|t:|1644221703
|switch|p1a: Crawdaunt|Crawdaunt, F|32/100
|move|p2a: Buzzwole|Bulk Up|p2a: Buzzwole
|-boost|p2a: Buzzwole|atk|1
|-boost|p2a: Buzzwole|def|1
|
|-end|p1a: Crawdaunt|move: Future Sight
|-immune|p1a: Crawdaunt
|upkeep
|turn|10
|
|t:|1644221711
|move|p1a: Crawdaunt|Crabhammer|p2a: Buzzwole
|-damage|p2a: Buzzwole|77/100
|move|p2a: Buzzwole|Bulk Up|p2a: Buzzwole
|-boost|p2a: Buzzwole|atk|1
|-boost|p2a: Buzzwole|def|1
|
|-fieldend|move: Trick Room
|upkeep
|turn|11
|l| kind of liked it
|
|t:|1644221716
|move|p2a: Buzzwole|Bulk Up|p2a: Buzzwole
|-boost|p2a: Buzzwole|atk|1
|-boost|p2a: Buzzwole|def|1
|move|p1a: Crawdaunt|Crabhammer|p2a: Buzzwole
|-damage|p2a: Buzzwole|61/100
|
|upkeep
|turn|12
|
|t:|1644221720
|move|p2a: Buzzwole|Roost|p2a: Buzzwole
|-heal|p2a: Buzzwole|100/100
|-singleturn|p2a: Buzzwole|move: Roost
|move|p1a: Crawdaunt|Crabhammer|p2a: Buzzwole
|-damage|p2a: Buzzwole|85/100
|
|upkeep
|turn|13
|c|☆Kyerndo|You know I have sash hatterene
|inactive|Kyerndo has 120 seconds left.
|c|☆Kyerndo|So just kill the freaking crawdaunt already
|
|t:|1644221763
|move|p2a: Buzzwole|Drain Punch|p1a: Crawdaunt
|-supereffective|p1a: Crawdaunt
|-damage|p1a: Crawdaunt|0 fnt
|-heal|p2a: Buzzwole|98/100|[from] drain|[of] p1a: Crawdaunt
|faint|p1a: Crawdaunt
|-ability|p2a: Buzzwole|Beast Boost|boost
|-boost|p2a: Buzzwole|def|1
|
|upkeep
|
|t:|1644221768
|switch|p1a: Hatterene|Hatterene, F|100/100
|turn|14
|
|t:|1644221772
|move|p2a: Buzzwole|Ice Punch|p1a: Hatterene
|-damage|p1a: Hatterene|46/100
|-status|p1a: Hatterene|frz
|-curestatus|p1a: Hatterene|frz|[msg]
|move|p1a: Hatterene|Trick Room|p1a: Hatterene
|-fieldstart|move: Trick Room|[of] p1a: Hatterene
|
|upkeep
|turn|15
|
|t:|1644221779
|switch|p2a: Blissey|Blissey, F, shiny|100/100
|move|p1a: Hatterene|Psychic|p2a: Blissey
|-damage|p2a: Blissey|82/100
|
|upkeep
|turn|16
|
|t:|1644221786
|move|p1a: Hatterene|Healing Wish|p1a: Hatterene
|faint|p1a: Hatterene
|move|p2a: Blissey|Seismic Toss|p1: Hatterene|[notarget]
|-fail|p2a: Blissey
|
|upkeep
|
|t:|1644221789
|switch|p1a: Marowak|Marowak-Alola, M|26/100
|-heal|p1a: Marowak|100/100|[from] move: Healing Wish
|turn|17
|
|t:|1644221795
|move|p1a: Marowak|Flare Blitz|p2a: Blissey
|-damage|p2a: Blissey|0 fnt
|faint|p2a: Blissey
|
|upkeep
|
|t:|1644221800
|switch|p2a: Corviknight|Corviknight, F|59/100
|-ability|p2a: Corviknight|Pressure
|turn|18
|
|t:|1644221802
|move|p1a: Marowak|Flare Blitz|p2a: Corviknight
|-supereffective|p2a: Corviknight
|-damage|p2a: Corviknight|0 fnt
|faint|p2a: Corviknight
|
|-fieldend|move: Trick Room
|upkeep
|
|t:|1644221804
|switch|p2a: Kartana|Kartana, shiny|100/100
|turn|19
|
|t:|1644221810
|switch|p1a: Dragalge|Dragalge, F|17/100
|move|p2a: Kartana|Knock Off|p1a: Dragalge
|-damage|p1a: Dragalge|0 fnt
|-enditem|p1a: Dragalge|Choice Specs|[from] move: Knock Off|[of] p2a: Kartana
|faint|p1a: Dragalge
|-ability|p2a: Kartana|Beast Boost|boost
|-boost|p2a: Kartana|atk|1
|
|upkeep
|
|t:|1644221813
|switch|p1a: Porygon2|Porygon2|100/100
|-ability|p1a: Porygon2|Beast Boost|[from] ability: Trace|[of] p2a: Kartana
|turn|20
|
|t:|1644221815
|move|p2a: Kartana|Knock Off|p1a: Porygon2
|-crit|p1a: Porygon2
|-damage|p1a: Porygon2|11/100
|-enditem|p1a: Porygon2|Eviolite|[from] move: Knock Off|[of] p2a: Kartana
|move|p1a: Porygon2|Trick Room|p1a: Porygon2
|-fieldstart|move: Trick Room|[of] p1a: Porygon2
|
|upkeep
|turn|21
|
|t:|1644221817
|move|p2a: Kartana|Knock Off|p1a: Porygon2
|-damage|p1a: Porygon2|0 fnt
|faint|p1a: Porygon2
|-ability|p2a: Kartana|Beast Boost|boost
|-boost|p2a: Kartana|atk|1
|
|upkeep
|
|t:|1644221819
|switch|p1a: Marowak|Marowak-Alola, M|100/100
|turn|22
|
|t:|1644221824
|move|p1a: Marowak|Flare Blitz|p2a: Kartana
|-supereffective|p2a: Kartana
|-damage|p2a: Kartana|0 fnt
|faint|p2a: Kartana
|
|upkeep
|
|t:|1644221826
|switch|p2a: Buzzwole|Buzzwole|98/100
|turn|23
|
|t:|1644221828
|move|p1a: Marowak|Flare Blitz|p2a: Buzzwole
|-supereffective|p2a: Buzzwole
|-damage|p2a: Buzzwole|0 fnt
|faint|p2a: Buzzwole
|
|win|Kyerndo
|raw|Kyerndo's rating: 1570 &rarr; <strong>1592</strong><br />(+22 for winning)
|raw|Run For Me Plz's rating: 1607 &rarr; <strong>1585</strong><br />(-22 for losing)
|l|☆Run For Me Plz
|l| G-Cis91
