|html|<div class="broadcast-blue"><strong>[Gen 8] OU is currently suspecting Melmetal! For information on how to participate check out the <a href="https://www.smogon.com/forums/threads/np-ss-ou-suspect-process-round-12-monster-mash.3709234/">suspect thread</a>.</strong></div>
|j|☆jawabarat
|j|☆dd absol
|t:|1666130166
|gametype|singles
|player|p1|jawabarat|artist-gen4|1794
|player|p2|dd absol|acetrainerf|1752
|teamsize|p1|6
|teamsize|p2|6
|gen|8
|tier|[Gen 8] OU
|rated|
|rule|Sleep Clause Mod: Limit one foe put to sleep
|rule|Species Clause: Limit one of each Pokémon
|rule|OHKO Clause: OHKO moves are banned
|rule|Evasion Items Clause: Evasion items are banned
|rule|Evasion Moves Clause: Evasion moves are banned
|rule|Endless Battle Clause: Forcing endless battles is banned
|rule|HP Percentage Mod: HP is shown in percentages
|rule|Dynamax Clause: You cannot dynamax
|clearpoke
|poke|p1|Clefable, M|
|poke|p1|Tornadus-Therian, M|
|poke|p1|Toxapex, F|
|poke|p1|Corviknight, F|
|poke|p1|Gastrodon, M|
|poke|p1|Blissey, F|
|poke|p2|Dragapult, F|
|poke|p2|Kartana|
|poke|p2|Tyranitar, F|
|poke|p2|Tangrowth, F|
|poke|p2|Corviknight, M|
|poke|p2|Slowking-Galar, M|
|teampreview
|
|t:|1666130182
|start
|switch|p1a: Toxapex|Toxapex, F|100/100
|switch|p2a: Dragapult|Dragapult, F|100/100
|turn|1
|
|t:|1666130188
|move|p2a: Dragapult|U-turn|p1a: Toxapex
|-resisted|p1a: Toxapex
|-damage|p1a: Toxapex|95/100
|j| Burnt Bright
|inactive|Battle timer is ON: inactive players will automatically lose when time's up. (requested by jawabarat)
|
|t:|1666130210
|switch|p2a: Tangrowth|Tangrowth, F|100/100|[from]move: U-turn
|move|p1a: Toxapex|Knock Off|p2a: Tangrowth
|-damage|p2a: Tangrowth|93/100
|-damage|p1a: Toxapex|78/100|[from] item: Rocky Helmet|[of] p2a: Tangrowth
|-enditem|p2a: Tangrowth|Rocky Helmet|[from] move: Knock Off|[of] p1a: Toxapex
|
|upkeep
|turn|2
|
|t:|1666130224
|move|p2a: Tangrowth|Knock Off|p1a: Toxapex
|-damage|p1a: Toxapex|64/100
|-enditem|p1a: Toxapex|Heavy-Duty Boots|[from] move: Knock Off|[of] p2a: Tangrowth
|move|p1a: Toxapex|Toxic|p2a: Tangrowth
|-status|p2a: Tangrowth|tox
|
|-damage|p2a: Tangrowth|87/100 tox|[from] psn
|upkeep
|turn|3
|
|t:|1666130232
|switch|p2a: Corviknight|Corviknight, M|100/100
|-ability|p2a: Corviknight|Pressure
|move|p1a: Toxapex|Knock Off|p2a: Corviknight
|-damage|p2a: Corviknight|92/100
|-enditem|p2a: Corviknight|Leftovers|[from] move: Knock Off|[of] p1a: Toxapex
|
|upkeep
|turn|4
|
|t:|1666130243
|move|p2a: Corviknight|U-turn|p1a: Toxapex
|-resisted|p1a: Toxapex
|-damage|p1a: Toxapex|59/100
|
|t:|1666130247
|switch|p2a: Tangrowth|Tangrowth, F|100/100 tox|[from]move: U-turn
|move|p1a: Toxapex|Knock Off|p2a: Tangrowth
|-damage|p2a: Tangrowth|95/100 tox
|
|-damage|p2a: Tangrowth|89/100 tox|[from] psn
|upkeep
|turn|5
|
|t:|1666130260
|switch|p2a: Tyranitar|Tyranitar, F|100/100
|-weather|Sandstorm|[from] ability: Sand Stream|[of] p2a: Tyranitar
|move|p1a: Toxapex|Knock Off|p2a: Tyranitar
|-resisted|p2a: Tyranitar
|-damage|p2a: Tyranitar|95/100
|-enditem|p2a: Tyranitar|Leftovers|[from] move: Knock Off|[of] p1a: Toxapex
|
|-weather|Sandstorm|[upkeep]
|-damage|p1a: Toxapex|53/100|[from] Sandstorm
|upkeep
|turn|6
|
|t:|1666130282
|move|p2a: Tyranitar|Earthquake|p1a: Toxapex
|-supereffective|p1a: Toxapex
|-damage|p1a: Toxapex|20/100
|move|p1a: Toxapex|Toxic|p2a: Tyranitar
|-status|p2a: Tyranitar|tox
|
|-weather|Sandstorm|[upkeep]
|-damage|p1a: Toxapex|13/100|[from] Sandstorm
|-damage|p2a: Tyranitar|89/100 tox|[from] psn
|upkeep
|turn|7
|j| BabyPigsAreLaughin
|
|t:|1666130293
|switch|p1a: Clefable|Clefable, M|100/100
|move|p2a: Tyranitar|Stealth Rock|p1a: Clefable
|-sidestart|p1: jawabarat|move: Stealth Rock
|
|-weather|Sandstorm|[upkeep]
|-damage|p2a: Tyranitar|77/100 tox|[from] psn
|upkeep
|turn|8
|
|t:|1666130305
|switch|p2a: Slowking|Slowking-Galar, M|100/100
|switch|p1a: Blissey|Blissey, F|100/100
|
|-weather|Sandstorm|[upkeep]
|-damage|p1a: Blissey|94/100|[from] Sandstorm
|-damage|p2a: Slowking|94/100|[from] Sandstorm
|upkeep
|turn|9
|
|t:|1666130313
|switch|p2a: Corviknight|Corviknight, M|92/100
|-ability|p2a: Corviknight|Pressure
|move|p1a: Blissey|Stealth Rock|p2a: Corviknight
|-sidestart|p2: dd absol|move: Stealth Rock
|
|-weather|none
|upkeep
|turn|10
|
|t:|1666130317
|switch|p1a: Toxapex|Toxapex, F|47/100
|-damage|p1a: Toxapex|34/100|[from] Stealth Rock
|move|p2a: Corviknight|U-turn|p1a: Toxapex
|-resisted|p1a: Toxapex
|-damage|p1a: Toxapex|29/100
|
|t:|1666130319
|switch|p2a: Kartana|Kartana|100/100|[from]move: U-turn
|-damage|p2a: Kartana|94/100|[from] Stealth Rock
|
|upkeep
|turn|11
|
|t:|1666130327
|switch|p1a: Corviknight|Corviknight, F|100/100
|-damage|p1a: Corviknight|88/100|[from] Stealth Rock
|-ability|p1a: Corviknight|Pressure
|move|p2a: Kartana|Knock Off|p1a: Corviknight
|-damage|p1a: Corviknight|50/100
|-enditem|p1a: Corviknight|Shed Shell|[from] move: Knock Off|[of] p2a: Kartana
|
|upkeep
|turn|12
|
|t:|1666130336
|switch|p2a: Corviknight|Corviknight, M|92/100
|-damage|p2a: Corviknight|79/100|[from] Stealth Rock
|-ability|p2a: Corviknight|Pressure
|move|p1a: Corviknight|Roost|p1a: Corviknight
|-heal|p1a: Corviknight|100/100
|-singleturn|p1a: Corviknight|move: Roost
|
|upkeep
|turn|13
|
|t:|1666130343
|switch|p1a: Toxapex|Toxapex, F|63/100
|-damage|p1a: Toxapex|50/100|[from] Stealth Rock
|move|p2a: Corviknight|Defog|p1a: Toxapex
|-unboost|p1a: Toxapex|evasion|1
|-sideend|p1: jawabarat|Stealth Rock|[from] move: Defog|[of] p2a: Corviknight
|-sideend|p2: dd absol|Stealth Rock|[from] move: Defog|[of] p2a: Corviknight
|
|upkeep
|turn|14
|
|t:|1666130350
|move|p2a: Corviknight|U-turn|p1a: Toxapex
|-resisted|p1a: Toxapex
|-damage|p1a: Toxapex|46/100
|
|t:|1666130360
|switch|p2a: Tyranitar|Tyranitar, F|77/100 tox|[from]move: U-turn
|-weather|Sandstorm|[from] ability: Sand Stream|[of] p2a: Tyranitar
|move|p1a: Toxapex|Recover|p1a: Toxapex
|-heal|p1a: Toxapex|96/100
|
|-weather|Sandstorm|[upkeep]
|-damage|p1a: Toxapex|90/100|[from] Sandstorm
|-damage|p2a: Tyranitar|71/100 tox|[from] psn
|upkeep
|turn|15
|
|t:|1666130367
|switch|p1a: Corviknight|Corviknight, F|100/100
|-ability|p1a: Corviknight|Pressure
|move|p2a: Tyranitar|Stealth Rock|p1a: Corviknight
|-sidestart|p1: jawabarat|move: Stealth Rock
|
|-weather|Sandstorm|[upkeep]
|-damage|p2a: Tyranitar|58/100 tox|[from] psn
|upkeep
|turn|16
|
|t:|1666130379
|move|p1a: Corviknight|Defog|p2a: Tyranitar
|-unboost|p2a: Tyranitar|evasion|1
|-sideend|p1: jawabarat|Stealth Rock|[from] move: Defog|[of] p1a: Corviknight
|move|p2a: Tyranitar|Thunder Wave|p1a: Corviknight
|-status|p1a: Corviknight|par
|
|-weather|Sandstorm|[upkeep]
|-damage|p2a: Tyranitar|40/100 tox|[from] psn
|upkeep
|turn|17
|
|t:|1666130390
|switch|p2a: Corviknight|Corviknight, M|79/100
|-ability|p2a: Corviknight|Pressure
|switch|p1a: Blissey|Blissey, F|94/100
|
|-weather|Sandstorm|[upkeep]
|-damage|p1a: Blissey|88/100|[from] Sandstorm
|upkeep
|turn|18
|j| ISimpForNessa
|
|t:|1666130398
|switch|p1a: Gastrodon|Gastrodon, M|100/100
|move|p2a: Corviknight|U-turn|p1a: Gastrodon
|-damage|p1a: Gastrodon|85/100
|
|t:|1666130400
|switch|p2a: Kartana|Kartana|94/100|[from]move: U-turn
|
|-weather|none
|upkeep
|turn|19
|
|t:|1666130407
|switch|p1a: Tornadus|Tornadus-Therian, M|100/100
|move|p2a: Kartana|Knock Off|p1a: Tornadus
|-damage|p1a: Tornadus|22/100
|-enditem|p1a: Tornadus|Heavy-Duty Boots|[from] move: Knock Off|[of] p2a: Kartana
|
|upkeep
|turn|20
|
|t:|1666130416
|switch|p1a: Clefable|Clefable, M|100/100
|switch|p2a: Corviknight|Corviknight, M|79/100
|-ability|p2a: Corviknight|Pressure
|
|upkeep
|turn|21
|
|t:|1666130421
|move|p2a: Corviknight|U-turn|p1a: Clefable
|-resisted|p1a: Clefable
|-damage|p1a: Clefable|95/100
|
|t:|1666130424
|switch|p2a: Slowking|Slowking-Galar, M|100/100|[from]move: U-turn
|move|p1a: Clefable|Thunder|p2a: Slowking
|-damage|p2a: Slowking|87/100
|
|upkeep
|turn|22
|
|t:|1666130431
|switch|p1a: Blissey|Blissey, F|88/100
|switch|p2a: Corviknight|Corviknight, M|79/100
|-ability|p2a: Corviknight|Pressure
|
|upkeep
|turn|23
|l| Burnt Bright
|
|t:|1666130440
|switch|p1a: Tornadus|Tornadus-Therian, M|55/100
|move|p2a: Corviknight|Body Press|p1a: Tornadus
|-resisted|p1a: Tornadus
|-damage|p1a: Tornadus|41/100
|
|upkeep
|turn|24
|
|t:|1666130449
|switch|p1a: Toxapex|Toxapex, F|100/100
|move|p2a: Corviknight|U-turn|p1a: Toxapex
|-resisted|p1a: Toxapex
|-damage|p1a: Toxapex|96/100
|j| OWlDoing
|
|t:|1666130471
|switch|p2a: Tyranitar|Tyranitar, F|40/100 tox|[from]move: U-turn
|-weather|Sandstorm|[from] ability: Sand Stream|[of] p2a: Tyranitar
|
|-weather|Sandstorm|[upkeep]
|-damage|p1a: Toxapex|90/100|[from] Sandstorm
|-damage|p2a: Tyranitar|33/100 tox|[from] psn
|upkeep
|turn|25
|
|t:|1666130488
|switch|p1a: Corviknight|Corviknight, F|100/100 par
|-ability|p1a: Corviknight|Pressure
|move|p2a: Tyranitar|Stealth Rock|p1a: Corviknight
|-sidestart|p1: jawabarat|move: Stealth Rock
|
|-weather|Sandstorm|[upkeep]
|-damage|p2a: Tyranitar|21/100 tox|[from] psn
|upkeep
|turn|26
|
|t:|1666130493
|switch|p2a: Dragapult|Dragapult, F|100/100
|move|p1a: Corviknight|Defog|p2a: Dragapult
|-unboost|p2a: Dragapult|evasion|1
|-sideend|p1: jawabarat|Stealth Rock|[from] move: Defog|[of] p1a: Corviknight
|
|-weather|Sandstorm|[upkeep]
|-damage|p2a: Dragapult|95/100|[from] Sandstorm
|upkeep
|turn|27
|
|t:|1666130502
|switch|p1a: Toxapex|Toxapex, F|100/100
|move|p2a: Dragapult|U-turn|p1a: Toxapex
|-resisted|p1a: Toxapex
|-damage|p1a: Toxapex|95/100
|inactive|dd absol has 120 seconds left.
|
|t:|1666130537
|switch|p2a: Slowking|Slowking-Galar, M|100/100|[from]move: U-turn
|
|-weather|Sandstorm|[upkeep]
|-damage|p1a: Toxapex|89/100|[from] Sandstorm
|-damage|p2a: Slowking|94/100|[from] Sandstorm
|upkeep
|turn|28
|
|t:|1666130540
|move|p1a: Toxapex|Knock Off|p2a: Slowking
|-supereffective|p2a: Slowking
|-damage|p2a: Slowking|64/100
|-enditem|p2a: Slowking|Assault Vest|[from] move: Knock Off|[of] p1a: Toxapex
|move|p2a: Slowking|Psychic|p1a: Toxapex
|-supereffective|p1a: Toxapex
|-crit|p1a: Toxapex
|-damage|p1a: Toxapex|0 fnt
|faint|p1a: Toxapex
|
|-weather|none
|upkeep
|
|t:|1666130552
|switch|p1a: Blissey|Blissey, F|88/100
|turn|29
|
|t:|1666130556
|switch|p2a: Corviknight|Corviknight, M|79/100
|-ability|p2a: Corviknight|Pressure
|move|p1a: Blissey|Stealth Rock|p2a: Corviknight
|-sidestart|p2: dd absol|move: Stealth Rock
|
|upkeep
|turn|30
|
|t:|1666130565
|move|p2a: Corviknight|Defog|p1a: Blissey
|-unboost|p1a: Blissey|evasion|1
|-sideend|p2: dd absol|Stealth Rock|[from] move: Defog|[of] p2a: Corviknight
|move|p1a: Blissey|Heal Bell|p1a: Blissey
|-activate|p1a: Blissey|move: Heal Bell
|-curestatus|p1: Corviknight|par|[msg]
|
|upkeep
|turn|31
|
|t:|1666130571
|switch|p1a: Tornadus|Tornadus-Therian, M|75/100
|move|p2a: Corviknight|U-turn|p1a: Tornadus
|-resisted|p1a: Tornadus
|-damage|p1a: Tornadus|67/100
|
|t:|1666130584
|switch|p2a: Dragapult|Dragapult, F|95/100|[from]move: U-turn
|
|upkeep
|turn|32
|
|t:|1666130593
|switch|p1a: Gastrodon|Gastrodon, M|85/100
|move|p2a: Dragapult|Draco Meteor|p1a: Gastrodon
|-damage|p1a: Gastrodon|46/100
|-unboost|p2a: Dragapult|spa|2
|
|upkeep
|turn|33
|
|t:|1666130598
|move|p2a: Dragapult|U-turn|p1a: Gastrodon
|-damage|p1a: Gastrodon|29/100
|
|t:|1666130600
|switch|p2a: Kartana|Kartana|94/100|[from]move: U-turn
|move|p1a: Gastrodon|Recover|p1a: Gastrodon
|-heal|p1a: Gastrodon|79/100
|
|upkeep
|turn|34
|
|t:|1666130612
|switch|p1a: Tornadus|Tornadus-Therian, M|99/100
|move|p2a: Kartana|Knock Off|p1a: Tornadus
|-damage|p1a: Tornadus|50/100
|
|upkeep
|turn|35
|
|t:|1666130626
|switch|p2a: Corviknight|Corviknight, M|79/100
|-ability|p2a: Corviknight|Pressure
|move|p1a: Tornadus|Hurricane|p2a: Corviknight
|-resisted|p2a: Corviknight
|-damage|p2a: Corviknight|61/100
|
|upkeep
|turn|36
|j| Damage Case
|
|t:|1666130639
|switch|p1a: Clefable|Clefable, M|95/100
|move|p2a: Corviknight|U-turn|p1a: Clefable
|-resisted|p1a: Clefable
|-damage|p1a: Clefable|90/100
|
|t:|1666130642
|switch|p2a: Kartana|Kartana|94/100|[from]move: U-turn
|
|upkeep
|turn|37
|
|t:|1666130652
|switch|p1a: Corviknight|Corviknight, F|100/100
|-ability|p1a: Corviknight|Pressure
|move|p2a: Kartana|Smart Strike|p1a: Corviknight
|-resisted|p1a: Corviknight
|-damage|p1a: Corviknight|79/100
|
|upkeep
|turn|38
|
|t:|1666130663
|switch|p2a: Corviknight|Corviknight, M|61/100
|-ability|p2a: Corviknight|Pressure
|switch|p1a: Blissey|Blissey, F|88/100
|
|upkeep
|turn|39
|
|t:|1666130668
|switch|p1a: Clefable|Clefable, M|90/100
|move|p2a: Corviknight|Roost|p2a: Corviknight
|-heal|p2a: Corviknight|100/100
|-singleturn|p2a: Corviknight|move: Roost
|
|upkeep
|turn|40
|
|t:|1666130675
|switch|p2a: Slowking|Slowking-Galar, M|97/100
|move|p1a: Clefable|Thunder|p2a: Slowking|[miss]
|-miss|p1a: Clefable|p2a: Slowking
|
|upkeep
|turn|41
|
|t:|1666130689
|switch|p1a: Blissey|Blissey, F|88/100
|switch|p2a: Kartana|Kartana|94/100
|
|upkeep
|turn|42
|
|t:|1666130697
|switch|p1a: Tornadus|Tornadus-Therian, M|83/100
|move|p2a: Kartana|Sacred Sword|p1a: Tornadus
|-resisted|p1a: Tornadus
|-damage|p1a: Tornadus|49/100
|
|upkeep
|turn|43
|
|t:|1666130709
|switch|p2a: Corviknight|Corviknight, M|100/100
|-ability|p2a: Corviknight|Pressure
|move|p1a: Tornadus|Nasty Plot|p1a: Tornadus
|-boost|p1a: Tornadus|spa|2
|
|upkeep
|turn|44
|
|t:|1666130714
|move|p1a: Tornadus|Focus Blast|p2a: Corviknight
|-damage|p2a: Corviknight|47/100
|move|p2a: Corviknight|U-turn|p1a: Tornadus
|-resisted|p1a: Tornadus
|-damage|p1a: Tornadus|41/100
|
|t:|1666130728
|switch|p2a: Dragapult|Dragapult, F|95/100|[from]move: U-turn
|
|upkeep
|turn|45
|
|t:|1666130732
|switch|p1a: Blissey|Blissey, F|88/100
|move|p2a: Dragapult|Draco Meteor|p1a: Blissey
|-damage|p1a: Blissey|68/100
|-unboost|p2a: Dragapult|spa|2
|
|upkeep
|turn|46
|
|t:|1666130739
|move|p2a: Dragapult|U-turn|p1a: Blissey
|-damage|p1a: Blissey|53/100
|
|t:|1666130742
|switch|p2a: Corviknight|Corviknight, M|47/100|[from]move: U-turn
|-ability|p2a: Corviknight|Pressure
|move|p1a: Blissey|Stealth Rock|p2a: Corviknight
|-sidestart|p2: dd absol|move: Stealth Rock
|
|upkeep
|turn|47
|
|t:|1666130750
|move|p2a: Corviknight|Roost|p2a: Corviknight
|-heal|p2a: Corviknight|97/100
|-singleturn|p2a: Corviknight|move: Roost
|move|p1a: Blissey|Soft-Boiled|p1a: Blissey
|-heal|p1a: Blissey|100/100
|
|upkeep
|turn|48
|
|t:|1666130764
|move|p2a: Corviknight|Defog|p1a: Blissey
|-unboost|p1a: Blissey|evasion|1
|-sideend|p2: dd absol|Stealth Rock|[from] move: Defog|[of] p2a: Corviknight
|move|p1a: Blissey|Seismic Toss|p2a: Corviknight
|-damage|p2a: Corviknight|72/100
|
|upkeep
|turn|49
|
|t:|1666130770
|move|p2a: Corviknight|Body Press|p1a: Blissey
|-supereffective|p1a: Blissey
|-damage|p1a: Blissey|58/100
|move|p1a: Blissey|Stealth Rock|p2a: Corviknight
|-sidestart|p2: dd absol|move: Stealth Rock
|
|upkeep
|turn|50
|
|t:|1666130774
|move|p2a: Corviknight|Defog|p1a: Blissey
|-unboost|p1a: Blissey|evasion|1
|-sideend|p2: dd absol|Stealth Rock|[from] move: Defog|[of] p2a: Corviknight
|move|p1a: Blissey|Soft-Boiled|p1a: Blissey
|-heal|p1a: Blissey|100/100
|
|upkeep
|turn|51
|
|t:|1666130779
|switch|p1a: Tornadus|Tornadus-Therian, M|74/100
|move|p2a: Corviknight|U-turn|p1a: Tornadus
|-resisted|p1a: Tornadus
|-damage|p1a: Tornadus|66/100
|
|t:|1666130792
|switch|p2a: Dragapult|Dragapult, F|95/100|[from]move: U-turn
|
|upkeep
|turn|52
|
|t:|1666130808
|move|p2a: Dragapult|Thunder Wave|p1a: Tornadus
|-status|p1a: Tornadus|par
|move|p1a: Tornadus|Toxic|p2a: Dragapult
|-status|p2a: Dragapult|tox
|
|-damage|p2a: Dragapult|89/100 tox|[from] psn
|upkeep
|turn|53
|
|t:|1666130815
|switch|p1a: Blissey|Blissey, F|100/100
|move|p2a: Dragapult|U-turn|p1a: Blissey
|-damage|p1a: Blissey|86/100
|
|t:|1666130817
|switch|p2a: Kartana|Kartana|94/100|[from]move: U-turn
|
|upkeep
|turn|54
|
|t:|1666130822
|switch|p1a: Tornadus|Tornadus-Therian, M|99/100 par
|move|p2a: Kartana|Sacred Sword|p1a: Tornadus
|-resisted|p1a: Tornadus
|-damage|p1a: Tornadus|67/100 par
|
|upkeep
|turn|55
|
|t:|1666130830
|switch|p2a: Corviknight|Corviknight, M|72/100
|-ability|p2a: Corviknight|Pressure
|move|p1a: Tornadus|Hurricane|p2a: Corviknight
|-resisted|p2a: Corviknight
|-damage|p2a: Corviknight|52/100
|
|upkeep
|turn|56
|
|t:|1666130837
|switch|p1a: Clefable|Clefable, M|90/100
|move|p2a: Corviknight|U-turn|p1a: Clefable
|-resisted|p1a: Clefable
|-damage|p1a: Clefable|85/100
|
|t:|1666130843
|switch|p2a: Kartana|Kartana|94/100|[from]move: U-turn
|
|upkeep
|turn|57
|
|t:|1666130848
|switch|p1a: Corviknight|Corviknight, F|79/100
|-ability|p1a: Corviknight|Pressure
|move|p2a: Kartana|Smart Strike|p1a: Corviknight
|-resisted|p1a: Corviknight
|-damage|p1a: Corviknight|58/100
|
|upkeep
|turn|58
|
|t:|1666130854
|switch|p2a: Corviknight|Corviknight, M|52/100
|-ability|p2a: Corviknight|Pressure
|move|p1a: Corviknight|Roost|p1a: Corviknight
|-heal|p1a: Corviknight|100/100
|-singleturn|p1a: Corviknight|move: Roost
|
|upkeep
|turn|59
|
|t:|1666130861
|switch|p1a: Clefable|Clefable, M|85/100
|move|p2a: Corviknight|U-turn|p1a: Clefable
|-resisted|p1a: Clefable
|-damage|p1a: Clefable|80/100
|
|t:|1666130864
|switch|p2a: Kartana|Kartana|94/100|[from]move: U-turn
|
|upkeep
|turn|60
|
|t:|1666130876
|switch|p1a: Tornadus|Tornadus-Therian, M|100/100 par
|move|p2a: Kartana|Sacred Sword|p1a: Tornadus
|-resisted|p1a: Tornadus
|-damage|p1a: Tornadus|67/100 par
|
|upkeep
|turn|61
|
|t:|1666130890
|switch|p2a: Corviknight|Corviknight, M|52/100
|-ability|p2a: Corviknight|Pressure
|move|p1a: Tornadus|Nasty Plot|p1a: Tornadus
|-boost|p1a: Tornadus|spa|2
|
|upkeep
|turn|62
|
|t:|1666130895
|move|p1a: Tornadus|Hurricane|p2a: Corviknight
|-resisted|p2a: Corviknight
|-damage|p2a: Corviknight|12/100
|-start|p2a: Corviknight|confusion
|-activate|p2a: Corviknight|confusion
|move|p2a: Corviknight|Roost|p2a: Corviknight
|-heal|p2a: Corviknight|62/100
|-singleturn|p2a: Corviknight|move: Roost
|
|upkeep
|turn|63
|
|t:|1666130901
|switch|p2a: Slowking|Slowking-Galar, M|100/100
|move|p1a: Tornadus|Hurricane|p2a: Slowking
|-damage|p2a: Slowking|45/100
|
|upkeep
|turn|64
|
|t:|1666130911
|switch|p1a: Blissey|Blissey, F|86/100
|switch|p2a: Kartana|Kartana|94/100
|
|upkeep
|turn|65
|
|t:|1666130917
|switch|p1a: Tornadus|Tornadus-Therian, M|100/100 par
|move|p2a: Kartana|Smart Strike|p1a: Tornadus
|-damage|p1a: Tornadus|17/100 par
|
|upkeep
|turn|66
|l| ISimpForNessa
|
|t:|1666130927
|switch|p2a: Corviknight|Corviknight, M|62/100
|-ability|p2a: Corviknight|Pressure
|switch|p1a: Corviknight|Corviknight, F|100/100
|-ability|p1a: Corviknight|Pressure
|
|upkeep
|turn|67
|
|t:|1666130932
|switch|p1a: Tornadus|Tornadus-Therian, M|51/100 par
|move|p2a: Corviknight|U-turn|p1a: Tornadus
|-resisted|p1a: Tornadus
|-damage|p1a: Tornadus|43/100 par
|
|t:|1666130935
|switch|p2a: Kartana|Kartana|94/100|[from]move: U-turn
|
|upkeep
|turn|68
|
|t:|1666130942
|switch|p1a: Corviknight|Corviknight, F|100/100
|-ability|p1a: Corviknight|Pressure
|move|p2a: Kartana|Knock Off|p1a: Corviknight
|-damage|p1a: Corviknight|72/100
|
|upkeep
|turn|69
|
|t:|1666130950
|move|p2a: Kartana|Knock Off|p1a: Corviknight
|-damage|p1a: Corviknight|46/100
|move|p1a: Corviknight|Roost|p1a: Corviknight
|-heal|p1a: Corviknight|96/100
|-singleturn|p1a: Corviknight|move: Roost
|
|upkeep
|turn|70
|
|t:|1666130957
|switch|p2a: Corviknight|Corviknight, M|62/100
|-ability|p2a: Corviknight|Pressure
|switch|p1a: Clefable|Clefable, M|80/100
|
|upkeep
|turn|71
|
|t:|1666130964
|switch|p2a: Slowking|Slowking-Galar, M|78/100
|move|p1a: Clefable|Thunder|p2a: Slowking
|-damage|p2a: Slowking|59/100
|
|upkeep
|turn|72
|
|t:|1666130978
|switch|p1a: Blissey|Blissey, F|86/100
|switch|p2a: Kartana|Kartana|94/100
|
|upkeep
|turn|73
|
|t:|1666130989
|switch|p1a: Corviknight|Corviknight, F|96/100
|-ability|p1a: Corviknight|Pressure
|move|p2a: Kartana|Sacred Sword|p1a: Corviknight
|-damage|p1a: Corviknight|62/100
|
|upkeep
|turn|74
|
|t:|1666130995
|move|p2a: Kartana|Sacred Sword|p1a: Corviknight
|-damage|p1a: Corviknight|25/100
|move|p1a: Corviknight|Roost|p1a: Corviknight
|-heal|p1a: Corviknight|75/100
|-singleturn|p1a: Corviknight|move: Roost
|
|upkeep
|turn|75
|
|t:|1666131002
|switch|p1a: Tornadus|Tornadus-Therian, M|76/100 par
|move|p2a: Kartana|Sacred Sword|p1a: Tornadus
|-resisted|p1a: Tornadus
|-damage|p1a: Tornadus|43/100 par
|
|upkeep
|turn|76
|
|t:|1666131011
|switch|p2a: Corviknight|Corviknight, M|62/100
|-ability|p2a: Corviknight|Pressure
|switch|p1a: Clefable|Clefable, M|80/100
|
|upkeep
|turn|77
|
|t:|1666131020
|move|p2a: Corviknight|U-turn|p1a: Clefable
|-resisted|p1a: Clefable
|-damage|p1a: Clefable|74/100
|
|t:|1666131022
|switch|p2a: Slowking|Slowking-Galar, M|92/100|[from]move: U-turn
|move|p1a: Clefable|Thunder|p2a: Slowking
|-damage|p2a: Slowking|71/100
|-status|p2a: Slowking|par
|
|upkeep
|turn|78
|
|t:|1666131028
|switch|p1a: Blissey|Blissey, F|86/100
|move|p2a: Slowking|Sludge Bomb|p1a: Blissey
|-damage|p1a: Blissey|72/100
|
|upkeep
|turn|79
|
|t:|1666131033
|switch|p2a: Corviknight|Corviknight, M|62/100
|-ability|p2a: Corviknight|Pressure
|move|p1a: Blissey|Heal Bell|p1a: Blissey
|-activate|p1a: Blissey|move: Heal Bell
|-curestatus|p1: Tornadus|par|[msg]
|
|upkeep
|turn|80
|
|t:|1666131041
|switch|p1a: Tornadus|Tornadus-Therian, M|76/100
|move|p2a: Corviknight|Roost|p2a: Corviknight
|-heal|p2a: Corviknight|100/100
|-singleturn|p2a: Corviknight|move: Roost
|
|upkeep
|turn|81
|
|t:|1666131050
|move|p1a: Tornadus|Nasty Plot|p1a: Tornadus
|-boost|p1a: Tornadus|spa|2
|move|p2a: Corviknight|U-turn|p1a: Tornadus
|-resisted|p1a: Tornadus
|-damage|p1a: Tornadus|68/100
|
|t:|1666131064
|switch|p2a: Slowking|Slowking-Galar, M|100/100 par|[from]move: U-turn
|
|upkeep
|turn|82
|
|t:|1666131072
|switch|p1a: Blissey|Blissey, F|72/100
|cant|p2a: Slowking|par
|
|upkeep
|turn|83
|
|t:|1666131077
|switch|p2a: Corviknight|Corviknight, M|100/100
|-ability|p2a: Corviknight|Pressure
|move|p1a: Blissey|Stealth Rock|p2a: Corviknight
|-sidestart|p2: dd absol|move: Stealth Rock
|
|upkeep
|turn|84
|
|t:|1666131092
|switch|p1a: Corviknight|Corviknight, F|75/100
|-ability|p1a: Corviknight|Pressure
|move|p2a: Corviknight|Defog|p1a: Corviknight
|-unboost|p1a: Corviknight|evasion|1
|-sideend|p2: dd absol|Stealth Rock|[from] move: Defog|[of] p2a: Corviknight
|
|upkeep
|turn|85
|
|t:|1666131100
|switch|p1a: Tornadus|Tornadus-Therian, M|100/100
|move|p2a: Corviknight|Body Press|p1a: Tornadus
|-resisted|p1a: Tornadus
|-damage|p1a: Tornadus|86/100
|
|upkeep
|turn|86
|
|t:|1666131106
|move|p1a: Tornadus|Nasty Plot|p1a: Tornadus
|-boost|p1a: Tornadus|spa|2
|move|p2a: Corviknight|U-turn|p1a: Tornadus
|-resisted|p1a: Tornadus
|-damage|p1a: Tornadus|78/100
|
|t:|1666131129
|switch|p2a: Slowking|Slowking-Galar, M|100/100 par|[from]move: U-turn
|
|upkeep
|turn|87
|
|t:|1666131132
|move|p1a: Tornadus|Hurricane|p2a: Slowking
|-damage|p2a: Slowking|46/100 par
|move|p2a: Slowking|Sludge Bomb|p1a: Tornadus
|-damage|p1a: Tornadus|42/100
|
|upkeep
|turn|88
|
|t:|1666131138
|switch|p2a: Corviknight|Corviknight, M|100/100
|-ability|p2a: Corviknight|Pressure
|move|p1a: Tornadus|Hurricane|p2a: Corviknight|[miss]
|-miss|p1a: Tornadus|p2a: Corviknight
|
|upkeep
|turn|89
|
|t:|1666131145
|move|p1a: Tornadus|Nasty Plot|p1a: Tornadus
|-boost|p1a: Tornadus|spa|2
|move|p2a: Corviknight|U-turn|p1a: Tornadus
|-resisted|p1a: Tornadus
|-damage|p1a: Tornadus|34/100
|
|t:|1666131148
|switch|p2a: Dragapult|Dragapult, F|89/100 tox|[from]move: U-turn
|
|-damage|p2a: Dragapult|83/100 tox|[from] psn
|upkeep
|turn|90
|
|t:|1666131156
|switch|p1a: Gastrodon|Gastrodon, M|79/100
|move|p2a: Dragapult|U-turn|p1a: Gastrodon
|-damage|p1a: Gastrodon|61/100
|
|t:|1666131162
|switch|p2a: Kartana|Kartana|94/100|[from]move: U-turn
|
|upkeep
|turn|91
|
|t:|1666131169
|switch|p1a: Corviknight|Corviknight, F|75/100
|-ability|p1a: Corviknight|Pressure
|move|p2a: Kartana|Sacred Sword|p1a: Corviknight
|-damage|p1a: Corviknight|38/100
|
|upkeep
|turn|92
|
|t:|1666131184
|switch|p2a: Corviknight|Corviknight, M|100/100
|-ability|p2a: Corviknight|Pressure
|move|p1a: Corviknight|Roost|p1a: Corviknight
|-heal|p1a: Corviknight|88/100
|-singleturn|p1a: Corviknight|move: Roost
|
|upkeep
|turn|93
|
|t:|1666131192
|move|p1a: Corviknight|Iron Defense|p1a: Corviknight
|-boost|p1a: Corviknight|def|2
|move|p2a: Corviknight|U-turn|p1a: Corviknight
|-resisted|p1a: Corviknight
|-damage|p1a: Corviknight|87/100
|j| rich sil
|
|t:|1666131199
|switch|p2a: Slowking|Slowking-Galar, M|80/100 par|[from]move: U-turn
|
|upkeep
|turn|94
|
|t:|1666131203
|switch|p1a: Blissey|Blissey, F|72/100
|move|p2a: Slowking|Flamethrower|p1a: Blissey
|-damage|p1a: Blissey|63/100
|
|upkeep
|turn|95
|
|t:|1666131210
|switch|p2a: Corviknight|Corviknight, M|100/100
|-ability|p2a: Corviknight|Pressure
|move|p1a: Blissey|Soft-Boiled|p1a: Blissey
|-heal|p1a: Blissey|100/100
|
|upkeep
|turn|96
|
|t:|1666131217
|switch|p1a: Tornadus|Tornadus-Therian, M|68/100
|move|p2a: Corviknight|U-turn|p1a: Tornadus
|-resisted|p1a: Tornadus
|-damage|p1a: Tornadus|59/100
|
|t:|1666131225
|switch|p2a: Slowking|Slowking-Galar, M|100/100 par|[from]move: U-turn
|
|upkeep
|turn|97
|j| Le Herbo
|l| Le Herbo
|
|t:|1666131230
|switch|p1a: Blissey|Blissey, F|100/100
|cant|p2a: Slowking|par
|
|upkeep
|turn|98
|j| Le Herbo
|l| Le Herbo
|
|t:|1666131236
|switch|p1a: Clefable|Clefable, M|74/100
|switch|p2a: Corviknight|Corviknight, M|100/100
|-ability|p2a: Corviknight|Pressure
|
|upkeep
|turn|99
|
|t:|1666131240
|move|p2a: Corviknight|U-turn|p1a: Clefable
|-resisted|p1a: Clefable
|-damage|p1a: Clefable|69/100
|
|t:|1666131243
|switch|p2a: Slowking|Slowking-Galar, M|100/100 par|[from]move: U-turn
|move|p1a: Clefable|Calm Mind|p1a: Clefable
|-boost|p1a: Clefable|spa|1
|-boost|p1a: Clefable|spd|1
|
|upkeep
|turn|100
|
|t:|1666131248
|move|p1a: Clefable|Calm Mind|p1a: Clefable
|-boost|p1a: Clefable|spa|1
|-boost|p1a: Clefable|spd|1
|move|p2a: Slowking|Sludge Bomb|p1a: Clefable
|-supereffective|p1a: Clefable
|-damage|p1a: Clefable|32/100
|
|upkeep
|turn|101
|
|t:|1666131258
|switch|p2a: Kartana|Kartana|94/100
|move|p1a: Clefable|Soft-Boiled|p1a: Clefable
|-heal|p1a: Clefable|82/100
|
|upkeep
|turn|102
|
|t:|1666131264
|switch|p1a: Corviknight|Corviknight, F|87/100
|-ability|p1a: Corviknight|Pressure
|move|p2a: Kartana|Smart Strike|p1a: Corviknight
|-resisted|p1a: Corviknight
|-damage|p1a: Corviknight|67/100
|
|upkeep
|turn|103
|
|t:|1666131275
|switch|p2a: Slowking|Slowking-Galar, M|100/100 par
|move|p1a: Corviknight|Roost|p1a: Corviknight
|-heal|p1a: Corviknight|100/100
|-singleturn|p1a: Corviknight|move: Roost
|
|upkeep
|turn|104
|
|t:|1666131284
|switch|p1a: Gastrodon|Gastrodon, M|61/100
|move|p2a: Slowking|Flamethrower|p1a: Gastrodon
|-resisted|p1a: Gastrodon
|-damage|p1a: Gastrodon|53/100
|
|upkeep
|turn|105
|
|t:|1666131290
|switch|p2a: Tangrowth|Tangrowth, F|100/100 tox
|move|p1a: Gastrodon|Recover|p1a: Gastrodon
|-heal|p1a: Gastrodon|100/100
|
|-damage|p2a: Tangrowth|94/100 tox|[from] psn
|upkeep
|turn|106
|
|t:|1666131296
|switch|p1a: Blissey|Blissey, F|100/100
|move|p2a: Tangrowth|Toxic|p1a: Blissey
|-status|p1a: Blissey|tox
|
|-damage|p1a: Blissey|94/100 tox|[from] psn
|-damage|p2a: Tangrowth|82/100 tox|[from] psn
|upkeep
|turn|107
|
|t:|1666131304
|-curestatus|p1a: Blissey|tox|[from] ability: Natural Cure
|switch|p1a: Gastrodon|Gastrodon, M|100/100
|switch|p2a: Corviknight|Corviknight, M|100/100
|-ability|p2a: Corviknight|Pressure
|
|upkeep
|turn|108
|
|t:|1666131311
|switch|p1a: Corviknight|Corviknight, F|100/100
|-ability|p1a: Corviknight|Pressure
|move|p2a: Corviknight|U-turn|p1a: Corviknight
|-resisted|p1a: Corviknight
|-damage|p1a: Corviknight|98/100
|
|t:|1666131317
|switch|p2a: Slowking|Slowking-Galar, M|100/100 par|[from]move: U-turn
|
|upkeep
|turn|109
|
|t:|1666131322
|switch|p1a: Blissey|Blissey, F|94/100
|move|p2a: Slowking|Flamethrower|p1a: Blissey
|-damage|p1a: Blissey|84/100
|
|upkeep
|turn|110
|
|t:|1666131329
|switch|p2a: Corviknight|Corviknight, M|100/100
|-ability|p2a: Corviknight|Pressure
|move|p1a: Blissey|Stealth Rock|p2a: Corviknight
|-sidestart|p2: dd absol|move: Stealth Rock
|
|upkeep
|turn|111
|
|t:|1666131333
|switch|p1a: Clefable|Clefable, M|82/100
|move|p2a: Corviknight|Defog|p1a: Clefable
|-unboost|p1a: Clefable|evasion|1
|-sideend|p2: dd absol|Stealth Rock|[from] move: Defog|[of] p2a: Corviknight
|
|upkeep
|turn|112
|
|t:|1666131337
|move|p2a: Corviknight|U-turn|p1a: Clefable
|-resisted|p1a: Clefable
|-damage|p1a: Clefable|77/100
|
|t:|1666131339
|switch|p2a: Slowking|Slowking-Galar, M|100/100 par|[from]move: U-turn
|move|p1a: Clefable|Calm Mind|p1a: Clefable
|-boost|p1a: Clefable|spa|1
|-boost|p1a: Clefable|spd|1
|
|upkeep
|turn|113
|j| Jongruenwald
|
|t:|1666131342
|switch|p1a: Corviknight|Corviknight, F|98/100
|-ability|p1a: Corviknight|Pressure
|move|p2a: Slowking|Sludge Bomb|p1a: Corviknight
|-immune|p1a: Corviknight
|
|upkeep
|turn|114
|
|t:|1666131349
|switch|p1a: Gastrodon|Gastrodon, M|100/100
|move|p2a: Slowking|Flamethrower|p1a: Gastrodon
|-resisted|p1a: Gastrodon
|-damage|p1a: Gastrodon|93/100
|
|upkeep
|turn|115
|
|t:|1666131355
|switch|p1a: Blissey|Blissey, F|84/100
|switch|p2a: Tangrowth|Tangrowth, F|100/100 tox
|
|-damage|p2a: Tangrowth|94/100 tox|[from] psn
|upkeep
|turn|116
|
|t:|1666131361
|switch|p1a: Tornadus|Tornadus-Therian, M|92/100
|move|p2a: Tangrowth|Knock Off|p1a: Tornadus
|-damage|p1a: Tornadus|75/100
|
|-damage|p2a: Tangrowth|82/100 tox|[from] psn
|upkeep
|turn|117
|
|t:|1666131370
|switch|p2a: Corviknight|Corviknight, M|100/100
|-ability|p2a: Corviknight|Pressure
|move|p1a: Tornadus|Nasty Plot|p1a: Tornadus
|-boost|p1a: Tornadus|spa|2
|
|upkeep
|turn|118
|
|t:|1666131372
|move|p1a: Tornadus|Nasty Plot|p1a: Tornadus
|-boost|p1a: Tornadus|spa|2
|move|p2a: Corviknight|U-turn|p1a: Tornadus
|-resisted|p1a: Tornadus
|-damage|p1a: Tornadus|66/100
|
|t:|1666131375
|switch|p2a: Dragapult|Dragapult, F|83/100 tox|[from]move: U-turn
|
|-damage|p2a: Dragapult|77/100 tox|[from] psn
|upkeep
|turn|119
|inactive|jawabarat has 120 seconds left.
|
|t:|1666131413
|switch|p1a: Blissey|Blissey, F|84/100
|move|p2a: Dragapult|Draco Meteor|p1a: Blissey
|-damage|p1a: Blissey|62/100
|-unboost|p2a: Dragapult|spa|2
|
|-damage|p2a: Dragapult|65/100 tox|[from] psn
|upkeep
|turn|120
|
|t:|1666131424
|move|p2a: Dragapult|U-turn|p1a: Blissey
|-damage|p1a: Blissey|49/100
|
|t:|1666131429
|switch|p2a: Kartana|Kartana|94/100|[from]move: U-turn
|move|p1a: Blissey|Stealth Rock|p2a: Kartana
|-sidestart|p2: dd absol|move: Stealth Rock
|
|upkeep
|turn|121
|
|t:|1666131437
|switch|p1a: Tornadus|Tornadus-Therian, M|99/100
|move|p2a: Kartana|Sacred Sword|p1a: Tornadus
|-resisted|p1a: Tornadus
|-damage|p1a: Tornadus|66/100
|
|upkeep
|turn|122
|
|t:|1666131446
|switch|p1a: Clefable|Clefable, M|77/100
|switch|p2a: Corviknight|Corviknight, M|100/100
|-damage|p2a: Corviknight|88/100|[from] Stealth Rock
|-ability|p2a: Corviknight|Pressure
|
|upkeep
|turn|123
|
|t:|1666131452
|move|p2a: Corviknight|U-turn|p1a: Clefable
|-resisted|p1a: Clefable
|-damage|p1a: Clefable|72/100
|
|t:|1666131454
|switch|p2a: Slowking|Slowking-Galar, M|100/100 par|[from]move: U-turn
|-damage|p2a: Slowking|88/100 par|[from] Stealth Rock
|move|p1a: Clefable|Calm Mind|p1a: Clefable
|-boost|p1a: Clefable|spa|1
|-boost|p1a: Clefable|spd|1
|
|upkeep
|turn|124
|inactive|jawabarat has 120 seconds left.
|
|t:|1666131460
|move|p1a: Clefable|Calm Mind|p1a: Clefable
|-boost|p1a: Clefable|spa|1
|-boost|p1a: Clefable|spd|1
|move|p2a: Slowking|Sludge Bomb|p1a: Clefable
|-supereffective|p1a: Clefable
|-damage|p1a: Clefable|36/100
|
|upkeep
|turn|125
|
|t:|1666131469
|move|p1a: Clefable|Soft-Boiled|p1a: Clefable
|-heal|p1a: Clefable|86/100
|move|p2a: Slowking|Sludge Bomb|p1a: Clefable
|-supereffective|p1a: Clefable
|-damage|p1a: Clefable|53/100
|
|upkeep
|turn|126
|
|t:|1666131474
|move|p1a: Clefable|Soft-Boiled|p1a: Clefable
|-heal|p1a: Clefable|100/100
|move|p2a: Slowking|Sludge Bomb|p1a: Clefable
|-supereffective|p1a: Clefable
|-damage|p1a: Clefable|62/100
|-status|p1a: Clefable|psn
|
|upkeep
|turn|127
|
|t:|1666131478
|switch|p2a: Kartana|Kartana|94/100
|-damage|p2a: Kartana|88/100|[from] Stealth Rock
|move|p1a: Clefable|Soft-Boiled|p1a: Clefable
|-heal|p1a: Clefable|100/100 psn
|
|upkeep
|turn|128
|j| ISimpForNessa
|
|t:|1666131487
|switch|p1a: Corviknight|Corviknight, F|98/100
|-ability|p1a: Corviknight|Pressure
|move|p2a: Kartana|Sacred Sword|p1a: Corviknight
|-damage|p1a: Corviknight|58/100
|
|upkeep
|turn|129
|
|t:|1666131494
|move|p2a: Kartana|Sacred Sword|p1a: Corviknight
|-damage|p1a: Corviknight|21/100
|move|p1a: Corviknight|Roost|p1a: Corviknight
|-heal|p1a: Corviknight|71/100
|-singleturn|p1a: Corviknight|move: Roost
|
|upkeep
|turn|130
|
|t:|1666131501
|switch|p2a: Corviknight|Corviknight, M|88/100
|-damage|p2a: Corviknight|75/100|[from] Stealth Rock
|-ability|p2a: Corviknight|Pressure
|switch|p1a: Tornadus|Tornadus-Therian, M|99/100
|
|upkeep
|turn|131
|
|t:|1666131509
|switch|p1a: Corviknight|Corviknight, F|71/100
|-ability|p1a: Corviknight|Pressure
|move|p2a: Corviknight|Defog|p1a: Corviknight
|-unboost|p1a: Corviknight|evasion|1
|-sideend|p2: dd absol|Stealth Rock|[from] move: Defog|[of] p2a: Corviknight
|
|upkeep
|turn|132
|
|t:|1666131519
|switch|p2a: Slowking|Slowking-Galar, M|100/100 par
|move|p1a: Corviknight|Iron Defense|p1a: Corviknight
|-boost|p1a: Corviknight|def|2
|
|upkeep
|turn|133
|
|t:|1666131522
|switch|p1a: Blissey|Blissey, F|49/100
|move|p2a: Slowking|Flamethrower|p1a: Blissey
|-damage|p1a: Blissey|39/100
|
|upkeep
|turn|134
|
|t:|1666131527
|switch|p2a: Kartana|Kartana|88/100
|move|p1a: Blissey|Soft-Boiled|p1a: Blissey
|-heal|p1a: Blissey|89/100
|
|upkeep
|turn|135
|j| MachineGunJubblies
|
|t:|1666131538
|switch|p1a: Tornadus|Tornadus-Therian, M|100/100
|move|p2a: Kartana|Knock Off|p1a: Tornadus
|-damage|p1a: Tornadus|47/100
|
|upkeep
|turn|136
|j| Le Herbo
|
|t:|1666131550
|switch|p1a: Clefable|Clefable, M|100/100 psn
|move|p2a: Kartana|Knock Off|p1a: Clefable
|-resisted|p1a: Clefable
|-damage|p1a: Clefable|78/100 psn
|-enditem|p1a: Clefable|Life Orb|[from] move: Knock Off|[of] p2a: Kartana
|
|upkeep
|turn|137
|l| Le Herbo
|
|t:|1666131560
|switch|p2a: Slowking|Slowking-Galar, M|100/100 par
|move|p1a: Clefable|Calm Mind|p1a: Clefable
|-boost|p1a: Clefable|spa|1
|-boost|p1a: Clefable|spd|1
|
|upkeep
|turn|138
|
|t:|1666131564
|move|p1a: Clefable|Calm Mind|p1a: Clefable
|-boost|p1a: Clefable|spa|1
|-boost|p1a: Clefable|spd|1
|move|p2a: Slowking|Sludge Bomb|p1a: Clefable
|-supereffective|p1a: Clefable
|-damage|p1a: Clefable|43/100 psn
|
|upkeep
|turn|139
|
|t:|1666131571
|move|p1a: Clefable|Soft-Boiled|p1a: Clefable
|-heal|p1a: Clefable|93/100 psn
|move|p2a: Slowking|Sludge Bomb|p1a: Clefable
|-supereffective|p1a: Clefable
|-damage|p1a: Clefable|59/100 psn
|
|upkeep
|turn|140
|
|t:|1666131589
|move|p1a: Clefable|Soft-Boiled|p1a: Clefable
|-heal|p1a: Clefable|100/100 psn
|cant|p2a: Slowking|par
|
|upkeep
|turn|141
|
|t:|1666131598
|switch|p1a: Gastrodon|Gastrodon, M|93/100
|switch|p2a: Tyranitar|Tyranitar, F|21/100 tox
|-weather|Sandstorm|[from] ability: Sand Stream|[of] p2a: Tyranitar
|
|-weather|Sandstorm|[upkeep]
|-damage|p2a: Tyranitar|15/100 tox|[from] psn
|upkeep
|turn|142
|
|t:|1666131612
|move|p2a: Tyranitar|Stealth Rock|p1a: Gastrodon
|-sidestart|p1: jawabarat|move: Stealth Rock
|move|p1a: Gastrodon|Scald|p2a: Tyranitar
|-supereffective|p2a: Tyranitar
|-damage|p2a: Tyranitar|0 fnt
|faint|p2a: Tyranitar
|
|-weather|Sandstorm|[upkeep]
|upkeep
|
|t:|1666131614
|switch|p2a: Kartana|Kartana|88/100
|turn|143
|j| jeandonis02
|l| MachineGunJubblies
|
|t:|1666131633
|move|p2a: Kartana|Knock Off|p1a: Gastrodon
|-damage|p1a: Gastrodon|25/100
|-enditem|p1a: Gastrodon|Heavy-Duty Boots|[from] move: Knock Off|[of] p2a: Kartana
|move|p1a: Gastrodon|Recover|p1a: Gastrodon
|-heal|p1a: Gastrodon|75/100
|
|-weather|Sandstorm|[upkeep]
|upkeep
|turn|144
|
|t:|1666131643
|switch|p2a: Corviknight|Corviknight, M|75/100
|-ability|p2a: Corviknight|Pressure
|move|p1a: Gastrodon|Recover|p1a: Gastrodon
|-heal|p1a: Gastrodon|100/100
|
|-weather|Sandstorm|[upkeep]
|upkeep
|turn|145
|
|t:|1666131647
|move|p2a: Corviknight|U-turn|p1a: Gastrodon
|-crit|p1a: Gastrodon
|-damage|p1a: Gastrodon|77/100
|
|t:|1666131650
|switch|p2a: Tangrowth|Tangrowth, F|100/100 tox|[from]move: U-turn
|move|p1a: Gastrodon|Scald|p2a: Tangrowth
|-resisted|p2a: Tangrowth
|-damage|p2a: Tangrowth|82/100 tox
|
|-weather|none
|-damage|p2a: Tangrowth|76/100 tox|[from] psn
|upkeep
|turn|146
|
|t:|1666131659
|switch|p2a: Dragapult|Dragapult, F|65/100 tox
|switch|p1a: Corviknight|Corviknight, F|71/100
|-damage|p1a: Corviknight|58/100|[from] Stealth Rock
|-ability|p1a: Corviknight|Pressure
|
|-damage|p2a: Dragapult|59/100 tox|[from] psn
|upkeep
|turn|147
|
|t:|1666131671
|move|p2a: Dragapult|Thunder Wave|p1a: Corviknight
|-status|p1a: Corviknight|par
|move|p1a: Corviknight|Defog|p2a: Dragapult
|-unboost|p2a: Dragapult|evasion|1
|-sideend|p1: jawabarat|Stealth Rock|[from] move: Defog|[of] p1a: Corviknight
|
|-damage|p2a: Dragapult|47/100 tox|[from] psn
|upkeep
|turn|148
|
|t:|1666131680
|switch|p1a: Tornadus|Tornadus-Therian, M|80/100
|move|p2a: Dragapult|U-turn|p1a: Tornadus
|-resisted|p1a: Tornadus
|-damage|p1a: Tornadus|70/100
|
|t:|1666131683
|switch|p2a: Slowking|Slowking-Galar, M|100/100 par|[from]move: U-turn
|
|upkeep
|turn|149
|
|t:|1666131690
|switch|p1a: Blissey|Blissey, F|89/100
|move|p2a: Slowking|Scald|p1a: Blissey
|-damage|p1a: Blissey|81/100
|
|upkeep
|turn|150
|
|t:|1666131695
|switch|p2a: Kartana|Kartana|88/100
|move|p1a: Blissey|Heal Bell|p1a: Blissey
|-activate|p1a: Blissey|move: Heal Bell
|-curestatus|p1: Clefable|psn|[msg]
|-curestatus|p1: Corviknight|par|[msg]
|
|upkeep
|turn|151
|
|t:|1666131708
|switch|p1a: Tornadus|Tornadus-Therian, M|100/100
|move|p2a: Kartana|Knock Off|p1a: Tornadus
|-damage|p1a: Tornadus|52/100
|
|upkeep
|turn|152
|
|t:|1666131715
|switch|p1a: Clefable|Clefable, M|100/100
|switch|p2a: Corviknight|Corviknight, M|75/100
|-ability|p2a: Corviknight|Pressure
|
|upkeep
|turn|153
|
|t:|1666131723
|move|p2a: Corviknight|U-turn|p1a: Clefable
|-resisted|p1a: Clefable
|-crit|p1a: Clefable
|-damage|p1a: Clefable|92/100
|
|t:|1666131725
|switch|p2a: Kartana|Kartana|88/100|[from]move: U-turn
|move|p1a: Clefable|Calm Mind|p1a: Clefable
|-boost|p1a: Clefable|spa|1
|-boost|p1a: Clefable|spd|1
|
|upkeep
|turn|154
|
|t:|1666131741
|switch|p1a: Corviknight|Corviknight, F|58/100
|-ability|p1a: Corviknight|Pressure
|move|p2a: Kartana|Sacred Sword|p1a: Corviknight
|-damage|p1a: Corviknight|22/100
|
|upkeep
|turn|155
|
|t:|1666131751
|switch|p1a: Tornadus|Tornadus-Therian, M|85/100
|move|p2a: Kartana|Sacred Sword|p1a: Tornadus
|-resisted|p1a: Tornadus
|-damage|p1a: Tornadus|49/100
|
|upkeep
|turn|156
|
|t:|1666131766
|switch|p2a: Slowking|Slowking-Galar, M|100/100 par
|move|p1a: Tornadus|Nasty Plot|p1a: Tornadus
|-boost|p1a: Tornadus|spa|2
|
|upkeep
|turn|157
|
|t:|1666131778
|move|p1a: Tornadus|Hurricane|p2a: Slowking
|-damage|p2a: Slowking|45/100 par
|move|p2a: Slowking|Flamethrower|p1a: Tornadus
|-damage|p1a: Tornadus|22/100
|
|upkeep
|turn|158
|
|t:|1666131791
|switch|p1a: Gastrodon|Gastrodon, M|77/100
|switch|p2a: Corviknight|Corviknight, M|75/100
|-ability|p2a: Corviknight|Pressure
|
|upkeep
|turn|159
|
|t:|1666131798
|move|p2a: Corviknight|U-turn|p1a: Gastrodon
|-damage|p1a: Gastrodon|61/100
|
|t:|1666131800
|switch|p2a: Tangrowth|Tangrowth, F|100/100 tox|[from]move: U-turn
|move|p1a: Gastrodon|Scald|p2a: Tangrowth
|-resisted|p2a: Tangrowth
|-damage|p2a: Tangrowth|81/100 tox
|
|-damage|p2a: Tangrowth|75/100 tox|[from] psn
|upkeep
|turn|160
|
|t:|1666131821
|switch|p1a: Corviknight|Corviknight, F|22/100
|-ability|p1a: Corviknight|Pressure
|move|p2a: Tangrowth|Focus Blast|p1a: Corviknight
|-damage|p1a: Corviknight|0 fnt
|faint|p1a: Corviknight
|
|-damage|p2a: Tangrowth|63/100 tox|[from] psn
|upkeep
|
|t:|1666131832
|switch|p1a: Tornadus|Tornadus-Therian, M|55/100
|turn|161
|
|t:|1666131842
|switch|p1a: Blissey|Blissey, F|81/100
|switch|p2a: Corviknight|Corviknight, M|75/100
|-ability|p2a: Corviknight|Pressure
|
|upkeep
|turn|162
|inactive|jawabarat has 120 seconds left.
|
|t:|1666131855
|switch|p1a: Tornadus|Tornadus-Therian, M|89/100
|move|p2a: Corviknight|U-turn|p1a: Tornadus
|-resisted|p1a: Tornadus
|-damage|p1a: Tornadus|81/100
|
|t:|1666131862
|switch|p2a: Slowking|Slowking-Galar, M|78/100 par|[from]move: U-turn
|
|upkeep
|turn|163
|
|t:|1666131866
|switch|p1a: Blissey|Blissey, F|81/100
|move|p2a: Slowking|Psychic|p1a: Blissey
|-damage|p1a: Blissey|67/100
|
|upkeep
|turn|164
|
|t:|1666131873
|switch|p2a: Kartana|Kartana|88/100
|move|p1a: Blissey|Seismic Toss|p2a: Kartana
|-damage|p2a: Kartana|50/100
|
|upkeep
|turn|165
|inactive|jawabarat has 120 seconds left.
|inactive|dd absol has 120 seconds left.
|
|t:|1666131882
|switch|p1a: Gastrodon|Gastrodon, M|61/100
|move|p2a: Kartana|Smart Strike|p1a: Gastrodon
|-resisted|p1a: Gastrodon
|-damage|p1a: Gastrodon|25/100
|
|upkeep
|turn|166
|inactive|jawabarat has 120 seconds left.
|
|t:|1666131890
|switch|p1a: Tornadus|Tornadus-Therian, M|100/100
|move|p2a: Kartana|Smart Strike|p1a: Tornadus
|-damage|p1a: Tornadus|25/100
|
|upkeep
|turn|167
|inactive|dd absol has 120 seconds left.
|
|t:|1666131896
|switch|p2a: Corviknight|Corviknight, M|75/100
|-ability|p2a: Corviknight|Pressure
|move|p1a: Tornadus|Focus Blast|p2a: Corviknight
|-damage|p2a: Corviknight|48/100
|
|upkeep
|turn|168
|
|t:|1666131901
|move|p1a: Tornadus|Nasty Plot|p1a: Tornadus
|-boost|p1a: Tornadus|spa|2
|move|p2a: Corviknight|U-turn|p1a: Tornadus
|-resisted|p1a: Tornadus
|-damage|p1a: Tornadus|16/100
|inactive|dd absol has 120 seconds left.
|
|t:|1666131916
|switch|p2a: Dragapult|Dragapult, F|47/100 tox|[from]move: U-turn
|
|-damage|p2a: Dragapult|41/100 tox|[from] psn
|upkeep
|turn|169
|
|t:|1666131925
|switch|p1a: Gastrodon|Gastrodon, M|25/100
|move|p2a: Dragapult|Hex|p1a: Gastrodon
|-damage|p1a: Gastrodon|6/100
|
|-damage|p2a: Dragapult|29/100 tox|[from] psn
|upkeep
|turn|170
|
|t:|1666131936
|switch|p1a: Tornadus|Tornadus-Therian, M|49/100
|move|p2a: Dragapult|U-turn|p1a: Tornadus
|-resisted|p1a: Tornadus
|-damage|p1a: Tornadus|39/100
|
|t:|1666131944
|switch|p2a: Corviknight|Corviknight, M|48/100|[from]move: U-turn
|-ability|p2a: Corviknight|Pressure
|
|upkeep
|turn|171
|l|☆jawabarat
|inactive|jawabarat disconnected and has a minute to reconnect!
|player|p1|
|j|☆jawabarat
|inactive|jawabarat reconnected and has 90 seconds left.
|player|p1|jawabarat|artist-gen4
|
|t:|1666131982
|switch|p1a: Gastrodon|Gastrodon, M|6/100
|move|p2a: Corviknight|U-turn|p1a: Gastrodon
|-damage|p1a: Gastrodon|0 fnt
|faint|p1a: Gastrodon
|inactive|dd absol has 90 seconds left.
|
|t:|1666132017
|switch|p2a: Slowking|Slowking-Galar, M|100/100 par|[from]move: U-turn
|
|upkeep
|
|t:|1666132029
|switch|p1a: Tornadus|Tornadus-Therian, M|73/100
|turn|172
|
|t:|1666132036
|switch|p1a: Blissey|Blissey, F|67/100
|move|p2a: Slowking|Sludge Bomb|p1a: Blissey
|-damage|p1a: Blissey|54/100
|
|upkeep
|turn|173
|
|t:|1666132044
|switch|p2a: Kartana|Kartana|50/100
|move|p1a: Blissey|Soft-Boiled|p1a: Blissey
|-heal|p1a: Blissey|100/100
|
|upkeep
|turn|174
|
|t:|1666132054
|move|p2a: Kartana|Smart Strike|p1a: Blissey
|-damage|p1a: Blissey|44/100
|move|p1a: Blissey|Soft-Boiled|p1a: Blissey
|-heal|p1a: Blissey|94/100
|
|upkeep
|turn|175
|inactive|jawabarat has 60 seconds left.
|
|t:|1666132062
|switch|p2a: Corviknight|Corviknight, M|48/100
|-ability|p2a: Corviknight|Pressure
|move|p1a: Blissey|Soft-Boiled|p1a: Blissey
|-heal|p1a: Blissey|100/100
|
|upkeep
|turn|176
|inactive|jawabarat has 60 seconds left.
|
|t:|1666132070
|move|p2a: Corviknight|Roost|p2a: Corviknight
|-heal|p2a: Corviknight|98/100
|-singleturn|p2a: Corviknight|move: Roost
|move|p1a: Blissey|Stealth Rock|p2a: Corviknight
|-sidestart|p2: dd absol|move: Stealth Rock
|
|upkeep
|turn|177
|
|t:|1666132074
|switch|p1a: Tornadus|Tornadus-Therian, M|100/100
|move|p2a: Corviknight|Defog|p1a: Tornadus
|-unboost|p1a: Tornadus|evasion|1
|-sideend|p2: dd absol|Stealth Rock|[from] move: Defog|[of] p2a: Corviknight
|
|upkeep
|turn|178
|
|t:|1666132079
|switch|p2a: Slowking|Slowking-Galar, M|100/100 par
|move|p1a: Tornadus|Nasty Plot|p1a: Tornadus
|-boost|p1a: Tornadus|spa|2
|
|upkeep
|turn|179
|
|t:|1666132084
|move|p1a: Tornadus|Nasty Plot|p1a: Tornadus
|-boost|p1a: Tornadus|spa|2
|move|p2a: Slowking|Psychic|p1a: Tornadus
|-damage|p1a: Tornadus|59/100
|
|upkeep
|turn|180
|
|t:|1666132100
|move|p1a: Tornadus|Hurricane|p2a: Slowking
|-damage|p2a: Slowking|10/100 par
|move|p2a: Slowking|Psychic|p1a: Tornadus
|-damage|p1a: Tornadus|20/100
|
|upkeep
|turn|181
|inactive|jawabarat has 60 seconds left.
|
|t:|1666132107
|switch|p2a: Tangrowth|Tangrowth, F|96/100 tox
|move|p1a: Tornadus|Focus Blast|p2a: Tangrowth
|-damage|p2a: Tangrowth|0 fnt
|faint|p2a: Tangrowth
|
|upkeep
|
|t:|1666132112
|switch|p2a: Dragapult|Dragapult, F|29/100 tox
|turn|182
|
|t:|1666132119
|switch|p1a: Blissey|Blissey, F|100/100
|move|p2a: Dragapult|Hex|p1a: Blissey
|-immune|p1a: Blissey
|
|-damage|p2a: Dragapult|23/100 tox|[from] psn
|upkeep
|turn|183
|
|t:|1666132127
|move|p2a: Dragapult|U-turn|p1a: Blissey
|-damage|p1a: Blissey|86/100
|
|t:|1666132130
|switch|p2a: Kartana|Kartana|50/100|[from]move: U-turn
|move|p1a: Blissey|Seismic Toss|p2a: Kartana
|-damage|p2a: Kartana|11/100
|
|upkeep
|turn|184
|inactive|jawabarat has 60 seconds left.
|
|t:|1666132163
|switch|p1a: Clefable|Clefable, M|92/100
|move|p2a: Kartana|Sacred Sword|p1a: Clefable
|-resisted|p1a: Clefable
|-damage|p1a: Clefable|71/100
|
|upkeep
|turn|185
|inactive|jawabarat has 30 seconds left.
|
|t:|1666132175
|switch|p2a: Slowking|Slowking-Galar, M|43/100 par
|switch|p1a: Tornadus|Tornadus-Therian, M|53/100
|
|upkeep
|turn|186
|inactive|jawabarat has 30 seconds left.
|
|t:|1666132183
|switch|p1a: Blissey|Blissey, F|86/100
|switch|p2a: Kartana|Kartana|11/100
|
|upkeep
|turn|187
|inactive|jawabarat has 30 seconds left this turn.
|inactive|jawabarat has 20 seconds left.
|inactive|jawabarat has 15 seconds left.
|inactive|jawabarat has 10 seconds left.
|
|t:|1666132204
|switch|p1a: Tornadus|Tornadus-Therian, M|86/100
|move|p2a: Kartana|Sacred Sword|p1a: Tornadus
|-resisted|p1a: Tornadus
|-damage|p1a: Tornadus|50/100
|
|upkeep
|turn|188
|inactive|jawabarat has 15 seconds left this turn.
|inactive|jawabarat has 10 seconds left.
|
|t:|1666132210
|switch|p2a: Slowking|Slowking-Galar, M|76/100 par
|move|p1a: Tornadus|Nasty Plot|p1a: Tornadus
|-boost|p1a: Tornadus|spa|2
|
|upkeep
|turn|189
|inactive|jawabarat has 10 seconds left this turn.
|inactive|dd absol has 60 seconds left.
|
|t:|1666132216
|move|p1a: Tornadus|Hurricane|p2a: Slowking
|-crit|p2a: Slowking
|-damage|p2a: Slowking|0 fnt
|faint|p2a: Slowking
|
|upkeep
|inactive|jawabarat has 15 seconds left this turn.
|
|t:|1666132219
|switch|p2a: Dragapult|Dragapult, F|23/100 tox
|turn|190
|inactive|jawabarat has 15 seconds left this turn.
|inactive|dd absol has 60 seconds left.
|
|t:|1666132229
|switch|p1a: Clefable|Clefable, M|71/100
|move|p2a: Dragapult|Thunder Wave|p1a: Clefable
|-status|p1a: Clefable|par
|
|-damage|p2a: Dragapult|17/100 tox|[from] psn
|upkeep
|turn|191
|inactive|jawabarat has 20 seconds left this turn.
|l| Jongruenwald
|inactive|jawabarat has 15 seconds left.
|
|t:|1666132236
|move|p2a: Dragapult|U-turn|p1a: Clefable
|-resisted|p1a: Clefable
|-damage|p1a: Clefable|64/100 par
|inactive|jawabarat has 15 seconds left this turn.
|j| fdaadadsffd
|
|t:|1666132244
|switch|p2a: Kartana|Kartana|11/100|[from]move: U-turn
|move|p1a: Clefable|Thunder|p2a: Kartana
|-resisted|p2a: Kartana
|-damage|p2a: Kartana|0 fnt
|faint|p2a: Kartana
|
|upkeep
|inactive|jawabarat has 20 seconds left this turn.
|
|t:|1666132246
|switch|p2a: Corviknight|Corviknight, M|98/100
|-ability|p2a: Corviknight|Pressure
|turn|192
|inactive|jawabarat has 20 seconds left this turn.
|
|t:|1666132251
|switch|p1a: Tornadus|Tornadus-Therian, M|83/100
|move|p2a: Corviknight|Body Press|p1a: Tornadus
|-resisted|p1a: Tornadus
|-damage|p1a: Tornadus|69/100
|
|upkeep
|turn|193
|inactive|jawabarat has 25 seconds left this turn.
|inactive|jawabarat has 20 seconds left.
|
|t:|1666132257
|switch|p2a: Dragapult|Dragapult, F|17/100 tox
|move|p1a: Tornadus|Nasty Plot|p1a: Tornadus
|-boost|p1a: Tornadus|spa|2
|
|-damage|p2a: Dragapult|11/100 tox|[from] psn
|upkeep
|turn|194
|inactive|jawabarat has 20 seconds left this turn.
|
|t:|1666132260
|switch|p1a: Blissey|Blissey, F|86/100
|move|p2a: Dragapult|Draco Meteor|p1a: Blissey
|-damage|p1a: Blissey|66/100
|-unboost|p2a: Dragapult|spa|2
|
|-damage|p2a: Dragapult|0 fnt|[from] psn
|faint|p2a: Dragapult
|upkeep
|inactive|jawabarat has 25 seconds left this turn.
|
|t:|1666132263
|switch|p2a: Corviknight|Corviknight, M|98/100
|-ability|p2a: Corviknight|Pressure
|turn|195
|inactive|jawabarat has 25 seconds left this turn.
|
|t:|1666132266
|move|p2a: Corviknight|Body Press|p1a: Blissey
|-supereffective|p1a: Blissey
|-crit|p1a: Blissey
|-damage|p1a: Blissey|0 fnt
|faint|p1a: Blissey
|
|upkeep
|inactive|jawabarat has 30 seconds left this turn.
|
|t:|1666132270
|switch|p1a: Tornadus|Tornadus-Therian, M|100/100
|turn|196
|inactive|jawabarat has 30 seconds left this turn.
|
|t:|1666132274
|move|p1a: Tornadus|Nasty Plot|p1a: Tornadus
|-boost|p1a: Tornadus|spa|2
|move|p2a: Corviknight|Body Press|p1a: Tornadus
|-resisted|p1a: Tornadus
|-damage|p1a: Tornadus|87/100
|
|upkeep
|turn|197
|
|t:|1666132278
|move|p1a: Tornadus|Nasty Plot|p1a: Tornadus
|-boost|p1a: Tornadus|spa|2
|move|p2a: Corviknight|Body Press|p1a: Tornadus
|-resisted|p1a: Tornadus
|-damage|p1a: Tornadus|73/100
|
|upkeep
|turn|198
|inactive|jawabarat has 30 seconds left.
|inactive|jawabarat has 20 seconds left.
|l|☆jawabarat
|inactive|jawabarat disconnected and has a minute to reconnect!
|player|p1|
|j|☆jawabarat
|inactive|jawabarat reconnected and has 20 seconds left.
|player|p1|jawabarat|artist-gen4
|inactive|jawabarat has 15 seconds left.
|inactive|jawabarat has 10 seconds left.
|
|t:|1666132303
|move|p1a: Tornadus|Hurricane|p2a: Corviknight
|-resisted|p2a: Corviknight
|-damage|p2a: Corviknight|38/100
|move|p2a: Corviknight|Body Press|p1a: Tornadus
|-resisted|p1a: Tornadus
|-damage|p1a: Tornadus|59/100
|
|upkeep
|turn|199
|inactive|jawabarat has 15 seconds left this turn.
|inactive|jawabarat has 10 seconds left.
|
|t:|1666132309
|move|p1a: Tornadus|Focus Blast|p2a: Corviknight
|-damage|p2a: Corviknight|0 fnt
|faint|p2a: Corviknight
|
|win|jawabarat
|inactive|jawabarat has 15 seconds left this turn.
|raw|jawabarat's rating: 1794 &rarr; <strong>1812</strong><br />(+18 for winning)
|raw|dd absol's rating: 1752 &rarr; <strong>1734</strong><br />(-18 for losing)
|c|☆jawabarat|ggs
|c|☆dd absol|ggs
|c|☆jawabarat|really fun one
|c|☆dd absol|yeah pretty good
|c|☆dd absol|sad I got crit at the end
|c|☆jawabarat|true lol
|l| fdaadadsffd
|c|☆dd absol|but you got crit in the beginning
|c|☆dd absol|so fair
|c|☆jawabarat|heading off for the night now, have a good one
|c|☆dd absol|I guess
|c|☆dd absol|you too
|l|☆jawabarat
||Ladder isn't responding, score probably updated but might not have (Request timeout).
|l|☆dd absol
|j|☆dd absol
|player|p2|dd absol|acetrainerf
