|j|☆Sosobra02
|j|☆Run For Me Plz
|t:|1644324054
|gametype|singles
|player|p1|Sosobra02|102|1457
|player|p2|Run For Me Plz|grimsley-gen7|1615
|teamsize|p1|6
|teamsize|p2|6
|gen|8
|tier|[Gen 8] OU
|rated|
|rule|Sleep Clause Mod: Limit one foe put to sleep
|rule|Species Clause: Limit one of each Pokémon
|rule|OHKO Clause: OHKO moves are banned
|rule|Evasion Moves Clause: Evasion moves are banned
|rule|Endless Battle Clause: Forcing endless battles is banned
|rule|HP Percentage Mod: HP is shown in percentages
|rule|Dynamax Clause: You cannot dynamax
|clearpoke
|poke|p1|Kartana|
|poke|p1|Slowking, M|
|poke|p1|Raichu-Alola, M|
|poke|p1|Tapu Koko|
|poke|p1|Mandibuzz, F|
|poke|p1|Landorus-Therian, M|
|poke|p2|Clefable, M|
|poke|p2|Slowking, M|
|poke|p2|Corviknight, F|
|poke|p2|Toxapex, F|
|poke|p2|Blissey, F|
|poke|p2|Victini|
|teampreview
|inactive|Battle timer is ON: inactive players will automatically lose when time's up. (requested by Sosobra02)
|inactive|Run For Me Plz also wants the timer to be on.
|
|t:|1644324072
|start
|switch|p1a: Tapu Koko|Tapu Koko|100/100
|switch|p2a: Toxapex|Toxapex, F|100/100
|-fieldstart|move: Electric Terrain|[from] ability: Electric Surge|[of] p1a: Tapu Koko
|turn|1
|
|t:|1644324080
|move|p1a: Tapu Koko|Volt Switch|p2a: Toxapex
|-supereffective|p2a: Toxapex
|-damage|p2a: Toxapex|37/100
|
|t:|1644324084
|switch|p1a: Raichu|Raichu-Alola, M|100/100|[from]move: Volt Switch
|move|p2a: Toxapex|Toxic Spikes|p1a: Raichu
|-sidestart|p1: Sosobra02|move: Toxic Spikes
|
|upkeep
|turn|2
|
|t:|1644324091
|switch|p2a: Blissey|Blissey, F, shiny|100/100
|move|p1a: Raichu|Rising Voltage|p2a: Blissey
|-damage|p2a: Blissey|58/100
|
|upkeep
|turn|3
|
|t:|1644324098
|move|p1a: Raichu|Rising Voltage|p2a: Blissey
|-damage|p2a: Blissey|11/100
|move|p2a: Blissey|Soft-Boiled|p2a: Blissey
|-heal|p2a: Blissey|61/100
|
|upkeep
|turn|4
|
|t:|1644324107
|switch|p1a: Kartana|Kartana|100/100
|move|p2a: Blissey|Soft-Boiled|p2a: Blissey
|-heal|p2a: Blissey|100/100
|
|upkeep
|turn|5
|
|t:|1644324115
|switch|p2a: Toxapex|Toxapex, F|70/100
|move|p1a: Kartana|Knock Off|p2a: Toxapex
|-damage|p2a: Toxapex|29/100
|-damage|p1a: Kartana|84/100|[from] item: Rocky Helmet|[of] p2a: Toxapex
|-enditem|p2a: Toxapex|Rocky Helmet|[from] move: Knock Off|[of] p1a: Kartana
|
|-fieldend|move: Electric Terrain
|upkeep
|turn|6
|
|t:|1644324124
|switch|p2a: Corviknight|Corviknight, F|100/100
|-ability|p2a: Corviknight|Pressure
|move|p1a: Kartana|Knock Off|p2a: Corviknight
|-damage|p2a: Corviknight|59/100
|-enditem|p2a: Corviknight|Leftovers|[from] move: Knock Off|[of] p1a: Kartana
|
|upkeep
|turn|7
|
|t:|1644324133
|switch|p1a: Mandibuzz|Mandibuzz, F|100/100
|move|p2a: Corviknight|Roost|p2a: Corviknight
|-heal|p2a: Corviknight|100/100
|-singleturn|p2a: Corviknight|move: Roost
|
|upkeep
|turn|8
|
|t:|1644324143
|move|p1a: Mandibuzz|Defog|p2a: Corviknight
|-unboost|p2a: Corviknight|evasion|1
|-sideend|p1: Sosobra02|Toxic Spikes|[from] move: Defog|[of] p1a: Mandibuzz
|move|p2a: Corviknight|U-turn|p1a: Mandibuzz
|-damage|p1a: Mandibuzz|92/100
|
|t:|1644324147
|switch|p2a: Toxapex|Toxapex, F|62/100|[from]move: U-turn
|
|upkeep
|turn|9
|
|t:|1644324153
|switch|p1a: Tapu Koko|Tapu Koko|100/100
|-fieldstart|move: Electric Terrain|[from] ability: Electric Surge|[of] p1a: Tapu Koko
|move|p2a: Toxapex|Recover|p2a: Toxapex
|-heal|p2a: Toxapex|100/100
|
|upkeep
|turn|10
|
|t:|1644324162
|move|p1a: Tapu Koko|Grass Knot|p2a: Toxapex
|-damage|p2a: Toxapex|91/100
|move|p2a: Toxapex|Toxic Spikes|p1a: Tapu Koko
|-sidestart|p1: Sosobra02|move: Toxic Spikes
|
|upkeep
|turn|11
|
|t:|1644324169
|move|p1a: Tapu Koko|Volt Switch|p2a: Toxapex
|-supereffective|p2a: Toxapex
|-damage|p2a: Toxapex|29/100
|
|t:|1644324175
|switch|p1a: Landorus|Landorus-Therian, M|100/100|[from]move: Volt Switch
|-ability|p1a: Landorus|Intimidate|boost
|-unboost|p2a: Toxapex|atk|1
|move|p2a: Toxapex|Toxic Spikes|p1a: Landorus
|-sidestart|p1: Sosobra02|move: Toxic Spikes
|
|upkeep
|turn|12
|
|t:|1644324183
|switch|p2a: Corviknight|Corviknight, F|100/100
|-ability|p2a: Corviknight|Pressure
|move|p1a: Landorus|Earthquake|p2a: Corviknight
|-immune|p2a: Corviknight
|
|upkeep
|turn|13
|
|t:|1644324191
|move|p1a: Landorus|Stealth Rock|p2a: Corviknight
|-sidestart|p2: Run For Me Plz|move: Stealth Rock
|move|p2a: Corviknight|U-turn|p1a: Landorus
|-resisted|p1a: Landorus
|-damage|p1a: Landorus|94/100
|-damage|p2a: Corviknight|84/100|[from] item: Rocky Helmet|[of] p1a: Landorus
|
|t:|1644324195
|switch|p2a: Clefable|Clefable, M|100/100|[from]move: U-turn
|
|-fieldend|move: Electric Terrain
|upkeep
|turn|14
|
|t:|1644324202
|move|p1a: Landorus|Knock Off|p2a: Clefable
|-resisted|p2a: Clefable
|-damage|p2a: Clefable|89/100
|-enditem|p2a: Clefable|Heavy-Duty Boots|[from] move: Knock Off|[of] p1a: Landorus
|move|p2a: Clefable|Stealth Rock|p1a: Landorus
|-sidestart|p1: Sosobra02|move: Stealth Rock
|
|upkeep
|turn|15
|
|t:|1644324210
|move|p1a: Landorus|U-turn|p2a: Clefable
|-resisted|p2a: Clefable
|-damage|p2a: Clefable|81/100
|
|t:|1644324215
|switch|p1a: Mandibuzz|Mandibuzz, F|92/100|[from]move: U-turn
|move|p2a: Clefable|Moonblast|p1a: Mandibuzz
|-supereffective|p1a: Mandibuzz
|-crit|p1a: Mandibuzz
|-damage|p1a: Mandibuzz|21/100
|
|upkeep
|turn|16
|
|t:|1644324223
|move|p1a: Mandibuzz|Defog|p2a: Clefable
|-unboost|p2a: Clefable|evasion|1
|-sideend|p2: Run For Me Plz|Stealth Rock|[from] move: Defog|[of] p1a: Mandibuzz
|-sideend|p1: Sosobra02|Toxic Spikes|[from] move: Defog|[of] p1a: Mandibuzz
|-sideend|p1: Sosobra02|Stealth Rock|[from] move: Defog|[of] p1a: Mandibuzz
|move|p2a: Clefable|Moonblast|p1a: Mandibuzz
|-supereffective|p1a: Mandibuzz
|-crit|p1a: Mandibuzz
|-damage|p1a: Mandibuzz|0 fnt
|faint|p1a: Mandibuzz
|
|upkeep
|
|t:|1644324234
|switch|p1a: Tapu Koko|Tapu Koko|100/100
|-fieldstart|move: Electric Terrain|[from] ability: Electric Surge|[of] p1a: Tapu Koko
|turn|17
|
|t:|1644324240
|move|p1a: Tapu Koko|Volt Switch|p2a: Clefable
|-damage|p2a: Clefable|46/100
|
|t:|1644324246
|switch|p1a: Raichu|Raichu-Alola, M|100/100|[from]move: Volt Switch
|move|p2a: Clefable|Stealth Rock|p1a: Raichu
|-sidestart|p1: Sosobra02|move: Stealth Rock
|
|upkeep
|turn|18
|
|t:|1644324252
|move|p1a: Raichu|Volt Switch|p2a: Clefable
|-damage|p2a: Clefable|0 fnt
|faint|p2a: Clefable
|
|t:|1644324260
|switch|p1a: Slowking|Slowking, M|100/100|[from]move: Volt Switch
|
|upkeep
|
|t:|1644324263
|switch|p2a: THE STAR ⭐️|Victini|100/100
|turn|19
|
|t:|1644324269
|move|p2a: THE STAR ⭐️|Glaciate|p1a: Slowking
|-resisted|p1a: Slowking
|-damage|p1a: Slowking|96/100
|-unboost|p1a: Slowking|spe|1
|move|p1a: Slowking|Scald|p2a: THE STAR ⭐️
|-supereffective|p2a: THE STAR ⭐️
|-damage|p2a: THE STAR ⭐️|41/100
|
|upkeep
|turn|20
|
|t:|1644324283
|move|p2a: THE STAR ⭐️|Bolt Strike|p1a: Slowking
|-supereffective|p1a: Slowking
|-damage|p1a: Slowking|0 fnt
|faint|p1a: Slowking
|
|upkeep
|
|t:|1644324294
|switch|p1a: Tapu Koko|Tapu Koko|100/100
|turn|21
|
|t:|1644324321
|move|p1a: Tapu Koko|Volt Switch|p2a: THE STAR ⭐️
|-damage|p2a: THE STAR ⭐️|4/100
|
|t:|1644324325
|switch|p1a: Landorus|Landorus-Therian, M|94/100|[from]move: Volt Switch
|-damage|p1a: Landorus|82/100|[from] Stealth Rock
|-ability|p1a: Landorus|Intimidate|boost
|-unboost|p2a: THE STAR ⭐️|atk|1
|move|p2a: THE STAR ⭐️|V-create|p1a: Landorus
|-damage|p1a: Landorus|43/100
|-unboost|p2a: THE STAR ⭐️|spe|1
|-unboost|p2a: THE STAR ⭐️|def|1
|-unboost|p2a: THE STAR ⭐️|spd|1
|-damage|p2a: THE STAR ⭐️|0 fnt|[from] item: Rocky Helmet|[of] p1a: Landorus
|faint|p2a: THE STAR ⭐️
|
|-fieldend|move: Electric Terrain
|upkeep
|
|t:|1644324333
|switch|p2a: Slowking|Slowking, M, shiny|100/100
|turn|22
|
|t:|1644324341
|move|p1a: Landorus|Knock Off|p2a: Slowking
|-supereffective|p2a: Slowking
|-damage|p2a: Slowking|45/100
|-enditem|p2a: Slowking|Leftovers|[from] move: Knock Off|[of] p1a: Landorus
|move|p2a: Slowking|Scald|p1a: Landorus
|-supereffective|p1a: Landorus
|-damage|p1a: Landorus|0 fnt
|faint|p1a: Landorus
|
|upkeep
|
|t:|1644324356
|switch|p1a: Tapu Koko|Tapu Koko|100/100
|-fieldstart|move: Electric Terrain|[from] ability: Electric Surge|[of] p1a: Tapu Koko
|turn|23
|
|t:|1644324363
|move|p1a: Tapu Koko|Volt Switch|p2a: Slowking
|-supereffective|p2a: Slowking
|-damage|p2a: Slowking|0 fnt
|faint|p2a: Slowking
|
|t:|1644324371
|switch|p1a: Raichu|Raichu-Alola, M|100/100|[from]move: Volt Switch
|-damage|p1a: Raichu|88/100|[from] Stealth Rock
|
|upkeep
|
|t:|1644324374
|switch|p2a: Blissey|Blissey, F, shiny|100/100
|turn|24
|
|t:|1644324379
|move|p1a: Raichu|Volt Switch|p2a: Blissey
|-damage|p2a: Blissey|78/100
|
|t:|1644324382
|switch|p1a: Kartana|Kartana|84/100|[from]move: Volt Switch
|-damage|p1a: Kartana|78/100|[from] Stealth Rock
|move|p2a: Blissey|Soft-Boiled|p2a: Blissey
|-heal|p2a: Blissey|100/100
|
|upkeep
|turn|25
|
|t:|1644324390
|switch|p1a: Raichu|Raichu-Alola, M|88/100
|-damage|p1a: Raichu|76/100|[from] Stealth Rock
|switch|p2a: Corviknight|Corviknight, F|84/100
|-ability|p2a: Corviknight|Pressure
|
|upkeep
|turn|26
|
|t:|1644324399
|switch|p2a: Blissey|Blissey, F, shiny|100/100
|move|p1a: Raichu|Volt Switch|p2a: Blissey
|-damage|p2a: Blissey|79/100
|
|t:|1644324404
|switch|p1a: Kartana|Kartana|78/100|[from]move: Volt Switch
|-damage|p1a: Kartana|72/100|[from] Stealth Rock
|
|upkeep
|turn|27
|
|t:|1644324410
|switch|p1a: Tapu Koko|Tapu Koko|100/100
|switch|p2a: Corviknight|Corviknight, F|84/100
|-ability|p2a: Corviknight|Pressure
|
|-fieldend|move: Electric Terrain
|upkeep
|turn|28
|
|t:|1644324419
|switch|p2a: Blissey|Blissey, F, shiny|79/100
|move|p1a: Tapu Koko|Volt Switch|p2a: Blissey
|-damage|p2a: Blissey|69/100
|
|t:|1644324425
|switch|p1a: Kartana|Kartana|72/100|[from]move: Volt Switch
|-damage|p1a: Kartana|65/100|[from] Stealth Rock
|
|upkeep
|turn|29
|
|t:|1644324430
|switch|p1a: Tapu Koko|Tapu Koko|100/100
|-fieldstart|move: Electric Terrain|[from] ability: Electric Surge|[of] p1a: Tapu Koko
|switch|p2a: Corviknight|Corviknight, F|84/100
|-ability|p2a: Corviknight|Pressure
|
|upkeep
|turn|30
|
|t:|1644324439
|move|p1a: Tapu Koko|Volt Switch|p2a: Corviknight
|-supereffective|p2a: Corviknight
|-damage|p2a: Corviknight|9/100
|
|t:|1644324443
|switch|p1a: Raichu|Raichu-Alola, M|76/100|[from]move: Volt Switch
|-damage|p1a: Raichu|64/100|[from] Stealth Rock
|move|p2a: Corviknight|U-turn|p1a: Raichu
|-supereffective|p1a: Raichu
|-damage|p1a: Raichu|0 fnt
|faint|p1a: Raichu
|
|t:|1644324448
|switch|p2a: Blissey|Blissey, F, shiny|69/100|[from]move: U-turn
|
|upkeep
|
|t:|1644324456
|switch|p1a: Kartana|Kartana|65/100
|-damage|p1a: Kartana|59/100|[from] Stealth Rock
|turn|31
|
|t:|1644324461
|switch|p2a: Toxapex|Toxapex, F|62/100
|move|p1a: Kartana|Leaf Blade|p2a: Toxapex
|-damage|p2a: Toxapex|10/100
|
|upkeep
|turn|32
|
|t:|1644324468
|switch|p1a: Tapu Koko|Tapu Koko|100/100
|switch|p2a: Corviknight|Corviknight, F|9/100
|-ability|p2a: Corviknight|Pressure
|
|upkeep
|turn|33
|
|t:|1644324477
|switch|p2a: Blissey|Blissey, F, shiny|69/100
|move|p1a: Tapu Koko|Volt Switch|p2a: Blissey
|-damage|p2a: Blissey|54/100
|
|t:|1644324484
|switch|p1a: Kartana|Kartana|59/100|[from]move: Volt Switch
|-damage|p1a: Kartana|53/100|[from] Stealth Rock
|
|-fieldend|move: Electric Terrain
|upkeep
|turn|34
|
|t:|1644324491
|move|p1a: Kartana|Leaf Blade|p2a: Blissey
|-damage|p2a: Blissey|0 fnt
|faint|p2a: Blissey
|-ability|p1a: Kartana|Beast Boost|boost
|-boost|p1a: Kartana|atk|1
|
|upkeep
|-message|Run For Me Plz forfeited.
|
|win|Sosobra02
|raw|Sosobra02's rating: 1457 &rarr; <strong>1486</strong><br />(+29 for winning)
|raw|Run For Me Plz's rating: 1615 &rarr; <strong>1586</strong><br />(-29 for losing)
|l|☆Run For Me Plz
