|j|☆ldailey19
|j|☆minimax_ai
|t:|1662697584
|gametype|singles
|player|p1|ldailey19|lance|1462
|player|p2|minimax_ai|lusamine-nihilego|1413
|teamsize|p1|6
|teamsize|p2|6
|gen|8
|tier|[Gen 8] OU
|rated|
|rule|Sleep Clause Mod: Limit one foe put to sleep
|rule|Species Clause: Limit one of each Pokémon
|rule|OHKO Clause: OHKO moves are banned
|rule|Evasion Items Clause: Evasion items are banned
|rule|Evasion Moves Clause: Evasion moves are banned
|rule|Endless Battle Clause: Forcing endless battles is banned
|rule|HP Percentage Mod: HP is shown in percentages
|rule|Dynamax Clause: You cannot dynamax
|clearpoke
|poke|p1|Magnezone|
|poke|p1|Weavile, F|
|poke|p1|Urshifu-*, M|
|poke|p1|Heatran, F|
|poke|p1|Landorus-Therian, M|
|poke|p1|Dragapult, M|
|poke|p2|Rotom-Wash|
|poke|p2|Weavile, M|
|poke|p2|Landorus-Therian, M|
|poke|p2|Heatran, M|
|poke|p2|Tangrowth, F|
|poke|p2|Melmetal|
|teampreview
|inactive|Battle timer is ON: inactive players will automatically lose when time's up. (requested by ldailey19)
|c|☆minimax_ai|hf
|inactive|minimax_ai also wants the timer to be on.
|
|t:|1662697597
|start
|switch|p1a: Dragapult|Dragapult, M, shiny|100/100
|switch|p2a: rotomwash|Rotom-Wash|100/100
|turn|1
|
|t:|1662697605
|switch|p1a: Magnezone|Magnezone, shiny|100/100
|switch|p2a: Melmetal|Melmetal|100/100
|
|upkeep
|turn|2
|
|t:|1662697607
|move|p1a: Magnezone|Volt Switch|p2a: Melmetal
|-damage|p2a: Melmetal|79/100
|
|t:|1662697611
|switch|p1a: Landorus|Landorus-Therian, M|100/100|[from]move: Volt Switch
|-ability|p1a: Landorus|Intimidate|boost
|-unboost|p2a: Melmetal|atk|1
|move|p2a: Melmetal|Ice Punch|p1a: Landorus
|-supereffective|p1a: Landorus
|-damage|p1a: Landorus|35/100
|-damage|p2a: Melmetal|62/100|[from] item: Rocky Helmet|[of] p1a: Landorus
|
|upkeep
|turn|3
|
|t:|1662697616
|switch|p2a: landorustherian|Landorus-Therian, M|100/100
|-ability|p2a: landorustherian|Intimidate|boost
|-unboost|p1a: Landorus|atk|1
|move|p1a: Landorus|Stealth Rock|p2a: landorustherian
|-sidestart|p2: minimax_ai|move: Stealth Rock
|
|upkeep
|turn|4
|
|t:|1662697618
|move|p1a: Landorus|Knock Off|p2a: landorustherian
|-damage|p2a: landorustherian|81/100
|-enditem|p2a: landorustherian|Leftovers|[from] move: Knock Off|[of] p1a: Landorus
|move|p2a: landorustherian|Defog|p1a: Landorus
|-unboost|p1a: Landorus|evasion|1
|-sideend|p2: minimax_ai|Stealth Rock|[from] move: Defog|[of] p2a: landorustherian
|
|upkeep
|turn|5
|
|t:|1662697625
|move|p1a: Landorus|Stealth Rock|p2a: landorustherian
|-sidestart|p2: minimax_ai|move: Stealth Rock
|move|p2a: landorustherian|Earthquake|p1a: Landorus
|-immune|p1a: Landorus
|
|upkeep
|turn|6
|
|t:|1662697632
|switch|p1a: Heatran|Heatran, F, shiny|100/100
|-item|p1a: Heatran|Air Balloon
|move|p2a: landorustherian|Defog|p1a: Heatran
|-unboost|p1a: Heatran|evasion|1
|-sideend|p2: minimax_ai|Stealth Rock|[from] move: Defog|[of] p2a: landorustherian
|
|upkeep
|turn|7
|
|t:|1662697636
|switch|p2a: rotomwash|Rotom-Wash|100/100
|move|p1a: Heatran|Toxic|p2a: rotomwash
|-status|p2a: rotomwash|tox
|
|-damage|p2a: rotomwash|94/100 tox|[from] psn
|upkeep
|turn|8
|
|t:|1662697640
|switch|p1a: Magnezone|Magnezone, shiny|100/100
|move|p2a: rotomwash|Hydro Pump|p1a: Magnezone
|-damage|p1a: Magnezone|70/100
|
|-heal|p2a: rotomwash|100/100 tox|[from] item: Leftovers
|-damage|p2a: rotomwash|88/100 tox|[from] psn
|upkeep
|turn|9
|
|t:|1662697644
|switch|p2a: Tangrowth|Tangrowth, F|100/100
|move|p1a: Magnezone|Flash Cannon|p2a: Tangrowth
|-damage|p2a: Tangrowth|21/100
|
|upkeep
|turn|10
|
|t:|1662697650
|switch|p2a: Melmetal|Melmetal|62/100
|move|p1a: Magnezone|Flash Cannon|p2a: Melmetal
|-resisted|p2a: Melmetal
|-damage|p2a: Melmetal|47/100
|
|upkeep
|turn|11
|
|t:|1662697653
|move|p1a: Magnezone|Volt Switch|p2a: Melmetal
|-damage|p2a: Melmetal|26/100
|
|t:|1662697660
|switch|p1a: Landorus|Landorus-Therian, M|35/100|[from]move: Volt Switch
|-ability|p1a: Landorus|Intimidate|boost
|-unboost|p2a: Melmetal|atk|1
|move|p2a: Melmetal|Earthquake|p1a: Landorus
|-immune|p1a: Landorus
|
|upkeep
|turn|12
|
|t:|1662697665
|switch|p2a: Heatran|Heatran, M|100/100
|-item|p2a: Heatran|Air Balloon
|move|p1a: Landorus|Stealth Rock|p2a: Heatran
|-sidestart|p2: minimax_ai|move: Stealth Rock
|
|upkeep
|turn|13
|
|t:|1662697671
|move|p2a: Heatran|Eruption|p1a: Landorus
|-damage|p1a: Landorus|0 fnt
|faint|p1a: Landorus
|
|upkeep
|
|t:|1662697684
|switch|p1a: Urshifu|Urshifu-Rapid-Strike, M|100/100
|turn|14
|
|t:|1662697685
|switch|p2a: Tangrowth|Tangrowth, F|54/100
|-damage|p2a: Tangrowth|42/100|[from] Stealth Rock
|move|p1a: Urshifu|Close Combat|p2a: Tangrowth
|-damage|p2a: Tangrowth|7/100
|-unboost|p1a: Urshifu|def|1
|-unboost|p1a: Urshifu|spd|1
|-damage|p1a: Urshifu|84/100|[from] item: Rocky Helmet|[of] p2a: Tangrowth
|
|upkeep
|turn|15
|
|t:|1662697692
|move|p1a: Urshifu|Close Combat|p2a: Tangrowth
|-damage|p2a: Tangrowth|0 fnt
|-unboost|p1a: Urshifu|def|1
|-unboost|p1a: Urshifu|spd|1
|-damage|p1a: Urshifu|68/100|[from] item: Rocky Helmet|[of] p2a: Tangrowth
|faint|p2a: Tangrowth
|
|upkeep
|
|t:|1662697693
|switch|p2a: Weavile|Weavile, M|100/100
|-damage|p2a: Weavile|76/100|[from] Stealth Rock
|-ability|p2a: Weavile|Pressure
|turn|16
|
|t:|1662697700
|switch|p1a: Weavile|Weavile, F|100/100
|-ability|p1a: Weavile|Pressure
|move|p2a: Weavile|Knock Off|p1a: Weavile
|-resisted|p1a: Weavile
|-damage|p1a: Weavile|40/100
|-enditem|p1a: Weavile|Choice Band|[from] move: Knock Off|[of] p2a: Weavile
|
|upkeep
|turn|17
|
|t:|1662697704
|switch|p2a: Melmetal|Melmetal|26/100
|-damage|p2a: Melmetal|20/100|[from] Stealth Rock
|move|p1a: Weavile|Low Kick|p2a: Melmetal
|-supereffective|p2a: Melmetal
|-damage|p2a: Melmetal|0 fnt
|faint|p2a: Melmetal
|
|upkeep
|
|t:|1662697704
|switch|p2a: rotomwash|Rotom-Wash|88/100 tox
|-damage|p2a: rotomwash|75/100 tox|[from] Stealth Rock
|turn|18
|
|t:|1662697711
|move|p1a: Weavile|Knock Off|p2a: rotomwash
|-damage|p2a: rotomwash|29/100 tox
|-enditem|p2a: rotomwash|Leftovers|[from] move: Knock Off|[of] p1a: Weavile
|move|p2a: rotomwash|Thunderbolt|p1a: Weavile
|-damage|p1a: Weavile|0 fnt
|faint|p1a: Weavile
|
|-damage|p2a: rotomwash|23/100 tox|[from] psn
|upkeep
|
|t:|1662697718
|switch|p1a: Magnezone|Magnezone, shiny|70/100
|turn|19
|
|t:|1662697722
|move|p2a: rotomwash|Pain Split|p1a: Magnezone
|-sethp|p1a: Magnezone|45/100|[from] move: Pain Split|[silent]
|-sethp|p2a: rotomwash|51/100 tox|[from] move: Pain Split
|move|p1a: Magnezone|Flash Cannon|p2a: rotomwash
|-resisted|p2a: rotomwash
|-damage|p2a: rotomwash|35/100 tox
|
|-damage|p2a: rotomwash|23/100 tox|[from] psn
|upkeep
|turn|20
|
|t:|1662697733
|move|p2a: rotomwash|Hydro Pump|p1a: Magnezone|[miss]
|-miss|p2a: rotomwash|p1a: Magnezone
|move|p1a: Magnezone|Volt Switch|p2a: rotomwash
|-damage|p2a: rotomwash|0 fnt
|faint|p2a: rotomwash
|
|t:|1662697739
|switch|p1a: Dragapult|Dragapult, M, shiny|100/100|[from]move: Volt Switch
|
|upkeep
|
|t:|1662697739
|switch|p2a: Heatran|Heatran, M|100/100
|-damage|p2a: Heatran|88/100|[from] Stealth Rock
|-item|p2a: Heatran|Air Balloon
|turn|21
|
|t:|1662697746
|move|p1a: Dragapult|U-turn|p2a: Heatran
|-resisted|p2a: Heatran
|-damage|p2a: Heatran|82/100
|-enditem|p2a: Heatran|Air Balloon
|
|t:|1662697750
|switch|p1a: Heatran|Heatran, F, shiny|100/100|[from]move: U-turn
|-item|p1a: Heatran|Air Balloon
|move|p2a: Heatran|Eruption|p1a: Heatran
|-start|p1a: Heatran|ability: Flash Fire
|
|upkeep
|turn|22
|
|t:|1662697754
|move|p2a: Heatran|Stealth Rock|p1a: Heatran
|-sidestart|p1: ldailey19|move: Stealth Rock
|move|p1a: Heatran|Earth Power|p2a: Heatran
|-supereffective|p2a: Heatran
|-damage|p2a: Heatran|0 fnt
|faint|p2a: Heatran
|
|upkeep
|
|t:|1662697754
|switch|p2a: Weavile|Weavile, M|76/100
|-damage|p2a: Weavile|51/100|[from] Stealth Rock
|-ability|p2a: Weavile|Pressure
|turn|23
|
|t:|1662697764
|move|p1a: Heatran|Protect|p1a: Heatran
|-singleturn|p1a: Heatran|Protect
|move|p2a: Weavile|Low Kick|p1a: Heatran
|-activate|p1a: Heatran|move: Protect
|
|upkeep
|turn|24
|
|t:|1662697773
|-end|p1a: Heatran|ability: Flash Fire|[silent]
|switch|p1a: Dragapult|Dragapult, M, shiny|100/100
|-damage|p1a: Dragapult|88/100|[from] Stealth Rock
|move|p2a: Weavile|Low Kick|p1a: Dragapult
|-immune|p1a: Dragapult
|
|upkeep
|turn|25
|
|t:|1662697778
|move|p1a: Dragapult|Dragon Darts|p2a: Weavile
|-damage|p2a: Weavile|7/100
|-anim|p1a: Dragapult|Dragon Darts|p2a: Weavile
|-damage|p2a: Weavile|0 fnt
|faint|p2a: Weavile
|
|upkeep
|
|t:|1662697778
|switch|p2a: landorustherian|Landorus-Therian, M|81/100
|-damage|p2a: landorustherian|68/100|[from] Stealth Rock
|-ability|p2a: landorustherian|Intimidate|boost
|-unboost|p1a: Dragapult|atk|1
|turn|26
|
|t:|1662697783
|move|p1a: Dragapult|Dragon Darts|p2a: landorustherian
|-damage|p2a: landorustherian|52/100
|-anim|p1a: Dragapult|Dragon Darts|p2a: landorustherian
|-damage|p2a: landorustherian|35/100
|move|p2a: landorustherian|Earthquake|p1a: Dragapult
|-damage|p1a: Dragapult|21/100
|
|upkeep
|turn|27
|
|t:|1662697786
|move|p1a: Dragapult|Dragon Darts|p2a: landorustherian
|-damage|p2a: landorustherian|20/100
|-anim|p1a: Dragapult|Dragon Darts|p2a: landorustherian
|-damage|p2a: landorustherian|4/100
|move|p2a: landorustherian|Earthquake|p1a: Dragapult
|-damage|p1a: Dragapult|0 fnt
|faint|p1a: Dragapult
|
|upkeep
|
|t:|1662697791
|switch|p1a: Urshifu|Urshifu-Rapid-Strike, M|68/100
|-damage|p1a: Urshifu|61/100|[from] Stealth Rock
|turn|28
|
|t:|1662697794
|move|p1a: Urshifu|Aqua Jet|p2a: landorustherian
|-supereffective|p2a: landorustherian
|-damage|p2a: landorustherian|0 fnt
|faint|p2a: landorustherian
|
|win|ldailey19
|raw|ldailey19's rating: 1462 &rarr; <strong>1479</strong><br />(+17 for winning)
|raw|minimax_ai's rating: 1413 &rarr; <strong>1396</strong><br />(-17 for losing)
|c|☆minimax_ai|gg
