|j|☆Ardraxthan
|j|☆A
|player|p1|Ardraxthan|firebreather|1387
|player|p2|A|clemont|1461
|teamsize|p1|6
|teamsize|p2|6
|gametype|singles
|gen|8
|tier|[Gen 8] OU
|rated|
|clearpoke
|poke|p1|Rillaboom, M|
|poke|p1|Hawlucha, M|
|poke|p1|Rotom-Heat|
|poke|p1|Hippowdon, M|
|poke|p1|Clefable, F|
|poke|p1|Hydreigon, F|
|poke|p2|Aegislash, M|
|poke|p2|Toxapex, F|
|poke|p2|Jirachi|
|poke|p2|Rillaboom, M|
|poke|p2|Togekiss, F|
|poke|p2|Arcanine, F|
|rule|Sleep Clause Mod: Limit one foe put to sleep
|rule|Species Clause: Limit one of each Pokémon
|rule|OHKO Clause: OHKO moves are banned
|rule|Evasion Moves Clause: Evasion moves are banned
|rule|Endless Battle Clause: Forcing endless battles is banned
|rule|HP Percentage Mod: HP is shown in percentages
|rule|Dynamax Clause: You cannot dynamax
|teampreview
|inactive|Battle timer is ON: inactive players will automatically lose when time's up. (requested by A)
|
|start
|switch|p1a: Clefable|Clefable, F|100/100
|switch|p2a: cool laddy|Jirachi, shiny|100/100
|turn|1
|
|switch|p1a: Hippowdon|Hippowdon, M|100/100
|-weather|Sandstorm|[from] ability: Sand Stream|[of] p1a: Hippowdon
|move|p2a: cool laddy|Trick|p1a: Hippowdon
|-activate|p2a: cool laddy|move: Trick|[of] p1a: Hippowdon
|-item|p1a: Hippowdon|Choice Scarf|[from] move: Trick
|-item|p2a: cool laddy|Rocky Helmet|[from] move: Trick
|
|-weather|Sandstorm|[upkeep]
|upkeep
|turn|2
|j|+moondazing
|
|move|p2a: cool laddy|Stealth Rock|p1a: Hippowdon
|-sidestart|p1: Ardraxthan|move: Stealth Rock
|move|p1a: Hippowdon|Stealth Rock|p2a: cool laddy
|-sidestart|p2: A|move: Stealth Rock
|
|-weather|Sandstorm|[upkeep]
|upkeep
|turn|3
|
|switch|p1a: Clefable|Clefable, F|100/100
|move|p2a: cool laddy|Trick|p1a: Clefable
|-activate|p2a: cool laddy|move: Trick|[of] p1a: Clefable
|-item|p1a: Clefable|Rocky Helmet|[from] move: Trick
|-item|p2a: cool laddy|Leftovers|[from] move: Trick
|
|-weather|Sandstorm|[upkeep]
|upkeep
|turn|4
|
|move|p2a: cool laddy|Iron Head|p1a: Clefable
|-supereffective|p1a: Clefable
|-damage|p1a: Clefable|31/100
|-damage|p2a: cool laddy|84/100|[from] item: Rocky Helmet|[of] p1a: Clefable
|cant|p1a: Clefable|flinch
|
|-weather|Sandstorm|[upkeep]
|-heal|p2a: cool laddy|90/100|[from] item: Leftovers
|upkeep
|turn|5
|
|switch|p1a: Rotom|Rotom-Heat|100/100
|move|p2a: cool laddy|Iron Head|p1a: Rotom
|-resisted|p1a: Rotom
|-damage|p1a: Rotom|90/100
|
|-weather|none
|-heal|p2a: cool laddy|96/100|[from] item: Leftovers
|upkeep
|turn|6
|
|move|p2a: cool laddy|Trick|p1a: Rotom
|-activate|p2a: cool laddy|move: Trick|[of] p1a: Rotom
|-item|p1a: Rotom|Leftovers|[from] move: Trick
|-item|p2a: cool laddy|Heavy-Duty Boots|[from] move: Trick
|move|p1a: Rotom|Nasty Plot|p1a: Rotom
|-boost|p1a: Rotom|spa|2
|
|-heal|p1a: Rotom|96/100|[from] item: Leftovers
|upkeep
|turn|7
|
|move|p2a: cool laddy|Iron Head|p1a: Rotom
|-resisted|p1a: Rotom
|-damage|p1a: Rotom|86/100
|cant|p1a: Rotom|flinch
|
|-heal|p1a: Rotom|93/100|[from] item: Leftovers
|upkeep
|turn|8
|
|move|p2a: cool laddy|Iron Head|p1a: Rotom
|-resisted|p1a: Rotom
|-damage|p1a: Rotom|83/100
|cant|p1a: Rotom|flinch
|
|-heal|p1a: Rotom|89/100|[from] item: Leftovers
|upkeep
|turn|9
|
|move|p2a: cool laddy|Iron Head|p1a: Rotom
|-resisted|p1a: Rotom
|-damage|p1a: Rotom|80/100
|move|p1a: Rotom|Overheat|p2a: cool laddy
|-supereffective|p2a: cool laddy
|-damage|p2a: cool laddy|0 fnt
|-unboost|p1a: Rotom|spa|2
|faint|p2a: cool laddy
|
|-heal|p1a: Rotom|86/100|[from] item: Leftovers
|upkeep
|
|switch|p2a: lamer than me|Toxapex, F|100/100
|-damage|p2a: lamer than me|88/100|[from] Stealth Rock
|turn|10
|
|switch|p1a: Clefable|Clefable, F|31/100
|move|p2a: lamer than me|Toxic|p1a: Clefable
|-status|p1a: Clefable|tox
|
|-heal|p2a: lamer than me|94/100|[from] item: Black Sludge
|upkeep
|turn|11
|
|switch|p2a: HIM|Aegislash, M, shiny|100/100
|-damage|p2a: HIM|94/100|[from] Stealth Rock
|move|p1a: Clefable|Soft-Boiled|p1a: Clefable
|-heal|p1a: Clefable|81/100 tox
|
|upkeep
|turn|12
|
|switch|p2a: mr gamer man|Rillaboom, M, shiny|100/100
|-damage|p2a: mr gamer man|88/100|[from] Stealth Rock
|-fieldstart|move: Grassy Terrain|[from] ability: Grassy Surge|[of] p2a: mr gamer man
|move|p1a: Clefable|Thunder Wave|p2a: mr gamer man
|-status|p2a: mr gamer man|par
|
|-heal|p1a: Clefable|88/100 tox|[from] Grassy Terrain
|-heal|p2a: mr gamer man|94/100 par|[from] item: Leftovers
|-heal|p2a: mr gamer man|99/100 par|[from] Grassy Terrain
|upkeep
|turn|13
|
|move|p1a: Clefable|Knock Off|p2a: mr gamer man
|-damage|p2a: mr gamer man|86/100 par
|-enditem|p2a: mr gamer man|Leftovers|[from] move: Knock Off|[of] p1a: Clefable
|move|p2a: mr gamer man|Knock Off|p1a: Clefable
|-resisted|p1a: Clefable
|-damage|p1a: Clefable|67/100 tox
|-damage|p2a: mr gamer man|69/100 par|[from] item: Rocky Helmet|[of] p1a: Clefable
|-enditem|p1a: Clefable|Rocky Helmet|[from] move: Knock Off|[of] p2a: mr gamer man
|
|-heal|p1a: Clefable|73/100 tox|[from] Grassy Terrain
|-heal|p2a: mr gamer man|75/100 par|[from] Grassy Terrain
|upkeep
|turn|14
|
|move|p1a: Clefable|Soft-Boiled|p1a: Clefable
|-heal|p1a: Clefable|100/100 tox
|move|p2a: mr gamer man|Drum Beating|p1a: Clefable
|-damage|p1a: Clefable|36/100 tox
|-unboost|p1a: Clefable|spe|1
|
|-heal|p2a: mr gamer man|81/100 par|[from] Grassy Terrain
|-heal|p1a: Clefable|42/100 tox|[from] Grassy Terrain
|upkeep
|turn|15
|
|cant|p2a: mr gamer man|par
|move|p1a: Clefable|Soft-Boiled|p1a: Clefable
|-heal|p1a: Clefable|92/100 tox
|
|-heal|p2a: mr gamer man|87/100 par|[from] Grassy Terrain
|-heal|p1a: Clefable|98/100 tox|[from] Grassy Terrain
|upkeep
|turn|16
|
|move|p2a: mr gamer man|Swords Dance|p2a: mr gamer man
|-boost|p2a: mr gamer man|atk|2
|move|p1a: Clefable|Moonblast|p2a: mr gamer man
|-damage|p2a: mr gamer man|47/100 par
|-unboost|p2a: mr gamer man|spa|1
|
|-heal|p2a: mr gamer man|53/100 par|[from] Grassy Terrain
|-heal|p1a: Clefable|100/100 tox|[from] Grassy Terrain
|-fieldend|move: Grassy Terrain
|upkeep
|turn|17
|
|move|p2a: mr gamer man|Knock Off|p1a: Clefable
|-resisted|p1a: Clefable
|-damage|p1a: Clefable|73/100 tox
|move|p1a: Clefable|Moonblast|p2a: mr gamer man
|-damage|p2a: mr gamer man|17/100 par
|-unboost|p2a: mr gamer man|spa|1
|
|upkeep
|turn|18
|
|move|p2a: mr gamer man|Drum Beating|p1a: Clefable
|-damage|p1a: Clefable|0 fnt
|faint|p1a: Clefable
|
|upkeep
|
|switch|p1a: Rillaboom|Rillaboom, M|100/100
|-damage|p1a: Rillaboom|88/100|[from] Stealth Rock
|-fieldstart|move: Grassy Terrain|[from] ability: Grassy Surge|[of] p1a: Rillaboom
|turn|19
|
|move|p1a: Rillaboom|U-turn|p2a: mr gamer man
|-supereffective|p2a: mr gamer man
|-damage|p2a: mr gamer man|0 fnt
|faint|p2a: mr gamer man
|
|switch|p1a: Hydreigon|Hydreigon, F|100/100|[from]move: U-turn
|-damage|p1a: Hydreigon|88/100|[from] Stealth Rock
|
|upkeep
|
|switch|p2a: HIM|Aegislash, M, shiny|94/100
|-damage|p2a: HIM|88/100|[from] Stealth Rock
|turn|20
|
|move|p1a: Hydreigon|Dark Pulse|p2a: HIM
|-supereffective|p2a: HIM
|-damage|p2a: HIM|18/100
|-damage|p1a: Hydreigon|78/100|[from] item: Life Orb
|-formechange|p2a: HIM|Aegislash-Blade||[from] ability: Stance Change
|move|p2a: HIM|Close Combat|p1a: Hydreigon
|-supereffective|p1a: Hydreigon
|-damage|p1a: Hydreigon|0 fnt
|-unboost|p2a: HIM|def|1
|-unboost|p2a: HIM|spd|1
|faint|p1a: Hydreigon
|
|-heal|p2a: HIM|24/100|[from] Grassy Terrain
|upkeep
|
|switch|p1a: Hawlucha|Hawlucha, M|100/100
|-damage|p1a: Hawlucha|88/100|[from] Stealth Rock
|-enditem|p1a: Hawlucha|Grassy Seed
|-boost|p1a: Hawlucha|def|1|[from] item: Grassy Seed
|turn|21
|
|move|p1a: Hawlucha|Swords Dance|p1a: Hawlucha
|-boost|p1a: Hawlucha|atk|2
|move|p2a: HIM|Shadow Claw|p1a: Hawlucha
|-crit|p1a: Hawlucha
|-damage|p1a: Hawlucha|4/100
|
|-heal|p2a: HIM|30/100|[from] Grassy Terrain
|upkeep
|turn|22
|
|move|p2a: HIM|Shadow Sneak|p1a: Hawlucha
|-damage|p1a: Hawlucha|0 fnt
|faint|p1a: Hawlucha
|
|-heal|p2a: HIM|36/100|[from] Grassy Terrain
|upkeep
|
|switch|p1a: Rotom|Rotom-Heat|86/100
|-damage|p1a: Rotom|61/100|[from] Stealth Rock
|turn|23
|
|move|p1a: Rotom|Discharge|p2a: HIM
|-damage|p2a: HIM|0 fnt
|faint|p2a: HIM
|
|-heal|p1a: Rotom|68/100|[from] item: Leftovers
|-fieldend|move: Grassy Terrain
|upkeep
|
|switch|p2a: lamer than me|Toxapex, F|100/100
|-damage|p2a: lamer than me|88/100|[from] Stealth Rock
|turn|24
|
|move|p1a: Rotom|Nasty Plot|p1a: Rotom
|-boost|p1a: Rotom|spa|2
|move|p2a: lamer than me|Toxic|p1a: Rotom
|-status|p1a: Rotom|tox
|
|-heal|p1a: Rotom|74/100 tox|[from] item: Leftovers
|-heal|p2a: lamer than me|94/100|[from] item: Black Sludge
|-damage|p1a: Rotom|68/100 tox|[from] psn
|upkeep
|turn|25
|
|move|p2a: lamer than me|Baneful Bunker|p2a: lamer than me
|-singleturn|p2a: lamer than me|move: Protect
|move|p1a: Rotom|Discharge|p2a: lamer than me
|-activate|p2a: lamer than me|move: Protect
|
|-heal|p1a: Rotom|74/100 tox|[from] item: Leftovers
|-heal|p2a: lamer than me|99/100|[from] item: Black Sludge
|-damage|p1a: Rotom|61/100 tox|[from] psn
|upkeep
|turn|26
|
|switch|p2a: gamer girl|Arcanine, F, shiny|100/100
|-ability|p2a: gamer girl|Intimidate|boost
|-unboost|p1a: Rotom|atk|1
|move|p1a: Rotom|Discharge|p2a: gamer girl
|-damage|p2a: gamer girl|23/100
|
|-heal|p1a: Rotom|68/100 tox|[from] item: Leftovers
|-damage|p1a: Rotom|49/100 tox|[from] psn
|upkeep
|turn|27
|
|move|p1a: Rotom|Discharge|p2a: gamer girl
|-damage|p2a: gamer girl|0 fnt
|faint|p2a: gamer girl
|
|-heal|p1a: Rotom|55/100 tox|[from] item: Leftovers
|-damage|p1a: Rotom|30/100 tox|[from] psn
|upkeep
|
|switch|p2a: lamer than me|Toxapex, F|100/100
|-damage|p2a: lamer than me|88/100|[from] Stealth Rock
|turn|28
|
|switch|p1a: Hippowdon|Hippowdon, M|100/100
|-damage|p1a: Hippowdon|94/100|[from] Stealth Rock
|-weather|Sandstorm|[from] ability: Sand Stream|[of] p1a: Hippowdon
|move|p2a: lamer than me|Baneful Bunker||[still]
|-fail|p2a: lamer than me
|
|-weather|Sandstorm|[upkeep]
|-damage|p2a: lamer than me|82/100|[from] Sandstorm
|-heal|p2a: lamer than me|88/100|[from] item: Black Sludge
|upkeep
|turn|29
|
|switch|p1a: Rotom|Rotom-Heat|30/100 tox
|-damage|p1a: Rotom|5/100 tox|[from] Stealth Rock
|move|p2a: lamer than me|Recover|p2a: lamer than me
|-heal|p2a: lamer than me|100/100
|
|-weather|Sandstorm|[upkeep]
|-damage|p1a: Rotom|0 fnt|[from] Sandstorm
|-damage|p2a: lamer than me|95/100|[from] Sandstorm
|faint|p1a: Rotom
|-heal|p2a: lamer than me|100/100|[from] item: Black Sludge
|upkeep
|
|switch|p1a: Rillaboom|Rillaboom, M|88/100
|-damage|p1a: Rillaboom|76/100|[from] Stealth Rock
|-fieldstart|move: Grassy Terrain|[from] ability: Grassy Surge|[of] p1a: Rillaboom
|turn|30
|
|move|p2a: lamer than me|Baneful Bunker|p2a: lamer than me
|-singleturn|p2a: lamer than me|move: Protect
|move|p1a: Rillaboom|Wood Hammer|p2a: lamer than me
|-activate|p2a: lamer than me|move: Protect
|-status|p1a: Rillaboom|psn
|
|-weather|Sandstorm|[upkeep]
|-damage|p1a: Rillaboom|70/100 psn|[from] Sandstorm
|-damage|p2a: lamer than me|95/100|[from] Sandstorm
|-heal|p1a: Rillaboom|76/100 psn|[from] Grassy Terrain
|-heal|p2a: lamer than me|100/100|[from] item: Black Sludge
|-damage|p1a: Rillaboom|64/100 psn|[from] psn
|upkeep
|turn|31
|
|move|p1a: Rillaboom|Wood Hammer|p2a: lamer than me
|-damage|p2a: lamer than me|53/100
|-damage|p1a: Rillaboom|49/100 psn|[from] Recoil
|move|p2a: lamer than me|Recover|p2a: lamer than me
|-heal|p2a: lamer than me|100/100
|
|-weather|Sandstorm|[upkeep]
|-damage|p1a: Rillaboom|43/100 psn|[from] Sandstorm
|-damage|p2a: lamer than me|95/100|[from] Sandstorm
|-heal|p1a: Rillaboom|49/100 psn|[from] Grassy Terrain
|-heal|p2a: lamer than me|100/100|[from] item: Black Sludge
|-damage|p1a: Rillaboom|37/100 psn|[from] psn
|upkeep
|turn|32
|-message|Ardraxthan forfeited.
|
|win|A
|l|☆Ardraxthan
|c|☆A|relt cup LOL
