|j|☆george malone
|j|☆knexhawk2
|t:|1667176541
|gametype|singles
|player|p1|george malone|170|1732
|player|p2|knexhawk2|benga|1769
|teamsize|p1|6
|teamsize|p2|6
|gen|8
|tier|[Gen 8] OU
|rated|
|rule|Sleep Clause Mod: Limit one foe put to sleep
|rule|Species Clause: Limit one of each Pokémon
|rule|OHKO Clause: OHKO moves are banned
|rule|Evasion Items Clause: Evasion items are banned
|rule|Evasion Moves Clause: Evasion moves are banned
|rule|Endless Battle Clause: Forcing endless battles is banned
|rule|HP Percentage Mod: HP is shown in percentages
|rule|Dynamax Clause: You cannot dynamax
|clearpoke
|poke|p1|Clefable, M|
|poke|p1|Ferrothorn, M|
|poke|p1|Zeraora|
|poke|p1|Slowking, M|
|poke|p1|Victini|
|poke|p1|Mandibuzz, F|
|poke|p2|Melmetal|
|poke|p2|Cresselia, F|
|poke|p2|Gastrodon-East, F|
|poke|p2|Garchomp, M|
|poke|p2|Skarmory, F|
|poke|p2|Clefable, M|
|teampreview
|
|t:|1667176558
|start
|switch|p1a: Crescent|Clefable, M, shiny|100/100
|switch|p2a: i want a sandwich|Garchomp, M|100/100
|turn|1
|
|t:|1667176561
|switch|p2a: i hate myself too|Clefable, M|100/100
|move|p1a: Crescent|Moonblast|p2a: i hate myself too
|-damage|p2a: i hate myself too|74/100
|
|-heal|p2a: i hate myself too|80/100|[from] item: Leftovers
|upkeep
|turn|2
|
|t:|1667176564
|move|p1a: Crescent|Stealth Rock|p2a: i hate myself too
|-sidestart|p2: knexhawk2|move: Stealth Rock
|move|p2a: i hate myself too|Thunder Wave|p1a: Crescent
|-status|p1a: Crescent|par
|
|-heal|p2a: i hate myself too|87/100|[from] item: Leftovers
|upkeep
|turn|3
|
|t:|1667176568
|move|p2a: i hate myself too|Knock Off|p1a: Crescent
|-resisted|p1a: Crescent
|-damage|p1a: Crescent|95/100 par
|-enditem|p1a: Crescent|Rocky Helmet|[from] move: Knock Off|[of] p2a: i hate myself too
|move|p1a: Crescent|Moonblast|p2a: i hate myself too
|-damage|p2a: i hate myself too|59/100
|
|-heal|p2a: i hate myself too|65/100|[from] item: Leftovers
|upkeep
|turn|4
|
|t:|1667176578
|move|p2a: i hate myself too|Knock Off|p1a: Crescent
|-resisted|p1a: Crescent
|-damage|p1a: Crescent|92/100 par
|move|p1a: Crescent|Moonblast|p2a: i hate myself too
|-damage|p2a: i hate myself too|38/100
|
|-heal|p2a: i hate myself too|44/100|[from] item: Leftovers
|upkeep
|turn|5
|
|t:|1667176581
|switch|p1a: Amaterasu|Victini|100/100
|move|p2a: i hate myself too|Soft-Boiled|p2a: i hate myself too
|-heal|p2a: i hate myself too|94/100
|
|-heal|p2a: i hate myself too|100/100|[from] item: Leftovers
|upkeep
|turn|6
|
|t:|1667176594
|move|p1a: Amaterasu|U-turn|p2a: i hate myself too
|-resisted|p2a: i hate myself too
|-damage|p2a: i hate myself too|88/100
|
|t:|1667176599
|switch|p1a: Crescent|Clefable, M, shiny|92/100 par|[from]move: U-turn
|move|p2a: i hate myself too|Thunder Wave|p1a: Crescent
|-fail|p1a: Crescent|par
|
|-heal|p2a: i hate myself too|94/100|[from] item: Leftovers
|upkeep
|turn|7
|
|t:|1667176603
|move|p2a: i hate myself too|Moonblast|p1a: Crescent
|-damage|p1a: Crescent|62/100 par
|-unboost|p1a: Crescent|spa|1
|move|p1a: Crescent|Moonblast|p2a: i hate myself too
|-damage|p2a: i hate myself too|76/100
|
|-heal|p2a: i hate myself too|82/100|[from] item: Leftovers
|upkeep
|turn|8
|
|t:|1667176606
|move|p2a: i hate myself too|Moonblast|p1a: Crescent
|-damage|p1a: Crescent|33/100 par
|move|p1a: Crescent|Soft-Boiled|p1a: Crescent
|-heal|p1a: Crescent|83/100 par
|
|-heal|p2a: i hate myself too|88/100|[from] item: Leftovers
|upkeep
|turn|9
|
|t:|1667176613
|move|p2a: i hate myself too|Knock Off|p1a: Crescent
|-resisted|p1a: Crescent
|-damage|p1a: Crescent|79/100 par
|move|p1a: Crescent|Moonblast|p2a: i hate myself too
|-damage|p2a: i hate myself too|68/100
|
|-heal|p2a: i hate myself too|74/100|[from] item: Leftovers
|upkeep
|turn|10
|
|t:|1667176626
|move|p2a: i hate myself too|Moonblast|p1a: Crescent
|-damage|p1a: Crescent|52/100 par
|move|p1a: Crescent|Moonblast|p2a: i hate myself too
|-damage|p2a: i hate myself too|56/100
|-unboost|p2a: i hate myself too|spa|1
|
|-heal|p2a: i hate myself too|62/100|[from] item: Leftovers
|upkeep
|turn|11
|
|t:|1667176630
|move|p2a: i hate myself too|Soft-Boiled|p2a: i hate myself too
|-heal|p2a: i hate myself too|100/100
|cant|p1a: Crescent|par
|
|upkeep
|turn|12
|
|t:|1667176635
|switch|p2a: slug man|Gastrodon-East, F|100/100
|-damage|p2a: slug man|94/100|[from] Stealth Rock
|move|p1a: Crescent|Soft-Boiled|p1a: Crescent
|-heal|p1a: Crescent|100/100 par
|
|-heal|p2a: slug man|100/100|[from] item: Leftovers
|upkeep
|turn|13
|
|t:|1667176640
|switch|p2a: i hate myself too|Clefable, M|100/100
|switch|p1a: Temple|Ferrothorn, M, shiny|100/100
|
|upkeep
|turn|14
|
|t:|1667176644
|switch|p1a: Crescent|Clefable, M, shiny|100/100 par
|move|p2a: i hate myself too|Knock Off|p1a: Crescent
|-resisted|p1a: Crescent
|-damage|p1a: Crescent|96/100 par
|
|upkeep
|turn|15
|
|t:|1667176654
|move|p2a: i hate myself too|Moonblast|p1a: Crescent
|-damage|p1a: Crescent|67/100 par
|move|p1a: Crescent|Moonblast|p2a: i hate myself too
|-damage|p2a: i hate myself too|72/100
|
|-heal|p2a: i hate myself too|78/100|[from] item: Leftovers
|upkeep
|turn|16
|
|t:|1667176657
|move|p2a: i hate myself too|Moonblast|p1a: Crescent
|-damage|p1a: Crescent|38/100 par
|move|p1a: Crescent|Soft-Boiled|p1a: Crescent
|-heal|p1a: Crescent|88/100 par
|
|-heal|p2a: i hate myself too|85/100|[from] item: Leftovers
|upkeep
|turn|17
|
|t:|1667176663
|move|p2a: i hate myself too|Moonblast|p1a: Crescent
|-damage|p1a: Crescent|56/100 par
|move|p1a: Crescent|Moonblast|p2a: i hate myself too
|-damage|p2a: i hate myself too|56/100
|
|-heal|p2a: i hate myself too|62/100|[from] item: Leftovers
|upkeep
|turn|18
|
|t:|1667176667
|move|p2a: i hate myself too|Moonblast|p1a: Crescent
|-damage|p1a: Crescent|28/100 par
|-unboost|p1a: Crescent|spa|1
|cant|p1a: Crescent|par
|
|-heal|p2a: i hate myself too|68/100|[from] item: Leftovers
|upkeep
|turn|19
|j| greenbitch2
|
|t:|1667176674
|move|p2a: i hate myself too|Knock Off|p1a: Crescent
|-resisted|p1a: Crescent
|-damage|p1a: Crescent|24/100 par
|cant|p1a: Crescent|par
|
|-heal|p2a: i hate myself too|74/100|[from] item: Leftovers
|upkeep
|turn|20
|c|☆george malone|christ
|c|☆george malone|every single game
|c|☆george malone|without fail
|c|☆george malone|outplayed
|c|☆george malone|but na
|j| Pikablu007
|
|t:|1667176689
|move|p2a: i hate myself too|Moonblast|p1a: Crescent
|-damage|p1a: Crescent|0 fnt
|faint|p1a: Crescent
|
|-heal|p2a: i hate myself too|80/100|[from] item: Leftovers
|upkeep
|
|t:|1667176690
|switch|p1a: Amaterasu|Victini|100/100
|turn|21
|c|☆knexhawk2|you kinda were waiting for that to happen
|l| Pikablu007
|c|☆knexhawk2|just sitting there
|
|t:|1667176696
|switch|p2a: i want a sandwich|Garchomp, M|100/100
|-damage|p2a: i want a sandwich|94/100|[from] Stealth Rock
|move|p1a: Amaterasu|V-create|p2a: i want a sandwich
|-resisted|p2a: i want a sandwich
|-damage|p2a: i want a sandwich|35/100
|-unboost|p1a: Amaterasu|spe|1
|-unboost|p1a: Amaterasu|def|1
|-unboost|p1a: Amaterasu|spd|1
|-damage|p1a: Amaterasu|88/100|[from] ability: Rough Skin|[of] p2a: i want a sandwich
|
|-heal|p2a: i want a sandwich|41/100|[from] item: Leftovers
|upkeep
|turn|22
|c|☆george malone|what
|c|☆george malone|what was i supposed to do?
|c|☆george malone|let my shit get knocked
|c|☆george malone|nah double para
|c|☆knexhawk2|victini? ferro? slowking?
|c|☆george malone|fair enough
|
|t:|1667176713
|switch|p1a: Temple|Ferrothorn, M, shiny|100/100
|move|p2a: i want a sandwich|Stealth Rock|p1a: Temple
|-sidestart|p1: george malone|move: Stealth Rock
|
|-heal|p2a: i want a sandwich|47/100|[from] item: Leftovers
|upkeep
|turn|23
|c|☆george malone|terrible
|c|☆george malone|so terrible
|
|t:|1667176722
|switch|p2a: the bird|Skarmory, F|100/100
|-damage|p2a: the bird|88/100|[from] Stealth Rock
|move|p1a: Temple|Spikes|p2a: the bird
|-sidestart|p2: knexhawk2|Spikes
|
|upkeep
|turn|24
|c|☆knexhawk2|keep fucking crying
|
|t:|1667176727
|move|p2a: the bird|Spikes|p1a: Temple
|-sidestart|p1: george malone|Spikes
|move|p1a: Temple|Leech Seed|p2a: the bird
|-start|p2a: the bird|move: Leech Seed
|
|-damage|p2a: the bird|76/100|[from] Leech Seed|[of] p1a: Temple
|upkeep
|turn|25
|c|☆george malone|woah
|c|☆george malone|so tense
|
|t:|1667176731
|switch|p2a: i hate myself too|Clefable, M|80/100
|move|p1a: Temple|Spikes|p2a: i hate myself too
|-sidestart|p2: knexhawk2|Spikes
|
|-heal|p2a: i hate myself too|86/100|[from] item: Leftovers
|upkeep
|turn|26
|c|☆george malone|droppin fbombs my brother
|
|t:|1667176738
|move|p2a: i hate myself too|Knock Off|p1a: Temple
|-damage|p1a: Temple|92/100
|-activate|p1a: Temple|ability: Iron Barbs
|-enditem|p1a: Temple|Rocky Helmet|[from] move: Knock Off|[of] p2a: i hate myself too
|move|p1a: Temple|Gyro Ball|p2a: i hate myself too
|-supereffective|p2a: i hate myself too
|-damage|p2a: i hate myself too|34/100
|
|-heal|p2a: i hate myself too|40/100|[from] item: Leftovers
|upkeep
|turn|27
|
|t:|1667176741
|move|p2a: i hate myself too|Soft-Boiled|p2a: i hate myself too
|-heal|p2a: i hate myself too|90/100
|move|p1a: Temple|Gyro Ball|p2a: i hate myself too
|-supereffective|p2a: i hate myself too
|-damage|p2a: i hate myself too|36/100
|
|-heal|p2a: i hate myself too|42/100|[from] item: Leftovers
|upkeep
|turn|28
|
|t:|1667176745
|move|p2a: i hate myself too|Soft-Boiled|p2a: i hate myself too
|-heal|p2a: i hate myself too|92/100
|move|p1a: Temple|Spikes|p2a: i hate myself too
|-sidestart|p2: knexhawk2|Spikes
|
|-heal|p2a: i hate myself too|98/100|[from] item: Leftovers
|upkeep
|turn|29
|
|t:|1667176748
|move|p2a: i hate myself too|Moonblast|p1a: Temple
|-resisted|p1a: Temple
|-damage|p1a: Temple|79/100
|-unboost|p1a: Temple|spa|1
|move|p1a: Temple|Gyro Ball|p2a: i hate myself too
|-supereffective|p2a: i hate myself too
|-damage|p2a: i hate myself too|44/100
|
|-heal|p2a: i hate myself too|50/100|[from] item: Leftovers
|upkeep
|turn|30
|
|t:|1667176754
|move|p2a: i hate myself too|Soft-Boiled|p2a: i hate myself too
|-heal|p2a: i hate myself too|100/100
|move|p1a: Temple|Gyro Ball|p2a: i hate myself too
|-supereffective|p2a: i hate myself too
|-damage|p2a: i hate myself too|51/100
|
|-heal|p2a: i hate myself too|57/100|[from] item: Leftovers
|upkeep
|turn|31
|
|t:|1667176761
|switch|p1a: Mantra|Slowking, M, shiny|100/100
|move|p2a: i hate myself too|Soft-Boiled|p2a: i hate myself too
|-heal|p2a: i hate myself too|100/100
|
|upkeep
|turn|32
|
|t:|1667176764
|switch|p1a: Zephyr|Zeraora, shiny|100/100
|move|p2a: i hate myself too|Knock Off|p1a: Zephyr
|-damage|p1a: Zephyr|79/100
|-enditem|p1a: Zephyr|Heavy-Duty Boots|[from] move: Knock Off|[of] p2a: i hate myself too
|
|upkeep
|turn|33
|
|t:|1667176771
|move|p1a: Zephyr|Bulk Up|p1a: Zephyr
|-boost|p1a: Zephyr|atk|1
|-boost|p1a: Zephyr|def|1
|move|p2a: i hate myself too|Moonblast|p1a: Zephyr
|-damage|p1a: Zephyr|42/100
|
|upkeep
|turn|34
|
|t:|1667176773
|move|p1a: Zephyr|Plasma Fists|p2a: i hate myself too
|-damage|p2a: i hate myself too|45/100
|-fieldactivate|move: Ion Deluge
|-hint|Normal-type moves become Electric-type after using Plasma Fists.
|move|p2a: i hate myself too|Moonblast|p1a: Zephyr
|-damage|p1a: Zephyr|0 fnt
|faint|p1a: Zephyr
|
|-heal|p2a: i hate myself too|51/100|[from] item: Leftovers
|upkeep
|c|☆george malone|ahahha
|c|☆george malone|shitters love a min max
|
|t:|1667176783
|switch|p1a: Amaterasu|Victini|88/100
|-damage|p1a: Amaterasu|63/100|[from] Stealth Rock
|-damage|p1a: Amaterasu|51/100|[from] Spikes
|turn|35
|inactive|Battle timer is ON: inactive players will automatically lose when time's up. (requested by george malone)
|c|☆knexhawk2|wasnt even max
|c|☆knexhawk2|its 43 max
|
|t:|1667176800
|switch|p2a: slug man|Gastrodon-East, F|100/100
|-damage|p2a: slug man|94/100|[from] Stealth Rock
|-damage|p2a: slug man|70/100|[from] Spikes
|move|p1a: Amaterasu|V-create|p2a: slug man
|-resisted|p2a: slug man
|-damage|p2a: slug man|4/100
|-unboost|p1a: Amaterasu|spe|1
|-unboost|p1a: Amaterasu|def|1
|-unboost|p1a: Amaterasu|spd|1
|
|-heal|p2a: slug man|11/100|[from] item: Leftovers
|upkeep
|turn|36
|c|☆george malone|cool
|c|☆george malone|?
|
|t:|1667176807
|move|p1a: Amaterasu|V-create|p2a: slug man
|-resisted|p2a: slug man
|-crit|p2a: slug man
|-damage|p2a: slug man|0 fnt
|-unboost|p1a: Amaterasu|spe|1
|-unboost|p1a: Amaterasu|def|1
|-unboost|p1a: Amaterasu|spd|1
|faint|p2a: slug man
|
|upkeep
|j| oO8888Oo
|
|t:|1667176817
|switch|p2a: floaty|Cresselia, F|100/100
|-damage|p2a: floaty|88/100|[from] Stealth Rock
|turn|37
|c|☆george malone|still a shitter
|c|☆knexhawk2|you cry alot
|
|t:|1667176829
|switch|p1a: Temple|Ferrothorn, M, shiny|79/100
|-damage|p1a: Temple|73/100|[from] Stealth Rock
|-damage|p1a: Temple|61/100|[from] Spikes
|move|p2a: floaty|Thunder Wave|p1a: Temple
|-status|p1a: Temple|par
|
|upkeep
|turn|38
|c|☆george malone|god
|c|☆knexhawk2|mommy need to get your pacifier?
|l| greenbitch2
|
|t:|1667176844
|switch|p2a: the bird|Skarmory, F|76/100
|-damage|p2a: the bird|64/100|[from] Stealth Rock
|cant|p1a: Temple|par
|
|upkeep
|turn|39
|
|t:|1667176850
|switch|p1a: Amaterasu|Victini|51/100
|-damage|p1a: Amaterasu|26/100|[from] Stealth Rock
|-damage|p1a: Amaterasu|14/100|[from] Spikes
|move|p2a: the bird|Spikes|p1a: Amaterasu
|-sidestart|p1: george malone|Spikes
|
|upkeep
|turn|40
|
|t:|1667176862
|switch|p2a: floaty|Cresselia, F|88/100
|-damage|p2a: floaty|76/100|[from] Stealth Rock
|move|p1a: Amaterasu|Trick|p2a: floaty
|-activate|p1a: Amaterasu|move: Trick|[of] p2a: floaty
|-item|p2a: floaty|Choice Band|[from] move: Trick
|-item|p1a: Amaterasu|Choice Scarf|[from] move: Trick
|
|upkeep
|turn|41
|c|☆george malone|cring
|c|☆knexhawk2|wp
|c|☆george malone|mega cringe
|c|☆knexhawk2|wp
|inactive|george malone has 120 seconds left.
|j| Pepeh
|c|☆george malone|'wp' 😎
|
|t:|1667176913
|switch|p1a: Yami|Mandibuzz, F, shiny|100/100
|move|p2a: floaty|Trick|p1a: Yami
|-activate|p2a: floaty|move: Trick|[of] p1a: Yami
|-item|p1a: Yami|Choice Band|[from] move: Trick
|-item|p2a: floaty|Heavy-Duty Boots|[from] move: Trick
|
|upkeep
|turn|42
|
|t:|1667176922
|move|p2a: floaty|Thunder Wave|p1a: Yami
|-status|p1a: Yami|par
|cant|p1a: Yami|par
|
|upkeep
|turn|43
|c|☆knexhawk2|that was a solid play
|
|t:|1667176928
|switch|p2a: i hate myself too|Clefable, M|51/100
|move|p1a: Yami|U-turn|p2a: i hate myself too
|-resisted|p2a: i hate myself too
|-damage|p2a: i hate myself too|44/100
|c|☆george malone|yeah cos it hell matters now hey
|c|☆george malone|lil retrd
|-message|george malone forfeited.
|
|win|knexhawk2
|raw|george malone's rating: 1732 &rarr; <strong>1714</strong><br />(-18 for losing)
|raw|knexhawk2's rating: 1769 &rarr; <strong>1787</strong><br />(+18 for winning)
|l|☆george malone
|c|☆knexhawk2|woah not cool bro
|c|☆knexhawk2|reported
|c|☆knexhawk2|thanks for the elo tho
|l| oO8888Oo
||Ladder isn't responding, score probably updated but might not have (Request timeout).
