|j|☆Geenobe
|j|☆cyd187
|t:|1635232675
|gametype|singles
|player|p1|Geenobe|burgh|1639
|player|p2|cyd187|266|1667
|teamsize|p1|6
|teamsize|p2|6
|gen|8
|tier|[Gen 8] OU
|rated|
|rule|Sleep Clause Mod: Limit one foe put to sleep
|rule|Species Clause: Limit one of each Pokémon
|rule|OHKO Clause: OHKO moves are banned
|rule|Evasion Moves Clause: Evasion moves are banned
|rule|Endless Battle Clause: Forcing endless battles is banned
|rule|HP Percentage Mod: HP is shown in percentages
|rule|Dynamax Clause: You cannot dynamax
|clearpoke
|poke|p1|Mew|
|poke|p1|Tapu Koko|
|poke|p1|Kyurem|
|poke|p1|Moltres-Galar|
|poke|p1|Kartana|
|poke|p1|Volcarona, M|
|poke|p2|Pelipper, F|
|poke|p2|Ferrothorn, M|
|poke|p2|Urshifu-*, M|
|poke|p2|Landorus-Therian, M|
|poke|p2|Barraskewda, F|
|poke|p2|Tapu Lele|
|teampreview
|j| Scale Shit
|
|t:|1635232679
|start
|switch|p1a: Tapu Koko|Tapu Koko|100/100
|switch|p2a: Pelipper|Pelipper, F|100/100
|-fieldstart|move: Electric Terrain|[from] ability: Electric Surge|[of] p1a: Tapu Koko
|-weather|RainDance|[from] ability: Drizzle|[of] p2a: Pelipper
|turn|1
|
|t:|1635232694
|move|p1a: Tapu Koko|Light Screen|p1a: Tapu Koko
|-sidestart|p1: Geenobe|move: Light Screen
|move|p2a: Pelipper|U-turn|p1a: Tapu Koko
|-resisted|p1a: Tapu Koko
|-damage|p1a: Tapu Koko|96/100
|
|t:|1635232702
|switch|p2a: Barraskewda|Barraskewda, F|100/100|[from]move: U-turn
|
|-weather|RainDance|[upkeep]
|upkeep
|turn|2
|
|t:|1635232708
|move|p2a: Barraskewda|Liquidation|p1a: Tapu Koko
|-damage|p1a: Tapu Koko|0 fnt
|faint|p1a: Tapu Koko
|-damage|p2a: Barraskewda|91/100|[from] item: Life Orb
|
|-weather|RainDance|[upkeep]
|upkeep
|
|t:|1635232728
|switch|p1a: Mew|Mew|100/100
|turn|3
|
|t:|1635232741
|move|p2a: Barraskewda|Liquidation|p1a: Mew
|-damage|p1a: Mew|19/100
|-damage|p2a: Barraskewda|81/100|[from] item: Life Orb
|move|p1a: Mew|Cosmic Power|p1a: Mew
|-boost|p1a: Mew|def|1
|-boost|p1a: Mew|spd|1
|
|-weather|RainDance|[upkeep]
|-heal|p1a: Mew|25/100|[from] item: Leftovers
|upkeep
|turn|4
|
|t:|1635232751
|move|p2a: Barraskewda|Liquidation|p1a: Mew
|-damage|p1a: Mew|0 fnt
|faint|p1a: Mew
|-damage|p2a: Barraskewda|71/100|[from] item: Life Orb
|
|-weather|RainDance|[upkeep]
|upkeep
|
|t:|1635232766
|switch|p1a: Moltres|Moltres-Galar|100/100
|turn|5
|
|t:|1635232779
|move|p2a: Barraskewda|Liquidation|p1a: Moltres
|-damage|p1a: Moltres|0 fnt
|faint|p1a: Moltres
|-damage|p2a: Barraskewda|61/100|[from] item: Life Orb
|
|-weather|RainDance|[upkeep]
|-fieldend|move: Electric Terrain
|upkeep
|
|t:|1635232783
|switch|p1a: Kyurem|Kyurem|100/100
|-ability|p1a: Kyurem|Pressure
|turn|6
|
|t:|1635232798
|move|p2a: Barraskewda|Close Combat|p1a: Kyurem
|-supereffective|p1a: Kyurem
|-damage|p1a: Kyurem|11/100
|-unboost|p2a: Barraskewda|def|1
|-unboost|p2a: Barraskewda|spd|1
|-damage|p2a: Barraskewda|51/100|[from] item: Life Orb
|move|p1a: Kyurem|Roost|p1a: Kyurem
|-heal|p1a: Kyurem|61/100
|-singleturn|p1a: Kyurem|move: Roost
|
|-weather|RainDance|[upkeep]
|-heal|p1a: Kyurem|67/100|[from] item: Leftovers
|upkeep
|turn|7
|j| x555
|
|t:|1635232815
|switch|p1a: Volcarona|Volcarona, M|100/100
|move|p2a: Barraskewda|Close Combat|p1a: Volcarona
|-resisted|p1a: Volcarona
|-damage|p1a: Volcarona|60/100
|-unboost|p2a: Barraskewda|def|1
|-unboost|p2a: Barraskewda|spd|1
|-damage|p2a: Barraskewda|41/100|[from] item: Life Orb
|
|-weather|RainDance|[upkeep]
|-heal|p1a: Volcarona|66/100|[from] item: Leftovers
|upkeep
|turn|8
|
|t:|1635232828
|move|p2a: Barraskewda|Liquidation|p1a: Volcarona
|-supereffective|p1a: Volcarona
|-damage|p1a: Volcarona|0 fnt
|faint|p1a: Volcarona
|-damage|p2a: Barraskewda|31/100|[from] item: Life Orb
|
|-weather|none
|-sideend|p1: Geenobe|move: Light Screen
|upkeep
|
|t:|1635232834
|switch|p1a: Kartana|Kartana|100/100
|turn|9
|
|t:|1635232840
|move|p2a: Barraskewda|Close Combat|p1a: Kartana
|-supereffective|p1a: Kartana
|-damage|p1a: Kartana|11/100
|-unboost|p2a: Barraskewda|def|1
|-unboost|p2a: Barraskewda|spd|1
|-damage|p2a: Barraskewda|21/100|[from] item: Life Orb
|move|p1a: Kartana|Swords Dance|p1a: Kartana
|-boost|p1a: Kartana|atk|2
|
|upkeep
|turn|10
|
|t:|1635232851
|move|p2a: Barraskewda|Liquidation|p1a: Kartana
|-resisted|p1a: Kartana
|-damage|p1a: Kartana|0 fnt
|faint|p1a: Kartana
|-damage|p2a: Barraskewda|12/100|[from] item: Life Orb
|
|upkeep
|
|t:|1635232857
|switch|p1a: Kyurem|Kyurem|67/100
|-ability|p1a: Kyurem|Pressure
|turn|11
|
|t:|1635232862
|move|p2a: Barraskewda|Close Combat|p1a: Kyurem
|-supereffective|p1a: Kyurem
|-damage|p1a: Kyurem|0 fnt
|-unboost|p2a: Barraskewda|def|1
|-unboost|p2a: Barraskewda|spd|1
|faint|p1a: Kyurem
|-damage|p2a: Barraskewda|2/100|[from] item: Life Orb
|
|win|cyd187
|raw|Geenobe's rating: 1639 &rarr; <strong>1621</strong><br />(-18 for losing)
|raw|cyd187's rating: 1667 &rarr; <strong>1685</strong><br />(+18 for winning)
|l|☆Geenobe
|c|☆cyd187|thanks for your points
|l|☆cyd187
|j|☆cyd187
|player|p2|cyd187|266
|l| Scale Shit
