|raw|<div class="broadcast-blue"><strong>This battle is required to be public due to a player having a name starting with 'lt94je'.</div>
|j|☆Juyen RPPLF
|j|☆LT94JE Fuse
|t:|1661272691
|gametype|singles
|player|p1|Juyen RPPLF|hilbert|1702
|player|p2|LT94JE Fuse|yellow|1744
|teamsize|p1|6
|teamsize|p2|6
|gen|8
|tier|[Gen 8] OU
|rated|
|rule|Sleep Clause Mod: Limit one foe put to sleep
|rule|Species Clause: Limit one of each Pokémon
|rule|OHKO Clause: OHKO moves are banned
|rule|Evasion Items Clause: Evasion items are banned
|rule|Evasion Moves Clause: Evasion moves are banned
|rule|Endless Battle Clause: Forcing endless battles is banned
|rule|HP Percentage Mod: HP is shown in percentages
|rule|Dynamax Clause: You cannot dynamax
|clearpoke
|poke|p1|Magnezone|
|poke|p1|Gengar, M|
|poke|p1|Victini|
|poke|p1|Landorus-Therian, M|
|poke|p1|Rillaboom, M|
|poke|p1|Crawdaunt, M|
|poke|p2|Necrozma|
|poke|p2|Tapu Lele|
|poke|p2|Urshifu-*, F|
|poke|p2|Tornadus-Therian, M|
|poke|p2|Landorus-Therian, M|
|poke|p2|Ferrothorn, F|
|teampreview
|j| inv solak plz
|c|☆LT94JE Fuse|Hf
|inactive|Battle timer is ON: inactive players will automatically lose when time's up. (requested by Juyen RPPLF)
|
|t:|1661272718
|start
|switch|p1a: Rillaboom|Rillaboom, M|100/100
|switch|p2a: Tapu Lele|Tapu Lele|100/100
|-fieldstart|move: Psychic Terrain|[from] ability: Psychic Surge|[of] p2a: Tapu Lele
|-fieldstart|move: Grassy Terrain|[from] ability: Grassy Surge|[of] p1a: Rillaboom
|turn|1
|
|t:|1661272723
|switch|p2a: Tornadus|Tornadus-Therian, M|100/100
|move|p1a: Rillaboom|Superpower|p2a: Tornadus
|-resisted|p2a: Tornadus
|-damage|p2a: Tornadus|67/100
|-unboost|p1a: Rillaboom|atk|1
|-unboost|p1a: Rillaboom|def|1
|
|upkeep
|turn|2
|
|t:|1661272732
|switch|p1a: Magnezone|Magnezone|100/100
|move|p2a: Tornadus|U-turn|p1a: Magnezone
|-resisted|p1a: Magnezone
|-damage|p1a: Magnezone|93/100
|
|t:|1661272734
|switch|p2a: Tapu Lele|Tapu Lele|100/100|[from]move: U-turn
|-fieldstart|move: Psychic Terrain|[from] ability: Psychic Surge|[of] p2a: Tapu Lele
|
|upkeep
|turn|3
|
|t:|1661272737
|switch|p2a: Necrozma|Necrozma|100/100
|move|p1a: Magnezone|Flash Cannon|p2a: Necrozma
|-damage|p2a: Necrozma|18/100
|
|upkeep
|turn|4
|
|t:|1661272744
|switch|p1a: Victini|Victini|100/100
|move|p2a: Necrozma|Expanding Force|p1a: Victini
|-resisted|p1a: Victini
|-damage|p1a: Victini|23/100
|
|upkeep
|turn|5
|
|t:|1661272750
|switch|p2a: Landorus|Landorus-Therian, M|100/100
|-ability|p2a: Landorus|Intimidate|boost
|-unboost|p1a: Victini|atk|1
|move|p1a: Victini|U-turn|p2a: Landorus
|-resisted|p2a: Landorus
|-damage|p2a: Landorus|94/100
|
|t:|1661272754
|switch|p1a: Landorus|Landorus-Therian, M|100/100|[from]move: U-turn
|-ability|p1a: Landorus|Intimidate|boost
|-unboost|p2a: Landorus|atk|1
|
|-heal|p2a: Landorus|99/100|[from] item: Leftovers
|upkeep
|turn|6
|
|t:|1661272757
|move|p1a: Landorus|Stealth Rock|p2a: Landorus
|-sidestart|p2: LT94JE Fuse|move: Stealth Rock
|move|p2a: Landorus|Toxic|p1a: Landorus
|-status|p1a: Landorus|tox
|
|-heal|p2a: Landorus|100/100|[from] item: Leftovers
|-damage|p1a: Landorus|94/100 tox|[from] psn
|-fieldend|move: Psychic Terrain
|upkeep
|turn|7
|
|t:|1661272760
|move|p1a: Landorus|Knock Off|p2a: Landorus
|-damage|p2a: Landorus|72/100
|-enditem|p2a: Landorus|Leftovers|[from] move: Knock Off|[of] p1a: Landorus
|move|p2a: Landorus|Defog|p1a: Landorus
|-unboost|p1a: Landorus|evasion|1
|-sideend|p2: LT94JE Fuse|Stealth Rock|[from] move: Defog|[of] p2a: Landorus
|
|-heal|p1a: Landorus|100/100 tox|[from] item: Leftovers
|-damage|p1a: Landorus|88/100 tox|[from] psn
|upkeep
|turn|8
|
|t:|1661272764
|move|p1a: Landorus|Stealth Rock|p2a: Landorus
|-sidestart|p2: LT94JE Fuse|move: Stealth Rock
|move|p2a: Landorus|Defog|p1a: Landorus
|-unboost|p1a: Landorus|evasion|1
|-sideend|p2: LT94JE Fuse|Stealth Rock|[from] move: Defog|[of] p2a: Landorus
|
|-heal|p1a: Landorus|94/100 tox|[from] item: Leftovers
|-damage|p1a: Landorus|76/100 tox|[from] psn
|upkeep
|turn|9
|
|t:|1661272766
|move|p1a: Landorus|Stealth Rock|p2a: Landorus
|-sidestart|p2: LT94JE Fuse|move: Stealth Rock
|move|p2a: Landorus|U-turn|p1a: Landorus
|-resisted|p1a: Landorus
|-damage|p1a: Landorus|69/100 tox
|
|t:|1661272769
|switch|p2a: Ferrothorn|Ferrothorn, F|100/100|[from]move: U-turn
|-damage|p2a: Ferrothorn|94/100|[from] Stealth Rock
|
|-heal|p1a: Landorus|75/100 tox|[from] item: Leftovers
|-heal|p2a: Ferrothorn|100/100|[from] item: Leftovers
|-damage|p1a: Landorus|51/100 tox|[from] psn
|upkeep
|turn|10
|
|t:|1661272772
|switch|p1a: Victini|Victini|23/100
|move|p2a: Ferrothorn|Stealth Rock|p1a: Victini
|-sidestart|p1: Juyen RPPLF|move: Stealth Rock
|
|upkeep
|turn|11
|
|t:|1661272775
|switch|p2a: Necrozma|Necrozma|18/100
|-damage|p2a: Necrozma|6/100|[from] Stealth Rock
|move|p1a: Victini|V-create|p2a: Necrozma
|-damage|p2a: Necrozma|0 fnt
|-unboost|p1a: Victini|spe|1
|-unboost|p1a: Victini|def|1
|-unboost|p1a: Victini|spd|1
|faint|p2a: Necrozma
|
|upkeep
|
|t:|1661272781
|switch|p2a: Tornadus|Tornadus-Therian, M|99/100
|-damage|p2a: Tornadus|75/100|[from] Stealth Rock
|turn|12
|
|t:|1661272791
|switch|p1a: Landorus|Landorus-Therian, M|51/100 tox
|-damage|p1a: Landorus|38/100 tox|[from] Stealth Rock
|-ability|p1a: Landorus|Intimidate|boost
|-unboost|p2a: Tornadus|atk|1
|move|p2a: Tornadus|Knock Off|p1a: Landorus
|-crit|p1a: Landorus
|-damage|p1a: Landorus|11/100 tox
|-enditem|p1a: Landorus|Leftovers|[from] move: Knock Off|[of] p2a: Tornadus
|
|-damage|p1a: Landorus|5/100 tox|[from] psn
|upkeep
|turn|13
|
|t:|1661272794
|move|p2a: Tornadus|Heat Wave|p1a: Landorus
|-damage|p1a: Landorus|0 fnt
|faint|p1a: Landorus
|
|upkeep
|
|t:|1661272802
|switch|p1a: Crawdaunt|Crawdaunt, M|100/100
|-damage|p1a: Crawdaunt|88/100|[from] Stealth Rock
|turn|14
|
|t:|1661272804
|move|p2a: Tornadus|U-turn|p1a: Crawdaunt
|-supereffective|p1a: Crawdaunt
|-damage|p1a: Crawdaunt|60/100
|
|t:|1661272807
|switch|p2a: Urshifu|Urshifu-Rapid-Strike, F|100/100|[from]move: U-turn
|-damage|p2a: Urshifu|94/100|[from] Stealth Rock
|move|p1a: Crawdaunt|Knock Off|p2a: Urshifu
|-resisted|p2a: Urshifu
|-damage|p2a: Urshifu|46/100
|-enditem|p2a: Urshifu|Choice Band|[from] move: Knock Off|[of] p1a: Crawdaunt
|-damage|p1a: Crawdaunt|51/100|[from] item: Life Orb
|
|upkeep
|turn|15
|
|t:|1661272811
|move|p1a: Crawdaunt|Aqua Jet|p2a: Urshifu
|-resisted|p2a: Urshifu
|-damage|p2a: Urshifu|27/100
|-damage|p1a: Crawdaunt|41/100|[from] item: Life Orb
|move|p2a: Urshifu|U-turn|p1a: Crawdaunt
|-supereffective|p1a: Crawdaunt
|-damage|p1a: Crawdaunt|0 fnt
|faint|p1a: Crawdaunt
|
|t:|1661272813
|switch|p2a: Tornadus|Tornadus-Therian, M|100/100|[from]move: U-turn
|-damage|p2a: Tornadus|76/100|[from] Stealth Rock
|
|upkeep
|
|t:|1661272816
|switch|p1a: Magnezone|Magnezone|93/100
|-damage|p1a: Magnezone|87/100|[from] Stealth Rock
|turn|16
|
|t:|1661272823
|move|p2a: Tornadus|U-turn|p1a: Magnezone
|-resisted|p1a: Magnezone
|-damage|p1a: Magnezone|80/100
|
|t:|1661272826
|switch|p2a: Ferrothorn|Ferrothorn, F|100/100|[from]move: U-turn
|-damage|p2a: Ferrothorn|94/100|[from] Stealth Rock
|move|p1a: Magnezone|Flash Cannon|p2a: Ferrothorn
|-resisted|p2a: Ferrothorn
|-damage|p2a: Ferrothorn|62/100
|
|-heal|p2a: Ferrothorn|68/100|[from] item: Leftovers
|upkeep
|turn|17
|
|t:|1661272830
|move|p1a: Magnezone|Volt Switch|p2a: Ferrothorn
|-resisted|p2a: Ferrothorn
|-damage|p2a: Ferrothorn|51/100
|
|t:|1661272838
|switch|p1a: Victini|Victini|23/100|[from]move: Volt Switch
|move|p2a: Ferrothorn|Knock Off|p1a: Victini
|-supereffective|p1a: Victini
|-damage|p1a: Victini|0 fnt
|-enditem|p1a: Victini|Heavy-Duty Boots|[from] move: Knock Off|[of] p2a: Ferrothorn
|faint|p1a: Victini
|
|-heal|p2a: Ferrothorn|58/100|[from] item: Leftovers
|upkeep
|
|t:|1661272843
|switch|p1a: Gengar|Gengar, M|100/100
|-damage|p1a: Gengar|88/100|[from] Stealth Rock
|turn|18
|
|t:|1661272853
|move|p1a: Gengar|Shadow Ball|p2a: Ferrothorn
|-damage|p2a: Ferrothorn|19/100
|move|p2a: Ferrothorn|Knock Off|p1a: Gengar
|-supereffective|p1a: Gengar
|-damage|p1a: Gengar|2/100
|-enditem|p1a: Gengar|Choice Scarf|[from] move: Knock Off|[of] p2a: Ferrothorn
|
|-heal|p2a: Ferrothorn|25/100|[from] item: Leftovers
|upkeep
|turn|19
|
|t:|1661272857
|switch|p2a: Tornadus|Tornadus-Therian, M|100/100
|-damage|p2a: Tornadus|76/100|[from] Stealth Rock
|move|p1a: Gengar|Shadow Ball|p2a: Tornadus
|-damage|p2a: Tornadus|44/100
|
|upkeep
|turn|20
|
|t:|1661272883
|move|p2a: Tornadus|U-turn|p1a: Gengar
|-resisted|p1a: Gengar
|-crit|p1a: Gengar
|-damage|p1a: Gengar|0 fnt
|-start|p2a: Tornadus|Disable|U-turn|[from] ability: Cursed Body|[of] p1a: Gengar
|faint|p1a: Gengar
|
|t:|1661272900
|switch|p2a: Urshifu|Urshifu-Rapid-Strike, F|27/100|[from]move: U-turn
|-damage|p2a: Urshifu|21/100|[from] Stealth Rock
|
|upkeep
|
|t:|1661272907
|switch|p1a: Rillaboom|Rillaboom, M|100/100
|-damage|p1a: Rillaboom|88/100|[from] Stealth Rock
|-fieldstart|move: Grassy Terrain|[from] ability: Grassy Surge|[of] p1a: Rillaboom
|turn|21
|
|t:|1661272913
|move|p1a: Rillaboom|Grassy Glide|p2a: Urshifu
|-supereffective|p2a: Urshifu
|-damage|p2a: Urshifu|0 fnt
|faint|p2a: Urshifu
|
|-heal|p1a: Rillaboom|94/100|[from] Grassy Terrain
|upkeep
|
|t:|1661272915
|switch|p2a: Tapu Lele|Tapu Lele|100/100
|-damage|p2a: Tapu Lele|88/100|[from] Stealth Rock
|-fieldstart|move: Psychic Terrain|[from] ability: Psychic Surge|[of] p2a: Tapu Lele
|turn|22
|
|t:|1661272919
|move|p2a: Tapu Lele|Moonblast|p1a: Rillaboom
|-damage|p1a: Rillaboom|27/100
|move|p1a: Rillaboom|Grassy Glide|p2a: Tapu Lele
|-damage|p2a: Tapu Lele|0 fnt
|faint|p2a: Tapu Lele
|
|upkeep
|
|t:|1661272931
|switch|p2a: Tornadus|Tornadus-Therian, M|77/100
|-damage|p2a: Tornadus|52/100|[from] Stealth Rock
|turn|23
|
|t:|1661272934
|switch|p1a: Magnezone|Magnezone|80/100
|-damage|p1a: Magnezone|74/100|[from] Stealth Rock
|move|p2a: Tornadus|Heat Wave|p1a: Magnezone
|-supereffective|p1a: Magnezone
|-damage|p1a: Magnezone|23/100
|
|upkeep
|turn|24
|
|t:|1661272939
|move|p2a: Tornadus|Heat Wave|p1a: Magnezone
|-supereffective|p1a: Magnezone
|-damage|p1a: Magnezone|0 fnt
|faint|p1a: Magnezone
|
|upkeep
|
|t:|1661272940
|switch|p1a: Rillaboom|Rillaboom, M|27/100
|-damage|p1a: Rillaboom|15/100|[from] Stealth Rock
|-fieldstart|move: Grassy Terrain|[from] ability: Grassy Surge|[of] p1a: Rillaboom
|turn|25
|
|t:|1661272942
|move|p1a: Rillaboom|Grassy Glide|p2a: Tornadus
|-resisted|p2a: Tornadus
|-damage|p2a: Tornadus|15/100
|move|p2a: Tornadus|U-turn|p1a: Rillaboom
|-supereffective|p1a: Rillaboom
|-damage|p1a: Rillaboom|0 fnt
|faint|p1a: Rillaboom
|
|win|LT94JE Fuse
|raw|Juyen RPPLF's rating: 1702 &rarr; <strong>1684</strong><br />(-18 for losing)
|raw|LT94JE Fuse's rating: 1744 &rarr; <strong>1762</strong><br />(+18 for winning)
|c|☆LT94JE Fuse|Gg
||Ladder isn't responding, score probably updated but might not have (Request timeout).
|l|☆Juyen RPPLF
|l| inv solak plz
