|j|☆Gurtrant
|j|☆Escobiere
|t:|1632930827
|gametype|singles
|player|p1|Gurtrant|238|1816
|player|p2|Escobiere|aaron|1804
|teamsize|p1|6
|teamsize|p2|6
|gen|8
|tier|[Gen 8] OU
|rated|
|rule|Sleep Clause Mod: Limit one foe put to sleep
|rule|Species Clause: Limit one of each Pokémon
|rule|OHKO Clause: OHKO moves are banned
|rule|Evasion Moves Clause: Evasion moves are banned
|rule|Endless Battle Clause: Forcing endless battles is banned
|rule|HP Percentage Mod: HP is shown in percentages
|rule|Dynamax Clause: You cannot dynamax
|clearpoke
|poke|p1|Pelipper, F|
|poke|p1|Heliolisk, F|
|poke|p1|Seismitoad, F|
|poke|p1|Barraskewda, F|
|poke|p1|Ferrothorn, M|
|poke|p1|Zapdos|
|poke|p2|Melmetal|
|poke|p2|Garchomp, M|
|poke|p2|Slowking-Galar, M|
|poke|p2|Urshifu-*, M|
|poke|p2|Tapu Lele|
|poke|p2|Buzzwole|
|teampreview
|inactive|Battle timer is ON: inactive players will automatically lose when time's up. (requested by Gurtrant)
|j| 8th Hokage Killua
|
|t:|1632930854
|start
|switch|p1a: Pelipper|Pelipper, F|100/100
|switch|p2a: Garchomp|Garchomp, M|100/100
|-weather|RainDance|[from] ability: Drizzle|[of] p1a: Pelipper
|turn|1
|
|t:|1632930862
|move|p2a: Garchomp|Stealth Rock|p1a: Pelipper
|-sidestart|p1: Gurtrant|move: Stealth Rock
|move|p1a: Pelipper|U-turn|p2a: Garchomp
|-damage|p2a: Garchomp|94/100
|-damage|p1a: Pelipper|88/100|[from] ability: Rough Skin|[of] p2a: Garchomp
|-damage|p1a: Pelipper|71/100|[from] item: Rocky Helmet|[of] p2a: Garchomp
|
|t:|1632930873
|switch|p1a: Seismitoad|Seismitoad, F|100/100|[from]move: U-turn
|-damage|p1a: Seismitoad|94/100|[from] Stealth Rock
|
|-weather|RainDance|[upkeep]
|upkeep
|turn|2
|
|t:|1632930882
|move|p1a: Seismitoad|Stealth Rock|p2a: Garchomp
|-sidestart|p2: Escobiere|move: Stealth Rock
|move|p2a: Garchomp|Toxic|p1a: Seismitoad
|-status|p1a: Seismitoad|tox
|
|-weather|RainDance|[upkeep]
|-damage|p1a: Seismitoad|88/100 tox|[from] psn
|upkeep
|turn|3
|
|t:|1632930895
|move|p1a: Seismitoad|Weather Ball|p2a: Garchomp
|-damage|p2a: Garchomp|9/100
|-damage|p1a: Seismitoad|78/100 tox|[from] item: Life Orb
|move|p2a: Garchomp|Earthquake|p1a: Seismitoad
|-damage|p1a: Seismitoad|27/100 tox
|
|-weather|RainDance|[upkeep]
|-damage|p1a: Seismitoad|14/100 tox|[from] psn
|upkeep
|turn|4
|
|t:|1632930906
|switch|p2a: Slowking|Slowking-Galar, M|100/100
|-damage|p2a: Slowking|88/100|[from] Stealth Rock
|move|p1a: Seismitoad|Earth Power|p2a: Slowking
|-supereffective|p2a: Slowking
|-damage|p2a: Slowking|46/100
|-damage|p1a: Seismitoad|4/100 tox|[from] item: Life Orb
|
|-weather|RainDance|[upkeep]
|-damage|p1a: Seismitoad|0 fnt|[from] psn
|faint|p1a: Seismitoad
|upkeep
|
|t:|1632930915
|switch|p1a: Barraskewda|Barraskewda, F|100/100
|-damage|p1a: Barraskewda|88/100|[from] Stealth Rock
|turn|5
|
|t:|1632930922
|switch|p2a: Garchomp|Garchomp, M|9/100
|-damage|p2a: Garchomp|2/100|[from] Stealth Rock
|move|p1a: Barraskewda|Flip Turn|p2a: Garchomp
|-damage|p2a: Garchomp|0 fnt
|-damage|p1a: Barraskewda|76/100|[from] ability: Rough Skin|[of] p2a: Garchomp
|-damage|p1a: Barraskewda|60/100|[from] item: Rocky Helmet|[of] p2a: Garchomp
|faint|p2a: Garchomp
|
|t:|1632930929
|switch|p1a: Heliolisk|Heliolisk, F, shiny|100/100|[from]move: Flip Turn
|-damage|p1a: Heliolisk|88/100|[from] Stealth Rock
|
|-weather|RainDance|[upkeep]
|-heal|p1a: Heliolisk|100/100|[from] ability: Dry Skin
|upkeep
|
|t:|1632930949
|switch|p2a: Melmetal|Melmetal|100/100
|-damage|p2a: Melmetal|94/100|[from] Stealth Rock
|turn|6
|
|t:|1632930956
|move|p1a: Heliolisk|Volt Switch|p2a: Melmetal
|-damage|p2a: Melmetal|73/100
|-damage|p1a: Heliolisk|91/100|[from] item: Life Orb
|
|t:|1632930959
|switch|p1a: Zapdos|Zapdos|100/100|[from]move: Volt Switch
|move|p2a: Melmetal|Earthquake|p1a: Zapdos
|-immune|p1a: Zapdos
|
|-weather|RainDance|[upkeep]
|upkeep
|turn|7
|
|t:|1632930972
|move|p1a: Zapdos|Thunder|p2a: Melmetal
|-damage|p2a: Melmetal|49/100
|-status|p2a: Melmetal|par
|cant|p2a: Melmetal|par
|
|-weather|RainDance|[upkeep]
|upkeep
|turn|8
|
|t:|1632930992
|move|p1a: Zapdos|Thunder|p2a: Melmetal
|-damage|p2a: Melmetal|24/100 par
|cant|p2a: Melmetal|par
|
|-weather|none
|upkeep
|turn|9
|
|t:|1632931000
|move|p1a: Zapdos|Thunder|p2a: Melmetal
|-damage|p2a: Melmetal|3/100 par
|move|p2a: Melmetal|Thunder Punch|p1a: Zapdos
|-damage|p1a: Zapdos|75/100
|
|upkeep
|turn|10
|
|t:|1632931012
|move|p1a: Zapdos|Defog|p2a: Melmetal
|-unboost|p2a: Melmetal|evasion|1
|-sideend|p2: Escobiere|Stealth Rock|[from] move: Defog|[of] p1a: Zapdos
|-sideend|p1: Gurtrant|Stealth Rock|[from] move: Defog|[of] p1a: Zapdos
|move|p2a: Melmetal|Ice Punch|p1a: Zapdos
|-supereffective|p1a: Zapdos
|-damage|p1a: Zapdos|27/100
|
|upkeep
|turn|11
|
|t:|1632931028
|switch|p2a: Tapu Lele|Tapu Lele|100/100
|-fieldstart|move: Psychic Terrain|[from] ability: Psychic Surge|[of] p2a: Tapu Lele
|move|p1a: Zapdos|Roost|p1a: Zapdos
|-heal|p1a: Zapdos|77/100
|-singleturn|p1a: Zapdos|move: Roost
|
|upkeep
|turn|12
|
|t:|1632931039
|switch|p1a: Ferrothorn|Ferrothorn, M|100/100
|move|p2a: Tapu Lele|Psychic|p1a: Ferrothorn
|-resisted|p1a: Ferrothorn
|-damage|p1a: Ferrothorn|82/100
|
|-heal|p1a: Ferrothorn|89/100|[from] item: Leftovers
|upkeep
|turn|13
|
|t:|1632931055
|switch|p2a: Buzzwole|Buzzwole|100/100
|move|p1a: Ferrothorn|Spikes|p2a: Buzzwole
|-sidestart|p2: Escobiere|Spikes
|
|-heal|p1a: Ferrothorn|95/100|[from] item: Leftovers
|upkeep
|turn|14
|
|t:|1632931070
|switch|p1a: Zapdos|Zapdos|77/100
|move|p2a: Buzzwole|Ice Punch|p1a: Zapdos
|-supereffective|p1a: Zapdos
|-damage|p1a: Zapdos|38/100
|
|upkeep
|turn|15
|
|t:|1632931077
|move|p1a: Zapdos|Roost|p1a: Zapdos
|-heal|p1a: Zapdos|88/100
|-singleturn|p1a: Zapdos|move: Roost
|move|p2a: Buzzwole|Ice Punch|p1a: Zapdos
|-crit|p1a: Zapdos
|-damage|p1a: Zapdos|62/100
|
|-fieldend|move: Psychic Terrain
|upkeep
|turn|16
|j| Gastria
|
|t:|1632931091
|switch|p2a: Slowking|Slowking-Galar, M|79/100
|-damage|p2a: Slowking|67/100|[from] Spikes
|move|p1a: Zapdos|Roost|p1a: Zapdos
|-heal|p1a: Zapdos|100/100
|-singleturn|p1a: Zapdos|move: Roost
|
|upkeep
|turn|17
|
|t:|1632931100
|move|p1a: Zapdos|U-turn|p2a: Slowking
|-damage|p2a: Slowking|53/100
|
|t:|1632931102
|switch|p1a: Ferrothorn|Ferrothorn, M|95/100|[from]move: U-turn
|move|p2a: Slowking|Future Sight|p1a: Ferrothorn
|-start|p2a: Slowking|move: Future Sight
|
|-heal|p1a: Ferrothorn|100/100|[from] item: Leftovers
|upkeep
|turn|18
|
|t:|1632931110
|switch|p2a: Buzzwole|Buzzwole|100/100
|-damage|p2a: Buzzwole|88/100|[from] Spikes
|switch|p1a: Pelipper|Pelipper, F|71/100
|-weather|RainDance|[from] ability: Drizzle|[of] p1a: Pelipper
|
|-weather|RainDance|[upkeep]
|upkeep
|turn|19
|
|t:|1632931127
|switch|p2a: Slowking|Slowking-Galar, M|86/100
|-damage|p2a: Slowking|74/100|[from] Spikes
|switch|p1a: Zapdos|Zapdos|100/100
|
|-weather|RainDance|[upkeep]
|-end|p1a: Zapdos|move: Future Sight
|-damage|p1a: Zapdos|48/100
|upkeep
|turn|20
|
|t:|1632931138
|move|p1a: Zapdos|U-turn|p2a: Slowking
|-damage|p2a: Slowking|60/100
|
|t:|1632931148
|switch|p1a: Ferrothorn|Ferrothorn, M|100/100|[from]move: U-turn
|move|p2a: Slowking|Future Sight|p1a: Ferrothorn
|-start|p2a: Slowking|move: Future Sight
|
|-weather|RainDance|[upkeep]
|upkeep
|turn|21
|
|t:|1632931156
|switch|p2a: Buzzwole|Buzzwole|88/100
|-damage|p2a: Buzzwole|76/100|[from] Spikes
|move|p1a: Ferrothorn|Knock Off|p2a: Buzzwole
|-resisted|p2a: Buzzwole
|-crit|p2a: Buzzwole
|-damage|p2a: Buzzwole|66/100
|-damage|p1a: Ferrothorn|84/100|[from] item: Rocky Helmet|[of] p2a: Buzzwole
|-enditem|p2a: Buzzwole|Rocky Helmet|[from] move: Knock Off|[of] p1a: Ferrothorn
|
|-weather|RainDance|[upkeep]
|-heal|p1a: Ferrothorn|90/100|[from] item: Leftovers
|upkeep
|turn|22
|
|t:|1632931172
|switch|p1a: Zapdos|Zapdos|48/100
|move|p2a: Buzzwole|Close Combat|p1a: Zapdos
|-resisted|p1a: Zapdos
|-damage|p1a: Zapdos|25/100
|-unboost|p2a: Buzzwole|def|1
|-unboost|p2a: Buzzwole|spd|1
|-status|p2a: Buzzwole|par|[from] ability: Static|[of] p1a: Zapdos
|
|-weather|RainDance|[upkeep]
|-end|p1a: Zapdos|move: Future Sight
|-damage|p1a: Zapdos|0 fnt
|faint|p1a: Zapdos
|upkeep
|
|t:|1632931183
|switch|p1a: Barraskewda|Barraskewda, F|60/100
|turn|23
|
|t:|1632931194
|switch|p2a: Melmetal|Melmetal|3/100 par
|-damage|p2a: Melmetal|0 fnt|[from] Spikes
|faint|p2a: Melmetal
|move|p1a: Barraskewda|Liquidation|p2: Melmetal|[notarget]
|-fail|p1a: Barraskewda
|
|-weather|RainDance|[upkeep]
|upkeep
|inactive|Escobiere has 120 seconds left.
|
|t:|1632931222
|switch|p2a: Urshifu|Urshifu-Rapid-Strike, M|100/100
|-damage|p2a: Urshifu|88/100|[from] Spikes
|turn|24
|j| SakuraSumi
|
|t:|1632931229
|switch|p1a: Ferrothorn|Ferrothorn, M|90/100
|move|p2a: Urshifu|U-turn|p1a: Ferrothorn
|-damage|p1a: Ferrothorn|70/100
|-damage|p2a: Urshifu|76/100|[from] ability: Iron Barbs|[of] p1a: Ferrothorn
|j| xxTentaclexx
|
|t:|1632931237
|switch|p2a: Buzzwole|Buzzwole|66/100 par|[from]move: U-turn
|-damage|p2a: Buzzwole|54/100 par|[from] Spikes
|
|-weather|RainDance|[upkeep]
|-heal|p1a: Ferrothorn|76/100|[from] item: Leftovers
|upkeep
|turn|25
|j| prottay09877
|
|t:|1632931256
|move|p2a: Buzzwole|Roost|p2a: Buzzwole
|-heal|p2a: Buzzwole|100/100 par
|-singleturn|p2a: Buzzwole|move: Roost
|move|p1a: Ferrothorn|Spikes|p2a: Buzzwole
|-sidestart|p2: Escobiere|Spikes
|
|-weather|none
|-heal|p1a: Ferrothorn|83/100|[from] item: Leftovers
|upkeep
|turn|26
|inactive|Escobiere has 120 seconds left.
|j| HonchkrowLover27
|
|t:|1632931277
|switch|p2a: Tapu Lele|Tapu Lele|100/100
|-damage|p2a: Tapu Lele|84/100|[from] Spikes
|-fieldstart|move: Psychic Terrain|[from] ability: Psychic Surge|[of] p2a: Tapu Lele
|move|p1a: Ferrothorn|Leech Seed|p2a: Tapu Lele
|-start|p2a: Tapu Lele|move: Leech Seed
|
|-heal|p1a: Ferrothorn|89/100|[from] item: Leftovers
|-damage|p2a: Tapu Lele|72/100|[from] Leech Seed|[of] p1a: Ferrothorn
|-heal|p1a: Ferrothorn|99/100|[silent]
|upkeep
|turn|27
|inactive|Escobiere has 120 seconds left.
|
|t:|1632931291
|switch|p2a: Buzzwole|Buzzwole|100/100 par
|-damage|p2a: Buzzwole|84/100 par|[from] Spikes
|move|p1a: Ferrothorn|Spikes|p2a: Buzzwole
|-sidestart|p2: Escobiere|Spikes
|
|-heal|p1a: Ferrothorn|100/100|[from] item: Leftovers
|upkeep
|turn|28
|inactive|Escobiere has 120 seconds left.
|
|t:|1632931306
|switch|p1a: Pelipper|Pelipper, F|71/100
|-weather|RainDance|[from] ability: Drizzle|[of] p1a: Pelipper
|cant|p2a: Buzzwole|par
|
|-weather|RainDance|[upkeep]
|upkeep
|turn|29
|inactive|Escobiere has 120 seconds left.
|
|t:|1632931321
|move|p1a: Pelipper|Hurricane|p2a: Buzzwole
|-supereffective|p2a: Buzzwole
|-damage|p2a: Buzzwole|0 fnt
|faint|p2a: Buzzwole
|
|-weather|RainDance|[upkeep]
|upkeep
|
|t:|1632931332
|switch|p2a: Slowking|Slowking-Galar, M|93/100
|-damage|p2a: Slowking|68/100|[from] Spikes
|turn|30
|c| Gastria|why would someone not have hazard remover when all of the team is grounded...
|
|t:|1632931337
|move|p1a: Pelipper|U-turn|p2a: Slowking
|-damage|p2a: Slowking|59/100
|
|t:|1632931347
|switch|p1a: Barraskewda|Barraskewda, F|60/100|[from]move: U-turn
|move|p2a: Slowking|Future Sight|p1a: Barraskewda
|-start|p2a: Slowking|move: Future Sight
|
|-weather|RainDance|[upkeep]
|-fieldend|move: Psychic Terrain
|upkeep
|turn|31
|inactive|Escobiere has 120 seconds left.
|c|☆Gurtrant|idk
|c|☆Gurtrant|but he made it higher in rating than you
|c|☆Gurtrant|XD
|
|t:|1632931376
|switch|p2a: Urshifu|Urshifu-Rapid-Strike, M|76/100
|-damage|p2a: Urshifu|51/100|[from] Spikes
|move|p1a: Barraskewda|Flip Turn|p2a: Urshifu
|-resisted|p2a: Urshifu
|-damage|p2a: Urshifu|16/100
|
|t:|1632931379
|switch|p1a: Heliolisk|Heliolisk, F, shiny|91/100|[from]move: Flip Turn
|
|-weather|RainDance|[upkeep]
|-heal|p1a: Heliolisk|100/100|[from] ability: Dry Skin
|upkeep
|turn|32
|inactive|Escobiere has 120 seconds left.
|c| Gastria|defo, i dont play often, prefer to watch
|c|☆Gurtrant|perv=P
|c|☆Escobiere|yeah I don't have defog but I can't have it with my sets
|c| Gastria|or a rapid spin
|c|☆Escobiere|hazards stacking is not so common
|inactive|Escobiere has 90 seconds left.
|
|t:|1632931416
|move|p2a: Urshifu|Close Combat|p1a: Heliolisk
|-supereffective|p1a: Heliolisk
|-damage|p1a: Heliolisk|0 fnt
|-unboost|p2a: Urshifu|def|1
|-unboost|p2a: Urshifu|spd|1
|faint|p1a: Heliolisk
|
|-weather|RainDance|[upkeep]
|-hint|Future Sight did not hit because the target is fainted.
|upkeep
|c| Gastria|well stealth rock at least is ubiquitous
|c|☆Gurtrant|the one scarf shifu in all of ou
|c|☆Gurtrant|XD
|inactive|Gurtrant has 120 seconds left.
|
|t:|1632931446
|switch|p1a: Barraskewda|Barraskewda, F|60/100
|turn|33
|c|☆Gurtrant|gg
|c|☆Escobiere|yeah scarf urshifu is surprising
|
|t:|1632931459
|move|p1a: Barraskewda|Liquidation|p2a: Urshifu
|-resisted|p2a: Urshifu
|-damage|p2a: Urshifu|0 fnt
|faint|p2a: Urshifu
|
|-weather|RainDance|[upkeep]
|upkeep
|
|t:|1632931465
|switch|p2a: Slowking|Slowking-Galar, M|93/100
|-damage|p2a: Slowking|68/100|[from] Spikes
|turn|34
|
|t:|1632931469
|move|p1a: Barraskewda|Liquidation|p2a: Slowking
|-damage|p2a: Slowking|0 fnt
|faint|p2a: Slowking
|
|-weather|RainDance|[upkeep]
|upkeep
|
|t:|1632931474
|switch|p2a: Tapu Lele|Tapu Lele|72/100
|-damage|p2a: Tapu Lele|47/100|[from] Spikes
|-fieldstart|move: Psychic Terrain|[from] ability: Psychic Surge|[of] p2a: Tapu Lele
|turn|35
|c|☆Escobiere|gg
|c|☆Gurtrant|gg
|
|t:|1632931483
|move|p1a: Barraskewda|Liquidation|p2a: Tapu Lele
|-damage|p2a: Tapu Lele|0 fnt
|faint|p2a: Tapu Lele
|
|win|Gurtrant
|raw|Gurtrant's rating: 1816 &rarr; <strong>1835</strong><br />(+19 for winning)
|raw|Escobiere's rating: 1804 &rarr; <strong>1785</strong><br />(-19 for losing)
|c| Gastria|barraskewda is the reason a lot of people have toxapex
|l|☆Gurtrant
|l|☆Escobiere
||Ladder isn't responding, score probably updated but might not have (Request timeout).
|l| Gastria
|l| xxTentaclexx
|l| prottay09877
|l| SakuraSumi
|l| HonchkrowLover27
|j| Ches Dark
|l| Ches Dark
