|j|☆daheatahfajita
|j|☆NeoNaruto®++
|t:|1646864999
|gametype|singles
|player|p1|daheatahfajita|266|1542
|player|p2|NeoNaruto®++|medium|1601
|teamsize|p1|6
|teamsize|p2|6
|gen|8
|tier|[Gen 8] OU
|rated|
|rule|Sleep Clause Mod: Limit one foe put to sleep
|rule|Species Clause: Limit one of each Pokémon
|rule|OHKO Clause: OHKO moves are banned
|rule|Evasion Moves Clause: Evasion moves are banned
|rule|Endless Battle Clause: Forcing endless battles is banned
|rule|HP Percentage Mod: HP is shown in percentages
|rule|Dynamax Clause: You cannot dynamax
|clearpoke
|poke|p1|Pelipper, M|
|poke|p1|Barraskewda, F|
|poke|p1|Zapdos|
|poke|p1|Ferrothorn, M|
|poke|p1|Tapu Lele|
|poke|p1|Seismitoad, M|
|poke|p2|Landorus-Therian, M|
|poke|p2|Slowbro, M|
|poke|p2|Tapu Koko|
|poke|p2|Dragonite, F|
|poke|p2|Darmanitan, M|
|poke|p2|Tyranitar, F|
|teampreview
|inactive|Battle timer is ON: inactive players will automatically lose when time's up. (requested by NeoNaruto®++)
|inactive|daheatahfajita has 120 seconds left.
|inactive|daheatahfajita has 90 seconds left.
|
|t:|1646865064
|start
|switch|p1a: Messenger|Pelipper, M, shiny|100/100
|switch|p2a: DA LAST REX(3005)|Tyranitar, F|100/100
|-weather|RainDance|[from] ability: Drizzle|[of] p1a: Messenger
|-weather|Sandstorm|[from] ability: Sand Stream|[of] p2a: DA LAST REX(3005)
|turn|1
|
|t:|1646865076
|move|p1a: Messenger|U-turn|p2a: DA LAST REX(3005)
|-supereffective|p2a: DA LAST REX(3005)
|-crit|p2a: DA LAST REX(3005)
|-damage|p2a: DA LAST REX(3005)|78/100
|
|t:|1646865083
|switch|p1a: Prison|Ferrothorn, M, shiny|100/100|[from]move: U-turn
|move|p2a: DA LAST REX(3005)|Stone Edge|p1a: Prison|[miss]
|-miss|p2a: DA LAST REX(3005)|p1a: Prison
|
|-weather|Sandstorm|[upkeep]
|upkeep
|turn|2
|
|t:|1646865100
|move|p2a: DA LAST REX(3005)|Fire Blast|p1a: Prison
|-supereffective|p1a: Prison
|-damage|p1a: Prison|7/100
|move|p1a: Prison|Stealth Rock|p2a: DA LAST REX(3005)
|-sidestart|p2: NeoNaruto®++|move: Stealth Rock
|
|-weather|Sandstorm|[upkeep]
|upkeep
|turn|3
|
|t:|1646865105
|switch|p1a: Messenger|Pelipper, M, shiny|100/100
|-weather|RainDance|[from] ability: Drizzle|[of] p1a: Messenger
|move|p2a: DA LAST REX(3005)|Stone Edge|p1a: Messenger
|-supereffective|p1a: Messenger
|-damage|p1a: Messenger|7/100
|
|-weather|RainDance|[upkeep]
|upkeep
|turn|4
|
|t:|1646865112
|switch|p2a: Bernie Landers|Landorus-Therian, M|100/100
|-damage|p2a: Bernie Landers|88/100|[from] Stealth Rock
|-ability|p2a: Bernie Landers|Intimidate|boost
|-unboost|p1a: Messenger|atk|1
|move|p1a: Messenger|Roost|p1a: Messenger
|-heal|p1a: Messenger|57/100
|-singleturn|p1a: Messenger|move: Roost
|
|-weather|RainDance|[upkeep]
|upkeep
|turn|5
|
|t:|1646865121
|switch|p1a: Predator|Barraskewda, F, shiny|100/100
|move|p2a: Bernie Landers|Stealth Rock|p1a: Predator
|-sidestart|p1: daheatahfajita|move: Stealth Rock
|
|-weather|RainDance|[upkeep]
|upkeep
|turn|6
|j| jvb420
|
|t:|1646865127
|switch|p2a: spvceghvstpvrrp|Slowbro, M, shiny|100/100
|-damage|p2a: spvceghvstpvrrp|88/100|[from] Stealth Rock
|move|p1a: Predator|Flip Turn|p2a: spvceghvstpvrrp
|-resisted|p2a: spvceghvstpvrrp
|-damage|p2a: spvceghvstpvrrp|64/100
|-damage|p1a: Predator|84/100|[from] item: Rocky Helmet|[of] p2a: spvceghvstpvrrp
|
|t:|1646865139
|switch|p1a: Zapdos|Zapdos|100/100|[from]move: Flip Turn
|-damage|p1a: Zapdos|76/100|[from] Stealth Rock
|
|-weather|RainDance|[upkeep]
|upkeep
|turn|7
|
|t:|1646865148
|switch|p2a: DA LAST REX(3005)|Tyranitar, F|78/100
|-damage|p2a: DA LAST REX(3005)|66/100|[from] Stealth Rock
|-weather|Sandstorm|[from] ability: Sand Stream|[of] p2a: DA LAST REX(3005)
|move|p1a: Zapdos|Volt Switch|p2a: DA LAST REX(3005)
|-damage|p2a: DA LAST REX(3005)|51/100
|
|t:|1646865170
|switch|p1a: Predator|Barraskewda, F, shiny|84/100|[from]move: Volt Switch
|-damage|p1a: Predator|72/100|[from] Stealth Rock
|
|-weather|Sandstorm|[upkeep]
|-damage|p1a: Predator|66/100|[from] Sandstorm
|upkeep
|turn|8
|
|t:|1646865191
|switch|p2a: spvceghvstpvrrp|Slowbro, M, shiny|98/100
|-damage|p2a: spvceghvstpvrrp|85/100|[from] Stealth Rock
|move|p1a: Predator|Flip Turn|p2a: spvceghvstpvrrp
|-resisted|p2a: spvceghvstpvrrp
|-damage|p2a: spvceghvstpvrrp|72/100
|-damage|p1a: Predator|50/100|[from] item: Rocky Helmet|[of] p2a: spvceghvstpvrrp
|
|t:|1646865198
|switch|p1a: Messenger|Pelipper, M, shiny|57/100|[from]move: Flip Turn
|-damage|p1a: Messenger|32/100|[from] Stealth Rock
|-weather|RainDance|[from] ability: Drizzle|[of] p1a: Messenger
|
|-weather|RainDance|[upkeep]
|upkeep
|turn|9
|
|t:|1646865203
|move|p1a: Messenger|Roost|p1a: Messenger
|-heal|p1a: Messenger|83/100
|-singleturn|p1a: Messenger|move: Roost
|move|p2a: spvceghvstpvrrp|Teleport|p2a: spvceghvstpvrrp
|
|t:|1646865206
|switch|p2a: VODECi|Tapu Koko|100/100|[from]move: Teleport
|-damage|p2a: VODECi|88/100|[from] Stealth Rock
|-fieldstart|move: Electric Terrain|[from] ability: Electric Surge|[of] p2a: VODECi
|
|-weather|RainDance|[upkeep]
|upkeep
|turn|10
|l| jvb420
|
|t:|1646865217
|switch|p1a: Prison|Ferrothorn, M, shiny|7/100
|-damage|p1a: Prison|1/100|[from] Stealth Rock
|move|p2a: VODECi|Dazzling Gleam|p1a: Prison
|-resisted|p1a: Prison
|-damage|p1a: Prison|0 fnt
|faint|p1a: Prison
|
|-weather|RainDance|[upkeep]
|upkeep
|
|t:|1646865237
|switch|p1a: Globox|Seismitoad, M, shiny|100/100
|-damage|p1a: Globox|95/100|[from] Stealth Rock
|turn|11
|
|t:|1646865252
|switch|p2a: DA LAST REX(3005)|Tyranitar, F|51/100
|-damage|p2a: DA LAST REX(3005)|39/100|[from] Stealth Rock
|-weather|Sandstorm|[from] ability: Sand Stream|[of] p2a: DA LAST REX(3005)
|move|p1a: Globox|Earth Power|p2a: DA LAST REX(3005)
|-supereffective|p2a: DA LAST REX(3005)
|-damage|p2a: DA LAST REX(3005)|8/100
|
|-weather|Sandstorm|[upkeep]
|upkeep
|turn|12
|
|t:|1646865258
|move|p1a: Globox|Earth Power|p2a: DA LAST REX(3005)
|-supereffective|p2a: DA LAST REX(3005)
|-damage|p2a: DA LAST REX(3005)|0 fnt
|faint|p2a: DA LAST REX(3005)
|
|-weather|Sandstorm|[upkeep]
|upkeep
|
|t:|1646865260
|switch|p2a: PURRP FOR SALE|Darmanitan, M|100/100
|-damage|p2a: PURRP FOR SALE|76/100|[from] Stealth Rock
|turn|13
|
|t:|1646865287
|move|p2a: PURRP FOR SALE|Flare Blitz|p1a: Globox
|-resisted|p1a: Globox
|-damage|p1a: Globox|1/100
|-damage|p2a: PURRP FOR SALE|45/100|[from] Recoil
|move|p1a: Globox|Earth Power|p2a: PURRP FOR SALE
|-supereffective|p2a: PURRP FOR SALE
|-damage|p2a: PURRP FOR SALE|0 fnt
|faint|p2a: PURRP FOR SALE
|
|-weather|Sandstorm|[upkeep]
|-fieldend|move: Electric Terrain
|upkeep
|
|t:|1646865314
|switch|p2a: VODECi|Tapu Koko|88/100
|-damage|p2a: VODECi|76/100|[from] Stealth Rock
|-fieldstart|move: Electric Terrain|[from] ability: Electric Surge|[of] p2a: VODECi
|turn|14
|
|t:|1646865326
|move|p2a: VODECi|Dazzling Gleam|p1a: Globox
|-damage|p1a: Globox|0 fnt
|faint|p1a: Globox
|
|-weather|Sandstorm|[upkeep]
|-damage|p2a: VODECi|70/100|[from] Sandstorm
|upkeep
|
|t:|1646865337
|switch|p1a: Raven|Tapu Lele, shiny|100/100
|-damage|p1a: Raven|88/100|[from] Stealth Rock
|-fieldstart|move: Psychic Terrain|[from] ability: Psychic Surge|[of] p1a: Raven
|turn|15
|
|t:|1646865346
|switch|p2a: spvceghvstpvrrp|Slowbro, M, shiny|100/100
|-damage|p2a: spvceghvstpvrrp|88/100|[from] Stealth Rock
|move|p1a: Raven|Moonblast|p2a: spvceghvstpvrrp
|-damage|p2a: spvceghvstpvrrp|34/100
|
|-weather|none
|upkeep
|turn|16
|
|t:|1646865351
|move|p1a: Raven|Moonblast|p2a: spvceghvstpvrrp
|-damage|p2a: spvceghvstpvrrp|0 fnt
|faint|p2a: spvceghvstpvrrp
|
|upkeep
|
|t:|1646865354
|switch|p2a: VODECi|Tapu Koko|70/100
|-damage|p2a: VODECi|57/100|[from] Stealth Rock
|-fieldstart|move: Electric Terrain|[from] ability: Electric Surge|[of] p2a: VODECi
|turn|17
|
|t:|1646865359
|move|p1a: Raven|Moonblast|p2a: VODECi
|-damage|p2a: VODECi|0 fnt
|faint|p2a: VODECi
|
|upkeep
|
|t:|1646865364
|switch|p2a: Fat Charizard|Dragonite, F, shiny|100/100
|turn|18
|
|t:|1646865366
|move|p1a: Raven|Moonblast|p2a: Fat Charizard
|-supereffective|p2a: Fat Charizard
|-damage|p2a: Fat Charizard|44/100
|move|p2a: Fat Charizard|Dragon Dance|p2a: Fat Charizard
|-boost|p2a: Fat Charizard|atk|1
|-boost|p2a: Fat Charizard|spe|1
|
|upkeep
|turn|19
|
|t:|1646865370
|move|p1a: Raven|Moonblast|p2a: Fat Charizard
|-supereffective|p2a: Fat Charizard
|-damage|p2a: Fat Charizard|0 fnt
|faint|p2a: Fat Charizard
|
|upkeep
|
|t:|1646865372
|switch|p2a: Bernie Landers|Landorus-Therian, M|88/100
|-damage|p2a: Bernie Landers|76/100|[from] Stealth Rock
|-ability|p2a: Bernie Landers|Intimidate|boost
|-unboost|p1a: Raven|atk|1
|turn|20
|-message|NeoNaruto®++ forfeited.
|
|win|daheatahfajita
|raw|daheatahfajita's rating: 1542 &rarr; <strong>1567</strong><br />(+25 for winning)
|raw|NeoNaruto®++'s rating: 1622 &rarr; <strong>1597</strong><br />(-25 for losing)
||Ladder isn't responding, score probably updated but might not have (Request timeout).
