|j|☆Adopted
|j|☆cump3
|t:|1661889028
|gametype|singles
|player|p1|Adopted|backersf|1553
|player|p2|cump3|169|1608
|teamsize|p1|6
|teamsize|p2|6
|gen|8
|tier|[Gen 8] OU
|rated|
|rule|Sleep Clause Mod: Limit one foe put to sleep
|rule|Species Clause: Limit one of each Pokémon
|rule|OHKO Clause: OHKO moves are banned
|rule|Evasion Items Clause: Evasion items are banned
|rule|Evasion Moves Clause: Evasion moves are banned
|rule|Endless Battle Clause: Forcing endless battles is banned
|rule|HP Percentage Mod: HP is shown in percentages
|rule|Dynamax Clause: You cannot dynamax
|clearpoke
|poke|p1|Darmanitan, F|
|poke|p1|Salamence, M|
|poke|p1|Heatran, M|
|poke|p1|Latias, F|
|poke|p1|Volcarona, F|
|poke|p1|Latios, M|
|poke|p2|Garchomp, F|
|poke|p2|Tornadus-Therian, M|
|poke|p2|Slowbro, M|
|poke|p2|Blissey, F|
|poke|p2|Aegislash, M|
|poke|p2|Volcarona, F|
|teampreview
|c|☆cump3|cool team
|c|☆cump3|hf
|
|t:|1661889037
|start
|switch|p1a: Latias|Latias, F|100/100
|switch|p2a: Tornadus|Tornadus-Therian, M, shiny|100/100
|turn|1
|c|☆Adopted|tnx, u2
|
|t:|1661889053
|switch|p1a: Heatran|Heatran, M|100/100
|move|p2a: Tornadus|Knock Off|p1a: Heatran
|-damage|p1a: Heatran|83/100
|-enditem|p1a: Heatran|Assault Vest|[from] move: Knock Off|[of] p2a: Tornadus
|
|upkeep
|turn|2
|
|t:|1661889061
|switch|p2a: Blissey|Blissey, F|100/100
|move|p1a: Heatran|Fire Blast|p2a: Blissey
|-damage|p2a: Blissey|78/100
|
|upkeep
|turn|3
|
|t:|1661889070
|switch|p1a: Latias|Latias, F|100/100
|move|p2a: Blissey|Seismic Toss|p1a: Latias
|-damage|p1a: Latias|73/100
|
|upkeep
|turn|4
|
|t:|1661889080
|switch|p2a: Garchomp|Garchomp, F|100/100
|move|p1a: Latias|Reflect|p1a: Latias
|-sidestart|p1: Adopted|Reflect
|
|upkeep
|turn|5
|
|t:|1661889096
|move|p1a: Latias|Light Screen|p1a: Latias
|-sidestart|p1: Adopted|move: Light Screen
|move|p2a: Garchomp|Stealth Rock|p1a: Latias
|-sidestart|p1: Adopted|move: Stealth Rock
|
|upkeep
|turn|6
|
|t:|1661889108
|move|p1a: Latias|Defog|p2a: Garchomp
|-unboost|p2a: Garchomp|evasion|1
|-sideend|p1: Adopted|Stealth Rock|[from] move: Defog|[of] p1a: Latias
|move|p2a: Garchomp|Earthquake|p1a: Latias
|-immune|p1a: Latias|[from] ability: Levitate
|
|upkeep
|turn|7
|inactive|Battle timer is ON: inactive players will automatically lose when time's up. (requested by cump3)
|
|t:|1661889125
|switch|p1a: Latios|Latios, M|100/100
|move|p2a: Garchomp|Stealth Rock|p1a: Latios
|-sidestart|p1: Adopted|move: Stealth Rock
|
|upkeep
|turn|8
|
|t:|1661889132
|move|p1a: Latios|Defog|p2a: Garchomp
|-unboost|p2a: Garchomp|evasion|1
|-sideend|p1: Adopted|Stealth Rock|[from] move: Defog|[of] p1a: Latios
|move|p2a: Garchomp|Toxic|p1a: Latios
|-status|p1a: Latios|tox
|
|-damage|p1a: Latios|95/100 tox|[from] psn
|upkeep
|turn|9
|
|t:|1661889142
|switch|p1a: Latias|Latias, F|73/100
|move|p2a: Garchomp|Stealth Rock|p1a: Latias
|-sidestart|p1: Adopted|move: Stealth Rock
|
|upkeep
|turn|10
|
|t:|1661889145
|move|p1a: Latias|Defog|p2a: Garchomp
|-unboost|p2a: Garchomp|evasion|1
|-sideend|p1: Adopted|Stealth Rock|[from] move: Defog|[of] p1a: Latias
|move|p2a: Garchomp|Toxic|p1a: Latias|[miss]
|-miss|p2a: Garchomp|p1a: Latias
|
|upkeep
|turn|11
|
|t:|1661889149
|switch|p1a: Latios|Latios, M|95/100 tox
|move|p2a: Garchomp|Toxic|p1a: Latios
|-fail|p1a: Latios|tox
|
|-damage|p1a: Latios|89/100 tox|[from] psn
|-sideend|p1: Adopted|Reflect
|upkeep
|turn|12
|
|t:|1661889153
|switch|p2a: Blissey|Blissey, F|78/100
|move|p1a: Latios|Ice Beam|p2a: Blissey
|-damage|p2a: Blissey|64/100
|
|-damage|p1a: Latios|77/100 tox|[from] psn
|-sideend|p1: Adopted|move: Light Screen
|upkeep
|turn|13
|
|t:|1661889161
|switch|p1a: Latias|Latias, F|73/100
|move|p2a: Blissey|Soft-Boiled|p2a: Blissey
|-heal|p2a: Blissey|100/100
|
|upkeep
|turn|14
|
|t:|1661889164
|move|p1a: Latias|Reflect|p1a: Latias
|-sidestart|p1: Adopted|Reflect
|move|p2a: Blissey|Toxic|p1a: Latias
|-status|p1a: Latias|tox
|
|-damage|p1a: Latias|67/100 tox|[from] psn
|upkeep
|turn|15
|
|t:|1661889168
|switch|p2a: Garchomp|Garchomp, F|100/100
|move|p1a: Latias|Light Screen|p1a: Latias
|-sidestart|p1: Adopted|move: Light Screen
|
|-damage|p1a: Latias|55/100 tox|[from] psn
|upkeep
|turn|16
|
|t:|1661889176
|switch|p1a: Salamence|Salamence, M|100/100
|move|p2a: Garchomp|Stealth Rock|p1a: Salamence
|-sidestart|p1: Adopted|move: Stealth Rock
|
|upkeep
|turn|17
|
|t:|1661889179
|move|p1a: Salamence|Dragon Dance|p1a: Salamence
|-boost|p1a: Salamence|atk|1
|-boost|p1a: Salamence|spe|1
|move|p2a: Garchomp|Toxic|p1a: Salamence
|-status|p1a: Salamence|tox
|-enditem|p1a: Salamence|Lum Berry|[eat]
|-curestatus|p1a: Salamence|tox|[msg]
|
|upkeep
|turn|18
|
|t:|1661889185
|move|p1a: Salamence|Outrage|p2a: Garchomp
|-supereffective|p2a: Garchomp
|-damage|p2a: Garchomp|0 fnt
|-damage|p1a: Salamence|88/100|[from] ability: Rough Skin|[of] p2a: Garchomp
|faint|p2a: Garchomp
|-ability|p1a: Salamence|Moxie|boost
|-boost|p1a: Salamence|atk|1
|
|upkeep
|
|t:|1661889199
|switch|p2a: Aegislash|Aegislash, M|100/100
|turn|19
|
|t:|1661889201
|move|p1a: Salamence|Outrage|p2a: Aegislash|[from]lockedmove
|-resisted|p2a: Aegislash
|-damage|p2a: Aegislash|48/100
|-start|p1a: Salamence|confusion|[fatigue]
|move|p2a: Aegislash|Toxic|p1a: Salamence
|-status|p1a: Salamence|tox
|
|-heal|p2a: Aegislash|54/100|[from] item: Leftovers
|-damage|p1a: Salamence|82/100 tox|[from] psn
|upkeep
|turn|20
|
|t:|1661889208
|move|p2a: Aegislash|King's Shield|p2a: Aegislash
|-singleturn|p2a: Aegislash|Protect
|-activate|p1a: Salamence|confusion
|move|p1a: Salamence|Earthquake|p2a: Aegislash
|-activate|p2a: Aegislash|move: Protect
|
|-heal|p2a: Aegislash|60/100|[from] item: Leftovers
|-damage|p1a: Salamence|70/100 tox|[from] psn
|upkeep
|turn|21
|
|t:|1661889214
|switch|p2a: Tornadus|Tornadus-Therian, M, shiny|100/100
|-activate|p1a: Salamence|confusion
|move|p1a: Salamence|Earthquake|p2a: Tornadus
|-immune|p2a: Tornadus
|
|-damage|p1a: Salamence|52/100 tox|[from] psn
|-sideend|p1: Adopted|Reflect
|upkeep
|turn|22
|
|t:|1661889218
|switch|p2a: Slowbro|Slowbro, M, shiny|100/100
|-activate|p1a: Salamence|confusion
|-damage|p1a: Salamence|12/100 tox|[from] confusion
|
|-damage|p1a: Salamence|0 fnt|[from] psn
|faint|p1a: Salamence
|-sideend|p1: Adopted|move: Light Screen
|upkeep
|
|t:|1661889226
|switch|p1a: Latias|Latias, F|55/100 tox
|-damage|p1a: Latias|43/100 tox|[from] Stealth Rock
|turn|23
|
|t:|1661889230
|move|p1a: Latias|Defog|p2a: Slowbro
|-unboost|p2a: Slowbro|evasion|1
|-sideend|p1: Adopted|Stealth Rock|[from] move: Defog|[of] p1a: Latias
|move|p2a: Slowbro|Teleport|p2a: Slowbro
|
|t:|1661889233
|switch|p2a: Aegislash|Aegislash, M|60/100|[from]move: Teleport
|
|-heal|p2a: Aegislash|67/100|[from] item: Leftovers
|-damage|p1a: Latias|36/100 tox|[from] psn
|upkeep
|turn|24
|
|t:|1661889240
|switch|p1a: Heatran|Heatran, M|83/100
|move|p2a: Aegislash|Substitute|p2a: Aegislash
|-start|p2a: Aegislash|Substitute
|-damage|p2a: Aegislash|42/100
|
|-heal|p2a: Aegislash|48/100|[from] item: Leftovers
|upkeep
|turn|25
|
|t:|1661889243
|move|p2a: Aegislash|King's Shield|p2a: Aegislash
|-singleturn|p2a: Aegislash|Protect
|move|p1a: Heatran|Earth Power|p2a: Aegislash
|-activate|p2a: Aegislash|move: Protect
|
|-heal|p2a: Aegislash|54/100|[from] item: Leftovers
|upkeep
|turn|26
|
|t:|1661889247
|move|p1a: Heatran|Earth Power|p2a: Aegislash
|-supereffective|p2a: Aegislash
|-end|p2a: Aegislash|Substitute
|-formechange|p2a: Aegislash|Aegislash-Blade||[from] ability: Stance Change
|move|p2a: Aegislash|Shadow Ball|p1a: Heatran
|-damage|p1a: Heatran|53/100
|
|-heal|p2a: Aegislash|60/100|[from] item: Leftovers
|upkeep
|turn|27
|
|t:|1661889254
|switch|p1a: Darmanitan|Darmanitan, F|100/100
|-formechange|p2a: Aegislash|Aegislash||[from] ability: Stance Change
|move|p2a: Aegislash|King's Shield||[still]
|-fail|p2a: Aegislash
|
|-heal|p2a: Aegislash|66/100|[from] item: Leftovers
|upkeep
|turn|28
|
|t:|1661889259
|switch|p2a: Slowbro|Slowbro, M, shiny|100/100
|move|p1a: Darmanitan|Flare Blitz|p2a: Slowbro
|-resisted|p2a: Slowbro
|-damage|p2a: Slowbro|63/100
|-damage|p1a: Darmanitan|87/100|[from] Recoil
|
|upkeep
|turn|29
|
|t:|1661889264
|switch|p1a: Latias|Latias, F|36/100 tox
|move|p2a: Slowbro|Slack Off|p2a: Slowbro
|-heal|p2a: Slowbro|100/100
|
|-damage|p1a: Latias|30/100 tox|[from] psn
|upkeep
|turn|30
|
|t:|1661889268
|move|p1a: Latias|Reflect|p1a: Latias
|-sidestart|p1: Adopted|Reflect
|move|p2a: Slowbro|Teleport|p2a: Slowbro
|
|t:|1661889270
|switch|p2a: Aegislash|Aegislash, M|66/100|[from]move: Teleport
|
|-heal|p2a: Aegislash|72/100|[from] item: Leftovers
|-damage|p1a: Latias|18/100 tox|[from] psn
|upkeep
|turn|31
|
|t:|1661889273
|move|p1a: Latias|Healing Wish|p1a: Latias
|faint|p1a: Latias
|move|p2a: Aegislash|Substitute|p2a: Aegislash
|-start|p2a: Aegislash|Substitute
|-damage|p2a: Aegislash|47/100
|
|-heal|p2a: Aegislash|54/100|[from] item: Leftovers
|upkeep
|
|t:|1661889281
|switch|p1a: Volcarona|Volcarona, F|100/100
|turn|32
|
|t:|1661889284
|move|p1a: Volcarona|Quiver Dance|p1a: Volcarona
|-boost|p1a: Volcarona|spa|1
|-boost|p1a: Volcarona|spd|1
|-boost|p1a: Volcarona|spe|1
|move|p2a: Aegislash|Toxic|p1a: Volcarona
|-status|p1a: Volcarona|tox
|
|-heal|p2a: Aegislash|60/100|[from] item: Leftovers
|-damage|p1a: Volcarona|94/100 tox|[from] psn
|upkeep
|turn|33
|
|t:|1661889287
|move|p1a: Volcarona|Fiery Dance|p2a: Aegislash
|-supereffective|p2a: Aegislash
|-end|p2a: Aegislash|Substitute
|-formechange|p2a: Aegislash|Aegislash-Blade||[from] ability: Stance Change
|move|p2a: Aegislash|Shadow Ball|p1a: Volcarona
|-damage|p1a: Volcarona|69/100 tox
|
|-heal|p2a: Aegislash|66/100|[from] item: Leftovers
|-damage|p1a: Volcarona|57/100 tox|[from] psn
|upkeep
|turn|34
|
|t:|1661889292
|-formechange|p2a: Aegislash|Aegislash||[from] ability: Stance Change
|move|p2a: Aegislash|King's Shield|p2a: Aegislash
|-singleturn|p2a: Aegislash|Protect
|move|p1a: Volcarona|Quiver Dance|p1a: Volcarona
|-boost|p1a: Volcarona|spa|1
|-boost|p1a: Volcarona|spd|1
|-boost|p1a: Volcarona|spe|1
|
|-heal|p2a: Aegislash|72/100|[from] item: Leftovers
|-damage|p1a: Volcarona|39/100 tox|[from] psn
|upkeep
|-enditem|p1a: Volcarona|Sitrus Berry|[eat]
|-heal|p1a: Volcarona|64/100 tox|[from] item: Sitrus Berry
|turn|35
|inactive|cump3 has 120 seconds left.
|
|t:|1661889328
|switch|p2a: Blissey|Blissey, F|100/100
|move|p1a: Volcarona|Fiery Dance|p2a: Blissey
|-damage|p2a: Blissey|66/100
|-boost|p1a: Volcarona|spa|1
|
|-damage|p1a: Volcarona|39/100 tox|[from] psn
|upkeep
|turn|36
|
|t:|1661889349
|move|p1a: Volcarona|Bug Buzz|p2a: Blissey
|-damage|p2a: Blissey|20/100
|-unboost|p2a: Blissey|spd|1
|move|p2a: Blissey|Soft-Boiled|p2a: Blissey
|-heal|p2a: Blissey|70/100
|
|-damage|p1a: Volcarona|9/100 tox|[from] psn
|upkeep
|turn|37
|inactive|cump3 has 120 seconds left.
|
|t:|1661889367
|switch|p2a: Tornadus|Tornadus-Therian, M, shiny|100/100
|move|p1a: Volcarona|Bug Buzz|p2a: Tornadus
|-resisted|p2a: Tornadus
|-damage|p2a: Tornadus|32/100
|
|-damage|p1a: Volcarona|0 fnt|[from] psn
|faint|p1a: Volcarona
|-sideend|p1: Adopted|Reflect
|upkeep
|
|t:|1661889371
|switch|p1a: Latios|Latios, M|77/100 tox
|-heal|p1a: Latios|100/100|[from] move: Healing Wish
|turn|38
|
|t:|1661889382
|switch|p1a: Darmanitan|Darmanitan, F|87/100
|switch|p2a: Volcarona|Volcarona, F|100/100
|
|upkeep
|turn|39
|
|t:|1661889391
|switch|p2a: Slowbro|Slowbro, M, shiny|100/100
|move|p1a: Darmanitan|U-turn|p2a: Slowbro
|-supereffective|p2a: Slowbro
|-damage|p2a: Slowbro|49/100
|
|t:|1661889401
|switch|p1a: Latios|Latios, M|100/100|[from]move: U-turn
|
|upkeep
|turn|40
|
|t:|1661889412
|switch|p1a: Darmanitan|Darmanitan, F|87/100
|move|p2a: Slowbro|Slack Off|p2a: Slowbro
|-heal|p2a: Slowbro|99/100
|
|upkeep
|turn|41
|
|t:|1661889416
|move|p1a: Darmanitan|U-turn|p2a: Slowbro
|-supereffective|p2a: Slowbro
|-damage|p2a: Slowbro|52/100
|
|t:|1661889419
|switch|p1a: Latios|Latios, M|100/100|[from]move: U-turn
|move|p2a: Slowbro|Teleport|p2a: Slowbro
|
|t:|1661889422
|switch|p2a: Aegislash|Aegislash, M|72/100|[from]move: Teleport
|
|-heal|p2a: Aegislash|78/100|[from] item: Leftovers
|upkeep
|turn|42
|c|☆Adopted|gg
|
|t:|1661889428
|move|p1a: Latios|Thunderbolt|p2a: Aegislash
|-damage|p2a: Aegislash|58/100
|-status|p2a: Aegislash|par
|-formechange|p2a: Aegislash|Aegislash-Blade||[from] ability: Stance Change
|move|p2a: Aegislash|Shadow Ball|p1a: Latios
|-supereffective|p1a: Latios
|-damage|p1a: Latios|30/100
|
|-heal|p2a: Aegislash|64/100 par|[from] item: Leftovers
|upkeep
|turn|43
|c|☆cump3|gg
|
|t:|1661889432
|cant|p2a: Aegislash|par
|move|p1a: Latios|Thunderbolt|p2a: Aegislash
|-damage|p2a: Aegislash|26/100 par
|
|-heal|p2a: Aegislash|32/100 par|[from] item: Leftovers
|upkeep
|turn|44
|
|t:|1661889438
|switch|p1a: Darmanitan|Darmanitan, F|87/100
|switch|p2a: Blissey|Blissey, F|70/100
|
|upkeep
|turn|45
|
|t:|1661889444
|switch|p2a: Aegislash|Aegislash, M|32/100 par
|move|p1a: Darmanitan|Flare Blitz|p2a: Aegislash
|-supereffective|p2a: Aegislash
|-damage|p2a: Aegislash|0 fnt
|faint|p2a: Aegislash
|-damage|p1a: Darmanitan|77/100|[from] Recoil
|
|upkeep
|
|t:|1661889446
|switch|p2a: Slowbro|Slowbro, M, shiny|85/100
|turn|46
|
|t:|1661889449
|move|p1a: Darmanitan|Flare Blitz|p2a: Slowbro
|-resisted|p2a: Slowbro
|-damage|p2a: Slowbro|43/100
|-damage|p1a: Darmanitan|61/100|[from] Recoil
|move|p2a: Slowbro|Ice Beam|p1a: Darmanitan
|-resisted|p1a: Darmanitan
|-damage|p1a: Darmanitan|46/100
|
|upkeep
|turn|47
|
|t:|1661889452
|move|p1a: Darmanitan|Flare Blitz|p2a: Slowbro
|-resisted|p2a: Slowbro
|-damage|p2a: Slowbro|0 fnt
|faint|p2a: Slowbro
|-damage|p1a: Darmanitan|30/100|[from] Recoil
|
|upkeep
|
|t:|1661889463
|switch|p2a: Tornadus|Tornadus-Therian, M, shiny|66/100
|turn|48
|
|t:|1661889466
|switch|p1a: Heatran|Heatran, M|53/100
|move|p2a: Tornadus|Hurricane|p1a: Heatran
|-resisted|p1a: Heatran
|-damage|p1a: Heatran|36/100
|
|upkeep
|turn|49
|
|t:|1661889478
|move|p2a: Tornadus|Knock Off|p1a: Heatran
|-damage|p1a: Heatran|24/100
|move|p1a: Heatran|Flash Cannon|p2a: Tornadus
|-damage|p2a: Tornadus|22/100
|
|upkeep
|turn|50
|
|t:|1661889482
|switch|p2a: Blissey|Blissey, F|70/100
|move|p1a: Heatran|Flash Cannon|p2a: Blissey
|-damage|p2a: Blissey|54/100
|
|upkeep
|turn|51
|
|t:|1661889490
|switch|p1a: Darmanitan|Darmanitan, F|30/100
|move|p2a: Blissey|Seismic Toss|p1a: Darmanitan
|-damage|p1a: Darmanitan|2/100
|
|upkeep
|turn|52
|
|t:|1661889502
|switch|p2a: Volcarona|Volcarona, F|100/100
|move|p1a: Darmanitan|Rock Slide|p2a: Volcarona|[miss]
|-miss|p1a: Darmanitan|p2a: Volcarona
|
|upkeep
|turn|53
|
|t:|1661889510
|move|p1a: Darmanitan|Rock Slide|p2a: Volcarona
|-supereffective|p2a: Volcarona
|-damage|p2a: Volcarona|0 fnt
|faint|p2a: Volcarona
|
|upkeep
|
|t:|1661889512
|switch|p2a: Tornadus|Tornadus-Therian, M, shiny|55/100
|turn|54
|
|t:|1661889516
|switch|p2a: Blissey|Blissey, F|54/100
|switch|p1a: Heatran|Heatran, M|24/100
|
|upkeep
|turn|55
|
|t:|1661889522
|move|p1a: Heatran|Flash Cannon|p2a: Blissey
|-damage|p2a: Blissey|36/100
|move|p2a: Blissey|Seismic Toss|p1a: Heatran
|-damage|p1a: Heatran|0 fnt
|faint|p1a: Heatran
|
|upkeep
|
|t:|1661889527
|switch|p1a: Darmanitan|Darmanitan, F|2/100
|turn|56
|
|t:|1661889538
|switch|p2a: Tornadus|Tornadus-Therian, M, shiny|88/100
|move|p1a: Darmanitan|Flare Blitz|p2a: Tornadus
|-damage|p2a: Tornadus|0 fnt
|faint|p2a: Tornadus
|-damage|p1a: Darmanitan|0 fnt|[from] Recoil
|faint|p1a: Darmanitan
|
|upkeep
|
|t:|1661889541
|switch|p2a: Blissey|Blissey, F|36/100
|switch|p1a: Latios|Latios, M|30/100
|turn|57
|
|t:|1661889546
|move|p1a: Latios|Draco Meteor|p2a: Blissey
|-damage|p2a: Blissey|9/100
|-unboost|p1a: Latios|spa|2
|move|p2a: Blissey|Seismic Toss|p1a: Latios
|-damage|p1a: Latios|0 fnt
|faint|p1a: Latios
|
|win|cump3
|raw|Adopted's rating: 1553 &rarr; <strong>1537</strong><br />(-16 for losing)
|raw|cump3's rating: 1624 &rarr; <strong>1640</strong><br />(+16 for winning)
|c|☆cump3|gg
|c|☆Adopted|wow
|l|☆cump3
|c|☆Adopted|hahaha
