|j|☆ThePale
|j|☆maxinyuuu
|t:|1664198671
|gametype|singles
|player|p1|ThePale|wallace|1661
|player|p2|maxinyuuu|lusamine-nihilego|1598
|teamsize|p1|6
|teamsize|p2|6
|gen|8
|tier|[Gen 8] OU
|rated|
|rule|Sleep Clause Mod: Limit one foe put to sleep
|rule|Species Clause: Limit one of each Pokémon
|rule|OHKO Clause: OHKO moves are banned
|rule|Evasion Items Clause: Evasion items are banned
|rule|Evasion Moves Clause: Evasion moves are banned
|rule|Endless Battle Clause: Forcing endless battles is banned
|rule|HP Percentage Mod: HP is shown in percentages
|rule|Dynamax Clause: You cannot dynamax
|clearpoke
|poke|p1|Weavile, F|
|poke|p1|Heatran, M|
|poke|p1|Keldeo-Resolute|
|poke|p1|Zapdos|
|poke|p1|Rillaboom, M|
|poke|p1|Nidoking, M|
|poke|p2|Melmetal|
|poke|p2|Porygon2|
|poke|p2|Cresselia, F|
|poke|p2|Marowak-Alola, M|
|poke|p2|Hatterene, F|
|poke|p2|Crawdaunt, M|
|teampreview
|inactive|Battle timer is ON: inactive players will automatically lose when time's up. (requested by ThePale)
|inactive|ThePale has 120 seconds left.
|
|t:|1664198708
|start
|switch|p1a: Nidoking|Nidoking, M|100/100
|switch|p2a: Hatterene|Hatterene, F|100/100
|turn|1
|
|t:|1664198713
|move|p1a: Nidoking|Sludge Wave|p2a: Hatterene
|-supereffective|p2a: Hatterene
|-enditem|p2a: Hatterene|Focus Sash
|-damage|p2a: Hatterene|1/100
|move|p2a: Hatterene|Psychic|p1a: Nidoking
|-supereffective|p1a: Nidoking
|-damage|p1a: Nidoking|0 fnt
|faint|p1a: Nidoking
|
|upkeep
|
|t:|1664198728
|switch|p1a: Keldeo|Keldeo-Resolute|100/100
|turn|2
|
|t:|1664198730
|move|p1a: Keldeo|Scald|p2a: Hatterene
|-damage|p2a: Hatterene|0 fnt
|faint|p2a: Hatterene
|
|upkeep
|
|t:|1664198741
|switch|p2a: Cresselia|Cresselia, F|100/100
|turn|3
|
|t:|1664198744
|move|p1a: Keldeo|Taunt|p2a: Cresselia
|-start|p2a: Cresselia|move: Taunt
|cant|p2a: Cresselia|move: Taunt|Trick Room
|
|upkeep
|turn|4
|
|t:|1664198748
|move|p1a: Keldeo|Calm Mind|p1a: Keldeo
|-boost|p1a: Keldeo|spa|1
|-boost|p1a: Keldeo|spd|1
|move|p2a: Cresselia|Moonblast|p1a: Keldeo
|-supereffective|p1a: Keldeo
|-damage|p1a: Keldeo|73/100
|
|-heal|p1a: Keldeo|79/100|[from] item: Leftovers
|upkeep
|turn|5
|
|t:|1664198751
|switch|p2a: Melmetal|Melmetal|100/100
|move|p1a: Keldeo|Calm Mind|p1a: Keldeo
|-boost|p1a: Keldeo|spa|1
|-boost|p1a: Keldeo|spd|1
|
|-heal|p1a: Keldeo|85/100|[from] item: Leftovers
|upkeep
|turn|6
|
|t:|1664198757
|switch|p1a: Heatran|Heatran, M|100/100
|move|p2a: Melmetal|Double Iron Bash|p1a: Heatran
|-resisted|p1a: Heatran
|-damage|p1a: Heatran|88/100
|-resisted|p1a: Heatran
|-damage|p1a: Heatran|75/100
|-hitcount|p1a: Heatran|2
|
|-heal|p1a: Heatran|81/100|[from] item: Leftovers
|upkeep
|turn|7
|
|t:|1664198763
|switch|p2a: Porygon2|Porygon2|100/100
|-ability|p2a: Porygon2|Flash Fire|[from] ability: Trace|[of] p1a: Heatran
|move|p1a: Heatran|Magma Storm|p2a: Porygon2
|-start|p2a: Porygon2|ability: Flash Fire
|
|-heal|p1a: Heatran|88/100|[from] item: Leftovers
|upkeep
|turn|8
|
|t:|1664198770
|move|p1a: Heatran|Taunt|p2a: Porygon2
|-start|p2a: Porygon2|move: Taunt
|cant|p2a: Porygon2|move: Taunt|Trick Room
|
|-heal|p1a: Heatran|94/100|[from] item: Leftovers
|upkeep
|turn|9
|
|t:|1664198776
|-end|p2a: Porygon2|ability: Flash Fire|[silent]
|switch|p2a: Crawdaunt|Crawdaunt, M|100/100
|move|p1a: Heatran|Stealth Rock|p2a: Crawdaunt
|-sidestart|p2: maxinyuuu|move: Stealth Rock
|
|-heal|p1a: Heatran|99/100|[from] item: Leftovers
|upkeep
|turn|10
|
|t:|1664198785
|move|p1a: Heatran|Earth Power|p2a: Crawdaunt
|-damage|p2a: Crawdaunt|55/100
|move|p2a: Crawdaunt|Crabhammer|p1a: Heatran
|-supereffective|p1a: Heatran
|-damage|p1a: Heatran|0 fnt
|faint|p1a: Heatran
|-damage|p2a: Crawdaunt|45/100|[from] item: Life Orb
|
|upkeep
|
|t:|1664198798
|switch|p1a: Keldeo|Keldeo-Resolute|85/100
|turn|11
|
|t:|1664198801
|move|p1a: Keldeo|Secret Sword|p2a: Crawdaunt
|-supereffective|p2a: Crawdaunt
|-damage|p2a: Crawdaunt|0 fnt
|faint|p2a: Crawdaunt
|
|-heal|p1a: Keldeo|91/100|[from] item: Leftovers
|upkeep
|
|t:|1664198804
|switch|p2a: Melmetal|Melmetal|100/100
|-damage|p2a: Melmetal|94/100|[from] Stealth Rock
|turn|12
|
|t:|1664198808
|switch|p1a: Zapdos|Zapdos|100/100
|move|p2a: Melmetal|Double Iron Bash|p1a: Zapdos
|-resisted|p1a: Zapdos
|-damage|p1a: Zapdos|76/100
|-resisted|p1a: Zapdos
|-damage|p1a: Zapdos|53/100
|-hitcount|p1a: Zapdos|2
|
|upkeep
|turn|13
|
|t:|1664198816
|switch|p2a: Marowak|Marowak-Alola, M|100/100
|-damage|p2a: Marowak|76/100|[from] Stealth Rock
|move|p1a: Zapdos|Heat Wave|p2a: Marowak
|-resisted|p2a: Marowak
|-damage|p2a: Marowak|59/100
|
|upkeep
|turn|14
|
|t:|1664198826
|move|p1a: Zapdos|Discharge|p2a: Marowak
|-ability|p2a: Marowak|Lightning Rod|boost
|-boost|p2a: Marowak|spa|1
|move|p2a: Marowak|Poltergeist|p1a: Zapdos
|-activate|p1a: Zapdos|move: Poltergeist|Heavy-Duty Boots
|-damage|p1a: Zapdos|0 fnt
|faint|p1a: Zapdos
|
|upkeep
|
|t:|1664198829
|switch|p1a: Keldeo|Keldeo-Resolute|91/100
|turn|15
|
|t:|1664198833
|move|p1a: Keldeo|Scald|p2a: Marowak
|-supereffective|p2a: Marowak
|-damage|p2a: Marowak|0 fnt
|faint|p2a: Marowak
|
|-heal|p1a: Keldeo|97/100|[from] item: Leftovers
|upkeep
|
|t:|1664198836
|switch|p2a: Melmetal|Melmetal|94/100
|-damage|p2a: Melmetal|88/100|[from] Stealth Rock
|turn|16
|
|t:|1664198839
|move|p1a: Keldeo|Scald|p2a: Melmetal
|-crit|p2a: Melmetal
|-damage|p2a: Melmetal|20/100
|-status|p2a: Melmetal|brn
|move|p2a: Melmetal|Double Iron Bash|p1a: Keldeo
|-resisted|p1a: Keldeo
|-damage|p1a: Keldeo|77/100
|-resisted|p1a: Keldeo
|-damage|p1a: Keldeo|59/100
|-hitcount|p1a: Keldeo|2
|
|-heal|p1a: Keldeo|65/100|[from] item: Leftovers
|-damage|p2a: Melmetal|14/100 brn|[from] brn
|upkeep
|turn|17
|c|☆ThePale|Gg
|
|t:|1664198859
|switch|p2a: Cresselia|Cresselia, F|100/100
|-damage|p2a: Cresselia|88/100|[from] Stealth Rock
|move|p1a: Keldeo|Scald|p2a: Cresselia
|-damage|p2a: Cresselia|64/100
|
|-heal|p1a: Keldeo|71/100|[from] item: Leftovers
|upkeep
|turn|18
|
|t:|1664198864
|move|p1a: Keldeo|Taunt|p2a: Cresselia
|-start|p2a: Cresselia|move: Taunt
|move|p2a: Cresselia|Moonblast|p1a: Keldeo
|-supereffective|p1a: Keldeo
|-damage|p1a: Keldeo|32/100
|-unboost|p1a: Keldeo|spa|1
|
|-heal|p1a: Keldeo|38/100|[from] item: Leftovers
|upkeep
|turn|19
|
|t:|1664198868
|switch|p1a: Weavile|Weavile, F|100/100
|move|p2a: Cresselia|Moonblast|p1a: Weavile
|-supereffective|p1a: Weavile
|-damage|p1a: Weavile|55/100
|
|upkeep
|turn|20
|
|t:|1664198872
|switch|p2a: Porygon2|Porygon2|100/100
|-damage|p2a: Porygon2|88/100|[from] Stealth Rock
|-ability|p2a: Porygon2|Pickpocket|[from] ability: Trace|[of] p1a: Weavile
|move|p1a: Weavile|Knock Off|p2a: Porygon2
|-damage|p2a: Porygon2|52/100
|-enditem|p2a: Porygon2|Eviolite|[from] move: Knock Off|[of] p1a: Weavile
|-enditem|p1a: Weavile|Heavy-Duty Boots|[silent]|[from] ability: Pickpocket|[of] p1a: Weavile
|-item|p2a: Porygon2|Heavy-Duty Boots|[from] ability: Pickpocket|[of] p1a: Weavile
|
|upkeep
|turn|21
|
|t:|1664198876
|move|p1a: Weavile|Low Kick|p2a: Porygon2
|-supereffective|p2a: Porygon2
|-damage|p2a: Porygon2|10/100
|move|p2a: Porygon2|Trick Room|p2a: Porygon2
|-fieldstart|move: Trick Room|[of] p2a: Porygon2
|
|upkeep
|turn|22
|
|t:|1664198881
|move|p1a: Weavile|Ice Shard|p2a: Porygon2
|-damage|p2a: Porygon2|0 fnt
|faint|p2a: Porygon2
|
|upkeep
|
|t:|1664198884
|switch|p2a: Cresselia|Cresselia, F|64/100
|-damage|p2a: Cresselia|52/100|[from] Stealth Rock
|turn|23
|
|t:|1664198891
|move|p2a: Cresselia|Lunar Dance|p2a: Cresselia
|faint|p2a: Cresselia
|move|p1a: Weavile|Knock Off|p2: Cresselia|[notarget]
|-fail|p1a: Weavile
|
|upkeep
|
|t:|1664198893
|switch|p2a: Melmetal|Melmetal|14/100 brn
|-heal|p2a: Melmetal|100/100|[from] move: Lunar Dance
|-damage|p2a: Melmetal|94/100|[from] Stealth Rock
|turn|24
|c|☆maxinyuuu|no
|
|t:|1664198898
|move|p2a: Melmetal|Double Iron Bash|p1a: Weavile
|-supereffective|p1a: Weavile
|-damage|p1a: Weavile|0 fnt
|faint|p1a: Weavile
|-hitcount|p1: Weavile|1
|
|upkeep
|
|t:|1664198901
|switch|p1a: Rillaboom|Rillaboom, M|100/100
|-fieldstart|move: Grassy Terrain|[from] ability: Grassy Surge|[of] p1a: Rillaboom
|turn|25
|
|t:|1664198903
|move|p1a: Rillaboom|Grassy Glide|p2a: Melmetal
|-resisted|p2a: Melmetal
|-damage|p2a: Melmetal|73/100
|move|p2a: Melmetal|Double Iron Bash|p1a: Rillaboom
|-crit|p1a: Rillaboom
|-damage|p1a: Rillaboom|0 fnt
|faint|p1a: Rillaboom
|-hitcount|p1: Rillaboom|1
|
|-heal|p2a: Melmetal|79/100|[from] Grassy Terrain
|-fieldend|move: Trick Room
|upkeep
|
|t:|1664198908
|switch|p1a: Keldeo|Keldeo-Resolute|38/100
|turn|26
|
|t:|1664198909
|move|p1a: Keldeo|Secret Sword|p2a: Melmetal
|-supereffective|p2a: Melmetal
|-damage|p2a: Melmetal|34/100
|move|p2a: Melmetal|Double Iron Bash|p1a: Keldeo
|-resisted|p1a: Keldeo
|-damage|p1a: Keldeo|0 fnt
|faint|p1a: Keldeo
|-hitcount|p1: Keldeo|1
|
|win|maxinyuuu
|raw|ThePale's rating: 1661 &rarr; <strong>1637</strong><br />(-24 for losing)
|raw|maxinyuuu's rating: 1598 &rarr; <strong>1622</strong><br />(+24 for winning)
|c|☆maxinyuuu|gg
|c|☆ThePale|Gg
|l|☆ThePale
||Ladder isn't responding, score probably updated but might not have (Request timeout).
