|raw|<div class="broadcast-blue"><strong>This battle is required to be public due to a player having a name starting with 'lt92pf'.</div>
|j|‽kinetic chain
|j|☆LT92PF Raizen
|t:|1660249244
|gametype|singles
|player|p1|kinetic chain|giovanni-gen1|1937
|player|p2|LT92PF Raizen|1|1939
|teamsize|p1|6
|teamsize|p2|6
|gen|8
|tier|[Gen 8] OU
|rated|
|rule|Sleep Clause Mod: Limit one foe put to sleep
|rule|Species Clause: Limit one of each Pokémon
|rule|OHKO Clause: OHKO moves are banned
|rule|Evasion Items Clause: Evasion items are banned
|rule|Evasion Moves Clause: Evasion moves are banned
|rule|Endless Battle Clause: Forcing endless battles is banned
|rule|HP Percentage Mod: HP is shown in percentages
|rule|Dynamax Clause: You cannot dynamax
|clearpoke
|poke|p1|Dragapult, F|
|poke|p1|Tapu Fini|
|poke|p1|Heatran, F|
|poke|p1|Landorus-Therian, M|
|poke|p1|Tornadus-Therian, M|
|poke|p1|Ferrothorn, M|
|poke|p2|Dragapult, M|
|poke|p2|Zapdos|
|poke|p2|Urshifu-*, F|
|poke|p2|Tapu Lele|
|poke|p2|Landorus-Therian, M|
|poke|p2|Melmetal|
|teampreview
|inactive|Battle timer is ON: inactive players will automatically lose when time's up. (requested by LT92PF Raizen)
|
|t:|1660249260
|start
|switch|p1a: Tornadus|Tornadus-Therian, M|100/100
|switch|p2a: Zapdos|Zapdos, shiny|100/100
|turn|1
|
|t:|1660249269
|switch|p1a: Landorus|Landorus-Therian, M|100/100
|-ability|p1a: Landorus|Intimidate|boost
|-unboost|p2a: Zapdos|atk|1
|move|p2a: Zapdos|Hurricane|p1a: Landorus
|-damage|p1a: Landorus|60/100
|
|-heal|p1a: Landorus|66/100|[from] item: Leftovers
|upkeep
|turn|2
|
|t:|1660249278
|move|p2a: Zapdos|Hurricane|p1a: Landorus|[miss]
|-miss|p2a: Zapdos|p1a: Landorus
|move|p1a: Landorus|Toxic|p2a: Zapdos
|-status|p2a: Zapdos|tox
|
|-heal|p1a: Landorus|72/100|[from] item: Leftovers
|-damage|p2a: Zapdos|94/100 tox|[from] psn
|upkeep
|turn|3
|
|t:|1660249281
|move|p2a: Zapdos|Hurricane|p1a: Landorus
|-damage|p1a: Landorus|29/100
|move|p1a: Landorus|Stealth Rock|p2a: Zapdos
|-sidestart|p2: LT92PF Raizen|move: Stealth Rock
|
|-heal|p1a: Landorus|35/100|[from] item: Leftovers
|-damage|p2a: Zapdos|82/100 tox|[from] psn
|upkeep
|turn|4
|
|t:|1660249287
|move|p2a: Zapdos|Defog|p1a: Landorus
|-unboost|p1a: Landorus|evasion|1
|-sideend|p2: LT92PF Raizen|Stealth Rock|[from] move: Defog|[of] p2a: Zapdos
|move|p1a: Landorus|U-turn|p2a: Zapdos
|-resisted|p2a: Zapdos
|-damage|p2a: Zapdos|69/100 tox
|-status|p1a: Landorus|par|[from] ability: Static|[of] p2a: Zapdos
|j| irgendwasmitmeeem
|j| LT92PF Pais
|j| lt92pf mind
|j| xhdfhydf
|
|t:|1660249292
|switch|p1a: Dragapult|Dragapult, F|100/100|[from]move: U-turn
|
|-damage|p2a: Zapdos|50/100 tox|[from] psn
|upkeep
|turn|5
|l| LT92PF Pais
|
|t:|1660249294
|switch|p2a: Melmetal|Melmetal, shiny|100/100
|move|p1a: Dragapult|Shadow Ball|p2a: Melmetal
|-damage|p2a: Melmetal|54/100
|-unboost|p2a: Melmetal|spd|1
|
|-heal|p2a: Melmetal|60/100|[from] item: Leftovers
|upkeep
|turn|6
|j| lt92pf yeatfan
|
|t:|1660249297
|move|p2a: Melmetal|Protect|p2a: Melmetal
|-singleturn|p2a: Melmetal|Protect
|move|p1a: Dragapult|Shadow Ball|p2a: Melmetal
|-activate|p2a: Melmetal|move: Protect
|
|-heal|p2a: Melmetal|66/100|[from] item: Leftovers
|upkeep
|turn|7
|j| chokst du
|j| teambuildr
|j| LT92PF elcuob
|j| LT92PF SW
|inactive|kinetic chain has 120 seconds left.
|j| LT92PF xdRudi
|l| LT92PF xdRudi
|
|t:|1660249338
|switch|p1a: Ferrothorn|Ferrothorn, M|100/100
|switch|p2a: Landorus|Landorus-Therian, M, shiny|100/100
|-ability|p2a: Landorus|Intimidate|boost
|-unboost|p1a: Ferrothorn|atk|1
|
|upkeep
|turn|8
|j| LT92PF Eule
|
|t:|1660249341
|move|p2a: Landorus|Stealth Rock|p1a: Ferrothorn
|-sidestart|p1: kinetic chain|move: Stealth Rock
|move|p1a: Ferrothorn|Knock Off|p2a: Landorus
|-damage|p2a: Landorus|88/100
|-enditem|p2a: Landorus|Leftovers|[from] move: Knock Off|[of] p1a: Ferrothorn
|
|upkeep
|turn|9
|
|t:|1660249348
|switch|p2a: Urshifu|Urshifu-Rapid-Strike, F|100/100
|move|p1a: Ferrothorn|Spikes|p2a: Urshifu
|-sidestart|p2: LT92PF Raizen|Spikes
|
|upkeep
|turn|10
|j| Tace
|j| ojr
|
|t:|1660249356
|switch|p1a: Tornadus|Tornadus-Therian, M|100/100
|move|p2a: Urshifu|U-turn|p1a: Tornadus
|-resisted|p1a: Tornadus
|-damage|p1a: Tornadus|81/100
|
|t:|1660249365
|switch|p2a: Zapdos|Zapdos, shiny|50/100 tox|[from]move: U-turn
|
|-damage|p2a: Zapdos|44/100 tox|[from] psn
|upkeep
|turn|11
|l| lt92pf yeatfan
|
|t:|1660249370
|switch|p1a: Heatran|Heatran, F|100/100
|-damage|p1a: Heatran|88/100|[from] Stealth Rock
|move|p2a: Zapdos|Volt Switch|p1a: Heatran
|-damage|p1a: Heatran|65/100
|
|t:|1660249378
|switch|p2a: Landorus|Landorus-Therian, M, shiny|88/100|[from]move: Volt Switch
|-ability|p2a: Landorus|Intimidate|boost
|-unboost|p1a: Heatran|atk|1
|
|-heal|p1a: Heatran|71/100|[from] item: Leftovers
|upkeep
|turn|12
|j| Trannos
|
|t:|1660249384
|switch|p1a: Ferrothorn|Ferrothorn, M|100/100
|-damage|p1a: Ferrothorn|95/100|[from] Stealth Rock
|move|p2a: Landorus|Knock Off|p1a: Ferrothorn
|-damage|p1a: Ferrothorn|76/100
|-damage|p2a: Landorus|75/100|[from] ability: Iron Barbs|[of] p1a: Ferrothorn
|-enditem|p1a: Ferrothorn|Leftovers|[from] move: Knock Off|[of] p2a: Landorus
|
|upkeep
|turn|13
|
|t:|1660249389
|move|p2a: Landorus|Earthquake|p1a: Ferrothorn
|-damage|p1a: Ferrothorn|46/100
|move|p1a: Ferrothorn|Leech Seed|p2a: Landorus
|-start|p2a: Landorus|move: Leech Seed
|
|-damage|p2a: Landorus|63/100|[from] Leech Seed|[of] p1a: Ferrothorn
|-heal|p1a: Ferrothorn|60/100|[silent]
|upkeep
|turn|14
|
|t:|1660249396
|move|p2a: Landorus|Earthquake|p1a: Ferrothorn
|-damage|p1a: Ferrothorn|30/100
|move|p1a: Ferrothorn|Knock Off|p2a: Landorus
|-damage|p2a: Landorus|50/100
|
|-damage|p2a: Landorus|37/100|[from] Leech Seed|[of] p1a: Ferrothorn
|-heal|p1a: Ferrothorn|44/100|[silent]
|upkeep
|turn|15
|j| BLACK L0TU$
|
|t:|1660249405
|move|p2a: Landorus|U-turn|p1a: Ferrothorn
|-damage|p1a: Ferrothorn|30/100
|-damage|p2a: Landorus|25/100|[from] ability: Iron Barbs|[of] p1a: Ferrothorn
|
|t:|1660249407
|switch|p2a: Zapdos|Zapdos, shiny|44/100 tox|[from]move: U-turn
|move|p1a: Ferrothorn|Knock Off|p2a: Zapdos
|-damage|p2a: Zapdos|18/100 tox
|-status|p1a: Ferrothorn|par|[from] ability: Static|[of] p2a: Zapdos
|-enditem|p2a: Zapdos|Heavy-Duty Boots|[from] move: Knock Off|[of] p1a: Ferrothorn
|
|-damage|p2a: Zapdos|11/100 tox|[from] psn
|upkeep
|turn|16
|
|t:|1660249412
|move|p2a: Zapdos|Heat Wave|p1a: Ferrothorn
|-supereffective|p1a: Ferrothorn
|-damage|p1a: Ferrothorn|0 fnt
|faint|p1a: Ferrothorn
|
|-damage|p2a: Zapdos|0 fnt|[from] psn
|faint|p2a: Zapdos
|upkeep
|
|t:|1660249423
|switch|p2a: Landorus|Landorus-Therian, M, shiny|25/100
|switch|p1a: Tornadus|Tornadus-Therian, M|100/100
|-ability|p2a: Landorus|Intimidate|boost
|-unboost|p1a: Tornadus|atk|1
|turn|17
|
|t:|1660249429
|move|p1a: Tornadus|Hurricane|p2a: Landorus|[miss]
|-miss|p1a: Tornadus|p2a: Landorus
|move|p2a: Landorus|Knock Off|p1a: Tornadus
|-damage|p1a: Tornadus|66/100
|-enditem|p1a: Tornadus|Heavy-Duty Boots|[from] move: Knock Off|[of] p2a: Landorus
|
|upkeep
|turn|18
|
|t:|1660249436
|switch|p2a: Melmetal|Melmetal, shiny|66/100
|-damage|p2a: Melmetal|54/100|[from] Spikes
|move|p1a: Tornadus|Hurricane|p2a: Melmetal
|-resisted|p2a: Melmetal
|-damage|p2a: Melmetal|37/100
|
|-heal|p2a: Melmetal|43/100|[from] item: Leftovers
|upkeep
|turn|19
|
|t:|1660249441
|move|p1a: Tornadus|U-turn|p2a: Melmetal
|-resisted|p2a: Melmetal
|-damage|p2a: Melmetal|41/100
|
|t:|1660249442
|switch|p1a: Landorus|Landorus-Therian, M|35/100 par|[from]move: U-turn
|-damage|p1a: Landorus|23/100 par|[from] Stealth Rock
|-ability|p1a: Landorus|Intimidate|boost
|-unboost|p2a: Melmetal|atk|1
|move|p2a: Melmetal|Double Iron Bash|p1a: Landorus
|-damage|p1a: Landorus|0 fnt
|faint|p1a: Landorus
|-hitcount|p1: Landorus|1
|
|-heal|p2a: Melmetal|47/100|[from] item: Leftovers
|upkeep
|
|t:|1660249447
|switch|p1a: Heatran|Heatran, F|71/100
|-damage|p1a: Heatran|58/100|[from] Stealth Rock
|turn|20
|
|t:|1660249453
|move|p2a: Melmetal|Protect|p2a: Melmetal
|-singleturn|p2a: Melmetal|Protect
|move|p1a: Heatran|Magma Storm|p2a: Melmetal
|-activate|p2a: Melmetal|move: Protect
|
|-heal|p1a: Heatran|65/100|[from] item: Leftovers
|-heal|p2a: Melmetal|53/100|[from] item: Leftovers
|upkeep
|turn|21
|
|t:|1660249459
|switch|p2a: Urshifu|Urshifu-Rapid-Strike, F|100/100
|-damage|p2a: Urshifu|88/100|[from] Spikes
|move|p1a: Heatran|Magma Storm|p2a: Urshifu
|-resisted|p2a: Urshifu
|-damage|p2a: Urshifu|57/100
|-activate|p2a: Urshifu|move: Magma Storm|[of] p1a: Heatran
|
|-heal|p1a: Heatran|71/100|[from] item: Leftovers
|-damage|p2a: Urshifu|44/100|[from] move: Magma Storm|[partiallytrapped]
|upkeep
|turn|22
|
|t:|1660249465
|switch|p1a: Tornadus|Tornadus-Therian, M|99/100
|-damage|p1a: Tornadus|75/100|[from] Stealth Rock
|move|p2a: Urshifu|Surging Strikes|p1a: Tornadus
|-crit|p1a: Tornadus
|-damage|p1a: Tornadus|39/100
|-crit|p1a: Tornadus
|-damage|p1a: Tornadus|6/100
|-crit|p1a: Tornadus
|-damage|p1a: Tornadus|0 fnt
|faint|p1a: Tornadus
|-hitcount|p1: Tornadus|3
|
|-end|p2a: Urshifu|Magma Storm|[partiallytrapped]|[silent]
|upkeep
|
|t:|1660249469
|switch|p1a: Dragapult|Dragapult, F|100/100
|-damage|p1a: Dragapult|88/100|[from] Stealth Rock
|turn|23
|
|t:|1660249472
|switch|p2a: Landorus|Landorus-Therian, M, shiny|25/100
|-ability|p2a: Landorus|Intimidate|boost
|-unboost|p1a: Dragapult|atk|1
|move|p1a: Dragapult|Shadow Ball|p2a: Landorus
|-damage|p2a: Landorus|0 fnt
|faint|p2a: Landorus
|
|upkeep
|
|t:|1660249474
|switch|p2a: Tapu Lele|Tapu Lele, shiny|100/100
|-damage|p2a: Tapu Lele|88/100|[from] Spikes
|-fieldstart|move: Psychic Terrain|[from] ability: Psychic Surge|[of] p2a: Tapu Lele
|turn|24
|
|t:|1660249479
|switch|p1a: Heatran|Heatran, F|71/100
|-damage|p1a: Heatran|58/100|[from] Stealth Rock
|move|p2a: Tapu Lele|Psychic|p1a: Heatran
|-resisted|p1a: Heatran
|-damage|p1a: Heatran|39/100
|
|-heal|p1a: Heatran|46/100|[from] item: Leftovers
|upkeep
|turn|25
|j| lt92pf qrts
|l| Trannos
|
|t:|1660249490
|switch|p2a: Dragapult|Dragapult, M, shiny|100/100
|-damage|p2a: Dragapult|88/100|[from] Spikes
|move|p1a: Heatran|Earth Power|p2a: Dragapult
|-damage|p2a: Dragapult|54/100
|
|-heal|p1a: Heatran|52/100|[from] item: Leftovers
|upkeep
|turn|26
|
|t:|1660249493
|move|p2a: Dragapult|Shadow Ball|p1a: Heatran
|-damage|p1a: Heatran|17/100
|move|p1a: Heatran|Heavy Slam|p2a: Dragapult
|-damage|p2a: Dragapult|10/100
|
|-heal|p1a: Heatran|23/100|[from] item: Leftovers
|upkeep
|turn|27
|
|t:|1660249500
|move|p2a: Dragapult|Shadow Ball|p1a: Heatran
|-damage|p1a: Heatran|0 fnt
|faint|p1a: Heatran
|
|upkeep
|j| pepsi
|
|t:|1660249501
|switch|p1a: Dragapult|Dragapult, F|88/100
|-damage|p1a: Dragapult|76/100|[from] Stealth Rock
|turn|28
|
|t:|1660249504
|move|p1a: Dragapult|Shadow Ball|p2a: Dragapult
|-supereffective|p2a: Dragapult
|-damage|p2a: Dragapult|0 fnt
|faint|p2a: Dragapult
|
|-fieldend|move: Psychic Terrain
|upkeep
|
|t:|1660249506
|switch|p2a: Tapu Lele|Tapu Lele, shiny|88/100
|-damage|p2a: Tapu Lele|76/100|[from] Spikes
|-fieldstart|move: Psychic Terrain|[from] ability: Psychic Surge|[of] p2a: Tapu Lele
|turn|29
|
|t:|1660249509
|move|p2a: Tapu Lele|Moonblast|p1a: Dragapult
|-supereffective|p1a: Dragapult
|-damage|p1a: Dragapult|0 fnt
|faint|p1a: Dragapult
|
|upkeep
|
|t:|1660249511
|switch|p1a: Tapu Fini|Tapu Fini|100/100
|-damage|p1a: Tapu Fini|88/100|[from] Stealth Rock
|-fieldstart|move: Misty Terrain|[from] ability: Misty Surge|[of] p1a: Tapu Fini
|turn|30
|
|t:|1660249513
|switch|p2a: Melmetal|Melmetal, shiny|53/100
|-damage|p2a: Melmetal|41/100|[from] Spikes
|move|p1a: Tapu Fini|Calm Mind|p1a: Tapu Fini
|-boost|p1a: Tapu Fini|spa|1
|-boost|p1a: Tapu Fini|spd|1
|
|-heal|p1a: Tapu Fini|94/100|[from] item: Leftovers
|-heal|p2a: Melmetal|47/100|[from] item: Leftovers
|upkeep
|turn|31
|
|t:|1660249515
|move|p2a: Melmetal|Protect|p2a: Melmetal
|-singleturn|p2a: Melmetal|Protect
|move|p1a: Tapu Fini|Scald|p2a: Melmetal
|-activate|p2a: Melmetal|move: Protect
|
|-heal|p1a: Tapu Fini|100/100|[from] item: Leftovers
|-heal|p2a: Melmetal|53/100|[from] item: Leftovers
|upkeep
|turn|32
|
|t:|1660249517
|move|p1a: Tapu Fini|Scald|p2a: Melmetal
|-damage|p2a: Melmetal|16/100
|move|p2a: Melmetal|Double Iron Bash|p1a: Tapu Fini
|-damage|p1a: Tapu Fini|69/100
|-damage|p1a: Tapu Fini|39/100
|-hitcount|p1a: Tapu Fini|2
|
|-heal|p1a: Tapu Fini|45/100|[from] item: Leftovers
|-heal|p2a: Melmetal|22/100|[from] item: Leftovers
|upkeep
|turn|33
|
|t:|1660249520
|move|p1a: Tapu Fini|Scald|p2a: Melmetal
|-damage|p2a: Melmetal|0 fnt
|faint|p2a: Melmetal
|
|-heal|p1a: Tapu Fini|51/100|[from] item: Leftovers
|upkeep
|l| ojr
|
|t:|1660249543
|switch|p2a: Urshifu|Urshifu-Rapid-Strike, F|44/100
|-damage|p2a: Urshifu|32/100|[from] Spikes
|turn|34
|
|t:|1660249546
|move|p2a: Urshifu|Close Combat|p1a: Tapu Fini
|-resisted|p1a: Tapu Fini
|-crit|p1a: Tapu Fini
|-damage|p1a: Tapu Fini|3/100
|-unboost|p2a: Urshifu|def|1
|-unboost|p2a: Urshifu|spd|1
|move|p1a: Tapu Fini|Draining Kiss|p2a: Urshifu
|-supereffective|p2a: Urshifu
|-damage|p2a: Urshifu|0 fnt
|-heal|p1a: Tapu Fini|26/100|[from] drain|[of] p2a: Urshifu
|faint|p2a: Urshifu
|
|-heal|p1a: Tapu Fini|33/100|[from] item: Leftovers
|-fieldend|Misty Terrain
|upkeep
|
|t:|1660249548
|switch|p2a: Tapu Lele|Tapu Lele, shiny|76/100
|-damage|p2a: Tapu Lele|63/100|[from] Spikes
|-fieldstart|move: Psychic Terrain|[from] ability: Psychic Surge|[of] p2a: Tapu Lele
|turn|35
|
|t:|1660249551
|move|p2a: Tapu Lele|Thunderbolt|p1a: Tapu Fini
|-supereffective|p1a: Tapu Fini
|-damage|p1a: Tapu Fini|0 fnt
|faint|p1a: Tapu Fini
|
|win|LT92PF Raizen
|raw|kinetic chain's rating: 1937 &rarr; <strong>1917</strong><br />(-20 for losing)
|raw|LT92PF Raizen's rating: 1939 &rarr; <strong>1959</strong><br />(+20 for winning)
|l|‽kinetic chain
