|j|☆Gurtrant
|j|☆Stealthy Koala
|t:|1645663416
|gametype|singles
|player|p1|Gurtrant|veteran|1755
|player|p2|Stealthy Koala|blaine|1901
|teamsize|p1|6
|teamsize|p2|6
|gen|8
|tier|[Gen 8] OU
|rated|
|rule|Sleep Clause Mod: Limit one foe put to sleep
|rule|Species Clause: Limit one of each Pokémon
|rule|OHKO Clause: OHKO moves are banned
|rule|Evasion Moves Clause: Evasion moves are banned
|rule|Endless Battle Clause: Forcing endless battles is banned
|rule|HP Percentage Mod: HP is shown in percentages
|rule|Dynamax Clause: You cannot dynamax
|clearpoke
|poke|p1|Pelipper, F|
|poke|p1|Heliolisk, M|
|poke|p1|Seismitoad, F|
|poke|p1|Barraskewda, F|
|poke|p1|Ferrothorn, M|
|poke|p1|Zapdos|
|poke|p2|Garchomp, M|
|poke|p2|Ferrothorn, M|
|poke|p2|Clefable, M|
|poke|p2|Rotom-Wash|
|poke|p2|Tornadus-Therian, M|
|poke|p2|Weavile, M|
|teampreview
|inactive|Battle timer is ON: inactive players will automatically lose when time's up. (requested by Gurtrant)
|inactive|Stealthy Koala has 120 seconds left.
|
|t:|1645663459
|start
|switch|p1a: Pelipper|Pelipper, F|100/100
|switch|p2a: Idea 1|Garchomp, M|100/100
|-weather|RainDance|[from] ability: Drizzle|[of] p1a: Pelipper
|turn|1
|
|t:|1645663464
|move|p2a: Idea 1|Stealth Rock|p1a: Pelipper
|-sidestart|p1: Gurtrant|move: Stealth Rock
|move|p1a: Pelipper|Scald|p2a: Idea 1
|-damage|p2a: Idea 1|58/100
|
|-weather|RainDance|[upkeep]
|-heal|p2a: Idea 1|64/100|[from] item: Leftovers
|upkeep
|turn|2
|
|t:|1645663467
|move|p2a: Idea 1|Swords Dance|p2a: Idea 1
|-boost|p2a: Idea 1|atk|2
|move|p1a: Pelipper|Scald|p2a: Idea 1
|-damage|p2a: Idea 1|20/100
|
|-weather|RainDance|[upkeep]
|-heal|p2a: Idea 1|26/100|[from] item: Leftovers
|upkeep
|turn|3
|
|t:|1645663470
|move|p2a: Idea 1|Scale Shot|p1a: Pelipper
|-damage|p1a: Pelipper|81/100
|-damage|p1a: Pelipper|60/100
|-damage|p1a: Pelipper|40/100
|-hitcount|p1a: Pelipper|3
|-unboost|p2a: Idea 1|def|1
|-boost|p2a: Idea 1|spe|1
|move|p1a: Pelipper|Scald|p2a: Idea 1
|-damage|p2a: Idea 1|0 fnt
|faint|p2a: Idea 1
|
|-weather|RainDance|[upkeep]
|upkeep
|j| Jimmy Powka
|
|t:|1645663478
|switch|p2a: Idea 6|Weavile, M|100/100
|-ability|p2a: Idea 6|Pressure
|turn|4
|j| pleumboiboi
|
|t:|1645663486
|switch|p1a: Ferrothorn|Ferrothorn, M|100/100
|-damage|p1a: Ferrothorn|94/100|[from] Stealth Rock
|move|p2a: Idea 6|Knock Off|p1a: Ferrothorn
|-damage|p1a: Ferrothorn|36/100
|-damage|p2a: Idea 6|88/100|[from] ability: Iron Barbs|[of] p1a: Ferrothorn
|-enditem|p1a: Ferrothorn|Leftovers|[from] move: Knock Off|[of] p2a: Idea 6
|
|-weather|RainDance|[upkeep]
|upkeep
|turn|5
|
|t:|1645663491
|move|p2a: Idea 6|Knock Off|p1a: Ferrothorn
|-damage|p1a: Ferrothorn|0 fnt
|-damage|p2a: Idea 6|76/100|[from] ability: Iron Barbs|[of] p1a: Ferrothorn
|faint|p1a: Ferrothorn
|
|-weather|RainDance|[upkeep]
|upkeep
|
|t:|1645663502
|switch|p1a: Barraskewda|Barraskewda, F|100/100
|-damage|p1a: Barraskewda|88/100|[from] Stealth Rock
|turn|6
|
|t:|1645663511
|switch|p2a: Idea 2|Ferrothorn, M|100/100
|move|p1a: Barraskewda|Flip Turn|p2a: Idea 2
|-resisted|p2a: Idea 2
|-damage|p2a: Idea 2|80/100
|-damage|p1a: Barraskewda|76/100|[from] ability: Iron Barbs|[of] p2a: Idea 2
|inactive|Gurtrant has 120 seconds left.
|
|t:|1645663542
|switch|p1a: Heliolisk|Heliolisk, M, shiny|100/100|[from]move: Flip Turn
|-damage|p1a: Heliolisk|88/100|[from] Stealth Rock
|
|-weather|RainDance|[upkeep]
|-heal|p1a: Heliolisk|100/100|[from] ability: Dry Skin
|-heal|p2a: Idea 2|86/100|[from] item: Leftovers
|upkeep
|turn|7
|
|t:|1645663554
|move|p1a: Heliolisk|Focus Blast|p2a: Idea 2
|-supereffective|p2a: Idea 2
|-damage|p2a: Idea 2|4/100
|-damage|p1a: Heliolisk|91/100|[from] item: Life Orb
|move|p2a: Idea 2|Body Press|p1a: Heliolisk
|-supereffective|p1a: Heliolisk
|-damage|p1a: Heliolisk|0 fnt
|faint|p1a: Heliolisk
|
|-weather|RainDance|[upkeep]
|-heal|p2a: Idea 2|10/100|[from] item: Leftovers
|upkeep
|inactive|Gurtrant has 120 seconds left.
|
|t:|1645663580
|switch|p1a: Barraskewda|Barraskewda, F|76/100
|-damage|p1a: Barraskewda|64/100|[from] Stealth Rock
|turn|8
|
|t:|1645663586
|move|p1a: Barraskewda|Liquidation|p2a: Idea 2
|-resisted|p2a: Idea 2
|-damage|p2a: Idea 2|0 fnt
|-damage|p1a: Barraskewda|52/100|[from] ability: Iron Barbs|[of] p2a: Idea 2
|faint|p2a: Idea 2
|
|-weather|none
|upkeep
|
|t:|1645663594
|switch|p2a: Idea 3|Clefable, M|100/100
|turn|9
|inactive|Gurtrant has 120 seconds left.
|
|t:|1645663615
|move|p1a: Barraskewda|Liquidation|p2a: Idea 3
|-damage|p2a: Idea 3|45/100
|move|p2a: Idea 3|Moonblast|p1a: Barraskewda
|-damage|p1a: Barraskewda|0 fnt
|faint|p1a: Barraskewda
|
|upkeep
|
|t:|1645663620
|switch|p1a: Seismitoad|Seismitoad, F|100/100
|-damage|p1a: Seismitoad|94/100|[from] Stealth Rock
|turn|10
|
|t:|1645663624
|switch|p2a: Idea 5|Tornadus-Therian, M|100/100
|move|p1a: Seismitoad|Sludge Wave|p2a: Idea 5
|-damage|p2a: Idea 5|64/100
|-damage|p1a: Seismitoad|84/100|[from] item: Life Orb
|
|upkeep
|turn|11
|inactive|Gurtrant has 120 seconds left.
|
|t:|1645663660
|switch|p1a: Zapdos|Zapdos|100/100
|move|p2a: Idea 5|U-turn|p1a: Zapdos
|-resisted|p1a: Zapdos
|-damage|p1a: Zapdos|95/100
|-status|p2a: Idea 5|par|[from] ability: Static|[of] p1a: Zapdos
|
|t:|1645663664
|switch|p2a: Idea 6|Weavile, M|76/100|[from]move: U-turn
|-ability|p2a: Idea 6|Pressure
|
|upkeep
|turn|12
|
|t:|1645663672
|switch|p1a: Pelipper|Pelipper, F|40/100
|-damage|p1a: Pelipper|15/100|[from] Stealth Rock
|-weather|RainDance|[from] ability: Drizzle|[of] p1a: Pelipper
|move|p2a: Idea 6|Icicle Crash|p1a: Pelipper
|-damage|p1a: Pelipper|0 fnt
|faint|p1a: Pelipper
|
|-weather|RainDance|[upkeep]
|upkeep
|
|t:|1645663674
|switch|p1a: Seismitoad|Seismitoad, F|84/100
|-damage|p1a: Seismitoad|78/100|[from] Stealth Rock
|turn|13
|
|t:|1645663687
|switch|p2a: Idea 5|Tornadus-Therian, M|98/100 par
|move|p1a: Seismitoad|Weather Ball|p2a: Idea 5
|-damage|p2a: Idea 5|11/100 par
|-damage|p1a: Seismitoad|68/100|[from] item: Life Orb
|
|-weather|RainDance|[upkeep]
|upkeep
|turn|14
|inactive|Gurtrant has 120 seconds left.
|j| JamaicanRillabeezy
|
|t:|1645663710
|move|p1a: Seismitoad|Weather Ball|p2a: Idea 5
|-damage|p2a: Idea 5|0 fnt
|faint|p2a: Idea 5
|-damage|p1a: Seismitoad|58/100|[from] item: Life Orb
|
|-weather|RainDance|[upkeep]
|upkeep
|
|t:|1645663717
|switch|p2a: Idea 4|Rotom-Wash|100/100
|turn|15
|inactive|Gurtrant has 120 seconds left.
|
|t:|1645663731
|move|p1a: Seismitoad|Sludge Wave|p2a: Idea 4
|-damage|p2a: Idea 4|71/100
|-damage|p1a: Seismitoad|48/100|[from] item: Life Orb
|move|p2a: Idea 4|Hydro Pump|p1a: Seismitoad
|-damage|p1a: Seismitoad|0 fnt
|faint|p1a: Seismitoad
|
|-weather|RainDance|[upkeep]
|-heal|p2a: Idea 4|77/100|[from] item: Leftovers
|upkeep
|
|t:|1645663734
|switch|p1a: Zapdos|Zapdos|95/100
|turn|16
|
|t:|1645663736
|move|p1a: Zapdos|Thunder|p2a: Idea 4
|-damage|p2a: Idea 4|42/100
|move|p2a: Idea 4|Pain Split|p1a: Zapdos
|-sethp|p1a: Zapdos|64/100|[from] move: Pain Split|[silent]
|-sethp|p2a: Idea 4|81/100|[from] move: Pain Split
|
|-weather|RainDance|[upkeep]
|-heal|p2a: Idea 4|87/100|[from] item: Leftovers
|upkeep
|turn|17
|
|t:|1645663740
|move|p1a: Zapdos|Thunder|p2a: Idea 4
|-crit|p2a: Idea 4
|-damage|p2a: Idea 4|26/100
|move|p2a: Idea 4|Hydro Pump|p1a: Zapdos|[miss]
|-miss|p2a: Idea 4|p1a: Zapdos
|
|-weather|RainDance|[upkeep]
|-heal|p2a: Idea 4|32/100|[from] item: Leftovers
|upkeep
|turn|18
|
|t:|1645663743
|move|p1a: Zapdos|Thunder|p2a: Idea 4
|-damage|p2a: Idea 4|0 fnt
|faint|p2a: Idea 4
|
|-weather|RainDance|[upkeep]
|upkeep
|
|t:|1645663745
|switch|p2a: Idea 6|Weavile, M|76/100
|-ability|p2a: Idea 6|Pressure
|turn|19
|
|t:|1645663748
|move|p2a: Idea 6|Icicle Crash|p1a: Zapdos
|-supereffective|p1a: Zapdos
|-crit|p1a: Zapdos
|-damage|p1a: Zapdos|0 fnt
|faint|p1a: Zapdos
|
|win|Stealthy Koala
|raw|Gurtrant's rating: 1755 &rarr; <strong>1743</strong><br />(-12 for losing)
|raw|Stealthy Koala's rating: 1901 &rarr; <strong>1913</strong><br />(+12 for winning)
|l|☆Gurtrant
