|j|☆El Stefano
|j|☆orestaras
|t:|1652803419
|gametype|singles
|player|p1|El Stefano|2|1478
|player|p2|orestaras|1|1455
|teamsize|p1|6
|teamsize|p2|6
|gen|8
|tier|[Gen 8] OU
|rated|
|rule|Sleep Clause Mod: Limit one foe put to sleep
|rule|Species Clause: Limit one of each Pokémon
|rule|OHKO Clause: OHKO moves are banned
|rule|Evasion Moves Clause: Evasion moves are banned
|rule|Endless Battle Clause: Forcing endless battles is banned
|rule|HP Percentage Mod: HP is shown in percentages
|rule|Dynamax Clause: You cannot dynamax
|clearpoke
|poke|p1|Tapu Koko|
|poke|p1|Torkoal, F|
|poke|p1|Venusaur, F|
|poke|p1|Heatran, M|
|poke|p1|Rillaboom, M|
|poke|p1|Landorus-Therian, M|
|poke|p2|Urshifu-*, F|
|poke|p2|Pelipper, F|
|poke|p2|Ferrothorn, F|
|poke|p2|Barraskewda, F|
|poke|p2|Swampert, M|
|poke|p2|Zapdos|
|teampreview
|
|t:|1652803437
|start
|switch|p1a: Tapu Koko|Tapu Koko|100/100
|switch|p2a: Barraskewda|Barraskewda, F|100/100
|-fieldstart|move: Electric Terrain|[from] ability: Electric Surge|[of] p1a: Tapu Koko
|turn|1
|
|t:|1652803444
|switch|p2a: Ferrothorn|Ferrothorn, F|100/100
|move|p1a: Tapu Koko|U-turn|p2a: Ferrothorn
|-damage|p2a: Ferrothorn|91/100
|-damage|p1a: Tapu Koko|88/100|[from] ability: Iron Barbs|[of] p2a: Ferrothorn
|
|t:|1652803447
|switch|p1a: Torkoal|Torkoal, F|100/100|[from]move: U-turn
|-weather|SunnyDay|[from] ability: Drought|[of] p1a: Torkoal
|
|-weather|SunnyDay|[upkeep]
|-heal|p2a: Ferrothorn|97/100|[from] item: Leftovers
|upkeep
|turn|2
|
|t:|1652803451
|switch|p2a: Pelipper|Pelipper, F|100/100
|-weather|RainDance|[from] ability: Drizzle|[of] p2a: Pelipper
|move|p1a: Torkoal|Nature Power|p2a: Pelipper
|move|p1a: Torkoal|Thunderbolt|p2a: Pelipper|[from]move: Nature Power
|-supereffective|p2a: Pelipper
|-damage|p2a: Pelipper|0 fnt
|faint|p2a: Pelipper
|
|-weather|RainDance|[upkeep]
|upkeep
|
|t:|1652803457
|switch|p2a: Barraskewda|Barraskewda, F|100/100
|turn|3
|
|t:|1652803466
|switch|p1a: Rillaboom|Rillaboom, M|100/100
|-fieldstart|move: Grassy Terrain|[from] ability: Grassy Surge|[of] p1a: Rillaboom
|move|p2a: Barraskewda|Liquidation|p1a: Rillaboom
|-resisted|p1a: Rillaboom
|-damage|p1a: Rillaboom|44/100
|
|-weather|RainDance|[upkeep]
|-heal|p1a: Rillaboom|50/100|[from] Grassy Terrain
|upkeep
|turn|4
|
|t:|1652803473
|switch|p2a: Zapdos|Zapdos|100/100
|move|p1a: Rillaboom|Grassy Glide|p2a: Zapdos
|-resisted|p2a: Zapdos
|-damage|p2a: Zapdos|55/100
|
|-weather|RainDance|[upkeep]
|-heal|p1a: Rillaboom|57/100|[from] Grassy Terrain
|upkeep
|turn|5
|
|t:|1652803484
|switch|p1a: Torkoal|Torkoal, F|100/100
|-weather|SunnyDay|[from] ability: Drought|[of] p1a: Torkoal
|move|p2a: Zapdos|Hurricane|p1a: Torkoal|[miss]
|-miss|p2a: Zapdos|p1a: Torkoal
|
|-weather|SunnyDay|[upkeep]
|upkeep
|turn|6
|
|t:|1652803491
|switch|p2a: Swampert|Swampert, M|100/100
|switch|p1a: Tapu Koko|Tapu Koko|88/100
|-fieldstart|move: Electric Terrain|[from] ability: Electric Surge|[of] p1a: Tapu Koko
|
|-weather|SunnyDay|[upkeep]
|-heal|p1a: Tapu Koko|94/100|[from] item: Leftovers
|upkeep
|turn|7
|
|t:|1652803495
|move|p1a: Tapu Koko|U-turn|p2a: Swampert
|-damage|p2a: Swampert|85/100
|
|t:|1652803498
|switch|p1a: Venusaur|Venusaur, F|100/100|[from]move: U-turn
|move|p2a: Swampert|Earthquake|p1a: Venusaur
|-damage|p1a: Venusaur|48/100
|
|-weather|SunnyDay|[upkeep]
|-heal|p2a: Swampert|91/100|[from] item: Leftovers
|upkeep
|turn|8
|
|t:|1652803505
|move|p1a: Venusaur|Solar Beam||[still]
|-prepare|p1a: Venusaur|Solar Beam
|-anim|p1a: Venusaur|Solar Beam|p2a: Swampert
|-supereffective|p2a: Swampert
|-damage|p2a: Swampert|0 fnt
|faint|p2a: Swampert
|-damage|p1a: Venusaur|38/100|[from] item: Life Orb
|
|-weather|SunnyDay|[upkeep]
|upkeep
|
|t:|1652803514
|switch|p2a: Urshifu|Urshifu-Rapid-Strike, F|100/100
|turn|9
|
|t:|1652803516
|move|p1a: Venusaur|Solar Beam||[still]
|-prepare|p1a: Venusaur|Solar Beam
|-anim|p1a: Venusaur|Solar Beam|p2a: Urshifu
|-supereffective|p2a: Urshifu
|-damage|p2a: Urshifu|0 fnt
|faint|p2a: Urshifu
|-damage|p1a: Venusaur|28/100|[from] item: Life Orb
|
|-weather|SunnyDay|[upkeep]
|upkeep
|
|t:|1652803524
|switch|p2a: Barraskewda|Barraskewda, F|100/100
|turn|10
|
|t:|1652803530
|move|p1a: Venusaur|Solar Beam||[still]
|-prepare|p1a: Venusaur|Solar Beam
|-anim|p1a: Venusaur|Solar Beam|p2a: Barraskewda
|-supereffective|p2a: Barraskewda
|-damage|p2a: Barraskewda|0 fnt
|faint|p2a: Barraskewda
|-damage|p1a: Venusaur|18/100|[from] item: Life Orb
|
|-weather|SunnyDay|[upkeep]
|-fieldend|move: Electric Terrain
|upkeep
|-message|orestaras forfeited.
|
|win|El Stefano
|raw|El Stefano's rating: 1478 &rarr; <strong>1497</strong><br />(+19 for winning)
|raw|orestaras's rating: 1455 &rarr; <strong>1436</strong><br />(-19 for losing)
|l|☆orestaras
||Ladder isn't responding, score probably updated but might not have (Request timeout).
