|html|<div class="broadcast-blue"><strong>[Gen 8] OU is currently suspecting Melmetal! For information on how to participate check out the <a href="https://www.smogon.com/forums/threads/np-ss-ou-suspect-process-round-12-monster-mash.3709234/">suspect thread</a>.</strong></div>
|j|☆soap776
|j|☆minimax_ai
|t:|1666311918
|gametype|singles
|player|p1|soap776|2|1615
|player|p2|minimax_ai|lusamine-nihilego|1596
|teamsize|p1|6
|teamsize|p2|6
|gen|8
|tier|[Gen 8] OU
|rated|
|rule|Sleep Clause Mod: Limit one foe put to sleep
|rule|Species Clause: Limit one of each Pokémon
|rule|OHKO Clause: OHKO moves are banned
|rule|Evasion Items Clause: Evasion items are banned
|rule|Evasion Moves Clause: Evasion moves are banned
|rule|Endless Battle Clause: Forcing endless battles is banned
|rule|HP Percentage Mod: HP is shown in percentages
|rule|Dynamax Clause: You cannot dynamax
|clearpoke
|poke|p1|Garchomp, M|
|poke|p1|Corviknight, M|
|poke|p1|Kommo-o, M|
|poke|p1|Heatran, M|
|poke|p1|Slowking-Galar, F|
|poke|p1|Weavile, M|
|poke|p2|Rotom-Wash|
|poke|p2|Weavile, F|
|poke|p2|Landorus-Therian, M|
|poke|p2|Heatran, M|
|poke|p2|Tangrowth, M|
|poke|p2|Melmetal|
|teampreview
|c|☆minimax_ai|hf
|inactive|Battle timer is ON: inactive players will automatically lose when time's up. (requested by minimax_ai)
|inactive|soap776 also wants the timer to be on.
|c|☆soap776|u2
|
|t:|1666311932
|start
|switch|p1a: Slowking|Slowking-Galar, F|100/100
|switch|p2a: Melmetal|Melmetal|100/100
|turn|1
|
|t:|1666311935
|move|p2a: Melmetal|Double Iron Bash|p1a: Slowking
|-damage|p1a: Slowking|55/100
|-damage|p1a: Slowking|15/100
|-hitcount|p1a: Slowking|2
|move|p1a: Slowking|Flamethrower|p2a: Melmetal
|-supereffective|p2a: Melmetal
|-damage|p2a: Melmetal|71/100
|
|upkeep
|turn|2
|
|t:|1666311941
|switch|p1a: Corviknight|Corviknight, M|100/100
|-ability|p1a: Corviknight|Pressure
|move|p2a: Melmetal|Ice Punch|p1a: Corviknight
|-damage|p1a: Corviknight|80/100
|-damage|p2a: Melmetal|54/100|[from] item: Rocky Helmet|[of] p1a: Corviknight
|
|upkeep
|turn|3
|
|t:|1666311943
|switch|p2a: rotomwash|Rotom-Wash|100/100
|move|p1a: Corviknight|U-turn|p2a: rotomwash
|-damage|p2a: rotomwash|85/100
|
|t:|1666311948
|switch|p1a: Slowking|Slowking-Galar, F|48/100|[from]move: U-turn
|
|-heal|p2a: rotomwash|92/100|[from] item: Leftovers
|upkeep
|turn|4
|
|t:|1666311949
|move|p2a: rotomwash|Nasty Plot|p2a: rotomwash
|-boost|p2a: rotomwash|spa|2
|move|p1a: Slowking|Sludge Bomb|p2a: rotomwash
|-damage|p2a: rotomwash|46/100
|
|-heal|p2a: rotomwash|52/100|[from] item: Leftovers
|upkeep
|turn|5
|inactive|soap776 has 120 seconds left.
|inactive|soap776 has 90 seconds left.
|
|t:|1666312027
|switch|p1a: Kommo-o|Kommo-o, M|100/100
|move|p2a: rotomwash|Thunderbolt|p1a: Kommo-o
|-resisted|p1a: Kommo-o
|-damage|p1a: Kommo-o|64/100
|
|-heal|p2a: rotomwash|58/100|[from] item: Leftovers
|upkeep
|turn|6
|
|t:|1666312035
|move|p1a: Kommo-o|Clanging Scales|p2a: rotomwash
|-damage|p2a: rotomwash|3/100
|-unboost|p1a: Kommo-o|def|1
|-enditem|p1a: Kommo-o|Throat Spray
|-boost|p1a: Kommo-o|spa|1|[from] item: Throat Spray
|move|p2a: rotomwash|Thunderbolt|p1a: Kommo-o
|-resisted|p1a: Kommo-o
|-crit|p1a: Kommo-o
|-damage|p1a: Kommo-o|5/100
|
|-heal|p2a: rotomwash|9/100|[from] item: Leftovers
|upkeep
|turn|7
|
|t:|1666312040
|move|p1a: Kommo-o|Boomburst|p2a: rotomwash
|-damage|p2a: rotomwash|0 fnt
|faint|p2a: rotomwash
|
|upkeep
|
|t:|1666312040
|switch|p2a: Weavile|Weavile, F|100/100
|-ability|p2a: Weavile|Pressure
|turn|8
|j| Yo Momma Plug
|l| Yo Momma Plug
|
|t:|1666312055
|move|p2a: Weavile|Triple Axel|p1a: Kommo-o
|-supereffective|p1a: Kommo-o
|-damage|p1a: Kommo-o|0 fnt
|faint|p1a: Kommo-o
|-hitcount|p1: Kommo-o|1
|
|upkeep
|
|t:|1666312060
|switch|p1a: Corviknight|Corviknight, M|80/100
|-ability|p1a: Corviknight|Pressure
|turn|9
|
|t:|1666312061
|switch|p2a: Tangrowth|Tangrowth, M|100/100
|move|p1a: Corviknight|U-turn|p2a: Tangrowth
|-supereffective|p2a: Tangrowth
|-damage|p2a: Tangrowth|86/100
|-damage|p1a: Corviknight|63/100|[from] item: Rocky Helmet|[of] p2a: Tangrowth
|
|t:|1666312064
|switch|p1a: Heatran|Heatran, M|100/100|[from]move: U-turn
|-item|p1a: Heatran|Air Balloon
|
|upkeep
|turn|10
|
|t:|1666312068
|switch|p2a: Heatran|Heatran, M|100/100
|-item|p2a: Heatran|Air Balloon
|move|p1a: Heatran|Eruption|p2a: Heatran
|-start|p2a: Heatran|ability: Flash Fire
|
|upkeep
|turn|11
|
|t:|1666312070
|move|p2a: Heatran|Stealth Rock|p1a: Heatran
|-sidestart|p1: soap776|move: Stealth Rock
|move|p1a: Heatran|Stealth Rock|p2a: Heatran
|-sidestart|p2: minimax_ai|move: Stealth Rock
|
|upkeep
|turn|12
|j| Yo Momma Plug
|
|t:|1666312072
|move|p2a: Heatran|Eruption|p1a: Heatran
|-start|p1a: Heatran|ability: Flash Fire
|move|p1a: Heatran|Eruption|p2a: Heatran
|-immune|p2a: Heatran|[from] ability: Flash Fire
|
|upkeep
|turn|13
|
|t:|1666312074
|move|p2a: Heatran|Eruption|p1a: Heatran
|-immune|p1a: Heatran|[from] ability: Flash Fire
|move|p1a: Heatran|Earth Power|p2a: Heatran
|-immune|p2a: Heatran
|
|upkeep
|turn|14
|
|t:|1666312077
|move|p2a: Heatran|Eruption|p1a: Heatran
|-immune|p1a: Heatran|[from] ability: Flash Fire
|move|p1a: Heatran|Earth Power|p2a: Heatran
|-immune|p2a: Heatran
|
|upkeep
|turn|15
|
|t:|1666312079
|move|p2a: Heatran|Eruption|p1a: Heatran
|-immune|p1a: Heatran|[from] ability: Flash Fire
|move|p1a: Heatran|Magma Storm|p2a: Heatran
|-immune|p2a: Heatran|[from] ability: Flash Fire
|
|upkeep
|turn|16
|
|t:|1666312081
|move|p2a: Heatran|Eruption|p1a: Heatran
|-immune|p1a: Heatran|[from] ability: Flash Fire
|move|p1a: Heatran|Eruption|p2a: Heatran
|-immune|p2a: Heatran|[from] ability: Flash Fire
|
|upkeep
|turn|17
|
|t:|1666312084
|move|p2a: Heatran|Eruption|p1a: Heatran
|-immune|p1a: Heatran|[from] ability: Flash Fire
|move|p1a: Heatran|Magma Storm|p2a: Heatran
|-immune|p2a: Heatran|[from] ability: Flash Fire
|
|upkeep
|turn|18
|
|t:|1666312086
|move|p2a: Heatran|Eruption|p1a: Heatran
|-immune|p1a: Heatran|[from] ability: Flash Fire
|move|p1a: Heatran|Magma Storm|p2a: Heatran
|-immune|p2a: Heatran|[from] ability: Flash Fire
|
|upkeep
|turn|19
|
|t:|1666312089
|move|p2a: Heatran|Eruption|p1a: Heatran
|-immune|p1a: Heatran|[from] ability: Flash Fire
|move|p1a: Heatran|Magma Storm|p2a: Heatran
|-immune|p2a: Heatran|[from] ability: Flash Fire
|
|upkeep
|turn|20
|
|t:|1666312090
|move|p2a: Heatran|Magma Storm|p1a: Heatran
|-immune|p1a: Heatran|[from] ability: Flash Fire
|move|p1a: Heatran|Eruption|p2a: Heatran
|-immune|p2a: Heatran|[from] ability: Flash Fire
|
|upkeep
|turn|21
|
|t:|1666312092
|move|p2a: Heatran|Magma Storm|p1a: Heatran
|-immune|p1a: Heatran|[from] ability: Flash Fire
|move|p1a: Heatran|Magma Storm|p2a: Heatran
|-immune|p2a: Heatran|[from] ability: Flash Fire
|
|upkeep
|turn|22
|
|t:|1666312094
|move|p2a: Heatran|Magma Storm|p1a: Heatran
|-immune|p1a: Heatran|[from] ability: Flash Fire
|move|p1a: Heatran|Earth Power|p2a: Heatran
|-immune|p2a: Heatran
|
|upkeep
|turn|23
|
|t:|1666312095
|move|p2a: Heatran|Magma Storm|p1a: Heatran
|-immune|p1a: Heatran|[from] ability: Flash Fire
|move|p1a: Heatran|Earth Power|p2a: Heatran
|-immune|p2a: Heatran
|
|upkeep
|turn|24
|
|t:|1666312096
|move|p2a: Heatran|Magma Storm|p1a: Heatran
|-immune|p1a: Heatran|[from] ability: Flash Fire
|move|p1a: Heatran|Magma Storm|p2a: Heatran
|-immune|p2a: Heatran|[from] ability: Flash Fire
|
|upkeep
|turn|25
|
|t:|1666312097
|move|p2a: Heatran|Magma Storm|p1a: Heatran
|-immune|p1a: Heatran|[from] ability: Flash Fire
|move|p1a: Heatran|Earth Power|p2a: Heatran
|-immune|p2a: Heatran
|
|upkeep
|turn|26
|
|t:|1666312098
|move|p2a: Heatran|Magma Storm|p1a: Heatran
|-immune|p1a: Heatran|[from] ability: Flash Fire
|move|p1a: Heatran|Magma Storm|p2a: Heatran
|-immune|p2a: Heatran|[from] ability: Flash Fire
|
|upkeep
|turn|27
|
|t:|1666312101
|move|p2a: Heatran|Magma Storm|p1a: Heatran
|-immune|p1a: Heatran|[from] ability: Flash Fire
|move|p1a: Heatran|Earth Power|p2a: Heatran
|-immune|p2a: Heatran
|
|upkeep
|turn|28
|
|t:|1666312103
|move|p2a: Heatran|Earth Power|p1a: Heatran
|-immune|p1a: Heatran
|move|p1a: Heatran|Earth Power|p2a: Heatran
|-immune|p2a: Heatran
|
|upkeep
|turn|29
|
|t:|1666312105
|move|p2a: Heatran|Earth Power|p1a: Heatran
|-immune|p1a: Heatran
|move|p1a: Heatran|Eruption|p2a: Heatran
|-immune|p2a: Heatran|[from] ability: Flash Fire
|
|upkeep
|turn|30
|
|t:|1666312106
|move|p2a: Heatran|Earth Power|p1a: Heatran
|-immune|p1a: Heatran
|move|p1a: Heatran|Earth Power|p2a: Heatran
|-immune|p2a: Heatran
|
|upkeep
|turn|31
|
|t:|1666312107
|move|p2a: Heatran|Earth Power|p1a: Heatran
|-immune|p1a: Heatran
|move|p1a: Heatran|Earth Power|p2a: Heatran
|-immune|p2a: Heatran
|
|upkeep
|turn|32
|
|t:|1666312109
|move|p2a: Heatran|Earth Power|p1a: Heatran
|-immune|p1a: Heatran
|move|p1a: Heatran|Earth Power|p2a: Heatran
|-immune|p2a: Heatran
|
|upkeep
|turn|33
|
|t:|1666312109
|move|p2a: Heatran|Earth Power|p1a: Heatran
|-immune|p1a: Heatran
|move|p1a: Heatran|Earth Power|p2a: Heatran
|-immune|p2a: Heatran
|
|upkeep
|turn|34
|
|t:|1666312110
|move|p2a: Heatran|Earth Power|p1a: Heatran
|-immune|p1a: Heatran
|move|p1a: Heatran|Earth Power|p2a: Heatran
|-immune|p2a: Heatran
|
|upkeep
|turn|35
|
|t:|1666312111
|move|p2a: Heatran|Earth Power|p1a: Heatran
|-immune|p1a: Heatran
|move|p1a: Heatran|Eruption|p2a: Heatran
|-immune|p2a: Heatran|[from] ability: Flash Fire
|
|upkeep
|turn|36
|
|t:|1666312112
|move|p2a: Heatran|Earth Power|p1a: Heatran
|-immune|p1a: Heatran
|move|p1a: Heatran|Earth Power|p2a: Heatran
|-immune|p2a: Heatran
|
|upkeep
|turn|37
|
|t:|1666312113
|move|p2a: Heatran|Earth Power|p1a: Heatran
|-immune|p1a: Heatran
|move|p1a: Heatran|Earth Power|p2a: Heatran
|-immune|p2a: Heatran
|
|upkeep
|turn|38
|
|t:|1666312114
|move|p2a: Heatran|Earth Power|p1a: Heatran
|-immune|p1a: Heatran
|move|p1a: Heatran|Earth Power|p2a: Heatran
|-immune|p2a: Heatran
|
|upkeep
|turn|39
|
|t:|1666312116
|move|p2a: Heatran|Earth Power|p1a: Heatran
|-immune|p1a: Heatran
|move|p1a: Heatran|Earth Power|p2a: Heatran
|-immune|p2a: Heatran
|
|upkeep
|turn|40
|
|t:|1666312118
|move|p2a: Heatran|Earth Power|p1a: Heatran
|-immune|p1a: Heatran
|move|p1a: Heatran|Magma Storm|p2a: Heatran
|-immune|p2a: Heatran|[from] ability: Flash Fire
|
|upkeep
|turn|41
|
|t:|1666312119
|move|p2a: Heatran|Earth Power|p1a: Heatran
|-immune|p1a: Heatran
|move|p1a: Heatran|Stealth Rock||[still]
|-fail|p1a: Heatran
|
|upkeep
|turn|42
|
|t:|1666312121
|move|p2a: Heatran|Earth Power|p1a: Heatran
|-immune|p1a: Heatran
|move|p1a: Heatran|Stealth Rock||[still]
|-fail|p1a: Heatran
|
|upkeep
|turn|43
|
|t:|1666312126
|move|p2a: Heatran|Earth Power|p1a: Heatran
|-immune|p1a: Heatran
|move|p1a: Heatran|Stealth Rock||[still]
|-fail|p1a: Heatran
|
|upkeep
|turn|44
|
|t:|1666312128
|move|p2a: Heatran|Stealth Rock||[still]
|-fail|p2a: Heatran
|move|p1a: Heatran|Stealth Rock||[still]
|-fail|p1a: Heatran
|
|upkeep
|turn|45
|
|t:|1666312129
|move|p2a: Heatran|Stealth Rock||[still]
|-fail|p2a: Heatran
|move|p1a: Heatran|Stealth Rock||[still]
|-fail|p1a: Heatran
|
|upkeep
|turn|46
|
|t:|1666312130
|move|p2a: Heatran|Stealth Rock||[still]
|-fail|p2a: Heatran
|move|p1a: Heatran|Stealth Rock||[still]
|-fail|p1a: Heatran
|
|upkeep
|turn|47
|l| Yo Momma Plug
|
|t:|1666312131
|move|p2a: Heatran|Stealth Rock||[still]
|-fail|p2a: Heatran
|move|p1a: Heatran|Stealth Rock||[still]
|-fail|p1a: Heatran
|
|upkeep
|turn|48
|
|t:|1666312133
|move|p2a: Heatran|Stealth Rock||[still]
|-fail|p2a: Heatran
|move|p1a: Heatran|Stealth Rock||[still]
|-fail|p1a: Heatran
|
|upkeep
|turn|49
|
|t:|1666312135
|move|p2a: Heatran|Stealth Rock||[still]
|-fail|p2a: Heatran
|move|p1a: Heatran|Stealth Rock||[still]
|-fail|p1a: Heatran
|
|upkeep
|turn|50
|
|t:|1666312137
|move|p2a: Heatran|Stealth Rock||[still]
|-fail|p2a: Heatran
|move|p1a: Heatran|Stealth Rock||[still]
|-fail|p1a: Heatran
|
|upkeep
|turn|51
|
|t:|1666312139
|move|p2a: Heatran|Stealth Rock||[still]
|-fail|p2a: Heatran
|move|p1a: Heatran|Stealth Rock||[still]
|-fail|p1a: Heatran
|
|upkeep
|turn|52
|
|t:|1666312141
|move|p2a: Heatran|Stealth Rock||[still]
|-fail|p2a: Heatran
|move|p1a: Heatran|Stealth Rock||[still]
|-fail|p1a: Heatran
|
|upkeep
|turn|53
|
|t:|1666312143
|move|p2a: Heatran|Stealth Rock||[still]
|-fail|p2a: Heatran
|move|p1a: Heatran|Stealth Rock||[still]
|-fail|p1a: Heatran
|
|upkeep
|turn|54
|
|t:|1666312144
|move|p2a: Heatran|Stealth Rock||[still]
|-fail|p2a: Heatran
|move|p1a: Heatran|Stealth Rock||[still]
|-fail|p1a: Heatran
|
|upkeep
|turn|55
|
|t:|1666312145
|move|p2a: Heatran|Stealth Rock||[still]
|-fail|p2a: Heatran
|move|p1a: Heatran|Stealth Rock||[still]
|-fail|p1a: Heatran
|
|upkeep
|turn|56
|
|t:|1666312146
|move|p2a: Heatran|Stealth Rock||[still]
|-fail|p2a: Heatran
|move|p1a: Heatran|Stealth Rock||[still]
|-fail|p1a: Heatran
|
|upkeep
|turn|57
|
|t:|1666312148
|move|p2a: Heatran|Stealth Rock||[still]
|-fail|p2a: Heatran
|move|p1a: Heatran|Stealth Rock||[still]
|-fail|p1a: Heatran
|
|upkeep
|turn|58
|
|t:|1666312149
|move|p2a: Heatran|Stealth Rock||[still]
|-fail|p2a: Heatran
|move|p1a: Heatran|Stealth Rock||[still]
|-fail|p1a: Heatran
|
|upkeep
|turn|59
|
|t:|1666312157
|-end|p1a: Heatran|ability: Flash Fire|[silent]
|switch|p1a: Weavile|Weavile, M|100/100
|-damage|p1a: Weavile|76/100|[from] Stealth Rock
|-ability|p1a: Weavile|Pressure
|move|p2a: Heatran|Stealth Rock||[still]
|-fail|p2a: Heatran
|
|upkeep
|turn|60
|
|t:|1666312167
|-end|p2a: Heatran|ability: Flash Fire|[silent]
|switch|p2a: Melmetal|Melmetal|54/100
|-damage|p2a: Melmetal|48/100|[from] Stealth Rock
|move|p1a: Weavile|Knock Off|p2a: Melmetal
|-damage|p2a: Melmetal|3/100
|-enditem|p2a: Melmetal|Assault Vest|[from] move: Knock Off|[of] p1a: Weavile
|
|upkeep
|turn|61
|
|t:|1666312170
|switch|p2a: Tangrowth|Tangrowth, M|100/100
|-damage|p2a: Tangrowth|88/100|[from] Stealth Rock
|move|p1a: Weavile|Knock Off|p2a: Tangrowth
|-damage|p2a: Tangrowth|45/100
|-damage|p1a: Weavile|59/100|[from] item: Rocky Helmet|[of] p2a: Tangrowth
|-enditem|p2a: Tangrowth|Rocky Helmet|[from] move: Knock Off|[of] p1a: Weavile
|
|upkeep
|turn|62
|
|t:|1666312178
|switch|p1a: Slowking|Slowking-Galar, F|82/100
|-damage|p1a: Slowking|69/100|[from] Stealth Rock
|move|p2a: Tangrowth|Focus Blast|p1a: Slowking
|-resisted|p1a: Slowking
|-damage|p1a: Slowking|66/100
|
|upkeep
|turn|63
|
|t:|1666312186
|move|p2a: Tangrowth|Sleep Powder|p1a: Slowking
|-status|p1a: Slowking|slp|[from] move: Sleep Powder
|cant|p1a: Slowking|slp
|
|upkeep
|turn|64
|
|t:|1666312188
|move|p2a: Tangrowth|Giga Drain|p1a: Slowking
|-resisted|p1a: Slowking
|-damage|p1a: Slowking|59/100 slp
|-heal|p2a: Tangrowth|49/100|[from] drain|[of] p1a: Slowking
|-curestatus|p1a: Slowking|slp|[msg]
|move|p1a: Slowking|Sludge Bomb|p2a: Tangrowth
|-supereffective|p2a: Tangrowth
|-damage|p2a: Tangrowth|0 fnt
|faint|p2a: Tangrowth
|
|upkeep
|
|t:|1666312188
|switch|p2a: Weavile|Weavile, F|100/100
|-damage|p2a: Weavile|76/100|[from] Stealth Rock
|-ability|p2a: Weavile|Pressure
|turn|65
|inactive|soap776 has 120 seconds left.
|
|t:|1666312224
|move|p2a: Weavile|Knock Off|p1a: Slowking
|-supereffective|p1a: Slowking
|-damage|p1a: Slowking|0 fnt
|-enditem|p1a: Slowking|Assault Vest|[from] move: Knock Off|[of] p2a: Weavile
|faint|p1a: Slowking
|
|upkeep
|
|t:|1666312227
|switch|p1a: Corviknight|Corviknight, M|63/100
|-damage|p1a: Corviknight|51/100|[from] Stealth Rock
|-ability|p1a: Corviknight|Pressure
|turn|66
|
|t:|1666312230
|switch|p2a: landorustherian|Landorus-Therian, M|100/100
|-damage|p2a: landorustherian|88/100|[from] Stealth Rock
|-ability|p2a: landorustherian|Intimidate|boost
|-unboost|p1a: Corviknight|atk|1
|move|p1a: Corviknight|Roost|p1a: Corviknight
|-heal|p1a: Corviknight|100/100
|-singleturn|p1a: Corviknight|move: Roost
|
|-heal|p2a: landorustherian|94/100|[from] item: Leftovers
|upkeep
|turn|67
|
|t:|1666312233
|move|p2a: landorustherian|Earthquake|p1a: Corviknight
|-immune|p1a: Corviknight
|move|p1a: Corviknight|U-turn|p2a: landorustherian
|-resisted|p2a: landorustherian
|-damage|p2a: landorustherian|90/100
|
|t:|1666312241
|switch|p1a: Weavile|Weavile, M|59/100|[from]move: U-turn
|-damage|p1a: Weavile|34/100|[from] Stealth Rock
|-ability|p1a: Weavile|Pressure
|
|-heal|p2a: landorustherian|96/100|[from] item: Leftovers
|upkeep
|turn|68
|
|t:|1666312242
|switch|p2a: Melmetal|Melmetal|3/100
|-damage|p2a: Melmetal|0 fnt|[from] Stealth Rock
|faint|p2a: Melmetal
|move|p1a: Weavile|Triple Axel|p2: Melmetal|[notarget]
|-fail|p1a: Weavile
|
|upkeep
|
|t:|1666312242
|switch|p2a: Heatran|Heatran, M|100/100
|-damage|p2a: Heatran|88/100|[from] Stealth Rock
|-item|p2a: Heatran|Air Balloon
|turn|69
|
|t:|1666312247
|move|p1a: Weavile|Triple Axel|p2a: Heatran
|-resisted|p2a: Heatran
|-damage|p2a: Heatran|84/100
|-enditem|p2a: Heatran|Air Balloon
|-resisted|p2a: Heatran
|-damage|p2a: Heatran|77/100
|-hitcount|p2a: Heatran|2
|move|p2a: Heatran|Stealth Rock||[still]
|-fail|p2a: Heatran
|
|upkeep
|turn|70
|
|t:|1666312248
|move|p1a: Weavile|Triple Axel|p2a: Heatran
|-resisted|p2a: Heatran
|-damage|p2a: Heatran|73/100
|-resisted|p2a: Heatran
|-damage|p2a: Heatran|65/100
|-resisted|p2a: Heatran
|-damage|p2a: Heatran|53/100
|-hitcount|p2a: Heatran|3
|move|p2a: Heatran|Stealth Rock||[still]
|-fail|p2a: Heatran
|
|upkeep
|turn|71
|
|t:|1666312250
|move|p1a: Weavile|Triple Axel|p2a: Heatran
|-resisted|p2a: Heatran
|-damage|p2a: Heatran|48/100
|-resisted|p2a: Heatran
|-damage|p2a: Heatran|41/100
|-resisted|p2a: Heatran
|-damage|p2a: Heatran|28/100
|-hitcount|p2a: Heatran|3
|move|p2a: Heatran|Stealth Rock||[still]
|-fail|p2a: Heatran
|
|upkeep
|turn|72
|
|t:|1666312251
|move|p1a: Weavile|Triple Axel|p2a: Heatran
|-resisted|p2a: Heatran
|-damage|p2a: Heatran|25/100
|-resisted|p2a: Heatran
|-damage|p2a: Heatran|16/100
|-resisted|p2a: Heatran
|-damage|p2a: Heatran|5/100
|-hitcount|p2a: Heatran|3
|move|p2a: Heatran|Stealth Rock||[still]
|-fail|p2a: Heatran
|
|upkeep
|turn|73
|
|t:|1666312252
|move|p1a: Weavile|Triple Axel|p2a: Heatran
|-resisted|p2a: Heatran
|-damage|p2a: Heatran|1/100
|-resisted|p2a: Heatran
|-damage|p2a: Heatran|0 fnt
|faint|p2a: Heatran
|-hitcount|p2: Heatran|2
|
|upkeep
|
|t:|1666312252
|switch|p2a: landorustherian|Landorus-Therian, M|96/100
|-damage|p2a: landorustherian|84/100|[from] Stealth Rock
|-ability|p2a: landorustherian|Intimidate|boost
|-unboost|p1a: Weavile|atk|1
|turn|74
|
|t:|1666312255
|switch|p2a: Weavile|Weavile, F|76/100
|-damage|p2a: Weavile|51/100|[from] Stealth Rock
|-ability|p2a: Weavile|Pressure
|move|p1a: Weavile|Triple Axel|p2a: Weavile
|-resisted|p2a: Weavile
|-crit|p2a: Weavile
|-damage|p2a: Weavile|30/100
|-resisted|p2a: Weavile
|-damage|p2a: Weavile|11/100
|-resisted|p2a: Weavile
|-crit|p2a: Weavile
|-damage|p2a: Weavile|0 fnt
|faint|p2a: Weavile
|-hitcount|p2: Weavile|3
|
|upkeep
|
|t:|1666312255
|switch|p2a: landorustherian|Landorus-Therian, M|84/100
|-damage|p2a: landorustherian|71/100|[from] Stealth Rock
|-ability|p2a: landorustherian|Intimidate|boost
|-unboost|p1a: Weavile|atk|1
|turn|75
|
|t:|1666312259
|move|p1a: Weavile|Triple Axel|p2a: landorustherian
|-supereffective|p2a: landorustherian
|-damage|p2a: landorustherian|40/100
|-supereffective|p2a: landorustherian
|-damage|p2a: landorustherian|0 fnt
|faint|p2a: landorustherian
|-hitcount|p2: landorustherian|2
|
|win|soap776
|raw|soap776's rating: 1615 &rarr; <strong>1634</strong><br />(+19 for winning)
|raw|minimax_ai's rating: 1596 &rarr; <strong>1577</strong><br />(-19 for losing)
|c|☆minimax_ai|gg
