|j|☆SuperTheoryBros
|j|☆Idekwtdwmn
|t:|1652993522
|gametype|singles
|player|p1|SuperTheoryBros|101|1749
|player|p2|Idekwtdwmn|lucian|1784
|teamsize|p1|6
|teamsize|p2|6
|gen|8
|tier|[Gen 8] OU
|rated|
|rule|Sleep Clause Mod: Limit one foe put to sleep
|rule|Species Clause: Limit one of each Pokémon
|rule|OHKO Clause: OHKO moves are banned
|rule|Evasion Moves Clause: Evasion moves are banned
|rule|Endless Battle Clause: Forcing endless battles is banned
|rule|HP Percentage Mod: HP is shown in percentages
|rule|Dynamax Clause: You cannot dynamax
|clearpoke
|poke|p1|Torkoal, M|
|poke|p1|Heatran, M|
|poke|p1|Tapu Koko|
|poke|p1|Venusaur, M|
|poke|p1|Garchomp, M|
|poke|p1|Moltres-Galar|
|poke|p2|Suicune|
|poke|p2|Corviknight, M|
|poke|p2|Rillaboom, M|
|poke|p2|Heatran, M|
|poke|p2|Swampert, F|
|poke|p2|Tapu Fini|
|teampreview
|
|t:|1652993535
|start
|switch|p1a: Torkoal|Torkoal, M, shiny|100/100
|switch|p2a: Swampert|Swampert, F|100/100
|-weather|SunnyDay|[from] ability: Drought|[of] p1a: Torkoal
|turn|1
|
|t:|1652993546
|move|p2a: Swampert|Stealth Rock|p1a: Torkoal
|-sidestart|p1: SuperTheoryBros|move: Stealth Rock
|move|p1a: Torkoal|Stealth Rock|p2a: Swampert
|-sidestart|p2: Idekwtdwmn|move: Stealth Rock
|
|-weather|SunnyDay|[upkeep]
|upkeep
|turn|2
|
|t:|1652993570
|move|p2a: Swampert|Earth Power|p1a: Torkoal
|-supereffective|p1a: Torkoal
|-damage|p1a: Torkoal|32/100
|-unboost|p1a: Torkoal|spd|1
|move|p1a: Torkoal|Rapid Spin|p2a: Swampert
|-damage|p2a: Swampert|92/100
|-boost|p1a: Torkoal|spe|1
|-sideend|p1: SuperTheoryBros|Stealth Rock|[from] move: Rapid Spin|[of] p1a: Torkoal
|
|-weather|SunnyDay|[upkeep]
|-heal|p2a: Swampert|98/100|[from] item: Leftovers
|upkeep
|turn|3
|
|t:|1652993585
|switch|p1a: Venusaur|Venusaur, M|100/100
|move|p2a: Swampert|Stealth Rock|p1a: Venusaur
|-sidestart|p1: SuperTheoryBros|move: Stealth Rock
|
|-weather|SunnyDay|[upkeep]
|-heal|p2a: Swampert|100/100|[from] item: Leftovers
|upkeep
|turn|4
|
|t:|1652993597
|switch|p2a: Heatran|Heatran, M|100/100
|-damage|p2a: Heatran|88/100|[from] Stealth Rock
|move|p1a: Venusaur|Giga Drain|p2a: Heatran
|-resisted|p2a: Heatran
|-damage|p2a: Heatran|80/100
|-damage|p1a: Venusaur|91/100|[from] item: Life Orb
|
|-weather|SunnyDay|[upkeep]
|-heal|p2a: Heatran|86/100|[from] item: Leftovers
|upkeep
|turn|5
|j| scxadz
|
|t:|1652993611
|move|p2a: Heatran|Protect|p2a: Heatran
|-singleturn|p2a: Heatran|Protect
|move|p1a: Venusaur|Growth|p1a: Venusaur
|-boost|p1a: Venusaur|atk|2
|-boost|p1a: Venusaur|spa|2
|
|-weather|SunnyDay|[upkeep]
|-heal|p2a: Heatran|92/100|[from] item: Leftovers
|upkeep
|turn|6
|
|t:|1652993620
|switch|p2a: Corviknight|Corviknight, M|100/100
|-damage|p2a: Corviknight|88/100|[from] Stealth Rock
|-ability|p2a: Corviknight|Pressure
|move|p1a: Venusaur|Weather Ball|p2a: Corviknight
|-supereffective|p2a: Corviknight
|-damage|p2a: Corviknight|0 fnt
|faint|p2a: Corviknight
|-damage|p1a: Venusaur|81/100|[from] item: Life Orb
|
|-weather|SunnyDay|[upkeep]
|upkeep
|
|t:|1652993630
|switch|p2a: Heatran|Heatran, M|92/100
|-damage|p2a: Heatran|80/100|[from] Stealth Rock
|turn|7
|
|t:|1652993637
|switch|p1a: Heatran|Heatran, M|100/100
|-damage|p1a: Heatran|88/100|[from] Stealth Rock
|-item|p1a: Heatran|Air Balloon
|move|p2a: Heatran|Magma Storm|p1a: Heatran
|-start|p1a: Heatran|ability: Flash Fire
|
|-weather|SunnyDay|[upkeep]
|-heal|p2a: Heatran|86/100|[from] item: Leftovers
|upkeep
|turn|8
|
|t:|1652993651
|move|p2a: Heatran|Protect|p2a: Heatran
|-singleturn|p2a: Heatran|Protect
|move|p1a: Heatran|Magma Storm|p2a: Heatran
|-activate|p2a: Heatran|move: Protect
|
|-weather|none
|-heal|p2a: Heatran|92/100|[from] item: Leftovers
|upkeep
|turn|9
|
|t:|1652993661
|switch|p2a: Swampert|Swampert, F|100/100
|-damage|p2a: Swampert|94/100|[from] Stealth Rock
|move|p1a: Heatran|Magma Storm|p2a: Swampert
|-resisted|p2a: Swampert
|-damage|p2a: Swampert|65/100
|-activate|p2a: Swampert|move: Magma Storm|[of] p1a: Heatran
|
|-heal|p2a: Swampert|71/100|[from] item: Leftovers
|-damage|p2a: Swampert|59/100|[from] move: Magma Storm|[partiallytrapped]
|upkeep
|turn|10
|j| LT_Alt1
|j| ayayalaptop
|
|t:|1652993688
|-end|p1a: Heatran|ability: Flash Fire|[silent]
|switch|p1a: Venusaur|Venusaur, M|81/100
|-damage|p1a: Venusaur|68/100|[from] Stealth Rock
|move|p2a: Swampert|Flip Turn|p1a: Venusaur
|-resisted|p1a: Venusaur
|-damage|p1a: Venusaur|53/100
|
|t:|1652993693
|switch|p2a: Heatran|Heatran, M|92/100|[from]move: Flip Turn
|-damage|p2a: Heatran|80/100|[from] Stealth Rock
|
|-heal|p2a: Heatran|86/100|[from] item: Leftovers
|upkeep
|turn|11
|
|t:|1652993718
|move|p1a: Venusaur|Giga Drain|p2a: Heatran
|-resisted|p2a: Heatran
|-damage|p2a: Heatran|79/100
|-heal|p1a: Venusaur|58/100|[from] drain|[of] p2a: Heatran
|-damage|p1a: Venusaur|48/100|[from] item: Life Orb
|move|p2a: Heatran|Magma Storm|p1a: Venusaur
|-supereffective|p1a: Venusaur
|-damage|p1a: Venusaur|0 fnt
|faint|p1a: Venusaur
|
|-heal|p2a: Heatran|85/100|[from] item: Leftovers
|upkeep
|j| sbxjpbs
|l| ayayalaptop
|
|t:|1652993756
|switch|p1a: Garchomp|Garchomp, M|100/100
|-damage|p1a: Garchomp|94/100|[from] Stealth Rock
|turn|12
|
|t:|1652993763
|switch|p2a: Suicune|Suicune|100/100
|-damage|p2a: Suicune|88/100|[from] Stealth Rock
|-ability|p2a: Suicune|Pressure
|move|p1a: Garchomp|Swords Dance|p1a: Garchomp
|-boost|p1a: Garchomp|atk|2
|
|-heal|p2a: Suicune|94/100|[from] item: Leftovers
|upkeep
|turn|13
|
|t:|1652993772
|move|p1a: Garchomp|Earthquake|p2a: Suicune
|-damage|p2a: Suicune|25/100
|-damage|p1a: Garchomp|85/100|[from] item: Life Orb
|move|p2a: Suicune|Scald|p1a: Garchomp
|-damage|p1a: Garchomp|56/100
|
|-heal|p2a: Suicune|32/100|[from] item: Leftovers
|upkeep
|turn|14
|
|t:|1652993802
|move|p1a: Garchomp|Earthquake|p2a: Suicune
|-damage|p2a: Suicune|0 fnt
|faint|p2a: Suicune
|-damage|p1a: Garchomp|46/100|[from] item: Life Orb
|
|upkeep
|
|t:|1652993812
|switch|p2a: Rillaboom|Rillaboom, M|100/100
|-damage|p2a: Rillaboom|88/100|[from] Stealth Rock
|-fieldstart|move: Grassy Terrain|[from] ability: Grassy Surge|[of] p2a: Rillaboom
|turn|15
|
|t:|1652993822
|switch|p1a: Torkoal|Torkoal, M, shiny|32/100
|-damage|p1a: Torkoal|7/100|[from] Stealth Rock
|-weather|SunnyDay|[from] ability: Drought|[of] p1a: Torkoal
|move|p2a: Rillaboom|Grassy Glide|p1a: Torkoal
|-resisted|p1a: Torkoal
|-damage|p1a: Torkoal|0 fnt
|faint|p1a: Torkoal
|
|-weather|SunnyDay|[upkeep]
|-heal|p2a: Rillaboom|94/100|[from] Grassy Terrain
|upkeep
|
|t:|1652993835
|switch|p1a: Heatran|Heatran, M|88/100
|-damage|p1a: Heatran|76/100|[from] Stealth Rock
|-item|p1a: Heatran|Air Balloon
|turn|16
|
|t:|1652993849
|switch|p2a: Heatran|Heatran, M|85/100
|-damage|p2a: Heatran|73/100|[from] Stealth Rock
|move|p1a: Heatran|Magma Storm|p2a: Heatran
|-start|p2a: Heatran|ability: Flash Fire
|
|-weather|SunnyDay|[upkeep]
|-heal|p2a: Heatran|79/100|[from] Grassy Terrain
|-heal|p2a: Heatran|85/100|[from] item: Leftovers
|upkeep
|turn|17
|
|t:|1652993867
|move|p2a: Heatran|Protect|p2a: Heatran
|-singleturn|p2a: Heatran|Protect
|move|p1a: Heatran|Nature Power|p2a: Heatran
|move|p1a: Heatran|Energy Ball|p2a: Heatran|[from]move: Nature Power
|-activate|p2a: Heatran|move: Protect
|
|-weather|SunnyDay|[upkeep]
|-heal|p2a: Heatran|91/100|[from] Grassy Terrain
|-heal|p2a: Heatran|97/100|[from] item: Leftovers
|upkeep
|turn|18
|
|t:|1652993884
|-end|p2a: Heatran|ability: Flash Fire|[silent]
|switch|p2a: Swampert|Swampert, F|59/100
|-damage|p2a: Swampert|52/100|[from] Stealth Rock
|move|p1a: Heatran|Earth Power|p2a: Swampert
|-damage|p2a: Swampert|28/100
|
|-weather|SunnyDay|[upkeep]
|-heal|p2a: Swampert|34/100|[from] Grassy Terrain
|-heal|p2a: Swampert|40/100|[from] item: Leftovers
|upkeep
|turn|19
|
|t:|1652993895
|move|p1a: Heatran|Nature Power|p2a: Swampert
|move|p1a: Heatran|Energy Ball|p2a: Swampert|[from]move: Nature Power
|-supereffective|p2a: Swampert
|-damage|p2a: Swampert|0 fnt
|faint|p2a: Swampert
|
|-weather|SunnyDay|[upkeep]
|-fieldend|move: Grassy Terrain
|upkeep
|
|t:|1652993900
|switch|p2a: Rillaboom|Rillaboom, M|94/100
|-damage|p2a: Rillaboom|82/100|[from] Stealth Rock
|-fieldstart|move: Grassy Terrain|[from] ability: Grassy Surge|[of] p2a: Rillaboom
|turn|20
|
|t:|1652993923
|switch|p1a: Moltres|Moltres-Galar|100/100
|move|p2a: Rillaboom|Superpower|p1a: Moltres
|-damage|p1a: Moltres|31/100
|-unboost|p2a: Rillaboom|atk|1
|-unboost|p2a: Rillaboom|def|1
|-ability|p1a: Moltres|Berserk|boost
|-boost|p1a: Moltres|spa|1
|
|-weather|SunnyDay|[upkeep]
|-heal|p2a: Rillaboom|88/100|[from] Grassy Terrain
|upkeep
|turn|21
|
|t:|1652993947
|switch|p2a: Tapu Fini|Tapu Fini|100/100
|-damage|p2a: Tapu Fini|88/100|[from] Stealth Rock
|-fieldstart|move: Misty Terrain|[from] ability: Misty Surge|[of] p2a: Tapu Fini
|move|p1a: Moltres|Air Slash|p2a: Tapu Fini
|-damage|p2a: Tapu Fini|40/100
|
|-weather|SunnyDay|[upkeep]
|upkeep
|turn|22
|
|t:|1652993977
|switch|p1a: Heatran|Heatran, M|76/100
|-damage|p1a: Heatran|63/100|[from] Stealth Rock
|-item|p1a: Heatran|Air Balloon
|move|p2a: Tapu Fini|Moonblast|p1a: Heatran
|-resisted|p1a: Heatran
|-damage|p1a: Heatran|54/100
|-enditem|p1a: Heatran|Air Balloon
|
|-weather|none
|upkeep
|turn|23
|
|t:|1652993995
|move|p2a: Tapu Fini|Moonblast|p1a: Heatran
|-resisted|p1a: Heatran
|-damage|p1a: Heatran|45/100
|-unboost|p1a: Heatran|spa|1
|move|p1a: Heatran|Magma Storm|p2a: Tapu Fini
|-resisted|p2a: Tapu Fini
|-damage|p2a: Tapu Fini|21/100
|-activate|p2a: Tapu Fini|move: Magma Storm|[of] p1a: Heatran
|
|-damage|p2a: Tapu Fini|8/100|[from] move: Magma Storm|[partiallytrapped]
|upkeep
|turn|24
|
|t:|1652994002
|move|p2a: Tapu Fini|Moonblast|p1a: Heatran
|-resisted|p1a: Heatran
|-damage|p1a: Heatran|35/100
|move|p1a: Heatran|Earth Power|p2a: Tapu Fini
|-damage|p2a: Tapu Fini|0 fnt
|faint|p2a: Tapu Fini
|
|upkeep
|
|t:|1652994013
|switch|p2a: Rillaboom|Rillaboom, M|88/100
|-damage|p2a: Rillaboom|76/100|[from] Stealth Rock
|-fieldstart|move: Grassy Terrain|[from] ability: Grassy Surge|[of] p2a: Rillaboom
|turn|25
|
|t:|1652994055
|switch|p1a: Tapu Koko|Tapu Koko|100/100
|-fieldstart|move: Electric Terrain|[from] ability: Electric Surge|[of] p1a: Tapu Koko
|move|p2a: Rillaboom|Knock Off|p1a: Tapu Koko
|-resisted|p1a: Tapu Koko
|-damage|p1a: Tapu Koko|67/100
|-enditem|p1a: Tapu Koko|Heavy-Duty Boots|[from] move: Knock Off|[of] p2a: Rillaboom
|
|upkeep
|turn|26
|
|t:|1652994065
|switch|p2a: Heatran|Heatran, M|97/100
|-damage|p2a: Heatran|85/100|[from] Stealth Rock
|move|p1a: Tapu Koko|Nature's Madness|p2a: Heatran
|-damage|p2a: Heatran|43/100
|
|-heal|p2a: Heatran|49/100|[from] item: Leftovers
|upkeep
|turn|27
|
|t:|1652994086
|move|p1a: Tapu Koko|Wild Charge|p2a: Heatran
|-damage|p2a: Heatran|6/100
|-damage|p1a: Tapu Koko|52/100|[from] Recoil
|move|p2a: Heatran|Magma Storm|p1a: Tapu Koko
|-damage|p1a: Tapu Koko|0 fnt
|faint|p1a: Tapu Koko
|
|-heal|p2a: Heatran|12/100|[from] item: Leftovers
|upkeep
|
|t:|1652994119
|switch|p1a: Moltres|Moltres-Galar|31/100
|turn|28
|l| sbxjpbs
|
|t:|1652994196
|switch|p2a: Rillaboom|Rillaboom, M|76/100
|-damage|p2a: Rillaboom|64/100|[from] Stealth Rock
|-fieldstart|move: Grassy Terrain|[from] ability: Grassy Surge|[of] p2a: Rillaboom
|move|p1a: Moltres|Fiery Wrath|p2a: Rillaboom
|-damage|p2a: Rillaboom|10/100
|
|-heal|p2a: Rillaboom|16/100|[from] Grassy Terrain
|upkeep
|turn|29
|
|t:|1652994227
|switch|p1a: Garchomp|Garchomp, M|46/100
|-damage|p1a: Garchomp|40/100|[from] Stealth Rock
|move|p2a: Rillaboom|Grassy Glide|p1a: Garchomp
|-damage|p1a: Garchomp|0 fnt
|-damage|p2a: Rillaboom|4/100|[from] ability: Rough Skin|[of] p1a: Garchomp
|faint|p1a: Garchomp
|
|-heal|p2a: Rillaboom|10/100|[from] Grassy Terrain
|upkeep
|
|t:|1652994232
|switch|p1a: Heatran|Heatran, M|35/100
|-damage|p1a: Heatran|22/100|[from] Stealth Rock
|turn|30
|
|t:|1652994240
|move|p2a: Rillaboom|Grassy Glide|p1a: Heatran
|-resisted|p1a: Heatran
|-damage|p1a: Heatran|6/100
|move|p1a: Heatran|Earth Power|p2a: Rillaboom
|-resisted|p2a: Rillaboom
|-damage|p2a: Rillaboom|0 fnt
|faint|p2a: Rillaboom
|
|-heal|p1a: Heatran|12/100|[from] Grassy Terrain
|upkeep
|
|t:|1652994245
|switch|p2a: Heatran|Heatran, M|12/100
|-damage|p2a: Heatran|0 fnt|[from] Stealth Rock
|faint|p2a: Heatran
|
|win|SuperTheoryBros
|raw|SuperTheoryBros's rating: 1749 &rarr; <strong>1771</strong><br />(+22 for winning)
|raw|Idekwtdwmn's rating: 1784 &rarr; <strong>1762</strong><br />(-22 for losing)
|l| LT_Alt1
|c|☆Idekwtdwmn|gg
|l|☆Idekwtdwmn
||Ladder isn't responding, score probably updated but might not have (Request timeout).
|l| scxadz
