|j|☆tesla roadster
|j|☆whoreganic
|inactive|Battle timer is ON: inactive players will automatically lose when time's up.
|t:|1667506134
|gametype|singles
|player|p1|tesla roadster|1|
|player|p2|whoreganic|gentleman|
|teamsize|p1|6
|teamsize|p2|6
|gen|8
|tier|[Gen 8] OU
|rated|Tournament battle
|rule|Sleep Clause Mod: Limit one foe put to sleep
|rule|Species Clause: Limit one of each Pokémon
|rule|OHKO Clause: OHKO moves are banned
|rule|Evasion Items Clause: Evasion items are banned
|rule|Evasion Moves Clause: Evasion moves are banned
|rule|Endless Battle Clause: Forcing endless battles is banned
|rule|HP Percentage Mod: HP is shown in percentages
|rule|Dynamax Clause: You cannot dynamax
|clearpoke
|poke|p1|Kommo-o, M|
|poke|p1|Clefable, F|
|poke|p1|Ferrothorn, F|
|poke|p1|Blacephalon|
|poke|p1|Dragapult, F|
|poke|p1|Landorus-Therian, M|
|poke|p2|Dracozolt|
|poke|p2|Hippowdon, F|
|poke|p2|Mew|
|poke|p2|Tapu Lele|
|poke|p2|Magnezone|
|poke|p2|Dragapult, M|
|teampreview
|j| lowelofunn
|j| Aftx
|c|☆tesla roadster|hf
|c|☆whoreganic|gl hf
|
|t:|1667506158
|start
|switch|p1a: Dragapult|Dragapult, F|100/100
|switch|p2a: Mew|Mew|100/100
|turn|1
|
|t:|1667506169
|switch|p2a: Hippowdon|Hippowdon, F|100/100
|-weather|Sandstorm|[from] ability: Sand Stream|[of] p2a: Hippowdon
|move|p1a: Dragapult|Shadow Ball|p2a: Hippowdon
|-damage|p2a: Hippowdon|58/100
|-enditem|p2a: Hippowdon|Eject Button
|
|t:|1667506184
|switch|p2a: Dragapult|Dragapult, M|100/100
|
|-weather|Sandstorm|[upkeep]
|-damage|p1a: Dragapult|95/100|[from] Sandstorm
|-damage|p2a: Dragapult|95/100|[from] Sandstorm
|upkeep
|turn|2
|j| De5tr0yr
|
|t:|1667506193
|switch|p1a: Clefable|Clefable, F|100/100
|move|p2a: Dragapult|U-turn|p1a: Clefable
|-resisted|p1a: Clefable
|-damage|p1a: Clefable|87/100
|-damage|p2a: Dragapult|78/100|[from] item: Rocky Helmet|[of] p1a: Clefable
|j|@SetsuStsna
|
|t:|1667506204
|switch|p2a: Tapu Lele|Tapu Lele|100/100|[from]move: U-turn
|-fieldstart|move: Psychic Terrain|[from] ability: Psychic Surge|[of] p2a: Tapu Lele
|
|-weather|Sandstorm|[upkeep]
|-damage|p2a: Tapu Lele|94/100|[from] Sandstorm
|upkeep
|turn|3
|j| TeamPlasmaMembrane
|l| De5tr0yr
|l| TeamPlasmaMembrane
|
|t:|1667506232
|switch|p2a: Mew|Mew|100/100
|switch|p1a: Ferrothorn|Ferrothorn, F|100/100
|
|-weather|Sandstorm|[upkeep]
|-damage|p2a: Mew|94/100|[from] Sandstorm
|upkeep
|turn|4
|
|t:|1667506237
|switch|p1a: Blacephalon|Blacephalon|100/100
|move|p2a: Mew|Fire Blast|p1a: Blacephalon
|-resisted|p1a: Blacephalon
|-damage|p1a: Blacephalon|72/100
|
|-weather|Sandstorm|[upkeep]
|-damage|p1a: Blacephalon|66/100|[from] Sandstorm
|-damage|p2a: Mew|88/100|[from] Sandstorm
|upkeep
|turn|5
|j| CartiWins
|j| VaporeonUser
|j| tymczasowy0
|inactive|whoreganic has 120 seconds left.
|j| switchbladess
|c|☆whoreganic|believe this one was over before it started haha
|j| PenguinMLESJL
|inactive|whoreganic has 90 seconds left.
|
|t:|1667506292
|switch|p2a: Magnezone|Magnezone|100/100
|move|p1a: Blacephalon|Shadow Ball|p2a: Magnezone
|-damage|p2a: Magnezone|9/100
|
|-weather|none
|upkeep
|turn|6
|inactive|whoreganic has 90 seconds left.
|
|t:|1667506304
|move|p1a: Blacephalon|Shadow Ball|p2a: Magnezone
|-damage|p2a: Magnezone|0 fnt
|faint|p2a: Magnezone
|-ability|p1a: Blacephalon|Beast Boost|boost
|-boost|p1a: Blacephalon|spa|1
|
|-fieldend|move: Psychic Terrain
|upkeep
|inactive|whoreganic has 90 seconds left.
|
|t:|1667506310
|switch|p2a: Hippowdon|Hippowdon, F|58/100
|-weather|Sandstorm|[from] ability: Sand Stream|[of] p2a: Hippowdon
|turn|7
|inactive|whoreganic has 90 seconds left.
|
|t:|1667506323
|move|p1a: Blacephalon|Shadow Ball|p2a: Hippowdon
|-damage|p2a: Hippowdon|0 fnt
|faint|p2a: Hippowdon
|-ability|p1a: Blacephalon|Beast Boost|boost
|-boost|p1a: Blacephalon|spa|1
|
|-weather|Sandstorm|[upkeep]
|-damage|p1a: Blacephalon|60/100|[from] Sandstorm
|upkeep
|
|t:|1667506325
|switch|p2a: Dragapult|Dragapult, M|78/100
|turn|8
|j| GengarAdept
|
|t:|1667506329
|switch|p1a: Clefable|Clefable, F|87/100
|move|p2a: Dragapult|Dragon Darts|p1a: Clefable
|-immune|p1a: Clefable
|
|-weather|Sandstorm|[upkeep]
|-damage|p2a: Dragapult|72/100|[from] Sandstorm
|upkeep
|turn|9
|c|☆whoreganic|gg
|j| beastyj157
|c|☆tesla roadster|gg
|-message|whoreganic forfeited.
|
|win|tesla roadster
|n|☆tesla roadster|teslaroadster
|n|☆whoreganic|whoreganic
|n| lowelofunn|lowelofunn
|n| Aftx|aftx
|n| SetsuStsna|setsustsna
|n| CartiWins|cartiwins
|n| VaporeonUser|vaporeonuser
|n| tymczasowy0|tymczasowy0
|n| switchbladess|switchbladess
|n| PenguinMLESJL|penguinmlesjl
|n| GengarAdept|gengaradept
|n| beastyj157|beastyj157
