|j|☆xux欧风xx
|j|☆bramitoboy
|t:|1661501110
|gametype|singles
|player|p1|xux欧风xx|lucas|1769
|player|p2|bramitoboy|1|1870
|teamsize|p1|6
|teamsize|p2|6
|gen|8
|tier|[Gen 8] OU
|rated|
|rule|Sleep Clause Mod: Limit one foe put to sleep
|rule|Species Clause: Limit one of each Pokémon
|rule|OHKO Clause: OHKO moves are banned
|rule|Evasion Items Clause: Evasion items are banned
|rule|Evasion Moves Clause: Evasion moves are banned
|rule|Endless Battle Clause: Forcing endless battles is banned
|rule|HP Percentage Mod: HP is shown in percentages
|rule|Dynamax Clause: You cannot dynamax
|clearpoke
|poke|p1|Clefable, M|
|poke|p1|Rillaboom, F|
|poke|p1|Gastrodon, M|
|poke|p1|Kartana|
|poke|p1|Heatran, M|
|poke|p1|Zapdos|
|poke|p2|Zarude-Dada|
|poke|p2|Keldeo-Resolute|
|poke|p2|Tapu Lele|
|poke|p2|Tapu Koko|
|poke|p2|Heatran, M|
|poke|p2|Landorus-Therian, M|
|teampreview
|j| shaqfrombasketball
|inactive|Battle timer is ON: inactive players will automatically lose when time's up. (requested by bramitoboy)
|
|t:|1661501140
|start
|switch|p1a: Rillaboom|Rillaboom, F|100/100
|switch|p2a: Tapu Lele|Tapu Lele|100/100
|-fieldstart|move: Psychic Terrain|[from] ability: Psychic Surge|[of] p2a: Tapu Lele
|-fieldstart|move: Grassy Terrain|[from] ability: Grassy Surge|[of] p1a: Rillaboom
|turn|1
|
|t:|1661501150
|switch|p2a: Landorus|Landorus-Therian, M|100/100
|-ability|p2a: Landorus|Intimidate|boost
|-unboost|p1a: Rillaboom|atk|1
|move|p1a: Rillaboom|Superpower|p2a: Landorus
|-resisted|p2a: Landorus
|-crit|p2a: Landorus
|-damage|p2a: Landorus|74/100
|-unboost|p1a: Rillaboom|atk|1
|-unboost|p1a: Rillaboom|def|1
|-damage|p1a: Rillaboom|84/100|[from] item: Rocky Helmet|[of] p2a: Landorus
|
|-heal|p1a: Rillaboom|90/100|[from] Grassy Terrain
|upkeep
|turn|2
|
|t:|1661501168
|switch|p2a: Tapu Lele|Tapu Lele|100/100
|-fieldstart|move: Psychic Terrain|[from] ability: Psychic Surge|[of] p2a: Tapu Lele
|switch|p1a: Kartana|Kartana|100/100
|
|upkeep
|turn|3
|
|t:|1661501178
|switch|p1a: Gastrodon|Gastrodon, M|100/100
|switch|p2a: Landorus|Landorus-Therian, M|74/100
|-ability|p2a: Landorus|Intimidate|boost
|-unboost|p1a: Gastrodon|atk|1
|
|upkeep
|turn|4
|
|t:|1661501190
|switch|p2a: Keldeo|Keldeo-Resolute|100/100
|switch|p1a: Kartana|Kartana|100/100
|
|upkeep
|turn|5
|
|t:|1661501210
|switch|p1a: Gastrodon|Gastrodon, M|100/100
|switch|p2a: Zarude|Zarude-Dada|100/100
|
|upkeep
|turn|6
|j| KMNg99
|
|t:|1661501218
|switch|p2a: Tapu Lele|Tapu Lele|100/100
|move|p1a: Gastrodon|Protect||[still]
|-fail|p1a: Gastrodon
|
|-fieldend|move: Psychic Terrain
|upkeep
|turn|7
|
|t:|1661501234
|move|p2a: Tapu Lele|Moonblast|p1a: Gastrodon
|-damage|p1a: Gastrodon|61/100
|move|p1a: Gastrodon|Toxic|p2a: Tapu Lele|[miss]
|-miss|p1a: Gastrodon|p2a: Tapu Lele
|
|-heal|p1a: Gastrodon|67/100|[from] item: Leftovers
|upkeep
|turn|8
|
|t:|1661501243
|switch|p2a: Keldeo|Keldeo-Resolute|100/100
|move|p1a: Gastrodon|Recover|p1a: Gastrodon
|-heal|p1a: Gastrodon|100/100
|
|upkeep
|turn|9
|
|t:|1661501249
|switch|p1a: Zapdos|Zapdos|100/100
|move|p2a: Keldeo|Substitute|p2a: Keldeo
|-start|p2a: Keldeo|Substitute
|-damage|p2a: Keldeo|75/100
|
|-heal|p2a: Keldeo|82/100|[from] item: Leftovers
|upkeep
|turn|10
|
|t:|1661501251
|move|p2a: Keldeo|Scald|p1a: Zapdos
|-damage|p1a: Zapdos|61/100
|move|p1a: Zapdos|Volt Switch|p2a: Keldeo
|-supereffective|p2a: Keldeo
|-end|p2a: Keldeo|Substitute
|
|t:|1661501258
|switch|p1a: Kartana|Kartana|100/100|[from]move: Volt Switch
|
|-heal|p2a: Keldeo|88/100|[from] item: Leftovers
|upkeep
|turn|11
|
|t:|1661501263
|switch|p2a: Landorus|Landorus-Therian, M|74/100
|-ability|p2a: Landorus|Intimidate|boost
|-unboost|p1a: Kartana|atk|1
|move|p1a: Kartana|Leaf Blade|p2a: Landorus
|-crit|p2a: Landorus
|-damage|p2a: Landorus|5/100
|
|upkeep
|turn|12
|
|t:|1661501272
|switch|p2a: Zarude|Zarude-Dada|100/100
|move|p1a: Kartana|Knock Off|p2a: Zarude
|-resisted|p2a: Zarude
|-damage|p2a: Zarude|86/100
|-enditem|p2a: Zarude|Life Orb|[from] move: Knock Off|[of] p1a: Kartana
|
|upkeep
|turn|13
|
|t:|1661501284
|switch|p1a: Clefable|Clefable, M|100/100
|move|p2a: Zarude|Bulk Up|p2a: Zarude
|-boost|p2a: Zarude|atk|1
|-boost|p2a: Zarude|def|1
|
|upkeep
|turn|14
|
|t:|1661501290
|move|p2a: Zarude|Power Whip|p1a: Clefable
|-damage|p1a: Clefable|33/100
|-damage|p2a: Zarude|70/100|[from] item: Rocky Helmet|[of] p1a: Clefable
|move|p1a: Clefable|Thunder Wave|p2a: Zarude
|-status|p2a: Zarude|par
|
|upkeep
|turn|15
|
|t:|1661501298
|move|p2a: Zarude|Power Whip|p1a: Clefable
|-damage|p1a: Clefable|0 fnt
|-damage|p2a: Zarude|53/100 par|[from] item: Rocky Helmet|[of] p1a: Clefable
|faint|p1a: Clefable
|
|upkeep
|
|t:|1661501303
|switch|p1a: Kartana|Kartana|100/100
|turn|16
|
|t:|1661501311
|switch|p2a: Landorus|Landorus-Therian, M|5/100
|-ability|p2a: Landorus|Intimidate|boost
|-unboost|p1a: Kartana|atk|1
|move|p1a: Kartana|Sacred Sword|p2a: Landorus
|-resisted|p2a: Landorus
|-damage|p2a: Landorus|0 fnt
|faint|p2a: Landorus
|-ability|p1a: Kartana|Beast Boost|boost
|-boost|p1a: Kartana|atk|1
|
|upkeep
|
|t:|1661501315
|switch|p2a: Heatran|Heatran, M|100/100
|-item|p2a: Heatran|Air Balloon
|turn|17
|
|t:|1661501320
|switch|p1a: Gastrodon|Gastrodon, M|100/100
|move|p2a: Heatran|Stealth Rock|p1a: Gastrodon
|-sidestart|p1: xux欧风xx|move: Stealth Rock
|
|upkeep
|turn|18
|
|t:|1661501328
|switch|p2a: Zarude|Zarude-Dada|53/100 par
|move|p1a: Gastrodon|Scald|p2a: Zarude
|-resisted|p2a: Zarude
|-damage|p2a: Zarude|41/100 par
|
|upkeep
|turn|19
|
|t:|1661501338
|switch|p2a: Keldeo|Keldeo-Resolute|88/100
|switch|p1a: Kartana|Kartana|100/100
|-damage|p1a: Kartana|94/100|[from] Stealth Rock
|
|-heal|p2a: Keldeo|94/100|[from] item: Leftovers
|upkeep
|turn|20
|
|t:|1661501350
|switch|p2a: Heatran|Heatran, M|100/100
|-item|p2a: Heatran|Air Balloon
|move|p1a: Kartana|Leaf Blade|p2a: Heatran
|-resisted|p2a: Heatran
|-damage|p2a: Heatran|87/100
|-enditem|p2a: Heatran|Air Balloon
|
|upkeep
|turn|21
|
|t:|1661501363
|switch|p1a: Gastrodon|Gastrodon, M|100/100
|-damage|p1a: Gastrodon|94/100|[from] Stealth Rock
|switch|p2a: Tapu Koko|Tapu Koko|100/100
|-fieldstart|move: Electric Terrain|[from] ability: Electric Surge|[of] p2a: Tapu Koko
|
|-heal|p1a: Gastrodon|100/100|[from] item: Leftovers
|upkeep
|turn|22
|
|t:|1661501379
|move|p2a: Tapu Koko|Toxic|p1a: Gastrodon
|-status|p1a: Gastrodon|tox
|move|p1a: Gastrodon|Toxic|p2a: Tapu Koko|[miss]
|-miss|p1a: Gastrodon|p2a: Tapu Koko
|
|-damage|p1a: Gastrodon|94/100 tox|[from] psn
|upkeep
|turn|23
|
|t:|1661501387
|switch|p2a: Heatran|Heatran, M|87/100
|move|p1a: Gastrodon|Toxic|p2a: Heatran
|-immune|p2a: Heatran
|
|-heal|p1a: Gastrodon|100/100 tox|[from] item: Leftovers
|-damage|p1a: Gastrodon|88/100 tox|[from] psn
|upkeep
|turn|24
|
|t:|1661501398
|switch|p2a: Keldeo|Keldeo-Resolute|94/100
|switch|p1a: Heatran|Heatran, M|100/100
|-damage|p1a: Heatran|88/100|[from] Stealth Rock
|
|-heal|p2a: Keldeo|99/100|[from] item: Leftovers
|-heal|p1a: Heatran|94/100|[from] item: Leftovers
|upkeep
|turn|25
|
|t:|1661501404
|switch|p1a: Zapdos|Zapdos|61/100
|move|p2a: Keldeo|Substitute|p2a: Keldeo
|-start|p2a: Keldeo|Substitute
|-damage|p2a: Keldeo|75/100
|
|-heal|p2a: Keldeo|81/100|[from] item: Leftovers
|-fieldend|move: Electric Terrain
|upkeep
|turn|26
|
|t:|1661501410
|move|p2a: Keldeo|Scald|p1a: Zapdos
|-damage|p1a: Zapdos|18/100
|move|p1a: Zapdos|Volt Switch|p2a: Keldeo
|-supereffective|p2a: Keldeo
|-end|p2a: Keldeo|Substitute
|
|t:|1661501418
|switch|p1a: Kartana|Kartana|94/100|[from]move: Volt Switch
|-damage|p1a: Kartana|88/100|[from] Stealth Rock
|
|-heal|p2a: Keldeo|88/100|[from] item: Leftovers
|upkeep
|turn|27
|
|t:|1661501422
|switch|p2a: Heatran|Heatran, M|87/100
|move|p1a: Kartana|Leaf Blade|p2a: Heatran
|-resisted|p2a: Heatran
|-damage|p2a: Heatran|75/100
|
|upkeep
|turn|28
|inactive|xux欧风xx has 120 seconds left.
|j| 37c
|
|t:|1661501478
|switch|p1a: Heatran|Heatran, M|94/100
|-damage|p1a: Heatran|82/100|[from] Stealth Rock
|move|p2a: Heatran|Earth Power|p1a: Heatran
|-supereffective|p1a: Heatran
|-crit|p1a: Heatran
|-damage|p1a: Heatran|0 fnt
|faint|p1a: Heatran
|
|upkeep
|inactive|xux欧风xx has 90 seconds left.
|
|t:|1661501493
|switch|p1a: Rillaboom|Rillaboom, F|90/100
|-damage|p1a: Rillaboom|78/100|[from] Stealth Rock
|-fieldstart|move: Grassy Terrain|[from] ability: Grassy Surge|[of] p1a: Rillaboom
|turn|29
|
|t:|1661501502
|switch|p2a: Tapu Lele|Tapu Lele|100/100
|-fieldstart|move: Psychic Terrain|[from] ability: Psychic Surge|[of] p2a: Tapu Lele
|move|p1a: Rillaboom|Knock Off|p2a: Tapu Lele
|-damage|p2a: Tapu Lele|42/100
|-enditem|p2a: Tapu Lele|Assault Vest|[from] move: Knock Off|[of] p1a: Rillaboom
|
|upkeep
|turn|30
|
|t:|1661501513
|move|p2a: Tapu Lele|Moonblast|p1a: Rillaboom
|-damage|p1a: Rillaboom|12/100
|move|p1a: Rillaboom|Grassy Glide|p2a: Tapu Lele
|-damage|p2a: Tapu Lele|0 fnt
|faint|p2a: Tapu Lele
|
|upkeep
|
|t:|1661501520
|switch|p2a: Keldeo|Keldeo-Resolute|88/100
|turn|31
|
|t:|1661501527
|move|p2a: Keldeo|Secret Sword|p1a: Rillaboom
|-damage|p1a: Rillaboom|0 fnt
|faint|p1a: Rillaboom
|
|-heal|p2a: Keldeo|94/100|[from] item: Leftovers
|upkeep
|
|t:|1661501530
|switch|p1a: Kartana|Kartana|88/100
|-damage|p1a: Kartana|82/100|[from] Stealth Rock
|turn|32
|inactive|xux欧风xx has 120 seconds left.
|
|t:|1661501537
|switch|p2a: Zarude|Zarude-Dada|41/100 par
|move|p1a: Kartana|Leaf Blade|p2a: Zarude
|-resisted|p2a: Zarude
|-damage|p2a: Zarude|15/100 par
|
|upkeep
|turn|33
|
|t:|1661501546
|move|p1a: Kartana|Leaf Blade|p2a: Zarude
|-resisted|p2a: Zarude
|-damage|p2a: Zarude|0 fnt
|faint|p2a: Zarude
|-ability|p1a: Kartana|Beast Boost|boost
|-boost|p1a: Kartana|atk|1
|
|-fieldend|move: Psychic Terrain
|upkeep
|
|t:|1661501554
|switch|p2a: Tapu Koko|Tapu Koko|100/100
|-fieldstart|move: Electric Terrain|[from] ability: Electric Surge|[of] p2a: Tapu Koko
|turn|34
|j| SunTeamPupil
|inactive|xux欧风xx has 120 seconds left.
|
|t:|1661501574
|switch|p1a: Zapdos|Zapdos|18/100
|move|p2a: Tapu Koko|Thunderbolt|p1a: Zapdos
|-crit|p1a: Zapdos
|-damage|p1a: Zapdos|0 fnt
|faint|p1a: Zapdos
|
|upkeep
|
|t:|1661501579
|switch|p1a: Gastrodon|Gastrodon, M|88/100 tox
|-damage|p1a: Gastrodon|82/100 tox|[from] Stealth Rock
|turn|35
|
|t:|1661501583
|move|p2a: Tapu Koko|Thunderbolt|p1a: Gastrodon
|-immune|p1a: Gastrodon
|move|p1a: Gastrodon|Scald|p2a: Tapu Koko
|-damage|p2a: Tapu Koko|60/100
|
|-heal|p1a: Gastrodon|88/100 tox|[from] item: Leftovers
|-damage|p1a: Gastrodon|82/100 tox|[from] psn
|upkeep
|turn|36
|
|t:|1661501591
|switch|p2a: Heatran|Heatran, M|75/100
|move|p1a: Gastrodon|Scald|p2a: Heatran
|-supereffective|p2a: Heatran
|-damage|p2a: Heatran|30/100
|
|-heal|p1a: Gastrodon|88/100 tox|[from] item: Leftovers
|-damage|p1a: Gastrodon|76/100 tox|[from] psn
|upkeep
|turn|37
|
|t:|1661501599
|move|p2a: Heatran|Taunt|p1a: Gastrodon
|-start|p1a: Gastrodon|move: Taunt
|move|p1a: Gastrodon|Scald|p2a: Heatran
|-supereffective|p2a: Heatran
|-damage|p2a: Heatran|0 fnt
|faint|p2a: Heatran
|
|-heal|p1a: Gastrodon|82/100 tox|[from] item: Leftovers
|-damage|p1a: Gastrodon|64/100 tox|[from] psn
|upkeep
|
|t:|1661501602
|switch|p2a: Keldeo|Keldeo-Resolute|94/100
|turn|38
|
|t:|1661501606
|switch|p1a: Kartana|Kartana|82/100
|-damage|p1a: Kartana|76/100|[from] Stealth Rock
|move|p2a: Keldeo|Substitute|p2a: Keldeo
|-start|p2a: Keldeo|Substitute
|-damage|p2a: Keldeo|69/100
|
|-heal|p2a: Keldeo|75/100|[from] item: Leftovers
|-fieldend|move: Electric Terrain
|upkeep
|turn|39
|
|t:|1661501613
|move|p1a: Kartana|Leaf Blade|p2a: Keldeo
|-supereffective|p2a: Keldeo
|-end|p2a: Keldeo|Substitute
|move|p2a: Keldeo|Secret Sword|p1a: Kartana
|-supereffective|p1a: Kartana
|-damage|p1a: Kartana|0 fnt
|faint|p1a: Kartana
|
|-heal|p2a: Keldeo|81/100|[from] item: Leftovers
|upkeep
|
|t:|1661501615
|switch|p1a: Gastrodon|Gastrodon, M|64/100 tox
|-damage|p1a: Gastrodon|58/100 tox|[from] Stealth Rock
|turn|40
|-message|xux欧风xx forfeited.
|
|win|bramitoboy
|raw|xux欧风xx's rating: 1769 &rarr; <strong>1755</strong><br />(-14 for losing)
|raw|bramitoboy's rating: 1870 &rarr; <strong>1884</strong><br />(+14 for winning)
|l|☆xux欧风xx
|l|☆bramitoboy
