|j|☆tomatos4u
|j|☆Geenobe
|t:|1664328316
|gametype|singles
|player|p1|tomatos4u|janitor|1483
|player|p2|Geenobe|1|1504
|teamsize|p1|6
|teamsize|p2|6
|gen|8
|tier|[Gen 8] OU
|rated|
|rule|Sleep Clause Mod: Limit one foe put to sleep
|rule|Species Clause: Limit one of each Pokémon
|rule|OHKO Clause: OHKO moves are banned
|rule|Evasion Items Clause: Evasion items are banned
|rule|Evasion Moves Clause: Evasion moves are banned
|rule|Endless Battle Clause: Forcing endless battles is banned
|rule|HP Percentage Mod: HP is shown in percentages
|rule|Dynamax Clause: You cannot dynamax
|clearpoke
|poke|p1|Dragapult, M|
|poke|p1|Tapu Lele|
|poke|p1|Rillaboom, M|
|poke|p1|Zeraora|
|poke|p1|Weavile, M|
|poke|p1|Skarmory, M|
|poke|p2|Magnezone|
|poke|p2|Kartana|
|poke|p2|Tapu Lele|
|poke|p2|Toxapex, M|
|poke|p2|Landorus-Therian, M|
|poke|p2|Tornadus-Therian, M|
|teampreview
|inactive|Battle timer is ON: inactive players will automatically lose when time's up. (requested by Geenobe)
|
|t:|1664328333
|start
|switch|p1a: WORN|Skarmory, M, shiny|100/100
|switch|p2a: Magnezone|Magnezone|100/100
|-item|p2a: Magnezone|Air Balloon
|turn|1
|
|t:|1664328346
|move|p1a: WORN|Stealth Rock|p2a: Magnezone
|-sidestart|p2: Geenobe|move: Stealth Rock
|move|p2a: Magnezone|Thunderbolt|p1a: WORN
|-supereffective|p1a: WORN
|-ability|p1a: WORN|Sturdy
|-damage|p1a: WORN|1/100
|
|upkeep
|turn|2
|-enditem|p1a: WORN|Custap Berry|[eat]
|-activate|p1a: WORN|item: Custap Berry|[consumed]
|
|t:|1664328354
|move|p1a: WORN|Spikes|p2a: Magnezone
|-sidestart|p2: Geenobe|Spikes
|move|p2a: Magnezone|Thunderbolt|p1a: WORN
|-supereffective|p1a: WORN
|-damage|p1a: WORN|0 fnt
|faint|p1a: WORN
|
|upkeep
|inactive|tomatos4u has 120 seconds left.
|
|t:|1664328390
|switch|p1a: FOR|Dragapult, M, shiny|100/100
|turn|3
|inactive|tomatos4u has 120 seconds left.
|
|t:|1664328396
|switch|p2a: Toxapex|Toxapex, M|100/100
|-damage|p2a: Toxapex|88/100|[from] Stealth Rock
|-damage|p2a: Toxapex|75/100|[from] Spikes
|move|p1a: FOR|Flamethrower|p2a: Toxapex
|-resisted|p2a: Toxapex
|-damage|p2a: Toxapex|68/100
|-enditem|p2a: Toxapex|Eject Button
|
|t:|1664328399
|switch|p2a: Tornadus|Tornadus-Therian, M|100/100
|
|upkeep
|turn|4
|inactive|tomatos4u has 120 seconds left.
|
|t:|1664328429
|move|p1a: FOR|Dragon Darts|p2a: Tornadus
|-damage|p2a: Tornadus|67/100
|-anim|p1a: FOR|Dragon Darts|p2a: Tornadus
|-crit|p2a: Tornadus
|-damage|p2a: Tornadus|20/100
|move|p2a: Tornadus|Defog|p1a: FOR
|-fail|p1a: FOR|unboost|[from] ability: Clear Body|[of] p1a: FOR
|-sideend|p2: Geenobe|Spikes|[from] move: Defog|[of] p2a: Tornadus
|-sideend|p2: Geenobe|Stealth Rock|[from] move: Defog|[of] p2a: Tornadus
|
|upkeep
|turn|5
|
|t:|1664328454
|switch|p2a: Tapu Lele|Tapu Lele|100/100
|-fieldstart|move: Psychic Terrain|[from] ability: Psychic Surge|[of] p2a: Tapu Lele
|move|p1a: FOR|U-turn|p2a: Tapu Lele
|-damage|p2a: Tapu Lele|55/100
|
|t:|1664328468
|switch|p1a: SALE|Tapu Lele, shiny|100/100|[from]move: U-turn
|
|upkeep
|turn|6
|
|t:|1664328489
|move|p2a: Tapu Lele|Future Sight|p1a: SALE
|-start|p2a: Tapu Lele|move: Future Sight
|move|p1a: SALE|Moonblast|p2a: Tapu Lele
|-damage|p2a: Tapu Lele|0 fnt
|faint|p2a: Tapu Lele
|
|upkeep
|
|t:|1664328498
|switch|p2a: Kartana|Kartana|100/100
|turn|7
|inactive|tomatos4u has 90 seconds left.
|inactive|tomatos4u has 60 seconds left.
|
|t:|1664328567
|switch|p1a: NEVER|Weavile, M, shiny|100/100
|-ability|p1a: NEVER|Pressure
|move|p2a: Kartana|Smart Strike|p1a: NEVER
|-supereffective|p1a: NEVER
|-damage|p1a: NEVER|0 fnt
|faint|p1a: NEVER
|-ability|p2a: Kartana|Beast Boost|boost
|-boost|p2a: Kartana|atk|1
|
|upkeep
|inactive|tomatos4u has 30 seconds left.
|
|t:|1664328590
|switch|p1a: SHOES:|Zeraora, shiny|100/100
|turn|8
|
|t:|1664328595
|move|p1a: SHOES:|Knock Off|p2a: Kartana
|-damage|p2a: Kartana|62/100
|-enditem|p2a: Kartana|Choice Band|[from] move: Knock Off|[of] p1a: SHOES:
|-damage|p1a: SHOES:|91/100|[from] item: Life Orb
|move|p2a: Kartana|Smart Strike|p1a: SHOES:
|-resisted|p1a: SHOES:
|-damage|p1a: SHOES:|46/100
|
|-end|p1a: SHOES:|move: Future Sight
|-damage|p1a: SHOES:|0 fnt
|faint|p1a: SHOES:
|upkeep
|inactive|tomatos4u has 30 seconds left.
|inactive|tomatos4u has 20 seconds left.
|
|t:|1664328624
|switch|p1a: FOR|Dragapult, M, shiny|100/100
|turn|9
|inactive|tomatos4u has 30 seconds left this turn.
|
|t:|1664328631
|switch|p2a: Toxapex|Toxapex, M|100/100
|move|p1a: FOR|Flamethrower|p2a: Toxapex
|-resisted|p2a: Toxapex
|-crit|p2a: Toxapex
|-damage|p2a: Toxapex|87/100
|
|-fieldend|move: Psychic Terrain
|upkeep
|turn|10
|inactive|tomatos4u has 30 seconds left.
|
|t:|1664328641
|move|p1a: FOR|Dragon Darts|p2a: Toxapex
|-damage|p2a: Toxapex|68/100
|-anim|p1a: FOR|Dragon Darts|p2a: Toxapex
|-damage|p2a: Toxapex|49/100
|move|p2a: Toxapex|Knock Off|p1a: FOR
|-supereffective|p1a: FOR
|-damage|p1a: FOR|66/100
|-enditem|p1a: FOR|Muscle Band|[from] move: Knock Off|[of] p2a: Toxapex
|
|upkeep
|turn|11
|inactive|tomatos4u has 30 seconds left.
|inactive|tomatos4u has 20 seconds left.
|
|t:|1664328658
|move|p1a: FOR|Dragon Darts|p2a: Toxapex
|-damage|p2a: Toxapex|32/100
|-anim|p1a: FOR|Dragon Darts|p2a: Toxapex
|-damage|p2a: Toxapex|17/100
|move|p2a: Toxapex|Recover|p2a: Toxapex
|-heal|p2a: Toxapex|67/100
|
|upkeep
|turn|12
|inactive|tomatos4u has 30 seconds left this turn.
|inactive|tomatos4u has 20 seconds left.
|
|t:|1664328670
|move|p1a: FOR|U-turn|p2a: Toxapex
|-resisted|p2a: Toxapex
|-damage|p2a: Toxapex|59/100
|inactive|tomatos4u has 25 seconds left this turn.
|
|t:|1664328673
|switch|p1a: SALE|Tapu Lele, shiny|100/100|[from]move: U-turn
|-fieldstart|move: Psychic Terrain|[from] ability: Psychic Surge|[of] p1a: SALE
|move|p2a: Toxapex|Toxic|p1a: SALE
|-status|p1a: SALE|tox
|
|-damage|p1a: SALE|94/100 tox|[from] psn
|upkeep
|turn|13
|inactive|tomatos4u has 30 seconds left.
|
|t:|1664328684
|switch|p2a: Magnezone|Magnezone|100/100
|-item|p2a: Magnezone|Air Balloon
|move|p1a: SALE|Psychic|p2a: Magnezone
|-resisted|p2a: Magnezone
|-damage|p2a: Magnezone|56/100
|-enditem|p2a: Magnezone|Air Balloon
|
|-damage|p1a: SALE|82/100 tox|[from] psn
|upkeep
|turn|14
|inactive|tomatos4u has 30 seconds left.
|inactive|tomatos4u has 20 seconds left.
|
|t:|1664328702
|switch|p1a: BABY|Rillaboom, M, shiny|100/100
|-fieldstart|move: Grassy Terrain|[from] ability: Grassy Surge|[of] p1a: BABY
|move|p2a: Magnezone|Thunderbolt|p1a: BABY
|-resisted|p1a: BABY
|-damage|p1a: BABY|72/100
|
|-heal|p1a: BABY|79/100|[from] Grassy Terrain
|-heal|p2a: Magnezone|62/100|[from] Grassy Terrain
|upkeep
|turn|15
|inactive|tomatos4u has 30 seconds left this turn.
|inactive|tomatos4u has 20 seconds left.
|
|t:|1664328715
|move|p1a: BABY|Swords Dance|p1a: BABY
|-boost|p1a: BABY|atk|2
|move|p2a: Magnezone|Body Press|p1a: BABY
|-damage|p1a: BABY|51/100
|
|-heal|p1a: BABY|57/100|[from] Grassy Terrain
|-heal|p2a: Magnezone|68/100|[from] Grassy Terrain
|upkeep
|turn|16
|inactive|tomatos4u has 30 seconds left this turn.
|inactive|tomatos4u has 20 seconds left.
|inactive|tomatos4u has 15 seconds left.
|
|t:|1664328736
|move|p1a: BABY|Superpower|p2a: Magnezone
|-supereffective|p2a: Magnezone
|-damage|p2a: Magnezone|0 fnt
|-unboost|p1a: BABY|atk|1
|-unboost|p1a: BABY|def|1
|faint|p2a: Magnezone
|-damage|p1a: BABY|47/100|[from] item: Life Orb
|
|-heal|p1a: BABY|54/100|[from] Grassy Terrain
|upkeep
|inactive|tomatos4u has 20 seconds left this turn.
|
|t:|1664328741
|switch|p2a: Kartana|Kartana|62/100
|turn|17
|inactive|tomatos4u has 30 seconds left this turn.
|inactive|tomatos4u has 20 seconds left.
|inactive|tomatos4u has 15 seconds left.
|
|t:|1664328757
|move|p1a: BABY|Grassy Glide|p2a: Kartana
|-resisted|p2a: Kartana
|-crit|p2a: Kartana
|-damage|p2a: Kartana|24/100
|-damage|p1a: BABY|44/100|[from] item: Life Orb
|move|p2a: Kartana|Knock Off|p1a: BABY
|-damage|p1a: BABY|0 fnt
|-enditem|p1a: BABY|Life Orb|[from] move: Knock Off|[of] p2a: Kartana
|faint|p1a: BABY
|-ability|p2a: Kartana|Beast Boost|boost
|-boost|p2a: Kartana|atk|1
|
|-heal|p2a: Kartana|31/100|[from] Grassy Terrain
|upkeep
|inactive|tomatos4u has 20 seconds left this turn.
|inactive|tomatos4u has 15 seconds left.
|inactive|tomatos4u has 10 seconds left.
|inactive|tomatos4u has 5 seconds left.
|
|t:|1664328772
|switch|p1a: SALE|Tapu Lele, shiny|82/100 tox
|-fieldstart|move: Psychic Terrain|[from] ability: Psychic Surge|[of] p1a: SALE
|turn|18
|inactive|tomatos4u has 15 seconds left this turn.
|
|t:|1664328775
|move|p1a: SALE|Psychic|p2a: Kartana
|-resisted|p2a: Kartana
|-damage|p2a: Kartana|0 fnt
|faint|p2a: Kartana
|
|-damage|p1a: SALE|76/100 tox|[from] psn
|upkeep
|inactive|tomatos4u has 20 seconds left this turn.
|
|t:|1664328785
|switch|p2a: Landorus|Landorus-Therian, M|100/100
|-ability|p2a: Landorus|Intimidate|boost
|-unboost|p1a: SALE|atk|1
|turn|19
|inactive|tomatos4u has 30 seconds left this turn.
|j| Alexwen
|
|t:|1664328790
|move|p1a: SALE|Psychic|p2a: Landorus
|-damage|p2a: Landorus|48/100
|move|p2a: Landorus|Earthquake|p1a: SALE
|-damage|p1a: SALE|0 fnt
|faint|p1a: SALE
|
|-heal|p2a: Landorus|54/100|[from] item: Leftovers
|upkeep
|inactive|tomatos4u has 30 seconds left.
|
|t:|1664328798
|switch|p1a: FOR|Dragapult, M, shiny|66/100
|turn|20
|
|t:|1664328802
|move|p1a: FOR|Dragon Darts|p2a: Landorus
|-damage|p2a: Landorus|29/100
|-anim|p1a: FOR|Dragon Darts|p2a: Landorus
|-damage|p2a: Landorus|3/100
|move|p2a: Landorus|Earthquake|p1a: FOR
|-damage|p1a: FOR|1/100
|
|-heal|p2a: Landorus|9/100|[from] item: Leftovers
|upkeep
|turn|21
|l| Alexwen
|
|t:|1664328812
|move|p1a: FOR|Dragon Darts|p2a: Landorus
|-damage|p2a: Landorus|0 fnt
|faint|p2a: Landorus
|
|upkeep
|
|t:|1664328814
|switch|p2a: Toxapex|Toxapex, M|93/100
|turn|22
|
|t:|1664328819
|move|p1a: FOR|Dragon Darts|p2a: Toxapex
|-damage|p2a: Toxapex|75/100
|-anim|p1a: FOR|Dragon Darts|p2a: Toxapex
|-damage|p2a: Toxapex|60/100
|move|p2a: Toxapex|Knock Off|p1a: FOR
|-supereffective|p1a: FOR
|-damage|p1a: FOR|0 fnt
|faint|p1a: FOR
|
|win|Geenobe
|raw|tomatos4u's rating: 1483 &rarr; <strong>1464</strong><br />(-19 for losing)
|raw|Geenobe's rating: 1504 &rarr; <strong>1523</strong><br />(+19 for winning)
|c|☆Geenobe|Gg
|n|!tomatos4u|tomatos4u
|l|!tomatos4u
||Ladder isn't responding, score probably updated but might not have (Request timeout).
