|j|☆Darkman64
|j|☆minimax_ai
|t:|1665204323
|gametype|singles
|player|p1|Darkman64|juan|1604
|player|p2|minimax_ai|lusamine-nihilego|1577
|teamsize|p1|6
|teamsize|p2|6
|gen|8
|tier|[Gen 8] OU
|rated|
|rule|Sleep Clause Mod: Limit one foe put to sleep
|rule|Species Clause: Limit one of each Pokémon
|rule|OHKO Clause: OHKO moves are banned
|rule|Evasion Items Clause: Evasion items are banned
|rule|Evasion Moves Clause: Evasion moves are banned
|rule|Endless Battle Clause: Forcing endless battles is banned
|rule|HP Percentage Mod: HP is shown in percentages
|rule|Dynamax Clause: You cannot dynamax
|clearpoke
|poke|p1|Weavile, F|
|poke|p1|Slowbro, F|
|poke|p1|Landorus-Therian, M|
|poke|p1|Urshifu-*, M|
|poke|p1|Ferrothorn, F|
|poke|p1|Clefable, M|
|poke|p2|Rotom-Wash|
|poke|p2|Weavile, M|
|poke|p2|Landorus-Therian, M|
|poke|p2|Heatran, M|
|poke|p2|Tangrowth, M|
|poke|p2|Melmetal|
|teampreview
|c|☆minimax_ai|hf
|inactive|Battle timer is ON: inactive players will automatically lose when time's up. (requested by minimax_ai)
|
|t:|1665204330
|start
|switch|p1a: Weavile|Weavile, F|100/100
|switch|p2a: landorustherian|Landorus-Therian, M|100/100
|-ability|p1a: Weavile|Pressure
|-ability|p2a: landorustherian|Intimidate|boost
|-unboost|p1a: Weavile|atk|1
|turn|1
|j| call the crew ★彡
|l| call the crew ★彡
|
|t:|1665204354
|switch|p2a: Melmetal|Melmetal|100/100
|move|p1a: Weavile|Triple Axel|p2a: Melmetal
|-resisted|p2a: Melmetal
|-damage|p2a: Melmetal|98/100
|-resisted|p2a: Melmetal
|-damage|p2a: Melmetal|93/100
|-resisted|p2a: Melmetal
|-damage|p2a: Melmetal|84/100
|-hitcount|p2a: Melmetal|3
|
|upkeep
|turn|2
|
|t:|1665204358
|switch|p1a: Ferrothorn|Ferrothorn, F|100/100
|move|p2a: Melmetal|Ice Punch|p1a: Ferrothorn
|-damage|p1a: Ferrothorn|80/100
|-damage|p2a: Melmetal|71/100|[from] ability: Iron Barbs|[of] p1a: Ferrothorn
|
|-heal|p1a: Ferrothorn|86/100|[from] item: Leftovers
|upkeep
|turn|3
|
|t:|1665204362
|switch|p2a: Heatran|Heatran, M|100/100
|-item|p2a: Heatran|Air Balloon
|move|p1a: Ferrothorn|Leech Seed|p2a: Heatran|[miss]
|-miss|p1a: Ferrothorn|p2a: Heatran
|
|-heal|p1a: Ferrothorn|92/100|[from] item: Leftovers
|upkeep
|turn|4
|
|t:|1665204367
|switch|p1a: Urshifu|Urshifu-Rapid-Strike, M|100/100
|move|p2a: Heatran|Eruption|p1a: Urshifu
|-resisted|p1a: Urshifu
|-damage|p1a: Urshifu|46/100
|
|upkeep
|turn|5
|
|t:|1665204371
|switch|p2a: Tangrowth|Tangrowth, M|100/100
|move|p1a: Urshifu|U-turn|p2a: Tangrowth
|-supereffective|p2a: Tangrowth
|-damage|p2a: Tangrowth|61/100
|-damage|p1a: Urshifu|30/100|[from] item: Rocky Helmet|[of] p2a: Tangrowth
|
|t:|1665204376
|switch|p1a: Weavile|Weavile, F|100/100|[from]move: U-turn
|-ability|p1a: Weavile|Pressure
|
|upkeep
|turn|6
|
|t:|1665204378
|switch|p2a: Heatran|Heatran, M|100/100
|-item|p2a: Heatran|Air Balloon
|move|p1a: Weavile|Knock Off|p2a: Heatran
|-damage|p2a: Heatran|28/100
|-enditem|p2a: Heatran|Air Balloon
|
|upkeep
|turn|7
|
|t:|1665204380
|switch|p2a: Tangrowth|Tangrowth, M|94/100
|move|p1a: Weavile|Knock Off|p2a: Tangrowth
|-damage|p2a: Tangrowth|55/100
|-damage|p1a: Weavile|84/100|[from] item: Rocky Helmet|[of] p2a: Tangrowth
|-enditem|p2a: Tangrowth|Rocky Helmet|[from] move: Knock Off|[of] p1a: Weavile
|
|upkeep
|turn|8
|
|t:|1665204386
|switch|p1a: Landorus|Landorus-Therian, M|100/100
|-ability|p1a: Landorus|Intimidate|boost
|-unboost|p2a: Tangrowth|atk|1
|move|p2a: Tangrowth|Focus Blast|p1a: Landorus
|-resisted|p1a: Landorus
|-damage|p1a: Landorus|89/100
|
|-heal|p1a: Landorus|95/100|[from] item: Leftovers
|upkeep
|turn|9
|
|t:|1665204387
|move|p1a: Landorus|U-turn|p2a: Tangrowth
|-supereffective|p2a: Tangrowth
|-damage|p2a: Tangrowth|32/100
|
|t:|1665204415
|switch|p1a: Ferrothorn|Ferrothorn, F|92/100|[from]move: U-turn
|move|p2a: Tangrowth|Giga Drain|p1a: Ferrothorn
|-resisted|p1a: Ferrothorn
|-damage|p1a: Ferrothorn|87/100
|-heal|p2a: Tangrowth|35/100|[from] drain|[of] p1a: Ferrothorn
|
|-heal|p1a: Ferrothorn|93/100|[from] item: Leftovers
|upkeep
|turn|10
|
|t:|1665204417
|switch|p2a: Heatran|Heatran, M|28/100
|move|p1a: Ferrothorn|Knock Off|p2a: Heatran
|-damage|p2a: Heatran|14/100
|
|-heal|p1a: Ferrothorn|99/100|[from] item: Leftovers
|upkeep
|turn|11
|
|t:|1665204420
|switch|p1a: Slowbro|Slowbro, F|100/100
|move|p2a: Heatran|Magma Storm|p1a: Slowbro
|-resisted|p1a: Slowbro
|-damage|p1a: Slowbro|75/100
|-activate|p1a: Slowbro|move: Magma Storm|[of] p2a: Heatran
|
|-damage|p1a: Slowbro|62/100|[from] move: Magma Storm|[partiallytrapped]
|upkeep
|turn|12
|
|t:|1665204423
|move|p2a: Heatran|Stealth Rock|p1a: Slowbro
|-sidestart|p1: Darkman64|move: Stealth Rock
|move|p1a: Slowbro|Scald|p2a: Heatran
|-supereffective|p2a: Heatran
|-damage|p2a: Heatran|0 fnt
|faint|p2a: Heatran
|
|-end|p1a: Slowbro|Magma Storm|[partiallytrapped]|[silent]
|upkeep
|
|t:|1665204424
|switch|p2a: Weavile|Weavile, M|100/100
|-ability|p2a: Weavile|Pressure
|turn|13
|inactive|Darkman64 has 120 seconds left.
|
|t:|1665204468
|switch|p1a: Ferrothorn|Ferrothorn, F|99/100
|-damage|p1a: Ferrothorn|93/100|[from] Stealth Rock
|move|p2a: Weavile|Knock Off|p1a: Ferrothorn
|-damage|p1a: Ferrothorn|55/100
|-damage|p2a: Weavile|88/100|[from] ability: Iron Barbs|[of] p1a: Ferrothorn
|-enditem|p1a: Ferrothorn|Leftovers|[from] move: Knock Off|[of] p2a: Weavile
|
|upkeep
|turn|14
|
|t:|1665204470
|switch|p2a: Tangrowth|Tangrowth, M|68/100
|move|p1a: Ferrothorn|Leech Seed|p2a: Tangrowth
|-immune|p2a: Tangrowth
|
|upkeep
|turn|15
|
|t:|1665204477
|switch|p1a: Slowbro|Slowbro, F|96/100
|move|p2a: Tangrowth|Focus Blast|p1a: Slowbro
|-resisted|p1a: Slowbro
|-damage|p1a: Slowbro|81/100
|
|upkeep
|turn|16
|
|t:|1665204479
|move|p2a: Tangrowth|Giga Drain|p1a: Slowbro
|-supereffective|p1a: Slowbro
|-damage|p1a: Slowbro|28/100
|-heal|p2a: Tangrowth|94/100|[from] drain|[of] p1a: Slowbro
|move|p1a: Slowbro|Teleport|p1a: Slowbro
|
|t:|1665204484
|switch|p1a: Clefable|Clefable, M|100/100|[from]move: Teleport
|-damage|p1a: Clefable|88/100|[from] Stealth Rock
|
|-heal|p1a: Clefable|94/100|[from] item: Leftovers
|upkeep
|turn|17
|
|t:|1665204487
|switch|p2a: Melmetal|Melmetal|71/100
|move|p1a: Clefable|Wish|p1a: Clefable
|
|-heal|p1a: Clefable|99/100|[from] item: Leftovers
|upkeep
|turn|18
|inactive|Darkman64 has 120 seconds left.
|
|t:|1665204532
|switch|p1a: Slowbro|Slowbro, F|61/100
|move|p2a: Melmetal|Earthquake|p1a: Slowbro
|-damage|p1a: Slowbro|38/100
|
|-heal|p1a: Slowbro|88/100|[from] move: Wish|[wisher] Clefable
|upkeep
|turn|19
|
|t:|1665204534
|move|p2a: Melmetal|Thunder Punch|p1a: Slowbro
|-supereffective|p1a: Slowbro
|-damage|p1a: Slowbro|44/100
|move|p1a: Slowbro|Scald|p2a: Melmetal
|-damage|p2a: Melmetal|56/100
|-status|p2a: Melmetal|brn
|
|-damage|p2a: Melmetal|50/100 brn|[from] brn
|upkeep
|turn|20
|
|t:|1665204537
|switch|p2a: Tangrowth|Tangrowth, M|100/100
|move|p1a: Slowbro|Teleport|p1a: Slowbro
|
|t:|1665204541
|switch|p1a: Landorus|Landorus-Therian, M|95/100|[from]move: Teleport
|-damage|p1a: Landorus|83/100|[from] Stealth Rock
|-ability|p1a: Landorus|Intimidate|boost
|-unboost|p2a: Tangrowth|atk|1
|
|-heal|p1a: Landorus|89/100|[from] item: Leftovers
|upkeep
|turn|21
|
|t:|1665204542
|move|p1a: Landorus|Defog|p2a: Tangrowth
|-unboost|p2a: Tangrowth|evasion|1
|-sideend|p1: Darkman64|Stealth Rock|[from] move: Defog|[of] p1a: Landorus
|move|p2a: Tangrowth|Sleep Powder|p1a: Landorus
|-status|p1a: Landorus|slp|[from] move: Sleep Powder
|
|-heal|p1a: Landorus|95/100 slp|[from] item: Leftovers
|upkeep
|turn|22
|
|t:|1665204545
|cant|p1a: Landorus|slp
|move|p2a: Tangrowth|Giga Drain|p1a: Landorus
|-damage|p1a: Landorus|75/100 slp
|
|-heal|p1a: Landorus|81/100 slp|[from] item: Leftovers
|upkeep
|turn|23
|
|t:|1665204546
|cant|p1a: Landorus|slp
|move|p2a: Tangrowth|Giga Drain|p1a: Landorus
|-damage|p1a: Landorus|59/100 slp
|
|-heal|p1a: Landorus|65/100 slp|[from] item: Leftovers
|upkeep
|turn|24
|
|t:|1665204566
|cant|p1a: Landorus|slp
|move|p2a: Tangrowth|Giga Drain|p1a: Landorus
|-crit|p1a: Landorus
|-damage|p1a: Landorus|34/100 slp
|
|-heal|p1a: Landorus|40/100 slp|[from] item: Leftovers
|upkeep
|turn|25
|
|t:|1665204568
|-curestatus|p1a: Landorus|slp|[msg]
|move|p1a: Landorus|U-turn|p2a: Tangrowth
|-supereffective|p2a: Tangrowth
|-damage|p2a: Tangrowth|77/100
|
|t:|1665204571
|switch|p1a: Clefable|Clefable, M|99/100|[from]move: U-turn
|move|p2a: Tangrowth|Giga Drain|p1a: Clefable
|-damage|p1a: Clefable|74/100
|-heal|p2a: Tangrowth|90/100|[from] drain|[of] p1a: Clefable
|
|-heal|p1a: Clefable|80/100|[from] item: Leftovers
|upkeep
|turn|26
|
|t:|1665204575
|switch|p1a: Ferrothorn|Ferrothorn, F|55/100
|move|p2a: Tangrowth|Sleep Powder|p1a: Ferrothorn
|-immune|p1a: Ferrothorn
|
|upkeep
|turn|27
|
|t:|1665204577
|move|p2a: Tangrowth|Focus Blast|p1a: Ferrothorn
|-supereffective|p1a: Ferrothorn
|-damage|p1a: Ferrothorn|8/100
|move|p1a: Ferrothorn|Spikes|p2a: Tangrowth
|-sidestart|p2: minimax_ai|Spikes
|
|upkeep
|turn|28
|
|t:|1665204579
|move|p2a: Tangrowth|Giga Drain|p1a: Ferrothorn
|-resisted|p1a: Ferrothorn
|-crit|p1a: Ferrothorn
|-damage|p1a: Ferrothorn|0 fnt
|-heal|p2a: Tangrowth|93/100|[from] drain|[of] p1a: Ferrothorn
|faint|p1a: Ferrothorn
|
|upkeep
|
|t:|1665204581
|switch|p1a: Weavile|Weavile, F|84/100
|-ability|p1a: Weavile|Pressure
|turn|29
|
|t:|1665204582
|move|p1a: Weavile|Triple Axel|p2a: Tangrowth
|-supereffective|p2a: Tangrowth
|-damage|p2a: Tangrowth|78/100
|-supereffective|p2a: Tangrowth
|-damage|p2a: Tangrowth|45/100
|-supereffective|p2a: Tangrowth
|-damage|p2a: Tangrowth|1/100
|-hitcount|p2a: Tangrowth|3
|move|p2a: Tangrowth|Giga Drain|p1a: Weavile
|-damage|p1a: Weavile|49/100
|-heal|p2a: Tangrowth|14/100|[from] drain|[of] p1a: Weavile
|
|upkeep
|turn|30
|
|t:|1665204585
|switch|p2a: rotomwash|Rotom-Wash|100/100
|move|p1a: Weavile|Triple Axel|p2a: rotomwash
|-resisted|p2a: rotomwash
|-damage|p2a: rotomwash|93/100
|-resisted|p2a: rotomwash
|-damage|p2a: rotomwash|77/100
|-resisted|p2a: rotomwash
|-damage|p2a: rotomwash|54/100
|-hitcount|p2a: rotomwash|3
|
|-heal|p2a: rotomwash|60/100|[from] item: Leftovers
|upkeep
|turn|31
|
|t:|1665204590
|switch|p1a: Landorus|Landorus-Therian, M|40/100
|-ability|p1a: Landorus|Intimidate|boost
|-unboost|p2a: rotomwash|atk|1
|move|p2a: rotomwash|Hydro Pump|p1a: Landorus
|-supereffective|p1a: Landorus
|-damage|p1a: Landorus|0 fnt
|faint|p1a: Landorus
|
|-heal|p2a: rotomwash|67/100|[from] item: Leftovers
|upkeep
|
|t:|1665204592
|switch|p1a: Weavile|Weavile, F|49/100
|-ability|p1a: Weavile|Pressure
|turn|32
|
|t:|1665204594
|switch|p2a: Melmetal|Melmetal|50/100 brn
|-damage|p2a: Melmetal|37/100 brn|[from] Spikes
|move|p1a: Weavile|Knock Off|p2a: Melmetal
|-damage|p2a: Melmetal|0 fnt
|-enditem|p2a: Melmetal|Assault Vest|[from] move: Knock Off|[of] p1a: Weavile
|faint|p2a: Melmetal
|
|upkeep
|
|t:|1665204594
|switch|p2a: landorustherian|Landorus-Therian, M|100/100
|-ability|p2a: landorustherian|Intimidate|boost
|-unboost|p1a: Weavile|atk|1
|turn|33
|inactive|Darkman64 has 120 seconds left.
|
|t:|1665204641
|switch|p1a: Slowbro|Slowbro, F|77/100
|move|p2a: landorustherian|Earthquake|p1a: Slowbro
|-damage|p1a: Slowbro|46/100
|
|upkeep
|turn|34
|
|t:|1665204643
|move|p2a: landorustherian|U-turn|p1a: Slowbro
|-supereffective|p1a: Slowbro
|-damage|p1a: Slowbro|16/100
|
|t:|1665204643
|switch|p2a: rotomwash|Rotom-Wash|67/100|[from]move: U-turn
|move|p1a: Slowbro|Teleport|p1a: Slowbro
|
|t:|1665204647
|switch|p1a: Urshifu|Urshifu-Rapid-Strike, M|30/100|[from]move: Teleport
|
|-heal|p2a: rotomwash|73/100|[from] item: Leftovers
|upkeep
|turn|35
|
|t:|1665204648
|move|p1a: Urshifu|Close Combat|p2a: rotomwash
|-damage|p2a: rotomwash|0 fnt
|-unboost|p1a: Urshifu|def|1
|-unboost|p1a: Urshifu|spd|1
|faint|p2a: rotomwash
|
|upkeep
|
|t:|1665204648
|switch|p2a: Weavile|Weavile, M|88/100
|-damage|p2a: Weavile|76/100|[from] Spikes
|-ability|p2a: Weavile|Pressure
|turn|36
|
|t:|1665204656
|switch|p1a: Slowbro|Slowbro, F|49/100
|move|p2a: Weavile|Triple Axel|p1a: Slowbro
|-resisted|p1a: Slowbro
|-damage|p1a: Slowbro|44/100
|-resisted|p1a: Slowbro
|-damage|p1a: Slowbro|35/100
|-resisted|p1a: Slowbro
|-damage|p1a: Slowbro|21/100
|-hitcount|p1a: Slowbro|3
|
|upkeep
|turn|37
|
|t:|1665204659
|move|p2a: Weavile|Triple Axel|p1a: Slowbro
|-resisted|p1a: Slowbro
|-damage|p1a: Slowbro|16/100
|-resisted|p1a: Slowbro
|-damage|p1a: Slowbro|7/100
|-resisted|p1a: Slowbro
|-damage|p1a: Slowbro|0 fnt
|faint|p1a: Slowbro
|-hitcount|p1: Slowbro|3
|
|upkeep
|
|t:|1665204664
|switch|p1a: Weavile|Weavile, F|49/100
|-ability|p1a: Weavile|Pressure
|turn|38
|
|t:|1665204667
|switch|p2a: Tangrowth|Tangrowth, M|47/100
|-damage|p2a: Tangrowth|35/100|[from] Spikes
|move|p1a: Weavile|Low Kick|p2a: Tangrowth
|-damage|p2a: Tangrowth|8/100
|
|upkeep
|turn|39
|
|t:|1665204669
|switch|p2a: landorustherian|Landorus-Therian, M|100/100
|-ability|p2a: landorustherian|Intimidate|boost
|-unboost|p1a: Weavile|atk|1
|move|p1a: Weavile|Low Kick|p2a: landorustherian
|-resisted|p2a: landorustherian
|-damage|p2a: landorustherian|87/100
|
|-heal|p2a: landorustherian|93/100|[from] item: Leftovers
|upkeep
|turn|40
|
|t:|1665204672
|switch|p1a: Clefable|Clefable, M|80/100
|move|p2a: landorustherian|Earthquake|p1a: Clefable
|-damage|p1a: Clefable|44/100
|
|-heal|p2a: landorustherian|99/100|[from] item: Leftovers
|-heal|p1a: Clefable|50/100|[from] item: Leftovers
|upkeep
|turn|41
|
|t:|1665204675
|move|p2a: landorustherian|Earthquake|p1a: Clefable
|-damage|p1a: Clefable|12/100
|move|p1a: Clefable|Wish|p1a: Clefable
|
|-heal|p2a: landorustherian|100/100|[from] item: Leftovers
|-heal|p1a: Clefable|18/100|[from] item: Leftovers
|upkeep
|turn|42
|
|t:|1665204678
|move|p1a: Clefable|Protect|p1a: Clefable
|-singleturn|p1a: Clefable|Protect
|move|p2a: landorustherian|Earthquake|p1a: Clefable
|-activate|p1a: Clefable|move: Protect
|
|-heal|p1a: Clefable|68/100|[from] move: Wish|[wisher] Clefable
|-heal|p1a: Clefable|74/100|[from] item: Leftovers
|upkeep
|turn|43
|
|t:|1665204680
|move|p2a: landorustherian|Earthquake|p1a: Clefable
|-damage|p1a: Clefable|37/100
|move|p1a: Clefable|Wish|p1a: Clefable
|
|-heal|p1a: Clefable|43/100|[from] item: Leftovers
|upkeep
|turn|44
|
|t:|1665204681
|move|p1a: Clefable|Protect|p1a: Clefable
|-singleturn|p1a: Clefable|Protect
|move|p2a: landorustherian|Earthquake|p1a: Clefable
|-activate|p1a: Clefable|move: Protect
|
|-heal|p1a: Clefable|93/100|[from] move: Wish|[wisher] Clefable
|-heal|p1a: Clefable|99/100|[from] item: Leftovers
|upkeep
|turn|45
|
|t:|1665204696
|move|p2a: landorustherian|Earthquake|p1a: Clefable
|-damage|p1a: Clefable|62/100
|move|p1a: Clefable|Wish|p1a: Clefable
|
|-heal|p1a: Clefable|68/100|[from] item: Leftovers
|upkeep
|turn|46
|
|t:|1665204697
|move|p2a: landorustherian|Earthquake|p1a: Clefable
|-damage|p1a: Clefable|34/100
|move|p1a: Clefable|Moonblast|p2a: landorustherian
|-damage|p2a: landorustherian|77/100
|
|-heal|p1a: Clefable|84/100|[from] move: Wish|[wisher] Clefable
|-heal|p2a: landorustherian|83/100|[from] item: Leftovers
|-heal|p1a: Clefable|90/100|[from] item: Leftovers
|upkeep
|turn|47
|
|t:|1665204700
|move|p2a: landorustherian|Earthquake|p1a: Clefable
|-damage|p1a: Clefable|51/100
|move|p1a: Clefable|Wish|p1a: Clefable
|
|-heal|p2a: landorustherian|89/100|[from] item: Leftovers
|-heal|p1a: Clefable|57/100|[from] item: Leftovers
|upkeep
|turn|48
|
|t:|1665204702
|move|p2a: landorustherian|Earthquake|p1a: Clefable
|-damage|p1a: Clefable|21/100
|move|p1a: Clefable|Teleport|p1a: Clefable
|
|t:|1665204704
|switch|p1a: Urshifu|Urshifu-Rapid-Strike, M|30/100|[from]move: Teleport
|
|-heal|p1a: Urshifu|87/100|[from] move: Wish|[wisher] Clefable
|-heal|p2a: landorustherian|95/100|[from] item: Leftovers
|upkeep
|turn|49
|
|t:|1665204705
|switch|p2a: Tangrowth|Tangrowth, M|41/100
|-damage|p2a: Tangrowth|29/100|[from] Spikes
|move|p1a: Urshifu|Surging Strikes|p2a: Tangrowth
|-resisted|p2a: Tangrowth
|-crit|p2a: Tangrowth
|-damage|p2a: Tangrowth|21/100
|-resisted|p2a: Tangrowth
|-crit|p2a: Tangrowth
|-damage|p2a: Tangrowth|13/100
|-resisted|p2a: Tangrowth
|-crit|p2a: Tangrowth
|-damage|p2a: Tangrowth|5/100
|-hitcount|p2a: Tangrowth|3
|
|upkeep
|turn|50
|
|t:|1665204708
|move|p1a: Urshifu|Surging Strikes|p2a: Tangrowth
|-resisted|p2a: Tangrowth
|-crit|p2a: Tangrowth
|-damage|p2a: Tangrowth|0 fnt
|faint|p2a: Tangrowth
|-hitcount|p2: Tangrowth|1
|
|upkeep
|
|t:|1665204708
|switch|p2a: landorustherian|Landorus-Therian, M|95/100
|-ability|p2a: landorustherian|Intimidate|boost
|-unboost|p1a: Urshifu|atk|1
|turn|51
|
|t:|1665204710
|move|p1a: Urshifu|Surging Strikes|p2a: landorustherian
|-supereffective|p2a: landorustherian
|-crit|p2a: landorustherian
|-damage|p2a: landorustherian|38/100
|-supereffective|p2a: landorustherian
|-crit|p2a: landorustherian
|-damage|p2a: landorustherian|0 fnt
|faint|p2a: landorustherian
|-hitcount|p2: landorustherian|2
|
|upkeep
|
|t:|1665204710
|switch|p2a: Weavile|Weavile, M|76/100
|-damage|p2a: Weavile|63/100|[from] Spikes
|-ability|p2a: Weavile|Pressure
|turn|52
|c|☆Darkman64|gg{
|
|t:|1665204714
|move|p2a: Weavile|Low Kick|p1a: Urshifu
|-damage|p1a: Urshifu|37/100
|move|p1a: Urshifu|Surging Strikes|p2a: Weavile
|-crit|p2a: Weavile
|-damage|p2a: Weavile|12/100
|-crit|p2a: Weavile
|-damage|p2a: Weavile|0 fnt
|faint|p2a: Weavile
|-hitcount|p2: Weavile|2
|
|win|Darkman64
|raw|Darkman64's rating: 1574 &rarr; <strong>1594</strong><br />(+20 for winning)
|raw|minimax_ai's rating: 1577 &rarr; <strong>1557</strong><br />(-20 for losing)
|c|☆minimax_ai|gg
