|j|☆friedfreak
|j|☆70to90gxe
|t:|1619508299
|gametype|singles
|player|p1|friedfreak|101|1829
|player|p2|70to90gxe|2|2012
|teamsize|p1|6
|teamsize|p2|6
|gen|8
|tier|[Gen 8] OU
|rated|
|clearpoke
|poke|p1|Heatran, F|
|poke|p1|Zeraora|
|poke|p1|Dragonite, F|
|poke|p1|Kartana|
|poke|p1|Tapu Lele|
|poke|p1|Slowbro, M|
|poke|p2|Quagsire, F|
|poke|p2|Blissey, F|
|poke|p2|Corviknight, F|
|poke|p2|Slowking-Galar, F|
|poke|p2|Slowbro, M|
|poke|p2|Buzzwole|
|rule|Sleep Clause Mod: Limit one foe put to sleep
|rule|Species Clause: Limit one of each Pokémon
|rule|OHKO Clause: OHKO moves are banned
|rule|Evasion Moves Clause: Evasion moves are banned
|rule|Endless Battle Clause: Forcing endless battles is banned
|rule|HP Percentage Mod: HP is shown in percentages
|rule|Dynamax Clause: You cannot dynamax
|teampreview
|j| himanshu1309
|j| souptreecko
|
|t:|1619508339
|start
|switch|p1a: Slowbro|Slowbro, M|100/100
|switch|p2a: Slowbro|Slowbro, M|100/100
|turn|1
|
|t:|1619508344
|move|p2a: Slowbro|Scald|p1a: Slowbro
|-resisted|p1a: Slowbro
|-damage|p1a: Slowbro|86/100
|move|p1a: Slowbro|Future Sight|p2a: Slowbro
|-start|p1a: Slowbro|move: Future Sight
|
|upkeep
|turn|2
|
|t:|1619508366
|move|p1a: Slowbro|Teleport|p1a: Slowbro
|
|t:|1619508386
|switch|p1a: Tapu Lele|Tapu Lele|100/100|[from]move: Teleport
|-fieldstart|move: Psychic Terrain|[from] ability: Psychic Surge|[of] p1a: Tapu Lele
|move|p2a: Slowbro|Teleport|p2a: Slowbro
|
|t:|1619508389
|switch|p2a: Corviknight|Corviknight, F|100/100|[from]move: Teleport
|-ability|p2a: Corviknight|Pressure
|
|upkeep
|turn|3
|
|t:|1619508419
|move|p1a: Tapu Lele|Psychic|p2a: Corviknight
|-resisted|p2a: Corviknight
|-damage|p2a: Corviknight|70/100
|move|p2a: Corviknight|Iron Head|p1a: Tapu Lele
|-supereffective|p1a: Tapu Lele
|-damage|p1a: Tapu Lele|26/100
|
|-end|p2a: Corviknight|move: Future Sight
|-resisted|p2a: Corviknight
|-damage|p2a: Corviknight|52/100
|-heal|p2a: Corviknight|58/100|[from] item: Leftovers
|upkeep
|turn|4
|
|t:|1619508426
|switch|p1a: Heatran|Heatran, F|100/100
|move|p2a: Corviknight|Roost|p2a: Corviknight
|-heal|p2a: Corviknight|100/100
|-singleturn|p2a: Corviknight|move: Roost
|
|upkeep
|turn|5
|
|t:|1619508441
|switch|p2a: Slowbro|Slowbro, M|100/100
|move|p1a: Heatran|Stealth Rock|p2a: Slowbro
|-sidestart|p2: 70to90gxe|move: Stealth Rock
|
|upkeep
|turn|6
|
|t:|1619508451
|move|p1a: Heatran|Toxic|p2a: Slowbro
|-status|p2a: Slowbro|tox
|move|p2a: Slowbro|Teleport|p2a: Slowbro
|
|t:|1619508453
|switch|p2a: Quagsire|Quagsire, F|100/100|[from]move: Teleport
|-damage|p2a: Quagsire|94/100|[from] Stealth Rock
|
|-heal|p2a: Quagsire|100/100|[from] item: Leftovers
|-fieldend|move: Psychic Terrain
|upkeep
|turn|7
|
|t:|1619508462
|switch|p1a: Slowbro|Slowbro, M|100/100
|switch|p2a: Blissey|Blissey, F|100/100
|
|upkeep
|turn|8
|
|t:|1619508465
|move|p2a: Blissey|Toxic|p1a: Slowbro
|-status|p1a: Slowbro|tox
|move|p1a: Slowbro|Future Sight|p2a: Blissey
|-start|p1a: Slowbro|move: Future Sight
|
|-damage|p1a: Slowbro|94/100 tox|[from] psn
|upkeep
|turn|9
|j| sonsonic
|
|t:|1619508477
|move|p2a: Blissey|Seismic Toss|p1a: Slowbro
|-damage|p1a: Slowbro|69/100 tox
|-damage|p2a: Blissey|84/100|[from] item: Rocky Helmet|[of] p1a: Slowbro
|move|p1a: Slowbro|Teleport|p1a: Slowbro
|
|t:|1619508497
|switch|p1a: Kartana|Kartana|100/100|[from]move: Teleport
|
|upkeep
|turn|10
|
|t:|1619508509
|move|p1a: Kartana|Knock Off|p2a: Blissey
|-damage|p2a: Blissey|23/100
|-enditem|p2a: Blissey|Heavy-Duty Boots|[from] move: Knock Off|[of] p1a: Kartana
|move|p2a: Blissey|Soft-Boiled|p2a: Blissey
|-heal|p2a: Blissey|73/100
|
|-end|p2a: Blissey|move: Future Sight
|-damage|p2a: Blissey|59/100
|upkeep
|turn|11
|
|t:|1619508523
|switch|p1a: Slowbro|Slowbro, M|100/100 tox
|move|p2a: Blissey|Soft-Boiled|p2a: Blissey
|-heal|p2a: Blissey|100/100
|
|-damage|p1a: Slowbro|94/100 tox|[from] psn
|upkeep
|turn|12
|
|t:|1619508526
|switch|p2a: Corviknight|Corviknight, F|100/100
|-damage|p2a: Corviknight|88/100|[from] Stealth Rock
|-ability|p2a: Corviknight|Pressure
|move|p1a: Slowbro|Future Sight|p2a: Corviknight
|-start|p1a: Slowbro|move: Future Sight
|
|-heal|p2a: Corviknight|94/100|[from] item: Leftovers
|-damage|p1a: Slowbro|82/100 tox|[from] psn
|upkeep
|turn|13
|l| himanshu1309
|
|t:|1619508545
|move|p2a: Corviknight|Defog|p1a: Slowbro
|-unboost|p1a: Slowbro|evasion|1
|-sideend|p2: 70to90gxe|Stealth Rock|[from] move: Defog|[of] p2a: Corviknight
|move|p1a: Slowbro|Scald|p2a: Corviknight
|-damage|p2a: Corviknight|76/100
|
|-heal|p2a: Corviknight|82/100|[from] item: Leftovers
|-damage|p1a: Slowbro|64/100 tox|[from] psn
|upkeep
|turn|14
|
|t:|1619508554
|move|p2a: Corviknight|Roost|p2a: Corviknight
|-heal|p2a: Corviknight|100/100
|-singleturn|p2a: Corviknight|move: Roost
|move|p1a: Slowbro|Teleport|p1a: Slowbro
|
|t:|1619508557
|switch|p1a: Heatran|Heatran, F|100/100|[from]move: Teleport
|
|-end|p2a: Corviknight|move: Future Sight
|-resisted|p2a: Corviknight
|-damage|p2a: Corviknight|87/100
|-heal|p2a: Corviknight|93/100|[from] item: Leftovers
|upkeep
|turn|15
|j| gamer girlie 123
|
|t:|1619508562
|switch|p2a: Quagsire|Quagsire, F|100/100
|move|p1a: Heatran|Stealth Rock|p2a: Quagsire
|-sidestart|p2: 70to90gxe|move: Stealth Rock
|
|upkeep
|turn|16
|j| HOF69
|
|t:|1619508565
|switch|p1a: Slowbro|Slowbro, M|97/100 tox
|move|p2a: Quagsire|Earthquake|p1a: Slowbro
|-damage|p1a: Slowbro|79/100 tox
|
|-damage|p1a: Slowbro|73/100 tox|[from] psn
|upkeep
|turn|17
|
|t:|1619508568
|switch|p2a: Corviknight|Corviknight, F|93/100
|-damage|p2a: Corviknight|81/100|[from] Stealth Rock
|-ability|p2a: Corviknight|Pressure
|move|p1a: Slowbro|Future Sight|p2a: Corviknight
|-start|p1a: Slowbro|move: Future Sight
|
|-heal|p2a: Corviknight|87/100|[from] item: Leftovers
|-damage|p1a: Slowbro|60/100 tox|[from] psn
|upkeep
|turn|18
|
|t:|1619508579
|move|p2a: Corviknight|Defog|p1a: Slowbro
|-unboost|p1a: Slowbro|evasion|1
|-sideend|p2: 70to90gxe|Stealth Rock|[from] move: Defog|[of] p2a: Corviknight
|move|p1a: Slowbro|Scald|p2a: Corviknight
|-damage|p2a: Corviknight|68/100
|-status|p2a: Corviknight|brn
|
|-heal|p2a: Corviknight|74/100 brn|[from] item: Leftovers
|-damage|p2a: Corviknight|68/100 brn|[from] brn
|-damage|p1a: Slowbro|42/100 tox|[from] psn
|upkeep
|turn|19
|j| Grimmisnarl
|
|t:|1619508585
|switch|p2a: Blissey|Blissey, F|100/100
|move|p1a: Slowbro|Teleport|p1a: Slowbro
|
|t:|1619508600
|switch|p1a: Kartana|Kartana|100/100|[from]move: Teleport
|
|-end|p2a: Blissey|move: Future Sight
|-damage|p2a: Blissey|86/100
|upkeep
|turn|20
|
|t:|1619508616
|switch|p1a: Slowbro|Slowbro, M|75/100 tox
|switch|p2a: Buzzwole|Buzzwole|100/100
|
|-damage|p1a: Slowbro|69/100 tox|[from] psn
|upkeep
|turn|21
|
|t:|1619508636
|move|p2a: Buzzwole|Lunge|p1a: Slowbro
|-supereffective|p1a: Slowbro
|-damage|p1a: Slowbro|30/100 tox
|-unboost|p1a: Slowbro|atk|1
|-damage|p2a: Buzzwole|84/100|[from] item: Rocky Helmet|[of] p1a: Slowbro
|move|p1a: Slowbro|Scald|p2a: Buzzwole
|-damage|p2a: Buzzwole|45/100
|
|-damage|p1a: Slowbro|18/100 tox|[from] psn
|upkeep
|turn|22
|
|t:|1619508648
|switch|p1a: Dragonite|Dragonite, F|100/100
|move|p2a: Buzzwole|Roost|p2a: Buzzwole
|-heal|p2a: Buzzwole|95/100
|-singleturn|p2a: Buzzwole|move: Roost
|
|upkeep
|turn|23
|
|t:|1619508652
|move|p1a: Dragonite|Toxic|p2a: Buzzwole
|-status|p2a: Buzzwole|tox
|move|p2a: Buzzwole|Ice Punch|p1a: Dragonite
|-supereffective|p1a: Dragonite
|-damage|p1a: Dragonite|65/100
|
|-damage|p2a: Buzzwole|89/100 tox|[from] psn
|upkeep
|turn|24
|
|t:|1619508659
|switch|p2a: Blissey|Blissey, F|86/100
|move|p1a: Dragonite|Roost|p1a: Dragonite
|-heal|p1a: Dragonite|100/100
|-singleturn|p1a: Dragonite|move: Roost
|
|upkeep
|turn|25
|
|t:|1619508664
|switch|p1a: Slowbro|Slowbro, M|51/100 tox
|move|p2a: Blissey|Heal Bell|p2a: Blissey
|-activate|p2a: Blissey|move: Heal Bell
|-curestatus|p2: Corviknight|brn|[msg]
|-curestatus|p2: Slowbro|tox|[msg]
|-curestatus|p2: Buzzwole|tox|[msg]
|
|-damage|p1a: Slowbro|45/100 tox|[from] psn
|upkeep
|turn|26
|
|t:|1619508668
|move|p2a: Blissey|Seismic Toss|p1a: Slowbro
|-damage|p1a: Slowbro|19/100 tox
|-damage|p2a: Blissey|70/100|[from] item: Rocky Helmet|[of] p1a: Slowbro
|move|p1a: Slowbro|Slack Off|p1a: Slowbro
|-heal|p1a: Slowbro|69/100 tox
|
|-damage|p1a: Slowbro|57/100 tox|[from] psn
|upkeep
|turn|27
|
|t:|1619508674
|move|p2a: Blissey|Seismic Toss|p1a: Slowbro
|-damage|p1a: Slowbro|32/100 tox
|-damage|p2a: Blissey|53/100|[from] item: Rocky Helmet|[of] p1a: Slowbro
|move|p1a: Slowbro|Future Sight|p2a: Blissey
|-start|p1a: Slowbro|move: Future Sight
|
|-damage|p1a: Slowbro|13/100 tox|[from] psn
|upkeep
|turn|28
|
|t:|1619508683
|switch|p2a: Corviknight|Corviknight, F|68/100
|-ability|p2a: Corviknight|Pressure
|switch|p1a: Kartana|Kartana|100/100
|
|-heal|p2a: Corviknight|74/100|[from] item: Leftovers
|upkeep
|turn|29
|
|t:|1619508700
|move|p1a: Kartana|Knock Off|p2a: Corviknight
|-damage|p2a: Corviknight|20/100
|-enditem|p2a: Corviknight|Leftovers|[from] move: Knock Off|[of] p1a: Kartana
|move|p2a: Corviknight|Roost|p2a: Corviknight
|-heal|p2a: Corviknight|70/100
|-singleturn|p2a: Corviknight|move: Roost
|
|-end|p2a: Corviknight|move: Future Sight
|-resisted|p2a: Corviknight
|-damage|p2a: Corviknight|55/100
|upkeep
|turn|30
|
|t:|1619508709
|switch|p1a: Heatran|Heatran, F|100/100
|switch|p2a: Buzzwole|Buzzwole|89/100
|
|upkeep
|turn|31
|
|t:|1619508727
|switch|p2a: Quagsire|Quagsire, F|100/100
|switch|p1a: Dragonite|Dragonite, F|100/100
|
|upkeep
|turn|32
|
|t:|1619508732
|switch|p1a: Slowbro|Slowbro, M|47/100 tox
|switch|p2a: Slowbro|Slowbro, M|100/100
|
|-damage|p1a: Slowbro|41/100 tox|[from] psn
|upkeep
|turn|33
|
|t:|1619508736
|move|p1a: Slowbro|Slack Off|p1a: Slowbro
|-heal|p1a: Slowbro|91/100 tox
|move|p2a: Slowbro|Teleport|p2a: Slowbro
|
|t:|1619508739
|switch|p2a: Slowking|Slowking-Galar, F|100/100|[from]move: Teleport
|
|-damage|p1a: Slowbro|78/100 tox|[from] psn
|upkeep
|turn|34
|
|t:|1619508744
|move|p2a: Slowking|Nasty Plot|p2a: Slowking
|-boost|p2a: Slowking|spa|2
|move|p1a: Slowbro|Future Sight|p2a: Slowking
|-start|p1a: Slowbro|move: Future Sight
|
|-damage|p1a: Slowbro|60/100 tox|[from] psn
|upkeep
|turn|35
|l| Grimmisnarl
|
|t:|1619508764
|switch|p1a: Heatran|Heatran, F|100/100
|move|p2a: Slowking|Scald|p1a: Heatran
|-supereffective|p1a: Heatran
|-damage|p1a: Heatran|43/100
|
|-heal|p1a: Heatran|49/100|[from] item: Leftovers
|upkeep
|turn|36
|j| angrybluebug
|
|t:|1619508785
|switch|p1a: Dragonite|Dragonite, F|100/100
|move|p2a: Slowking|Scald|p1a: Dragonite
|-resisted|p1a: Dragonite
|-damage|p1a: Dragonite|89/100
|
|-end|p2a: Slowking|move: Future Sight
|-damage|p2a: Slowking|73/100
|upkeep
|turn|37
|
|t:|1619508790
|move|p1a: Dragonite|Earthquake|p2a: Slowking
|-supereffective|p2a: Slowking
|-enditem|p2a: Slowking|Shuca Berry|[eat]
|-enditem|p2a: Slowking|Shuca Berry|[weaken]
|-damage|p2a: Slowking|40/100
|move|p2a: Slowking|Sludge Bomb|p1a: Dragonite
|-damage|p1a: Dragonite|21/100
|-status|p1a: Dragonite|psn
|
|-damage|p1a: Dragonite|8/100 psn|[from] psn
|upkeep
|turn|38
|
|t:|1619508806
|move|p1a: Dragonite|Roost|p1a: Dragonite
|-heal|p1a: Dragonite|58/100 psn
|-singleturn|p1a: Dragonite|move: Roost
|move|p2a: Slowking|Sludge Bomb|p1a: Dragonite
|-damage|p1a: Dragonite|0 fnt
|faint|p1a: Dragonite
|
|upkeep
|
|t:|1619508843
|switch|p1a: Tapu Lele|Tapu Lele|26/100
|-fieldstart|move: Psychic Terrain|[from] ability: Psychic Surge|[of] p1a: Tapu Lele
|turn|39
|
|t:|1619508849
|switch|p2a: Slowbro|Slowbro, M|100/100
|move|p1a: Tapu Lele|Psychic|p2a: Slowbro
|-resisted|p2a: Slowbro
|-damage|p2a: Slowbro|50/100
|
|upkeep
|turn|40
|inactive|Battle timer is ON: inactive players will automatically lose when time's up. (requested by friedfreak)
|
|t:|1619508873
|move|p1a: Tapu Lele|Psychic|p2a: Slowbro
|-resisted|p2a: Slowbro
|-damage|p2a: Slowbro|4/100
|move|p2a: Slowbro|Scald|p1a: Tapu Lele
|-damage|p1a: Tapu Lele|0 fnt
|faint|p1a: Tapu Lele
|
|upkeep
|j| lordgokulan
|j| Chungite
|
|t:|1619508893
|switch|p1a: Heatran|Heatran, F|49/100
|turn|41
|
|t:|1619508897
|switch|p2a: Quagsire|Quagsire, F|100/100
|move|p1a: Heatran|Earth Power|p2a: Quagsire
|-damage|p2a: Quagsire|68/100
|
|-heal|p1a: Heatran|55/100|[from] item: Leftovers
|-heal|p2a: Quagsire|74/100|[from] item: Leftovers
|upkeep
|turn|42
|
|t:|1619508917
|move|p1a: Heatran|Toxic|p2a: Quagsire|[miss]
|-miss|p1a: Heatran|p2a: Quagsire
|move|p2a: Quagsire|Earthquake|p1a: Heatran
|-supereffective|p1a: Heatran
|-damage|p1a: Heatran|0 fnt
|faint|p1a: Heatran
|
|-heal|p2a: Quagsire|80/100|[from] item: Leftovers
|upkeep
|
|t:|1619508923
|switch|p1a: Slowbro|Slowbro, M|93/100 tox
|turn|43
|
|t:|1619508928
|move|p2a: Quagsire|Earthquake|p1a: Slowbro
|-damage|p1a: Slowbro|76/100 tox
|move|p1a: Slowbro|Future Sight|p2a: Quagsire
|-start|p1a: Slowbro|move: Future Sight
|
|-heal|p2a: Quagsire|86/100|[from] item: Leftovers
|-damage|p1a: Slowbro|70/100 tox|[from] psn
|-fieldend|move: Psychic Terrain
|upkeep
|turn|44
|
|t:|1619508937
|move|p2a: Quagsire|Earthquake|p1a: Slowbro
|-damage|p1a: Slowbro|53/100 tox
|move|p1a: Slowbro|Teleport|p1a: Slowbro
|
|t:|1619508946
|switch|p1a: Kartana|Kartana|100/100|[from]move: Teleport
|
|-heal|p2a: Quagsire|92/100|[from] item: Leftovers
|upkeep
|turn|45
|
|t:|1619508955
|move|p2a: Quagsire|Protect|p2a: Quagsire
|-singleturn|p2a: Quagsire|Protect
|move|p1a: Kartana|Leaf Blade|p2a: Quagsire
|-activate|p2a: Quagsire|move: Protect
|
|-end|p2a: Quagsire|move: Future Sight
|-damage|p2a: Quagsire|43/100
|-heal|p2a: Quagsire|49/100|[from] item: Leftovers
|upkeep
|turn|46
|
|t:|1619508963
|switch|p1a: Slowbro|Slowbro, M|86/100 tox
|switch|p2a: Buzzwole|Buzzwole|89/100
|
|-damage|p1a: Slowbro|80/100 tox|[from] psn
|upkeep
|turn|47
|
|t:|1619508988
|switch|p2a: Slowbro|Slowbro, M|37/100
|move|p1a: Slowbro|Teleport|p1a: Slowbro
|
|t:|1619508999
|switch|p1a: Zeraora|Zeraora|100/100|[from]move: Teleport
|
|upkeep
|turn|48
|
|t:|1619509008
|switch|p2a: Buzzwole|Buzzwole|89/100
|move|p1a: Zeraora|Knock Off|p2a: Buzzwole
|-resisted|p2a: Buzzwole
|-damage|p2a: Buzzwole|82/100
|-damage|p1a: Zeraora|84/100|[from] item: Rocky Helmet|[of] p2a: Buzzwole
|-enditem|p2a: Buzzwole|Rocky Helmet|[from] move: Knock Off|[of] p1a: Zeraora
|
|-heal|p1a: Zeraora|90/100|[from] item: Leftovers
|upkeep
|turn|49
|j| frigdigjdrifg
|
|t:|1619509023
|switch|p1a: Slowbro|Slowbro, M|100/100 tox
|move|p2a: Buzzwole|Lunge|p1a: Slowbro
|-supereffective|p1a: Slowbro
|-damage|p1a: Slowbro|61/100 tox
|-unboost|p1a: Slowbro|atk|1
|-damage|p2a: Buzzwole|65/100|[from] item: Rocky Helmet|[of] p1a: Slowbro
|
|-damage|p1a: Slowbro|55/100 tox|[from] psn
|upkeep
|turn|50
|inactive|friedfreak has 120 seconds left.
|j| PINER POKEMAN
|
|t:|1619509039
|move|p2a: Buzzwole|Roost|p2a: Buzzwole
|-heal|p2a: Buzzwole|100/100
|-singleturn|p2a: Buzzwole|move: Roost
|move|p1a: Slowbro|Scald|p2a: Buzzwole
|-damage|p2a: Buzzwole|66/100
|-status|p2a: Buzzwole|brn
|
|-damage|p2a: Buzzwole|60/100 brn|[from] brn
|-damage|p1a: Slowbro|43/100 tox|[from] psn
|upkeep
|turn|51
|
|t:|1619509046
|move|p2a: Buzzwole|Roost|p2a: Buzzwole
|-heal|p2a: Buzzwole|100/100 brn
|-singleturn|p2a: Buzzwole|move: Roost
|move|p1a: Slowbro|Teleport|p1a: Slowbro
|l| sonsonic
|
|t:|1619509051
|switch|p1a: Zeraora|Zeraora|90/100|[from]move: Teleport
|
|-heal|p1a: Zeraora|96/100|[from] item: Leftovers
|-damage|p2a: Buzzwole|94/100 brn|[from] brn
|upkeep
|turn|52
|
|t:|1619509057
|switch|p1a: Slowbro|Slowbro, M|76/100 tox
|switch|p2a: Slowbro|Slowbro, M|71/100
|
|-damage|p1a: Slowbro|70/100 tox|[from] psn
|upkeep
|turn|53
|
|t:|1619509060
|move|p1a: Slowbro|Future Sight|p2a: Slowbro
|-start|p1a: Slowbro|move: Future Sight
|move|p2a: Slowbro|Teleport|p2a: Slowbro
|
|t:|1619509064
|switch|p2a: Blissey|Blissey, F|53/100|[from]move: Teleport
|
|-damage|p1a: Slowbro|58/100 tox|[from] psn
|upkeep
|turn|54
|
|t:|1619509084
|move|p2a: Blissey|Heal Bell|p2a: Blissey
|-activate|p2a: Blissey|move: Heal Bell
|-curestatus|p2: Buzzwole|brn|[msg]
|move|p1a: Slowbro|Teleport|p1a: Slowbro
|
|t:|1619509100
|switch|p1a: Zeraora|Zeraora|96/100|[from]move: Teleport
|
|-heal|p1a: Zeraora|100/100|[from] item: Leftovers
|upkeep
|turn|55
|l| angrybluebug
|l| Chungite
|
|t:|1619509111
|move|p1a: Zeraora|Bulk Up|p1a: Zeraora
|-boost|p1a: Zeraora|atk|1
|-boost|p1a: Zeraora|def|1
|move|p2a: Blissey|Soft-Boiled|p2a: Blissey
|-heal|p2a: Blissey|100/100
|
|-end|p2a: Blissey|move: Future Sight
|-damage|p2a: Blissey|85/100
|upkeep
|turn|56
|
|t:|1619509122
|move|p1a: Zeraora|Close Combat|p2a: Blissey
|-supereffective|p2a: Blissey
|-damage|p2a: Blissey|0 fnt
|-unboost|p1a: Zeraora|def|1
|-unboost|p1a: Zeraora|spd|1
|faint|p2a: Blissey
|
|upkeep
|
|t:|1619509125
|switch|p2a: Quagsire|Quagsire, F|49/100
|turn|57
|
|t:|1619509129
|switch|p1a: Slowbro|Slowbro, M|91/100 tox
|move|p2a: Quagsire|Earthquake|p1a: Slowbro
|-damage|p1a: Slowbro|75/100 tox
|
|-heal|p2a: Quagsire|55/100|[from] item: Leftovers
|-damage|p1a: Slowbro|69/100 tox|[from] psn
|upkeep
|turn|58
|
|t:|1619509135
|switch|p2a: Slowking|Slowking-Galar, F|73/100
|move|p1a: Slowbro|Scald|p2a: Slowking
|-damage|p2a: Slowking|52/100
|
|-damage|p1a: Slowbro|56/100 tox|[from] psn
|upkeep
|turn|59
|
|t:|1619509143
|move|p2a: Slowking|Sludge Bomb|p1a: Slowbro
|-damage|p1a: Slowbro|13/100 tox
|move|p1a: Slowbro|Teleport|p1a: Slowbro
|
|t:|1619509169
|switch|p1a: Kartana|Kartana|100/100|[from]move: Teleport
|
|upkeep
|turn|60
|
|t:|1619509183
|switch|p1a: Slowbro|Slowbro, M|46/100 tox
|move|p2a: Slowking|Sludge Bomb|p1a: Slowbro
|-damage|p1a: Slowbro|7/100 tox
|
|-damage|p1a: Slowbro|1/100 tox|[from] psn
|upkeep
|turn|61
|
|t:|1619509197
|switch|p1a: Zeraora|Zeraora|100/100
|move|p2a: Slowking|Scald|p1a: Zeraora
|-damage|p1a: Zeraora|70/100
|
|-heal|p1a: Zeraora|76/100|[from] item: Leftovers
|upkeep
|turn|62
|j| DaveTheNakedGuy
|
|t:|1619509207
|switch|p2a: Quagsire|Quagsire, F|55/100
|move|p1a: Zeraora|Plasma Fists|p2a: Quagsire
|-immune|p2a: Quagsire
|
|-heal|p1a: Zeraora|82/100|[from] item: Leftovers
|-heal|p2a: Quagsire|61/100|[from] item: Leftovers
|upkeep
|turn|63
|
|t:|1619509223
|switch|p1a: Kartana|Kartana|100/100
|move|p2a: Quagsire|Earthquake|p1a: Kartana
|-damage|p1a: Kartana|67/100
|
|-heal|p2a: Quagsire|67/100|[from] item: Leftovers
|upkeep
|turn|64
|
|t:|1619509229
|switch|p1a: Slowbro|Slowbro, M|35/100 tox
|switch|p2a: Buzzwole|Buzzwole|94/100
|
|-damage|p1a: Slowbro|28/100 tox|[from] psn
|upkeep
|turn|65
|
|t:|1619509240
|switch|p1a: Zeraora|Zeraora|82/100
|move|p2a: Buzzwole|Lunge|p1a: Zeraora
|-damage|p1a: Zeraora|33/100
|-unboost|p1a: Zeraora|atk|1
|
|-heal|p1a: Zeraora|39/100|[from] item: Leftovers
|upkeep
|turn|66
|
|t:|1619509257
|move|p1a: Zeraora|Plasma Fists|p2a: Buzzwole
|-damage|p2a: Buzzwole|78/100
|move|p2a: Buzzwole|Lunge|p1a: Zeraora
|-damage|p1a: Zeraora|0 fnt
|faint|p1a: Zeraora
|-ability|p2a: Buzzwole|Beast Boost|boost
|-boost|p2a: Buzzwole|def|1
|
|upkeep
|
|t:|1619509261
|switch|p1a: Slowbro|Slowbro, M|62/100 tox
|turn|67
|
|t:|1619509269
|switch|p2a: Slowking|Slowking-Galar, F|86/100
|move|p1a: Slowbro|Slack Off|p1a: Slowbro
|-heal|p1a: Slowbro|100/100 tox
|
|-damage|p1a: Slowbro|94/100 tox|[from] psn
|upkeep
|turn|68
|
|t:|1619509277
|move|p2a: Slowking|Sludge Bomb|p1a: Slowbro
|-damage|p1a: Slowbro|52/100 tox
|move|p1a: Slowbro|Future Sight|p2a: Slowking
|-start|p1a: Slowbro|move: Future Sight
|
|-damage|p1a: Slowbro|39/100 tox|[from] psn
|upkeep
|turn|69
|
|t:|1619509289
|switch|p1a: Kartana|Kartana|67/100
|move|p2a: Slowking|Scald|p1a: Kartana
|-resisted|p1a: Kartana
|-damage|p1a: Kartana|31/100
|
|upkeep
|turn|70
|
|t:|1619509314
|switch|p2a: Corviknight|Corviknight, F|55/100
|-ability|p2a: Corviknight|Pressure
|move|p1a: Kartana|Leaf Blade|p2a: Corviknight
|-resisted|p2a: Corviknight
|-damage|p2a: Corviknight|37/100
|
|-end|p2a: Corviknight|move: Future Sight
|-resisted|p2a: Corviknight
|-damage|p2a: Corviknight|23/100
|upkeep
|turn|71
|
|t:|1619509322
|switch|p1a: Slowbro|Slowbro, M|73/100 tox
|switch|p2a: Slowking|Slowking-Galar, F|100/100
|
|-damage|p1a: Slowbro|66/100 tox|[from] psn
|upkeep
|turn|72
|
|t:|1619509331
|move|p2a: Slowking|Sludge Bomb|p1a: Slowbro
|-damage|p1a: Slowbro|28/100 tox
|move|p1a: Slowbro|Slack Off|p1a: Slowbro
|-heal|p1a: Slowbro|78/100 tox
|
|-damage|p1a: Slowbro|66/100 tox|[from] psn
|upkeep
|turn|73
|j| Lucrodium
|
|t:|1619509335
|move|p2a: Slowking|Sludge Bomb|p1a: Slowbro
|-damage|p1a: Slowbro|28/100 tox
|move|p1a: Slowbro|Teleport|p1a: Slowbro
|
|t:|1619509337
|switch|p1a: Kartana|Kartana|31/100|[from]move: Teleport
|
|upkeep
|turn|74
|
|t:|1619509344
|move|p1a: Kartana|Knock Off|p2a: Slowking
|-supereffective|p2a: Slowking
|-damage|p2a: Slowking|12/100
|move|p2a: Slowking|Sludge Bomb|p1a: Kartana
|-immune|p1a: Kartana
|
|upkeep
|turn|75
|
|t:|1619509348
|move|p1a: Kartana|Knock Off|p2a: Slowking
|-supereffective|p2a: Slowking
|-damage|p2a: Slowking|0 fnt
|faint|p2a: Slowking
|-ability|p1a: Kartana|Beast Boost|boost
|-boost|p1a: Kartana|atk|1
|
|upkeep
|
|t:|1619509349
|switch|p2a: Buzzwole|Buzzwole|78/100
|turn|76
|
|t:|1619509360
|switch|p1a: Slowbro|Slowbro, M|61/100 tox
|move|p2a: Buzzwole|Lunge|p1a: Slowbro
|-supereffective|p1a: Slowbro
|-damage|p1a: Slowbro|21/100 tox
|-unboost|p1a: Slowbro|atk|1
|-damage|p2a: Buzzwole|61/100|[from] item: Rocky Helmet|[of] p1a: Slowbro
|
|-damage|p1a: Slowbro|15/100 tox|[from] psn
|upkeep
|turn|77
|
|t:|1619509365
|move|p2a: Buzzwole|Lunge|p1a: Slowbro
|-supereffective|p1a: Slowbro
|-damage|p1a: Slowbro|0 fnt
|-damage|p2a: Buzzwole|45/100|[from] item: Rocky Helmet|[of] p1a: Slowbro
|faint|p1a: Slowbro
|-ability|p2a: Buzzwole|Beast Boost|boost
|-boost|p2a: Buzzwole|def|1
|
|upkeep
|
|t:|1619509368
|switch|p1a: Kartana|Kartana|31/100
|turn|78
|l| PINER POKEMAN
|
|t:|1619509372
|move|p1a: Kartana|Smart Strike|p2a: Buzzwole
|-damage|p2a: Buzzwole|21/100
|move|p2a: Buzzwole|Drain Punch|p1a: Kartana
|-supereffective|p1a: Kartana
|-damage|p1a: Kartana|0 fnt
|-heal|p2a: Buzzwole|30/100|[from] drain|[of] p1a: Kartana
|faint|p1a: Kartana
|
|win|70to90gxe
|raw|friedfreak's rating: 1829 &rarr; <strong>1819</strong><br />(-10 for losing)
|raw|70to90gxe's rating: 2012 &rarr; <strong>2022</strong><br />(+10 for winning)
|l|☆friedfreak
|c|☆70to90gxe|geeg
|c| souptreecko|its like he can
|l| DaveTheNakedGuy
|c| souptreecko|see peoples screens
|c| souptreecko|really good plays dude
|c|☆70to90gxe|thanks man
|l| souptreecko
|l| lordgokulan
|l| Lucrodium
