|j|☆Kaleor
|j|☆stormzoneisindian
|t:|1648512584
|gametype|singles
|player|p1|Kaleor|swimmer-gen4dp|1764
|player|p2|stormzoneisindian|lady|1639
|teamsize|p1|6
|teamsize|p2|6
|gen|8
|tier|[Gen 8] OU
|rated|
|rule|Sleep Clause Mod: Limit one foe put to sleep
|rule|Species Clause: Limit one of each Pokémon
|rule|OHKO Clause: OHKO moves are banned
|rule|Evasion Moves Clause: Evasion moves are banned
|rule|Endless Battle Clause: Forcing endless battles is banned
|rule|HP Percentage Mod: HP is shown in percentages
|rule|Dynamax Clause: You cannot dynamax
|clearpoke
|poke|p1|Buzzwole|
|poke|p1|Blacephalon|
|poke|p1|Garchomp, M|
|poke|p1|Melmetal|
|poke|p1|Tapu Fini|
|poke|p1|Landorus-Therian, M|
|poke|p2|Thundurus-Therian, M|
|poke|p2|Porygon2|
|poke|p2|Volcanion|
|poke|p2|Polteageist-Antique|
|poke|p2|Necrozma|
|poke|p2|Mantine, M|
|teampreview
|inactive|Battle timer is ON: inactive players will automatically lose when time's up. (requested by stormzoneisindian)
|inactive|stormzoneisindian has 120 seconds left.
|
|t:|1648512636
|start
|switch|p1a: Garchomp|Garchomp, M|100/100
|switch|p2a: CHINESE|Porygon2, shiny|100/100
|turn|1
|
|t:|1648512659
|move|p1a: Garchomp|Stealth Rock|p2a: CHINESE
|-sidestart|p2: stormzoneisindian|move: Stealth Rock
|move|p2a: CHINESE|Ice Beam|p1a: Garchomp
|-supereffective|p1a: Garchomp
|-damage|p1a: Garchomp|0 fnt
|faint|p1a: Garchomp
|
|upkeep
|
|t:|1648512664
|switch|p1a: Melmetal|Melmetal|100/100
|turn|2
|inactive|stormzoneisindian has 120 seconds left.
|
|t:|1648512699
|switch|p2a: KING V1G|Volcanion|100/100
|-damage|p2a: KING V1G|76/100|[from] Stealth Rock
|move|p1a: Melmetal|Double Iron Bash|p2a: KING V1G
|-resisted|p2a: KING V1G
|-damage|p2a: KING V1G|68/100
|-resisted|p2a: KING V1G
|-damage|p2a: KING V1G|60/100
|-hitcount|p2a: KING V1G|2
|
|upkeep
|turn|3
|
|t:|1648512708
|move|p2a: KING V1G|Steam Eruption|p1a: Melmetal
|-damage|p1a: Melmetal|49/100
|move|p1a: Melmetal|Earthquake|p2a: KING V1G
|-supereffective|p2a: KING V1G
|-damage|p2a: KING V1G|0 fnt
|faint|p2a: KING V1G
|
|upkeep
|inactive|stormzoneisindian has 120 seconds left.
|
|t:|1648512727
|switch|p2a: gRafz|Thundurus-Therian, M, shiny|100/100
|turn|4
|
|t:|1648512731
|move|p2a: gRafz|Focus Blast|p1a: Melmetal
|-supereffective|p1a: Melmetal
|-damage|p1a: Melmetal|0 fnt
|faint|p1a: Melmetal
|
|upkeep
|
|t:|1648512738
|switch|p1a: Blacephalon|Blacephalon|100/100
|turn|5
|
|t:|1648512745
|switch|p2a: Ray Sun|Mantine, M, shiny|100/100
|move|p1a: Blacephalon|Shadow Ball|p2a: Ray Sun
|-damage|p2a: Ray Sun|72/100
|
|upkeep
|turn|6
|
|t:|1648512753
|move|p1a: Blacephalon|Shadow Ball|p2a: Ray Sun
|-damage|p2a: Ray Sun|44/100
|move|p2a: Ray Sun|Defog|p1a: Blacephalon
|-unboost|p1a: Blacephalon|evasion|1
|-sideend|p2: stormzoneisindian|Stealth Rock|[from] move: Defog|[of] p2a: Ray Sun
|
|upkeep
|turn|7
|
|t:|1648512757
|switch|p1a: Tapu Fini|Tapu Fini|100/100
|-fieldstart|move: Misty Terrain|[from] ability: Misty Surge|[of] p1a: Tapu Fini
|move|p2a: Ray Sun|Scald|p1a: Tapu Fini
|-resisted|p1a: Tapu Fini
|-damage|p1a: Tapu Fini|94/100
|
|-heal|p1a: Tapu Fini|99/100|[from] item: Leftovers
|upkeep
|turn|8
|j| DA COME UP ♛
|
|t:|1648512764
|move|p1a: Tapu Fini|Taunt|p2a: Ray Sun
|-start|p2a: Ray Sun|move: Taunt
|cant|p2a: Ray Sun|move: Taunt|Roost
|
|-heal|p1a: Tapu Fini|100/100|[from] item: Leftovers
|upkeep
|turn|9
|
|t:|1648512779
|switch|p2a: CHINESE|Porygon2, shiny|100/100
|move|p1a: Tapu Fini|Nature's Madness|p2a: CHINESE
|-damage|p2a: CHINESE|50/100
|
|upkeep
|turn|10
|
|t:|1648512784
|move|p1a: Tapu Fini|Nature's Madness|p2a: CHINESE
|-damage|p2a: CHINESE|26/100
|move|p2a: CHINESE|Charge Beam|p1a: Tapu Fini
|-supereffective|p1a: Tapu Fini
|-damage|p1a: Tapu Fini|74/100
|-boost|p2a: CHINESE|spa|1
|
|-heal|p1a: Tapu Fini|80/100|[from] item: Leftovers
|upkeep
|turn|11
|
|t:|1648512789
|move|p1a: Tapu Fini|Scald|p2a: CHINESE
|-damage|p2a: CHINESE|9/100
|move|p2a: CHINESE|Recover|p2a: CHINESE
|-heal|p2a: CHINESE|59/100
|
|-heal|p1a: Tapu Fini|86/100|[from] item: Leftovers
|-fieldend|Misty Terrain
|upkeep
|turn|12
|
|t:|1648512794
|move|p1a: Tapu Fini|Nature's Madness|p2a: CHINESE
|-damage|p2a: CHINESE|30/100
|move|p2a: CHINESE|Tri Attack|p1a: Tapu Fini
|-damage|p1a: Tapu Fini|41/100
|
|-heal|p1a: Tapu Fini|48/100|[from] item: Leftovers
|upkeep
|turn|13
|
|t:|1648512797
|move|p1a: Tapu Fini|Taunt|p2a: CHINESE
|-start|p2a: CHINESE|move: Taunt
|move|p2a: CHINESE|Tri Attack|p1a: Tapu Fini
|-damage|p1a: Tapu Fini|2/100
|-status|p1a: Tapu Fini|brn
|
|-heal|p1a: Tapu Fini|8/100 brn|[from] item: Leftovers
|-damage|p1a: Tapu Fini|2/100 brn|[from] brn
|upkeep
|turn|14
|
|t:|1648512805
|switch|p1a: Blacephalon|Blacephalon|100/100
|switch|p2a: Ray Sun|Mantine, M, shiny|44/100
|
|upkeep
|turn|15
|
|t:|1648512808
|move|p1a: Blacephalon|Trick|p2a: Ray Sun
|-activate|p1a: Blacephalon|move: Trick|[of] p2a: Ray Sun
|-item|p2a: Ray Sun|Choice Scarf|[from] move: Trick
|-item|p1a: Blacephalon|Heavy-Duty Boots|[from] move: Trick
|move|p2a: Ray Sun|Roost|p2a: Ray Sun
|-heal|p2a: Ray Sun|94/100
|-singleturn|p2a: Ray Sun|move: Roost
|
|upkeep
|turn|16
|
|t:|1648512833
|switch|p2a: CHINESE|Porygon2, shiny|30/100
|move|p1a: Blacephalon|Shadow Ball|p2a: CHINESE
|-immune|p2a: CHINESE
|
|upkeep
|turn|17
|
|t:|1648512839
|switch|p2a: Ray Sun|Mantine, M, shiny|94/100
|move|p1a: Blacephalon|Flamethrower|p2a: Ray Sun
|-resisted|p2a: Ray Sun
|-damage|p2a: Ray Sun|79/100
|
|upkeep
|turn|18
|
|t:|1648512845
|switch|p1a: Tapu Fini|Tapu Fini|2/100 brn
|-fieldstart|move: Misty Terrain|[from] ability: Misty Surge|[of] p1a: Tapu Fini
|move|p2a: Ray Sun|Scald|p1a: Tapu Fini
|-resisted|p1a: Tapu Fini
|-damage|p1a: Tapu Fini|0 fnt
|faint|p1a: Tapu Fini
|
|upkeep
|
|t:|1648512847
|switch|p1a: Buzzwole|Buzzwole|100/100
|turn|19
|
|t:|1648512852
|switch|p2a: gRafz|Thundurus-Therian, M, shiny|100/100
|move|p1a: Buzzwole|Ice Punch|p2a: gRafz
|-supereffective|p2a: gRafz
|-damage|p2a: gRafz|34/100
|-status|p2a: gRafz|frz
|
|upkeep
|turn|20
|
|t:|1648512855
|cant|p2a: gRafz|frz
|move|p1a: Buzzwole|Ice Punch|p2a: gRafz
|-supereffective|p2a: gRafz
|-damage|p2a: gRafz|0 fnt
|faint|p2a: gRafz
|-ability|p1a: Buzzwole|Beast Boost|boost
|-boost|p1a: Buzzwole|def|1
|
|upkeep
|
|t:|1648512861
|switch|p2a: Barraskewda .|Polteageist-Antique, shiny|100/100
|turn|21
|
|t:|1648512865
|move|p2a: Barraskewda .|Shell Smash|p2a: Barraskewda .
|-unboost|p2a: Barraskewda .|def|1
|-unboost|p2a: Barraskewda .|spd|1
|-boost|p2a: Barraskewda .|atk|2
|-boost|p2a: Barraskewda .|spa|2
|-boost|p2a: Barraskewda .|spe|2
|move|p1a: Buzzwole|Ice Punch|p2a: Barraskewda .
|-damage|p2a: Barraskewda .|39/100
|-ability|p2a: Barraskewda .|Weak Armor|boost
|-unboost|p2a: Barraskewda .|def|1
|-boost|p2a: Barraskewda .|spe|2
|
|upkeep
|turn|22
|
|t:|1648512869
|move|p2a: Barraskewda .|Stored Power|p1a: Buzzwole
|-supereffective|p1a: Buzzwole
|-damage|p1a: Buzzwole|0 fnt
|faint|p1a: Buzzwole
|
|-fieldend|Misty Terrain
|upkeep
|
|t:|1648512873
|switch|p1a: Landorus|Landorus-Therian, M|100/100
|-ability|p1a: Landorus|Intimidate|boost
|-unboost|p2a: Barraskewda .|atk|1
|turn|23
|
|t:|1648512879
|move|p2a: Barraskewda .|Stored Power|p1a: Landorus
|-crit|p1a: Landorus
|-damage|p1a: Landorus|0 fnt
|faint|p1a: Landorus
|
|upkeep
|-message|Kaleor forfeited.
|
|win|stormzoneisindian
|raw|Kaleor's rating: 1764 &rarr; <strong>1737</strong><br />(-27 for losing)
|raw|stormzoneisindian's rating: 1639 &rarr; <strong>1666</strong><br />(+27 for winning)
|l|☆Kaleor
|l| DA COME UP ♛
||Ladder isn't responding, score probably updated but might not have (Request timeout).
