|j|☆ezwz
|j|☆chansen25
|t:|1604073645
|player|p1|ezwz|youngster-gen4|1982
|player|p2|chansen25|102|1723
|teamsize|p1|6
|teamsize|p2|6
|gametype|singles
|gen|8
|tier|[Gen 8] OU
|rated|
|clearpoke
|poke|p1|Landorus-Therian, M|
|poke|p1|Heatran, M|
|poke|p1|Ferrothorn, M|
|poke|p1|Suicune|
|poke|p1|Urshifu-*, F|
|poke|p1|Zapdos|
|poke|p2|Melmetal|
|poke|p2|Latios, M|
|poke|p2|Clefable, F|
|poke|p2|Zapdos|
|poke|p2|Blacephalon|
|poke|p2|Swampert, M|
|rule|Sleep Clause Mod: Limit one foe put to sleep
|rule|Species Clause: Limit one of each Pokémon
|rule|OHKO Clause: OHKO moves are banned
|rule|Evasion Moves Clause: Evasion moves are banned
|rule|Endless Battle Clause: Forcing endless battles is banned
|rule|HP Percentage Mod: HP is shown in percentages
|rule|Dynamax Clause: You cannot dynamax
|teampreview
|inactive|Battle timer is ON: inactive players will automatically lose when time's up. (requested by chansen25)
|j| Sparklifter
|j| stall cringe af
|inactive|ezwz has 120 seconds left.
|j| General Woo
|j| rickywang
|
|t:|1604073704
|start
|switch|p1a: Suicune|Suicune|100/100
|switch|p2a: Swampert|Swampert, M|100/100
|-ability|p1a: Suicune|Pressure
|turn|1
|
|t:|1604073729
|move|p1a: Suicune|Substitute|p1a: Suicune
|-start|p1a: Suicune|Substitute
|-damage|p1a: Suicune|75/100
|move|p2a: Swampert|Toxic||[still]
|-fail|p2a: Swampert
|
|-heal|p1a: Suicune|82/100|[from] item: Leftovers
|upkeep
|turn|2
|
|t:|1604073732
|move|p1a: Suicune|Scald|p2a: Swampert
|-damage|p2a: Swampert|83/100
|move|p2a: Swampert|Earthquake|p1a: Suicune
|-end|p1a: Suicune|Substitute
|
|-heal|p1a: Suicune|88/100|[from] item: Leftovers
|-heal|p2a: Swampert|90/100|[from] item: Leftovers
|upkeep
|turn|3
|
|t:|1604073736
|switch|p1a: Ferrothorn|Ferrothorn, M|100/100
|move|p2a: Swampert|Flip Turn|p1a: Ferrothorn
|-resisted|p1a: Ferrothorn
|-damage|p1a: Ferrothorn|94/100
|-damage|p2a: Swampert|77/100|[from] ability: Iron Barbs|[of] p1a: Ferrothorn
|
|t:|1604073755
|switch|p2a: Latios|Latios, M|100/100|[from]move: Flip Turn
|
|-heal|p1a: Ferrothorn|99/100|[from] item: Leftovers
|upkeep
|turn|4
|
|t:|1604073762
|switch|p1a: Zapdos|Zapdos|100/100
|move|p2a: Latios|Aura Sphere|p1a: Zapdos
|-resisted|p1a: Zapdos
|-damage|p1a: Zapdos|89/100
|
|upkeep
|turn|5
|
|t:|1604073765
|move|p2a: Latios|Psychic|p1a: Zapdos
|-damage|p1a: Zapdos|52/100
|move|p1a: Zapdos|Toxic|p2a: Latios
|-status|p2a: Latios|tox
|
|-damage|p2a: Latios|95/100 tox|[from] psn
|upkeep
|turn|6
|
|t:|1604073772
|switch|p2a: Swampert|Swampert, M|77/100
|switch|p1a: Heatran|Heatran, M|100/100
|
|-heal|p2a: Swampert|83/100|[from] item: Leftovers
|upkeep
|turn|7
|
|t:|1604073776
|switch|p1a: Ferrothorn|Ferrothorn, M|99/100
|move|p2a: Swampert|Stealth Rock|p1a: Ferrothorn
|-sidestart|p1: ezwz|move: Stealth Rock
|
|-heal|p2a: Swampert|90/100|[from] item: Leftovers
|-heal|p1a: Ferrothorn|100/100|[from] item: Leftovers
|upkeep
|turn|8
|
|t:|1604073778
|move|p2a: Swampert|Flip Turn|p1a: Ferrothorn
|-resisted|p1a: Ferrothorn
|-damage|p1a: Ferrothorn|95/100
|-damage|p2a: Swampert|77/100|[from] ability: Iron Barbs|[of] p1a: Ferrothorn
|
|t:|1604073780
|switch|p2a: Latios|Latios, M|95/100 tox|[from]move: Flip Turn
|move|p1a: Ferrothorn|Spikes|p2a: Latios
|-sidestart|p2: chansen25|Spikes
|
|-heal|p2a: Latios|100/100 tox|[from] item: Leftovers
|-heal|p1a: Ferrothorn|100/100|[from] item: Leftovers
|-damage|p2a: Latios|95/100 tox|[from] psn
|upkeep
|turn|9
|
|t:|1604073790
|move|p2a: Latios|Mystical Fire|p1a: Ferrothorn
|-supereffective|p1a: Ferrothorn
|-damage|p1a: Ferrothorn|10/100
|-unboost|p1a: Ferrothorn|spa|1
|move|p1a: Ferrothorn|Knock Off|p2a: Latios
|-supereffective|p2a: Latios
|-damage|p2a: Latios|32/100 tox
|-enditem|p2a: Latios|Leftovers|[from] move: Knock Off|[of] p1a: Ferrothorn
|
|-heal|p1a: Ferrothorn|16/100|[from] item: Leftovers
|-damage|p2a: Latios|20/100 tox|[from] psn
|upkeep
|turn|10
|j| bigyayay
|inactive|ezwz has 120 seconds left.
|l|☆ezwz
|inactive|ezwz disconnected and has a minute to reconnect!
|player|p1|
|l| General Woo
|inactive|ezwz has 30 seconds to reconnect!
|inactive|ezwz has 20 seconds to reconnect!
|inactive|ezwz has 15 seconds to reconnect!
|inactive|ezwz has 10 seconds to reconnect!
|inactive|ezwz has 5 seconds to reconnect!
|-message|ezwz lost due to inactivity.
|
|win|chansen25
|j| Niadev
