|j|☆master jamvad
|j|☆adel19
|t:|1652761774
|gametype|singles
|player|p1|master jamvad|blaine|1735
|player|p2|adel19|2|1876
|teamsize|p1|6
|teamsize|p2|6
|gen|8
|tier|[Gen 8] OU
|rated|
|rule|Sleep Clause Mod: Limit one foe put to sleep
|rule|Species Clause: Limit one of each Pokémon
|rule|OHKO Clause: OHKO moves are banned
|rule|Evasion Moves Clause: Evasion moves are banned
|rule|Endless Battle Clause: Forcing endless battles is banned
|rule|HP Percentage Mod: HP is shown in percentages
|rule|Dynamax Clause: You cannot dynamax
|clearpoke
|poke|p1|Steelix, F|
|poke|p1|Cobalion|
|poke|p1|Espeon, F|
|poke|p1|Rillaboom, F|
|poke|p1|Slowbro-Galar, M|
|poke|p1|Moltres-Galar|
|poke|p2|Landorus-Therian, M|
|poke|p2|Heatran, M|
|poke|p2|Zeraora|
|poke|p2|Kartana|
|poke|p2|Tapu Fini|
|poke|p2|Tapu Lele|
|teampreview
|j| filthy xenos
|j| lordwil7
|
|t:|1652761794
|start
|switch|p1a: Espeon|Espeon, F|100/100
|switch|p2a: Landorus|Landorus-Therian, M|100/100
|-ability|p2a: Landorus|Intimidate|boost
|-unboost|p1a: Espeon|atk|1
|turn|1
|
|t:|1652761798
|move|p1a: Espeon|Reflect|p1a: Espeon
|-sidestart|p1: master jamvad|Reflect
|move|p2a: Landorus|Earthquake|p1a: Espeon
|-damage|p1a: Espeon|39/100
|
|upkeep
|turn|2
|j| sammag19
|j| ripreckful
|l| ripreckful
|
|t:|1652761835
|switch|p1a: Rillaboom|Rillaboom, F|100/100
|-fieldstart|move: Grassy Terrain|[from] ability: Grassy Surge|[of] p1a: Rillaboom
|switch|p2a: Zeraora|Zeraora|100/100
|
|upkeep
|turn|3
|
|t:|1652761839
|switch|p2a: Heatran|Heatran, M|100/100
|move|p1a: Rillaboom|Swords Dance|p1a: Rillaboom
|-boost|p1a: Rillaboom|atk|2
|
|upkeep
|turn|4
|
|t:|1652761847
|move|p1a: Rillaboom|Superpower|p2a: Heatran
|-supereffective|p2a: Heatran
|-damage|p2a: Heatran|0 fnt
|-unboost|p1a: Rillaboom|atk|1
|-unboost|p1a: Rillaboom|def|1
|faint|p2a: Heatran
|-damage|p1a: Rillaboom|91/100|[from] item: Life Orb
|
|-heal|p1a: Rillaboom|97/100|[from] Grassy Terrain
|upkeep
|j|+MrMagicbuzz
|
|t:|1652761850
|switch|p2a: Tapu Lele|Tapu Lele|100/100
|-fieldstart|move: Psychic Terrain|[from] ability: Psychic Surge|[of] p2a: Tapu Lele
|turn|5
|j| An¤nym¤u5
|
|t:|1652761890
|switch|p1a: Cobalion|Cobalion|100/100
|move|p2a: Tapu Lele|Psychic|p1a: Cobalion
|-crit|p1a: Cobalion
|-damage|p1a: Cobalion|0 fnt
|faint|p1a: Cobalion
|
|upkeep
|
|t:|1652761893
|switch|p1a: Moltres|Moltres-Galar|100/100
|turn|6
|
|t:|1652761898
|switch|p2a: Zeraora|Zeraora|100/100
|move|p1a: Moltres|Nasty Plot|p1a: Moltres
|-boost|p1a: Moltres|spa|2
|
|upkeep
|turn|7
|
|t:|1652761927
|move|p2a: Zeraora|Close Combat|p1a: Moltres
|-damage|p1a: Moltres|80/100
|-unboost|p2a: Zeraora|def|1
|-unboost|p2a: Zeraora|spd|1
|move|p1a: Moltres|Agility|p1a: Moltres
|-boost|p1a: Moltres|spe|2
|
|upkeep
|turn|8
|
|t:|1652761949
|move|p1a: Moltres|Nasty Plot|p1a: Moltres
|-boost|p1a: Moltres|spa|2
|move|p2a: Zeraora|Plasma Fists|p1a: Moltres
|-supereffective|p1a: Moltres
|-damage|p1a: Moltres|23/100
|-fieldactivate|move: Ion Deluge
|-hint|Normal-type moves become Electric-type after using Plasma Fists.
|-ability|p1a: Moltres|Berserk|boost
|-boost|p1a: Moltres|spa|1
|
|-sideend|p1: master jamvad|Reflect
|upkeep
|turn|9
|j| YanDog
|
|t:|1652761961
|move|p1a: Moltres|Fiery Wrath|p2a: Zeraora
|-damage|p2a: Zeraora|0 fnt
|faint|p2a: Zeraora
|
|-fieldend|move: Psychic Terrain
|upkeep
|
|t:|1652761963
|switch|p2a: Tapu Fini|Tapu Fini|100/100
|-fieldstart|move: Misty Terrain|[from] ability: Misty Surge|[of] p2a: Tapu Fini
|turn|10
|
|t:|1652761965
|move|p1a: Moltres|Hurricane|p2a: Tapu Fini|[miss]
|-miss|p1a: Moltres|p2a: Tapu Fini
|move|p2a: Tapu Fini|Moonblast|p1a: Moltres
|-supereffective|p1a: Moltres
|-damage|p1a: Moltres|0 fnt
|faint|p1a: Moltres
|
|upkeep
|j| WhatColorIsThis?
|j| Reign1997
|
|t:|1652761972
|switch|p1a: Espeon|Espeon, F|39/100
|turn|11
|
|t:|1652761984
|move|p1a: Espeon|Light Screen|p1a: Espeon
|-sidestart|p1: master jamvad|move: Light Screen
|move|p2a: Tapu Fini|Calm Mind|p2a: Tapu Fini
|-boost|p2a: Tapu Fini|spa|1
|-boost|p2a: Tapu Fini|spd|1
|
|upkeep
|turn|12
|
|t:|1652761994
|move|p1a: Espeon|Reflect|p1a: Espeon
|-sidestart|p1: master jamvad|Reflect
|move|p2a: Tapu Fini|Calm Mind|p2a: Tapu Fini
|-boost|p2a: Tapu Fini|spa|1
|-boost|p2a: Tapu Fini|spd|1
|
|upkeep
|turn|13
|j| YouSa257
|
|t:|1652762000
|switch|p1a: Rillaboom|Rillaboom, F|97/100
|-fieldstart|move: Grassy Terrain|[from] ability: Grassy Surge|[of] p1a: Rillaboom
|move|p2a: Tapu Fini|Calm Mind|p2a: Tapu Fini
|-boost|p2a: Tapu Fini|spa|1
|-boost|p2a: Tapu Fini|spd|1
|
|-heal|p1a: Rillaboom|100/100|[from] Grassy Terrain
|upkeep
|turn|14
|j| Jelly cookie
|
|t:|1652762031
|switch|p2a: Kartana|Kartana|100/100
|move|p1a: Rillaboom|Grassy Glide|p2a: Kartana
|-resisted|p2a: Kartana
|-damage|p2a: Kartana|87/100
|-damage|p1a: Rillaboom|91/100|[from] item: Life Orb
|
|-heal|p2a: Kartana|93/100|[from] Grassy Terrain
|-heal|p1a: Rillaboom|97/100|[from] Grassy Terrain
|upkeep
|turn|15
|
|t:|1652762047
|move|p2a: Kartana|Leaf Blade|p1a: Rillaboom
|-resisted|p1a: Rillaboom
|-damage|p1a: Rillaboom|79/100
|move|p1a: Rillaboom|Swords Dance|p1a: Rillaboom
|-boost|p1a: Rillaboom|atk|2
|
|-heal|p2a: Kartana|99/100|[from] Grassy Terrain
|-heal|p1a: Rillaboom|86/100|[from] Grassy Terrain
|upkeep
|turn|16
|
|t:|1652762051
|switch|p2a: Landorus|Landorus-Therian, M|100/100
|-ability|p2a: Landorus|Intimidate|boost
|-unboost|p1a: Rillaboom|atk|1
|move|p1a: Rillaboom|Superpower|p2a: Landorus
|-resisted|p2a: Landorus
|-damage|p2a: Landorus|54/100
|-unboost|p1a: Rillaboom|atk|1
|-unboost|p1a: Rillaboom|def|1
|-damage|p1a: Rillaboom|76/100|[from] item: Life Orb
|
|-heal|p1a: Rillaboom|82/100|[from] Grassy Terrain
|upkeep
|turn|17
|
|t:|1652762064
|switch|p2a: Kartana|Kartana|99/100
|move|p1a: Rillaboom|Grassy Glide|p2a: Kartana
|-resisted|p2a: Kartana
|-damage|p2a: Kartana|85/100
|-damage|p1a: Rillaboom|72/100|[from] item: Life Orb
|
|-heal|p2a: Kartana|91/100|[from] Grassy Terrain
|-heal|p1a: Rillaboom|78/100|[from] Grassy Terrain
|-fieldend|move: Grassy Terrain
|upkeep
|turn|18
|j| A1000dick
|
|t:|1652762086
|switch|p2a: Tapu Lele|Tapu Lele|100/100
|-fieldstart|move: Psychic Terrain|[from] ability: Psychic Surge|[of] p2a: Tapu Lele
|switch|p1a: Steelix|Steelix, F|100/100
|
|-sideend|p1: master jamvad|move: Light Screen
|upkeep
|turn|19
|
|t:|1652762098
|switch|p2a: Tapu Fini|Tapu Fini|100/100
|-fieldstart|move: Misty Terrain|[from] ability: Misty Surge|[of] p2a: Tapu Fini
|switch|p1a: Espeon|Espeon, F|39/100
|
|-sideend|p1: master jamvad|Reflect
|upkeep
|turn|20
|
|t:|1652762101
|move|p1a: Espeon|Light Screen|p1a: Espeon
|-sidestart|p1: master jamvad|move: Light Screen
|move|p2a: Tapu Fini|Moonblast|p1a: Espeon
|-damage|p1a: Espeon|19/100
|-unboost|p1a: Espeon|spa|1
|
|upkeep
|turn|21
|
|t:|1652762104
|move|p1a: Espeon|Reflect|p1a: Espeon
|-sidestart|p1: master jamvad|Reflect
|move|p2a: Tapu Fini|Calm Mind|p2a: Tapu Fini
|-boost|p2a: Tapu Fini|spa|1
|-boost|p2a: Tapu Fini|spd|1
|
|upkeep
|turn|22
|
|t:|1652762106
|switch|p1a: Rillaboom|Rillaboom, F|78/100
|-fieldstart|move: Grassy Terrain|[from] ability: Grassy Surge|[of] p1a: Rillaboom
|move|p2a: Tapu Fini|Moonblast|p1a: Rillaboom
|-damage|p1a: Rillaboom|45/100
|
|-heal|p1a: Rillaboom|51/100|[from] Grassy Terrain
|upkeep
|turn|23
|j| Silly Mortal
|
|t:|1652762156
|switch|p2a: Tapu Lele|Tapu Lele|100/100
|-fieldstart|move: Psychic Terrain|[from] ability: Psychic Surge|[of] p2a: Tapu Lele
|move|p1a: Rillaboom|Swords Dance|p1a: Rillaboom
|-boost|p1a: Rillaboom|atk|2
|
|upkeep
|turn|24
|
|t:|1652762167
|switch|p1a: Slowbro|Slowbro-Galar, M|100/100
|move|p2a: Tapu Lele|Psychic|p1a: Slowbro
|-damage|p1a: Slowbro|46/100
|
|upkeep
|turn|25
|l| WhatColorIsThis?
|l| YouSa257
|l| An¤nym¤u5
|
|t:|1652762201
|switch|p2a: Kartana|Kartana|91/100
|move|p1a: Slowbro|Nasty Plot|p1a: Slowbro
|-boost|p1a: Slowbro|spa|2
|
|upkeep
|turn|26
|
|t:|1652762206
|move|p2a: Kartana|Knock Off|p1a: Slowbro
|-supereffective|p1a: Slowbro
|-damage|p1a: Slowbro|16/100
|-enditem|p1a: Slowbro|Quick Claw|[from] move: Knock Off|[of] p2a: Kartana
|move|p1a: Slowbro|Flamethrower|p2a: Kartana
|-supereffective|p2a: Kartana
|-damage|p2a: Kartana|0 fnt
|faint|p2a: Kartana
|
|upkeep
|
|t:|1652762214
|switch|p2a: Landorus|Landorus-Therian, M|54/100
|-ability|p2a: Landorus|Intimidate|boost
|-unboost|p1a: Slowbro|atk|1
|turn|27
|
|t:|1652762218
|move|p2a: Landorus|Earthquake|p1a: Slowbro
|-supereffective|p1a: Slowbro
|-damage|p1a: Slowbro|0 fnt
|faint|p1a: Slowbro
|
|-sideend|p1: master jamvad|move: Light Screen
|-fieldend|move: Psychic Terrain
|upkeep
|
|t:|1652762237
|switch|p1a: Rillaboom|Rillaboom, F|51/100
|-fieldstart|move: Grassy Terrain|[from] ability: Grassy Surge|[of] p1a: Rillaboom
|turn|28
|
|t:|1652762240
|switch|p2a: Tapu Lele|Tapu Lele|100/100
|-fieldstart|move: Psychic Terrain|[from] ability: Psychic Surge|[of] p2a: Tapu Lele
|move|p1a: Rillaboom|Grassy Glide|p2a: Tapu Lele
|-damage|p2a: Tapu Lele|28/100
|-damage|p1a: Rillaboom|41/100|[from] item: Life Orb
|
|-sideend|p1: master jamvad|Reflect
|upkeep
|turn|29
|
|t:|1652762253
|move|p2a: Tapu Lele|Psychic|p1a: Rillaboom
|-damage|p1a: Rillaboom|0 fnt
|faint|p1a: Rillaboom
|
|upkeep
|
|t:|1652762255
|switch|p1a: Espeon|Espeon, F|19/100
|turn|30
|
|t:|1652762263
|switch|p2a: Tapu Fini|Tapu Fini|100/100
|-fieldstart|move: Misty Terrain|[from] ability: Misty Surge|[of] p2a: Tapu Fini
|move|p1a: Espeon|Light Screen|p1a: Espeon
|-sidestart|p1: master jamvad|move: Light Screen
|
|upkeep
|turn|31
|
|t:|1652762266
|move|p1a: Espeon|Reflect|p1a: Espeon
|-sidestart|p1: master jamvad|Reflect
|move|p2a: Tapu Fini|Calm Mind|p2a: Tapu Fini
|-boost|p2a: Tapu Fini|spa|1
|-boost|p2a: Tapu Fini|spd|1
|
|upkeep
|turn|32
|l| Jelly cookie
|
|t:|1652762268
|switch|p1a: Steelix|Steelix, F|100/100
|move|p2a: Tapu Fini|Calm Mind|p2a: Tapu Fini
|-boost|p2a: Tapu Fini|spa|1
|-boost|p2a: Tapu Fini|spd|1
|
|upkeep
|turn|33
|
|t:|1652762271
|move|p2a: Tapu Fini|Taunt|p1a: Steelix
|-start|p1a: Steelix|move: Taunt
|cant|p1a: Steelix|move: Taunt|Dragon Dance
|
|upkeep
|turn|34
|
|t:|1652762277
|move|p2a: Tapu Fini|Surf|p1a: Steelix
|-supereffective|p1a: Steelix
|-damage|p1a: Steelix|0 fnt
|faint|p1a: Steelix
|
|-fieldend|Misty Terrain
|upkeep
|
|t:|1652762282
|switch|p1a: Espeon|Espeon, F|19/100
|turn|35
|c|☆master jamvad|gg
|-message|master jamvad forfeited.
|
|win|adel19
|raw|master jamvad's rating: 1735 &rarr; <strong>1723</strong><br />(-12 for losing)
|raw|adel19's rating: 1876 &rarr; <strong>1888</strong><br />(+12 for winning)
|l| A1000dick
