|j|☆lighthatj
|j|☆Tirkys
|t:|1613400580
|player|p1|lighthatj|ethan|1879
|player|p2|Tirkys|hilda-dueldisk|1688
|teamsize|p1|6
|teamsize|p2|6
|gametype|singles
|gen|8
|tier|[Gen 8] OU
|rated|
|clearpoke
|poke|p1|Tyranitar, M|
|poke|p1|Excadrill, M|
|poke|p1|Latios, M|
|poke|p1|Urshifu-*, M|
|poke|p1|Pelipper, M|
|poke|p1|Ferrothorn, F|
|poke|p2|Volcarona, F|
|poke|p2|Quagsire, M|
|poke|p2|Xatu, M|
|poke|p2|Mantine, M|
|poke|p2|Drapion, M|
|poke|p2|Ninetales-Alola, F|
|rule|Sleep Clause Mod: Limit one foe put to sleep
|rule|Species Clause: Limit one of each Pokémon
|rule|OHKO Clause: OHKO moves are banned
|rule|Evasion Moves Clause: Evasion moves are banned
|rule|Endless Battle Clause: Forcing endless battles is banned
|rule|HP Percentage Mod: HP is shown in percentages
|rule|Dynamax Clause: You cannot dynamax
|teampreview
|inactive|Battle timer is ON: inactive players will automatically lose when time's up. (requested by Tirkys)
|
|t:|1613400587
|start
|switch|p1a: Tyranitar|Tyranitar, M|100/100
|switch|p2a: StarPlatinum|Quagsire, M, shiny|100/100
|-weather|Sandstorm|[from] ability: Sand Stream|[of] p1a: Tyranitar
|turn|1
|
|t:|1613400591
|switch|p2a: ManInTheMirror|Xatu, M|100/100
|move|p1a: Tyranitar|Stealth Rock|p2a: ManInTheMirror
|move|p2a: ManInTheMirror|Stealth Rock|p1a: Tyranitar|[from]ability: Magic Bounce
|-sidestart|p1: lighthatj|move: Stealth Rock
|
|-weather|Sandstorm|[upkeep]
|-damage|p2a: ManInTheMirror|95/100|[from] Sandstorm
|upkeep
|turn|2
|
|t:|1613400595
|switch|p2a: StarPlatinum|Quagsire, M, shiny|100/100
|move|p1a: Tyranitar|Stone Edge|p2a: StarPlatinum
|-resisted|p2a: StarPlatinum
|-damage|p2a: StarPlatinum|85/100
|
|-weather|Sandstorm|[upkeep]
|-heal|p2a: StarPlatinum|91/100|[from] item: Leftovers
|upkeep
|turn|3
|
|t:|1613400599
|move|p1a: Tyranitar|Stone Edge|p2a: StarPlatinum
|-resisted|p2a: StarPlatinum
|-damage|p2a: StarPlatinum|74/100
|move|p2a: StarPlatinum|Scald|p1a: Tyranitar
|-supereffective|p1a: Tyranitar
|-damage|p1a: Tyranitar|85/100
|-status|p1a: Tyranitar|brn
|
|-weather|Sandstorm|[upkeep]
|-heal|p2a: StarPlatinum|80/100|[from] item: Leftovers
|-damage|p1a: Tyranitar|79/100 brn|[from] brn
|upkeep
|turn|4
|
|t:|1613400603
|switch|p2a: ManInTheMirror|Xatu, M|95/100
|move|p1a: Tyranitar|Stone Edge|p2a: ManInTheMirror
|-supereffective|p2a: ManInTheMirror
|-damage|p2a: ManInTheMirror|36/100
|
|-weather|Sandstorm|[upkeep]
|-damage|p2a: ManInTheMirror|30/100|[from] Sandstorm
|-damage|p1a: Tyranitar|73/100 brn|[from] brn
|upkeep
|turn|5
|j| Xerche
|
|t:|1613400609
|move|p2a: ManInTheMirror|Roost|p2a: ManInTheMirror
|-heal|p2a: ManInTheMirror|80/100
|-singleturn|p2a: ManInTheMirror|move: Roost
|move|p1a: Tyranitar|Stealth Rock|p2a: ManInTheMirror
|move|p2a: ManInTheMirror|Stealth Rock||[from]ability: Magic Bounce|[still]
|-fail|p2a: ManInTheMirror
|
|-weather|none
|-damage|p1a: Tyranitar|67/100 brn|[from] brn
|upkeep
|turn|6
|
|t:|1613400613
|move|p2a: ManInTheMirror|Cosmic Power|p2a: ManInTheMirror
|-boost|p2a: ManInTheMirror|def|1
|-boost|p2a: ManInTheMirror|spd|1
|move|p1a: Tyranitar|Stealth Rock|p2a: ManInTheMirror
|move|p2a: ManInTheMirror|Stealth Rock||[from]ability: Magic Bounce|[still]
|-fail|p2a: ManInTheMirror
|
|-damage|p1a: Tyranitar|60/100 brn|[from] brn
|upkeep
|turn|7
|
|t:|1613400616
|move|p2a: ManInTheMirror|Cosmic Power|p2a: ManInTheMirror
|-boost|p2a: ManInTheMirror|def|1
|-boost|p2a: ManInTheMirror|spd|1
|move|p1a: Tyranitar|Stone Edge|p2a: ManInTheMirror
|-supereffective|p2a: ManInTheMirror
|-damage|p2a: ManInTheMirror|51/100
|
|-damage|p1a: Tyranitar|54/100 brn|[from] brn
|upkeep
|turn|8
|
|t:|1613400627
|move|p2a: ManInTheMirror|Roost|p2a: ManInTheMirror
|-heal|p2a: ManInTheMirror|100/100
|-singleturn|p2a: ManInTheMirror|move: Roost
|move|p1a: Tyranitar|Stone Edge|p2a: ManInTheMirror
|-damage|p2a: ManInTheMirror|86/100
|
|-damage|p1a: Tyranitar|48/100 brn|[from] brn
|upkeep
|turn|9
|
|t:|1613400634
|move|p2a: ManInTheMirror|Cosmic Power|p2a: ManInTheMirror
|-boost|p2a: ManInTheMirror|def|1
|-boost|p2a: ManInTheMirror|spd|1
|move|p1a: Tyranitar|Stone Edge|p2a: ManInTheMirror
|-supereffective|p2a: ManInTheMirror
|-damage|p2a: ManInTheMirror|66/100
|
|-damage|p1a: Tyranitar|42/100 brn|[from] brn
|upkeep
|turn|10
|
|t:|1613400640
|switch|p1a: Urshifu|Urshifu-Rapid-Strike, M|100/100
|-damage|p1a: Urshifu|94/100|[from] Stealth Rock
|move|p2a: ManInTheMirror|Roost|p2a: ManInTheMirror
|-heal|p2a: ManInTheMirror|100/100
|-singleturn|p2a: ManInTheMirror|move: Roost
|
|upkeep
|turn|11
|
|t:|1613400644
|switch|p1a: Tyranitar|Tyranitar, M|42/100 brn
|-weather|Sandstorm|[from] ability: Sand Stream|[of] p1a: Tyranitar
|switch|p2a: CatchTheRainbow|Mantine, M|100/100
|
|-weather|Sandstorm|[upkeep]
|-damage|p2a: CatchTheRainbow|94/100|[from] Sandstorm
|-heal|p2a: CatchTheRainbow|100/100|[from] item: Leftovers
|-damage|p1a: Tyranitar|35/100 brn|[from] brn
|upkeep
|turn|12
|
|t:|1613400650
|switch|p2a: ManInTheMirror|Xatu, M|100/100
|switch|p1a: Excadrill|Excadrill, M|100/100
|-damage|p1a: Excadrill|97/100|[from] Stealth Rock
|
|-weather|Sandstorm|[upkeep]
|-damage|p2a: ManInTheMirror|95/100|[from] Sandstorm
|-heal|p1a: Excadrill|100/100|[from] item: Leftovers
|upkeep
|turn|13
|
|t:|1613400653
|switch|p2a: StarPlatinum|Quagsire, M, shiny|80/100
|move|p1a: Excadrill|Swords Dance|p1a: Excadrill
|-boost|p1a: Excadrill|atk|2
|
|-weather|Sandstorm|[upkeep]
|-heal|p2a: StarPlatinum|86/100|[from] item: Leftovers
|upkeep
|turn|14
|
|t:|1613400655
|switch|p1a: Ferrothorn|Ferrothorn, F|100/100
|-damage|p1a: Ferrothorn|95/100|[from] Stealth Rock
|move|p2a: StarPlatinum|Scald|p1a: Ferrothorn
|-resisted|p1a: Ferrothorn
|-damage|p1a: Ferrothorn|86/100
|
|-weather|Sandstorm|[upkeep]
|-heal|p2a: StarPlatinum|92/100|[from] item: Leftovers
|upkeep
|turn|15
|
|t:|1613400659
|switch|p2a: ManInTheMirror|Xatu, M|95/100
|move|p1a: Ferrothorn|Knock Off|p2a: ManInTheMirror
|-supereffective|p2a: ManInTheMirror
|-damage|p2a: ManInTheMirror|44/100
|-damage|p1a: Ferrothorn|70/100|[from] item: Rocky Helmet|[of] p2a: ManInTheMirror
|-enditem|p2a: ManInTheMirror|Rocky Helmet|[from] move: Knock Off|[of] p1a: Ferrothorn
|
|-weather|none
|upkeep
|turn|16
|
|t:|1613400669
|switch|p1a: Pelipper|Pelipper, M|100/100
|-damage|p1a: Pelipper|76/100|[from] Stealth Rock
|-weather|RainDance|[from] ability: Drizzle|[of] p1a: Pelipper
|move|p2a: ManInTheMirror|Roost|p2a: ManInTheMirror
|-heal|p2a: ManInTheMirror|94/100
|-singleturn|p2a: ManInTheMirror|move: Roost
|
|-weather|RainDance|[upkeep]
|upkeep
|turn|17
|
|t:|1613400671
|switch|p2a: WhiteAlbum|Ninetales-Alola, F|100/100
|-weather|Hail|[from] ability: Snow Warning|[of] p2a: WhiteAlbum
|move|p1a: Pelipper|Hurricane|p2a: WhiteAlbum
|-damage|p2a: WhiteAlbum|22/100
|
|-weather|Hail|[upkeep]
|-damage|p1a: Pelipper|70/100|[from] Hail
|upkeep
|turn|18
|
|t:|1613400675
|switch|p1a: Tyranitar|Tyranitar, M|35/100 brn
|-weather|Sandstorm|[from] ability: Sand Stream|[of] p1a: Tyranitar
|move|p2a: WhiteAlbum|Freeze-Dry|p1a: Tyranitar
|-crit|p1a: Tyranitar
|-damage|p1a: Tyranitar|17/100 brn
|
|-weather|Sandstorm|[upkeep]
|-damage|p2a: WhiteAlbum|16/100|[from] Sandstorm
|-damage|p1a: Tyranitar|11/100 brn|[from] brn
|upkeep
|turn|19
|
|t:|1613400682
|switch|p2a: ManInTheMirror|Xatu, M|94/100
|switch|p1a: Urshifu|Urshifu-Rapid-Strike, M|94/100
|-damage|p1a: Urshifu|88/100|[from] Stealth Rock
|
|-weather|Sandstorm|[upkeep]
|-damage|p1a: Urshifu|82/100|[from] Sandstorm
|-damage|p2a: ManInTheMirror|88/100|[from] Sandstorm
|upkeep
|turn|20
|
|t:|1613400685
|switch|p2a: CatchTheRainbow|Mantine, M|100/100
|move|p1a: Urshifu|Thunder Punch|p2a: CatchTheRainbow
|-supereffective|p2a: CatchTheRainbow
|-damage|p2a: CatchTheRainbow|0 fnt
|faint|p2a: CatchTheRainbow
|
|-weather|Sandstorm|[upkeep]
|-damage|p1a: Urshifu|76/100|[from] Sandstorm
|upkeep
|
|t:|1613400689
|switch|p2a: WhiteAlbum|Ninetales-Alola, F|16/100
|-weather|Hail|[from] ability: Snow Warning|[of] p2a: WhiteAlbum
|turn|21
|
|t:|1613400692
|switch|p1a: Tyranitar|Tyranitar, M|11/100 brn
|-weather|Sandstorm|[from] ability: Sand Stream|[of] p1a: Tyranitar
|move|p2a: WhiteAlbum|Moonblast|p1a: Tyranitar
|-supereffective|p1a: Tyranitar
|-damage|p1a: Tyranitar|0 fnt
|faint|p1a: Tyranitar
|
|-weather|Sandstorm|[upkeep]
|-damage|p2a: WhiteAlbum|10/100|[from] Sandstorm
|upkeep
|
|t:|1613400695
|switch|p1a: Excadrill|Excadrill, M|100/100
|-damage|p1a: Excadrill|97/100|[from] Stealth Rock
|turn|22
|
|t:|1613400698
|switch|p2a: StarPlatinum|Quagsire, M, shiny|92/100
|move|p1a: Excadrill|Rapid Spin|p2a: StarPlatinum
|-damage|p2a: StarPlatinum|78/100
|-boost|p1a: Excadrill|spe|1
|-sideend|p1: lighthatj|Stealth Rock|[from] move: Rapid Spin|[of] p1a: Excadrill
|
|-weather|Sandstorm|[upkeep]
|-heal|p1a: Excadrill|100/100|[from] item: Leftovers
|-heal|p2a: StarPlatinum|85/100|[from] item: Leftovers
|upkeep
|turn|23
|
|t:|1613400707
|switch|p1a: Ferrothorn|Ferrothorn, F|70/100
|move|p2a: StarPlatinum|Scald|p1a: Ferrothorn
|-resisted|p1a: Ferrothorn
|-damage|p1a: Ferrothorn|62/100
|
|-weather|Sandstorm|[upkeep]
|-heal|p2a: StarPlatinum|91/100|[from] item: Leftovers
|upkeep
|turn|24
|
|t:|1613400711
|switch|p2a: Magician'sRed|Volcarona, F|100/100
|move|p1a: Ferrothorn|Knock Off|p2a: Magician'sRed
|-damage|p2a: Magician'sRed|82/100
|-enditem|p2a: Magician'sRed|Leftovers|[from] move: Knock Off|[of] p1a: Ferrothorn
|
|-weather|Sandstorm|[upkeep]
|-damage|p2a: Magician'sRed|75/100|[from] Sandstorm
|upkeep
|turn|25
|
|t:|1613400717
|switch|p2a: WhiteAlbum|Ninetales-Alola, F|10/100
|-weather|Hail|[from] ability: Snow Warning|[of] p2a: WhiteAlbum
|switch|p1a: Pelipper|Pelipper, M|70/100
|-weather|RainDance|[from] ability: Drizzle|[of] p1a: Pelipper
|
|-weather|RainDance|[upkeep]
|upkeep
|turn|26
|
|t:|1613400722
|switch|p1a: Excadrill|Excadrill, M|100/100
|move|p2a: WhiteAlbum|Freeze-Dry|p1a: Excadrill
|-damage|p1a: Excadrill|63/100
|
|-weather|RainDance|[upkeep]
|-heal|p1a: Excadrill|69/100|[from] item: Leftovers
|upkeep
|turn|27
|
|t:|1613400728
|switch|p2a: StarPlatinum|Quagsire, M, shiny|91/100
|move|p1a: Excadrill|Earthquake|p2a: StarPlatinum
|-crit|p2a: StarPlatinum
|-damage|p2a: StarPlatinum|26/100
|
|-weather|RainDance|[upkeep]
|-heal|p1a: Excadrill|75/100|[from] item: Leftovers
|-heal|p2a: StarPlatinum|32/100|[from] item: Leftovers
|upkeep
|turn|28
|
|t:|1613400735
|move|p1a: Excadrill|Rock Slide|p2a: StarPlatinum
|-resisted|p2a: StarPlatinum
|-damage|p2a: StarPlatinum|21/100
|move|p2a: StarPlatinum|Recover|p2a: StarPlatinum
|-heal|p2a: StarPlatinum|71/100
|
|-weather|RainDance|[upkeep]
|-heal|p1a: Excadrill|81/100|[from] item: Leftovers
|-heal|p2a: StarPlatinum|77/100|[from] item: Leftovers
|upkeep
|turn|29
|
|t:|1613400738
|move|p1a: Excadrill|Earthquake|p2a: StarPlatinum
|-damage|p2a: StarPlatinum|36/100
|move|p2a: StarPlatinum|Scald|p1a: Excadrill
|-supereffective|p1a: Excadrill
|-damage|p1a: Excadrill|10/100
|
|-weather|none
|-heal|p1a: Excadrill|16/100|[from] item: Leftovers
|-heal|p2a: StarPlatinum|42/100|[from] item: Leftovers
|upkeep
|turn|30
|
|t:|1613400742
|move|p1a: Excadrill|Earthquake|p2a: StarPlatinum
|-damage|p2a: StarPlatinum|1/100
|move|p2a: StarPlatinum|Recover|p2a: StarPlatinum
|-heal|p2a: StarPlatinum|51/100
|
|-heal|p1a: Excadrill|22/100|[from] item: Leftovers
|-heal|p2a: StarPlatinum|57/100|[from] item: Leftovers
|upkeep
|turn|31
|
|t:|1613400745
|switch|p1a: Latios|Latios, M|100/100
|move|p2a: StarPlatinum|Recover|p2a: StarPlatinum
|-heal|p2a: StarPlatinum|100/100
|
|upkeep
|turn|32
|
|t:|1613400754
|switch|p2a: PurpleHaze|Drapion, M|100/100
|move|p1a: Latios|Psychic|p2a: PurpleHaze
|-immune|p2a: PurpleHaze
|
|upkeep
|turn|33
|
|t:|1613400758
|switch|p1a: Ferrothorn|Ferrothorn, F|62/100
|move|p2a: PurpleHaze|Knock Off|p1a: Ferrothorn
|-damage|p1a: Ferrothorn|45/100
|-damage|p2a: PurpleHaze|88/100|[from] ability: Iron Barbs|[of] p1a: Ferrothorn
|-damage|p2a: PurpleHaze|71/100|[from] item: Rocky Helmet|[of] p1a: Ferrothorn
|-enditem|p1a: Ferrothorn|Rocky Helmet|[from] move: Knock Off|[of] p2a: PurpleHaze
|
|-heal|p2a: PurpleHaze|78/100|[from] item: Black Sludge
|upkeep
|turn|34
|
|t:|1613400762
|switch|p2a: ManInTheMirror|Xatu, M|88/100
|switch|p1a: Latios|Latios, M|100/100
|
|upkeep
|turn|35
|
|t:|1613400767
|switch|p2a: PurpleHaze|Drapion, M|78/100
|move|p1a: Latios|Draco Meteor|p2a: PurpleHaze|[miss]
|-miss|p1a: Latios|p2a: PurpleHaze
|
|-heal|p2a: PurpleHaze|84/100|[from] item: Black Sludge
|upkeep
|turn|36
|j| vinhsama
|
|t:|1613400775
|switch|p1a: Ferrothorn|Ferrothorn, F|45/100
|move|p2a: PurpleHaze|Knock Off|p1a: Ferrothorn
|-damage|p1a: Ferrothorn|32/100
|-damage|p2a: PurpleHaze|71/100|[from] ability: Iron Barbs|[of] p1a: Ferrothorn
|
|-heal|p2a: PurpleHaze|77/100|[from] item: Black Sludge
|upkeep
|turn|37
|
|t:|1613400783
|switch|p2a: ManInTheMirror|Xatu, M|88/100
|move|p1a: Ferrothorn|Gyro Ball|p2a: ManInTheMirror
|-damage|p2a: ManInTheMirror|35/100
|
|upkeep
|turn|38
|
|t:|1613400787
|move|p2a: ManInTheMirror|Roost|p2a: ManInTheMirror
|-heal|p2a: ManInTheMirror|85/100
|-singleturn|p2a: ManInTheMirror|move: Roost
|move|p1a: Ferrothorn|Gyro Ball|p2a: ManInTheMirror
|-damage|p2a: ManInTheMirror|24/100
|
|upkeep
|turn|39
|
|t:|1613400790
|move|p2a: ManInTheMirror|Heat Wave|p1a: Ferrothorn
|-supereffective|p1a: Ferrothorn
|-damage|p1a: Ferrothorn|0 fnt
|faint|p1a: Ferrothorn
|
|upkeep
|j| Wiimicks
|
|t:|1613400797
|switch|p1a: Urshifu|Urshifu-Rapid-Strike, M|76/100
|turn|40
|
|t:|1613400801
|move|p1a: Urshifu|Surging Strikes|p2a: ManInTheMirror
|-crit|p2a: ManInTheMirror
|-damage|p2a: ManInTheMirror|0 fnt
|-hitcount|p2a: ManInTheMirror|1
|faint|p2a: ManInTheMirror
|
|upkeep
|
|t:|1613400803
|switch|p2a: WhiteAlbum|Ninetales-Alola, F|10/100
|-weather|Hail|[from] ability: Snow Warning|[of] p2a: WhiteAlbum
|turn|41
|
|t:|1613400817
|switch|p1a: Excadrill|Excadrill, M|22/100
|move|p2a: WhiteAlbum|Freeze-Dry|p1a: Excadrill
|-damage|p1a: Excadrill|0 fnt
|faint|p1a: Excadrill
|
|-weather|Hail|[upkeep]
|upkeep
|
|t:|1613400819
|switch|p1a: Latios|Latios, M|100/100
|turn|42
|
|t:|1613400827
|switch|p2a: PurpleHaze|Drapion, M|77/100
|move|p1a: Latios|Surf|p2a: PurpleHaze
|-damage|p2a: PurpleHaze|38/100
|
|-weather|Hail|[upkeep]
|-damage|p1a: Latios|95/100|[from] Hail
|-damage|p2a: PurpleHaze|32/100|[from] Hail
|-heal|p2a: PurpleHaze|38/100|[from] item: Black Sludge
|upkeep
|turn|43
|
|t:|1613400834
|move|p1a: Latios|Surf|p2a: PurpleHaze
|-damage|p2a: PurpleHaze|0 fnt
|faint|p2a: PurpleHaze
|
|-weather|Hail|[upkeep]
|-damage|p1a: Latios|89/100|[from] Hail
|upkeep
|
|t:|1613400836
|switch|p2a: WhiteAlbum|Ninetales-Alola, F|10/100
|turn|44
|
|t:|1613400839
|move|p2a: WhiteAlbum|Blizzard|p1a: Latios
|-supereffective|p1a: Latios
|-damage|p1a: Latios|6/100
|move|p1a: Latios|Surf|p2a: WhiteAlbum
|-damage|p2a: WhiteAlbum|0 fnt
|faint|p2a: WhiteAlbum
|
|-weather|Hail|[upkeep]
|-damage|p1a: Latios|0 fnt|[from] Hail
|faint|p1a: Latios
|upkeep
|
|t:|1613400847
|switch|p1a: Pelipper|Pelipper, M|70/100
|switch|p2a: StarPlatinum|Quagsire, M, shiny|100/100
|-weather|RainDance|[from] ability: Drizzle|[of] p1a: Pelipper
|turn|45
|
|t:|1613400850
|move|p1a: Pelipper|Hurricane|p2a: StarPlatinum
|-damage|p2a: StarPlatinum|8/100
|move|p2a: StarPlatinum|Stockpile|p2a: StarPlatinum
|-start|p2a: StarPlatinum|stockpile1
|-boost|p2a: StarPlatinum|def|1
|-boost|p2a: StarPlatinum|spd|1
|
|-weather|RainDance|[upkeep]
|-heal|p2a: StarPlatinum|14/100|[from] item: Leftovers
|upkeep
|turn|46
|
|t:|1613400853
|move|p1a: Pelipper|Hurricane|p2a: StarPlatinum
|-damage|p2a: StarPlatinum|0 fnt
|faint|p2a: StarPlatinum
|
|-weather|RainDance|[upkeep]
|upkeep
|
|t:|1613400855
|switch|p2a: Magician'sRed|Volcarona, F|75/100
|turn|47
|
|t:|1613400857
|move|p2a: Magician'sRed|Quiver Dance|p2a: Magician'sRed
|-boost|p2a: Magician'sRed|spa|1
|-boost|p2a: Magician'sRed|spd|1
|-boost|p2a: Magician'sRed|spe|1
|move|p1a: Pelipper|Hurricane|p2a: Magician'sRed
|-supereffective|p2a: Magician'sRed
|-damage|p2a: Magician'sRed|0 fnt
|faint|p2a: Magician'sRed
|
|win|lighthatj
|l|☆Tirkys
|l|☆lighthatj
|l| vinhsama
|raw|lighthatj's rating: 1879 &rarr; <strong>1888</strong><br />(+9 for winning)
|raw|Tirkys's rating: 1668 &rarr; <strong>1658</strong><br />(-10 for losing)
|l| Xerche
