|j|☆mimilimi ♫☯
|j|☆HikozaruGG
|t:|1661100237
|gametype|singles
|player|p1|mimilimi ♫☯|juggler|
|player|p2|HikozaruGG|101|
|teamsize|p1|6
|teamsize|p2|6
|gen|8
|tier|[Gen 8] OU
|rated|Tournament battle
|rule|Sleep Clause Mod: Limit one foe put to sleep
|rule|Species Clause: Limit one of each Pokémon
|rule|OHKO Clause: OHKO moves are banned
|rule|Evasion Items Clause: Evasion items are banned
|rule|Evasion Moves Clause: Evasion moves are banned
|rule|Endless Battle Clause: Forcing endless battles is banned
|rule|HP Percentage Mod: HP is shown in percentages
|rule|Dynamax Clause: You cannot dynamax
|clearpoke
|poke|p1|Clefable, F|
|poke|p1|Nihilego|
|poke|p1|Tapu Koko|
|poke|p1|Garchomp, F|
|poke|p1|Mandibuzz, F|
|poke|p1|Toxapex, M|
|poke|p2|Heatran, F|
|poke|p2|Clefable, F|
|poke|p2|Rillaboom, F|
|poke|p2|Slowbro, M|
|poke|p2|Nidoking, M|
|poke|p2|Mandibuzz, F|
|teampreview
|inactive|Battle timer is ON: inactive players will automatically lose when time's up. (requested by HikozaruGG)
|c|☆HikozaruGG|hf
|j|+Les2BG
|j| Amelza
|j| N~itro^glucose
|j|@Givra no bi ☯
|c|☆mimilimi ♫☯|Go jouer fun pour la finale :)
|c|☆HikozaruGG|y
|c|☆mimilimi ♫☯|par contre nido :(
|c|☆mimilimi ♫☯|C’est dur
|inactive|mimilimi ♫☯ has 120 seconds left.
|inactive|HikozaruGG has 120 seconds left.
|c|☆HikozaruGG|plutot un bon matchup pour moi ca
|c| N~itro^glucose|c'est pour ca qu'il est joué
|c|☆mimilimi ♫☯|En effet
|c| N~itro^glucose|comme il est uu personne se prépare à lui et du coup il casse tout
|
|t:|1661100291
|start
|switch|p1a: Toxapex|Toxapex, M|100/100
|switch|p2a: Nidoking|Nidoking, M|100/100
|turn|1
|
|t:|1661100297
|move|p2a: Nidoking|Earth Power|p1a: Toxapex
|-supereffective|p1a: Toxapex
|-damage|p1a: Toxapex|24/100
|move|p1a: Toxapex|Scald|p2a: Nidoking
|-supereffective|p2a: Nidoking
|-damage|p2a: Nidoking|53/100
|-status|p2a: Nidoking|brn
|
|-heal|p1a: Toxapex|30/100|[from] item: Black Sludge
|-damage|p2a: Nidoking|47/100 brn|[from] brn
|upkeep
|turn|2
|c|☆mimilimi ♫☯|:)
|c| N~itro^glucose|si il était ou il serait moins fort paradoxalement
|c|☆HikozaruGG|mdr
|
|t:|1661100316
|move|p1a: Toxapex|Baneful Bunker|p1a: Toxapex
|-singleturn|p1a: Toxapex|move: Protect
|move|p2a: Nidoking|Earth Power|p1a: Toxapex
|-activate|p1a: Toxapex|move: Protect
|
|-heal|p1a: Toxapex|36/100|[from] item: Black Sludge
|-damage|p2a: Nidoking|41/100 brn|[from] brn
|upkeep
|turn|3
|
|t:|1661100328
|move|p2a: Nidoking|Earth Power|p1a: Toxapex
|-supereffective|p1a: Toxapex
|-damage|p1a: Toxapex|0 fnt
|faint|p1a: Toxapex
|
|-damage|p2a: Nidoking|35/100 brn|[from] brn
|upkeep
|c|☆mimilimi ♫☯|:(
|c|☆mimilimi ♫☯|pas ice beam :(
|c| N~itro^glucose|le 50/50 perdu
|
|t:|1661100347
|switch|p1a: Nihilego|Nihilego|100/100
|turn|4
|c|☆mimilimi ♫☯|Oui
|c|☆mimilimi ♫☯|pas grave
|c|☆mimilimi ♫☯|Nido est weaken
|inactive|HikozaruGG has 120 seconds left.
|c| N~itro^glucose|allez nihilego
|
|t:|1661100406
|switch|p2a: Heatran|Heatran, F|100/100
|move|p1a: Nihilego|Meteor Beam||[still]
|-prepare|p1a: Nihilego|Meteor Beam
|-boost|p1a: Nihilego|spa|1
|-enditem|p1a: Nihilego|Power Herb
|-anim|p1a: Nihilego|Meteor Beam|p2a: Heatran
|-damage|p2a: Heatran|36/100
|
|-heal|p2a: Heatran|42/100|[from] item: Leftovers
|upkeep
|turn|5
|c|☆mimilimi ♫☯|Tu connais la team hieokaru?
|c|☆HikozaruGG|nop
|
|t:|1661100421
|move|p2a: Heatran|Protect|p2a: Heatran
|-singleturn|p2a: Heatran|Protect
|move|p1a: Nihilego|Power Gem|p2a: Heatran
|-activate|p2a: Heatran|move: Protect
|
|-heal|p2a: Heatran|48/100|[from] item: Leftovers
|upkeep
|turn|6
|c| N~itro^glucose|t'es counter par presque tout les pokés défensifs de l'ou selon le set mais tu peux le faire
|j| tf
|c|☆HikozaruGG|mais mon matchup nihi est chaud
|l| Amelza
|j| Silas AR
|inactive|HikozaruGG has 90 seconds left.
|c| N~itro^glucose|btw une game ou y'a deux mandibouzz c'est hyper rare
|c|☆mimilimi ♫☯|J’ai failli remeteor beam :(
|j| Amelza
|inactive|mimilimi ♫☯ has 120 seconds left.
|l| Silas AR
|
|t:|1661100460
|move|p1a: Nihilego|Meteor Beam||[still]
|-prepare|p1a: Nihilego|Meteor Beam
|-boost|p1a: Nihilego|spa|1
|move|p2a: Heatran|Earth Power|p1a: Nihilego
|-supereffective|p1a: Nihilego
|-damage|p1a: Nihilego|27/100
|
|-heal|p2a: Heatran|54/100|[from] item: Leftovers
|upkeep
|turn|7
|inactive|HikozaruGG has 90 seconds left.
|
|t:|1661100466
|move|p2a: Heatran|Protect|p2a: Heatran
|-singleturn|p2a: Heatran|Protect
|move|p1a: Nihilego|Meteor Beam|p2a: Heatran|[from]lockedmove
|-activate|p2a: Heatran|move: Protect
|
|-heal|p2a: Heatran|61/100|[from] item: Leftovers
|upkeep
|turn|8
|c| N~itro^glucose|ouh le choke
|c|☆mimilimi ♫☯|Missclick là
|c| N~itro^glucose|ay
|
|t:|1661100474
|move|p1a: Nihilego|Power Gem|p2a: Heatran
|-damage|p2a: Heatran|7/100
|move|p2a: Heatran|Earth Power|p1a: Nihilego
|-supereffective|p1a: Nihilego
|-damage|p1a: Nihilego|0 fnt
|faint|p1a: Nihilego
|
|-heal|p2a: Heatran|14/100|[from] item: Leftovers
|upkeep
|
|t:|1661100479
|switch|p1a: Tapu Koko|Tapu Koko|100/100
|-fieldstart|move: Electric Terrain|[from] ability: Electric Surge|[of] p1a: Tapu Koko
|turn|9
|c| N~itro^glucose|tu joues sur tel?
|
|t:|1661100495
|move|p1a: Tapu Koko|Calm Mind|p1a: Tapu Koko
|-boost|p1a: Tapu Koko|spa|1
|-boost|p1a: Tapu Koko|spd|1
|move|p2a: Heatran|Earth Power|p1a: Tapu Koko
|-supereffective|p1a: Tapu Koko
|-damage|p1a: Tapu Koko|54/100
|-unboost|p1a: Tapu Koko|spd|1
|
|-heal|p2a: Heatran|20/100|[from] item: Leftovers
|upkeep
|turn|10
|c|☆mimilimi ♫☯|Mais :(
|
|t:|1661100505
|move|p1a: Tapu Koko|Thunderbolt|p2a: Heatran
|-damage|p2a: Heatran|0 fnt
|faint|p2a: Heatran
|
|upkeep
|c| Amelza|vexant
|c| N~itro^glucose|premiere fois que le boost en spe def de calm mind est utile sur tokorico
|c|☆HikozaruGG|j'ai vu le calm mind venir a 15 kilometres
|c|☆mimilimi ♫☯|Oui pour ta question nitroglucose
|inactive|HikozaruGG has 90 seconds left.
|
|t:|1661100524
|switch|p2a: Rillaboom|Rillaboom, F, shiny|100/100
|-fieldstart|move: Grassy Terrain|[from] ability: Grassy Surge|[of] p2a: Rillaboom
|turn|11
|
|t:|1661100528
|switch|p1a: Mandibuzz|Mandibuzz, F|100/100
|move|p2a: Rillaboom|Grassy Glide|p1a: Mandibuzz
|-resisted|p1a: Mandibuzz
|-damage|p1a: Mandibuzz|81/100
|
|upkeep
|turn|12
|
|t:|1661100534
|switch|p2a: Clefable|Clefable, F|100/100
|move|p1a: Mandibuzz|U-turn|p2a: Clefable
|-resisted|p2a: Clefable
|-damage|p2a: Clefable|96/100
|
|t:|1661100536
|switch|p1a: Clefable|Clefable, F|100/100|[from]move: U-turn
|
|-heal|p2a: Clefable|100/100|[from] Grassy Terrain
|upkeep
|turn|13
|
|t:|1661100540
|move|p2a: Clefable|Calm Mind|p2a: Clefable
|-boost|p2a: Clefable|spa|1
|-boost|p2a: Clefable|spd|1
|move|p1a: Clefable|Trick|p2a: Clefable
|-activate|p1a: Clefable|move: Trick|[of] p2a: Clefable
|-item|p2a: Clefable|Ring Target|[from] move: Trick
|-item|p1a: Clefable|Leftovers|[from] move: Trick
|
|upkeep
|turn|14
|c|☆mimilimi ♫☯|Lol
|
|t:|1661100552
|move|p2a: Clefable|Calm Mind|p2a: Clefable
|-boost|p2a: Clefable|spa|1
|-boost|p2a: Clefable|spd|1
|move|p1a: Clefable|Stealth Rock|p2a: Clefable
|-sidestart|p2: HikozaruGG|move: Stealth Rock
|
|upkeep
|turn|15
|c|☆HikozaruGG|qu'est ce que j'affronte mdr
|c|☆mimilimi ♫☯|Gg
|
|t:|1661100560
|move|p2a: Clefable|Moonblast|p1a: Clefable
|-damage|p1a: Clefable|46/100
|move|p1a: Clefable|Moonblast|p2a: Clefable
|-damage|p2a: Clefable|86/100
|
|-heal|p2a: Clefable|92/100|[from] Grassy Terrain
|-heal|p1a: Clefable|53/100|[from] Grassy Terrain
|-heal|p1a: Clefable|59/100|[from] item: Leftovers
|-fieldend|move: Grassy Terrain
|upkeep
|turn|16
|c|☆HikozaruGG|gg
|
|t:|1661100572
|move|p2a: Clefable|Calm Mind|p2a: Clefable
|-boost|p2a: Clefable|spa|1
|-boost|p2a: Clefable|spd|1
|move|p1a: Clefable|Moonblast|p2a: Clefable
|-damage|p2a: Clefable|79/100
|
|-heal|p1a: Clefable|65/100|[from] item: Leftovers
|upkeep
|turn|17
|c|☆mimilimi ♫☯|J’ai lose là
|c| N~itro^glucose|(insérez une réaction choquée de jojo's bizzare aventure)
|
|t:|1661100578
|switch|p1a: Garchomp|Garchomp, F|100/100
|move|p2a: Clefable|Soft-Boiled|p2a: Clefable
|-heal|p2a: Clefable|100/100
|
|upkeep
|turn|18
|c|☆HikozaruGG|sauf 5 hit scale shot crit ig
|
|t:|1661100585
|switch|p1a: Clefable|Clefable, F|65/100
|move|p2a: Clefable|Moonblast|p1a: Clefable
|-damage|p1a: Clefable|0 fnt
|faint|p1a: Clefable
|
|upkeep
|
|t:|1661100587
|switch|p1a: Tapu Koko|Tapu Koko|54/100
|-fieldstart|move: Electric Terrain|[from] ability: Electric Surge|[of] p1a: Tapu Koko
|turn|19
|
|t:|1661100592
|move|p1a: Tapu Koko|Calm Mind|p1a: Tapu Koko
|-boost|p1a: Tapu Koko|spa|1
|-boost|p1a: Tapu Koko|spd|1
|move|p2a: Clefable|Moonblast|p1a: Tapu Koko
|-damage|p1a: Tapu Koko|0 fnt
|faint|p1a: Tapu Koko
|
|upkeep
|c|☆mimilimi ♫☯|:(
|
|t:|1661100601
|switch|p1a: Garchomp|Garchomp, F|100/100
|turn|20
|
|t:|1661100604
|move|p1a: Garchomp|Scale Shot|p2a: Clefable|[miss]
|-miss|p1a: Garchomp|p2a: Clefable
|move|p2a: Clefable|Moonblast|p1a: Garchomp
|-supereffective|p1a: Garchomp
|-damage|p1a: Garchomp|0 fnt
|faint|p1a: Garchomp
|
|upkeep
|c|☆HikozaruGG|mdr
|c|☆mimilimi ♫☯|Mdr
|-message|mimilimi ♫☯ forfeited.
|
|win|HikozaruGG
|n|☆mimilimi ♫☯|mimilimi
|n|☆HikozaruGG|hikozarugg
|n| Les2BG|les2bg
|n| N~itro^glucose|nitroglucose
|n| Givra no bi ☯|givranobi
|n| tf|tf
|n| Amelza|amelza
