|j|☆RggV
|j|☆Monsieur Eans
|t:|1630285272
|gametype|singles
|player|p1|RggV|scientist|1441
|player|p2|Monsieur Eans|juan|1469
|teamsize|p1|6
|teamsize|p2|6
|gen|8
|tier|[Gen 8] OU
|rated|
|rule|Sleep Clause Mod: Limit one foe put to sleep
|rule|Species Clause: Limit one of each Pokémon
|rule|OHKO Clause: OHKO moves are banned
|rule|Evasion Moves Clause: Evasion moves are banned
|rule|Endless Battle Clause: Forcing endless battles is banned
|rule|HP Percentage Mod: HP is shown in percentages
|rule|Dynamax Clause: You cannot dynamax
|clearpoke
|poke|p1|Politoed, F|
|poke|p1|Heliolisk, M|
|poke|p1|Kingdra, F|
|poke|p1|Mudsdale, F|
|poke|p1|Scizor, F|
|poke|p1|Urshifu-*, M|
|poke|p2|Ferrothorn, M|
|poke|p2|Victini|
|poke|p2|Hydreigon, F|
|poke|p2|Blissey, F|
|poke|p2|Landorus-Therian, M|
|poke|p2|Kartana|
|teampreview
|inactive|Battle timer is ON: inactive players will automatically lose when time's up. (requested by Monsieur Eans)
|
|t:|1630285311
|start
|switch|p1a: Scizor|Scizor, F|100/100
|switch|p2a: Victini|Victini|100/100
|turn|1
|
|t:|1630285316
|switch|p1a: Mudsdale|Mudsdale, F, shiny|100/100
|move|p2a: Victini|Thunder|p1a: Mudsdale
|-immune|p1a: Mudsdale
|
|upkeep
|turn|2
|
|t:|1630285322
|switch|p2a: Ferrothorn|Ferrothorn, M|100/100
|move|p1a: Mudsdale|Stealth Rock|p2a: Ferrothorn
|-sidestart|p2: Monsieur Eans|move: Stealth Rock
|
|upkeep
|turn|3
|
|t:|1630285328
|switch|p1a: Scizor|Scizor, F|100/100
|move|p2a: Ferrothorn|Leech Seed|p1a: Scizor
|-start|p1a: Scizor|move: Leech Seed
|
|-damage|p1a: Scizor|88/100|[from] Leech Seed|[of] p2a: Ferrothorn
|upkeep
|turn|4
|
|t:|1630285330
|move|p1a: Scizor|Knock Off|p2a: Ferrothorn
|-damage|p2a: Ferrothorn|78/100
|-damage|p1a: Scizor|76/100|[from] ability: Iron Barbs|[of] p2a: Ferrothorn
|-enditem|p2a: Ferrothorn|Leftovers|[from] move: Knock Off|[of] p1a: Scizor
|move|p2a: Ferrothorn|Curse|p2a: Ferrothorn
|-unboost|p2a: Ferrothorn|spe|1
|-boost|p2a: Ferrothorn|atk|1
|-boost|p2a: Ferrothorn|def|1
|
|-damage|p1a: Scizor|64/100|[from] Leech Seed|[of] p2a: Ferrothorn
|-heal|p2a: Ferrothorn|90/100|[silent]
|upkeep
|turn|5
|
|t:|1630285336
|switch|p1a: Mudsdale|Mudsdale, F, shiny|100/100
|move|p2a: Ferrothorn|Curse|p2a: Ferrothorn
|-unboost|p2a: Ferrothorn|spe|1
|-boost|p2a: Ferrothorn|atk|1
|-boost|p2a: Ferrothorn|def|1
|
|upkeep
|turn|6
|
|t:|1630285342
|switch|p1a: Politoed|Politoed, F, shiny|100/100
|-weather|RainDance|[from] ability: Drizzle|[of] p1a: Politoed
|move|p2a: Ferrothorn|Leech Seed|p1a: Politoed
|-start|p1a: Politoed|move: Leech Seed
|
|-weather|RainDance|[upkeep]
|-damage|p1a: Politoed|88/100|[from] Leech Seed|[of] p2a: Ferrothorn
|-heal|p2a: Ferrothorn|100/100|[silent]
|upkeep
|turn|7
|
|t:|1630285345
|move|p1a: Politoed|Encore|p2a: Ferrothorn
|-start|p2a: Ferrothorn|Encore
|move|p2a: Ferrothorn|Leech Seed||[still]
|-fail|p2a: Ferrothorn
|
|-weather|RainDance|[upkeep]
|-damage|p1a: Politoed|75/100|[from] Leech Seed|[of] p2a: Ferrothorn
|upkeep
|turn|8
|
|t:|1630285347
|switch|p1a: Kingdra|Kingdra, F|100/100
|move|p2a: Ferrothorn|Leech Seed|p1a: Kingdra
|-start|p1a: Kingdra|move: Leech Seed
|
|-weather|RainDance|[upkeep]
|-damage|p1a: Kingdra|88/100|[from] Leech Seed|[of] p2a: Ferrothorn
|upkeep
|turn|9
|
|t:|1630285349
|move|p1a: Kingdra|Hydro Pump|p2a: Ferrothorn
|-resisted|p2a: Ferrothorn
|-damage|p2a: Ferrothorn|67/100
|move|p2a: Ferrothorn|Leech Seed||[still]
|-fail|p2a: Ferrothorn
|
|-weather|RainDance|[upkeep]
|-damage|p1a: Kingdra|76/100|[from] Leech Seed|[of] p2a: Ferrothorn
|-heal|p2a: Ferrothorn|77/100|[silent]
|-end|p2a: Ferrothorn|Encore
|upkeep
|turn|10
|
|t:|1630285352
|switch|p1a: Mudsdale|Mudsdale, F, shiny|100/100
|move|p2a: Ferrothorn|Body Press|p1a: Mudsdale
|-damage|p1a: Mudsdale|74/100
|-ability|p1a: Mudsdale|Stamina|boost
|-boost|p1a: Mudsdale|def|1
|
|-weather|RainDance|[upkeep]
|-heal|p1a: Mudsdale|80/100|[from] item: Leftovers
|upkeep
|turn|11
|
|t:|1630285360
|move|p1a: Mudsdale|Body Press|p2a: Ferrothorn
|-supereffective|p2a: Ferrothorn
|-damage|p2a: Ferrothorn|48/100
|-damage|p1a: Mudsdale|68/100|[from] ability: Iron Barbs|[of] p2a: Ferrothorn
|move|p2a: Ferrothorn|Leech Seed|p1a: Mudsdale
|-start|p1a: Mudsdale|move: Leech Seed
|
|-weather|RainDance|[upkeep]
|-heal|p1a: Mudsdale|74/100|[from] item: Leftovers
|-damage|p1a: Mudsdale|62/100|[from] Leech Seed|[of] p2a: Ferrothorn
|-heal|p2a: Ferrothorn|62/100|[silent]
|upkeep
|turn|12
|
|t:|1630285363
|move|p1a: Mudsdale|Body Press|p2a: Ferrothorn
|-supereffective|p2a: Ferrothorn
|-damage|p2a: Ferrothorn|33/100
|-damage|p1a: Mudsdale|50/100|[from] ability: Iron Barbs|[of] p2a: Ferrothorn
|move|p2a: Ferrothorn|Curse|p2a: Ferrothorn
|-unboost|p2a: Ferrothorn|spe|1
|-boost|p2a: Ferrothorn|atk|1
|-boost|p2a: Ferrothorn|def|1
|
|-weather|RainDance|[upkeep]
|-heal|p1a: Mudsdale|56/100|[from] item: Leftovers
|-damage|p1a: Mudsdale|43/100|[from] Leech Seed|[of] p2a: Ferrothorn
|-heal|p2a: Ferrothorn|47/100|[silent]
|upkeep
|turn|13
|
|t:|1630285367
|move|p1a: Mudsdale|Body Press|p2a: Ferrothorn
|-supereffective|p2a: Ferrothorn
|-damage|p2a: Ferrothorn|22/100
|-damage|p1a: Mudsdale|31/100|[from] ability: Iron Barbs|[of] p2a: Ferrothorn
|move|p2a: Ferrothorn|Curse|p2a: Ferrothorn
|-unboost|p2a: Ferrothorn|spe|1
|-boost|p2a: Ferrothorn|atk|1
|-boost|p2a: Ferrothorn|def|1
|
|-weather|none
|-heal|p1a: Mudsdale|37/100|[from] item: Leftovers
|-damage|p1a: Mudsdale|25/100|[from] Leech Seed|[of] p2a: Ferrothorn
|-heal|p2a: Ferrothorn|37/100|[silent]
|upkeep
|turn|14
|
|t:|1630285381
|switch|p1a: Politoed|Politoed, F, shiny|75/100
|-weather|RainDance|[from] ability: Drizzle|[of] p1a: Politoed
|move|p2a: Ferrothorn|Body Press|p1a: Politoed
|-damage|p1a: Politoed|24/100
|
|-weather|RainDance|[upkeep]
|upkeep
|turn|15
|
|t:|1630285387
|switch|p1a: Mudsdale|Mudsdale, F, shiny|25/100
|move|p2a: Ferrothorn|Body Press|p1a: Mudsdale
|-damage|p1a: Mudsdale|0 fnt
|faint|p1a: Mudsdale
|
|-weather|RainDance|[upkeep]
|upkeep
|
|t:|1630285388
|switch|p1a: Urshifu|Urshifu-Rapid-Strike, M|100/100
|turn|16
|
|t:|1630285396
|move|p1a: Urshifu|Close Combat|p2a: Ferrothorn
|-supereffective|p2a: Ferrothorn
|-damage|p2a: Ferrothorn|1/100
|-unboost|p1a: Urshifu|def|1
|-unboost|p1a: Urshifu|spd|1
|-activate|p2a: Ferrothorn|ability: Iron Barbs
|-activate|p1a: Urshifu|item: Protective Pads
|move|p2a: Ferrothorn|Body Press|p1a: Urshifu
|-damage|p1a: Urshifu|0 fnt
|faint|p1a: Urshifu
|
|-weather|RainDance|[upkeep]
|upkeep
|-message|RggV forfeited.
|
|win|Monsieur Eans
|raw|RggV's rating: 1441 &rarr; <strong>1423</strong><br />(-18 for losing)
|raw|Monsieur Eans's rating: 1469 &rarr; <strong>1487</strong><br />(+18 for winning)
|l|☆RggV
|j| literal unluckiest
