|raw|<div class="broadcast-blue"><strong>This battle is required to be public due to a player having a name starting with 'lt92pf'.</div>
|j|☆LT92PF Lio
|j|☆Pinkacross
|t:|1659824433
|gametype|singles
|player|p1|LT92PF Lio|2|1736
|player|p2|Pinkacross|artist|1843
|teamsize|p1|6
|teamsize|p2|6
|gen|8
|tier|[Gen 8] OU
|rated|
|rule|Sleep Clause Mod: Limit one foe put to sleep
|rule|Species Clause: Limit one of each Pokémon
|rule|OHKO Clause: OHKO moves are banned
|rule|Evasion Items Clause: Evasion items are banned
|rule|Evasion Moves Clause: Evasion moves are banned
|rule|Endless Battle Clause: Forcing endless battles is banned
|rule|HP Percentage Mod: HP is shown in percentages
|rule|Dynamax Clause: You cannot dynamax
|clearpoke
|poke|p1|Rillaboom, M|
|poke|p1|Kartana|
|poke|p1|Zapdos|
|poke|p1|Corviknight, M|
|poke|p1|Crawdaunt, F|
|poke|p1|Hippowdon, M|
|poke|p2|Ninetales-Alola, M|
|poke|p2|Cloyster, F|
|poke|p2|Landorus-Therian, M|
|poke|p2|Weavile, F|
|poke|p2|Nihilego|
|poke|p2|Volcarona, F|
|teampreview
|
|t:|1659824449
|start
|switch|p1a: Zapdos|Zapdos|100/100
|switch|p2a: Ninetales|Ninetales-Alola, M|100/100
|-weather|Hail|[from] ability: Snow Warning|[of] p2a: Ninetales
|turn|1
|
|t:|1659824453
|move|p2a: Ninetales|Aurora Veil|p2a: Ninetales
|-sidestart|p2: Pinkacross|move: Aurora Veil
|move|p1a: Zapdos|Toxic|p2a: Ninetales
|-status|p2a: Ninetales|tox
|
|-weather|Hail|[upkeep]
|-damage|p1a: Zapdos|94/100|[from] Hail
|-damage|p2a: Ninetales|94/100 tox|[from] psn
|upkeep
|turn|2
|j| podtastic1
|
|t:|1659824464
|move|p2a: Ninetales|Encore|p1a: Zapdos
|-start|p1a: Zapdos|Encore
|move|p1a: Zapdos|Toxic|p2a: Ninetales
|-fail|p2a: Ninetales|tox
|
|-weather|Hail|[upkeep]
|-damage|p1a: Zapdos|88/100|[from] Hail
|-damage|p2a: Ninetales|82/100 tox|[from] psn
|upkeep
|turn|3
|
|t:|1659824472
|switch|p2a: Nihilego|Nihilego|100/100
|switch|p1a: Hippowdon|Hippowdon, M|100/100
|-weather|Sandstorm|[from] ability: Sand Stream|[of] p1a: Hippowdon
|
|-weather|Sandstorm|[upkeep]
|upkeep
|turn|4
|
|t:|1659824476
|switch|p2a: Cloyster|Cloyster, F|100/100
|move|p1a: Hippowdon|Stealth Rock|p2a: Cloyster
|-sidestart|p2: Pinkacross|move: Stealth Rock
|
|-weather|Sandstorm|[upkeep]
|-damage|p2a: Cloyster|94/100|[from] Sandstorm
|upkeep
|turn|5
|j| goatseemen
|l| goatseemen
|j| mejais teamstealer
|j| Heinrich Kemmler
|
|t:|1659824488
|switch|p1a: Rillaboom|Rillaboom, M|100/100
|-fieldstart|move: Grassy Terrain|[from] ability: Grassy Surge|[of] p1a: Rillaboom
|move|p2a: Cloyster|Rapid Spin|p1a: Rillaboom
|-damage|p1a: Rillaboom|84/100
|-boost|p2a: Cloyster|spe|1
|-sideend|p2: Pinkacross|Stealth Rock|[from] move: Rapid Spin|[of] p2a: Cloyster
|
|-weather|Sandstorm|[upkeep]
|-damage|p2a: Cloyster|88/100|[from] Sandstorm
|-damage|p1a: Rillaboom|78/100|[from] Sandstorm
|-heal|p2a: Cloyster|94/100|[from] Grassy Terrain
|-heal|p1a: Rillaboom|84/100|[from] Grassy Terrain
|upkeep
|turn|6
|inactive|Battle timer is ON: inactive players will automatically lose when time's up. (requested by Pinkacross)
|j| fatass cat
|
|t:|1659824491
|move|p1a: Rillaboom|Grassy Glide|p2a: Cloyster
|-supereffective|p2a: Cloyster
|-damage|p2a: Cloyster|44/100
|-damage|p1a: Rillaboom|74/100|[from] item: Life Orb
|move|p2a: Cloyster|Icicle Spear|p1a: Rillaboom
|-supereffective|p1a: Rillaboom
|-damage|p1a: Rillaboom|51/100
|-supereffective|p1a: Rillaboom
|-damage|p1a: Rillaboom|24/100
|-supereffective|p1a: Rillaboom
|-damage|p1a: Rillaboom|0 fnt
|faint|p1a: Rillaboom
|-hitcount|p1: Rillaboom|3
|
|-weather|Sandstorm|[upkeep]
|-damage|p2a: Cloyster|37/100|[from] Sandstorm
|-heal|p2a: Cloyster|44/100|[from] Grassy Terrain
|upkeep
|
|t:|1659824496
|switch|p1a: Corviknight|Corviknight, M|100/100
|-ability|p1a: Corviknight|Pressure
|turn|7
|l| Heinrich Kemmler
|
|t:|1659824500
|move|p2a: Cloyster|Shell Smash|p2a: Cloyster
|-unboost|p2a: Cloyster|def|1
|-unboost|p2a: Cloyster|spd|1
|-boost|p2a: Cloyster|atk|2
|-boost|p2a: Cloyster|spa|2
|-boost|p2a: Cloyster|spe|2
|move|p1a: Corviknight|Body Press|p2a: Cloyster
|-supereffective|p2a: Cloyster
|-damage|p2a: Cloyster|13/100
|
|-weather|none
|-heal|p2a: Cloyster|19/100|[from] Grassy Terrain
|upkeep
|turn|8
|j| LT92PF croo
|j| leona misa
|
|t:|1659824504
|move|p2a: Cloyster|Icicle Spear|p1a: Corviknight
|-damage|p1a: Corviknight|87/100
|-damage|p1a: Corviknight|72/100
|-damage|p1a: Corviknight|57/100
|-damage|p1a: Corviknight|43/100
|-damage|p1a: Corviknight|30/100
|-hitcount|p1a: Corviknight|5
|move|p1a: Corviknight|Body Press|p2a: Cloyster
|-supereffective|p2a: Cloyster
|-damage|p2a: Cloyster|0 fnt
|faint|p2a: Cloyster
|
|-heal|p1a: Corviknight|36/100|[from] item: Leftovers
|-sideend|p2: Pinkacross|move: Aurora Veil
|upkeep
|j| chokst du
|j| Profdesinnoh
|
|t:|1659824514
|switch|p2a: Ninetales|Ninetales-Alola, M|82/100 tox
|-weather|Hail|[from] ability: Snow Warning|[of] p2a: Ninetales
|turn|9
|j| Coach Jones 6fifth
|j| isudbhfahsb
|l| Coach Jones 6fifth
|inactive|LT92PF Lio has 120 seconds left.
|
|t:|1659824548
|move|p2a: Ninetales|Aurora Veil|p2a: Ninetales
|-sidestart|p2: Pinkacross|move: Aurora Veil
|move|p1a: Corviknight|Roost|p1a: Corviknight
|-heal|p1a: Corviknight|86/100
|-singleturn|p1a: Corviknight|move: Roost
|
|-weather|Hail|[upkeep]
|-damage|p1a: Corviknight|80/100|[from] Hail
|-heal|p2a: Ninetales|88/100 tox|[from] Grassy Terrain
|-heal|p1a: Corviknight|86/100|[from] Grassy Terrain
|-heal|p1a: Corviknight|92/100|[from] item: Leftovers
|-damage|p2a: Ninetales|82/100 tox|[from] psn
|-fieldend|move: Grassy Terrain
|upkeep
|turn|10
|j| LT92PF Attr
|
|t:|1659824553
|switch|p2a: Volcarona|Volcarona, F|100/100
|move|p1a: Corviknight|Defog|p2a: Volcarona
|-unboost|p2a: Volcarona|evasion|1
|-sideend|p2: Pinkacross|move: Aurora Veil
|
|-weather|Hail|[upkeep]
|-damage|p2a: Volcarona|94/100|[from] Hail
|-damage|p1a: Corviknight|86/100|[from] Hail
|-heal|p2a: Volcarona|100/100|[from] item: Leftovers
|-heal|p1a: Corviknight|92/100|[from] item: Leftovers
|upkeep
|turn|11
|
|t:|1659824563
|move|p2a: Volcarona|Quiver Dance|p2a: Volcarona
|-boost|p2a: Volcarona|spa|1
|-boost|p2a: Volcarona|spd|1
|-boost|p2a: Volcarona|spe|1
|move|p1a: Corviknight|U-turn|p2a: Volcarona
|-resisted|p2a: Volcarona
|-damage|p2a: Volcarona|94/100
|
|t:|1659824565
|switch|p1a: Crawdaunt|Crawdaunt, F|100/100|[from]move: U-turn
|
|-weather|Hail|[upkeep]
|-damage|p2a: Volcarona|88/100|[from] Hail
|-damage|p1a: Crawdaunt|95/100|[from] Hail
|-heal|p2a: Volcarona|94/100|[from] item: Leftovers
|upkeep
|turn|12
|
|t:|1659824567
|move|p1a: Crawdaunt|Aqua Jet|p2a: Volcarona
|-supereffective|p2a: Volcarona
|-damage|p2a: Volcarona|5/100
|move|p2a: Volcarona|Bug Buzz|p1a: Crawdaunt
|-supereffective|p1a: Crawdaunt
|-damage|p1a: Crawdaunt|0 fnt
|faint|p1a: Crawdaunt
|
|-weather|Hail|[upkeep]
|-damage|p2a: Volcarona|0 fnt|[from] Hail
|faint|p2a: Volcarona
|upkeep
|j| Rubyblood
|j| yop on the flux
|
|t:|1659824589
|switch|p2a: Landorus|Landorus-Therian, M|100/100
|switch|p1a: Kartana|Kartana|100/100
|-ability|p2a: Landorus|Intimidate|boost
|-unboost|p1a: Kartana|atk|1
|turn|13
|
|t:|1659824594
|switch|p1a: Hippowdon|Hippowdon, M|100/100
|-weather|Sandstorm|[from] ability: Sand Stream|[of] p1a: Hippowdon
|move|p2a: Landorus|Earthquake|p1a: Hippowdon
|-damage|p1a: Hippowdon|55/100
|
|-weather|Sandstorm|[upkeep]
|-heal|p1a: Hippowdon|61/100|[from] item: Leftovers
|upkeep
|turn|14
|
|t:|1659824600
|switch|p1a: Corviknight|Corviknight, M|92/100
|-ability|p1a: Corviknight|Pressure
|move|p2a: Landorus|Substitute|p2a: Landorus
|-start|p2a: Landorus|Substitute
|-damage|p2a: Landorus|76/100
|
|-weather|Sandstorm|[upkeep]
|-heal|p1a: Corviknight|98/100|[from] item: Leftovers
|upkeep
|turn|15
|j| goatseemen
|j| pokemh
|
|t:|1659824606
|move|p2a: Landorus|Swords Dance|p2a: Landorus
|-boost|p2a: Landorus|atk|2
|move|p1a: Corviknight|U-turn|p2a: Landorus
|-resisted|p2a: Landorus
|-activate|p2a: Landorus|move: Substitute|[damage]
|l| goatseemen
|
|t:|1659824609
|switch|p1a: Zapdos|Zapdos|88/100|[from]move: U-turn
|
|-weather|Sandstorm|[upkeep]
|-damage|p1a: Zapdos|82/100|[from] Sandstorm
|upkeep
|turn|16
|
|t:|1659824610
|move|p2a: Landorus|Stone Edge|p1a: Zapdos
|-supereffective|p1a: Zapdos
|-crit|p1a: Zapdos
|-damage|p1a: Zapdos|0 fnt
|faint|p1a: Zapdos
|
|-weather|Sandstorm|[upkeep]
|upkeep
|j| LT92PF Adri
|
|t:|1659824614
|switch|p1a: Corviknight|Corviknight, M|98/100
|-ability|p1a: Corviknight|Pressure
|turn|17
|
|t:|1659824616
|move|p2a: Landorus|Swords Dance|p2a: Landorus
|-boost|p2a: Landorus|atk|2
|move|p1a: Corviknight|Body Press|p2a: Landorus
|-resisted|p2a: Landorus
|-activate|p2a: Landorus|move: Substitute|[damage]
|
|-weather|none
|-heal|p1a: Corviknight|100/100|[from] item: Leftovers
|upkeep
|turn|18
|
|t:|1659824619
|move|p2a: Landorus|Stone Edge|p1a: Corviknight
|-damage|p1a: Corviknight|23/100
|move|p1a: Corviknight|Body Press|p2a: Landorus
|-resisted|p2a: Landorus
|-end|p2a: Landorus|Substitute
|
|-heal|p1a: Corviknight|29/100|[from] item: Leftovers
|upkeep
|turn|19
|
|t:|1659824628
|move|p2a: Landorus|Substitute|p2a: Landorus
|-start|p2a: Landorus|Substitute
|-damage|p2a: Landorus|51/100
|move|p1a: Corviknight|Roost|p1a: Corviknight
|-heal|p1a: Corviknight|79/100
|-singleturn|p1a: Corviknight|move: Roost
|
|-heal|p1a: Corviknight|86/100|[from] item: Leftovers
|upkeep
|turn|20
|
|t:|1659824631
|move|p2a: Landorus|Swords Dance|p2a: Landorus
|-boost|p2a: Landorus|atk|2
|move|p1a: Corviknight|Roost|p1a: Corviknight
|-heal|p1a: Corviknight|100/100
|-singleturn|p1a: Corviknight|move: Roost
|
|upkeep
|turn|21
|
|t:|1659824633
|move|p2a: Landorus|Stone Edge|p1a: Corviknight
|-damage|p1a: Corviknight|0 fnt
|faint|p1a: Corviknight
|
|upkeep
|j| Mewtwo88
|c|☆Pinkacross|gg
|-message|LT92PF Lio forfeited.
|
|win|Pinkacross
|raw|LT92PF Lio's rating: 1752 &rarr; <strong>1737</strong><br />(-15 for losing)
|raw|Pinkacross's rating: 1843 &rarr; <strong>1858</strong><br />(+15 for winning)
|l|☆LT92PF Lio
