|raw|<div class="broadcast-blue"><strong>This battle is required to be public due to a player having a name starting with 'lt93oq'.</div>
|j|☆Mimikyu Stardust
|j|☆LT93O Quetzalcoatl
|t:|1660705809
|gametype|singles
|player|p1|Mimikyu Stardust|#wcop2022asia|1743
|player|p2|LT93O Quetzalcoatl|picnicker|1845
|teamsize|p1|6
|teamsize|p2|6
|gen|8
|tier|[Gen 8] OU
|rated|
|rule|Sleep Clause Mod: Limit one foe put to sleep
|rule|Species Clause: Limit one of each Pokémon
|rule|OHKO Clause: OHKO moves are banned
|rule|Evasion Items Clause: Evasion items are banned
|rule|Evasion Moves Clause: Evasion moves are banned
|rule|Endless Battle Clause: Forcing endless battles is banned
|rule|HP Percentage Mod: HP is shown in percentages
|rule|Dynamax Clause: You cannot dynamax
|clearpoke
|poke|p1|Mew|
|poke|p1|Zeraora|
|poke|p1|Kartana|
|poke|p1|Blacephalon|
|poke|p1|Tapu Bulu|
|poke|p1|Weavile, M|
|poke|p2|Tyranitar, F|
|poke|p2|Rotom-Wash|
|poke|p2|Tangrowth, F|
|poke|p2|Clefable, F|
|poke|p2|Slowking-Galar, F|
|poke|p2|Excadrill, F|
|teampreview
|inactive|Battle timer is ON: inactive players will automatically lose when time's up. (requested by LT93O Quetzalcoatl)
|
|t:|1660705821
|start
|switch|p1a: Mew|Mew|100/100
|switch|p2a: Ferenia|Tyranitar, F|100/100
|-weather|Sandstorm|[from] ability: Sand Stream|[of] p2a: Ferenia
|turn|1
|j| epileptic shrub ❤
|
|t:|1660705847
|move|p1a: Mew|Thunder Wave|p2a: Ferenia
|-status|p2a: Ferenia|par
|move|p2a: Ferenia|Crunch|p1a: Mew
|-supereffective|p1a: Mew
|-enditem|p1a: Mew|Colbur Berry|[eat]
|-enditem|p1a: Mew|Colbur Berry|[weaken]
|-damage|p1a: Mew|44/100
|-unboost|p1a: Mew|def|1
|
|-weather|Sandstorm|[upkeep]
|-damage|p1a: Mew|38/100|[from] Sandstorm
|upkeep
|turn|2
|j| d18l
|
|t:|1660705871
|move|p1a: Mew|Stealth Rock|p2a: Ferenia
|-sidestart|p2: LT93O Quetzalcoatl|move: Stealth Rock
|cant|p2a: Ferenia|par
|
|-weather|Sandstorm|[upkeep]
|-damage|p1a: Mew|31/100|[from] Sandstorm
|upkeep
|turn|3
|
|t:|1660705881
|move|p1a: Mew|Spikes|p2a: Ferenia
|-sidestart|p2: LT93O Quetzalcoatl|Spikes
|move|p2a: Ferenia|Crunch|p1a: Mew
|-supereffective|p1a: Mew
|-damage|p1a: Mew|0 fnt
|faint|p1a: Mew
|
|-weather|Sandstorm|[upkeep]
|upkeep
|
|t:|1660705891
|switch|p1a: Zeraora|Zeraora|100/100
|turn|4
|
|t:|1660705905
|switch|p2a: Promiscuity|Tangrowth, F|100/100
|-damage|p2a: Promiscuity|88/100|[from] Stealth Rock
|-damage|p2a: Promiscuity|76/100|[from] Spikes
|move|p1a: Zeraora|Close Combat|p2a: Promiscuity
|-damage|p2a: Promiscuity|56/100
|-unboost|p1a: Zeraora|def|1
|-unboost|p1a: Zeraora|spd|1
|-enditem|p1a: Zeraora|Eject Pack
|-damage|p1a: Zeraora|84/100|[from] item: Rocky Helmet|[of] p2a: Promiscuity
|
|t:|1660705917
|switch|p1a: Weavile|Weavile, M|100/100
|-ability|p1a: Weavile|Pressure
|
|-weather|Sandstorm|[upkeep]
|-damage|p1a: Weavile|94/100|[from] Sandstorm
|-damage|p2a: Promiscuity|49/100|[from] Sandstorm
|upkeep
|turn|5
|
|t:|1660705925
|move|p1a: Weavile|Triple Axel|p2a: Promiscuity
|-supereffective|p2a: Promiscuity
|-damage|p2a: Promiscuity|32/100
|-damage|p1a: Weavile|78/100|[from] item: Rocky Helmet|[of] p2a: Promiscuity
|-supereffective|p2a: Promiscuity
|-damage|p2a: Promiscuity|5/100
|-damage|p1a: Weavile|62/100|[from] item: Rocky Helmet|[of] p2a: Promiscuity
|-hitcount|p2a: Promiscuity|2
|-damage|p1a: Weavile|52/100|[from] item: Life Orb
|move|p2a: Promiscuity|Focus Blast|p1a: Weavile
|-supereffective|p1a: Weavile
|-damage|p1a: Weavile|0 fnt
|faint|p1a: Weavile
|
|-weather|none
|upkeep
|
|t:|1660705942
|switch|p1a: Kartana|Kartana|100/100
|turn|6
|
|t:|1660705950
|switch|p2a: Sing Of The King|Slowking-Galar, F, shiny|100/100
|-damage|p2a: Sing Of The King|88/100|[from] Stealth Rock
|-damage|p2a: Sing Of The King|76/100|[from] Spikes
|move|p1a: Kartana|Leaf Blade|p2a: Sing Of The King
|-resisted|p2a: Sing Of The King
|-crit|p2a: Sing Of The King
|-damage|p2a: Sing Of The King|38/100
|
|-heal|p2a: Sing Of The King|45/100|[from] item: Black Sludge
|upkeep
|turn|7
|j| EL BAMZUKA
|inactive|LT93O Quetzalcoatl has 120 seconds left.
|
|t:|1660705981
|switch|p1a: Blacephalon|Blacephalon|100/100
|move|p2a: Sing Of The King|Trick|p1a: Blacephalon
|-activate|p2a: Sing Of The King|move: Trick|[of] p1a: Blacephalon
|-item|p1a: Blacephalon|Black Sludge|[from] move: Trick
|-item|p2a: Sing Of The King|Choice Scarf|[from] move: Trick
|
|-damage|p1a: Blacephalon|88/100|[from] item: Black Sludge
|upkeep
|turn|8
|inactive|LT93O Quetzalcoatl has 120 seconds left.
|
|t:|1660705993
|switch|p2a: Ferenia|Tyranitar, F|100/100 par
|-damage|p2a: Ferenia|88/100 par|[from] Stealth Rock
|-damage|p2a: Ferenia|76/100 par|[from] Spikes
|-weather|Sandstorm|[from] ability: Sand Stream|[of] p2a: Ferenia
|move|p1a: Blacephalon|Shadow Ball|p2a: Ferenia
|-resisted|p2a: Ferenia
|-damage|p2a: Ferenia|59/100 par
|
|-weather|Sandstorm|[upkeep]
|-damage|p1a: Blacephalon|82/100|[from] Sandstorm
|-damage|p1a: Blacephalon|70/100|[from] item: Black Sludge
|upkeep
|turn|9
|inactive|LT93O Quetzalcoatl has 120 seconds left.
|
|t:|1660706006
|move|p1a: Blacephalon|Trick|p2a: Ferenia
|-activate|p1a: Blacephalon|move: Trick|[of] p2a: Ferenia
|-item|p2a: Ferenia|Black Sludge|[from] move: Trick
|-item|p1a: Blacephalon|Choice Band|[from] move: Trick
|cant|p2a: Ferenia|par
|
|-weather|Sandstorm|[upkeep]
|-damage|p1a: Blacephalon|64/100|[from] Sandstorm
|-damage|p2a: Ferenia|47/100 par|[from] item: Black Sludge
|upkeep
|turn|10
|inactive|LT93O Quetzalcoatl has 120 seconds left.
|inactive|Mimikyu Stardust has 120 seconds left.
|
|t:|1660706051
|switch|p1a: Kartana|Kartana|100/100
|switch|p2a: Mechanic Siren|Excadrill, F, shiny|100/100
|-damage|p2a: Mechanic Siren|97/100|[from] Stealth Rock
|-damage|p2a: Mechanic Siren|85/100|[from] Spikes
|
|-weather|Sandstorm|[upkeep]
|-heal|p2a: Mechanic Siren|91/100|[from] item: Leftovers
|upkeep
|turn|11
|j| LT93OQ Nick
|j| LT93OQ Bee
|inactive|LT93O Quetzalcoatl has 90 seconds left.
|l| LT93OQ Bee
|
|t:|1660706102
|switch|p2a: Albedo|Clefable, F|100/100
|move|p1a: Kartana|Leaf Blade|p2a: Albedo
|-damage|p2a: Albedo|58/100
|-damage|p1a: Kartana|84/100|[from] item: Rocky Helmet|[of] p2a: Albedo
|
|-weather|Sandstorm|[upkeep]
|upkeep
|turn|12
|inactive|Mimikyu Stardust has 120 seconds left.
|
|t:|1660706113
|switch|p1a: Tapu Bulu|Tapu Bulu|100/100
|-fieldstart|move: Grassy Terrain|[from] ability: Grassy Surge|[of] p1a: Tapu Bulu
|move|p2a: Albedo|Soft-Boiled|p2a: Albedo
|-heal|p2a: Albedo|100/100
|
|-weather|none
|upkeep
|turn|13
|
|t:|1660706119
|switch|p2a: Sing Of The King|Slowking-Galar, F, shiny|78/100
|-damage|p2a: Sing Of The King|65/100|[from] Stealth Rock
|-damage|p2a: Sing Of The King|53/100|[from] Spikes
|move|p1a: Tapu Bulu|Swords Dance|p1a: Tapu Bulu
|-boost|p1a: Tapu Bulu|atk|2
|
|-heal|p2a: Sing Of The King|59/100|[from] Grassy Terrain
|upkeep
|turn|14
|
|t:|1660706130
|move|p1a: Tapu Bulu|Stone Edge|p2a: Sing Of The King
|-crit|p2a: Sing Of The King
|-damage|p2a: Sing Of The King|0 fnt
|faint|p2a: Sing Of The King
|
|upkeep
|
|t:|1660706136
|switch|p2a: Mechanic Siren|Excadrill, F, shiny|91/100
|-damage|p2a: Mechanic Siren|88/100|[from] Stealth Rock
|-damage|p2a: Mechanic Siren|76/100|[from] Spikes
|turn|15
|l| d18l
|j| d18l
|inactive|Mimikyu Stardust has 120 seconds left.
|
|t:|1660706170
|move|p2a: Mechanic Siren|Rapid Spin|p1a: Tapu Bulu
|-crit|p1a: Tapu Bulu
|-damage|p1a: Tapu Bulu|67/100
|-boost|p2a: Mechanic Siren|spe|1
|-sideend|p2: LT93O Quetzalcoatl|Spikes|[from] move: Rapid Spin|[of] p2a: Mechanic Siren
|-sideend|p2: LT93O Quetzalcoatl|Stealth Rock|[from] move: Rapid Spin|[of] p2a: Mechanic Siren
|move|p1a: Tapu Bulu|Horn Leech|p2a: Mechanic Siren
|-damage|p2a: Mechanic Siren|0 fnt
|-heal|p1a: Tapu Bulu|100/100|[from] drain|[of] p2a: Mechanic Siren
|faint|p2a: Mechanic Siren
|
|upkeep
|j| Luthier
|-message|LT93O Quetzalcoatl forfeited.
|
|win|Mimikyu Stardust
|raw|Mimikyu Stardust's rating: 1741 &rarr; <strong>1767</strong><br />(+26 for winning)
|raw|LT93O Quetzalcoatl's rating: 1845 &rarr; <strong>1819</strong><br />(-26 for losing)
|l|☆LT93O Quetzalcoatl
|l| EL BAMZUKA
|l| LT93OQ Nick
|l| d18l
||Ladder isn't responding, score probably updated but might not have (Request timeout).
|l| epileptic shrub ❤
|l|☆Mimikyu Stardust
|j| BALOOR
|l| BALOOR
|l| Luthier
|j| LT93OQ Bee
