|j|☆chinmaydagod
|j|☆enpathy
|t:|1640946771
|gametype|singles
|player|p1|chinmaydagod|2|1712
|player|p2|enpathy|101|1625
|teamsize|p1|6
|teamsize|p2|6
|gen|8
|tier|[Gen 8] OU
|rated|
|rule|Sleep Clause Mod: Limit one foe put to sleep
|rule|Species Clause: Limit one of each Pokémon
|rule|OHKO Clause: OHKO moves are banned
|rule|Evasion Moves Clause: Evasion moves are banned
|rule|Endless Battle Clause: Forcing endless battles is banned
|rule|HP Percentage Mod: HP is shown in percentages
|rule|Dynamax Clause: You cannot dynamax
|clearpoke
|poke|p1|Heatran, M|
|poke|p1|Rillaboom, M|
|poke|p1|Magnezone|
|poke|p1|Latios, M|
|poke|p1|Hatterene, F|
|poke|p1|Kommo-o, M|
|poke|p2|Kartana|
|poke|p2|Slowbro, M|
|poke|p2|Weavile, F|
|poke|p2|Landorus-Therian, M|
|poke|p2|Victini|
|poke|p2|Tornadus-Therian, M|
|teampreview
|j| cypherstest
|
|t:|1640946784
|start
|switch|p1a: Sapphire|Latios, M|100/100
|switch|p2a: Tornadus|Tornadus-Therian, M|100/100
|turn|1
|inactive|Battle timer is ON: inactive players will automatically lose when time's up. (requested by enpathy)
|
|t:|1640946791
|switch|p1a: Mothership|Magnezone|100/100
|move|p2a: Tornadus|Hurricane|p1a: Mothership
|-resisted|p1a: Mothership
|-damage|p1a: Mothership|89/100
|-start|p1a: Mothership|confusion
|
|upkeep
|turn|2
|
|t:|1640946798
|switch|p1a: Vulkan|Heatran, M, shiny|100/100
|move|p2a: Tornadus|Heat Wave|p1a: Vulkan
|-start|p1a: Vulkan|ability: Flash Fire
|
|upkeep
|turn|3
|
|t:|1640946804
|move|p2a: Tornadus|Knock Off|p1a: Vulkan
|-damage|p1a: Vulkan|83/100
|-enditem|p1a: Vulkan|Wise Glasses|[from] move: Knock Off|[of] p2a: Tornadus
|move|p1a: Vulkan|Magma Storm|p2a: Tornadus
|-damage|p2a: Tornadus|51/100
|-activate|p2a: Tornadus|move: Magma Storm|[of] p1a: Vulkan
|
|-damage|p2a: Tornadus|39/100|[from] move: Magma Storm|[partiallytrapped]
|upkeep
|turn|4
|
|t:|1640946814
|move|p2a: Tornadus|U-turn|p1a: Vulkan
|-resisted|p1a: Vulkan
|-crit|p1a: Vulkan
|-damage|p1a: Vulkan|78/100
|
|t:|1640946816
|switch|p2a: Landorus|Landorus-Therian, M|100/100|[from]move: U-turn
|-ability|p2a: Landorus|Intimidate|boost
|-unboost|p1a: Vulkan|atk|1
|move|p1a: Vulkan|Magma Storm|p2a: Landorus|[miss]
|-miss|p1a: Vulkan|p2a: Landorus
|
|upkeep
|turn|5
|
|t:|1640946823
|-end|p1a: Vulkan|ability: Flash Fire|[silent]
|switch|p1a: Khal Drogo|Kommo-o, M|100/100
|move|p2a: Landorus|Earthquake|p1a: Khal Drogo
|-damage|p1a: Khal Drogo|68/100
|
|upkeep
|turn|6
|
|t:|1640946833
|move|p1a: Khal Drogo|Toxic|p2a: Landorus
|-status|p2a: Landorus|tox
|move|p2a: Landorus|U-turn|p1a: Khal Drogo
|-resisted|p1a: Khal Drogo
|-damage|p1a: Khal Drogo|61/100
|-damage|p2a: Landorus|84/100 tox|[from] item: Rocky Helmet|[of] p1a: Khal Drogo
|j| zangetsuus
|
|t:|1640946836
|switch|p2a: Weavile|Weavile, F|100/100|[from]move: U-turn
|
|upkeep
|turn|7
|
|t:|1640946843
|switch|p2a: Tornadus|Tornadus-Therian, M|72/100
|move|p1a: Khal Drogo|Body Press|p2a: Tornadus
|-resisted|p2a: Tornadus
|-damage|p2a: Tornadus|42/100
|
|upkeep
|turn|8
|
|t:|1640946855
|switch|p1a: Vulkan|Heatran, M, shiny|78/100
|move|p2a: Tornadus|Hurricane|p1a: Vulkan
|-resisted|p1a: Vulkan
|-damage|p1a: Vulkan|56/100
|
|upkeep
|turn|9
|
|t:|1640946862
|move|p2a: Tornadus|U-turn|p1a: Vulkan
|-resisted|p1a: Vulkan
|-damage|p1a: Vulkan|53/100
|
|t:|1640946864
|switch|p2a: Landorus|Landorus-Therian, M|84/100 tox|[from]move: U-turn
|-ability|p2a: Landorus|Intimidate|boost
|-unboost|p1a: Vulkan|atk|1
|move|p1a: Vulkan|Magma Storm|p2a: Landorus
|-damage|p2a: Landorus|42/100 tox
|-activate|p2a: Landorus|move: Magma Storm|[of] p1a: Vulkan
|
|-heal|p2a: Landorus|48/100 tox|[from] item: Leftovers
|-damage|p2a: Landorus|42/100 tox|[from] psn
|-damage|p2a: Landorus|30/100 tox|[from] move: Magma Storm|[partiallytrapped]
|upkeep
|turn|10
|
|t:|1640946877
|move|p1a: Vulkan|Magma Storm|p2a: Landorus|[miss]
|-miss|p1a: Vulkan|p2a: Landorus
|move|p2a: Landorus|Stealth Rock|p1a: Vulkan
|-sidestart|p1: chinmaydagod|move: Stealth Rock
|
|-heal|p2a: Landorus|36/100 tox|[from] item: Leftovers
|-damage|p2a: Landorus|24/100 tox|[from] psn
|-damage|p2a: Landorus|11/100 tox|[from] move: Magma Storm|[partiallytrapped]
|upkeep
|turn|11
|
|t:|1640946882
|move|p1a: Vulkan|Magma Storm|p2a: Landorus|[miss]
|-miss|p1a: Vulkan|p2a: Landorus
|move|p2a: Landorus|Earthquake|p1a: Vulkan
|-supereffective|p1a: Vulkan
|-crit|p1a: Vulkan
|-damage|p1a: Vulkan|0 fnt
|faint|p1a: Vulkan
|
|-heal|p2a: Landorus|17/100 tox|[from] item: Leftovers
|-damage|p2a: Landorus|0 fnt|[from] psn
|faint|p2a: Landorus
|upkeep
|
|t:|1640946895
|switch|p1a: Harambe|Rillaboom, M|100/100
|switch|p2a: Tornadus|Tornadus-Therian, M|75/100
|-damage|p1a: Harambe|88/100|[from] Stealth Rock
|-fieldstart|move: Grassy Terrain|[from] ability: Grassy Surge|[of] p1a: Harambe
|turn|12
|
|t:|1640946902
|move|p2a: Tornadus|U-turn|p1a: Harambe
|-supereffective|p1a: Harambe
|-damage|p1a: Harambe|58/100
|
|t:|1640946909
|switch|p2a: Weavile|Weavile, F|100/100|[from]move: U-turn
|move|p1a: Harambe|U-turn|p2a: Weavile
|-supereffective|p2a: Weavile
|-damage|p2a: Weavile|0 fnt
|faint|p2a: Weavile
|
|t:|1640946918
|switch|p1a: Sapphire|Latios, M|100/100|[from]move: U-turn
|-damage|p1a: Sapphire|88/100|[from] Stealth Rock
|
|upkeep
|
|t:|1640946920
|switch|p2a: Tornadus|Tornadus-Therian, M|100/100
|turn|13
|
|t:|1640946938
|switch|p1a: Sabrina|Hatterene, F|100/100
|-damage|p1a: Sabrina|88/100|[from] Stealth Rock
|-enditem|p1a: Sabrina|Grassy Seed
|-boost|p1a: Sabrina|def|1|[from] item: Grassy Seed
|move|p2a: Tornadus|Hurricane|p1a: Sabrina
|-damage|p1a: Sabrina|46/100
|-start|p1a: Sabrina|confusion
|
|-heal|p1a: Sabrina|52/100|[from] Grassy Terrain
|upkeep
|turn|14
|
|t:|1640946947
|move|p2a: Tornadus|U-turn|p1a: Sabrina
|-damage|p1a: Sabrina|44/100
|
|t:|1640946950
|switch|p2a: Victini|Victini|100/100|[from]move: U-turn
|-activate|p1a: Sabrina|confusion
|move|p1a: Sabrina|Calm Mind|p1a: Sabrina
|-boost|p1a: Sabrina|spa|1
|-boost|p1a: Sabrina|spd|1
|
|-heal|p1a: Sabrina|50/100|[from] Grassy Terrain
|upkeep
|turn|15
|
|t:|1640946953
|move|p2a: Victini|V-create|p1a: Sabrina
|-damage|p1a: Sabrina|4/100
|-unboost|p2a: Victini|spe|1
|-unboost|p2a: Victini|def|1
|-unboost|p2a: Victini|spd|1
|-activate|p1a: Sabrina|confusion
|-damage|p1a: Sabrina|1/100|[from] confusion
|
|-heal|p1a: Sabrina|7/100|[from] Grassy Terrain
|upkeep
|turn|16
|
|t:|1640946961
|move|p2a: Victini|U-turn|p1a: Sabrina
|-damage|p1a: Sabrina|0 fnt
|faint|p1a: Sabrina
|
|t:|1640946964
|switch|p2a: Tornadus|Tornadus-Therian, M|100/100|[from]move: U-turn
|
|-fieldend|move: Grassy Terrain
|upkeep
|
|t:|1640946968
|switch|p1a: Mothership|Magnezone|89/100
|-damage|p1a: Mothership|83/100|[from] Stealth Rock
|turn|17
|
|t:|1640946971
|move|p2a: Tornadus|Heat Wave|p1a: Mothership
|-supereffective|p1a: Mothership
|-damage|p1a: Mothership|29/100
|move|p1a: Mothership|Thunderbolt|p2a: Tornadus
|-supereffective|p2a: Tornadus
|-damage|p2a: Tornadus|35/100
|
|upkeep
|turn|18
|
|t:|1640946984
|move|p2a: Tornadus|Heat Wave|p1a: Mothership
|-supereffective|p1a: Mothership
|-damage|p1a: Mothership|0 fnt
|faint|p1a: Mothership
|
|upkeep
|
|t:|1640946986
|switch|p1a: Sapphire|Latios, M|88/100
|-damage|p1a: Sapphire|76/100|[from] Stealth Rock
|turn|19
|
|t:|1640946993
|switch|p2a: Slowbro|Slowbro, M|100/100
|move|p1a: Sapphire|Trick|p2a: Slowbro
|-activate|p1a: Sapphire|move: Trick|[of] p2a: Slowbro
|-item|p2a: Slowbro|Choice Scarf|[from] move: Trick
|-item|p1a: Sapphire|Colbur Berry|[from] move: Trick
|
|upkeep
|turn|20
|
|t:|1640947001
|switch|p1a: Khal Drogo|Kommo-o, M|61/100
|-damage|p1a: Khal Drogo|55/100|[from] Stealth Rock
|move|p2a: Slowbro|Teleport|p2a: Slowbro
|
|t:|1640947005
|switch|p2a: Tornadus|Tornadus-Therian, M|68/100|[from]move: Teleport
|
|upkeep
|turn|21
|
|t:|1640947010
|move|p2a: Tornadus|Hurricane|p1a: Khal Drogo|[miss]
|-miss|p2a: Tornadus|p1a: Khal Drogo
|move|p1a: Khal Drogo|Body Press|p2a: Tornadus
|-resisted|p2a: Tornadus
|-damage|p2a: Tornadus|42/100
|
|upkeep
|turn|22
|
|t:|1640947022
|move|p2a: Tornadus|Hurricane|p1a: Khal Drogo
|-supereffective|p1a: Khal Drogo
|-damage|p1a: Khal Drogo|0 fnt
|faint|p1a: Khal Drogo
|
|upkeep
|
|t:|1640947024
|switch|p1a: Harambe|Rillaboom, M|58/100
|-damage|p1a: Harambe|46/100|[from] Stealth Rock
|-fieldstart|move: Grassy Terrain|[from] ability: Grassy Surge|[of] p1a: Harambe
|turn|23
|
|t:|1640947032
|move|p1a: Harambe|Grassy Glide|p2a: Tornadus
|-resisted|p2a: Tornadus
|-damage|p2a: Tornadus|0 fnt
|faint|p2a: Tornadus
|
|-heal|p1a: Harambe|52/100|[from] Grassy Terrain
|upkeep
|
|t:|1640947034
|switch|p2a: Kartana|Kartana|100/100
|turn|24
|
|t:|1640947056
|move|p1a: Harambe|Grassy Glide|p2a: Kartana
|-resisted|p2a: Kartana
|-damage|p2a: Kartana|79/100
|move|p2a: Kartana|Smart Strike|p1a: Harambe
|-damage|p1a: Harambe|0 fnt
|faint|p1a: Harambe
|-ability|p2a: Kartana|Beast Boost|boost
|-boost|p2a: Kartana|atk|1
|
|-heal|p2a: Kartana|85/100|[from] Grassy Terrain
|upkeep
|
|t:|1640947060
|switch|p1a: Sapphire|Latios, M|76/100
|-damage|p1a: Sapphire|64/100|[from] Stealth Rock
|turn|25
|
|t:|1640947063
|move|p1a: Sapphire|Draco Meteor|p2a: Kartana
|-resisted|p2a: Kartana
|-damage|p2a: Kartana|0 fnt
|-unboost|p1a: Sapphire|spa|2
|faint|p2a: Kartana
|
|upkeep
|
|t:|1640947065
|switch|p2a: Victini|Victini|100/100
|turn|26
|
|t:|1640947070
|move|p1a: Sapphire|Surf|p2a: Victini
|-supereffective|p2a: Victini
|-crit|p2a: Victini
|-damage|p2a: Victini|13/100
|move|p2a: Victini|Glaciate|p1a: Sapphire
|-supereffective|p1a: Sapphire
|-damage|p1a: Sapphire|32/100
|-unboost|p1a: Sapphire|spe|1
|
|-heal|p2a: Victini|19/100|[from] Grassy Terrain
|upkeep
|turn|27
|
|t:|1640947074
|move|p2a: Victini|U-turn|p1a: Sapphire
|-supereffective|p1a: Sapphire
|-damage|p1a: Sapphire|0 fnt
|faint|p1a: Sapphire
|
|win|enpathy
|raw|chinmaydagod's rating: 1712 &rarr; <strong>1687</strong><br />(-25 for losing)
|raw|enpathy's rating: 1625 &rarr; <strong>1650</strong><br />(+25 for winning)
|l|☆enpathy
