|html|<div class="broadcast-blue"><strong>[Gen 8] OU is currently suspecting Urshifu-S! For information on how to participate check out the <a href="https://www.smogon.com/forums/threads/np-ss-ou-suspect-process-round-8-aint-no-rest-for-the-wicked.3675310/">suspect thread</a>.</strong></div>
|j|☆OUTW SIGMA D
|j|☆Draco09876
|t:|1609353335
|player|p1|OUTW SIGMA D|furisodegirl-black|1545
|player|p2|Draco09876|265|1535
|teamsize|p1|6
|teamsize|p2|6
|gametype|singles
|gen|8
|tier|[Gen 8] OU
|rated|
|clearpoke
|poke|p1|Tyranitar, F|
|poke|p1|Toxapex, M|
|poke|p1|Kartana|
|poke|p1|Tangrowth, M|
|poke|p1|Excadrill, M|
|poke|p1|Tornadus-Therian, M|
|poke|p2|Barraskewda, F|
|poke|p2|Pelipper, M|
|poke|p2|Slowking-Galar, M|
|poke|p2|Buzzwole|
|poke|p2|Omastar, M|
|poke|p2|Swampert, F|
|rule|Sleep Clause Mod: Limit one foe put to sleep
|rule|Species Clause: Limit one of each Pokémon
|rule|OHKO Clause: OHKO moves are banned
|rule|Evasion Moves Clause: Evasion moves are banned
|rule|Endless Battle Clause: Forcing endless battles is banned
|rule|HP Percentage Mod: HP is shown in percentages
|rule|Dynamax Clause: You cannot dynamax
|teampreview
|j| Vessev
|inactive|Battle timer is ON: inactive players will automatically lose when time's up. (requested by Draco09876)
|j| Iziyo
|
|t:|1609353358
|start
|switch|p1a: Kartana|Kartana|100/100
|switch|p2a: Swampert|Swampert, F|100/100
|turn|1
|
|t:|1609353362
|switch|p2a: Buzzwole|Buzzwole|100/100
|move|p1a: Kartana|Aerial Ace|p2a: Buzzwole
|-supereffective|p2a: Buzzwole
|-damage|p2a: Buzzwole|10/100
|-damage|p1a: Kartana|84/100|[from] item: Rocky Helmet|[of] p2a: Buzzwole
|
|upkeep
|turn|2
|
|t:|1609353369
|switch|p2a: Pelipper|Pelipper, M|100/100
|-weather|RainDance|[from] ability: Drizzle|[of] p2a: Pelipper
|move|p1a: Kartana|Aerial Ace|p2a: Pelipper
|-damage|p2a: Pelipper|68/100
|
|-weather|RainDance|[upkeep]
|upkeep
|turn|3
|
|t:|1609353376
|switch|p1a: Tornadus|Tornadus-Therian, M|100/100
|move|p2a: Pelipper|U-turn|p1a: Tornadus
|-resisted|p1a: Tornadus
|-damage|p1a: Tornadus|95/100
|
|t:|1609353380
|switch|p2a: Omastar|Omastar, M|100/100|[from]move: U-turn
|
|-weather|RainDance|[upkeep]
|upkeep
|turn|4
|
|t:|1609353387
|move|p2a: Omastar|Surf|p1a: Tornadus
|-damage|p1a: Tornadus|14/100
|move|p1a: Tornadus|Focus Blast|p2a: Omastar|[miss]
|-miss|p1a: Tornadus|p2a: Omastar
|
|-weather|RainDance|[upkeep]
|upkeep
|turn|5
|
|t:|1609353394
|switch|p1a: Toxapex|Toxapex, M|100/100
|move|p2a: Omastar|Surf|p1a: Toxapex
|-resisted|p1a: Toxapex
|-damage|p1a: Toxapex|77/100
|
|-weather|RainDance|[upkeep]
|-heal|p1a: Toxapex|83/100|[from] item: Black Sludge
|upkeep
|turn|6
|
|t:|1609353404
|switch|p1a: Tyranitar|Tyranitar, F|100/100
|-weather|Sandstorm|[from] ability: Sand Stream|[of] p1a: Tyranitar
|move|p2a: Omastar|Earth Power|p1a: Tyranitar
|-supereffective|p1a: Tyranitar
|-damage|p1a: Tyranitar|59/100
|-unboost|p1a: Tyranitar|spd|1
|
|-weather|Sandstorm|[upkeep]
|upkeep
|turn|7
|
|t:|1609353412
|switch|p1a: Toxapex|Toxapex, M|100/100
|move|p2a: Omastar|Surf|p1a: Toxapex
|-resisted|p1a: Toxapex
|-damage|p1a: Toxapex|86/100
|
|-weather|Sandstorm|[upkeep]
|-damage|p1a: Toxapex|80/100|[from] Sandstorm
|-heal|p1a: Toxapex|86/100|[from] item: Black Sludge
|upkeep
|turn|8
|
|t:|1609353415
|move|p2a: Omastar|Earth Power|p1a: Toxapex
|-supereffective|p1a: Toxapex
|-damage|p1a: Toxapex|47/100
|move|p1a: Toxapex|Toxic|p2a: Omastar
|-status|p2a: Omastar|tox
|
|-weather|Sandstorm|[upkeep]
|-damage|p1a: Toxapex|41/100|[from] Sandstorm
|-heal|p1a: Toxapex|47/100|[from] item: Black Sludge
|-damage|p2a: Omastar|94/100 tox|[from] psn
|upkeep
|turn|9
|
|t:|1609353420
|switch|p2a: Swampert|Swampert, F|100/100
|move|p1a: Toxapex|Recover|p1a: Toxapex
|-heal|p1a: Toxapex|97/100
|
|-weather|Sandstorm|[upkeep]
|-damage|p1a: Toxapex|91/100|[from] Sandstorm
|-heal|p1a: Toxapex|97/100|[from] item: Black Sludge
|upkeep
|turn|10
|
|t:|1609353424
|switch|p1a: Kartana|Kartana|84/100
|move|p2a: Swampert|Stealth Rock|p1a: Kartana
|-sidestart|p1: OUTW SIGMA D|move: Stealth Rock
|
|-weather|none
|upkeep
|turn|11
|
|t:|1609353429
|switch|p2a: Buzzwole|Buzzwole|10/100
|move|p1a: Kartana|Knock Off|p2a: Buzzwole
|-resisted|p2a: Buzzwole
|-damage|p2a: Buzzwole|0 fnt
|-damage|p1a: Kartana|67/100|[from] item: Rocky Helmet|[of] p2a: Buzzwole
|-enditem|p2a: Buzzwole|Rocky Helmet|[from] move: Knock Off|[of] p1a: Kartana
|faint|p2a: Buzzwole
|-ability|p1a: Kartana|Beast Boost|boost
|-boost|p1a: Kartana|atk|1
|
|upkeep
|
|t:|1609353443
|switch|p2a: Swampert|Swampert, F|100/100
|turn|12
|
|t:|1609353448
|switch|p1a: Tangrowth|Tangrowth, M|100/100
|-damage|p1a: Tangrowth|88/100|[from] Stealth Rock
|move|p2a: Swampert|Flip Turn|p1a: Tangrowth
|-resisted|p1a: Tangrowth
|-damage|p1a: Tangrowth|83/100
|-damage|p2a: Swampert|84/100|[from] item: Rocky Helmet|[of] p1a: Tangrowth
|
|t:|1609353451
|switch|p2a: Slowking|Slowking-Galar, M|100/100|[from]move: Flip Turn
|
|upkeep
|turn|13
|
|t:|1609353457
|move|p1a: Tangrowth|Sleep Powder|p2a: Slowking
|-status|p2a: Slowking|slp|[from] move: Sleep Powder
|cant|p2a: Slowking|slp
|
|upkeep
|turn|14
|
|t:|1609353468
|switch|p1a: Excadrill|Excadrill, M|100/100
|-damage|p1a: Excadrill|97/100|[from] Stealth Rock
|cant|p2a: Slowking|slp
|
|-heal|p1a: Excadrill|100/100|[from] item: Leftovers
|upkeep
|turn|15
|
|t:|1609353473
|switch|p2a: Pelipper|Pelipper, M|68/100
|-weather|RainDance|[from] ability: Drizzle|[of] p2a: Pelipper
|move|p1a: Excadrill|Rapid Spin|p2a: Pelipper
|-damage|p2a: Pelipper|54/100
|-boost|p1a: Excadrill|spe|1
|-sideend|p1: OUTW SIGMA D|Stealth Rock|[from] move: Rapid Spin|[of] p1a: Excadrill
|
|-weather|RainDance|[upkeep]
|upkeep
|turn|16
|
|t:|1609353480
|switch|p2a: Swampert|Swampert, F|84/100
|move|p1a: Excadrill|Stealth Rock|p2a: Swampert
|-sidestart|p2: Draco09876|move: Stealth Rock
|
|-weather|RainDance|[upkeep]
|-heal|p2a: Swampert|90/100|[from] item: Leftovers
|upkeep
|turn|17
|
|t:|1609353484
|switch|p1a: Tangrowth|Tangrowth, M|100/100
|move|p2a: Swampert|Flip Turn|p1a: Tangrowth
|-resisted|p1a: Tangrowth
|-damage|p1a: Tangrowth|92/100
|-damage|p2a: Swampert|74/100|[from] item: Rocky Helmet|[of] p1a: Tangrowth
|
|t:|1609353489
|switch|p2a: Omastar|Omastar, M|94/100 tox|[from]move: Flip Turn
|-damage|p2a: Omastar|82/100 tox|[from] Stealth Rock
|
|-weather|RainDance|[upkeep]
|-damage|p2a: Omastar|76/100 tox|[from] psn
|upkeep
|turn|18
|
|t:|1609353495
|switch|p1a: Toxapex|Toxapex, M|100/100
|move|p2a: Omastar|Meteor Beam||[still]
|-prepare|p2a: Omastar|Meteor Beam
|-boost|p2a: Omastar|spa|1
|-enditem|p2a: Omastar|Power Herb
|-anim|p2a: Omastar|Meteor Beam|p1a: Toxapex
|-damage|p1a: Toxapex|40/100
|
|-weather|RainDance|[upkeep]
|-heal|p1a: Toxapex|46/100|[from] item: Black Sludge
|-damage|p2a: Omastar|64/100 tox|[from] psn
|upkeep
|turn|19
|
|t:|1609353505
|switch|p1a: Tornadus|Tornadus-Therian, M|47/100
|move|p2a: Omastar|Earth Power|p1a: Tornadus
|-immune|p1a: Tornadus
|
|-weather|RainDance|[upkeep]
|-damage|p2a: Omastar|46/100 tox|[from] psn
|upkeep
|turn|20
|l| Vessev
|
|t:|1609353520
|move|p2a: Omastar|Earth Power|p1a: Tornadus
|-immune|p1a: Tornadus
|move|p1a: Tornadus|Hurricane|p2a: Omastar
|-resisted|p2a: Omastar
|-damage|p2a: Omastar|0 fnt
|faint|p2a: Omastar
|
|-weather|RainDance|[upkeep]
|upkeep
|c|☆Draco09876|Ugh
|j| Vessev
|c|☆Draco09876|nice mind games
|c|☆OUTW SIGMA D|ive never seen
|c|☆OUTW SIGMA D|an omastar like that
|c|☆OUTW SIGMA D|high key dangerous wp
|inactive|Draco09876 has 120 seconds left.
|c|☆Draco09876|That Mostar destroys toxapex after meteor beam
|
|t:|1609353563
|switch|p2a: Barraskewda|Barraskewda, F|100/100
|-damage|p2a: Barraskewda|88/100|[from] Stealth Rock
|turn|21
|c|☆OUTW SIGMA D|yeah i was expecting smash
|
|t:|1609353581
|switch|p2a: Slowking|Slowking-Galar, M|100/100 slp
|-damage|p2a: Slowking|88/100 slp|[from] Stealth Rock
|switch|p1a: Tangrowth|Tangrowth, M|100/100
|
|-weather|RainDance|[upkeep]
|upkeep
|turn|22
|
|t:|1609353588
|switch|p1a: Kartana|Kartana|67/100
|cant|p2a: Slowking|slp
|
|-weather|none
|upkeep
|turn|23
|
|t:|1609353599
|move|p1a: Kartana|Knock Off|p2a: Slowking
|-supereffective|p2a: Slowking
|-damage|p2a: Slowking|0 fnt
|-enditem|p2a: Slowking|Assault Vest|[from] move: Knock Off|[of] p1a: Kartana
|faint|p2a: Slowking
|-ability|p1a: Kartana|Beast Boost|boost
|-boost|p1a: Kartana|atk|1
|
|upkeep
|inactive|Draco09876 has 120 seconds left.
|c|☆Draco09876|Ugh sleep powder is really annoying
|
|t:|1609353615
|switch|p2a: Pelipper|Pelipper, M|54/100
|-damage|p2a: Pelipper|30/100|[from] Stealth Rock
|-weather|RainDance|[from] ability: Drizzle|[of] p2a: Pelipper
|turn|24
|inactive|Draco09876 has 120 seconds left.
|c|☆OUTW SIGMA D|tfw the speed actually hurts slowking
|c|☆Draco09876|Gg, I can’t kill toapex
|-message|Draco09876 forfeited.
|
|win|OUTW SIGMA D
|l| Iziyo
|l|☆Draco09876
|c|☆OUTW SIGMA D|gg
|c|☆OUTW SIGMA D|i got lucky
|c|☆OUTW SIGMA D|with da predicts
|l|☆OUTW SIGMA D
|raw|OUTW SIGMA D's rating: 1546 &rarr; <strong>1565</strong><br />(+19 for winning)
|raw|Draco09876's rating: 1535 &rarr; <strong>1516</strong><br />(-19 for losing)
