|j|☆Adel19
|j|☆george malone
|t:|1667027222
|gametype|singles
|player|p1|Adel19|rocketgruntf|1802
|player|p2|george malone|169|1807
|teamsize|p1|6
|teamsize|p2|6
|gen|8
|tier|[Gen 8] OU
|rated|
|rule|Sleep Clause Mod: Limit one foe put to sleep
|rule|Species Clause: Limit one of each Pokémon
|rule|OHKO Clause: OHKO moves are banned
|rule|Evasion Items Clause: Evasion items are banned
|rule|Evasion Moves Clause: Evasion moves are banned
|rule|Endless Battle Clause: Forcing endless battles is banned
|rule|HP Percentage Mod: HP is shown in percentages
|rule|Dynamax Clause: You cannot dynamax
|clearpoke
|poke|p1|Landorus-Therian, M|
|poke|p1|Zapdos|
|poke|p1|Tapu Fini|
|poke|p1|Kartana|
|poke|p1|Zeraora|
|poke|p1|Garchomp, F|
|poke|p2|Clefable, M|
|poke|p2|Ferrothorn, M|
|poke|p2|Zeraora|
|poke|p2|Slowking, M|
|poke|p2|Victini|
|poke|p2|Mandibuzz, F|
|teampreview
|inactive|Battle timer is ON: inactive players will automatically lose when time's up. (requested by george malone)
|
|t:|1667027258
|start
|switch|p1a: Tapu Fini|Tapu Fini|100/100
|switch|p2a: Crescent|Clefable, M, shiny|100/100
|-fieldstart|move: Misty Terrain|[from] ability: Misty Surge|[of] p1a: Tapu Fini
|turn|1
|inactive|Adel19 has 120 seconds left.
|
|t:|1667027290
|move|p1a: Tapu Fini|Moonblast|p2a: Crescent
|-damage|p2a: Crescent|70/100
|move|p2a: Crescent|Moonblast|p1a: Tapu Fini
|-damage|p1a: Tapu Fini|75/100
|
|-heal|p1a: Tapu Fini|81/100|[from] item: Leftovers
|upkeep
|turn|2
|j| hzcsysm
|
|t:|1667027299
|move|p1a: Tapu Fini|Moonblast|p2a: Crescent
|-damage|p2a: Crescent|37/100
|move|p2a: Crescent|Moonblast|p1a: Tapu Fini
|-damage|p1a: Tapu Fini|57/100
|
|-heal|p1a: Tapu Fini|64/100|[from] item: Leftovers
|upkeep
|turn|3
|
|t:|1667027306
|move|p1a: Tapu Fini|Taunt|p2a: Crescent
|-start|p2a: Crescent|move: Taunt
|cant|p2a: Crescent|move: Taunt|Soft-Boiled
|
|-heal|p1a: Tapu Fini|70/100|[from] item: Leftovers
|upkeep
|turn|4
|
|t:|1667027316
|switch|p2a: Mantra|Slowking, M, shiny|100/100
|move|p1a: Tapu Fini|Moonblast|p2a: Mantra
|-damage|p2a: Mantra|80/100
|
|-heal|p1a: Tapu Fini|76/100|[from] item: Leftovers
|upkeep
|turn|5
|
|t:|1667027322
|move|p1a: Tapu Fini|Moonblast|p2a: Mantra
|-damage|p2a: Mantra|59/100
|move|p2a: Mantra|Future Sight|p1a: Tapu Fini
|-start|p2a: Mantra|move: Future Sight
|
|-heal|p1a: Tapu Fini|82/100|[from] item: Leftovers
|-fieldend|Misty Terrain
|upkeep
|turn|6
|
|t:|1667027327
|move|p1a: Tapu Fini|Taunt|p2a: Mantra
|-start|p2a: Mantra|move: Taunt
|move|p2a: Mantra|Scald|p1a: Tapu Fini
|-resisted|p1a: Tapu Fini
|-damage|p1a: Tapu Fini|71/100
|
|-heal|p1a: Tapu Fini|78/100|[from] item: Leftovers
|upkeep
|turn|7
|
|t:|1667027338
|move|p1a: Tapu Fini|Calm Mind|p1a: Tapu Fini
|-boost|p1a: Tapu Fini|spa|1
|-boost|p1a: Tapu Fini|spd|1
|move|p2a: Mantra|Scald|p1a: Tapu Fini
|-resisted|p1a: Tapu Fini
|-damage|p1a: Tapu Fini|70/100
|
|-end|p1a: Tapu Fini|move: Future Sight
|-damage|p1a: Tapu Fini|49/100
|-heal|p1a: Tapu Fini|55/100|[from] item: Leftovers
|upkeep
|turn|8
|
|t:|1667027344
|switch|p2a: Temple|Ferrothorn, M, shiny|100/100
|move|p1a: Tapu Fini|Moonblast|p2a: Temple
|-resisted|p2a: Temple
|-damage|p2a: Temple|79/100
|
|-heal|p1a: Tapu Fini|62/100|[from] item: Leftovers
|upkeep
|turn|9
|
|t:|1667027355
|switch|p1a: Landorus|Landorus-Therian, M|100/100
|-ability|p1a: Landorus|Intimidate|boost
|-unboost|p2a: Temple|atk|1
|move|p2a: Temple|Gyro Ball|p1a: Landorus
|-damage|p1a: Landorus|60/100
|
|upkeep
|turn|10
|
|t:|1667027365
|move|p1a: Landorus|Earthquake|p2a: Temple
|-damage|p2a: Temple|34/100
|move|p2a: Temple|Leech Seed|p1a: Landorus
|-start|p1a: Landorus|move: Leech Seed
|
|-damage|p1a: Landorus|48/100|[from] Leech Seed|[of] p2a: Temple
|-heal|p2a: Temple|45/100|[silent]
|upkeep
|turn|11
|l| hzcsysm
|j| AazhengaA
|
|t:|1667027375
|switch|p1a: Kartana|Kartana|100/100
|move|p2a: Temple|Spikes|p1a: Kartana
|-sidestart|p1: Adel19|Spikes
|
|upkeep
|turn|12
|
|t:|1667027381
|move|p1a: Kartana|Swords Dance|p1a: Kartana
|-boost|p1a: Kartana|atk|2
|move|p2a: Temple|Body Press|p1a: Kartana
|-supereffective|p1a: Kartana
|-damage|p1a: Kartana|44/100
|
|upkeep
|turn|13
|
|t:|1667027391
|switch|p2a: Crescent|Clefable, M, shiny|37/100
|move|p1a: Kartana|Sacred Sword|p2a: Crescent
|-resisted|p2a: Crescent
|-damage|p2a: Crescent|16/100
|
|upkeep
|turn|14
|
|t:|1667027400
|move|p1a: Kartana|Leaf Blade|p2a: Crescent
|-damage|p2a: Crescent|0 fnt
|faint|p2a: Crescent
|-ability|p1a: Kartana|Beast Boost|boost
|-boost|p1a: Kartana|spe|1
|
|upkeep
|
|t:|1667027405
|switch|p2a: Yami|Mandibuzz, F, shiny|100/100
|turn|15
|inactive|Adel19 has 120 seconds left.
|l|☆Adel19
|inactive|Adel19 disconnected and has a minute to reconnect!
|player|p1|
|j|☆Adel19
|inactive|Adel19 reconnected and has 110 seconds left.
|player|p1|Adel19|rocketgruntf
|
|t:|1667027457
|move|p1a: Kartana|Sacred Sword|p2a: Yami
|-damage|p2a: Yami|60/100
|move|p2a: Yami|Foul Play|p1a: Kartana
|-damage|p1a: Kartana|0 fnt
|faint|p1a: Kartana
|
|upkeep
|
|t:|1667027462
|switch|p1a: Zapdos|Zapdos|100/100
|turn|16
|
|t:|1667027474
|switch|p2a: Zephyr|Zeraora, shiny|100/100
|move|p1a: Zapdos|Toxic|p2a: Zephyr
|-status|p2a: Zephyr|tox
|
|-damage|p2a: Zephyr|95/100 tox|[from] psn
|upkeep
|turn|17
|
|t:|1667027480
|move|p2a: Zephyr|Knock Off|p1a: Zapdos
|-damage|p1a: Zapdos|80/100
|-enditem|p1a: Zapdos|Heavy-Duty Boots|[from] move: Knock Off|[of] p2a: Zephyr
|move|p1a: Zapdos|Hurricane|p2a: Zephyr
|-resisted|p2a: Zephyr
|-damage|p2a: Zephyr|64/100 tox
|
|-damage|p2a: Zephyr|52/100 tox|[from] psn
|upkeep
|turn|18
|inactive|Adel19 has 120 seconds left.
|
|t:|1667027486
|move|p2a: Zephyr|Plasma Fists|p1a: Zapdos
|-damage|p1a: Zapdos|45/100
|-fieldactivate|move: Ion Deluge
|-hint|Normal-type moves become Electric-type after using Plasma Fists.
|move|p1a: Zapdos|Toxic|p2a: Zephyr
|-fail|p2a: Zephyr|tox
|
|-damage|p2a: Zephyr|34/100 tox|[from] psn
|upkeep
|turn|19
|
|t:|1667027489
|switch|p2a: Amaterasu|Victini|100/100
|move|p1a: Zapdos|Roost|p1a: Zapdos
|-heal|p1a: Zapdos|95/100
|-singleturn|p1a: Zapdos|move: Roost
|
|upkeep
|turn|20
|inactive|Adel19 has 120 seconds left.
|
|t:|1667027518
|switch|p1a: Garchomp|Garchomp, F|100/100
|-damage|p1a: Garchomp|88/100|[from] Spikes
|move|p2a: Amaterasu|V-create|p1a: Garchomp
|-resisted|p1a: Garchomp
|-crit|p1a: Garchomp
|-damage|p1a: Garchomp|10/100
|-unboost|p2a: Amaterasu|spe|1
|-unboost|p2a: Amaterasu|def|1
|-unboost|p2a: Amaterasu|spd|1
|-damage|p2a: Amaterasu|88/100|[from] ability: Rough Skin|[of] p1a: Garchomp
|
|-heal|p1a: Garchomp|16/100|[from] item: Leftovers
|upkeep
|turn|21
|inactive|Adel19 has 120 seconds left.
|
|t:|1667027532
|switch|p2a: Yami|Mandibuzz, F, shiny|60/100
|move|p1a: Garchomp|Swords Dance|p1a: Garchomp
|-boost|p1a: Garchomp|atk|2
|
|-heal|p1a: Garchomp|23/100|[from] item: Leftovers
|upkeep
|turn|22
|
|t:|1667027537
|move|p1a: Garchomp|Fire Fang|p2a: Yami
|-damage|p2a: Yami|30/100
|cant|p2a: Yami|flinch
|
|-heal|p1a: Garchomp|29/100|[from] item: Leftovers
|upkeep
|turn|23
|
|t:|1667027543
|move|p1a: Garchomp|Fire Fang|p2a: Yami
|-damage|p2a: Yami|0 fnt
|faint|p2a: Yami
|
|-heal|p1a: Garchomp|35/100|[from] item: Leftovers
|upkeep
|c|☆george malone|really skilled
|c|☆george malone|ur a rly good player
|c|☆george malone|mute fgat
|-message|george malone forfeited.
|
|win|Adel19
|raw|Adel19's rating: 1802 &rarr; <strong>1822</strong><br />(+20 for winning)
|raw|george malone's rating: 1807 &rarr; <strong>1787</strong><br />(-20 for losing)
|l|☆george malone
|l| AazhengaA
