|raw|<div class="broadcast-blue"><strong>This battle is required to be public due to a player having a name prefixed by 'LT71LX'.</div>
|j|‽LT71LX ggg
|j|☆Redemption
|t:|1596885574
|player|p1|LT71LX ggg|youngn|1859
|player|p2|Redemption|flint|1731
|teamsize|p1|6
|teamsize|p2|6
|gametype|singles
|gen|8
|tier|[Gen 8] OU
|rated|
|clearpoke
|poke|p1|Blissey, F|
|poke|p1|Corviknight, F|
|poke|p1|Ditto|
|poke|p1|Amoonguss, M|
|poke|p1|Clefable, F|
|poke|p1|Toxapex, M|
|poke|p2|Zarude|
|poke|p2|Clefable, F|
|poke|p2|Zeraora|
|poke|p2|Dragapult, F|
|poke|p2|Ferrothorn, F|
|poke|p2|Pelipper, F|
|rule|Sleep Clause Mod: Limit one foe put to sleep
|rule|Species Clause: Limit one of each Pokémon
|rule|OHKO Clause: OHKO moves are banned
|rule|Evasion Moves Clause: Evasion moves are banned
|rule|Endless Battle Clause: Forcing endless battles is banned
|rule|HP Percentage Mod: HP is shown in percentages
|rule|Dynamax Clause: You cannot dynamax
|teampreview
|j| lemon0914
|inactive|Battle timer is ON: inactive players will automatically lose when time's up. (requested by Redemption)
|
|t:|1596885589
|start
|switch|p1a: Toxapex|Toxapex, M|100/100
|switch|p2a: Clefable|Clefable, F|100/100
|turn|1
|
|t:|1596885592
|move|p2a: Clefable|Thunder Wave|p1a: Toxapex
|-status|p1a: Toxapex|par
|cant|p1a: Toxapex|par
|
|upkeep
|turn|2
|
|t:|1596885595
|move|p2a: Clefable|Stealth Rock|p1a: Toxapex
|-sidestart|p1: LT71LX ggg|move: Stealth Rock
|move|p1a: Toxapex|Knock Off|p2a: Clefable
|-resisted|p2a: Clefable
|-damage|p2a: Clefable|95/100
|-enditem|p2a: Clefable|Leftovers|[from] move: Knock Off|[of] p1a: Toxapex
|
|upkeep
|turn|3
|j| LT71LX Justo
|
|t:|1596885601
|move|p2a: Clefable|Thunder Wave|p1a: Toxapex
|-fail|p1a: Toxapex|par
|move|p1a: Toxapex|Knock Off|p2a: Clefable
|-resisted|p2a: Clefable
|-damage|p2a: Clefable|91/100
|
|upkeep
|turn|4
|
|t:|1596885604
|move|p2a: Clefable|Moonblast|p1a: Toxapex
|-resisted|p1a: Toxapex
|-damage|p1a: Toxapex|87/100 par
|move|p1a: Toxapex|Knock Off|p2a: Clefable
|-resisted|p2a: Clefable
|-damage|p2a: Clefable|88/100
|
|upkeep
|turn|5
|
|t:|1596885611
|switch|p1a: Amoonguss|Amoonguss, M|100/100
|-damage|p1a: Amoonguss|88/100|[from] Stealth Rock
|move|p2a: Clefable|Moonblast|p1a: Amoonguss
|-resisted|p1a: Amoonguss
|-damage|p1a: Amoonguss|73/100
|-unboost|p1a: Amoonguss|spa|1
|
|-heal|p1a: Amoonguss|79/100|[from] item: Black Sludge
|upkeep
|turn|6
|
|t:|1596885615
|switch|p2a: YannickNoacier|Ferrothorn, F|100/100
|switch|p1a: Toxapex|Toxapex, M|100/100 par
|-damage|p1a: Toxapex|88/100 par|[from] Stealth Rock
|
|upkeep
|turn|7
|
|t:|1596885619
|move|p2a: YannickNoacier|Knock Off|p1a: Toxapex
|-damage|p1a: Toxapex|76/100 par
|-damage|p2a: YannickNoacier|84/100|[from] item: Rocky Helmet|[of] p1a: Toxapex
|-enditem|p1a: Toxapex|Rocky Helmet|[from] move: Knock Off|[of] p2a: YannickNoacier
|move|p1a: Toxapex|Knock Off|p2a: YannickNoacier
|-damage|p2a: YannickNoacier|75/100
|-damage|p1a: Toxapex|64/100 par|[from] ability: Iron Barbs|[of] p2a: YannickNoacier
|-enditem|p2a: YannickNoacier|Leftovers|[from] move: Knock Off|[of] p1a: Toxapex
|
|upkeep
|turn|8
|
|t:|1596885628
|move|p2a: YannickNoacier|Leech Seed|p1a: Toxapex
|-start|p1a: Toxapex|move: Leech Seed
|move|p1a: Toxapex|Scald|p2a: YannickNoacier
|-resisted|p2a: YannickNoacier
|-damage|p2a: YannickNoacier|68/100
|
|-damage|p1a: Toxapex|52/100 par|[from] Leech Seed|[of] p2a: YannickNoacier
|-heal|p2a: YannickNoacier|79/100|[silent]
|upkeep
|turn|9
|
|t:|1596885633
|switch|p1a: Clefable|Clefable, F|100/100
|move|p2a: YannickNoacier|Spikes|p1a: Clefable
|-sidestart|p1: LT71LX ggg|Spikes
|
|upkeep
|turn|10
|
|t:|1596885638
|switch|p1a: Corviknight|Corviknight, F|100/100
|-damage|p1a: Corviknight|88/100|[from] Stealth Rock
|-ability|p1a: Corviknight|Pressure
|move|p2a: YannickNoacier|Knock Off|p1a: Corviknight
|-damage|p1a: Corviknight|76/100
|-damage|p2a: YannickNoacier|62/100|[from] item: Rocky Helmet|[of] p1a: Corviknight
|-enditem|p1a: Corviknight|Rocky Helmet|[from] move: Knock Off|[of] p2a: YannickNoacier
|
|upkeep
|turn|11
|
|t:|1596885641
|move|p1a: Corviknight|Defog|p2a: YannickNoacier
|-unboost|p2a: YannickNoacier|evasion|1
|-sideend|p1: LT71LX ggg|Spikes|[from] move: Defog|[of] p1a: Corviknight
|-sideend|p1: LT71LX ggg|Stealth Rock|[from] move: Defog|[of] p1a: Corviknight
|move|p2a: YannickNoacier|Leech Seed|p1a: Corviknight
|-start|p1a: Corviknight|move: Leech Seed
|
|-damage|p1a: Corviknight|64/100|[from] Leech Seed|[of] p2a: YannickNoacier
|-heal|p2a: YannickNoacier|76/100|[silent]
|upkeep
|turn|12
|
|t:|1596885644
|move|p1a: Corviknight|Roost|p1a: Corviknight
|-heal|p1a: Corviknight|100/100
|-singleturn|p1a: Corviknight|move: Roost
|move|p2a: YannickNoacier|Spikes|p1a: Corviknight
|-sidestart|p1: LT71LX ggg|Spikes
|
|-damage|p1a: Corviknight|88/100|[from] Leech Seed|[of] p2a: YannickNoacier
|-heal|p2a: YannickNoacier|90/100|[silent]
|upkeep
|turn|13
|
|t:|1596885650
|move|p1a: Corviknight|Defog|p2a: YannickNoacier
|-unboost|p2a: YannickNoacier|evasion|1
|-sideend|p1: LT71LX ggg|Spikes|[from] move: Defog|[of] p1a: Corviknight
|move|p2a: YannickNoacier|Spikes|p1a: Corviknight
|-sidestart|p1: LT71LX ggg|Spikes
|
|-damage|p1a: Corviknight|76/100|[from] Leech Seed|[of] p2a: YannickNoacier
|-heal|p2a: YannickNoacier|100/100|[silent]
|upkeep
|turn|14
|
|t:|1596885658
|switch|p1a: Toxapex|Toxapex, M|85/100 par
|-damage|p1a: Toxapex|73/100 par|[from] Spikes
|switch|p2a: BékipedeFrance|Pelipper, F|100/100
|-weather|RainDance|[from] ability: Drizzle|[of] p2a: BékipedeFrance
|
|-weather|RainDance|[upkeep]
|upkeep
|turn|15
|
|t:|1596885666
|move|p2a: BékipedeFrance|Hurricane|p1a: Toxapex
|-damage|p1a: Toxapex|28/100 par
|cant|p1a: Toxapex|par
|
|-weather|RainDance|[upkeep]
|upkeep
|turn|16
|
|t:|1596885672
|switch|p1a: Blissey|Blissey, F|100/100
|move|p2a: BékipedeFrance|Knock Off|p1a: Blissey
|-damage|p1a: Blissey|90/100
|-enditem|p1a: Blissey|Heavy-Duty Boots|[from] move: Knock Off|[of] p2a: BékipedeFrance
|
|-weather|RainDance|[upkeep]
|upkeep
|turn|17
|
|t:|1596885680
|switch|p2a: YannickNoacier|Ferrothorn, F|100/100
|move|p1a: Blissey|Teleport|p1a: Blissey
|
|t:|1596885683
|switch|p1a: Clefable|Clefable, F|100/100|[from]move: Teleport
|
|-weather|RainDance|[upkeep]
|upkeep
|turn|18
|
|t:|1596885686
|move|p1a: Clefable|Stealth Rock|p2a: YannickNoacier
|-sidestart|p2: Redemption|move: Stealth Rock
|move|p2a: YannickNoacier|Knock Off|p1a: Clefable
|-resisted|p1a: Clefable
|-damage|p1a: Clefable|93/100
|-enditem|p1a: Clefable|Leftovers|[from] move: Knock Off|[of] p2a: YannickNoacier
|
|-weather|none
|upkeep
|turn|19
|
|t:|1596885690
|move|p1a: Clefable|Moonblast|p2a: YannickNoacier
|-resisted|p2a: YannickNoacier
|-damage|p2a: YannickNoacier|87/100
|move|p2a: YannickNoacier|Spikes|p1a: Clefable
|-sidestart|p1: LT71LX ggg|Spikes
|
|upkeep
|turn|20
|
|t:|1596885695
|switch|p2a: Clefable|Clefable, F|88/100
|move|p1a: Clefable|Moonblast|p2a: Clefable
|-damage|p2a: Clefable|58/100
|
|upkeep
|turn|21
|
|t:|1596885702
|switch|p1a: Toxapex|Toxapex, M|62/100 par
|-damage|p1a: Toxapex|45/100 par|[from] Spikes
|move|p2a: Clefable|Soft-Boiled|p2a: Clefable
|-heal|p2a: Clefable|100/100
|
|upkeep
|turn|22
|
|t:|1596885705
|move|p2a: Clefable|Stealth Rock|p1a: Toxapex
|-sidestart|p1: LT71LX ggg|move: Stealth Rock
|move|p1a: Toxapex|Recover|p1a: Toxapex
|-heal|p1a: Toxapex|95/100 par
|
|upkeep
|turn|23
|
|t:|1596885710
|move|p2a: Clefable|Moonblast|p1a: Toxapex
|-resisted|p1a: Toxapex
|-damage|p1a: Toxapex|82/100 par
|move|p1a: Toxapex|Scald|p2a: Clefable
|-damage|p2a: Clefable|85/100
|
|upkeep
|turn|24
|
|t:|1596885713
|move|p2a: Clefable|Thunder Wave|p1a: Toxapex
|-fail|p1a: Toxapex|par
|cant|p1a: Toxapex|par
|
|upkeep
|turn|25
|
|t:|1596885718
|move|p2a: Clefable|Moonblast|p1a: Toxapex
|-resisted|p1a: Toxapex
|-damage|p1a: Toxapex|69/100 par
|cant|p1a: Toxapex|par
|
|upkeep
|turn|26
|
|t:|1596885723
|switch|p2a: Zerarepasser|Zeraora|100/100
|move|p1a: Toxapex|Haze|p1a: Toxapex
|-clearallboost
|
|upkeep
|turn|27
|
|t:|1596885728
|switch|p1a: Amoonguss|Amoonguss, M|100/100
|-damage|p1a: Amoonguss|88/100|[from] Stealth Rock
|-damage|p1a: Amoonguss|72/100|[from] Spikes
|move|p2a: Zerarepasser|Volt Switch|p1a: Amoonguss
|-resisted|p1a: Amoonguss
|-damage|p1a: Amoonguss|61/100
|
|t:|1596885731
|switch|p2a: BékipedeFrance|Pelipper, F|100/100|[from]move: Volt Switch
|-weather|RainDance|[from] ability: Drizzle|[of] p2a: BékipedeFrance
|
|-weather|RainDance|[upkeep]
|-heal|p1a: Amoonguss|67/100|[from] item: Black Sludge
|upkeep
|turn|28
|
|t:|1596885737
|switch|p2a: Zerarepasser|Zeraora|100/100
|switch|p1a: Toxapex|Toxapex, M|100/100 par
|-damage|p1a: Toxapex|84/100 par|[from] Spikes
|-damage|p1a: Toxapex|72/100 par|[from] Stealth Rock
|
|-weather|RainDance|[upkeep]
|upkeep
|turn|29
|
|t:|1596885746
|switch|p1a: Amoonguss|Amoonguss, M|100/100
|-damage|p1a: Amoonguss|88/100|[from] Stealth Rock
|-damage|p1a: Amoonguss|72/100|[from] Spikes
|move|p2a: Zerarepasser|Plasma Fists|p1a: Amoonguss
|-resisted|p1a: Amoonguss
|-crit|p1a: Amoonguss
|-damage|p1a: Amoonguss|48/100
|-fieldactivate|move: Ion Deluge
|
|-weather|RainDance|[upkeep]
|-heal|p1a: Amoonguss|54/100|[from] item: Black Sludge
|upkeep
|turn|30
|
|t:|1596885751
|move|p2a: Zerarepasser|Knock Off|p1a: Amoonguss
|-damage|p1a: Amoonguss|33/100
|-enditem|p1a: Amoonguss|Black Sludge|[from] move: Knock Off|[of] p2a: Zerarepasser
|move|p1a: Amoonguss|Spore|p2a: Zerarepasser
|-status|p2a: Zerarepasser|slp|[from] move: Spore
|
|-weather|RainDance|[upkeep]
|upkeep
|turn|31
|
|t:|1596885761
|switch|p2a: YannickNoacier|Ferrothorn, F|87/100
|-damage|p2a: YannickNoacier|81/100|[from] Stealth Rock
|switch|p1a: Corviknight|Corviknight, F|76/100
|-damage|p1a: Corviknight|64/100|[from] Stealth Rock
|-ability|p1a: Corviknight|Pressure
|
|-weather|none
|upkeep
|turn|32
|
|t:|1596885773
|move|p1a: Corviknight|Defog|p2a: YannickNoacier
|-unboost|p2a: YannickNoacier|evasion|1
|-sideend|p2: Redemption|Stealth Rock|[from] move: Defog|[of] p1a: Corviknight
|-sideend|p1: LT71LX ggg|Spikes|[from] move: Defog|[of] p1a: Corviknight
|-sideend|p1: LT71LX ggg|Stealth Rock|[from] move: Defog|[of] p1a: Corviknight
|move|p2a: YannickNoacier|Leech Seed|p1a: Corviknight
|-start|p1a: Corviknight|move: Leech Seed
|
|-damage|p1a: Corviknight|51/100|[from] Leech Seed|[of] p2a: YannickNoacier
|-heal|p2a: YannickNoacier|95/100|[silent]
|upkeep
|turn|33
|
|t:|1596885782
|move|p1a: Corviknight|Roost|p1a: Corviknight
|-heal|p1a: Corviknight|100/100
|-singleturn|p1a: Corviknight|move: Roost
|move|p2a: YannickNoacier|Spikes|p1a: Corviknight
|-sidestart|p1: LT71LX ggg|Spikes
|
|-damage|p1a: Corviknight|88/100|[from] Leech Seed|[of] p2a: YannickNoacier
|-heal|p2a: YannickNoacier|100/100|[silent]
|upkeep
|turn|34
|
|t:|1596885789
|switch|p1a: Amoonguss|Amoonguss, M|66/100
|-damage|p1a: Amoonguss|54/100|[from] Spikes
|switch|p2a: Zerarepasser|Zeraora|100/100 slp
|
|upkeep
|turn|35
|
|t:|1596885797
|cant|p2a: Zerarepasser|slp
|move|p1a: Amoonguss|Giga Drain|p2a: Zerarepasser
|-damage|p2a: Zerarepasser|69/100 slp
|-heal|p1a: Amoonguss|65/100|[from] drain|[of] p2a: Zerarepasser
|
|upkeep
|turn|36
|
|t:|1596885804
|-curestatus|p2a: Zerarepasser|slp|[msg]
|move|p2a: Zerarepasser|Volt Switch|p1a: Amoonguss
|-resisted|p1a: Amoonguss
|-damage|p1a: Amoonguss|54/100
|
|t:|1596885806
|switch|p2a: YannickNoacier|Ferrothorn, F|100/100|[from]move: Volt Switch
|move|p1a: Amoonguss|Stomping Tantrum|p2a: YannickNoacier
|-damage|p2a: YannickNoacier|93/100
|-damage|p1a: Amoonguss|42/100|[from] ability: Iron Barbs|[of] p2a: YannickNoacier
|
|upkeep
|turn|37
|
|t:|1596885813
|switch|p1a: Clefable|Clefable, F|93/100
|move|p2a: YannickNoacier|Leech Seed|p1a: Clefable
|-start|p1a: Clefable|move: Leech Seed
|
|upkeep
|turn|38
|
|t:|1596885817
|switch|p2a: Clefable|Clefable, F|85/100
|move|p1a: Clefable|Moonblast|p2a: Clefable
|-damage|p2a: Clefable|55/100
|
|upkeep
|turn|39
|
|t:|1596885820
|switch|p1a: Amoonguss|Amoonguss, M|75/100
|-damage|p1a: Amoonguss|63/100|[from] Spikes
|move|p2a: Clefable|Thunder Wave|p1a: Amoonguss
|-status|p1a: Amoonguss|par
|
|upkeep
|turn|40
|
|t:|1596885829
|switch|p1a: Toxapex|Toxapex, M|100/100 par
|-damage|p1a: Toxapex|88/100 par|[from] Spikes
|move|p2a: Clefable|Soft-Boiled|p2a: Clefable
|-heal|p2a: Clefable|100/100
|
|upkeep
|turn|41
|
|t:|1596885832
|move|p2a: Clefable|Stealth Rock|p1a: Toxapex
|-sidestart|p1: LT71LX ggg|move: Stealth Rock
|cant|p1a: Toxapex|par
|
|upkeep
|turn|42
|
|t:|1596885839
|switch|p1a: Corviknight|Corviknight, F|88/100
|-damage|p1a: Corviknight|76/100|[from] Stealth Rock
|-ability|p1a: Corviknight|Pressure
|move|p2a: Clefable|Thunder Wave|p1a: Corviknight
|-status|p1a: Corviknight|par
|
|upkeep
|turn|43
|
|t:|1596885848
|switch|p2a: Zerarepasser|Zeraora|69/100
|cant|p1a: Corviknight|par
|
|upkeep
|turn|44
|
|t:|1596885856
|switch|p1a: Amoonguss|Amoonguss, M|96/100 par
|-damage|p1a: Amoonguss|84/100 par|[from] Spikes
|-damage|p1a: Amoonguss|71/100 par|[from] Stealth Rock
|move|p2a: Zerarepasser|Plasma Fists|p1a: Amoonguss
|-resisted|p1a: Amoonguss
|-damage|p1a: Amoonguss|56/100 par
|-fieldactivate|move: Ion Deluge
|
|upkeep
|turn|45
|j| Toadow en chemise
|
|t:|1596885861
|move|p2a: Zerarepasser|Volt Switch|p1a: Amoonguss
|-resisted|p1a: Amoonguss
|-damage|p1a: Amoonguss|45/100 par
|
|t:|1596885865
|switch|p2a: YannickNoacier|Ferrothorn, F|93/100|[from]move: Volt Switch
|cant|p1a: Amoonguss|par
|
|upkeep
|turn|46
|
|t:|1596885879
|switch|p2a: Zarrive !|Zarude|100/100
|switch|p1a: Clefable|Clefable, F|93/100
|
|upkeep
|turn|47
|
|t:|1596885886
|move|p2a: Zarrive !|Power Whip|p1a: Clefable
|-damage|p1a: Clefable|31/100
|move|p1a: Clefable|Moonblast|p2a: Zarrive !
|-supereffective|p2a: Zarrive !
|-damage|p2a: Zarrive !|36/100
|
|upkeep
|turn|48
|
|t:|1596885893
|switch|p2a: BékipedeFrance|Pelipper, F|100/100
|-weather|RainDance|[from] ability: Drizzle|[of] p2a: BékipedeFrance
|switch|p1a: Corviknight|Corviknight, F|76/100 par
|-damage|p1a: Corviknight|64/100 par|[from] Stealth Rock
|-ability|p1a: Corviknight|Pressure
|
|-weather|RainDance|[upkeep]
|upkeep
|turn|49
|
|t:|1596885897
|move|p2a: BékipedeFrance|Surf|p1a: Corviknight
|-damage|p1a: Corviknight|0 fnt
|faint|p1a: Corviknight
|
|-weather|RainDance|[upkeep]
|upkeep
|-message|LT71LX ggg forfeited.
|
|win|Redemption
|l|‽LT71LX ggg
|raw|LT71LX ggg's rating: 1859 &rarr; <strong>1832</strong><br />(-27 for losing)
|raw|Redemption's rating: 1731 &rarr; <strong>1758</strong><br />(+27 for winning)
|l| Toadow en chemise
