|raw|<div class="broadcast-blue"><strong>This battle is required to be public due to a player having a name starting with 'lt93oq'.</div>
|j|☆Ayante
|j|☆LT93OQ Dasmer
|t:|1660350589
|gametype|singles
|player|p1|Ayante|unknown|1708
|player|p2|LT93OQ Dasmer|rei|1736
|teamsize|p1|6
|teamsize|p2|6
|gen|8
|tier|[Gen 8] OU
|rated|
|rule|Sleep Clause Mod: Limit one foe put to sleep
|rule|Species Clause: Limit one of each Pokémon
|rule|OHKO Clause: OHKO moves are banned
|rule|Evasion Items Clause: Evasion items are banned
|rule|Evasion Moves Clause: Evasion moves are banned
|rule|Endless Battle Clause: Forcing endless battles is banned
|rule|HP Percentage Mod: HP is shown in percentages
|rule|Dynamax Clause: You cannot dynamax
|clearpoke
|poke|p1|Pelipper, M|
|poke|p1|Clefable, M|
|poke|p1|Ferrothorn, F|
|poke|p1|Landorus-Therian, M|
|poke|p1|Barraskewda, M|
|poke|p1|Zapdos|
|poke|p2|Garchomp, M|
|poke|p2|Volcarona, M|
|poke|p2|Kartana|
|poke|p2|Dragonite, F|
|poke|p2|Heatran, M|
|poke|p2|Tapu Fini|
|teampreview
|
|t:|1660350599
|start
|switch|p1a: Pelipper|Pelipper, M|100/100
|switch|p2a: Garchomp|Garchomp, M|100/100
|-weather|RainDance|[from] ability: Drizzle|[of] p1a: Pelipper
|turn|1
|
|t:|1660350609
|switch|p1a: Clefable|Clefable, M|100/100
|move|p2a: Garchomp|Stealth Rock|p1a: Clefable
|-sidestart|p1: Ayante|move: Stealth Rock
|
|-weather|RainDance|[upkeep]
|upkeep
|turn|2
|
|t:|1660350614
|switch|p2a: Tapu Fini|Tapu Fini|100/100
|-fieldstart|move: Misty Terrain|[from] ability: Misty Surge|[of] p2a: Tapu Fini
|move|p1a: Clefable|Trick|p2a: Tapu Fini
|-activate|p1a: Clefable|move: Trick|[of] p2a: Tapu Fini
|-item|p2a: Tapu Fini|Sticky Barb|[from] move: Trick
|-item|p1a: Clefable|Choice Scarf|[from] move: Trick
|
|-weather|RainDance|[upkeep]
|-damage|p2a: Tapu Fini|88/100|[from] item: Sticky Barb
|upkeep
|turn|3
|
|t:|1660350633
|switch|p1a: Ferrothorn|Ferrothorn, F|100/100
|-damage|p1a: Ferrothorn|94/100|[from] Stealth Rock
|move|p2a: Tapu Fini|Moonblast|p1a: Ferrothorn
|-resisted|p1a: Ferrothorn
|-damage|p1a: Ferrothorn|84/100
|-unboost|p1a: Ferrothorn|spa|1
|
|-weather|RainDance|[upkeep]
|-heal|p1a: Ferrothorn|91/100|[from] item: Leftovers
|-damage|p2a: Tapu Fini|76/100|[from] item: Sticky Barb
|upkeep
|turn|4
|j| playa13
|
|t:|1660350638
|switch|p2a: Heatran|Heatran, M|100/100
|move|p1a: Ferrothorn|Spikes|p2a: Heatran
|-sidestart|p2: LT93OQ Dasmer|Spikes
|
|-weather|RainDance|[upkeep]
|-heal|p1a: Ferrothorn|97/100|[from] item: Leftovers
|upkeep
|turn|5
|j| jeanmilapipe
|
|t:|1660350644
|switch|p1a: Zapdos|Zapdos|100/100
|move|p2a: Heatran|Magma Storm|p1a: Zapdos
|-damage|p1a: Zapdos|74/100
|-activate|p1a: Zapdos|move: Magma Storm|[of] p2a: Heatran
|
|-weather|RainDance|[upkeep]
|-damage|p1a: Zapdos|62/100|[from] move: Magma Storm|[partiallytrapped]
|upkeep
|turn|6
|
|t:|1660350650
|move|p1a: Zapdos|Weather Ball|p2a: Heatran
|-supereffective|p2a: Heatran
|-damage|p2a: Heatran|35/100
|move|p2a: Heatran|Magma Storm|p1a: Zapdos
|-damage|p1a: Zapdos|36/100
|
|-weather|RainDance|[upkeep]
|-heal|p2a: Heatran|41/100|[from] item: Leftovers
|-damage|p1a: Zapdos|23/100|[from] move: Magma Storm|[partiallytrapped]
|-fieldend|Misty Terrain
|upkeep
|turn|7
|
|t:|1660350656
|switch|p2a: Garchomp|Garchomp, M|100/100
|-damage|p2a: Garchomp|88/100|[from] Spikes
|move|p1a: Zapdos|Weather Ball|p2a: Garchomp
|-damage|p2a: Garchomp|31/100
|
|-weather|RainDance|[upkeep]
|-end|p1a: Zapdos|Magma Storm|[partiallytrapped]|[silent]
|upkeep
|turn|8
|
|t:|1660350666
|move|p2a: Garchomp|Draco Meteor|p1a: Zapdos
|-damage|p1a: Zapdos|0 fnt
|-unboost|p2a: Garchomp|spa|2
|faint|p1a: Zapdos
|-damage|p2a: Garchomp|21/100|[from] item: Life Orb
|
|-weather|none
|upkeep
|
|t:|1660350671
|switch|p1a: Pelipper|Pelipper, M|100/100
|-damage|p1a: Pelipper|76/100|[from] Stealth Rock
|-weather|RainDance|[from] ability: Drizzle|[of] p1a: Pelipper
|turn|9
|
|t:|1660350677
|move|p2a: Garchomp|Draco Meteor|p1a: Pelipper
|-damage|p1a: Pelipper|32/100
|-unboost|p2a: Garchomp|spa|2
|-damage|p2a: Garchomp|11/100|[from] item: Life Orb
|move|p1a: Pelipper|U-turn|p2a: Garchomp
|-damage|p2a: Garchomp|3/100
|-damage|p1a: Pelipper|19/100|[from] ability: Rough Skin|[of] p2a: Garchomp
|j| clicko
|
|t:|1660350679
|switch|p1a: Barraskewda|Barraskewda, M|100/100|[from]move: U-turn
|-damage|p1a: Barraskewda|88/100|[from] Stealth Rock
|
|-weather|RainDance|[upkeep]
|upkeep
|turn|10
|
|t:|1660350684
|move|p1a: Barraskewda|Flip Turn|p2a: Garchomp
|-damage|p2a: Garchomp|0 fnt
|-damage|p1a: Barraskewda|76/100|[from] ability: Rough Skin|[of] p2a: Garchomp
|faint|p2a: Garchomp
|
|t:|1660350689
|switch|p1a: Clefable|Clefable, M|100/100|[from]move: Flip Turn
|
|-weather|RainDance|[upkeep]
|upkeep
|
|t:|1660350697
|switch|p2a: Dragonite|Dragonite, F|100/100
|turn|11
|
|t:|1660350701
|switch|p2a: Tapu Fini|Tapu Fini|76/100
|-damage|p2a: Tapu Fini|64/100|[from] Spikes
|-fieldstart|move: Misty Terrain|[from] ability: Misty Surge|[of] p2a: Tapu Fini
|move|p1a: Clefable|Thunder Wave|p2a: Tapu Fini
|-activate|p2a: Tapu Fini|move: Misty Terrain
|
|-weather|RainDance|[upkeep]
|-damage|p2a: Tapu Fini|52/100|[from] item: Sticky Barb
|upkeep
|turn|12
|j| Luka Troncic
|
|t:|1660350714
|switch|p1a: Ferrothorn|Ferrothorn, F|97/100
|-damage|p1a: Ferrothorn|91/100|[from] Stealth Rock
|move|p2a: Tapu Fini|Trick|p1a: Ferrothorn
|-activate|p2a: Tapu Fini|move: Trick|[of] p1a: Ferrothorn
|-item|p1a: Ferrothorn|Sticky Barb|[from] move: Trick
|-item|p2a: Tapu Fini|Leftovers|[from] move: Trick
|
|-weather|RainDance|[upkeep]
|-heal|p2a: Tapu Fini|58/100|[from] item: Leftovers
|-damage|p1a: Ferrothorn|78/100|[from] item: Sticky Barb
|upkeep
|turn|13
|
|t:|1660350719
|move|p2a: Tapu Fini|Scald|p1a: Ferrothorn
|-resisted|p1a: Ferrothorn
|-damage|p1a: Ferrothorn|65/100
|move|p1a: Ferrothorn|Spikes|p2a: Tapu Fini
|-sidestart|p2: LT93OQ Dasmer|Spikes
|
|-weather|RainDance|[upkeep]
|-heal|p2a: Tapu Fini|64/100|[from] item: Leftovers
|-damage|p1a: Ferrothorn|52/100|[from] item: Sticky Barb
|upkeep
|turn|14
|
|t:|1660350725
|move|p2a: Tapu Fini|Scald|p1a: Ferrothorn
|-resisted|p1a: Ferrothorn
|-damage|p1a: Ferrothorn|39/100
|move|p1a: Ferrothorn|Spikes|p2a: Tapu Fini
|-sidestart|p2: LT93OQ Dasmer|Spikes
|
|-weather|RainDance|[upkeep]
|-heal|p2a: Tapu Fini|70/100|[from] item: Leftovers
|-damage|p1a: Ferrothorn|27/100|[from] item: Sticky Barb
|upkeep
|turn|15
|-message|Ayante forfeited.
|
|win|LT93OQ Dasmer
|raw|Ayante's rating: 1708 &rarr; <strong>1690</strong><br />(-18 for losing)
|raw|LT93OQ Dasmer's rating: 1736 &rarr; <strong>1754</strong><br />(+18 for winning)
|l|☆Ayante
|l| clicko
|l|☆LT93OQ Dasmer
