|j|☆CloudNineee
|j|☆Draco09876
|t:|1653810226
|gametype|singles
|player|p1|CloudNineee|2|1880
|player|p2|Draco09876|1|1745
|teamsize|p1|6
|teamsize|p2|6
|gen|8
|tier|[Gen 8] OU
|rated|
|rule|Sleep Clause Mod: Limit one foe put to sleep
|rule|Species Clause: Limit one of each Pokémon
|rule|OHKO Clause: OHKO moves are banned
|rule|Evasion Moves Clause: Evasion moves are banned
|rule|Endless Battle Clause: Forcing endless battles is banned
|rule|HP Percentage Mod: HP is shown in percentages
|rule|Dynamax Clause: You cannot dynamax
|clearpoke
|poke|p1|Gastrodon, F|
|poke|p1|Corviknight, F|
|poke|p1|Toxapex, F|
|poke|p1|Zapdos|
|poke|p1|Blissey, F|
|poke|p1|Clefable, M|
|poke|p2|Weavile, M|
|poke|p2|Blacephalon|
|poke|p2|Landorus-Therian, M|
|poke|p2|Slowking-Galar, F|
|poke|p2|Buzzwole|
|poke|p2|Urshifu-*, F|
|teampreview
|inactive|Battle timer is ON: inactive players will automatically lose when time's up. (requested by CloudNineee)
|
|t:|1653810239
|start
|switch|p1a: Toxapex|Toxapex, F|100/100
|switch|p2a: Slowking|Slowking-Galar, F|100/100
|turn|1
|
|t:|1653810242
|move|p1a: Toxapex|Knock Off|p2a: Slowking
|-supereffective|p2a: Slowking
|-damage|p2a: Slowking|73/100
|-enditem|p2a: Slowking|Assault Vest|[from] move: Knock Off|[of] p1a: Toxapex
|move|p2a: Slowking|Future Sight|p1a: Toxapex
|-start|p2a: Slowking|move: Future Sight
|
|upkeep
|turn|2
|
|t:|1653810245
|move|p1a: Toxapex|Toxic|p2a: Slowking
|-immune|p2a: Slowking
|move|p2a: Slowking|Sludge Bomb|p1a: Toxapex
|-resisted|p1a: Toxapex
|-damage|p1a: Toxapex|83/100
|
|upkeep
|turn|3
|
|t:|1653810250
|switch|p1a: Blissey|Blissey, F|100/100
|switch|p2a: Urshifu|Urshifu-Rapid-Strike, F|100/100
|
|-end|p1a: Blissey|move: Future Sight
|-damage|p1a: Blissey|78/100
|-heal|p1a: Blissey|84/100|[from] item: Leftovers
|upkeep
|turn|4
|
|t:|1653810255
|switch|p1a: Toxapex|Toxapex, F|100/100
|move|p2a: Urshifu|U-turn|p1a: Toxapex
|-resisted|p1a: Toxapex
|-damage|p1a: Toxapex|89/100
|
|t:|1653810265
|switch|p2a: Slowking|Slowking-Galar, F|100/100|[from]move: U-turn
|
|upkeep
|turn|5
|
|t:|1653810267
|move|p1a: Toxapex|Toxic Spikes|p2a: Slowking
|-sidestart|p2: Draco09876|move: Toxic Spikes
|move|p2a: Slowking|Future Sight|p1a: Toxapex
|-start|p2a: Slowking|move: Future Sight
|
|upkeep
|turn|6
|
|t:|1653810274
|move|p1a: Toxapex|Toxic|p2a: Slowking
|-immune|p2a: Slowking
|move|p2a: Slowking|Sludge Bomb|p1a: Toxapex
|-resisted|p1a: Toxapex
|-damage|p1a: Toxapex|70/100
|
|upkeep
|turn|7
|j| Arnaud senju vgc
|
|t:|1653810280
|switch|p1a: Blissey|Blissey, F|84/100
|switch|p2a: Landorus|Landorus-Therian, M|100/100
|-ability|p2a: Landorus|Intimidate|boost
|-unboost|p1a: Blissey|atk|1
|
|-end|p1a: Blissey|move: Future Sight
|-damage|p1a: Blissey|64/100
|-heal|p1a: Blissey|70/100|[from] item: Leftovers
|upkeep
|turn|8
|
|t:|1653810284
|move|p2a: Landorus|Knock Off|p1a: Blissey
|-damage|p1a: Blissey|43/100
|-enditem|p1a: Blissey|Leftovers|[from] move: Knock Off|[of] p2a: Landorus
|move|p1a: Blissey|Toxic|p2a: Landorus
|-status|p2a: Landorus|tox
|
|-damage|p2a: Landorus|94/100 tox|[from] psn
|upkeep
|turn|9
|
|t:|1653810289
|move|p2a: Landorus|Earthquake|p1a: Blissey
|-damage|p1a: Blissey|2/100
|move|p1a: Blissey|Soft-Boiled|p1a: Blissey
|-heal|p1a: Blissey|52/100
|
|-heal|p2a: Landorus|100/100 tox|[from] item: Leftovers
|-damage|p2a: Landorus|88/100 tox|[from] psn
|upkeep
|turn|10
|
|t:|1653810293
|move|p2a: Landorus|Defog|p1a: Blissey
|-unboost|p1a: Blissey|evasion|1
|-sideend|p2: Draco09876|Toxic Spikes|[from] move: Defog|[of] p2a: Landorus
|move|p1a: Blissey|Soft-Boiled|p1a: Blissey
|-heal|p1a: Blissey|100/100
|
|-heal|p2a: Landorus|94/100 tox|[from] item: Leftovers
|-damage|p2a: Landorus|76/100 tox|[from] psn
|upkeep
|turn|11
|
|t:|1653810296
|switch|p2a: Slowking|Slowking-Galar, F|100/100
|move|p1a: Blissey|Stealth Rock|p2a: Slowking
|-sidestart|p2: Draco09876|move: Stealth Rock
|
|upkeep
|turn|12
|
|t:|1653810301
|move|p1a: Blissey|Seismic Toss|p2a: Slowking
|-damage|p2a: Slowking|75/100
|move|p2a: Slowking|Future Sight|p1a: Blissey
|-start|p2a: Slowking|move: Future Sight
|
|upkeep
|turn|13
|
|t:|1653810304
|switch|p2a: Urshifu|Urshifu-Rapid-Strike, F|100/100
|-damage|p2a: Urshifu|94/100|[from] Stealth Rock
|move|p1a: Blissey|Toxic|p2a: Urshifu
|-status|p2a: Urshifu|tox
|
|-damage|p2a: Urshifu|88/100 tox|[from] psn
|upkeep
|turn|14
|
|t:|1653810309
|switch|p1a: Corviknight|Corviknight, F|100/100
|-ability|p1a: Corviknight|Pressure
|move|p2a: Urshifu|Close Combat|p1a: Corviknight
|-damage|p1a: Corviknight|38/100
|-unboost|p2a: Urshifu|def|1
|-unboost|p2a: Urshifu|spd|1
|
|-end|p1a: Corviknight|move: Future Sight
|-resisted|p1a: Corviknight
|-damage|p1a: Corviknight|11/100
|-heal|p1a: Corviknight|17/100|[from] item: Leftovers
|-damage|p2a: Urshifu|76/100 tox|[from] psn
|upkeep
|turn|15
|
|t:|1653810317
|switch|p2a: Slowking|Slowking-Galar, F|100/100
|-damage|p2a: Slowking|88/100|[from] Stealth Rock
|switch|p1a: Toxapex|Toxapex, F|100/100
|
|upkeep
|turn|16
|
|t:|1653810322
|switch|p1a: Corviknight|Corviknight, F|17/100
|-ability|p1a: Corviknight|Pressure
|move|p2a: Slowking|Future Sight|p1a: Corviknight
|-start|p2a: Slowking|move: Future Sight
|
|-heal|p1a: Corviknight|24/100|[from] item: Leftovers
|upkeep
|turn|17
|
|t:|1653810326
|switch|p2a: Urshifu|Urshifu-Rapid-Strike, F|76/100 tox
|-damage|p2a: Urshifu|70/100 tox|[from] Stealth Rock
|move|p1a: Corviknight|Roost|p1a: Corviknight
|-heal|p1a: Corviknight|74/100
|-singleturn|p1a: Corviknight|move: Roost
|
|-heal|p1a: Corviknight|80/100|[from] item: Leftovers
|-damage|p2a: Urshifu|64/100 tox|[from] psn
|upkeep
|turn|18
|
|t:|1653810334
|move|p2a: Urshifu|Close Combat|p1a: Corviknight
|-damage|p1a: Corviknight|21/100
|-unboost|p2a: Urshifu|def|1
|-unboost|p2a: Urshifu|spd|1
|move|p1a: Corviknight|Roost|p1a: Corviknight
|-heal|p1a: Corviknight|71/100
|-singleturn|p1a: Corviknight|move: Roost
|
|-end|p1a: Corviknight|move: Future Sight
|-resisted|p1a: Corviknight
|-damage|p1a: Corviknight|46/100
|-heal|p1a: Corviknight|52/100|[from] item: Leftovers
|-damage|p2a: Urshifu|51/100 tox|[from] psn
|upkeep
|turn|19
|j| NOslowly
|j| SleepyBadGirl
|
|t:|1653810344
|switch|p1a: Toxapex|Toxapex, F|100/100
|move|p2a: Urshifu|Close Combat|p1a: Toxapex
|-resisted|p1a: Toxapex
|-damage|p1a: Toxapex|72/100
|-unboost|p2a: Urshifu|def|1
|-unboost|p2a: Urshifu|spd|1
|
|-damage|p2a: Urshifu|33/100 tox|[from] psn
|upkeep
|turn|20
|
|t:|1653810350
|switch|p2a: Landorus|Landorus-Therian, M|76/100 tox
|-damage|p2a: Landorus|64/100 tox|[from] Stealth Rock
|-ability|p2a: Landorus|Intimidate|boost
|-unboost|p1a: Toxapex|atk|1
|switch|p1a: Gastrodon|Gastrodon, F|100/100
|
|-heal|p2a: Landorus|70/100 tox|[from] item: Leftovers
|-damage|p2a: Landorus|64/100 tox|[from] psn
|upkeep
|turn|21
|
|t:|1653810356
|move|p2a: Landorus|U-turn|p1a: Gastrodon
|-damage|p1a: Gastrodon|78/100
|
|t:|1653810360
|switch|p2a: Weavile|Weavile, M|100/100|[from]move: U-turn
|-ability|p2a: Weavile|Pressure
|move|p1a: Gastrodon|Scald|p2a: Weavile
|-damage|p2a: Weavile|65/100
|-status|p2a: Weavile|brn
|
|-heal|p1a: Gastrodon|84/100|[from] item: Leftovers
|-damage|p2a: Weavile|59/100 brn|[from] brn
|upkeep
|turn|22
|
|t:|1653810368
|switch|p1a: Toxapex|Toxapex, F|100/100
|move|p2a: Weavile|Knock Off|p1a: Toxapex
|-damage|p1a: Toxapex|86/100
|-enditem|p1a: Toxapex|Shed Shell|[from] move: Knock Off|[of] p2a: Weavile
|
|-damage|p2a: Weavile|53/100 brn|[from] brn
|upkeep
|turn|23
|
|t:|1653810374
|switch|p2a: Slowking|Slowking-Galar, F|100/100
|-damage|p2a: Slowking|88/100|[from] Stealth Rock
|move|p1a: Toxapex|Knock Off|p2a: Slowking
|-supereffective|p2a: Slowking
|-damage|p2a: Slowking|69/100
|
|upkeep
|turn|24
|j| nightsuwu
|j| Ayayahsgsg
|
|t:|1653810384
|switch|p1a: Corviknight|Corviknight, F|52/100
|-ability|p1a: Corviknight|Pressure
|move|p2a: Slowking|Future Sight|p1a: Corviknight
|-start|p2a: Slowking|move: Future Sight
|
|-heal|p1a: Corviknight|58/100|[from] item: Leftovers
|upkeep
|turn|25
|
|t:|1653810387
|move|p1a: Corviknight|Roost|p1a: Corviknight
|-heal|p1a: Corviknight|100/100
|-singleturn|p1a: Corviknight|move: Roost
|move|p2a: Slowking|Flamethrower|p1a: Corviknight
|-supereffective|p1a: Corviknight
|-damage|p1a: Corviknight|50/100
|-status|p1a: Corviknight|brn
|
|-heal|p1a: Corviknight|56/100 brn|[from] item: Leftovers
|-damage|p1a: Corviknight|50/100 brn|[from] brn
|upkeep
|turn|26
|
|t:|1653810393
|switch|p1a: Blissey|Blissey, F|100/100
|move|p2a: Slowking|Flamethrower|p1a: Blissey
|-damage|p1a: Blissey|89/100
|
|-end|p1a: Blissey|move: Future Sight
|-damage|p1a: Blissey|68/100
|upkeep
|turn|27
|
|t:|1653810396
|move|p1a: Blissey|Soft-Boiled|p1a: Blissey
|-heal|p1a: Blissey|100/100
|move|p2a: Slowking|Future Sight|p1a: Blissey
|-start|p2a: Slowking|move: Future Sight
|
|upkeep
|turn|28
|
|t:|1653810401
|switch|p2a: Blacephalon|Blacephalon|100/100
|-damage|p2a: Blacephalon|76/100|[from] Stealth Rock
|move|p1a: Blissey|Seismic Toss|p2a: Blacephalon
|-immune|p2a: Blacephalon
|
|upkeep
|turn|29
|
|t:|1653810407
|move|p2a: Blacephalon|Flamethrower|p1a: Blissey
|-damage|p1a: Blissey|83/100
|move|p1a: Blissey|Toxic|p2a: Blacephalon
|-status|p2a: Blacephalon|tox
|
|-end|p1a: Blissey|move: Future Sight
|-damage|p1a: Blissey|62/100
|-damage|p2a: Blacephalon|70/100 tox|[from] psn
|upkeep
|turn|30
|-message|Draco09876 forfeited.
|
|win|CloudNineee
|raw|CloudNineee's rating: 1880 &rarr; <strong>1893</strong><br />(+13 for winning)
|raw|Draco09876's rating: 1745 &rarr; <strong>1732</strong><br />(-13 for losing)
|l|☆Draco09876
