|j|☆A3720
|j|☆LT93OQ IcicleCrash
|t:|1660799277
|gametype|singles
|player|p1|A3720|2|1613
|player|p2|LT93OQ IcicleCrash|marley|1655
|teamsize|p1|6
|teamsize|p2|6
|gen|8
|tier|[Gen 8] OU
|rated|
|rule|Sleep Clause Mod: Limit one foe put to sleep
|rule|Species Clause: Limit one of each Pokémon
|rule|OHKO Clause: OHKO moves are banned
|rule|Evasion Items Clause: Evasion items are banned
|rule|Evasion Moves Clause: Evasion moves are banned
|rule|Endless Battle Clause: Forcing endless battles is banned
|rule|HP Percentage Mod: HP is shown in percentages
|rule|Dynamax Clause: You cannot dynamax
|clearpoke
|poke|p1|Aegislash, M|
|poke|p1|Tornadus-Therian, M|
|poke|p1|Toxapex, F|
|poke|p1|Tapu Lele|
|poke|p1|Umbreon, F|
|poke|p1|Garchomp, F|
|poke|p2|Corviknight, F|
|poke|p2|Dragapult, M|
|poke|p2|Tapu Lele|
|poke|p2|Porygon2|
|poke|p2|Landorus-Therian, M|
|poke|p2|Victini|
|teampreview
|inactive|Battle timer is ON: inactive players will automatically lose when time's up. (requested by LT93OQ IcicleCrash)
|c|☆LT93OQ IcicleCrash|glhf
|j| Phospheles
|c|☆A3720|u2
|
|t:|1660799294
|start
|switch|p1a: Tornadus|Tornadus-Therian, M|100/100
|switch|p2a: Landorus|Landorus-Therian, M|100/100
|-ability|p2a: Landorus|Intimidate|boost
|-unboost|p1a: Tornadus|atk|1
|turn|1
|
|t:|1660799308
|move|p1a: Tornadus|Taunt|p2a: Landorus
|-start|p2a: Landorus|move: Taunt
|cant|p2a: Landorus|move: Taunt|Stealth Rock
|
|upkeep
|turn|2
|
|t:|1660799312
|move|p1a: Tornadus|Tailwind|p1a: Tornadus
|-sidestart|p1: A3720|move: Tailwind
|move|p2a: Landorus|Knock Off|p1a: Tornadus
|-damage|p1a: Tornadus|70/100
|-enditem|p1a: Tornadus|Heavy-Duty Boots|[from] move: Knock Off|[of] p2a: Landorus
|
|upkeep
|turn|3
|
|t:|1660799323
|switch|p1a: Toxapex|Toxapex, F|100/100
|move|p2a: Landorus|Knock Off|p1a: Toxapex
|-damage|p1a: Toxapex|83/100
|-enditem|p1a: Toxapex|Eject Button|[from] move: Knock Off|[of] p2a: Landorus
|
|-end|p2a: Landorus|move: Taunt
|upkeep
|turn|4
|inactive|A3720 has 120 seconds left.
|
|t:|1660799358
|switch|p1a: Tornadus|Tornadus-Therian, M|100/100
|move|p2a: Landorus|Stealth Rock|p1a: Tornadus
|-sidestart|p1: A3720|move: Stealth Rock
|
|upkeep
|turn|5
|
|t:|1660799362
|move|p1a: Tornadus|Defog|p2a: Landorus
|-unboost|p2a: Landorus|evasion|1
|-sideend|p1: A3720|Stealth Rock|[from] move: Defog|[of] p1a: Tornadus
|move|p2a: Landorus|U-turn|p1a: Tornadus
|-resisted|p1a: Tornadus
|-damage|p1a: Tornadus|89/100
|
|t:|1660799370
|switch|p2a: Victini|Victini|100/100|[from]move: U-turn
|
|-sideend|p1: A3720|move: Tailwind
|upkeep
|turn|6
|
|t:|1660799375
|switch|p1a: Garchomp|Garchomp, F|100/100
|move|p2a: Victini|Glaciate|p1a: Garchomp
|-supereffective|p1a: Garchomp
|-damage|p1a: Garchomp|39/100
|-unboost|p1a: Garchomp|spe|1
|
|upkeep
|turn|7
|
|t:|1660799389
|switch|p1a: Toxapex|Toxapex, F|100/100
|move|p2a: Victini|U-turn|p1a: Toxapex
|-resisted|p1a: Toxapex
|-damage|p1a: Toxapex|94/100
|
|t:|1660799392
|switch|p2a: Tapu Lele|Tapu Lele|100/100|[from]move: U-turn
|-fieldstart|move: Psychic Terrain|[from] ability: Psychic Surge|[of] p2a: Tapu Lele
|
|upkeep
|turn|8
|
|t:|1660799402
|switch|p1a: Aegislash|Aegislash, M|100/100
|move|p2a: Tapu Lele|Moonblast|p1a: Aegislash
|-resisted|p1a: Aegislash
|-damage|p1a: Aegislash|59/100
|
|upkeep
|turn|9
|
|t:|1660799419
|switch|p2a: Porygon2|Porygon2|100/100
|-formechange|p1a: Aegislash|Aegislash-Blade||[from] ability: Stance Change
|move|p1a: Aegislash|Close Combat|p2a: Porygon2
|-supereffective|p2a: Porygon2
|-damage|p2a: Porygon2|61/100
|-unboost|p1a: Aegislash|def|1
|-unboost|p1a: Aegislash|spd|1
|
|upkeep
|turn|10
|
|t:|1660799429
|switch|p1a: Garchomp|Garchomp, F|39/100
|-ability|p2a: Porygon2|Rough Skin|[from] ability: Trace|[of] p1a: Garchomp
|move|p2a: Porygon2|Teleport|p2a: Porygon2
|
|t:|1660799432
|switch|p2a: Dragapult|Dragapult, M|100/100|[from]move: Teleport
|
|upkeep
|turn|11
|
|t:|1660799439
|switch|p1a: Umbreon|Umbreon, F|100/100
|move|p2a: Dragapult|U-turn|p1a: Umbreon
|-supereffective|p1a: Umbreon
|-damage|p1a: Umbreon|79/100
|
|t:|1660799443
|switch|p2a: Tapu Lele|Tapu Lele|100/100|[from]move: U-turn
|
|-heal|p1a: Umbreon|85/100|[from] item: Leftovers
|-fieldend|move: Psychic Terrain
|upkeep
|turn|12
|
|t:|1660799449
|move|p1a: Umbreon|Protect|p1a: Umbreon
|-singleturn|p1a: Umbreon|Protect
|move|p2a: Tapu Lele|Psychic|p1a: Umbreon
|-activate|p1a: Umbreon|move: Protect
|
|-heal|p1a: Umbreon|91/100|[from] item: Leftovers
|upkeep
|turn|13
|
|t:|1660799460
|switch|p2a: Victini|Victini|100/100
|move|p1a: Umbreon|Wish|p1a: Umbreon
|
|-heal|p1a: Umbreon|97/100|[from] item: Leftovers
|upkeep
|turn|14
|
|t:|1660799475
|switch|p1a: Aegislash|Aegislash, M|59/100
|move|p2a: Victini|Glaciate|p1a: Aegislash
|-resisted|p1a: Aegislash
|-damage|p1a: Aegislash|52/100
|-unboost|p1a: Aegislash|spe|1
|
|-heal|p1a: Aegislash|100/100|[from] move: Wish|[wisher] Umbreon
|upkeep
|turn|15
|
|t:|1660799483
|switch|p1a: Toxapex|Toxapex, F|100/100
|move|p2a: Victini|V-create|p1a: Toxapex
|-resisted|p1a: Toxapex
|-damage|p1a: Toxapex|75/100
|-unboost|p2a: Victini|spe|1
|-unboost|p2a: Victini|def|1
|-unboost|p2a: Victini|spd|1
|
|upkeep
|turn|16
|
|t:|1660799490
|move|p2a: Victini|Bolt Strike|p1a: Toxapex
|-supereffective|p1a: Toxapex
|-damage|p1a: Toxapex|32/100
|move|p1a: Toxapex|Knock Off|p2a: Victini
|-supereffective|p2a: Victini
|-damage|p2a: Victini|51/100
|-enditem|p2a: Victini|Heavy-Duty Boots|[from] move: Knock Off|[of] p1a: Toxapex
|
|upkeep
|turn|17
|
|t:|1660799506
|switch|p1a: Umbreon|Umbreon, F|97/100
|move|p2a: Victini|V-create|p1a: Umbreon
|-damage|p1a: Umbreon|43/100
|-unboost|p2a: Victini|spe|1
|-unboost|p2a: Victini|def|1
|-unboost|p2a: Victini|spd|1
|
|-heal|p1a: Umbreon|49/100|[from] item: Leftovers
|upkeep
|turn|18
|
|t:|1660799512
|switch|p2a: Tapu Lele|Tapu Lele|100/100
|-fieldstart|move: Psychic Terrain|[from] ability: Psychic Surge|[of] p2a: Tapu Lele
|move|p1a: Umbreon|Protect||[still]
|-fail|p1a: Umbreon
|
|-heal|p1a: Umbreon|55/100|[from] item: Leftovers
|upkeep
|turn|19
|
|t:|1660799517
|move|p1a: Umbreon|Protect|p1a: Umbreon
|-singleturn|p1a: Umbreon|Protect
|move|p2a: Tapu Lele|Moonblast|p1a: Umbreon
|-activate|p1a: Umbreon|move: Protect
|
|-heal|p1a: Umbreon|61/100|[from] item: Leftovers
|upkeep
|turn|20
|
|t:|1660799528
|switch|p1a: Toxapex|Toxapex, F|65/100
|move|p2a: Tapu Lele|Moonblast|p1a: Toxapex
|-resisted|p1a: Toxapex
|-damage|p1a: Toxapex|32/100
|-unboost|p1a: Toxapex|spa|1
|
|upkeep
|turn|21
|
|t:|1660799548
|switch|p1a: Garchomp|Garchomp, F|39/100
|move|p2a: Tapu Lele|Moonblast|p1a: Garchomp
|-supereffective|p1a: Garchomp
|-damage|p1a: Garchomp|0 fnt
|faint|p1a: Garchomp
|
|upkeep
|inactive|A3720 has 120 seconds left.
|
|t:|1660799564
|switch|p1a: Aegislash|Aegislash, M|100/100
|turn|22
|
|t:|1660799569
|switch|p2a: Porygon2|Porygon2|61/100
|-formechange|p1a: Aegislash|Aegislash-Blade||[from] ability: Stance Change
|move|p1a: Aegislash|Flash Cannon|p2a: Porygon2
|-damage|p2a: Porygon2|23/100
|
|-fieldend|move: Psychic Terrain
|upkeep
|turn|23
|
|t:|1660799577
|move|p1a: Aegislash|Flash Cannon|p2a: Porygon2
|-damage|p2a: Porygon2|0 fnt
|faint|p2a: Porygon2
|
|upkeep
|
|t:|1660799581
|switch|p2a: Victini|Victini|51/100
|turn|24
|
|t:|1660799597
|switch|p1a: Toxapex|Toxapex, F|65/100
|move|p2a: Victini|V-create|p1a: Toxapex
|-resisted|p1a: Toxapex
|-damage|p1a: Toxapex|41/100
|-unboost|p2a: Victini|spe|1
|-unboost|p2a: Victini|def|1
|-unboost|p2a: Victini|spd|1
|
|upkeep
|turn|25
|
|t:|1660799605
|switch|p1a: Umbreon|Umbreon, F|61/100
|move|p2a: Victini|Bolt Strike|p1a: Umbreon
|-damage|p1a: Umbreon|36/100
|-status|p1a: Umbreon|par
|-activate|p1a: Umbreon|ability: Synchronize
|-status|p2a: Victini|par
|
|-heal|p1a: Umbreon|42/100 par|[from] item: Leftovers
|upkeep
|turn|26
|
|t:|1660799611
|move|p1a: Umbreon|Protect|p1a: Umbreon
|-singleturn|p1a: Umbreon|Protect
|cant|p2a: Victini|par
|
|-heal|p1a: Umbreon|48/100 par|[from] item: Leftovers
|upkeep
|turn|27
|
|t:|1660799616
|switch|p1a: Toxapex|Toxapex, F|75/100
|move|p2a: Victini|V-create|p1a: Toxapex
|-resisted|p1a: Toxapex
|-damage|p1a: Toxapex|53/100
|-unboost|p2a: Victini|spe|1
|-unboost|p2a: Victini|def|1
|-unboost|p2a: Victini|spd|1
|
|upkeep
|turn|28
|
|t:|1660799622
|move|p1a: Toxapex|Recover|p1a: Toxapex
|-heal|p1a: Toxapex|100/100
|cant|p2a: Victini|par
|
|upkeep
|turn|29
|
|t:|1660799628
|move|p1a: Toxapex|Knock Off|p2a: Victini
|-supereffective|p2a: Victini
|-damage|p2a: Victini|8/100 par
|move|p2a: Victini|U-turn|p1a: Toxapex
|-resisted|p1a: Toxapex
|-damage|p1a: Toxapex|94/100
|
|t:|1660799630
|switch|p2a: Tapu Lele|Tapu Lele|100/100|[from]move: U-turn
|-fieldstart|move: Psychic Terrain|[from] ability: Psychic Surge|[of] p2a: Tapu Lele
|
|upkeep
|turn|30
|
|t:|1660799638
|switch|p1a: Umbreon|Umbreon, F|48/100 par
|move|p2a: Tapu Lele|Psychic|p1a: Umbreon
|-immune|p1a: Umbreon
|
|-heal|p1a: Umbreon|55/100 par|[from] item: Leftovers
|upkeep
|turn|31
|
|t:|1660799645
|switch|p2a: Dragapult|Dragapult, M|100/100
|move|p1a: Umbreon|Heal Bell|p1a: Umbreon
|-activate|p1a: Umbreon|move: Heal Bell
|-curestatus|p1a: Umbreon|par|[msg]
|
|-heal|p1a: Umbreon|61/100|[from] item: Leftovers
|upkeep
|turn|32
|
|t:|1660799651
|move|p2a: Dragapult|Draco Meteor|p1a: Umbreon
|-damage|p1a: Umbreon|9/100
|-unboost|p2a: Dragapult|spa|2
|move|p1a: Umbreon|Foul Play|p2a: Dragapult
|-supereffective|p2a: Dragapult
|-damage|p2a: Dragapult|0 fnt
|faint|p2a: Dragapult
|
|-heal|p1a: Umbreon|15/100|[from] item: Leftovers
|upkeep
|
|t:|1660799659
|switch|p2a: Landorus|Landorus-Therian, M|100/100
|-ability|p2a: Landorus|Intimidate|boost
|-unboost|p1a: Umbreon|atk|1
|turn|33
|
|t:|1660799666
|switch|p1a: Tornadus|Tornadus-Therian, M|100/100
|move|p2a: Landorus|U-turn|p1a: Tornadus
|-resisted|p1a: Tornadus
|-damage|p1a: Tornadus|90/100
|
|t:|1660799673
|switch|p2a: Tapu Lele|Tapu Lele|100/100|[from]move: U-turn
|
|-fieldend|move: Psychic Terrain
|upkeep
|turn|34
|
|t:|1660799691
|switch|p1a: Umbreon|Umbreon, F|15/100
|move|p2a: Tapu Lele|Moonblast|p1a: Umbreon
|-supereffective|p1a: Umbreon
|-damage|p1a: Umbreon|0 fnt
|faint|p1a: Umbreon
|
|upkeep
|
|t:|1660799696
|switch|p1a: Aegislash|Aegislash, M|100/100
|turn|35
|
|t:|1660799703
|switch|p2a: Victini|Victini|8/100 par
|-formechange|p1a: Aegislash|Aegislash-Blade||[from] ability: Stance Change
|move|p1a: Aegislash|Shadow Ball|p2a: Victini
|-supereffective|p2a: Victini
|-damage|p2a: Victini|0 fnt
|faint|p2a: Victini
|
|upkeep
|
|t:|1660799707
|switch|p2a: Landorus|Landorus-Therian, M|100/100
|-ability|p2a: Landorus|Intimidate|boost
|-unboost|p1a: Aegislash|atk|1
|turn|36
|
|t:|1660799719
|switch|p1a: Tornadus|Tornadus-Therian, M|100/100
|move|p2a: Landorus|Earthquake|p1a: Tornadus
|-immune|p1a: Tornadus
|
|upkeep
|turn|37
|
|t:|1660799742
|switch|p1a: Aegislash|Aegislash, M|100/100
|move|p2a: Landorus|U-turn|p1a: Aegislash
|-resisted|p1a: Aegislash
|-damage|p1a: Aegislash|95/100
|
|t:|1660799755
|switch|p2a: Corviknight|Corviknight, F|100/100|[from]move: U-turn
|-ability|p2a: Corviknight|Pressure
|
|upkeep
|turn|38
|
|t:|1660799760
|-formechange|p1a: Aegislash|Aegislash-Blade||[from] ability: Stance Change
|move|p1a: Aegislash|Shadow Ball|p2a: Corviknight
|-damage|p2a: Corviknight|31/100
|move|p2a: Corviknight|U-turn|p1a: Aegislash
|-resisted|p1a: Aegislash
|-damage|p1a: Aegislash|87/100
|
|t:|1660799763
|switch|p2a: Landorus|Landorus-Therian, M|100/100|[from]move: U-turn
|-ability|p2a: Landorus|Intimidate|boost
|-unboost|p1a: Aegislash|atk|1
|
|upkeep
|turn|39
|
|t:|1660799772
|switch|p1a: Tornadus|Tornadus-Therian, M|100/100
|move|p2a: Landorus|U-turn|p1a: Tornadus
|-resisted|p1a: Tornadus
|-damage|p1a: Tornadus|89/100
|
|t:|1660799774
|switch|p2a: Tapu Lele|Tapu Lele|100/100|[from]move: U-turn
|-fieldstart|move: Psychic Terrain|[from] ability: Psychic Surge|[of] p2a: Tapu Lele
|
|upkeep
|turn|40
|inactive|A3720 has 120 seconds left.
|
|t:|1660799804
|switch|p1a: Toxapex|Toxapex, F|100/100
|move|p2a: Tapu Lele|Psychic|p1a: Toxapex
|-supereffective|p1a: Toxapex
|-crit|p1a: Toxapex
|-damage|p1a: Toxapex|0 fnt
|faint|p1a: Toxapex
|
|upkeep
|inactive|A3720 has 120 seconds left.
|
|t:|1660799813
|switch|p1a: Aegislash|Aegislash, M|87/100
|turn|41
|
|t:|1660799818
|switch|p2a: Corviknight|Corviknight, F|31/100
|-ability|p2a: Corviknight|Pressure
|-formechange|p1a: Aegislash|Aegislash-Blade||[from] ability: Stance Change
|move|p1a: Aegislash|Shadow Ball|p2a: Corviknight
|-damage|p2a: Corviknight|0 fnt
|faint|p2a: Corviknight
|
|upkeep
|
|t:|1660799829
|switch|p2a: Landorus|Landorus-Therian, M|100/100
|-ability|p2a: Landorus|Intimidate|boost
|-unboost|p1a: Aegislash|atk|1
|turn|42
|
|t:|1660799847
|switch|p1a: Tornadus|Tornadus-Therian, M|100/100
|move|p2a: Landorus|Earthquake|p1a: Tornadus
|-immune|p1a: Tornadus
|
|upkeep
|turn|43
|
|t:|1660799865
|move|p1a: Tornadus|Tailwind|p1a: Tornadus
|-sidestart|p1: A3720|move: Tailwind
|move|p2a: Landorus|Earthquake|p1a: Tornadus
|-immune|p1a: Tornadus
|
|-fieldend|move: Psychic Terrain
|upkeep
|turn|44
|inactive|A3720 has 120 seconds left.
|
|t:|1660799882
|switch|p1a: Tapu Lele|Tapu Lele|100/100
|-fieldstart|move: Psychic Terrain|[from] ability: Psychic Surge|[of] p1a: Tapu Lele
|move|p2a: Landorus|Earthquake|p1a: Tapu Lele
|-crit|p1a: Tapu Lele
|-damage|p1a: Tapu Lele|0 fnt
|faint|p1a: Tapu Lele
|
|upkeep
|inactive|A3720 has 120 seconds left.
|c|☆A3720|gg
|c|☆LT93OQ IcicleCrash|gg
|
|t:|1660799905
|switch|p1a: Aegislash|Aegislash, M|87/100
|turn|45
|
|t:|1660799908
|-formechange|p1a: Aegislash|Aegislash-Blade||[from] ability: Stance Change
|move|p1a: Aegislash|Steel Beam|p2a: Landorus
|-damage|p2a: Landorus|0 fnt
|-damage|p1a: Aegislash|37/100|[from] mindblown
|faint|p2a: Landorus
|
|upkeep
|
|t:|1660799916
|switch|p2a: Tapu Lele|Tapu Lele|100/100
|turn|46
|
|t:|1660799918
|move|p1a: Aegislash|Steel Beam|p2a: Tapu Lele
|-supereffective|p2a: Tapu Lele
|-damage|p2a: Tapu Lele|0 fnt
|-damage|p1a: Aegislash|0 fnt|[from] mindblown
|faint|p1a: Aegislash
|faint|p2a: Tapu Lele
|
|win|A3720
|raw|A3720's rating: 1613 &rarr; <strong>1635</strong><br />(+22 for winning)
|raw|LT93OQ IcicleCrash's rating: 1655 &rarr; <strong>1633</strong><br />(-22 for losing)
|l|☆LT93OQ IcicleCrash
