|j|☆Captain Chantilly
|j|☆Colonel Rivai
|t:|1650187252
|gametype|singles
|player|p1|Captain Chantilly|cynthia-gen4|1549
|player|p2|Colonel Rivai|265|1577
|teamsize|p1|6
|teamsize|p2|6
|gen|8
|tier|[Gen 8] OU
|rated|
|rule|Sleep Clause Mod: Limit one foe put to sleep
|rule|Species Clause: Limit one of each Pokémon
|rule|OHKO Clause: OHKO moves are banned
|rule|Evasion Moves Clause: Evasion moves are banned
|rule|Endless Battle Clause: Forcing endless battles is banned
|rule|HP Percentage Mod: HP is shown in percentages
|rule|Dynamax Clause: You cannot dynamax
|clearpoke
|poke|p1|Tyranitar, M|
|poke|p1|Excadrill, M|
|poke|p1|Reuniclus, F|
|poke|p1|Corviknight, F|
|poke|p1|Toxapex, M|
|poke|p1|Dragapult, M|
|poke|p2|Glastrier|
|poke|p2|Tapu Fini|
|poke|p2|Ferrothorn, M|
|poke|p2|Krookodile, F|
|poke|p2|Zapdos|
|poke|p2|Victini|
|teampreview
|inactive|Battle timer is ON: inactive players will automatically lose when time's up. (requested by Captain Chantilly)
|
|t:|1650187259
|start
|switch|p1a: Tyrat|Tyranitar, M|100/100
|switch|p2a: Panamera|Glastrier|100/100
|-weather|Sandstorm|[from] ability: Sand Stream|[of] p1a: Tyrat
|turn|1
|
|t:|1650187264
|switch|p1a: Prépandémie|Toxapex, M|100/100
|move|p2a: Panamera|High Horsepower|p1a: Prépandémie
|-supereffective|p1a: Prépandémie
|-damage|p1a: Prépandémie|27/100
|
|-weather|Sandstorm|[upkeep]
|-damage|p2a: Panamera|94/100|[from] Sandstorm
|-damage|p1a: Prépandémie|21/100|[from] Sandstorm
|-heal|p1a: Prépandémie|27/100|[from] item: Black Sludge
|upkeep
|turn|2
|
|t:|1650187269
|switch|p2a: Hellcat|Victini|100/100
|switch|p1a: Corgasme|Corviknight, F|100/100
|-ability|p1a: Corgasme|Pressure
|
|-weather|Sandstorm|[upkeep]
|-damage|p2a: Hellcat|94/100|[from] Sandstorm
|upkeep
|turn|3
|
|t:|1650187274
|switch|p1a: Reunion|Reuniclus, F|100/100
|move|p2a: Hellcat|U-turn|p1a: Reunion
|-supereffective|p1a: Reunion
|-damage|p1a: Reunion|72/100
|
|t:|1650187279
|switch|p2a: Charger|Krookodile, F|100/100|[from]move: U-turn
|
|-weather|Sandstorm|[upkeep]
|upkeep
|turn|4
|
|t:|1650187283
|move|p2a: Charger|Knock Off|p1a: Reunion
|-supereffective|p1a: Reunion
|-enditem|p1a: Reunion|Colbur Berry|[eat]
|-enditem|p1a: Reunion|Colbur Berry|[weaken]
|-damage|p1a: Reunion|42/100
|move|p1a: Reunion|Focus Blast|p2a: Charger
|-supereffective|p2a: Charger
|-damage|p2a: Charger|12/100
|
|-weather|Sandstorm|[upkeep]
|upkeep
|turn|5
|
|t:|1650187292
|move|p2a: Charger|Knock Off|p1a: Reunion
|-supereffective|p1a: Reunion
|-damage|p1a: Reunion|2/100
|move|p1a: Reunion|Recover|p1a: Reunion
|-heal|p1a: Reunion|52/100
|
|-weather|none
|upkeep
|turn|6
|
|t:|1650187295
|switch|p2a: Hellcat|Victini|94/100
|move|p1a: Reunion|Recover|p1a: Reunion
|-heal|p1a: Reunion|100/100
|
|upkeep
|turn|7
|
|t:|1650187300
|move|p2a: Hellcat|Encore|p1a: Reunion
|-start|p1a: Reunion|Encore
|move|p1a: Reunion|Recover||[still]
|-fail|p1a: Reunion|heal
|
|upkeep
|turn|8
|
|t:|1650187303
|switch|p1a: Lance Sans Rien|Dragapult, M|100/100
|move|p2a: Hellcat|U-turn|p1a: Lance Sans Rien
|-resisted|p1a: Lance Sans Rien
|-damage|p1a: Lance Sans Rien|87/100
|
|t:|1650187308
|switch|p2a: Charger|Krookodile, F|12/100|[from]move: U-turn
|
|upkeep
|turn|9
|
|t:|1650187313
|switch|p1a: Reunion|Reuniclus, F|100/100
|move|p2a: Charger|Knock Off|p1a: Reunion
|-supereffective|p1a: Reunion
|-damage|p1a: Reunion|55/100
|
|upkeep
|turn|10
|
|t:|1650187317
|switch|p2a: Panamera|Glastrier|94/100
|move|p1a: Reunion|Recover|p1a: Reunion
|-heal|p1a: Reunion|100/100
|
|upkeep
|turn|11
|
|t:|1650187321
|move|p2a: Panamera|Icicle Crash|p1a: Reunion
|-damage|p1a: Reunion|47/100
|move|p1a: Reunion|Focus Blast|p2a: Panamera
|-supereffective|p2a: Panamera
|-damage|p2a: Panamera|33/100
|-unboost|p2a: Panamera|spd|1
|
|upkeep
|turn|12
|
|t:|1650187329
|switch|p2a: Charger|Krookodile, F|12/100
|switch|p1a: Corgasme|Corviknight, F|100/100
|-ability|p1a: Corgasme|Pressure
|
|upkeep
|turn|13
|
|t:|1650187333
|switch|p2a: F-150|Ferrothorn, M|100/100
|move|p1a: Corgasme|U-turn|p2a: F-150
|-damage|p2a: F-150|91/100
|-damage|p1a: Corgasme|88/100|[from] ability: Iron Barbs|[of] p2a: F-150
|-damage|p1a: Corgasme|72/100|[from] item: Rocky Helmet|[of] p2a: F-150
|
|t:|1650187337
|switch|p1a: Reunion|Reuniclus, F|47/100|[from]move: U-turn
|
|upkeep
|turn|14
|
|t:|1650187341
|move|p1a: Reunion|Recover|p1a: Reunion
|-heal|p1a: Reunion|97/100
|move|p2a: F-150|Spikes|p1a: Reunion
|-sidestart|p1: Captain Chantilly|Spikes
|
|upkeep
|turn|15
|
|t:|1650187345
|switch|p2a: Hellcat|Victini|94/100
|move|p1a: Reunion|Calm Mind|p1a: Reunion
|-boost|p1a: Reunion|spa|1
|-boost|p1a: Reunion|spd|1
|
|upkeep
|turn|16
|j| Gun at j were
|
|t:|1650187350
|switch|p1a: Lance Sans Rien|Dragapult, M|87/100
|-damage|p1a: Lance Sans Rien|75/100|[from] Spikes
|move|p2a: Hellcat|U-turn|p1a: Lance Sans Rien
|-resisted|p1a: Lance Sans Rien
|-damage|p1a: Lance Sans Rien|61/100
|
|t:|1650187353
|switch|p2a: Charger|Krookodile, F|12/100|[from]move: U-turn
|
|upkeep
|turn|17
|
|t:|1650187356
|switch|p1a: Corgasme|Corviknight, F|72/100
|-ability|p1a: Corgasme|Pressure
|move|p2a: Charger|Knock Off|p1a: Corgasme
|-damage|p1a: Corgasme|44/100
|-enditem|p1a: Corgasme|Leftovers|[from] move: Knock Off|[of] p2a: Charger
|
|upkeep
|turn|18
|
|t:|1650187365
|switch|p2a: Hellcat|Victini|94/100
|move|p1a: Corgasme|Roost|p1a: Corgasme
|-heal|p1a: Corgasme|94/100
|-singleturn|p1a: Corgasme|move: Roost
|
|upkeep
|turn|19
|
|t:|1650187368
|switch|p1a: Prépandémie|Toxapex, M|60/100
|-damage|p1a: Prépandémie|48/100|[from] Spikes
|move|p2a: Hellcat|Bolt Strike|p1a: Prépandémie
|-supereffective|p1a: Prépandémie
|-damage|p1a: Prépandémie|0 fnt
|faint|p1a: Prépandémie
|
|upkeep
|
|t:|1650187372
|switch|p1a: Lance Sans Rien|Dragapult, M|61/100
|-damage|p1a: Lance Sans Rien|48/100|[from] Spikes
|turn|20
|
|t:|1650187376
|switch|p2a: F-150|Ferrothorn, M|91/100
|move|p1a: Lance Sans Rien|Shadow Ball|p2a: F-150
|-damage|p2a: F-150|43/100
|
|upkeep
|turn|21
|
|t:|1650187382
|switch|p2a: Shelby|Tapu Fini|100/100
|-fieldstart|move: Misty Terrain|[from] ability: Misty Surge|[of] p2a: Shelby
|move|p1a: Lance Sans Rien|Shadow Ball|p2a: Shelby
|-damage|p2a: Shelby|63/100
|
|-heal|p2a: Shelby|69/100|[from] item: Leftovers
|upkeep
|turn|22
|
|t:|1650187395
|move|p1a: Lance Sans Rien|Shadow Ball|p2a: Shelby
|-damage|p2a: Shelby|27/100
|move|p2a: Shelby|Draining Kiss|p1a: Lance Sans Rien
|-supereffective|p1a: Lance Sans Rien
|-damage|p1a: Lance Sans Rien|7/100
|-heal|p2a: Shelby|56/100|[from] drain|[of] p1a: Lance Sans Rien
|
|-heal|p2a: Shelby|62/100|[from] item: Leftovers
|upkeep
|turn|23
|
|t:|1650187399
|move|p1a: Lance Sans Rien|Shadow Ball|p2a: Shelby
|-damage|p2a: Shelby|19/100
|move|p2a: Shelby|Draining Kiss|p1a: Lance Sans Rien
|-supereffective|p1a: Lance Sans Rien
|-damage|p1a: Lance Sans Rien|0 fnt
|-heal|p2a: Shelby|24/100|[from] drain|[of] p1a: Lance Sans Rien
|faint|p1a: Lance Sans Rien
|
|-heal|p2a: Shelby|30/100|[from] item: Leftovers
|upkeep
|
|t:|1650187402
|switch|p1a: Excarton|Excadrill, M|100/100
|-damage|p1a: Excarton|88/100|[from] Spikes
|turn|24
|
|t:|1650187407
|move|p1a: Excarton|Rapid Spin|p2a: Shelby
|-damage|p2a: Shelby|18/100
|-boost|p1a: Excarton|spe|1
|-sideend|p1: Captain Chantilly|Spikes|[from] move: Rapid Spin|[of] p1a: Excarton
|move|p2a: Shelby|Scald|p1a: Excarton
|-supereffective|p1a: Excarton
|-damage|p1a: Excarton|13/100
|
|-heal|p1a: Excarton|19/100|[from] item: Leftovers
|-heal|p2a: Shelby|24/100|[from] item: Leftovers
|upkeep
|turn|25
|
|t:|1650187412
|switch|p2a: Tesla|Zapdos|100/100
|move|p1a: Excarton|Earthquake|p2a: Tesla
|-immune|p2a: Tesla
|
|-heal|p1a: Excarton|25/100|[from] item: Leftovers
|-fieldend|Misty Terrain
|upkeep
|turn|26
|
|t:|1650187415
|switch|p1a: Tyrat|Tyranitar, M|100/100
|-weather|Sandstorm|[from] ability: Sand Stream|[of] p1a: Tyrat
|switch|p2a: F-150|Ferrothorn, M|43/100
|
|-weather|Sandstorm|[upkeep]
|upkeep
|turn|27
|
|t:|1650187423
|switch|p1a: Reunion|Reuniclus, F|97/100
|move|p2a: F-150|Body Press|p1a: Reunion
|-resisted|p1a: Reunion
|-damage|p1a: Reunion|86/100
|
|-weather|Sandstorm|[upkeep]
|upkeep
|turn|28
|
|t:|1650187430
|move|p1a: Reunion|Focus Blast|p2a: F-150
|-supereffective|p2a: F-150
|-damage|p2a: F-150|0 fnt
|faint|p2a: F-150
|
|-weather|Sandstorm|[upkeep]
|upkeep
|
|t:|1650187434
|switch|p2a: Panamera|Glastrier|33/100
|turn|29
|
|t:|1650187436
|move|p2a: Panamera|Megahorn|p1a: Reunion
|-supereffective|p1a: Reunion
|-damage|p1a: Reunion|0 fnt
|faint|p1a: Reunion
|-ability|p2a: Panamera|Chilling Neigh|boost
|-boost|p2a: Panamera|atk|1
|
|-weather|Sandstorm|[upkeep]
|-damage|p2a: Panamera|27/100|[from] Sandstorm
|upkeep
|
|t:|1650187441
|switch|p1a: Excarton|Excadrill, M|25/100
|turn|30
|
|t:|1650187444
|move|p1a: Excarton|Swords Dance|p1a: Excarton
|-boost|p1a: Excarton|atk|2
|move|p2a: Panamera|Megahorn|p1a: Excarton
|-resisted|p1a: Excarton
|-damage|p1a: Excarton|0 fnt
|faint|p1a: Excarton
|-ability|p2a: Panamera|Chilling Neigh|boost
|-boost|p2a: Panamera|atk|1
|
|-weather|none
|upkeep
|-message|Captain Chantilly forfeited.
|
|win|Colonel Rivai
|raw|Captain Chantilly's rating: 1549 &rarr; <strong>1531</strong><br />(-18 for losing)
|raw|Colonel Rivai's rating: 1577 &rarr; <strong>1595</strong><br />(+18 for winning)
|l|☆Captain Chantilly
