|j|☆GGeorgie
|j|☆Yy622100
|t:|1667698478
|gametype|singles
|player|p1|GGeorgie|hiker-gen2|1513
|player|p2|Yy622100|266|1547
|teamsize|p1|6
|teamsize|p2|6
|gen|8
|tier|[Gen 8] OU
|rated|
|rule|Sleep Clause Mod: Limit one foe put to sleep
|rule|Species Clause: Limit one of each Pokémon
|rule|OHKO Clause: OHKO moves are banned
|rule|Evasion Items Clause: Evasion items are banned
|rule|Evasion Moves Clause: Evasion moves are banned
|rule|Endless Battle Clause: Forcing endless battles is banned
|rule|HP Percentage Mod: HP is shown in percentages
|rule|Dynamax Clause: You cannot dynamax
|clearpoke
|poke|p1|Excadrill, F|
|poke|p1|Tyranitar, M|
|poke|p1|Landorus-Therian, M|
|poke|p1|Moltres|
|poke|p1|Scizor, F|
|poke|p1|Amoonguss, M|
|poke|p2|Pelipper, F|
|poke|p2|Barraskewda, M|
|poke|p2|Zapdos|
|poke|p2|Ferrothorn, M|
|poke|p2|Kartana|
|poke|p2|Landorus-Therian, M|
|teampreview
|j| SKIP THE DRIP
|j| IExistYouDont
|l| IExistYouDont
|
|t:|1667698492
|start
|switch|p1a: Moltres|Moltres|100/100
|switch|p2a: Landorus|Landorus-Therian, M|100/100
|-ability|p1a: Moltres|Pressure
|-ability|p2a: Landorus|Intimidate|boost
|-unboost|p1a: Moltres|atk|1
|turn|1
|j| sufys12
|
|t:|1667698500
|move|p1a: Moltres|Substitute|p1a: Moltres
|-start|p1a: Moltres|Substitute
|-damage|p1a: Moltres|76/100
|move|p2a: Landorus|Knock Off|p1a: Moltres
|-end|p1a: Moltres|Substitute
|
|upkeep
|turn|2
|j| Youtalkin
|
|t:|1667698509
|move|p1a: Moltres|Roost|p1a: Moltres
|-heal|p1a: Moltres|100/100
|-singleturn|p1a: Moltres|move: Roost
|move|p2a: Landorus|Knock Off|p1a: Moltres
|-damage|p1a: Moltres|66/100
|-enditem|p1a: Moltres|Heavy-Duty Boots|[from] move: Knock Off|[of] p2a: Landorus
|
|upkeep
|turn|3
|
|t:|1667698515
|move|p1a: Moltres|Flamethrower|p2a: Landorus
|-damage|p2a: Landorus|67/100
|move|p2a: Landorus|Stealth Rock|p1a: Moltres
|-sidestart|p1: GGeorgie|move: Stealth Rock
|
|-heal|p2a: Landorus|73/100|[from] item: Leftovers
|upkeep
|turn|4
|
|t:|1667698522
|move|p1a: Moltres|Flamethrower|p2a: Landorus
|-damage|p2a: Landorus|39/100
|move|p2a: Landorus|Earthquake|p1a: Moltres
|-immune|p1a: Moltres
|
|-heal|p2a: Landorus|45/100|[from] item: Leftovers
|upkeep
|turn|5
|c| SKIP THE DRIP|okay
|
|t:|1667698527
|switch|p2a: Pelipper|Pelipper, F|100/100
|-weather|RainDance|[from] ability: Drizzle|[of] p2a: Pelipper
|move|p1a: Moltres|Flamethrower|p2a: Pelipper
|-resisted|p2a: Pelipper
|-damage|p2a: Pelipper|81/100
|
|-weather|RainDance|[upkeep]
|upkeep
|turn|6
|j| IExistYouDont
|c| SKIP THE DRIP|molt is lowkey
|j| d18l
|c| SKIP THE DRIP|good
|l| IExistYouDont
|
|t:|1667698538
|move|p1a: Moltres|Hurricane|p2a: Pelipper
|-damage|p2a: Pelipper|0 fnt
|faint|p2a: Pelipper
|
|-weather|RainDance|[upkeep]
|upkeep
|c|☆GGeorgie|that's what I've been saying
|l| d18l
|j| champhotline
|
|t:|1667698546
|switch|p2a: Zapdos|Zapdos|100/100
|turn|7
|
|t:|1667698551
|switch|p1a: Tyranitar|Tyranitar, M|100/100
|-damage|p1a: Tyranitar|88/100|[from] Stealth Rock
|-weather|Sandstorm|[from] ability: Sand Stream|[of] p1a: Tyranitar
|move|p2a: Zapdos|Thunder|p1a: Tyranitar
|-damage|p1a: Tyranitar|49/100
|-status|p1a: Tyranitar|par
|
|-weather|Sandstorm|[upkeep]
|-damage|p2a: Zapdos|94/100|[from] Sandstorm
|upkeep
|turn|8
|j| Jongruenwald
|c| SKIP THE DRIP|ur a bad set tho
|
|t:|1667698561
|switch|p1a: Excadrill|Excadrill, F|100/100
|-damage|p1a: Excadrill|97/100|[from] Stealth Rock
|move|p2a: Zapdos|Volt Switch|p1a: Excadrill
|-immune|p1a: Excadrill
|
|-weather|Sandstorm|[upkeep]
|-damage|p2a: Zapdos|88/100|[from] Sandstorm
|upkeep
|turn|9
|
|t:|1667698565
|switch|p2a: Landorus|Landorus-Therian, M|45/100
|-ability|p2a: Landorus|Intimidate|boost
|-unboost|p1a: Excadrill|atk|1
|move|p1a: Excadrill|Swords Dance|p1a: Excadrill
|-boost|p1a: Excadrill|atk|2
|
|-weather|Sandstorm|[upkeep]
|-heal|p2a: Landorus|51/100|[from] item: Leftovers
|upkeep
|turn|10
|
|t:|1667698572
|move|p1a: Excadrill|Iron Head|p2a: Landorus
|-damage|p2a: Landorus|0 fnt
|faint|p2a: Landorus
|-damage|p1a: Excadrill|87/100|[from] item: Life Orb
|
|-weather|Sandstorm|[upkeep]
|upkeep
|
|t:|1667698574
|switch|p2a: Ferrothorn|Ferrothorn, M|100/100
|turn|11
|
|t:|1667698577
|move|p1a: Excadrill|Earthquake|p2a: Ferrothorn
|-damage|p2a: Ferrothorn|10/100
|-damage|p1a: Excadrill|78/100|[from] item: Life Orb
|move|p2a: Ferrothorn|Body Press|p1a: Excadrill
|-supereffective|p1a: Excadrill
|-damage|p1a: Excadrill|0 fnt
|faint|p1a: Excadrill
|
|-weather|none
|-heal|p2a: Ferrothorn|16/100|[from] item: Leftovers
|upkeep
|c| SKIP THE DRIP|did
|c| SKIP THE DRIP|u forget
|c| SKIP THE DRIP|to spin
|c|☆GGeorgie|how can I run sand force and do 90%
|c|☆GGeorgie|wtf
|
|t:|1667698600
|switch|p1a: Landorus|Landorus-Therian, M|100/100
|-damage|p1a: Landorus|88/100|[from] Stealth Rock
|-ability|p1a: Landorus|Intimidate|boost
|-unboost|p2a: Ferrothorn|atk|1
|turn|12
|
|t:|1667698606
|switch|p2a: Zapdos|Zapdos|88/100
|move|p1a: Landorus|Stone Edge|p2a: Zapdos
|-supereffective|p2a: Zapdos
|-damage|p2a: Zapdos|0 fnt
|faint|p2a: Zapdos
|
|upkeep
|
|t:|1667698612
|switch|p2a: Barraskewda|Barraskewda, M|100/100
|turn|13
|
|t:|1667698620
|switch|p1a: Tyranitar|Tyranitar, M|49/100 par
|-damage|p1a: Tyranitar|37/100 par|[from] Stealth Rock
|-weather|Sandstorm|[from] ability: Sand Stream|[of] p1a: Tyranitar
|move|p2a: Barraskewda|Psychic Fangs|p1a: Tyranitar
|-immune|p1a: Tyranitar
|
|-weather|Sandstorm|[upkeep]
|-damage|p2a: Barraskewda|94/100|[from] Sandstorm
|upkeep
|turn|14
|j| bai sha jaws
|
|t:|1667698624
|switch|p2a: Ferrothorn|Ferrothorn, M|16/100
|move|p1a: Tyranitar|Stealth Rock|p2a: Ferrothorn
|-sidestart|p2: Yy622100|move: Stealth Rock
|
|-weather|Sandstorm|[upkeep]
|-heal|p2a: Ferrothorn|22/100|[from] item: Leftovers
|upkeep
|turn|15
|
|t:|1667698633
|move|p1a: Tyranitar|Earthquake|p2a: Ferrothorn
|-damage|p2a: Ferrothorn|2/100
|move|p2a: Ferrothorn|Leech Seed|p1a: Tyranitar
|-start|p1a: Tyranitar|move: Leech Seed
|
|-weather|Sandstorm|[upkeep]
|-heal|p2a: Ferrothorn|8/100|[from] item: Leftovers
|-damage|p1a: Tyranitar|25/100 par|[from] Leech Seed|[of] p2a: Ferrothorn
|-heal|p2a: Ferrothorn|20/100|[silent]
|upkeep
|turn|16
|
|t:|1667698646
|switch|p2a: Kartana|Kartana|100/100
|-damage|p2a: Kartana|94/100|[from] Stealth Rock
|move|p1a: Tyranitar|Earthquake|p2a: Kartana
|-damage|p2a: Kartana|58/100
|
|-weather|Sandstorm|[upkeep]
|-damage|p1a: Tyranitar|12/100 par|[from] Leech Seed|[of] p2a: Kartana
|-heal|p2a: Kartana|75/100|[silent]
|upkeep
|turn|17
|
|t:|1667698669
|move|p2a: Kartana|Knock Off|p1a: Tyranitar
|-resisted|p1a: Tyranitar
|-damage|p1a: Tyranitar|0 fnt
|-enditem|p1a: Tyranitar|Hard Stone|[from] move: Knock Off|[of] p2a: Kartana
|faint|p1a: Tyranitar
|-ability|p2a: Kartana|Beast Boost|boost
|-boost|p2a: Kartana|atk|1
|
|-weather|none
|upkeep
|
|t:|1667698673
|switch|p1a: Amoonguss|Amoonguss, M|100/100
|-damage|p1a: Amoonguss|88/100|[from] Stealth Rock
|turn|18
|
|t:|1667698678
|switch|p2a: Ferrothorn|Ferrothorn, M|20/100
|-damage|p2a: Ferrothorn|14/100|[from] Stealth Rock
|move|p1a: Amoonguss|Foul Play|p2a: Ferrothorn
|-damage|p2a: Ferrothorn|2/100
|-damage|p1a: Amoonguss|75/100|[from] ability: Iron Barbs|[of] p2a: Ferrothorn
|
|-heal|p2a: Ferrothorn|8/100|[from] item: Leftovers
|upkeep
|turn|19
|j| Melmetaltime
|l| sufys12
|
|t:|1667698687
|move|p1a: Amoonguss|Foul Play|p2a: Ferrothorn
|-damage|p2a: Ferrothorn|0 fnt
|-damage|p1a: Amoonguss|63/100|[from] ability: Iron Barbs|[of] p2a: Ferrothorn
|faint|p2a: Ferrothorn
|
|upkeep
|j| LeeJec
|
|t:|1667698689
|switch|p2a: Barraskewda|Barraskewda, M|94/100
|-damage|p2a: Barraskewda|82/100|[from] Stealth Rock
|turn|20
|c| Melmetaltime|okay
|c| Melmetaltime|rain
|
|t:|1667698695
|switch|p1a: Scizor|Scizor, F|100/100
|-damage|p1a: Scizor|88/100|[from] Stealth Rock
|move|p2a: Barraskewda|Flip Turn|p1a: Scizor
|-damage|p1a: Scizor|27/100
|
|t:|1667698700
|switch|p2a: Kartana|Kartana|75/100|[from]move: Flip Turn
|-damage|p2a: Kartana|68/100|[from] Stealth Rock
|
|upkeep
|turn|21
|
|t:|1667698703
|move|p1a: Scizor|Bullet Punch|p2a: Kartana
|-resisted|p2a: Kartana
|-damage|p2a: Kartana|45/100
|-damage|p1a: Scizor|17/100|[from] item: Life Orb
|move|p2a: Kartana|Knock Off|p1a: Scizor
|-damage|p1a: Scizor|0 fnt
|-enditem|p1a: Scizor|Life Orb|[from] move: Knock Off|[of] p2a: Kartana
|faint|p1a: Scizor
|-ability|p2a: Kartana|Beast Boost|boost
|-boost|p2a: Kartana|atk|1
|
|upkeep
|
|t:|1667698705
|switch|p1a: Amoonguss|Amoonguss, M|96/100
|-damage|p1a: Amoonguss|84/100|[from] Stealth Rock
|turn|22
|
|t:|1667698711
|move|p2a: Kartana|Knock Off|p1a: Amoonguss
|-damage|p1a: Amoonguss|31/100
|-damage|p2a: Kartana|28/100|[from] item: Rocky Helmet|[of] p1a: Amoonguss
|-enditem|p1a: Amoonguss|Rocky Helmet|[from] move: Knock Off|[of] p2a: Kartana
|move|p1a: Amoonguss|Foul Play|p2a: Kartana
|-damage|p2a: Kartana|0 fnt
|faint|p2a: Kartana
|
|upkeep
|
|t:|1667698717
|switch|p2a: Barraskewda|Barraskewda, M|82/100
|-damage|p2a: Barraskewda|70/100|[from] Stealth Rock
|turn|23
|
|t:|1667698724
|switch|p1a: Moltres|Moltres|66/100
|-damage|p1a: Moltres|16/100|[from] Stealth Rock
|-ability|p1a: Moltres|Pressure
|move|p2a: Barraskewda|Liquidation|p1a: Moltres
|-supereffective|p1a: Moltres
|-damage|p1a: Moltres|0 fnt
|faint|p1a: Moltres
|
|upkeep
|
|t:|1667698726
|switch|p1a: Landorus|Landorus-Therian, M|88/100
|-damage|p1a: Landorus|76/100|[from] Stealth Rock
|-ability|p1a: Landorus|Intimidate|boost
|-unboost|p2a: Barraskewda|atk|1
|turn|24
|
|t:|1667698728
|move|p1a: Landorus|Earthquake|p2a: Barraskewda
|-damage|p2a: Barraskewda|0 fnt
|faint|p2a: Barraskewda
|
|win|GGeorgie
|raw|GGeorgie's rating: 1513 &rarr; <strong>1535</strong><br />(+22 for winning)
|raw|Yy622100's rating: 1547 &rarr; <strong>1525</strong><br />(-22 for losing)
|c|☆GGeorgie|gg
