|j|☆gaenisalbino
|j|☆Maitredouard2
|t:|1645361959
|gametype|singles
|player|p1|gaenisalbino|blue|1529
|player|p2|Maitredouard2|170|1624
|teamsize|p1|6
|teamsize|p2|6
|gen|8
|tier|[Gen 8] OU
|rated|
|rule|Sleep Clause Mod: Limit one foe put to sleep
|rule|Species Clause: Limit one of each Pokémon
|rule|OHKO Clause: OHKO moves are banned
|rule|Evasion Moves Clause: Evasion moves are banned
|rule|Endless Battle Clause: Forcing endless battles is banned
|rule|HP Percentage Mod: HP is shown in percentages
|rule|Dynamax Clause: You cannot dynamax
|clearpoke
|poke|p1|Tapu Koko|
|poke|p1|Heatran, M|
|poke|p1|Weavile, M|
|poke|p1|Landorus-Therian, M|
|poke|p1|Tornadus-Therian, M|
|poke|p1|Slowbro, L99, M|
|poke|p2|Mandibuzz, F|
|poke|p2|Landorus-Therian, M|
|poke|p2|Blissey, F|
|poke|p2|Heatran, M|
|poke|p2|Toxapex, F|
|poke|p2|Tapu Lele|
|teampreview
|
|t:|1645361979
|start
|switch|p1a: Weavile|Weavile, M|100/100
|switch|p2a: Landorus|Landorus-Therian, M|100/100
|-ability|p2a: Landorus|Intimidate|boost
|-unboost|p1a: Weavile|atk|1
|-ability|p1a: Weavile|Pressure
|turn|1
|inactive|Battle timer is ON: inactive players will automatically lose when time's up. (requested by Maitredouard2)
|
|t:|1645362004
|move|p2a: Landorus|U-turn|p1a: Weavile
|-supereffective|p1a: Weavile
|-damage|p1a: Weavile|9/100
|
|t:|1645362007
|switch|p2a: Toxapex|Toxapex, F|100/100|[from]move: U-turn
|move|p1a: Weavile|Knock Off|p2a: Toxapex
|-damage|p2a: Toxapex|80/100
|-damage|p1a: Weavile|0 fnt|[from] item: Rocky Helmet|[of] p2a: Toxapex
|faint|p1a: Weavile
|
|upkeep
|
|t:|1645362012
|switch|p1a: Tapu Koko|Tapu Koko|100/100
|-fieldstart|move: Electric Terrain|[from] ability: Electric Surge|[of] p1a: Tapu Koko
|turn|2
|
|t:|1645362021
|switch|p2a: Landorus|Landorus-Therian, M|100/100
|-ability|p2a: Landorus|Intimidate|boost
|-unboost|p1a: Tapu Koko|atk|1
|move|p1a: Tapu Koko|Volt Switch|p2a: Landorus
|-immune|p2a: Landorus
|
|upkeep
|turn|3
|
|t:|1645362030
|switch|p1a: Landorus|Landorus-Therian, M|100/100
|-ability|p1a: Landorus|Intimidate|boost
|-unboost|p2a: Landorus|atk|1
|move|p2a: Landorus|Stone Edge|p1a: Landorus
|-damage|p1a: Landorus|77/100
|
|upkeep
|turn|4
|
|t:|1645362039
|switch|p2a: Toxapex|Toxapex, F|100/100
|move|p1a: Landorus|Toxic|p2a: Toxapex
|-immune|p2a: Toxapex
|
|upkeep
|turn|5
|
|t:|1645362045
|move|p1a: Landorus|Earthquake|p2a: Toxapex
|-supereffective|p2a: Toxapex
|-damage|p2a: Toxapex|39/100
|move|p2a: Toxapex|Toxic|p1a: Landorus
|-status|p1a: Landorus|tox
|
|-damage|p1a: Landorus|71/100 tox|[from] psn
|upkeep
|turn|6
|
|t:|1645362053
|switch|p2a: Heatran|Heatran, M|100/100
|-item|p2a: Heatran|Air Balloon
|move|p1a: Landorus|Toxic|p2a: Heatran
|-immune|p2a: Heatran
|
|-damage|p1a: Landorus|59/100 tox|[from] psn
|-fieldend|move: Electric Terrain
|upkeep
|turn|7
|
|t:|1645362064
|switch|p2a: Toxapex|Toxapex, F|72/100
|move|p1a: Landorus|U-turn|p2a: Toxapex
|-resisted|p2a: Toxapex
|-damage|p2a: Toxapex|66/100
|-damage|p1a: Landorus|42/100 tox|[from] item: Rocky Helmet|[of] p2a: Toxapex
|
|t:|1645362071
|switch|p1a: Tapu Koko|Tapu Koko|100/100|[from]move: U-turn
|-fieldstart|move: Electric Terrain|[from] ability: Electric Surge|[of] p1a: Tapu Koko
|
|upkeep
|turn|8
|
|t:|1645362077
|switch|p2a: Landorus|Landorus-Therian, M|100/100
|-ability|p2a: Landorus|Intimidate|boost
|-unboost|p1a: Tapu Koko|atk|1
|move|p1a: Tapu Koko|Dazzling Gleam|p2a: Landorus
|-damage|p2a: Landorus|53/100
|
|upkeep
|turn|9
|
|t:|1645362085
|switch|p1a: Slowbro|Slowbro, L99, M|100/100
|move|p2a: Landorus|Stone Edge|p1a: Slowbro|[miss]
|-miss|p2a: Landorus|p1a: Slowbro
|
|upkeep
|turn|10
|
|t:|1645362091
|switch|p2a: Tapu Lele|Tapu Lele|100/100
|-fieldstart|move: Psychic Terrain|[from] ability: Psychic Surge|[of] p2a: Tapu Lele
|move|p1a: Slowbro|Teleport|p1a: Slowbro
|
|t:|1645362096
|switch|p1a: Tornadus|Tornadus-Therian, M|100/100|[from]move: Teleport
|
|upkeep
|turn|11
|
|t:|1645362100
|move|p1a: Tornadus|Knock Off|p2a: Tapu Lele
|-damage|p2a: Tapu Lele|71/100
|-enditem|p2a: Tapu Lele|Choice Specs|[from] move: Knock Off|[of] p1a: Tornadus
|move|p2a: Tapu Lele|Focus Blast|p1a: Tornadus
|-resisted|p1a: Tornadus
|-damage|p1a: Tornadus|87/100
|
|upkeep
|turn|12
|
|t:|1645362109
|move|p1a: Tornadus|Hurricane|p2a: Tapu Lele
|-damage|p2a: Tapu Lele|30/100
|move|p2a: Tapu Lele|Psyshock|p1a: Tornadus
|-damage|p1a: Tornadus|35/100
|
|upkeep
|turn|13
|
|t:|1645362116
|move|p1a: Tornadus|U-turn|p2a: Tapu Lele
|-damage|p2a: Tapu Lele|7/100
|
|t:|1645362120
|switch|p1a: Slowbro|Slowbro, L99, M|100/100|[from]move: U-turn
|move|p2a: Tapu Lele|Focus Blast|p1a: Slowbro
|-resisted|p1a: Slowbro
|-damage|p1a: Slowbro|77/100
|
|upkeep
|turn|14
|
|t:|1645362128
|move|p2a: Tapu Lele|Shadow Ball|p1a: Slowbro
|-supereffective|p1a: Slowbro
|-damage|p1a: Slowbro|17/100
|-unboost|p1a: Slowbro|spd|1
|move|p1a: Slowbro|Ice Beam|p2a: Tapu Lele
|-damage|p2a: Tapu Lele|0 fnt
|faint|p2a: Tapu Lele
|
|-fieldend|move: Psychic Terrain
|upkeep
|
|t:|1645362138
|switch|p2a: Heatran|Heatran, M|100/100
|-item|p2a: Heatran|Air Balloon
|turn|15
|c|☆gaenisalbino|Tbolt is better as it hits corv
|
|t:|1645362150
|switch|p1a: Landorus|Landorus-Therian, M|42/100 tox
|-ability|p1a: Landorus|Intimidate|boost
|-unboost|p2a: Heatran|atk|1
|move|p2a: Heatran|Magma Storm|p1a: Landorus
|-damage|p1a: Landorus|0 fnt
|faint|p1a: Landorus
|
|upkeep
|
|t:|1645362173
|switch|p1a: Tornadus|Tornadus-Therian, M|68/100
|turn|16
|
|t:|1645362177
|move|p1a: Tornadus|U-turn|p2a: Heatran
|-resisted|p2a: Heatran
|-damage|p2a: Heatran|98/100
|-enditem|p2a: Heatran|Air Balloon
|
|t:|1645362179
|switch|p1a: Heatran|Heatran, M|100/100|[from]move: U-turn
|-item|p1a: Heatran|Air Balloon
|move|p2a: Heatran|Earth Power|p1a: Heatran
|-immune|p1a: Heatran
|
|upkeep
|turn|17
|
|t:|1645362188
|switch|p2a: Blissey|Blissey, F|100/100
|move|p1a: Heatran|Magma Storm|p2a: Blissey|[miss]
|-miss|p1a: Heatran|p2a: Blissey
|
|upkeep
|turn|18
|
|t:|1645362213
|switch|p1a: Tornadus|Tornadus-Therian, M|100/100
|move|p2a: Blissey|Seismic Toss|p1a: Tornadus
|-damage|p1a: Tornadus|73/100
|
|upkeep
|turn|19
|
|t:|1645362224
|move|p1a: Tornadus|U-turn|p2a: Blissey
|-damage|p2a: Blissey|87/100
|
|t:|1645362227
|switch|p1a: Slowbro|Slowbro, L99, M|50/100|[from]move: U-turn
|move|p2a: Blissey|Toxic|p1a: Slowbro
|-status|p1a: Slowbro|tox
|
|-damage|p1a: Slowbro|44/100 tox|[from] psn
|upkeep
|turn|20
|
|t:|1645362237
|move|p1a: Slowbro|Slack Off|p1a: Slowbro
|-heal|p1a: Slowbro|94/100 tox
|move|p2a: Blissey|Teleport|p2a: Blissey
|
|t:|1645362241
|switch|p2a: Landorus|Landorus-Therian, M|53/100|[from]move: Teleport
|-ability|p2a: Landorus|Intimidate|boost
|-unboost|p1a: Slowbro|atk|1
|
|-damage|p1a: Slowbro|82/100 tox|[from] psn
|upkeep
|turn|21
|
|t:|1645362250
|move|p2a: Landorus|U-turn|p1a: Slowbro
|-supereffective|p1a: Slowbro
|-damage|p1a: Slowbro|47/100 tox
|
|t:|1645362253
|switch|p2a: Mandibuzz|Mandibuzz, F|100/100|[from]move: U-turn
|move|p1a: Slowbro|Teleport|p1a: Slowbro
|
|t:|1645362258
|switch|p1a: Tapu Koko|Tapu Koko|100/100|[from]move: Teleport
|-fieldstart|move: Electric Terrain|[from] ability: Electric Surge|[of] p1a: Tapu Koko
|
|upkeep
|turn|22
|
|t:|1645362264
|move|p1a: Tapu Koko|Volt Switch|p2a: Mandibuzz
|-supereffective|p2a: Mandibuzz
|-damage|p2a: Mandibuzz|49/100
|
|t:|1645362267
|switch|p1a: Tornadus|Tornadus-Therian, M|100/100|[from]move: Volt Switch
|move|p2a: Mandibuzz|Foul Play|p1a: Tornadus
|-damage|p1a: Tornadus|72/100
|
|upkeep
|turn|23
|
|t:|1645362275
|switch|p1a: Tapu Koko|Tapu Koko|100/100
|move|p2a: Mandibuzz|Foul Play|p1a: Tapu Koko
|-resisted|p1a: Tapu Koko
|-damage|p1a: Tapu Koko|80/100
|
|upkeep
|turn|24
|
|t:|1645362282
|switch|p2a: Heatran|Heatran, M|98/100
|move|p1a: Tapu Koko|Dazzling Gleam|p2a: Heatran
|-resisted|p2a: Heatran
|-damage|p2a: Heatran|91/100
|
|upkeep
|turn|25
|
|t:|1645362290
|switch|p2a: Blissey|Blissey, F|87/100
|move|p1a: Tapu Koko|Volt Switch|p2a: Blissey
|-damage|p2a: Blissey|72/100
|
|t:|1645362295
|switch|p1a: Tornadus|Tornadus-Therian, M|100/100|[from]move: Volt Switch
|
|-fieldend|move: Electric Terrain
|upkeep
|turn|26
|inactive|gaenisalbino has 120 seconds left.
|inactive|gaenisalbino has 90 seconds left.
|
|t:|1645362358
|move|p1a: Tornadus|U-turn|p2a: Blissey
|-damage|p2a: Blissey|60/100
|
|t:|1645362361
|switch|p1a: Slowbro|Slowbro, L99, M|80/100 tox|[from]move: U-turn
|move|p2a: Blissey|Seismic Toss|p1a: Slowbro
|-damage|p1a: Slowbro|55/100 tox
|
|-damage|p1a: Slowbro|49/100 tox|[from] psn
|upkeep
|turn|27
|
|t:|1645362375
|move|p2a: Blissey|Seismic Toss|p1a: Slowbro
|-damage|p1a: Slowbro|23/100 tox
|move|p1a: Slowbro|Body Press|p2a: Blissey
|-supereffective|p2a: Blissey
|-damage|p2a: Blissey|18/100
|
|-damage|p1a: Slowbro|11/100 tox|[from] psn
|upkeep
|turn|28
|
|t:|1645362385
|switch|p1a: Heatran|Heatran, M|100/100
|-item|p1a: Heatran|Air Balloon
|move|p2a: Blissey|Seismic Toss|p1a: Heatran
|-damage|p1a: Heatran|70/100
|-enditem|p1a: Heatran|Air Balloon
|
|upkeep
|turn|29
|
|t:|1645362394
|move|p1a: Heatran|Magma Storm|p2a: Blissey|[miss]
|-miss|p1a: Heatran|p2a: Blissey
|move|p2a: Blissey|Seismic Toss|p1a: Heatran
|-damage|p1a: Heatran|39/100
|
|upkeep
|turn|30
|
|t:|1645362400
|move|p1a: Heatran|Magma Storm|p2a: Blissey
|-damage|p2a: Blissey|0 fnt
|faint|p2a: Blissey
|
|upkeep
|
|t:|1645362405
|switch|p2a: Landorus|Landorus-Therian, M|53/100
|-ability|p2a: Landorus|Intimidate|boost
|-unboost|p1a: Heatran|atk|1
|turn|31
|c|☆gaenisalbino|Sigh
|c|☆gaenisalbino|If i hit it on first attempt
|
|t:|1645362414
|switch|p1a: Tornadus|Tornadus-Therian, M|100/100
|move|p2a: Landorus|Earthquake|p1a: Tornadus
|-immune|p1a: Tornadus
|
|upkeep
|turn|32
|
|t:|1645362430
|switch|p2a: Heatran|Heatran, M|91/100
|move|p1a: Tornadus|U-turn|p2a: Heatran
|-resisted|p2a: Heatran
|-damage|p2a: Heatran|88/100
|inactive|gaenisalbino has 120 seconds left.
|
|t:|1645362440
|switch|p1a: Tapu Koko|Tapu Koko|80/100|[from]move: U-turn
|-fieldstart|move: Electric Terrain|[from] ability: Electric Surge|[of] p1a: Tapu Koko
|
|upkeep
|turn|33
|
|t:|1645362446
|move|p1a: Tapu Koko|Volt Switch|p2a: Heatran
|-damage|p2a: Heatran|54/100
|
|t:|1645362450
|switch|p1a: Tornadus|Tornadus-Therian, M|100/100|[from]move: Volt Switch
|move|p2a: Heatran|Magma Storm|p1a: Tornadus|[miss]
|-miss|p2a: Heatran|p1a: Tornadus
|
|upkeep
|turn|34
|
|t:|1645362457
|move|p1a: Tornadus|Knock Off|p2a: Heatran
|-damage|p2a: Heatran|43/100
|move|p2a: Heatran|Earth Power|p1a: Tornadus
|-immune|p1a: Tornadus
|
|upkeep
|turn|35
|
|t:|1645362463
|move|p1a: Tornadus|Knock Off|p2a: Heatran
|-damage|p2a: Heatran|32/100
|move|p2a: Heatran|Earth Power|p1a: Tornadus
|-immune|p1a: Tornadus
|
|upkeep
|turn|36
|
|t:|1645362469
|move|p1a: Tornadus|Knock Off|p2a: Heatran
|-crit|p2a: Heatran
|-damage|p2a: Heatran|16/100
|move|p2a: Heatran|Magma Storm|p1a: Tornadus
|-damage|p1a: Tornadus|61/100
|-activate|p1a: Tornadus|move: Magma Storm|[of] p2a: Heatran
|
|-damage|p1a: Tornadus|48/100|[from] move: Magma Storm|[partiallytrapped]
|-fieldend|move: Electric Terrain
|upkeep
|turn|37
|
|t:|1645362478
|move|p1a: Tornadus|U-turn|p2a: Heatran
|-resisted|p2a: Heatran
|-damage|p2a: Heatran|13/100
|
|t:|1645362483
|switch|p1a: Heatran|Heatran, M|39/100|[from]move: U-turn
|move|p2a: Heatran|Magma Storm|p1a: Heatran
|-start|p1a: Heatran|ability: Flash Fire
|
|upkeep
|turn|38
|
|t:|1645362499
|-end|p1a: Heatran|ability: Flash Fire|[silent]
|switch|p1a: Tornadus|Tornadus-Therian, M|81/100
|move|p2a: Heatran|Magma Storm|p1a: Tornadus
|-damage|p1a: Tornadus|39/100
|-activate|p1a: Tornadus|move: Magma Storm|[of] p2a: Heatran
|
|-damage|p1a: Tornadus|27/100|[from] move: Magma Storm|[partiallytrapped]
|upkeep
|turn|39
|
|t:|1645362514
|move|p1a: Tornadus|Hurricane|p2a: Heatran|[miss]
|-miss|p1a: Tornadus|p2a: Heatran
|move|p2a: Heatran|Earth Power|p1a: Tornadus
|-immune|p1a: Tornadus
|
|-damage|p1a: Tornadus|14/100|[from] move: Magma Storm|[partiallytrapped]
|upkeep
|turn|40
|
|t:|1645362522
|switch|p2a: Toxapex|Toxapex, F|99/100
|move|p1a: Tornadus|U-turn|p2a: Toxapex
|-resisted|p2a: Toxapex
|-damage|p2a: Toxapex|95/100
|-damage|p1a: Tornadus|0 fnt|[from] item: Rocky Helmet|[of] p2a: Toxapex
|faint|p1a: Tornadus
|
|upkeep
|
|t:|1645362534
|switch|p1a: Tapu Koko|Tapu Koko|80/100
|-fieldstart|move: Electric Terrain|[from] ability: Electric Surge|[of] p1a: Tapu Koko
|turn|41
|
|t:|1645362539
|move|p1a: Tapu Koko|Thunderbolt|p2a: Toxapex
|-supereffective|p2a: Toxapex
|-damage|p2a: Toxapex|9/100
|move|p2a: Toxapex|Scald|p1a: Tapu Koko
|-damage|p1a: Tapu Koko|54/100
|-status|p1a: Tapu Koko|brn
|
|-damage|p1a: Tapu Koko|47/100 brn|[from] brn
|upkeep
|turn|42
|
|t:|1645362550
|move|p1a: Tapu Koko|Dazzling Gleam|p2a: Toxapex
|-resisted|p2a: Toxapex
|-damage|p2a: Toxapex|0 fnt
|faint|p2a: Toxapex
|
|-damage|p1a: Tapu Koko|41/100 brn|[from] brn
|upkeep
|
|t:|1645362557
|switch|p2a: Landorus|Landorus-Therian, M|53/100
|-ability|p2a: Landorus|Intimidate|boost
|-unboost|p1a: Tapu Koko|atk|1
|turn|43
|
|t:|1645362566
|switch|p1a: Heatran|Heatran, M|39/100
|move|p2a: Landorus|Earthquake|p1a: Heatran
|-supereffective|p1a: Heatran
|-damage|p1a: Heatran|0 fnt
|faint|p1a: Heatran
|
|upkeep
|
|t:|1645362571
|switch|p1a: Slowbro|Slowbro, L99, M|44/100 tox
|turn|44
|
|t:|1645362579
|switch|p2a: Heatran|Heatran, M|13/100
|move|p1a: Slowbro|Slack Off|p1a: Slowbro
|-heal|p1a: Slowbro|94/100 tox
|
|-damage|p1a: Slowbro|88/100 tox|[from] psn
|upkeep
|turn|45
|
|t:|1645362588
|move|p2a: Heatran|Taunt|p1a: Slowbro
|-start|p1a: Slowbro|move: Taunt
|move|p1a: Slowbro|Body Press|p2a: Heatran
|-supereffective|p2a: Heatran
|-damage|p2a: Heatran|0 fnt
|faint|p2a: Heatran
|
|-damage|p1a: Slowbro|76/100 tox|[from] psn
|-fieldend|move: Electric Terrain
|upkeep
|
|t:|1645362600
|switch|p2a: Mandibuzz|Mandibuzz, F|49/100
|turn|46
|
|t:|1645362614
|move|p2a: Mandibuzz|Roost|p2a: Mandibuzz
|-heal|p2a: Mandibuzz|99/100
|-singleturn|p2a: Mandibuzz|move: Roost
|move|p1a: Slowbro|Ice Beam|p2a: Mandibuzz
|-damage|p2a: Mandibuzz|85/100
|
|-damage|p1a: Slowbro|57/100 tox|[from] psn
|upkeep
|turn|47
|
|t:|1645362643
|switch|p2a: Landorus|Landorus-Therian, M|53/100
|-ability|p2a: Landorus|Intimidate|boost
|-unboost|p1a: Slowbro|atk|1
|switch|p1a: Tapu Koko|Tapu Koko|41/100 brn
|-fieldstart|move: Electric Terrain|[from] ability: Electric Surge|[of] p1a: Tapu Koko
|
|-damage|p1a: Tapu Koko|35/100 brn|[from] brn
|upkeep
|turn|48
|
|t:|1645362667
|switch|p1a: Slowbro|Slowbro, L99, M|90/100 tox
|move|p2a: Landorus|Earthquake|p1a: Slowbro
|-damage|p1a: Slowbro|57/100 tox
|
|-damage|p1a: Slowbro|51/100 tox|[from] psn
|upkeep
|turn|49
|
|t:|1645362677
|switch|p2a: Mandibuzz|Mandibuzz, F|85/100
|move|p1a: Slowbro|Ice Beam|p2a: Mandibuzz
|-supereffective|p2a: Mandibuzz
|-damage|p2a: Mandibuzz|58/100
|
|-damage|p1a: Slowbro|39/100 tox|[from] psn
|upkeep
|turn|50
|
|t:|1645362685
|move|p2a: Mandibuzz|Roost|p2a: Mandibuzz
|-heal|p2a: Mandibuzz|100/100
|-singleturn|p2a: Mandibuzz|move: Roost
|move|p1a: Slowbro|Slack Off|p1a: Slowbro
|-heal|p1a: Slowbro|89/100 tox
|
|-damage|p1a: Slowbro|70/100 tox|[from] psn
|upkeep
|turn|51
|
|t:|1645362701
|move|p2a: Mandibuzz|Foul Play|p1a: Slowbro
|-supereffective|p1a: Slowbro
|-enditem|p1a: Slowbro|Colbur Berry|[eat]
|-enditem|p1a: Slowbro|Colbur Berry|[weaken]
|-damage|p1a: Slowbro|58/100 tox
|move|p1a: Slowbro|Teleport|p1a: Slowbro
|
|t:|1645362703
|switch|p1a: Tapu Koko|Tapu Koko|35/100 brn|[from]move: Teleport
|
|-damage|p1a: Tapu Koko|29/100 brn|[from] brn
|-fieldend|move: Electric Terrain
|upkeep
|turn|52
|
|t:|1645362711
|move|p1a: Tapu Koko|Dazzling Gleam|p2a: Mandibuzz
|-supereffective|p2a: Mandibuzz
|-damage|p2a: Mandibuzz|56/100
|move|p2a: Mandibuzz|Foul Play|p1a: Tapu Koko
|-resisted|p1a: Tapu Koko
|-damage|p1a: Tapu Koko|8/100 brn
|
|-damage|p1a: Tapu Koko|2/100 brn|[from] brn
|upkeep
|turn|53
|
|t:|1645362721
|switch|p2a: Landorus|Landorus-Therian, M|53/100
|-ability|p2a: Landorus|Intimidate|boost
|-unboost|p1a: Tapu Koko|atk|1
|move|p1a: Tapu Koko|Roost|p1a: Tapu Koko
|-heal|p1a: Tapu Koko|52/100 brn
|-singleturn|p1a: Tapu Koko|move: Roost
|
|-damage|p1a: Tapu Koko|46/100 brn|[from] brn
|upkeep
|turn|54
|
|t:|1645362735
|switch|p1a: Slowbro|Slowbro, L99, M|91/100 tox
|move|p2a: Landorus|Earthquake|p1a: Slowbro
|-damage|p1a: Slowbro|57/100 tox
|
|-damage|p1a: Slowbro|50/100 tox|[from] psn
|upkeep
|turn|55
|
|t:|1645362748
|switch|p2a: Mandibuzz|Mandibuzz, F|56/100
|move|p1a: Slowbro|Ice Beam|p2a: Mandibuzz
|-supereffective|p2a: Mandibuzz
|-damage|p2a: Mandibuzz|28/100
|
|-damage|p1a: Slowbro|38/100 tox|[from] psn
|upkeep
|turn|56
|
|t:|1645362760
|switch|p2a: Landorus|Landorus-Therian, M|53/100
|-ability|p2a: Landorus|Intimidate|boost
|-unboost|p1a: Slowbro|atk|1
|switch|p1a: Tapu Koko|Tapu Koko|46/100 brn
|-fieldstart|move: Electric Terrain|[from] ability: Electric Surge|[of] p1a: Tapu Koko
|
|-damage|p1a: Tapu Koko|40/100 brn|[from] brn
|upkeep
|turn|57
|
|t:|1645362771
|switch|p1a: Slowbro|Slowbro, L99, M|72/100 tox
|move|p2a: Landorus|U-turn|p1a: Slowbro
|-supereffective|p1a: Slowbro
|-damage|p1a: Slowbro|38/100 tox
|
|t:|1645362776
|switch|p2a: Mandibuzz|Mandibuzz, F|28/100|[from]move: U-turn
|
|-damage|p1a: Slowbro|32/100 tox|[from] psn
|upkeep
|turn|58
|
|t:|1645362788
|move|p2a: Mandibuzz|Foul Play|p1a: Slowbro
|-supereffective|p1a: Slowbro
|-damage|p1a: Slowbro|8/100 tox
|move|p1a: Slowbro|Slack Off|p1a: Slowbro
|-heal|p1a: Slowbro|58/100 tox
|
|-damage|p1a: Slowbro|46/100 tox|[from] psn
|upkeep
|turn|59
|
|t:|1645362798
|switch|p1a: Tapu Koko|Tapu Koko|40/100 brn
|move|p2a: Mandibuzz|Taunt|p1a: Tapu Koko
|-start|p1a: Tapu Koko|move: Taunt
|
|-damage|p1a: Tapu Koko|34/100 brn|[from] brn
|upkeep
|turn|60
|
|t:|1645362806
|switch|p2a: Landorus|Landorus-Therian, M|53/100
|-ability|p2a: Landorus|Intimidate|boost
|-unboost|p1a: Tapu Koko|atk|1
|move|p1a: Tapu Koko|Dazzling Gleam|p2a: Landorus
|-damage|p2a: Landorus|8/100
|
|-damage|p1a: Tapu Koko|28/100 brn|[from] brn
|-fieldend|move: Electric Terrain
|upkeep
|turn|61
|
|t:|1645362817
|switch|p1a: Slowbro|Slowbro, L99, M|79/100 tox
|move|p2a: Landorus|Earthquake|p1a: Slowbro
|-damage|p1a: Slowbro|45/100 tox
|
|-damage|p1a: Slowbro|39/100 tox|[from] psn
|upkeep
|turn|62
|
|t:|1645362834
|move|p2a: Landorus|Earthquake|p1a: Slowbro
|-damage|p1a: Slowbro|7/100 tox
|move|p1a: Slowbro|Ice Beam|p2a: Landorus
|-supereffective|p2a: Landorus
|-damage|p2a: Landorus|0 fnt
|faint|p2a: Landorus
|
|-damage|p1a: Slowbro|0 fnt|[from] psn
|faint|p1a: Slowbro
|upkeep
|c|☆gaenisalbino|Gg
|-message|Maitredouard2 forfeited.
|
|win|gaenisalbino
|raw|gaenisalbino's rating: 1529 &rarr; <strong>1554</strong><br />(+25 for winning)
|raw|Maitredouard2's rating: 1624 &rarr; <strong>1599</strong><br />(-25 for losing)
|l|☆Maitredouard2
|c|☆gaenisalbino|lol
