|j|☆HQSFun
|j|☆Mangostein
|t:|1664670212
|gametype|singles
|player|p1|HQSFun|veteranf|1674
|player|p2|Mangostein|flannery|1898
|teamsize|p1|6
|teamsize|p2|6
|gen|8
|tier|[Gen 8] OU
|rated|
|rule|Sleep Clause Mod: Limit one foe put to sleep
|rule|Species Clause: Limit one of each Pokémon
|rule|OHKO Clause: OHKO moves are banned
|rule|Evasion Items Clause: Evasion items are banned
|rule|Evasion Moves Clause: Evasion moves are banned
|rule|Endless Battle Clause: Forcing endless battles is banned
|rule|HP Percentage Mod: HP is shown in percentages
|rule|Dynamax Clause: You cannot dynamax
|clearpoke
|poke|p1|Heatran, F|
|poke|p1|Mew|
|poke|p1|Blaziken, F|
|poke|p1|Rillaboom, F|
|poke|p1|Weavile, M|
|poke|p1|Dragonite, M|
|poke|p2|Volcanion|
|poke|p2|Landorus-Therian, M|
|poke|p2|Zapdos|
|poke|p2|Melmetal|
|poke|p2|Tapu Lele|
|poke|p2|Dragapult, F|
|teampreview
|inactive|Battle timer is ON: inactive players will automatically lose when time's up. (requested by HQSFun)
|
|t:|1664670230
|start
|switch|p1a: Heatran|Heatran, F|100/100
|switch|p2a: Dragapult|Dragapult, F|100/100
|turn|1
|
|t:|1664670241
|move|p2a: Dragapult|U-turn|p1a: Heatran
|-resisted|p1a: Heatran
|-damage|p1a: Heatran|92/100
|-status|p2a: Dragapult|brn|[from] ability: Flame Body|[of] p1a: Heatran
|
|t:|1664670247
|switch|p2a: Volcanion|Volcanion|100/100|[from]move: U-turn
|move|p1a: Heatran|Stealth Rock|p2a: Volcanion
|-sidestart|p2: Mangostein|move: Stealth Rock
|
|upkeep
|turn|2
|
|t:|1664670262
|move|p1a: Heatran|Steel Beam|p2a: Volcanion
|-resisted|p2a: Volcanion
|-crit|p2a: Volcanion
|-damage|p2a: Volcanion|69/100
|-damage|p1a: Heatran|42/100|[from] mindblown
|move|p2a: Volcanion|Steam Eruption|p1a: Heatran
|-supereffective|p1a: Heatran
|-damage|p1a: Heatran|0 fnt
|faint|p1a: Heatran
|
|upkeep
|inactive|HQSFun has 120 seconds left.
|
|t:|1664670289
|switch|p1a: Mew|Mew|100/100
|turn|3
|
|t:|1664670293
|move|p1a: Mew|Dragon Dance|p1a: Mew
|-boost|p1a: Mew|atk|1
|-boost|p1a: Mew|spe|1
|move|p2a: Volcanion|Steam Eruption|p1a: Mew
|-damage|p1a: Mew|46/100
|
|upkeep
|turn|4
|
|t:|1664670300
|switch|p2a: Landorus|Landorus-Therian, M|100/100
|-damage|p2a: Landorus|88/100|[from] Stealth Rock
|-ability|p2a: Landorus|Intimidate|boost
|-unboost|p1a: Mew|atk|1
|move|p1a: Mew|Psychic Fangs|p2a: Landorus
|-damage|p2a: Landorus|50/100
|
|-heal|p2a: Landorus|57/100|[from] item: Leftovers
|upkeep
|turn|5
|
|t:|1664670312
|switch|p2a: Dragapult|Dragapult, F|100/100 brn
|-damage|p2a: Dragapult|88/100 brn|[from] Stealth Rock
|move|p1a: Mew|Dragon Dance|p1a: Mew
|-boost|p1a: Mew|atk|1
|-boost|p1a: Mew|spe|1
|
|-damage|p2a: Dragapult|82/100 brn|[from] brn
|upkeep
|turn|6
|
|t:|1664670317
|move|p2a: Dragapult|Sucker Punch|p1a: Mew
|-supereffective|p1a: Mew
|-damage|p1a: Mew|14/100
|move|p1a: Mew|Psychic Fangs|p2a: Dragapult
|-damage|p2a: Dragapult|3/100 brn
|
|-damage|p2a: Dragapult|0 fnt|[from] brn
|faint|p2a: Dragapult
|upkeep
|
|t:|1664670324
|switch|p2a: Landorus|Landorus-Therian, M|57/100
|-damage|p2a: Landorus|44/100|[from] Stealth Rock
|-ability|p2a: Landorus|Intimidate|boost
|-unboost|p1a: Mew|atk|1
|turn|7
|
|t:|1664670328
|move|p1a: Mew|Psychic Fangs|p2a: Landorus
|-damage|p2a: Landorus|11/100
|move|p2a: Landorus|U-turn|p1a: Mew
|-supereffective|p1a: Mew
|-damage|p1a: Mew|0 fnt
|faint|p1a: Mew
|
|t:|1664670337
|switch|p2a: Zapdos|Zapdos|100/100|[from]move: U-turn
|
|upkeep
|
|t:|1664670341
|switch|p1a: Weavile|Weavile, M|100/100
|-ability|p1a: Weavile|Pressure
|turn|8
|
|t:|1664670350
|switch|p2a: Landorus|Landorus-Therian, M|11/100
|-damage|p2a: Landorus|0 fnt|[from] Stealth Rock
|faint|p2a: Landorus
|move|p1a: Weavile|Swords Dance|p1a: Weavile
|-boost|p1a: Weavile|atk|2
|
|upkeep
|
|t:|1664670352
|switch|p2a: Tapu Lele|Tapu Lele|100/100
|-damage|p2a: Tapu Lele|88/100|[from] Stealth Rock
|-fieldstart|move: Psychic Terrain|[from] ability: Psychic Surge|[of] p2a: Tapu Lele
|turn|9
|
|t:|1664670359
|switch|p1a: Rillaboom|Rillaboom, F|100/100
|-fieldstart|move: Grassy Terrain|[from] ability: Grassy Surge|[of] p1a: Rillaboom
|move|p2a: Tapu Lele|Moonblast|p1a: Rillaboom
|-damage|p1a: Rillaboom|30/100
|
|-heal|p2a: Tapu Lele|94/100|[from] Grassy Terrain
|-heal|p1a: Rillaboom|36/100|[from] Grassy Terrain
|upkeep
|turn|10
|
|t:|1664670372
|switch|p2a: Melmetal|Melmetal|100/100
|-damage|p2a: Melmetal|94/100|[from] Stealth Rock
|move|p1a: Rillaboom|Grassy Glide|p2a: Melmetal
|-resisted|p2a: Melmetal
|-damage|p2a: Melmetal|75/100
|-damage|p1a: Rillaboom|26/100|[from] item: Life Orb
|
|-heal|p1a: Rillaboom|32/100|[from] Grassy Terrain
|-heal|p2a: Melmetal|82/100|[from] Grassy Terrain
|upkeep
|turn|11
|
|t:|1664670380
|move|p1a: Rillaboom|Superpower|p2a: Melmetal
|-supereffective|p2a: Melmetal
|-damage|p2a: Melmetal|14/100
|-unboost|p1a: Rillaboom|atk|1
|-unboost|p1a: Rillaboom|def|1
|-damage|p1a: Rillaboom|22/100|[from] item: Life Orb
|move|p2a: Melmetal|Double Iron Bash|p1a: Rillaboom
|-damage|p1a: Rillaboom|0 fnt
|faint|p1a: Rillaboom
|-hitcount|p1: Rillaboom|1
|
|-heal|p2a: Melmetal|20/100|[from] Grassy Terrain
|upkeep
|
|t:|1664670384
|switch|p1a: Blaziken|Blaziken, F|100/100
|turn|12
|
|t:|1664670386
|move|p1a: Blaziken|Swords Dance|p1a: Blaziken
|-boost|p1a: Blaziken|atk|2
|move|p2a: Melmetal|Double Iron Bash|p1a: Blaziken
|-resisted|p1a: Blaziken
|-damage|p1a: Blaziken|68/100
|-resisted|p1a: Blaziken
|-damage|p1a: Blaziken|37/100
|-hitcount|p1a: Blaziken|2
|
|-heal|p1a: Blaziken|43/100|[from] Grassy Terrain
|-heal|p1a: Blaziken|49/100|[from] item: Leftovers
|-heal|p2a: Melmetal|27/100|[from] Grassy Terrain
|-ability|p1a: Blaziken|Speed Boost|boost
|-boost|p1a: Blaziken|spe|1
|upkeep
|turn|13
|
|t:|1664670391
|move|p1a: Blaziken|Protect|p1a: Blaziken
|-singleturn|p1a: Blaziken|Protect
|move|p2a: Melmetal|Double Iron Bash|p1a: Blaziken
|-activate|p1a: Blaziken|move: Protect
|
|-heal|p1a: Blaziken|56/100|[from] Grassy Terrain
|-heal|p1a: Blaziken|62/100|[from] item: Leftovers
|-heal|p2a: Melmetal|33/100|[from] Grassy Terrain
|-fieldend|move: Grassy Terrain
|-ability|p1a: Blaziken|Speed Boost|boost
|-boost|p1a: Blaziken|spe|1
|upkeep
|turn|14
|
|t:|1664670399
|move|p1a: Blaziken|Flare Blitz|p2a: Melmetal
|-supereffective|p2a: Melmetal
|-damage|p2a: Melmetal|0 fnt
|faint|p2a: Melmetal
|-damage|p1a: Blaziken|49/100|[from] Recoil
|
|-heal|p1a: Blaziken|55/100|[from] item: Leftovers
|-ability|p1a: Blaziken|Speed Boost|boost
|-boost|p1a: Blaziken|spe|1
|upkeep
|
|t:|1664670402
|switch|p2a: Zapdos|Zapdos|100/100
|turn|15
|
|t:|1664670422
|move|p1a: Blaziken|Protect|p1a: Blaziken
|-singleturn|p1a: Blaziken|Protect
|move|p2a: Zapdos|Hurricane|p1a: Blaziken
|-activate|p1a: Blaziken|move: Protect
|
|-heal|p1a: Blaziken|61/100|[from] item: Leftovers
|-ability|p1a: Blaziken|Speed Boost|boost
|-boost|p1a: Blaziken|spe|1
|upkeep
|turn|16
|
|t:|1664670425
|move|p1a: Blaziken|Flare Blitz|p2a: Zapdos
|-damage|p2a: Zapdos|0 fnt
|faint|p2a: Zapdos
|-damage|p1a: Blaziken|24/100|[from] Recoil
|
|-heal|p1a: Blaziken|30/100|[from] item: Leftovers
|-ability|p1a: Blaziken|Speed Boost|boost
|-boost|p1a: Blaziken|spe|1
|upkeep
|j| DaiDaiwo♫
|-message|Mangostein forfeited.
|
|win|HQSFun
|raw|HQSFun's rating: 1674 &rarr; <strong>1705</strong><br />(+31 for winning)
|raw|Mangostein's rating: 1898 &rarr; <strong>1867</strong><br />(-31 for losing)
|l|☆Mangostein
||Ladder isn't responding, score probably updated but might not have (Request timeout).
