|j|☆Lunar Neo
|j|☆empolion
|player|p1|Lunar Neo|248|1612
|player|p2|empolion|70|1592
|teamsize|p1|6
|teamsize|p2|6
|gametype|singles
|gen|8
|tier|[Gen 8] OU
|rated|
|rule|Sleep Clause Mod: Limit one foe put to sleep
|rule|Species Clause: Limit one of each Pokémon
|rule|OHKO Clause: OHKO moves are banned
|rule|Evasion Moves Clause: Evasion moves are banned
|rule|Endless Battle Clause: Forcing endless battles is banned
|rule|HP Percentage Mod: HP is shown in percentages
|clearpoke
|poke|p1|Hydreigon, F|
|poke|p1|Mamoswine, F|
|poke|p1|Aegislash, F|
|poke|p1|Clefable, M|
|poke|p1|Rotom-Wash|
|poke|p1|Toxtricity, F|
|poke|p2|Hatterene, F|
|poke|p2|Darmanitan-Galar, M|
|poke|p2|Corviknight, F|
|poke|p2|Gastrodon, M|
|poke|p2|Cinderace, F|
|poke|p2|Corsola-Galar, F|
|teampreview
|
|start
|switch|p1a: Mamoswine|Mamoswine, F|100/100
|switch|p2a: Darmanitan|Darmanitan-Galar, M|100/100
|turn|1
|inactive|Battle timer is ON: inactive players will automatically lose when time's up. (requested by empolion)
|
|move|p2a: Darmanitan|U-turn|p1a: Mamoswine
|-damage|p1a: Mamoswine|64/100
|
|switch|p2a: Cinderace|Cinderace, F|100/100|[from]move: U-turn
|move|p1a: Mamoswine|Earthquake|p2a: Cinderace
|-supereffective|p2a: Cinderace
|-damage|p2a: Cinderace|0 fnt
|faint|p2a: Cinderace
|
|upkeep
|
|switch|p2a: Darmanitan|Darmanitan-Galar, M|100/100
|turn|2
|
|move|p2a: Darmanitan|Flare Blitz|p1a: Mamoswine
|-supereffective|p1a: Mamoswine
|-damage|p1a: Mamoswine|0 fnt
|-damage|p2a: Darmanitan|75/100|[from] Recoil
|faint|p1a: Mamoswine
|
|upkeep
|
|switch|p1a: Hydreigon|Hydreigon, F|100/100
|turn|3
|
|-start|p2a: Darmanitan|Dynamax
|-heal|p2a: Darmanitan|75/100|[silent]
|move|p1a: Hydreigon|Dark Pulse|p2a: Darmanitan
|-damage|p2a: Darmanitan|42/100
|move|p2a: Darmanitan|Max Hailstorm|p1a: Hydreigon
|-supereffective|p1a: Hydreigon
|-damage|p1a: Hydreigon|0 fnt
|-weather|Hail
|faint|p1a: Hydreigon
|
|-weather|Hail|[upkeep]
|upkeep
|
|switch|p1a: Rotom|Rotom-Wash|100/100
|turn|4
|
|move|p2a: Darmanitan|Max Flutterby|p1a: Rotom
|-damage|p1a: Rotom|65/100
|-unboost|p1a: Rotom|spa|1
|move|p1a: Rotom|Will-O-Wisp|p2a: Darmanitan
|-status|p2a: Darmanitan|brn
|
|-weather|Hail|[upkeep]
|-damage|p1a: Rotom|59/100|[from] Hail
|-heal|p1a: Rotom|65/100|[from] item: Leftovers
|-damage|p2a: Darmanitan|39/100 brn|[from] brn
|upkeep
|turn|5
|
|move|p2a: Darmanitan|Max Flutterby|p1a: Rotom
|-damage|p1a: Rotom|48/100
|-unboost|p1a: Rotom|spa|1
|move|p1a: Rotom|Volt Switch|p2a: Darmanitan
|-damage|p2a: Darmanitan|30/100 brn
|
|switch|p1a: Clefable|Clefable, M|100/100|[from]move: Volt Switch
|
|-weather|Hail|[upkeep]
|-damage|p2a: Darmanitan|27/100 brn|[from] brn
|-end|p2a: Darmanitan|Dynamax
|-heal|p2a: Darmanitan|27/100 brn|[silent]
|upkeep
|turn|6
|
|switch|p1a: Rotom|Rotom-Wash|48/100
|move|p2a: Darmanitan|Flare Blitz|p1a: Rotom
|-resisted|p1a: Rotom
|-damage|p1a: Rotom|35/100
|-damage|p2a: Darmanitan|23/100 brn|[from] Recoil
|
|-weather|Hail|[upkeep]
|-damage|p1a: Rotom|28/100|[from] Hail
|-heal|p1a: Rotom|35/100|[from] item: Leftovers
|-damage|p2a: Darmanitan|17/100 brn|[from] brn
|upkeep
|turn|7
|
|move|p2a: Darmanitan|Flare Blitz|p1a: Rotom
|-resisted|p1a: Rotom
|-damage|p1a: Rotom|23/100
|-damage|p2a: Darmanitan|14/100 brn|[from] Recoil
|move|p1a: Rotom|Volt Switch|p2a: Darmanitan
|-damage|p2a: Darmanitan|0 fnt
|faint|p2a: Darmanitan
|j| BUMBACLAAT
|
|switch|p1a: Toxtricity|Toxtricity, F|100/100|[from]move: Volt Switch
|
|-weather|none
|upkeep
|
|switch|p2a: Gastrodon|Gastrodon, M|100/100
|turn|8
|
|switch|p1a: Rotom|Rotom-Wash|23/100
|move|p2a: Gastrodon|Earth Power|p1a: Rotom
|-immune|p1a: Rotom|[from] ability: Levitate
|
|-heal|p1a: Rotom|29/100|[from] item: Leftovers
|upkeep
|turn|9
|
|switch|p2a: Hatterene|Hatterene, F|100/100
|move|p1a: Rotom|Will-O-Wisp|p2a: Hatterene
|move|p2a: Hatterene|Will-O-Wisp|p1a: Rotom|[from]Magic Bounce
|-status|p1a: Rotom|brn
|
|-heal|p1a: Rotom|35/100 brn|[from] item: Leftovers
|-damage|p1a: Rotom|29/100 brn|[from] brn
|upkeep
|turn|10
|
|move|p1a: Rotom|Volt Switch|p2a: Hatterene
|-damage|p2a: Hatterene|74/100
|
|switch|p1a: Aegislash|Aegislash, F|100/100|[from]move: Volt Switch
|move|p2a: Hatterene|Mystical Fire|p1a: Aegislash
|-supereffective|p1a: Aegislash
|-damage|p1a: Aegislash|61/100
|-unboost|p1a: Aegislash|spa|1
|
|-heal|p1a: Aegislash|67/100|[from] item: Leftovers
|-heal|p2a: Hatterene|80/100|[from] item: Leftovers
|upkeep
|turn|11
|
|move|p1a: Aegislash|King's Shield|p1a: Aegislash
|-singleturn|p1a: Aegislash|Protect
|move|p2a: Hatterene|Mystical Fire|p1a: Aegislash
|-activate|p1a: Aegislash|move: Protect
|
|-heal|p1a: Aegislash|73/100|[from] item: Leftovers
|-heal|p2a: Hatterene|86/100|[from] item: Leftovers
|upkeep
|turn|12
|
|switch|p1a: Clefable|Clefable, M|100/100
|move|p2a: Hatterene|Mystical Fire|p1a: Clefable
|-damage|p1a: Clefable|78/100
|-unboost|p1a: Clefable|spa|1
|
|-heal|p1a: Clefable|84/100|[from] item: Leftovers
|-heal|p2a: Hatterene|92/100|[from] item: Leftovers
|upkeep
|turn|13
|
|move|p1a: Clefable|Moonblast|p2a: Hatterene
|-damage|p2a: Hatterene|72/100
|move|p2a: Hatterene|Calm Mind|p2a: Hatterene
|-boost|p2a: Hatterene|spa|1
|-boost|p2a: Hatterene|spd|1
|
|-heal|p1a: Clefable|90/100|[from] item: Leftovers
|-heal|p2a: Hatterene|78/100|[from] item: Leftovers
|upkeep
|turn|14
|
|move|p1a: Clefable|Moonblast|p2a: Hatterene
|-damage|p2a: Hatterene|63/100
|move|p2a: Hatterene|Draining Kiss|p1a: Clefable
|-damage|p1a: Clefable|55/100
|-heal|p2a: Hatterene|96/100|[from] drain|[of] p1a: Clefable
|
|-heal|p1a: Clefable|61/100|[from] item: Leftovers
|-heal|p2a: Hatterene|100/100|[from] item: Leftovers
|upkeep
|turn|15
|
|switch|p1a: Toxtricity|Toxtricity, F|100/100
|move|p2a: Hatterene|Mystical Fire|p1a: Toxtricity
|-damage|p1a: Toxtricity|31/100
|-unboost|p1a: Toxtricity|spa|1
|
|upkeep
|turn|16
|
|move|p1a: Toxtricity|Sludge Wave|p2a: Hatterene
|-supereffective|p2a: Hatterene
|-damage|p2a: Hatterene|36/100
|move|p2a: Hatterene|Draining Kiss|p1a: Toxtricity
|-resisted|p1a: Toxtricity
|-damage|p1a: Toxtricity|0 fnt
|-heal|p2a: Hatterene|58/100|[from] drain|[of] p1a: Toxtricity
|faint|p1a: Toxtricity
|
|-heal|p2a: Hatterene|64/100|[from] item: Leftovers
|upkeep
|
|switch|p1a: Aegislash|Aegislash, F|73/100
|turn|17
|
|-formechange|p1a: Aegislash|Aegislash-Blade||[from] ability: Stance Change
|move|p1a: Aegislash|Shadow Ball|p2a: Hatterene
|-supereffective|p2a: Hatterene
|-damage|p2a: Hatterene|8/100
|move|p2a: Hatterene|Mystical Fire|p1a: Aegislash
|-supereffective|p1a: Aegislash
|-damage|p1a: Aegislash|0 fnt
|faint|p1a: Aegislash
|
|-heal|p2a: Hatterene|14/100|[from] item: Leftovers
|upkeep
|-message|Lunar Neo forfeited.
|
|win|empolion
|l|☆Lunar Neo
|l|☆empolion
|raw|Lunar Neo's rating: 1613 &rarr; <strong>1590</strong><br />(-23 for losing)
|raw|empolion's rating: 1569 &rarr; <strong>1591</strong><br />(+22 for winning)
