|j|☆XPPP
|j|☆Geenobe
|inactive|Battle timer is ON: inactive players will automatically lose when time's up.
|t:|1667285839
|gametype|singles
|player|p1|XPPP|doubleteam|
|player|p2|Geenobe|1|
|teamsize|p1|6
|teamsize|p2|6
|gen|8
|tier|[Gen 8] OU
|rated|Tournament battle
|rule|Sleep Clause Mod: Limit one foe put to sleep
|rule|Species Clause: Limit one of each Pokémon
|rule|OHKO Clause: OHKO moves are banned
|rule|Evasion Items Clause: Evasion items are banned
|rule|Evasion Moves Clause: Evasion moves are banned
|rule|Endless Battle Clause: Forcing endless battles is banned
|rule|HP Percentage Mod: HP is shown in percentages
|rule|Dynamax Clause: You cannot dynamax
|clearpoke
|poke|p1|Melmetal|
|poke|p1|Cresselia, F|
|poke|p1|Crawdaunt, M|
|poke|p1|Hatterene, F|
|poke|p1|Porygon2|
|poke|p1|Marowak-Alola, F|
|poke|p2|Tapu Koko|
|poke|p2|Moltres-Galar|
|poke|p2|Latias, F|
|poke|p2|Hawlucha, F|
|poke|p2|Dragapult, M|
|poke|p2|Rillaboom, M|
|teampreview
|c|☆Geenobe|Hf
|c|☆XPPP|u2
|j| KanKi-san
|j| Rosa メイ ism
|
|t:|1667285858
|start
|switch|p1a: Hatterene|Hatterene, F|100/100
|switch|p2a: Rillaboom|Rillaboom, M|100/100
|-fieldstart|move: Grassy Terrain|[from] ability: Grassy Surge|[of] p2a: Rillaboom
|turn|1
|
|t:|1667285866
|move|p2a: Rillaboom|Swords Dance|p2a: Rillaboom
|-boost|p2a: Rillaboom|atk|2
|move|p1a: Hatterene|Trick Room|p1a: Hatterene
|-fieldstart|move: Trick Room|[of] p1a: Hatterene
|
|upkeep
|turn|2
|
|t:|1667285870
|move|p2a: Rillaboom|Grassy Glide|p1a: Hatterene
|-enditem|p1a: Hatterene|Focus Sash
|-damage|p1a: Hatterene|1/100
|-damage|p2a: Rillaboom|91/100|[from] item: Life Orb
|move|p1a: Hatterene|Mystical Fire|p2a: Rillaboom
|-supereffective|p2a: Rillaboom
|-damage|p2a: Rillaboom|13/100
|-unboost|p2a: Rillaboom|spa|1
|
|-heal|p1a: Hatterene|7/100|[from] Grassy Terrain
|-heal|p2a: Rillaboom|19/100|[from] Grassy Terrain
|upkeep
|turn|3
|
|t:|1667285879
|move|p2a: Rillaboom|Grassy Glide|p1a: Hatterene
|-damage|p1a: Hatterene|0 fnt
|faint|p1a: Hatterene
|-damage|p2a: Rillaboom|9/100|[from] item: Life Orb
|
|-heal|p2a: Rillaboom|15/100|[from] Grassy Terrain
|upkeep
|
|t:|1667285880
|switch|p1a: Melmetal|Melmetal|100/100
|turn|4
|
|t:|1667285887
|move|p2a: Rillaboom|Grassy Glide|p1a: Melmetal
|-resisted|p1a: Melmetal
|-damage|p1a: Melmetal|63/100
|-damage|p2a: Rillaboom|5/100|[from] item: Life Orb
|move|p1a: Melmetal|Double Iron Bash|p2a: Rillaboom
|-damage|p2a: Rillaboom|0 fnt
|faint|p2a: Rillaboom
|-hitcount|p2: Rillaboom|1
|
|-heal|p1a: Melmetal|69/100|[from] Grassy Terrain
|upkeep
|c|☆XPPP|~~~~~~~~~~~~~~
|
|t:|1667285914
|switch|p2a: Latias|Latias, F|100/100
|turn|5
|
|t:|1667285917
|move|p1a: Melmetal|Double Iron Bash|p2a: Latias
|-damage|p2a: Latias|18/100
|-damage|p2a: Latias|0 fnt
|faint|p2a: Latias
|-hitcount|p2: Latias|2
|
|-heal|p1a: Melmetal|75/100|[from] Grassy Terrain
|-fieldend|move: Trick Room
|-fieldend|move: Grassy Terrain
|upkeep
|
|t:|1667285919
|switch|p2a: Tapu Koko|Tapu Koko|100/100
|-fieldstart|move: Electric Terrain|[from] ability: Electric Surge|[of] p2a: Tapu Koko
|turn|6
|
|t:|1667285922
|switch|p1a: Porygon2|Porygon2|100/100
|-ability|p1a: Porygon2|Download|boost
|-boost|p1a: Porygon2|spa|1
|move|p2a: Tapu Koko|Reflect|p2a: Tapu Koko
|-sidestart|p2: Geenobe|Reflect
|
|upkeep
|turn|7
|j| Mel0nL0rd
|
|t:|1667285927
|move|p2a: Tapu Koko|Taunt|p1a: Porygon2
|-start|p1a: Porygon2|move: Taunt
|cant|p1a: Porygon2|move: Taunt|Trick Room
|
|upkeep
|turn|8
|
|t:|1667285930
|switch|p1a: Cresselia|Cresselia, F|100/100
|move|p2a: Tapu Koko|U-turn|p1a: Cresselia
|-supereffective|p1a: Cresselia
|-damage|p1a: Cresselia|81/100
|
|t:|1667285937
|switch|p2a: Hawlucha|Hawlucha, F|100/100|[from]move: U-turn
|
|upkeep
|turn|9
|j| Zifey
|
|t:|1667285942
|move|p2a: Hawlucha|Taunt|p1a: Cresselia
|-start|p1a: Cresselia|move: Taunt
|-enditem|p1a: Cresselia|Mental Herb
|-end|p1a: Cresselia|move: Taunt
|move|p1a: Cresselia|Trick Room|p1a: Cresselia
|-fieldstart|move: Trick Room|[of] p1a: Cresselia
|
|upkeep
|turn|10
|
|t:|1667285958
|switch|p2a: Tapu Koko|Tapu Koko|100/100
|move|p1a: Cresselia|Lunar Dance|p1a: Cresselia
|faint|p1a: Cresselia
|
|-fieldend|move: Electric Terrain
|upkeep
|j| cypherstest
|
|t:|1667285961
|switch|p1a: Melmetal|Melmetal|75/100
|-heal|p1a: Melmetal|100/100|[from] move: Lunar Dance
|turn|11
|
|t:|1667285966
|move|p1a: Melmetal|Double Iron Bash|p2a: Tapu Koko
|-damage|p2a: Tapu Koko|60/100
|-damage|p2a: Tapu Koko|22/100
|-hitcount|p2a: Tapu Koko|2
|move|p2a: Tapu Koko|Light Screen|p2a: Tapu Koko
|-sidestart|p2: Geenobe|move: Light Screen
|
|upkeep
|turn|12
|
|t:|1667285978
|move|p1a: Melmetal|Double Iron Bash|p2a: Tapu Koko
|-damage|p2a: Tapu Koko|0 fnt
|faint|p2a: Tapu Koko
|-hitcount|p2: Tapu Koko|1
|
|upkeep
|
|t:|1667285988
|switch|p2a: Moltres|Moltres-Galar|100/100
|turn|13
|
|t:|1667285991
|move|p1a: Melmetal|Double Iron Bash|p2a: Moltres
|-damage|p2a: Moltres|64/100
|-damage|p2a: Moltres|26/100
|-hitcount|p2a: Moltres|2
|-ability|p2a: Moltres|Berserk|boost
|-boost|p2a: Moltres|spa|1
|move|p2a: Moltres|Nasty Plot|p2a: Moltres
|-boost|p2a: Moltres|spa|2
|
|-sideend|p2: Geenobe|Reflect
|-fieldend|move: Trick Room
|upkeep
|turn|14
|
|t:|1667285994
|move|p2a: Moltres|Fiery Wrath|p1a: Melmetal
|-damage|p1a: Melmetal|0 fnt
|faint|p1a: Melmetal
|
|upkeep
|
|t:|1667285997
|switch|p1a: Porygon2|Porygon2|100/100
|-ability|p1a: Porygon2|Download|boost
|-boost|p1a: Porygon2|atk|1
|turn|15
|
|t:|1667286000
|move|p2a: Moltres|Fiery Wrath|p1a: Porygon2
|-damage|p1a: Porygon2|34/100
|move|p1a: Porygon2|Trick Room|p1a: Porygon2
|-fieldstart|move: Trick Room|[of] p1a: Porygon2
|
|upkeep
|turn|16
|j| SeventyFive
|
|t:|1667286005
|move|p1a: Porygon2|Ice Beam|p2a: Moltres
|-supereffective|p2a: Moltres
|-damage|p2a: Moltres|0 fnt
|faint|p2a: Moltres
|
|upkeep
|
|t:|1667286014
|switch|p2a: Dragapult|Dragapult, M|100/100
|turn|17
|
|t:|1667286019
|move|p2a: Dragapult|Phantom Force||[still]
|-prepare|p2a: Dragapult|Phantom Force
|move|p1a: Porygon2|Teleport|p1a: Porygon2
|
|t:|1667286023
|switch|p1a: Knocked|Crawdaunt, M, shiny|100/100|[from]move: Teleport
|
|upkeep
|turn|18
|
|t:|1667286027
|move|p1a: Knocked|Knock Off|p2a: Dragapult|[miss]
|-miss|p1a: Knocked|p2a: Dragapult
|move|p2a: Dragapult|Phantom Force|p1a: Knocked|[from]lockedmove
|-resisted|p1a: Knocked
|-damage|p1a: Knocked|70/100
|
|-sideend|p2: Geenobe|move: Light Screen
|upkeep
|turn|19
|
|t:|1667286032
|move|p1a: Knocked|Knock Off|p2a: Dragapult
|-supereffective|p2a: Dragapult
|-damage|p2a: Dragapult|0 fnt
|-enditem|p2a: Dragapult|Weakness Policy|[from] move: Knock Off|[of] p1a: Knocked
|faint|p2a: Dragapult
|-damage|p1a: Knocked|60/100|[from] item: Life Orb
|
|-fieldend|move: Trick Room
|upkeep
|
|t:|1667286034
|switch|p2a: Hawlucha|Hawlucha, F|100/100
|turn|20
|
|t:|1667286037
|switch|p1a: Marowak|Marowak-Alola, F|100/100
|move|p2a: Hawlucha|Acrobatics|p1a: Marowak
|-damage|p1a: Marowak|74/100
|
|upkeep
|turn|21
|
|t:|1667286043
|move|p2a: Hawlucha|Acrobatics|p1a: Marowak
|-damage|p1a: Marowak|49/100
|move|p1a: Marowak|Flare Blitz|p2a: Hawlucha
|-damage|p2a: Hawlucha|0 fnt
|faint|p2a: Hawlucha
|
|win|XPPP
|n|☆XPPP|xppp
|n|☆Geenobe|geenobe
|n| KanKi-san|kankisan
|n| Rosa メイ ism|rosaism
|n| Mel0nL0rd|mel0nl0rd
|n| Zifey|zifey
|n| cypherstest|cypherstest
|n| SeventyFive|seventyfive
