|j|☆SetsuStsna
|j|☆BigBootyBuddha7
|inactive|Battle timer is ON: inactive players will automatically lose when time's up.
|t:|1651528967
|gametype|singles
|player|p1|SetsuStsna|irida|
|player|p2|BigBootyBuddha7|pokekid|
|teamsize|p1|6
|teamsize|p2|6
|gen|8
|tier|[Gen 8] OU
|rated|Tournament battle
|rule|Sleep Clause Mod: Limit one foe put to sleep
|rule|Species Clause: Limit one of each Pokémon
|rule|OHKO Clause: OHKO moves are banned
|rule|Evasion Moves Clause: Evasion moves are banned
|rule|Endless Battle Clause: Forcing endless battles is banned
|rule|HP Percentage Mod: HP is shown in percentages
|rule|Dynamax Clause: You cannot dynamax
|clearpoke
|poke|p1|Zapdos|
|poke|p1|Weavile, M|
|poke|p1|Kartana|
|poke|p1|Landorus-Therian, M|
|poke|p1|Volcanion|
|poke|p1|Melmetal|
|poke|p2|Landorus-Therian, M|
|poke|p2|Weavile, F|
|poke|p2|Dragonite, F|
|poke|p2|Corviknight, F|
|poke|p2|Tapu Lele|
|poke|p2|Heatran, M|
|teampreview
|j| nooob ninja
|j| TyranitarTerror
|j| Themelaninkage
|j| ipiplup
|c| ipiplup|Let’s go bigbootybuddha7
|j| Bayb The 2nd
|inactive|SetsuStsna has 120 seconds left.
|inactive|BigBootyBuddha7 has 120 seconds left.
|j| Y-Wing Fighter
|j| Landon✘A21
|j| SUPAWASSI
|inactive|SetsuStsna has 90 seconds left.
|
|t:|1651529048
|start
|switch|p1a: Volcanion|Volcanion|100/100
|switch|p2a: Tapu Lele|Tapu Lele|100/100
|-fieldstart|move: Psychic Terrain|[from] ability: Psychic Surge|[of] p2a: Tapu Lele
|turn|1
|j| fyyre
|j| Down$hift Memez
|inactive|SetsuStsna has 120 seconds left.
|j| Ure Trippin
|
|t:|1651529089
|switch|p1a: Melmetal|Melmetal, shiny|100/100
|move|p2a: Tapu Lele|Psyshock|p1a: Melmetal
|-resisted|p1a: Melmetal
|-damage|p1a: Melmetal|77/100
|
|upkeep
|turn|2
|
|t:|1651529095
|switch|p2a: Corviknight|Corviknight, F|100/100
|-ability|p2a: Corviknight|Pressure
|switch|p1a: Volcanion|Volcanion|100/100
|
|upkeep
|turn|3
|
|t:|1651529099
|move|p1a: Volcanion|Steam Eruption|p2a: Corviknight
|-damage|p2a: Corviknight|16/100
|-status|p2a: Corviknight|brn
|move|p2a: Corviknight|U-turn|p1a: Volcanion
|-resisted|p1a: Volcanion
|-damage|p1a: Volcanion|97/100
|
|t:|1651529106
|switch|p2a: Tapu Lele|Tapu Lele|100/100|[from]move: U-turn
|
|upkeep
|turn|4
|
|t:|1651529111
|switch|p1a: Uchicchi|Landorus-Therian, M|100/100
|-ability|p1a: Uchicchi|Intimidate|boost
|-unboost|p2a: Tapu Lele|atk|1
|move|p2a: Tapu Lele|Focus Blast|p1a: Uchicchi
|-resisted|p1a: Uchicchi
|-damage|p1a: Uchicchi|74/100
|
|-heal|p1a: Uchicchi|80/100|[from] item: Leftovers
|upkeep
|turn|5
|j| Cra3k
|
|t:|1651529122
|move|p2a: Tapu Lele|Focus Blast|p1a: Uchicchi|[miss]
|-miss|p2a: Tapu Lele|p1a: Uchicchi
|move|p1a: Uchicchi|U-turn|p2a: Tapu Lele
|-damage|p2a: Tapu Lele|64/100
|inactive|SetsuStsna has 120 seconds left.
|
|t:|1651529161
|switch|p1a: Volcanion|Volcanion|97/100|[from]move: U-turn
|
|-fieldend|move: Psychic Terrain
|upkeep
|turn|6
|
|t:|1651529165
|move|p2a: Tapu Lele|Focus Blast|p1a: Volcanion
|-damage|p1a: Volcanion|23/100
|move|p1a: Volcanion|Steam Eruption|p2a: Tapu Lele
|-damage|p2a: Tapu Lele|0 fnt
|faint|p2a: Tapu Lele
|
|upkeep
|
|t:|1651529174
|switch|p2a: Weavile|Weavile, F|100/100
|turn|7
|
|t:|1651529183
|switch|p1a: Uchicchi|Landorus-Therian, M|80/100
|-ability|p1a: Uchicchi|Intimidate|boost
|-unboost|p2a: Weavile|atk|1
|move|p2a: Weavile|Swords Dance|p2a: Weavile
|-boost|p2a: Weavile|atk|2
|
|-heal|p1a: Uchicchi|86/100|[from] item: Leftovers
|upkeep
|turn|8
|
|t:|1651529195
|move|p2a: Weavile|Knock Off|p1a: Uchicchi
|-damage|p1a: Uchicchi|14/100
|-enditem|p1a: Uchicchi|Leftovers|[from] move: Knock Off|[of] p2a: Weavile
|move|p1a: Uchicchi|U-turn|p2a: Weavile
|-supereffective|p2a: Weavile
|-damage|p2a: Weavile|19/100
|
|t:|1651529199
|switch|p1a: Cornelia|Kartana, shiny|100/100|[from]move: U-turn
|
|upkeep
|turn|9
|
|t:|1651529208
|switch|p2a: Corviknight|Corviknight, F|16/100 brn
|-ability|p2a: Corviknight|Pressure
|move|p1a: Cornelia|Knock Off|p2a: Corviknight
|-damage|p2a: Corviknight|0 fnt
|-damage|p1a: Cornelia|84/100|[from] item: Rocky Helmet|[of] p2a: Corviknight
|-enditem|p2a: Corviknight|Rocky Helmet|[from] move: Knock Off|[of] p1a: Cornelia
|faint|p2a: Corviknight
|-ability|p1a: Cornelia|Beast Boost|boost
|-boost|p1a: Cornelia|atk|1
|
|upkeep
|
|t:|1651529214
|switch|p2a: Landorus|Landorus-Therian, M|100/100
|-ability|p2a: Landorus|Intimidate|boost
|-unboost|p1a: Cornelia|atk|1
|turn|10
|j| iniub
|
|t:|1651529224
|switch|p1a: Uchicchi|Landorus-Therian, M|14/100
|-ability|p1a: Uchicchi|Intimidate|boost
|-unboost|p2a: Landorus|atk|1
|move|p2a: Landorus|U-turn|p1a: Uchicchi
|-resisted|p1a: Uchicchi
|-damage|p1a: Uchicchi|7/100
|
|t:|1651529232
|switch|p2a: Weavile|Weavile, F|19/100|[from]move: U-turn
|
|upkeep
|turn|11
|
|t:|1651529240
|move|p2a: Weavile|Knock Off|p1a: Uchicchi
|-damage|p1a: Uchicchi|0 fnt
|faint|p1a: Uchicchi
|
|upkeep
|
|t:|1651529243
|switch|p1a: Cornelia|Kartana, shiny|84/100
|turn|12
|
|t:|1651529246
|switch|p1a: Volcanion|Volcanion|23/100
|switch|p2a: Landorus|Landorus-Therian, M|100/100
|-ability|p2a: Landorus|Intimidate|boost
|-unboost|p1a: Volcanion|atk|1
|
|upkeep
|turn|13
|l| fyyre
|
|t:|1651529254
|move|p1a: Volcanion|Steam Eruption|p2a: Landorus
|-supereffective|p2a: Landorus
|-damage|p2a: Landorus|0 fnt
|faint|p2a: Landorus
|
|upkeep
|c| ipiplup|gg nice run big booty..
|
|t:|1651529260
|switch|p2a: Weavile|Weavile, F|19/100
|turn|14
|
|t:|1651529264
|move|p2a: Weavile|Knock Off|p1a: Volcanion
|-damage|p1a: Volcanion|0 fnt
|-enditem|p1a: Volcanion|Choice Specs|[from] move: Knock Off|[of] p2a: Weavile
|faint|p1a: Volcanion
|
|upkeep
|l| ipiplup
|
|t:|1651529269
|switch|p1a: Cornelia|Kartana, shiny|84/100
|turn|15
|
|t:|1651529272
|move|p1a: Cornelia|Knock Off|p2a: Weavile
|-resisted|p2a: Weavile
|-damage|p2a: Weavile|0 fnt
|-enditem|p2a: Weavile|Heavy-Duty Boots|[from] move: Knock Off|[of] p1a: Cornelia
|faint|p2a: Weavile
|-ability|p1a: Cornelia|Beast Boost|boost
|-boost|p1a: Cornelia|atk|1
|
|upkeep
|
|t:|1651529280
|switch|p2a: Heatran|Heatran, M|100/100
|turn|16
|
|t:|1651529290
|move|p1a: Cornelia|Knock Off|p2a: Heatran
|-damage|p2a: Heatran|37/100
|-enditem|p2a: Heatran|Choice Scarf|[from] move: Knock Off|[of] p1a: Cornelia
|move|p2a: Heatran|Eruption|p1a: Cornelia
|-supereffective|p1a: Cornelia
|-damage|p1a: Cornelia|0 fnt
|faint|p1a: Cornelia
|
|upkeep
|
|t:|1651529295
|switch|p1a: Zapdos|Zapdos|100/100
|turn|17
|
|t:|1651529305
|switch|p2a: Dragonite|Dragonite, F|100/100
|move|p1a: Zapdos|Thunderbolt|p2a: Dragonite
|-damage|p2a: Dragonite|77/100
|
|upkeep
|turn|18
|j| Uxilon
|
|t:|1651529310
|move|p2a: Dragonite|Extreme Speed|p1a: Zapdos
|-damage|p1a: Zapdos|45/100
|move|p1a: Zapdos|Thunderbolt|p2a: Dragonite
|-damage|p2a: Dragonite|34/100
|
|upkeep
|turn|19
|
|t:|1651529314
|move|p2a: Dragonite|Extreme Speed|p1a: Zapdos
|-damage|p1a: Zapdos|0 fnt
|faint|p1a: Zapdos
|
|upkeep
|inactive|SetsuStsna has 120 seconds left.
|inactive|SetsuStsna has 90 seconds left.
|j| PrettyVenomoth-AD
|c| PrettyVenomoth-AD|show me power
|inactive|SetsuStsna has 60 seconds left.
|
|t:|1651529409
|switch|p1a: Melmetal|Melmetal, shiny|77/100
|turn|20
|j| Echo2615
|
|t:|1651529424
|move|p2a: Dragonite|Extreme Speed|p1a: Melmetal
|-resisted|p1a: Melmetal
|-damage|p1a: Melmetal|62/100
|move|p1a: Melmetal|Double Iron Bash|p2a: Dragonite
|-damage|p2a: Dragonite|0 fnt
|faint|p2a: Dragonite
|-hitcount|p2: Dragonite|1
|
|upkeep
|
|t:|1651529427
|switch|p2a: Heatran|Heatran, M|37/100
|turn|21
|inactive|BigBootyBuddha7 has 120 seconds left.
|inactive|BigBootyBuddha7 has 90 seconds left.
|
|t:|1651529489
|move|p2a: Heatran|Earth Power|p1a: Melmetal
|-supereffective|p1a: Melmetal
|-damage|p1a: Melmetal|24/100
|move|p1a: Melmetal|Earthquake|p2a: Heatran
|-supereffective|p2a: Heatran
|-damage|p2a: Heatran|0 fnt
|faint|p2a: Heatran
|
|win|SetsuStsna
|n|☆SetsuStsna|setsustsna
|n|☆BigBootyBuddha7|bigbootybuddha7
|n| nooob ninja|nooobninja
|n| TyranitarTerror|tyranitarterror
|n| Themelaninkage|themelaninkage
|n| Bayb The 2nd|baybthe2nd
|n| Y-Wing Fighter|ywingfighter
|n| Landon✘A21|landona21
|n| SUPAWASSI|supawassi
|n| Down$hift Memez|downhiftmemez
|n| Ure Trippin|uretrippin
|n| Cra3k|cra3k
|n| iniub|iniub
|n| Uxilon|uxilon
|n| PrettyVenomoth-AD|prettyvenomothad
|n| Echo2615|echo2615
