|j|☆HQSNonsense
|j|☆Elosko
|t:|1667222869
|gametype|singles
|player|p1|HQSNonsense|veteranf|1663
|player|p2|Elosko|1|1728
|teamsize|p1|6
|teamsize|p2|6
|gen|8
|tier|[Gen 8] OU
|rated|
|rule|Sleep Clause Mod: Limit one foe put to sleep
|rule|Species Clause: Limit one of each Pokémon
|rule|OHKO Clause: OHKO moves are banned
|rule|Evasion Items Clause: Evasion items are banned
|rule|Evasion Moves Clause: Evasion moves are banned
|rule|Endless Battle Clause: Forcing endless battles is banned
|rule|HP Percentage Mod: HP is shown in percentages
|rule|Dynamax Clause: You cannot dynamax
|clearpoke
|poke|p1|Blaziken, F|
|poke|p1|Rillaboom, F|
|poke|p1|Landorus-Therian, M|
|poke|p1|Nihilego|
|poke|p1|Bisharp, F|
|poke|p1|Dragonite, M|
|poke|p2|Kartana|
|poke|p2|Dragapult, F|
|poke|p2|Corviknight, M|
|poke|p2|Hippowdon, F|
|poke|p2|Toxapex, M|
|poke|p2|Clefable, F|
|teampreview
|
|t:|1667222923
|start
|switch|p1a: Bisharp|Bisharp, F|100/100
|switch|p2a: Dragapult|Dragapult, F|100/100
|turn|1
|
|t:|1667222933
|move|p2a: Dragapult|U-turn|p1a: Bisharp
|-damage|p1a: Bisharp|81/100
|
|t:|1667222936
|switch|p2a: Corviknight|Corviknight, M, shiny|100/100|[from]move: U-turn
|-ability|p2a: Corviknight|Pressure
|move|p1a: Bisharp|Knock Off|p2a: Corviknight
|-damage|p2a: Corviknight|70/100
|-enditem|p2a: Corviknight|Leftovers|[from] move: Knock Off|[of] p1a: Bisharp
|
|upkeep
|turn|2
|
|t:|1667222951
|move|p1a: Bisharp|Stealth Rock|p2a: Corviknight
|-sidestart|p2: Elosko|move: Stealth Rock
|move|p2a: Corviknight|Roost|p2a: Corviknight
|-heal|p2a: Corviknight|100/100
|-singleturn|p2a: Corviknight|move: Roost
|
|upkeep
|turn|3
|
|t:|1667222956
|move|p1a: Bisharp|Thunder Wave|p2a: Corviknight
|-status|p2a: Corviknight|par
|cant|p2a: Corviknight|par
|
|upkeep
|turn|4
|
|t:|1667222964
|move|p1a: Bisharp|Knock Off|p2a: Corviknight
|-damage|p2a: Corviknight|79/100 par
|move|p2a: Corviknight|U-turn|p1a: Bisharp
|-damage|p1a: Bisharp|63/100
|
|t:|1667222970
|switch|p2a: Kartana|Kartana|100/100|[from]move: U-turn
|-damage|p2a: Kartana|94/100|[from] Stealth Rock
|
|upkeep
|turn|5
|
|t:|1667222973
|move|p2a: Kartana|Sacred Sword|p1a: Bisharp
|-supereffective|p1a: Bisharp
|-damage|p1a: Bisharp|0 fnt
|faint|p1a: Bisharp
|-ability|p2a: Kartana|Beast Boost|boost
|-boost|p2a: Kartana|spe|1
|
|upkeep
|
|t:|1667222984
|switch|p1a: Rillaboom|Rillaboom, F|100/100
|-fieldstart|move: Grassy Terrain|[from] ability: Grassy Surge|[of] p1a: Rillaboom
|turn|6
|inactive|Battle timer is ON: inactive players will automatically lose when time's up. (requested by HQSNonsense)
|inactive|Elosko has 120 seconds left.
|
|t:|1667223037
|switch|p2a: Corviknight|Corviknight, M, shiny|79/100 par
|-damage|p2a: Corviknight|67/100 par|[from] Stealth Rock
|-ability|p2a: Corviknight|Pressure
|move|p1a: Rillaboom|Swords Dance|p1a: Rillaboom
|-boost|p1a: Rillaboom|atk|2
|
|upkeep
|turn|7
|
|t:|1667223044
|move|p1a: Rillaboom|Swords Dance|p1a: Rillaboom
|-boost|p1a: Rillaboom|atk|2
|move|p2a: Corviknight|Brave Bird|p1a: Rillaboom
|-supereffective|p1a: Rillaboom
|-damage|p1a: Rillaboom|17/100
|-damage|p2a: Corviknight|43/100 par|[from] Recoil
|
|-heal|p1a: Rillaboom|23/100|[from] Grassy Terrain
|upkeep
|turn|8
|
|t:|1667223055
|move|p1a: Rillaboom|Drain Punch|p2a: Corviknight
|-damage|p2a: Corviknight|0 fnt
|-heal|p1a: Rillaboom|49/100|[from] drain|[of] p2a: Corviknight
|faint|p2a: Corviknight
|-damage|p1a: Rillaboom|39/100|[from] item: Life Orb
|
|-heal|p1a: Rillaboom|45/100|[from] Grassy Terrain
|upkeep
|
|t:|1667223059
|switch|p2a: Kartana|Kartana|94/100
|-damage|p2a: Kartana|88/100|[from] Stealth Rock
|turn|9
|
|t:|1667223063
|move|p2a: Kartana|Knock Off|p1a: Rillaboom
|-damage|p1a: Rillaboom|11/100
|-enditem|p1a: Rillaboom|Life Orb|[from] move: Knock Off|[of] p2a: Kartana
|move|p1a: Rillaboom|Drain Punch|p2a: Kartana
|-supereffective|p2a: Kartana
|-damage|p2a: Kartana|0 fnt
|-heal|p1a: Rillaboom|52/100|[from] drain|[of] p2a: Kartana
|faint|p2a: Kartana
|
|-heal|p1a: Rillaboom|58/100|[from] Grassy Terrain
|upkeep
|-message|Elosko forfeited.
|
|win|HQSNonsense
|raw|HQSNonsense's rating: 1663 &rarr; <strong>1687</strong><br />(+24 for winning)
|raw|Elosko's rating: 1728 &rarr; <strong>1704</strong><br />(-24 for losing)
|l|☆Elosko
