|j|☆KipsKage
|j|☆soap776
|player|p1|KipsKage|102|1114
|player|p2|soap776|red|1128
|teamsize|p1|6
|teamsize|p2|6
|gametype|singles
|gen|8
|tier|[Gen 8] OU
|rated|
|rule|Sleep Clause Mod: Limit one foe put to sleep
|rule|Species Clause: Limit one of each Pokémon
|rule|OHKO Clause: OHKO moves are banned
|rule|Evasion Moves Clause: Evasion moves are banned
|rule|Endless Battle Clause: Forcing endless battles is banned
|rule|HP Percentage Mod: HP is shown in percentages
|clearpoke
|poke|p1|Sylveon, F|
|poke|p1|Ferrothorn, M|
|poke|p1|Barraskewda, F|
|poke|p1|Scrafty, M|
|poke|p1|Hydreigon, M|
|poke|p1|Dracozolt|
|poke|p2|Darmanitan-Galar, F|
|poke|p2|Gyarados, M|
|poke|p2|Cinderace, M|
|poke|p2|Toxapex, F|
|poke|p2|Toxtricity, M|
|poke|p2|Grimmsnarl, M|
|rule|Dynamax Clause: You cannot dynamax
|teampreview
|
|start
|switch|p1a: Barraskewda|Barraskewda, F|100/100
|switch|p2a: Darmanitan|Darmanitan-Galar, F|100/100
|turn|1
|
|move|p2a: Darmanitan|U-turn|p1a: Barraskewda
|-damage|p1a: Barraskewda|31/100
|
|switch|p2a: Toxapex|Toxapex, F|100/100|[from]move: U-turn
|move|p1a: Barraskewda|Close Combat|p2a: Toxapex
|-resisted|p2a: Toxapex
|-damage|p2a: Toxapex|81/100
|-unboost|p1a: Barraskewda|def|1
|-unboost|p1a: Barraskewda|spd|1
|
|-heal|p2a: Toxapex|88/100|[from] item: Black Sludge
|upkeep
|turn|2
|
|switch|p1a: Dracozolt|Dracozolt|100/100
|move|p2a: Toxapex|Scald|p1a: Dracozolt
|-resisted|p1a: Dracozolt
|-damage|p1a: Dracozolt|88/100
|
|-heal|p2a: Toxapex|94/100|[from] item: Black Sludge
|upkeep
|turn|3
|
|move|p1a: Dracozolt|Taunt|p2a: Toxapex
|-start|p2a: Toxapex|move: Taunt
|cant|p2a: Toxapex|move: Taunt|Recover
|
|-heal|p2a: Toxapex|99/100|[from] item: Black Sludge
|upkeep
|turn|4
|
|switch|p2a: Toxtricity|Toxtricity, M|100/100
|move|p1a: Dracozolt|Bolt Beak|p2a: Toxtricity|[miss]
|-miss|p1a: Dracozolt|p2a: Toxtricity
|-enditem|p1a: Dracozolt|Blunder Policy
|-boost|p1a: Dracozolt|spe|2
|
|upkeep
|turn|5
|
|move|p1a: Dracozolt|Earthquake|p2a: Toxtricity
|-supereffective|p2a: Toxtricity
|-damage|p2a: Toxtricity|0 fnt
|faint|p2a: Toxtricity
|
|upkeep
|
|switch|p2a: Grimmsnarl|Grimmsnarl, M|100/100
|turn|6
|
|move|p2a: Grimmsnarl|Reflect|p2a: Grimmsnarl
|-sidestart|p2: soap776|Reflect
|move|p1a: Dracozolt|Bolt Beak|p2a: Grimmsnarl
|-damage|p2a: Grimmsnarl|60/100
|
|upkeep
|turn|7
|
|move|p1a: Dracozolt|Bolt Beak|p2a: Grimmsnarl
|-damage|p2a: Grimmsnarl|0 fnt
|faint|p2a: Grimmsnarl
|
|upkeep
|
|switch|p2a: Darmanitan|Darmanitan-Galar, F|100/100
|turn|8
|
|move|p1a: Dracozolt|Earthquake|p2a: Darmanitan
|-damage|p2a: Darmanitan|66/100
|move|p2a: Darmanitan|Earthquake|p1a: Dracozolt
|-supereffective|p1a: Dracozolt
|-damage|p1a: Dracozolt|0 fnt
|faint|p1a: Dracozolt
|
|upkeep
|
|switch|p1a: Barraskewda|Barraskewda, F|31/100
|turn|9
|
|move|p2a: Darmanitan|Earthquake|p1a: Barraskewda
|-crit|p1a: Barraskewda
|-damage|p1a: Barraskewda|0 fnt
|faint|p1a: Barraskewda
|
|upkeep
|
|switch|p1a: Hydreigon|Hydreigon, M|100/100
|turn|10
|
|switch|p2a: Toxapex|Toxapex, F|100/100
|move|p1a: Hydreigon|Fire Blast|p2a: Toxapex|[miss]
|-miss|p1a: Hydreigon|p2a: Toxapex
|
|upkeep
|turn|11
|
|move|p1a: Hydreigon|Fire Blast|p2a: Toxapex
|-resisted|p2a: Toxapex
|-damage|p2a: Toxapex|83/100
|move|p2a: Toxapex|Toxic|p1a: Hydreigon
|-status|p1a: Hydreigon|tox
|
|-heal|p2a: Toxapex|89/100|[from] item: Black Sludge
|-damage|p1a: Hydreigon|94/100 tox|[from] psn
|upkeep
|turn|12
|
|switch|p1a: Ferrothorn|Ferrothorn, M|100/100
|switch|p2a: Gyarados|Gyarados, M|100/100
|
|upkeep
|turn|13
|
|switch|p2a: Cinderace|Cinderace, M|100/100
|move|p1a: Ferrothorn|Leech Seed|p2a: Cinderace
|-start|p2a: Cinderace|move: Leech Seed
|
|-damage|p2a: Cinderace|88/100|[from] Leech Seed|[of] p1a: Ferrothorn
|-sideend|p2: soap776|Reflect
|upkeep
|turn|14
|
|switch|p1a: Sylveon|Sylveon, F|100/100
|move|p2a: Cinderace|Pyro Ball|p1a: Sylveon
|-damage|p1a: Sylveon|34/100
|
|-damage|p2a: Cinderace|76/100|[from] Leech Seed|[of] p1a: Sylveon
|-heal|p1a: Sylveon|43/100|[silent]
|upkeep
|turn|15
|
|move|p2a: Cinderace|U-turn|p1a: Sylveon
|-resisted|p1a: Sylveon
|-damage|p1a: Sylveon|30/100
|
|switch|p2a: Toxapex|Toxapex, F|100/100|[from]move: U-turn
|move|p1a: Sylveon|Hyper Voice|p2a: Toxapex
|-resisted|p2a: Toxapex
|-damage|p2a: Toxapex|80/100
|
|-heal|p2a: Toxapex|86/100|[from] item: Black Sludge
|upkeep
|turn|16
|
|switch|p2a: Cinderace|Cinderace, M|76/100
|move|p1a: Sylveon|Wish|p1a: Sylveon
|
|upkeep
|turn|17
|
|switch|p1a: Hydreigon|Hydreigon, M|94/100 tox
|move|p2a: Cinderace|Pyro Ball|p1a: Hydreigon|[miss]
|-miss|p2a: Cinderace|p1a: Hydreigon
|
|-heal|p1a: Hydreigon|100/100 tox|[from] move: Wish|[wisher] Sylveon
|-damage|p1a: Hydreigon|94/100 tox|[from] psn
|upkeep
|turn|18
|
|move|p1a: Hydreigon|Draco Meteor|p2a: Cinderace
|-damage|p2a: Cinderace|0 fnt
|-unboost|p1a: Hydreigon|spa|2
|faint|p2a: Cinderace
|
|-damage|p1a: Hydreigon|82/100 tox|[from] psn
|upkeep
|
|switch|p2a: Gyarados|Gyarados, M|100/100
|turn|19
|
|switch|p1a: Ferrothorn|Ferrothorn, M|100/100
|move|p2a: Gyarados|Dragon Dance|p2a: Gyarados
|-boost|p2a: Gyarados|atk|1
|-boost|p2a: Gyarados|spe|1
|
|upkeep
|turn|20
|
|move|p2a: Gyarados|Earthquake|p1a: Ferrothorn
|-damage|p1a: Ferrothorn|64/100
|-damage|p2a: Gyarados|91/100|[from] item: Life Orb
|move|p1a: Ferrothorn|Gyro Ball|p2a: Gyarados
|-resisted|p2a: Gyarados
|-damage|p2a: Gyarados|61/100
|
|-heal|p1a: Ferrothorn|71/100|[from] item: Leftovers
|upkeep
|turn|21
|
|switch|p2a: Toxapex|Toxapex, F|100/100
|move|p1a: Ferrothorn|Leech Seed|p2a: Toxapex
|-start|p2a: Toxapex|move: Leech Seed
|
|-heal|p1a: Ferrothorn|77/100|[from] item: Leftovers
|-damage|p2a: Toxapex|88/100|[from] Leech Seed|[of] p1a: Ferrothorn
|-heal|p1a: Ferrothorn|88/100|[silent]
|upkeep
|turn|22
|
|move|p2a: Toxapex|Scald|p1a: Ferrothorn
|-resisted|p1a: Ferrothorn
|-damage|p1a: Ferrothorn|81/100
|move|p1a: Ferrothorn|Stealth Rock|p2a: Toxapex
|-sidestart|p2: soap776|move: Stealth Rock
|
|-heal|p2a: Toxapex|94/100|[from] item: Black Sludge
|-heal|p1a: Ferrothorn|87/100|[from] item: Leftovers
|-damage|p2a: Toxapex|82/100|[from] Leech Seed|[of] p1a: Ferrothorn
|-heal|p1a: Ferrothorn|98/100|[silent]
|upkeep
|turn|23
|
|move|p2a: Toxapex|Scald|p1a: Ferrothorn
|-resisted|p1a: Ferrothorn
|-damage|p1a: Ferrothorn|91/100
|move|p1a: Ferrothorn|Power Whip|p2a: Toxapex
|-damage|p2a: Toxapex|59/100
|
|-heal|p2a: Toxapex|65/100|[from] item: Black Sludge
|-heal|p1a: Ferrothorn|97/100|[from] item: Leftovers
|-damage|p2a: Toxapex|53/100|[from] Leech Seed|[of] p1a: Ferrothorn
|-heal|p1a: Ferrothorn|100/100|[silent]
|upkeep
|turn|24
|
|move|p2a: Toxapex|Scald|p1a: Ferrothorn
|-resisted|p1a: Ferrothorn
|-damage|p1a: Ferrothorn|93/100
|move|p1a: Ferrothorn|Power Whip|p2a: Toxapex
|-crit|p2a: Toxapex
|-damage|p2a: Toxapex|17/100
|
|-heal|p2a: Toxapex|23/100|[from] item: Black Sludge
|-heal|p1a: Ferrothorn|99/100|[from] item: Leftovers
|-damage|p2a: Toxapex|11/100|[from] Leech Seed|[of] p1a: Ferrothorn
|-heal|p1a: Ferrothorn|100/100|[silent]
|upkeep
|turn|25
|
|move|p2a: Toxapex|Recover|p2a: Toxapex
|-heal|p2a: Toxapex|61/100
|move|p1a: Ferrothorn|Stealth Rock||[still]
|-fail|p1a: Ferrothorn
|
|-heal|p2a: Toxapex|67/100|[from] item: Black Sludge
|-damage|p2a: Toxapex|54/100|[from] Leech Seed|[of] p1a: Ferrothorn
|upkeep
|turn|26
|
|move|p2a: Toxapex|Scald|p1a: Ferrothorn
|-resisted|p1a: Ferrothorn
|-damage|p1a: Ferrothorn|94/100
|move|p1a: Ferrothorn|Power Whip|p2a: Toxapex
|-damage|p2a: Toxapex|32/100
|
|-heal|p2a: Toxapex|39/100|[from] item: Black Sludge
|-heal|p1a: Ferrothorn|99/100|[from] item: Leftovers
|-damage|p2a: Toxapex|26/100|[from] Leech Seed|[of] p1a: Ferrothorn
|-heal|p1a: Ferrothorn|100/100|[silent]
|upkeep
|turn|27
|
|move|p2a: Toxapex|Recover|p2a: Toxapex
|-heal|p2a: Toxapex|76/100
|move|p1a: Ferrothorn|Power Whip|p2a: Toxapex|[miss]
|-miss|p1a: Ferrothorn|p2a: Toxapex
|
|-heal|p2a: Toxapex|82/100|[from] item: Black Sludge
|-damage|p2a: Toxapex|70/100|[from] Leech Seed|[of] p1a: Ferrothorn
|upkeep
|turn|28
|
|move|p2a: Toxapex|Scald|p1a: Ferrothorn
|-resisted|p1a: Ferrothorn
|-damage|p1a: Ferrothorn|94/100
|move|p1a: Ferrothorn|Power Whip|p2a: Toxapex|[miss]
|-miss|p1a: Ferrothorn|p2a: Toxapex
|
|-heal|p2a: Toxapex|76/100|[from] item: Black Sludge
|-heal|p1a: Ferrothorn|99/100|[from] item: Leftovers
|-damage|p2a: Toxapex|64/100|[from] Leech Seed|[of] p1a: Ferrothorn
|-heal|p1a: Ferrothorn|100/100|[silent]
|upkeep
|turn|29
|
|move|p2a: Toxapex|Scald|p1a: Ferrothorn
|-resisted|p1a: Ferrothorn
|-damage|p1a: Ferrothorn|94/100
|move|p1a: Ferrothorn|Power Whip|p2a: Toxapex
|-damage|p2a: Toxapex|39/100
|
|-heal|p2a: Toxapex|45/100|[from] item: Black Sludge
|-heal|p1a: Ferrothorn|99/100|[from] item: Leftovers
|-damage|p2a: Toxapex|33/100|[from] Leech Seed|[of] p1a: Ferrothorn
|-heal|p1a: Ferrothorn|100/100|[silent]
|upkeep
|turn|30
|
|move|p2a: Toxapex|Recover|p2a: Toxapex
|-heal|p2a: Toxapex|83/100
|move|p1a: Ferrothorn|Power Whip|p2a: Toxapex
|-damage|p2a: Toxapex|58/100
|
|-heal|p2a: Toxapex|64/100|[from] item: Black Sludge
|-damage|p2a: Toxapex|52/100|[from] Leech Seed|[of] p1a: Ferrothorn
|upkeep
|turn|31
|
|move|p2a: Toxapex|Scald|p1a: Ferrothorn
|-resisted|p1a: Ferrothorn
|-damage|p1a: Ferrothorn|93/100
|-status|p1a: Ferrothorn|brn
|move|p1a: Ferrothorn|Gyro Ball|p2a: Toxapex
|-resisted|p2a: Toxapex
|-damage|p2a: Toxapex|50/100
|
|-heal|p2a: Toxapex|56/100|[from] item: Black Sludge
|-heal|p1a: Ferrothorn|99/100 brn|[from] item: Leftovers
|-damage|p2a: Toxapex|44/100|[from] Leech Seed|[of] p1a: Ferrothorn
|-heal|p1a: Ferrothorn|100/100 brn|[silent]
|-damage|p1a: Ferrothorn|94/100 brn|[from] brn
|upkeep
|turn|32
|
|move|p2a: Toxapex|Recover|p2a: Toxapex
|-heal|p2a: Toxapex|94/100
|move|p1a: Ferrothorn|Power Whip|p2a: Toxapex
|-damage|p2a: Toxapex|83/100
|
|-heal|p2a: Toxapex|89/100|[from] item: Black Sludge
|-heal|p1a: Ferrothorn|100/100 brn|[from] item: Leftovers
|-damage|p2a: Toxapex|77/100|[from] Leech Seed|[of] p1a: Ferrothorn
|-damage|p1a: Ferrothorn|94/100 brn|[from] brn
|upkeep
|turn|33
|
|switch|p1a: Hydreigon|Hydreigon, M|82/100 tox
|move|p2a: Toxapex|Haze|p2a: Toxapex
|-clearallboost
|
|-heal|p2a: Toxapex|83/100|[from] item: Black Sludge
|-damage|p2a: Toxapex|71/100|[from] Leech Seed|[of] p1a: Hydreigon
|-heal|p1a: Hydreigon|94/100 tox|[silent]
|-damage|p1a: Hydreigon|88/100 tox|[from] psn
|upkeep
|turn|34
|
|move|p1a: Hydreigon|Draco Meteor|p2a: Toxapex
|-damage|p2a: Toxapex|7/100
|-unboost|p1a: Hydreigon|spa|2
|move|p2a: Toxapex|Scald|p1a: Hydreigon
|-resisted|p1a: Hydreigon
|-damage|p1a: Hydreigon|78/100 tox
|
|-heal|p2a: Toxapex|14/100|[from] item: Black Sludge
|-damage|p2a: Toxapex|1/100|[from] Leech Seed|[of] p1a: Hydreigon
|-heal|p1a: Hydreigon|89/100 tox|[silent]
|-damage|p1a: Hydreigon|77/100 tox|[from] psn
|upkeep
|turn|35
|
|move|p1a: Hydreigon|Draco Meteor|p2a: Toxapex
|-damage|p2a: Toxapex|0 fnt
|-unboost|p1a: Hydreigon|spa|2
|faint|p2a: Toxapex
|
|-damage|p1a: Hydreigon|59/100 tox|[from] psn
|upkeep
|
|switch|p2a: Darmanitan|Darmanitan-Galar, F|66/100
|-damage|p2a: Darmanitan|41/100|[from] Stealth Rock
|turn|36
|
|switch|p1a: Scrafty|Scrafty, M|100/100
|move|p2a: Darmanitan|Icicle Crash|p1a: Scrafty
|-damage|p1a: Scrafty|36/100
|
|upkeep
|turn|37
|
|move|p2a: Darmanitan|Icicle Crash|p1a: Scrafty
|-damage|p1a: Scrafty|0 fnt
|faint|p1a: Scrafty
|
|upkeep
|
|switch|p1a: Hydreigon|Hydreigon, M|59/100 tox
|turn|38
|
|switch|p2a: Gyarados|Gyarados, M|61/100
|-damage|p2a: Gyarados|36/100|[from] Stealth Rock
|move|p1a: Hydreigon|Fire Blast|p2a: Gyarados
|-resisted|p2a: Gyarados
|-damage|p2a: Gyarados|16/100
|
|-damage|p1a: Hydreigon|53/100 tox|[from] psn
|upkeep
|turn|39
|
|move|p1a: Hydreigon|Fire Blast|p2a: Gyarados
|-resisted|p2a: Gyarados
|-damage|p2a: Gyarados|0 fnt
|faint|p2a: Gyarados
|
|-damage|p1a: Hydreigon|40/100 tox|[from] psn
|upkeep
|
|switch|p2a: Darmanitan|Darmanitan-Galar, F|41/100
|-damage|p2a: Darmanitan|16/100|[from] Stealth Rock
|turn|40
|
|move|p2a: Darmanitan|Icicle Crash|p1a: Hydreigon
|-supereffective|p1a: Hydreigon
|-damage|p1a: Hydreigon|0 fnt
|faint|p1a: Hydreigon
|
|upkeep
|
|switch|p1a: Ferrothorn|Ferrothorn, M|94/100 brn
|turn|41
|
|move|p2a: Darmanitan|Icicle Crash|p1a: Ferrothorn
|-damage|p1a: Ferrothorn|56/100 brn
|cant|p1a: Ferrothorn|flinch
|
|-heal|p1a: Ferrothorn|62/100 brn|[from] item: Leftovers
|-damage|p1a: Ferrothorn|56/100 brn|[from] brn
|upkeep
|turn|42
|
|move|p2a: Darmanitan|Icicle Crash|p1a: Ferrothorn
|-damage|p1a: Ferrothorn|17/100 brn
|move|p1a: Ferrothorn|Leech Seed|p2a: Darmanitan
|-start|p2a: Darmanitan|move: Leech Seed
|
|-heal|p1a: Ferrothorn|23/100 brn|[from] item: Leftovers
|-damage|p2a: Darmanitan|3/100|[from] Leech Seed|[of] p1a: Ferrothorn
|-heal|p1a: Ferrothorn|36/100 brn|[silent]
|-damage|p1a: Ferrothorn|29/100 brn|[from] brn
|upkeep
|turn|43
|
|move|p2a: Darmanitan|Icicle Crash|p1a: Ferrothorn
|-crit|p1a: Ferrothorn
|-damage|p1a: Ferrothorn|0 fnt
|faint|p1a: Ferrothorn
|
|upkeep
|
|switch|p1a: Sylveon|Sylveon, F|30/100
|turn|44
|
|move|p2a: Darmanitan|Icicle Crash|p1a: Sylveon
|-damage|p1a: Sylveon|0 fnt
|faint|p1a: Sylveon
|
|win|soap776
|raw|KipsKage's rating: 1114 &rarr; <strong>1090</strong><br />(-24 for losing)
|raw|soap776's rating: 1128 &rarr; <strong>1152</strong><br />(+24 for winning)
|c|☆soap776|gg
|l|☆KipsKage
