|j|☆Corumba
|j|☆LT71LX Allistair
|t:|1641640215
|gametype|singles
|player|p1|Corumba|1|1762
|player|p2|LT71LX Allistair|1|1805
|teamsize|p1|6
|teamsize|p2|6
|gen|8
|tier|[Gen 8] OU
|rated|
|rule|Sleep Clause Mod: Limit one foe put to sleep
|rule|Species Clause: Limit one of each Pokémon
|rule|OHKO Clause: OHKO moves are banned
|rule|Evasion Moves Clause: Evasion moves are banned
|rule|Endless Battle Clause: Forcing endless battles is banned
|rule|HP Percentage Mod: HP is shown in percentages
|rule|Dynamax Clause: You cannot dynamax
|clearpoke
|poke|p1|Dragapult, M|
|poke|p1|Dragonite, F|
|poke|p1|Celesteela|
|poke|p1|Melmetal|
|poke|p1|Mamoswine, M|
|poke|p1|Ferrothorn, M|
|poke|p2|Mew|
|poke|p2|Tapu Fini|
|poke|p2|Slurpuff, F|
|poke|p2|Heatran, M|
|poke|p2|Jirachi|
|poke|p2|Weavile, M|
|teampreview
|
|t:|1641640233
|start
|switch|p1a: Mamoswine|Mamoswine, M|100/100
|switch|p2a: Slurpuff|Slurpuff, F|100/100
|turn|1
|
|t:|1641640252
|move|p1a: Mamoswine|Stealth Rock|p2a: Slurpuff
|-sidestart|p2: LT71LX Allistair|move: Stealth Rock
|move|p2a: Slurpuff|Sticky Web|p1a: Mamoswine
|-sidestart|p1: Corumba|move: Sticky Web
|
|upkeep
|turn|2
|
|t:|1641640257
|move|p1a: Mamoswine|Icicle Crash|p2a: Slurpuff
|-damage|p2a: Slurpuff|49/100
|move|p2a: Slurpuff|Yawn|p1a: Mamoswine
|-start|p1a: Mamoswine|move: Yawn|[of] p2a: Slurpuff
|
|upkeep
|turn|3
|
|t:|1641640270
|switch|p1a: Ferrothorn|Ferrothorn, M|100/100
|-activate|p1a: Ferrothorn|move: Sticky Web
|-unboost|p1a: Ferrothorn|spe|1
|move|p2a: Slurpuff|Misty Explosion|p1a: Ferrothorn
|-resisted|p1a: Ferrothorn
|-damage|p1a: Ferrothorn|92/100
|faint|p2a: Slurpuff
|
|-heal|p1a: Ferrothorn|98/100|[from] item: Leftovers
|upkeep
|
|t:|1641640274
|switch|p2a: Heatran|Heatran, M|100/100
|-damage|p2a: Heatran|88/100|[from] Stealth Rock
|turn|4
|
|t:|1641640278
|switch|p1a: Dragonite|Dragonite, F|100/100
|move|p2a: Heatran|Will-O-Wisp|p1a: Dragonite
|-status|p1a: Dragonite|brn
|
|-damage|p1a: Dragonite|94/100 brn|[from] brn
|upkeep
|turn|5
|
|t:|1641640284
|move|p2a: Heatran|Taunt|p1a: Dragonite
|-start|p1a: Dragonite|move: Taunt
|move|p1a: Dragonite|Earthquake|p2a: Heatran
|-supereffective|p2a: Heatran
|-damage|p2a: Heatran|44/100
|-enditem|p2a: Heatran|Eject Button
|
|t:|1641640289
|switch|p2a: Mew|Mew|100/100
|-damage|p2a: Mew|88/100|[from] Stealth Rock
|
|-damage|p1a: Dragonite|88/100 brn|[from] brn
|upkeep
|turn|6
|j| zttyt
|
|t:|1641640325
|move|p2a: Mew|Cosmic Power|p2a: Mew
|-boost|p2a: Mew|def|1
|-boost|p2a: Mew|spd|1
|move|p1a: Dragonite|Ice Beam|p2a: Mew
|-damage|p2a: Mew|76/100
|
|-damage|p1a: Dragonite|82/100 brn|[from] brn
|upkeep
|turn|7
|inactive|Battle timer is ON: inactive players will automatically lose when time's up. (requested by Corumba)
|l| zttyt
|
|t:|1641640388
|move|p2a: Mew|Cosmic Power|p2a: Mew
|-boost|p2a: Mew|def|1
|-boost|p2a: Mew|spd|1
|move|p1a: Dragonite|Ice Beam|p2a: Mew
|-damage|p2a: Mew|65/100
|
|-damage|p1a: Dragonite|76/100 brn|[from] brn
|-end|p1a: Dragonite|move: Taunt
|upkeep
|turn|8
|
|t:|1641640392
|move|p2a: Mew|Taunt|p1a: Dragonite
|-start|p1a: Dragonite|move: Taunt
|cant|p1a: Dragonite|move: Taunt|Thunder Wave
|
|-damage|p1a: Dragonite|69/100 brn|[from] brn
|upkeep
|turn|9
|j| RipReckful
|
|t:|1641640401
|switch|p1a: Melmetal|Melmetal|100/100
|-activate|p1a: Melmetal|move: Sticky Web
|-unboost|p1a: Melmetal|spe|1
|move|p2a: Mew|Cosmic Power|p2a: Mew
|-boost|p2a: Mew|def|1
|-boost|p2a: Mew|spd|1
|
|upkeep
|turn|10
|
|t:|1641640404
|move|p2a: Mew|Taunt|p1a: Melmetal
|-start|p1a: Melmetal|move: Taunt
|cant|p1a: Melmetal|move: Taunt|Thunder Wave
|
|upkeep
|turn|11
|
|t:|1641640406
|move|p2a: Mew|Cosmic Power|p2a: Mew
|-boost|p2a: Mew|def|1
|-boost|p2a: Mew|spd|1
|move|p1a: Melmetal|Double Iron Bash|p2a: Mew
|-damage|p2a: Mew|53/100
|-damage|p2a: Mew|40/100
|-hitcount|p2a: Mew|2
|
|upkeep
|turn|12
|
|t:|1641640409
|move|p2a: Mew|Roost|p2a: Mew
|-heal|p2a: Mew|91/100
|-singleturn|p2a: Mew|move: Roost
|move|p1a: Melmetal|Thunder Punch|p2a: Mew
|-damage|p2a: Mew|80/100
|
|-end|p1a: Melmetal|move: Taunt
|upkeep
|turn|13
|
|t:|1641640414
|move|p2a: Mew|Taunt|p1a: Melmetal
|-start|p1a: Melmetal|move: Taunt
|move|p1a: Melmetal|Thunder Punch|p2a: Mew
|-damage|p2a: Mew|68/100
|
|upkeep
|turn|14
|
|t:|1641640416
|move|p2a: Mew|Cosmic Power|p2a: Mew
|-boost|p2a: Mew|def|1
|-boost|p2a: Mew|spd|1
|move|p1a: Melmetal|Thunder Punch|p2a: Mew
|-damage|p2a: Mew|59/100
|
|upkeep
|turn|15
|
|t:|1641640419
|move|p2a: Mew|Roost|p2a: Mew
|-heal|p2a: Mew|100/100
|-singleturn|p2a: Mew|move: Roost
|move|p1a: Melmetal|Thunder Punch|p2a: Mew
|-damage|p2a: Mew|92/100
|-status|p2a: Mew|par
|-activate|p2a: Mew|ability: Synchronize
|-status|p1a: Melmetal|par
|
|-end|p1a: Melmetal|move: Taunt
|upkeep
|turn|16
|
|t:|1641640427
|switch|p1a: Celesteela|Celesteela|100/100
|cant|p2a: Mew|par
|
|upkeep
|turn|17
|
|t:|1641640431
|move|p1a: Celesteela|Leech Seed|p2a: Mew
|-start|p2a: Mew|move: Leech Seed
|move|p2a: Mew|Taunt|p1a: Celesteela
|-start|p1a: Celesteela|move: Taunt
|
|-damage|p2a: Mew|80/100 par|[from] Leech Seed|[of] p1a: Celesteela
|upkeep
|turn|18
|j|+iron☂water ♫
|
|t:|1641640435
|move|p1a: Celesteela|Meteor Beam||[still]
|-prepare|p1a: Celesteela|Meteor Beam
|-boost|p1a: Celesteela|spa|1
|-enditem|p1a: Celesteela|Power Herb
|-anim|p1a: Celesteela|Meteor Beam|p2a: Mew|[miss]
|-miss|p1a: Celesteela|p2a: Mew
|move|p2a: Mew|Stored Power|p1a: Celesteela
|-resisted|p1a: Celesteela
|-damage|p1a: Celesteela|65/100
|
|-damage|p2a: Mew|67/100 par|[from] Leech Seed|[of] p1a: Celesteela
|-heal|p1a: Celesteela|78/100|[silent]
|upkeep
|turn|19
|
|t:|1641640441
|move|p1a: Celesteela|Air Slash|p2a: Mew
|-damage|p2a: Mew|53/100 par
|move|p2a: Mew|Stored Power|p1a: Celesteela
|-resisted|p1a: Celesteela
|-damage|p1a: Celesteela|40/100
|
|-damage|p2a: Mew|41/100 par|[from] Leech Seed|[of] p1a: Celesteela
|-heal|p1a: Celesteela|52/100|[silent]
|upkeep
|turn|20
|
|t:|1641640445
|move|p1a: Celesteela|Air Slash|p2a: Mew
|-damage|p2a: Mew|28/100 par
|cant|p2a: Mew|par
|
|-damage|p2a: Mew|15/100 par|[from] Leech Seed|[of] p1a: Celesteela
|-heal|p1a: Celesteela|65/100|[silent]
|-end|p1a: Celesteela|move: Taunt
|upkeep
|turn|21
|
|t:|1641640450
|move|p1a: Celesteela|Air Slash|p2a: Mew
|-damage|p2a: Mew|1/100 par
|move|p2a: Mew|Roost|p2a: Mew
|-heal|p2a: Mew|52/100 par
|-singleturn|p2a: Mew|move: Roost
|
|-damage|p2a: Mew|39/100 par|[from] Leech Seed|[of] p1a: Celesteela
|-heal|p1a: Celesteela|77/100|[silent]
|upkeep
|turn|22
|
|t:|1641640453
|move|p1a: Celesteela|Air Slash|p2a: Mew
|-damage|p2a: Mew|26/100 par
|move|p2a: Mew|Stored Power|p1a: Celesteela
|-resisted|p1a: Celesteela
|-damage|p1a: Celesteela|37/100
|
|-damage|p2a: Mew|13/100 par|[from] Leech Seed|[of] p1a: Celesteela
|-heal|p1a: Celesteela|50/100|[silent]
|upkeep
|turn|23
|
|t:|1641640457
|move|p1a: Celesteela|Air Slash|p2a: Mew
|-damage|p2a: Mew|0 fnt
|faint|p2a: Mew
|-ability|p1a: Celesteela|Beast Boost|boost
|-boost|p1a: Celesteela|spa|1
|
|upkeep
|
|t:|1641640460
|switch|p2a: Weavile|Weavile, M|100/100
|-ability|p2a: Weavile|Pressure
|turn|24
|
|t:|1641640471
|switch|p1a: Melmetal|Melmetal|100/100 par
|-activate|p1a: Melmetal|move: Sticky Web
|-unboost|p1a: Melmetal|spe|1
|move|p2a: Weavile|Triple Axel|p1a: Melmetal
|-resisted|p1a: Melmetal
|-damage|p1a: Melmetal|98/100 par
|-resisted|p1a: Melmetal
|-damage|p1a: Melmetal|91/100 par
|-resisted|p1a: Melmetal
|-damage|p1a: Melmetal|81/100 par
|-hitcount|p1a: Melmetal|3
|
|upkeep
|turn|25
|
|t:|1641640477
|switch|p2a: Heatran|Heatran, M|44/100
|-damage|p2a: Heatran|31/100|[from] Stealth Rock
|move|p1a: Melmetal|Thunder Wave|p2a: Heatran
|-status|p2a: Heatran|par
|
|upkeep
|turn|26
|j| YousuckIampro
|
|t:|1641640485
|switch|p1a: Dragonite|Dragonite, F|69/100 brn
|cant|p2a: Heatran|par
|
|-damage|p1a: Dragonite|63/100 brn|[from] brn
|upkeep
|turn|27
|
|t:|1641640491
|move|p1a: Dragonite|Earthquake|p2a: Heatran
|-supereffective|p2a: Heatran
|-damage|p2a: Heatran|0 fnt
|faint|p2a: Heatran
|
|-damage|p1a: Dragonite|57/100 brn|[from] brn
|upkeep
|
|t:|1641640501
|switch|p2a: Tapu Fini|Tapu Fini|100/100
|-damage|p2a: Tapu Fini|88/100|[from] Stealth Rock
|-fieldstart|move: Misty Terrain|[from] ability: Misty Surge|[of] p2a: Tapu Fini
|turn|28
|
|t:|1641640504
|switch|p1a: Ferrothorn|Ferrothorn, M|98/100
|-activate|p1a: Ferrothorn|move: Sticky Web
|-unboost|p1a: Ferrothorn|spe|1
|move|p2a: Tapu Fini|Taunt|p1a: Ferrothorn
|-start|p1a: Ferrothorn|move: Taunt
|
|-heal|p1a: Ferrothorn|100/100|[from] item: Leftovers
|upkeep
|turn|29
|
|t:|1641640508
|switch|p2a: Jirachi|Jirachi, shiny|100/100
|-damage|p2a: Jirachi|94/100|[from] Stealth Rock
|move|p1a: Ferrothorn|Iron Head|p2a: Jirachi
|-resisted|p2a: Jirachi
|-damage|p2a: Jirachi|83/100
|
|upkeep
|turn|30
|
|t:|1641640511
|move|p2a: Jirachi|Cosmic Power|p2a: Jirachi
|-boost|p2a: Jirachi|def|1
|-boost|p2a: Jirachi|spd|1
|move|p1a: Ferrothorn|Iron Head|p2a: Jirachi
|-resisted|p2a: Jirachi
|-damage|p2a: Jirachi|74/100
|
|-end|p1a: Ferrothorn|move: Taunt
|upkeep
|turn|31
|
|t:|1641640517
|move|p2a: Jirachi|Cosmic Power|p2a: Jirachi
|-boost|p2a: Jirachi|def|1
|-boost|p2a: Jirachi|spd|1
|move|p1a: Ferrothorn|Leech Seed|p2a: Jirachi
|-start|p2a: Jirachi|move: Leech Seed
|
|-damage|p2a: Jirachi|62/100|[from] Leech Seed|[of] p1a: Ferrothorn
|upkeep
|turn|32
|
|t:|1641640521
|move|p2a: Jirachi|Wish|p2a: Jirachi
|move|p1a: Ferrothorn|Spikes|p2a: Jirachi
|-sidestart|p2: LT71LX Allistair|Spikes
|
|-damage|p2a: Jirachi|50/100|[from] Leech Seed|[of] p1a: Ferrothorn
|-fieldend|Misty Terrain
|upkeep
|turn|33
|
|t:|1641640524
|move|p2a: Jirachi|Cosmic Power|p2a: Jirachi
|-boost|p2a: Jirachi|def|1
|-boost|p2a: Jirachi|spd|1
|move|p1a: Ferrothorn|Thunder Wave|p2a: Jirachi
|-status|p2a: Jirachi|par
|
|-heal|p2a: Jirachi|99/100 par|[from] move: Wish|[wisher] Jirachi
|-damage|p2a: Jirachi|87/100 par|[from] Leech Seed|[of] p1a: Ferrothorn
|upkeep
|turn|34
|
|t:|1641640534
|move|p2a: Jirachi|Wish|p2a: Jirachi
|move|p1a: Ferrothorn|Spikes|p2a: Jirachi
|-sidestart|p2: LT71LX Allistair|Spikes
|
|-damage|p2a: Jirachi|75/100 par|[from] Leech Seed|[of] p1a: Ferrothorn
|upkeep
|turn|35
|
|t:|1641640538
|move|p2a: Jirachi|Cosmic Power|p2a: Jirachi
|-boost|p2a: Jirachi|def|1
|-boost|p2a: Jirachi|spd|1
|move|p1a: Ferrothorn|Spikes|p2a: Jirachi
|-sidestart|p2: LT71LX Allistair|Spikes
|
|-heal|p2a: Jirachi|100/100 par|[from] move: Wish|[wisher] Jirachi
|-damage|p2a: Jirachi|88/100 par|[from] Leech Seed|[of] p1a: Ferrothorn
|upkeep
|turn|36
|
|t:|1641640541
|move|p2a: Jirachi|Cosmic Power|p2a: Jirachi
|-boost|p2a: Jirachi|def|1
|-boost|p2a: Jirachi|spd|1
|move|p1a: Ferrothorn|Iron Head|p2a: Jirachi
|-resisted|p2a: Jirachi
|-damage|p2a: Jirachi|85/100 par
|
|-damage|p2a: Jirachi|72/100 par|[from] Leech Seed|[of] p1a: Ferrothorn
|upkeep
|turn|37
|
|t:|1641640544
|switch|p1a: Melmetal|Melmetal|81/100 par
|-activate|p1a: Melmetal|move: Sticky Web
|-unboost|p1a: Melmetal|spe|1
|cant|p2a: Jirachi|par
|
|-damage|p2a: Jirachi|60/100 par|[from] Leech Seed|[of] p1a: Melmetal
|-heal|p1a: Melmetal|91/100 par|[silent]
|upkeep
|turn|38
|
|t:|1641640550
|move|p2a: Jirachi|Wish|p2a: Jirachi
|move|p1a: Melmetal|Double Iron Bash|p2a: Jirachi
|-resisted|p2a: Jirachi
|-damage|p2a: Jirachi|54/100 par
|-resisted|p2a: Jirachi
|-damage|p2a: Jirachi|48/100 par
|-hitcount|p2a: Jirachi|2
|
|-damage|p2a: Jirachi|36/100 par|[from] Leech Seed|[of] p1a: Melmetal
|-heal|p1a: Melmetal|100/100 par|[silent]
|upkeep
|turn|39
|
|t:|1641640555
|move|p2a: Jirachi|Cosmic Power|p2a: Jirachi
|-boost|p2a: Jirachi|def|1
|-boost|p2a: Jirachi|spd|1
|move|p1a: Melmetal|Thunder Punch|p2a: Jirachi
|-damage|p2a: Jirachi|27/100 par
|
|-heal|p2a: Jirachi|77/100 par|[from] move: Wish|[wisher] Jirachi
|-damage|p2a: Jirachi|64/100 par|[from] Leech Seed|[of] p1a: Melmetal
|upkeep
|turn|40
|
|t:|1641640562
|move|p2a: Jirachi|Wish|p2a: Jirachi
|move|p1a: Melmetal|Thunder Punch|p2a: Jirachi
|-damage|p2a: Jirachi|56/100 par
|
|-damage|p2a: Jirachi|44/100 par|[from] Leech Seed|[of] p1a: Melmetal
|upkeep
|turn|41
|
|t:|1641640569
|move|p2a: Jirachi|Stored Power|p1a: Melmetal
|-resisted|p1a: Melmetal
|-damage|p1a: Melmetal|37/100 par
|cant|p1a: Melmetal|par
|
|-heal|p2a: Jirachi|94/100 par|[from] move: Wish|[wisher] Jirachi
|-damage|p2a: Jirachi|81/100 par|[from] Leech Seed|[of] p1a: Melmetal
|-heal|p1a: Melmetal|47/100 par|[silent]
|upkeep
|turn|42
|
|t:|1641640577
|switch|p1a: Ferrothorn|Ferrothorn, M|100/100
|-activate|p1a: Ferrothorn|move: Sticky Web
|-unboost|p1a: Ferrothorn|spe|1
|move|p2a: Jirachi|Wish|p2a: Jirachi
|
|-damage|p2a: Jirachi|69/100 par|[from] Leech Seed|[of] p1a: Ferrothorn
|upkeep
|turn|43
|
|t:|1641640580
|move|p2a: Jirachi|Stored Power|p1a: Ferrothorn
|-resisted|p1a: Ferrothorn
|-damage|p1a: Ferrothorn|69/100
|move|p1a: Ferrothorn|Iron Head|p2a: Jirachi
|-resisted|p2a: Jirachi
|-damage|p2a: Jirachi|66/100 par
|
|-heal|p2a: Jirachi|100/100 par|[from] move: Wish|[wisher] Jirachi
|-heal|p1a: Ferrothorn|75/100|[from] item: Leftovers
|-damage|p2a: Jirachi|88/100 par|[from] Leech Seed|[of] p1a: Ferrothorn
|-heal|p1a: Ferrothorn|87/100|[silent]
|upkeep
|turn|44
|
|t:|1641640585
|move|p2a: Jirachi|Stored Power|p1a: Ferrothorn
|-resisted|p1a: Ferrothorn
|-damage|p1a: Ferrothorn|57/100
|move|p1a: Ferrothorn|Iron Head|p2a: Jirachi
|-resisted|p2a: Jirachi
|-damage|p2a: Jirachi|85/100 par
|
|-heal|p1a: Ferrothorn|63/100|[from] item: Leftovers
|-damage|p2a: Jirachi|73/100 par|[from] Leech Seed|[of] p1a: Ferrothorn
|-heal|p1a: Ferrothorn|75/100|[silent]
|upkeep
|turn|45
|
|t:|1641640589
|cant|p2a: Jirachi|par
|move|p1a: Ferrothorn|Iron Head|p2a: Jirachi
|-resisted|p2a: Jirachi
|-damage|p2a: Jirachi|70/100 par
|
|-heal|p1a: Ferrothorn|81/100|[from] item: Leftovers
|-damage|p2a: Jirachi|58/100 par|[from] Leech Seed|[of] p1a: Ferrothorn
|-heal|p1a: Ferrothorn|93/100|[silent]
|upkeep
|turn|46
|
|t:|1641640591
|move|p2a: Jirachi|Wish|p2a: Jirachi
|move|p1a: Ferrothorn|Iron Head|p2a: Jirachi
|-resisted|p2a: Jirachi
|-damage|p2a: Jirachi|55/100 par
|
|-heal|p1a: Ferrothorn|99/100|[from] item: Leftovers
|-damage|p2a: Jirachi|42/100 par|[from] Leech Seed|[of] p1a: Ferrothorn
|-heal|p1a: Ferrothorn|100/100|[silent]
|upkeep
|turn|47
|
|t:|1641640596
|move|p2a: Jirachi|Stored Power|p1a: Ferrothorn
|-resisted|p1a: Ferrothorn
|-damage|p1a: Ferrothorn|66/100
|move|p1a: Ferrothorn|Iron Head|p2a: Jirachi
|-resisted|p2a: Jirachi
|-damage|p2a: Jirachi|40/100 par
|
|-heal|p2a: Jirachi|89/100 par|[from] move: Wish|[wisher] Jirachi
|-heal|p1a: Ferrothorn|72/100|[from] item: Leftovers
|-damage|p2a: Jirachi|77/100 par|[from] Leech Seed|[of] p1a: Ferrothorn
|-heal|p1a: Ferrothorn|84/100|[silent]
|upkeep
|turn|48
|l| YousuckIampro
|j| kujjdiokul
|
|t:|1641640602
|move|p2a: Jirachi|Wish|p2a: Jirachi
|move|p1a: Ferrothorn|Iron Head|p2a: Jirachi
|-resisted|p2a: Jirachi
|-damage|p2a: Jirachi|74/100 par
|
|-heal|p1a: Ferrothorn|90/100|[from] item: Leftovers
|-damage|p2a: Jirachi|61/100 par|[from] Leech Seed|[of] p1a: Ferrothorn
|-heal|p1a: Ferrothorn|100/100|[silent]
|upkeep
|turn|49
|
|t:|1641640606
|move|p2a: Jirachi|Stored Power|p1a: Ferrothorn
|-resisted|p1a: Ferrothorn
|-damage|p1a: Ferrothorn|70/100
|move|p1a: Ferrothorn|Iron Head|p2a: Jirachi
|-resisted|p2a: Jirachi
|-damage|p2a: Jirachi|58/100 par
|
|-heal|p2a: Jirachi|100/100 par|[from] move: Wish|[wisher] Jirachi
|-heal|p1a: Ferrothorn|76/100|[from] item: Leftovers
|-damage|p2a: Jirachi|88/100 par|[from] Leech Seed|[of] p1a: Ferrothorn
|-heal|p1a: Ferrothorn|88/100|[silent]
|upkeep
|turn|50
|
|t:|1641640613
|move|p2a: Jirachi|Stored Power|p1a: Ferrothorn
|-resisted|p1a: Ferrothorn
|-damage|p1a: Ferrothorn|58/100
|move|p1a: Ferrothorn|Iron Head|p2a: Jirachi
|-resisted|p2a: Jirachi
|-damage|p2a: Jirachi|85/100 par
|
|-heal|p1a: Ferrothorn|64/100|[from] item: Leftovers
|-damage|p2a: Jirachi|73/100 par|[from] Leech Seed|[of] p1a: Ferrothorn
|-heal|p1a: Ferrothorn|76/100|[silent]
|upkeep
|turn|51
|
|t:|1641640617
|move|p2a: Jirachi|Stored Power|p1a: Ferrothorn
|-resisted|p1a: Ferrothorn
|-damage|p1a: Ferrothorn|44/100
|move|p1a: Ferrothorn|Iron Head|p2a: Jirachi
|-resisted|p2a: Jirachi
|-damage|p2a: Jirachi|70/100 par
|
|-heal|p1a: Ferrothorn|50/100|[from] item: Leftovers
|-damage|p2a: Jirachi|57/100 par|[from] Leech Seed|[of] p1a: Ferrothorn
|-heal|p1a: Ferrothorn|62/100|[silent]
|upkeep
|turn|52
|l| kujjdiokul
|
|t:|1641640624
|move|p2a: Jirachi|Stored Power|p1a: Ferrothorn
|-resisted|p1a: Ferrothorn
|-damage|p1a: Ferrothorn|30/100
|move|p1a: Ferrothorn|Iron Head|p2a: Jirachi
|-resisted|p2a: Jirachi
|-damage|p2a: Jirachi|54/100 par
|
|-heal|p1a: Ferrothorn|36/100|[from] item: Leftovers
|-damage|p2a: Jirachi|42/100 par|[from] Leech Seed|[of] p1a: Ferrothorn
|-heal|p1a: Ferrothorn|48/100|[silent]
|upkeep
|turn|53
|
|t:|1641640628
|cant|p2a: Jirachi|par
|move|p1a: Ferrothorn|Iron Head|p2a: Jirachi
|-resisted|p2a: Jirachi
|-damage|p2a: Jirachi|39/100 par
|
|-heal|p1a: Ferrothorn|54/100|[from] item: Leftovers
|-damage|p2a: Jirachi|26/100 par|[from] Leech Seed|[of] p1a: Ferrothorn
|-heal|p1a: Ferrothorn|66/100|[silent]
|upkeep
|turn|54
|
|t:|1641640632
|move|p2a: Jirachi|Wish|p2a: Jirachi
|move|p1a: Ferrothorn|Iron Head|p2a: Jirachi
|-resisted|p2a: Jirachi
|-damage|p2a: Jirachi|23/100 par
|
|-heal|p1a: Ferrothorn|72/100|[from] item: Leftovers
|-damage|p2a: Jirachi|11/100 par|[from] Leech Seed|[of] p1a: Ferrothorn
|-heal|p1a: Ferrothorn|84/100|[silent]
|upkeep
|turn|55
|
|t:|1641640639
|move|p2a: Jirachi|Aura Sphere|p1a: Ferrothorn
|-supereffective|p1a: Ferrothorn
|-damage|p1a: Ferrothorn|56/100
|move|p1a: Ferrothorn|Iron Head|p2a: Jirachi
|-resisted|p2a: Jirachi
|-damage|p2a: Jirachi|8/100 par
|
|-heal|p2a: Jirachi|58/100 par|[from] move: Wish|[wisher] Jirachi
|-heal|p1a: Ferrothorn|62/100|[from] item: Leftovers
|-damage|p2a: Jirachi|45/100 par|[from] Leech Seed|[of] p1a: Ferrothorn
|-heal|p1a: Ferrothorn|74/100|[silent]
|upkeep
|turn|56
|
|t:|1641640645
|move|p2a: Jirachi|Wish|p2a: Jirachi
|move|p1a: Ferrothorn|Iron Head|p2a: Jirachi
|-resisted|p2a: Jirachi
|-damage|p2a: Jirachi|43/100 par
|
|-heal|p1a: Ferrothorn|80/100|[from] item: Leftovers
|-damage|p2a: Jirachi|30/100 par|[from] Leech Seed|[of] p1a: Ferrothorn
|-heal|p1a: Ferrothorn|92/100|[silent]
|upkeep
|turn|57
|
|t:|1641640654
|move|p2a: Jirachi|Aura Sphere|p1a: Ferrothorn
|-supereffective|p1a: Ferrothorn
|-damage|p1a: Ferrothorn|64/100
|move|p1a: Ferrothorn|Iron Head|p2a: Jirachi
|-resisted|p2a: Jirachi
|-damage|p2a: Jirachi|27/100 par
|
|-heal|p2a: Jirachi|77/100 par|[from] move: Wish|[wisher] Jirachi
|-heal|p1a: Ferrothorn|70/100|[from] item: Leftovers
|-damage|p2a: Jirachi|65/100 par|[from] Leech Seed|[of] p1a: Ferrothorn
|-heal|p1a: Ferrothorn|82/100|[silent]
|upkeep
|turn|58
|
|t:|1641640661
|cant|p2a: Jirachi|par
|move|p1a: Ferrothorn|Leech Seed||[still]
|-fail|p1a: Ferrothorn
|
|-heal|p1a: Ferrothorn|88/100|[from] item: Leftovers
|-damage|p2a: Jirachi|52/100 par|[from] Leech Seed|[of] p1a: Ferrothorn
|-heal|p1a: Ferrothorn|99/100|[silent]
|upkeep
|turn|59
|
|t:|1641640665
|move|p2a: Jirachi|Wish|p2a: Jirachi
|move|p1a: Ferrothorn|Thunder Wave|p2a: Jirachi
|-fail|p2a: Jirachi|par
|
|-heal|p1a: Ferrothorn|100/100|[from] item: Leftovers
|-damage|p2a: Jirachi|40/100 par|[from] Leech Seed|[of] p1a: Ferrothorn
|upkeep
|turn|60
|
|t:|1641640668
|move|p2a: Jirachi|Aura Sphere|p1a: Ferrothorn
|-supereffective|p1a: Ferrothorn
|-damage|p1a: Ferrothorn|75/100
|move|p1a: Ferrothorn|Thunder Wave|p2a: Jirachi
|-fail|p2a: Jirachi|par
|
|-heal|p2a: Jirachi|90/100 par|[from] move: Wish|[wisher] Jirachi
|-heal|p1a: Ferrothorn|81/100|[from] item: Leftovers
|-damage|p2a: Jirachi|78/100 par|[from] Leech Seed|[of] p1a: Ferrothorn
|-heal|p1a: Ferrothorn|93/100|[silent]
|upkeep
|turn|61
|
|t:|1641640673
|move|p2a: Jirachi|Wish|p2a: Jirachi
|move|p1a: Ferrothorn|Thunder Wave|p2a: Jirachi
|-fail|p2a: Jirachi|par
|
|-heal|p1a: Ferrothorn|99/100|[from] item: Leftovers
|-damage|p2a: Jirachi|65/100 par|[from] Leech Seed|[of] p1a: Ferrothorn
|-heal|p1a: Ferrothorn|100/100|[silent]
|upkeep
|turn|62
|c|☆Corumba|fun game, eh
|
|t:|1641640681
|cant|p2a: Jirachi|par
|move|p1a: Ferrothorn|Thunder Wave|p2a: Jirachi
|-fail|p2a: Jirachi|par
|
|-heal|p2a: Jirachi|100/100 par|[from] move: Wish|[wisher] Jirachi
|-damage|p2a: Jirachi|88/100 par|[from] Leech Seed|[of] p1a: Ferrothorn
|upkeep
|turn|63
|
|t:|1641640687
|move|p2a: Jirachi|Wish|p2a: Jirachi
|move|p1a: Ferrothorn|Thunder Wave|p2a: Jirachi
|-fail|p2a: Jirachi|par
|
|-damage|p2a: Jirachi|76/100 par|[from] Leech Seed|[of] p1a: Ferrothorn
|upkeep
|turn|64
|
|t:|1641640689
|move|p2a: Jirachi|Aura Sphere|p1a: Ferrothorn
|-supereffective|p1a: Ferrothorn
|-damage|p1a: Ferrothorn|74/100
|move|p1a: Ferrothorn|Thunder Wave|p2a: Jirachi
|-fail|p2a: Jirachi|par
|
|-heal|p2a: Jirachi|100/100 par|[from] move: Wish|[wisher] Jirachi
|-heal|p1a: Ferrothorn|80/100|[from] item: Leftovers
|-damage|p2a: Jirachi|88/100 par|[from] Leech Seed|[of] p1a: Ferrothorn
|-heal|p1a: Ferrothorn|92/100|[silent]
|upkeep
|turn|65
|
|t:|1641640696
|cant|p2a: Jirachi|par
|move|p1a: Ferrothorn|Thunder Wave|p2a: Jirachi
|-fail|p2a: Jirachi|par
|
|-heal|p1a: Ferrothorn|98/100|[from] item: Leftovers
|-damage|p2a: Jirachi|76/100 par|[from] Leech Seed|[of] p1a: Ferrothorn
|-heal|p1a: Ferrothorn|100/100|[silent]
|upkeep
|turn|66
|
|t:|1641640699
|cant|p2a: Jirachi|par
|move|p1a: Ferrothorn|Thunder Wave|p2a: Jirachi|[miss]
|-miss|p1a: Ferrothorn|p2a: Jirachi
|
|-damage|p2a: Jirachi|64/100 par|[from] Leech Seed|[of] p1a: Ferrothorn
|upkeep
|turn|67
|
|t:|1641640702
|move|p2a: Jirachi|Aura Sphere|p1a: Ferrothorn
|-supereffective|p1a: Ferrothorn
|-damage|p1a: Ferrothorn|74/100
|move|p1a: Ferrothorn|Thunder Wave|p2a: Jirachi
|-fail|p2a: Jirachi|par
|
|-heal|p1a: Ferrothorn|80/100|[from] item: Leftovers
|-damage|p2a: Jirachi|51/100 par|[from] Leech Seed|[of] p1a: Ferrothorn
|-heal|p1a: Ferrothorn|92/100|[silent]
|upkeep
|turn|68
|
|t:|1641640709
|move|p2a: Jirachi|Wish|p2a: Jirachi
|move|p1a: Ferrothorn|Thunder Wave|p2a: Jirachi
|-fail|p2a: Jirachi|par
|
|-heal|p1a: Ferrothorn|98/100|[from] item: Leftovers
|-damage|p2a: Jirachi|39/100 par|[from] Leech Seed|[of] p1a: Ferrothorn
|-heal|p1a: Ferrothorn|100/100|[silent]
|upkeep
|turn|69
|
|t:|1641640713
|switch|p2a: Tapu Fini|Tapu Fini|88/100
|-damage|p2a: Tapu Fini|76/100|[from] Stealth Rock
|-damage|p2a: Tapu Fini|51/100|[from] Spikes
|-fieldstart|move: Misty Terrain|[from] ability: Misty Surge|[of] p2a: Tapu Fini
|move|p1a: Ferrothorn|Thunder Wave|p2a: Tapu Fini
|-activate|p2a: Tapu Fini|move: Misty Terrain
|
|-heal|p2a: Tapu Fini|100/100|[from] move: Wish|[wisher] Jirachi
|upkeep
|turn|70
|
|t:|1641640726
|switch|p1a: Celesteela|Celesteela|50/100
|move|p2a: Tapu Fini|Taunt|p1a: Celesteela
|-start|p1a: Celesteela|move: Taunt
|
|upkeep
|turn|71
|
|t:|1641640735
|switch|p1a: Ferrothorn|Ferrothorn, M|100/100
|-activate|p1a: Ferrothorn|move: Sticky Web
|-unboost|p1a: Ferrothorn|spe|1
|move|p2a: Tapu Fini|Calm Mind|p2a: Tapu Fini
|-boost|p2a: Tapu Fini|spa|1
|-boost|p2a: Tapu Fini|spd|1
|
|upkeep
|turn|72
|
|t:|1641640737
|move|p2a: Tapu Fini|Taunt|p1a: Ferrothorn
|-start|p1a: Ferrothorn|move: Taunt
|move|p1a: Ferrothorn|Iron Head|p2a: Tapu Fini
|-damage|p2a: Tapu Fini|73/100
|
|upkeep
|turn|73
|
|t:|1641640749
|switch|p2a: Jirachi|Jirachi, shiny|39/100 par
|-damage|p2a: Jirachi|33/100 par|[from] Stealth Rock
|-damage|p2a: Jirachi|8/100 par|[from] Spikes
|switch|p1a: Celesteela|Celesteela|50/100
|
|-fieldend|Misty Terrain
|upkeep
|turn|74
|
|t:|1641640760
|move|p1a: Celesteela|Air Slash|p2a: Jirachi
|-resisted|p2a: Jirachi
|-damage|p2a: Jirachi|0 fnt
|faint|p2a: Jirachi
|-ability|p1a: Celesteela|Beast Boost|boost
|-boost|p1a: Celesteela|spa|1
|
|upkeep
|
|t:|1641640763
|switch|p2a: Weavile|Weavile, M|100/100
|-ability|p2a: Weavile|Pressure
|turn|75
|
|t:|1641640771
|move|p2a: Weavile|Triple Axel|p1a: Celesteela
|-damage|p1a: Celesteela|39/100
|-damage|p1a: Celesteela|18/100
|-damage|p1a: Celesteela|0 fnt
|faint|p1a: Celesteela
|-hitcount|p1: Celesteela|3
|
|upkeep
|
|t:|1641640782
|switch|p1a: Mamoswine|Mamoswine, M|100/100
|turn|76
|
|t:|1641640786
|move|p2a: Weavile|Knock Off|p1a: Mamoswine
|-damage|p1a: Mamoswine|40/100
|-enditem|p1a: Mamoswine|Heavy-Duty Boots|[from] move: Knock Off|[of] p2a: Weavile
|move|p1a: Mamoswine|Earthquake|p2a: Weavile
|-damage|p2a: Weavile|0 fnt
|faint|p2a: Weavile
|
|upkeep
|
|t:|1641640792
|switch|p2a: Tapu Fini|Tapu Fini|73/100
|-damage|p2a: Tapu Fini|60/100|[from] Stealth Rock
|-damage|p2a: Tapu Fini|35/100|[from] Spikes
|-fieldstart|move: Misty Terrain|[from] ability: Misty Surge|[of] p2a: Tapu Fini
|turn|77
|-message|LT71LX Allistair forfeited.
|
|win|Corumba
|raw|Corumba's rating: 1762 &rarr; <strong>1784</strong><br />(+22 for winning)
|raw|LT71LX Allistair's rating: 1805 &rarr; <strong>1783</strong><br />(-22 for losing)
|l|☆LT71LX Allistair
|c|☆Corumba|phew
|l|+iron☂water ♫
|l| RipReckful
