|j|☆BlueDevil81
|j|☆brettfavreinnocent
|t:|1663725435
|gametype|singles
|player|p1|BlueDevil81|cynthia|1732
|player|p2|brettfavreinnocent|harlequin|1636
|teamsize|p1|6
|teamsize|p2|6
|gen|8
|tier|[Gen 8] OU
|rated|
|rule|Sleep Clause Mod: Limit one foe put to sleep
|rule|Species Clause: Limit one of each Pokémon
|rule|OHKO Clause: OHKO moves are banned
|rule|Evasion Items Clause: Evasion items are banned
|rule|Evasion Moves Clause: Evasion moves are banned
|rule|Endless Battle Clause: Forcing endless battles is banned
|rule|HP Percentage Mod: HP is shown in percentages
|rule|Dynamax Clause: You cannot dynamax
|clearpoke
|poke|p1|Toxapex, F|
|poke|p1|Zeraora|
|poke|p1|Corviknight, M|
|poke|p1|Weavile, F|
|poke|p1|Tornadus-Therian, M|
|poke|p1|Landorus-Therian, M|
|poke|p2|Gengar, F|
|poke|p2|Dragapult, F|
|poke|p2|Blacephalon|
|poke|p2|Zeraora|
|poke|p2|Skarmory, F|
|poke|p2|Tyranitar, F|
|teampreview
|inactive|Battle timer is ON: inactive players will automatically lose when time's up. (requested by brettfavreinnocent)
|
|t:|1663725445
|start
|switch|p1a: Zeraora|Zeraora, shiny|100/100
|switch|p2a: Dragapult|Dragapult, F|100/100
|turn|1
|
|t:|1663725455
|switch|p2a: Skarmory|Skarmory, F|100/100
|move|p1a: Zeraora|Knock Off|p2a: Skarmory
|-damage|p2a: Skarmory|72/100
|-damage|p1a: Zeraora|84/100|[from] item: Rocky Helmet|[of] p2a: Skarmory
|-enditem|p2a: Skarmory|Rocky Helmet|[from] move: Knock Off|[of] p1a: Zeraora
|
|upkeep
|turn|2
|
|t:|1663725458
|switch|p1a: Landorus|Landorus-Therian, M|100/100
|-ability|p1a: Landorus|Intimidate|boost
|-unboost|p2a: Skarmory|atk|1
|switch|p2a: Zeraora|Zeraora|100/100
|
|upkeep
|turn|3
|
|t:|1663725466
|switch|p2a: Skarmory|Skarmory, F|72/100
|move|p1a: Landorus|Earthquake|p2a: Skarmory
|-immune|p2a: Skarmory
|
|upkeep
|turn|4
|
|t:|1663725470
|move|p1a: Landorus|U-turn|p2a: Skarmory
|-resisted|p2a: Skarmory
|-damage|p2a: Skarmory|69/100
|
|t:|1663725473
|switch|p1a: Zeraora|Zeraora, shiny|84/100|[from]move: U-turn
|move|p2a: Skarmory|Toxic|p1a: Zeraora
|-status|p1a: Zeraora|tox
|
|-damage|p1a: Zeraora|78/100 tox|[from] psn
|upkeep
|turn|5
|
|t:|1663725480
|move|p1a: Zeraora|Plasma Fists|p2a: Skarmory
|-supereffective|p2a: Skarmory
|-damage|p2a: Skarmory|0 fnt
|-fieldactivate|move: Ion Deluge
|-hint|Normal-type moves become Electric-type after using Plasma Fists.
|faint|p2a: Skarmory
|
|-damage|p1a: Zeraora|66/100 tox|[from] psn
|upkeep
|
|t:|1663725485
|switch|p2a: Zeraora|Zeraora|100/100
|turn|6
|
|t:|1663725505
|switch|p1a: Landorus|Landorus-Therian, M|100/100
|-ability|p1a: Landorus|Intimidate|boost
|-unboost|p2a: Zeraora|atk|1
|move|p2a: Zeraora|Knock Off|p1a: Landorus
|-damage|p1a: Landorus|72/100
|-enditem|p1a: Landorus|Leftovers|[from] move: Knock Off|[of] p2a: Zeraora
|
|upkeep
|turn|7
|
|t:|1663725516
|switch|p2a: Dragapult|Dragapult, F|100/100
|move|p1a: Landorus|Earthquake|p2a: Dragapult
|-damage|p2a: Dragapult|34/100
|
|upkeep
|turn|8
|
|t:|1663725521
|move|p2a: Dragapult|Draco Meteor|p1a: Landorus|[miss]
|-miss|p2a: Dragapult|p1a: Landorus
|move|p1a: Landorus|Earthquake|p2a: Dragapult
|-damage|p2a: Dragapult|0 fnt
|faint|p2a: Dragapult
|
|upkeep
|
|t:|1663725527
|switch|p2a: Blacephalon|Blacephalon|100/100
|turn|9
|
|t:|1663725530
|move|p2a: Blacephalon|Overheat|p1a: Landorus
|-damage|p1a: Landorus|7/100
|-unboost|p2a: Blacephalon|spa|2
|move|p1a: Landorus|Earthquake|p2a: Blacephalon
|-supereffective|p2a: Blacephalon
|-damage|p2a: Blacephalon|0 fnt
|faint|p2a: Blacephalon
|
|upkeep
|
|t:|1663725540
|switch|p2a: Zeraora|Zeraora|100/100
|turn|10
|
|t:|1663725544
|move|p2a: Zeraora|Close Combat|p1a: Landorus
|-resisted|p1a: Landorus
|-damage|p1a: Landorus|0 fnt
|-unboost|p2a: Zeraora|def|1
|-unboost|p2a: Zeraora|spd|1
|faint|p1a: Landorus
|
|upkeep
|
|t:|1663725551
|switch|p1a: Toxapex|Toxapex, F, shiny|100/100
|turn|11
|
|t:|1663725552
|switch|p2a: Tyranitar|Tyranitar, F|100/100
|-weather|Sandstorm|[from] ability: Sand Stream|[of] p2a: Tyranitar
|move|p1a: Toxapex|Scald|p2a: Tyranitar
|-supereffective|p2a: Tyranitar
|-damage|p2a: Tyranitar|82/100
|-status|p2a: Tyranitar|brn
|
|-weather|Sandstorm|[upkeep]
|-damage|p1a: Toxapex|94/100|[from] Sandstorm
|-damage|p2a: Tyranitar|75/100 brn|[from] brn
|upkeep
|turn|12
|
|t:|1663725563
|switch|p2a: Zeraora|Zeraora|100/100
|move|p1a: Toxapex|Knock Off|p2a: Zeraora
|-damage|p2a: Zeraora|79/100
|-enditem|p2a: Zeraora|Choice Band|[from] move: Knock Off|[of] p1a: Toxapex
|
|-weather|Sandstorm|[upkeep]
|-damage|p2a: Zeraora|73/100|[from] Sandstorm
|-damage|p1a: Toxapex|88/100|[from] Sandstorm
|upkeep
|turn|13
|
|t:|1663725567
|move|p2a: Zeraora|Plasma Fists|p1a: Toxapex
|-supereffective|p1a: Toxapex
|-damage|p1a: Toxapex|29/100
|-fieldactivate|move: Ion Deluge
|-hint|Normal-type moves become Electric-type after using Plasma Fists.
|-enditem|p1a: Toxapex|Eject Button
|
|t:|1663725572
|switch|p1a: Zeraora|Zeraora, shiny|66/100 tox
|
|-weather|Sandstorm|[upkeep]
|-damage|p1a: Zeraora|60/100 tox|[from] Sandstorm
|-damage|p2a: Zeraora|67/100|[from] Sandstorm
|-damage|p1a: Zeraora|54/100 tox|[from] psn
|upkeep
|turn|14
|
|t:|1663725575
|move|p2a: Zeraora|Close Combat|p1a: Zeraora
|-damage|p1a: Zeraora|7/100 tox
|-unboost|p2a: Zeraora|def|1
|-unboost|p2a: Zeraora|spd|1
|move|p1a: Zeraora|Plasma Fists|p2a: Zeraora
|-heal|p2a: Zeraora|92/100|[from] ability: Volt Absorb|[of] p1a: Zeraora
|
|-weather|Sandstorm|[upkeep]
|-damage|p1a: Zeraora|1/100 tox|[from] Sandstorm
|-damage|p2a: Zeraora|86/100|[from] Sandstorm
|-damage|p1a: Zeraora|0 fnt|[from] psn
|faint|p1a: Zeraora
|upkeep
|
|t:|1663725578
|switch|p1a: Weavile|Weavile, F|100/100
|-ability|p1a: Weavile|Pressure
|turn|15
|
|t:|1663725583
|move|p2a: Zeraora|Close Combat|p1a: Weavile
|-supereffective|p1a: Weavile
|-damage|p1a: Weavile|0 fnt
|-unboost|p2a: Zeraora|def|1
|-unboost|p2a: Zeraora|spd|1
|faint|p1a: Weavile
|
|-weather|none
|upkeep
|
|t:|1663725585
|switch|p1a: Tornadus|Tornadus-Therian, M|100/100
|turn|16
|
|t:|1663725590
|move|p2a: Zeraora|Volt Switch|p1a: Tornadus
|-supereffective|p1a: Tornadus
|-damage|p1a: Tornadus|42/100
|
|t:|1663725592
|switch|p2a: Tyranitar|Tyranitar, F|75/100 brn|[from]move: Volt Switch
|-weather|Sandstorm|[from] ability: Sand Stream|[of] p2a: Tyranitar
|move|p1a: Tornadus|Heat Wave|p2a: Tyranitar
|-resisted|p2a: Tyranitar
|-damage|p2a: Tyranitar|63/100 brn
|
|-weather|Sandstorm|[upkeep]
|-damage|p1a: Tornadus|36/100|[from] Sandstorm
|-damage|p2a: Tyranitar|56/100 brn|[from] brn
|upkeep
|turn|17
|
|t:|1663725599
|switch|p1a: Toxapex|Toxapex, F, shiny|62/100
|switch|p2a: Zeraora|Zeraora|86/100
|
|-weather|Sandstorm|[upkeep]
|-damage|p2a: Zeraora|80/100|[from] Sandstorm
|-damage|p1a: Toxapex|56/100|[from] Sandstorm
|upkeep
|turn|18
|
|t:|1663725602
|move|p2a: Zeraora|Plasma Fists|p1a: Toxapex
|-supereffective|p1a: Toxapex
|-damage|p1a: Toxapex|0 fnt
|-fieldactivate|move: Ion Deluge
|-hint|Normal-type moves become Electric-type after using Plasma Fists.
|faint|p1a: Toxapex
|
|-weather|Sandstorm|[upkeep]
|-damage|p2a: Zeraora|74/100|[from] Sandstorm
|upkeep
|-message|BlueDevil81 forfeited.
|
|win|brettfavreinnocent
|raw|BlueDevil81's rating: 1732 &rarr; <strong>1707</strong><br />(-25 for losing)
|raw|brettfavreinnocent's rating: 1636 &rarr; <strong>1661</strong><br />(+25 for winning)
|l|☆BlueDevil81
||Ladder isn't responding, score probably updated but might not have (Request timeout).
