|j|☆Archerdagoat
|j|‽minimax_ai
|t:|1667702287
|gametype|singles
|player|p1|Archerdagoat|170|1492
|player|p2|minimax_ai|169|1521
|teamsize|p1|6
|teamsize|p2|6
|gen|8
|tier|[Gen 8] OU
|rated|
|rule|Sleep Clause Mod: Limit one foe put to sleep
|rule|Species Clause: Limit one of each Pokémon
|rule|OHKO Clause: OHKO moves are banned
|rule|Evasion Items Clause: Evasion items are banned
|rule|Evasion Moves Clause: Evasion moves are banned
|rule|Endless Battle Clause: Forcing endless battles is banned
|rule|HP Percentage Mod: HP is shown in percentages
|rule|Dynamax Clause: You cannot dynamax
|clearpoke
|poke|p1|Chansey, F|
|poke|p1|Zapdos|
|poke|p1|Clefable, F|
|poke|p1|Volcarona, F|
|poke|p1|Slowbro, M|
|poke|p1|Ferrothorn, M|
|poke|p2|Rotom-Wash|
|poke|p2|Weavile, F|
|poke|p2|Landorus-Therian, M|
|poke|p2|Heatran, M|
|poke|p2|Tangrowth, F|
|poke|p2|Melmetal|
|teampreview
|inactive|Battle timer is ON: inactive players will automatically lose when time's up. (requested by minimax_ai)
|
|t:|1667702298
|start
|switch|p1a: Slowbro|Slowbro, M|100/100
|switch|p2a: Heatran|Heatran, M|100/100
|-item|p2a: Heatran|Air Balloon
|turn|1
|
|t:|1667702303
|move|p2a: Heatran|Stealth Rock|p1a: Slowbro
|-sidestart|p1: Archerdagoat|move: Stealth Rock
|move|p1a: Slowbro|Scald|p2a: Heatran
|-supereffective|p2a: Heatran
|-damage|p2a: Heatran|48/100
|-enditem|p2a: Heatran|Air Balloon
|
|upkeep
|turn|2
|
|t:|1667702304
|switch|p2a: Rotom|Rotom-Wash|100/100
|move|p1a: Slowbro|Scald|p2a: Rotom
|-resisted|p2a: Rotom
|-damage|p2a: Rotom|87/100
|-status|p2a: Rotom|brn
|
|-heal|p2a: Rotom|93/100 brn|[from] item: Leftovers
|-damage|p2a: Rotom|87/100 brn|[from] brn
|upkeep
|turn|3
|
|t:|1667702309
|move|p2a: Rotom|Nasty Plot|p2a: Rotom
|-boost|p2a: Rotom|spa|2
|move|p1a: Slowbro|Slack Off||[still]
|-fail|p1a: Slowbro|heal
|
|-heal|p2a: Rotom|93/100 brn|[from] item: Leftovers
|-damage|p2a: Rotom|87/100 brn|[from] brn
|upkeep
|turn|4
|
|t:|1667702311
|switch|p1a: Clefable|Clefable, F|100/100
|-damage|p1a: Clefable|88/100|[from] Stealth Rock
|move|p2a: Rotom|Thunderbolt|p1a: Clefable
|-damage|p1a: Clefable|55/100
|-status|p1a: Clefable|par
|
|-heal|p2a: Rotom|93/100 brn|[from] item: Leftovers
|-heal|p1a: Clefable|61/100 par|[from] item: Leftovers
|-damage|p2a: Rotom|87/100 brn|[from] brn
|upkeep
|turn|5
|
|t:|1667702314
|move|p2a: Rotom|Thunderbolt|p1a: Clefable
|-damage|p1a: Clefable|26/100 par
|move|p1a: Clefable|Wish|p1a: Clefable
|
|-heal|p2a: Rotom|93/100 brn|[from] item: Leftovers
|-heal|p1a: Clefable|32/100 par|[from] item: Leftovers
|-damage|p2a: Rotom|87/100 brn|[from] brn
|upkeep
|turn|6
|
|t:|1667702318
|move|p1a: Clefable|Protect|p1a: Clefable
|-singleturn|p1a: Clefable|Protect
|move|p2a: Rotom|Thunderbolt|p1a: Clefable
|-activate|p1a: Clefable|move: Protect
|
|-heal|p1a: Clefable|82/100 par|[from] move: Wish|[wisher] Clefable
|-heal|p2a: Rotom|93/100 brn|[from] item: Leftovers
|-heal|p1a: Clefable|89/100 par|[from] item: Leftovers
|-damage|p2a: Rotom|87/100 brn|[from] brn
|upkeep
|turn|7
|
|t:|1667702321
|move|p2a: Rotom|Thunderbolt|p1a: Clefable
|-damage|p1a: Clefable|57/100 par
|cant|p1a: Clefable|par
|
|-heal|p2a: Rotom|93/100 brn|[from] item: Leftovers
|-heal|p1a: Clefable|63/100 par|[from] item: Leftovers
|-damage|p2a: Rotom|87/100 brn|[from] brn
|upkeep
|turn|8
|
|t:|1667702325
|move|p1a: Clefable|Protect|p1a: Clefable
|-singleturn|p1a: Clefable|Protect
|move|p2a: Rotom|Thunderbolt|p1a: Clefable
|-activate|p1a: Clefable|move: Protect
|
|-heal|p2a: Rotom|93/100 brn|[from] item: Leftovers
|-heal|p1a: Clefable|70/100 par|[from] item: Leftovers
|-damage|p2a: Rotom|87/100 brn|[from] brn
|upkeep
|turn|9
|
|t:|1667702327
|move|p2a: Rotom|Thunderbolt|p1a: Clefable
|-damage|p1a: Clefable|34/100 par
|move|p1a: Clefable|Wish|p1a: Clefable
|
|-heal|p2a: Rotom|93/100 brn|[from] item: Leftovers
|-heal|p1a: Clefable|40/100 par|[from] item: Leftovers
|-damage|p2a: Rotom|87/100 brn|[from] brn
|upkeep
|turn|10
|
|t:|1667702331
|move|p1a: Clefable|Protect|p1a: Clefable
|-singleturn|p1a: Clefable|Protect
|move|p2a: Rotom|Thunderbolt|p1a: Clefable
|-activate|p1a: Clefable|move: Protect
|
|-heal|p1a: Clefable|90/100 par|[from] move: Wish|[wisher] Clefable
|-heal|p2a: Rotom|93/100 brn|[from] item: Leftovers
|-heal|p1a: Clefable|96/100 par|[from] item: Leftovers
|-damage|p2a: Rotom|87/100 brn|[from] brn
|upkeep
|turn|11
|
|t:|1667702332
|move|p2a: Rotom|Thunderbolt|p1a: Clefable
|-damage|p1a: Clefable|64/100 par
|move|p1a: Clefable|Calm Mind|p1a: Clefable
|-boost|p1a: Clefable|spa|1
|-boost|p1a: Clefable|spd|1
|
|-heal|p2a: Rotom|93/100 brn|[from] item: Leftovers
|-heal|p1a: Clefable|70/100 par|[from] item: Leftovers
|-damage|p2a: Rotom|87/100 brn|[from] brn
|upkeep
|turn|12
|
|t:|1667702337
|move|p2a: Rotom|Thunderbolt|p1a: Clefable
|-damage|p1a: Clefable|46/100 par
|move|p1a: Clefable|Wish|p1a: Clefable
|
|-heal|p2a: Rotom|93/100 brn|[from] item: Leftovers
|-heal|p1a: Clefable|53/100 par|[from] item: Leftovers
|-damage|p2a: Rotom|87/100 brn|[from] brn
|upkeep
|turn|13
|
|t:|1667702340
|move|p2a: Rotom|Hydro Pump|p1a: Clefable
|-damage|p1a: Clefable|24/100 par
|move|p1a: Clefable|Moonblast|p2a: Rotom
|-damage|p2a: Rotom|36/100 brn
|
|-heal|p1a: Clefable|74/100 par|[from] move: Wish|[wisher] Clefable
|-heal|p2a: Rotom|42/100 brn|[from] item: Leftovers
|-heal|p1a: Clefable|80/100 par|[from] item: Leftovers
|-damage|p2a: Rotom|36/100 brn|[from] brn
|upkeep
|turn|14
|
|t:|1667702347
|move|p2a: Rotom|Pain Split|p1a: Clefable
|-sethp|p1a: Clefable|54/100 par|[from] move: Pain Split|[silent]
|-sethp|p2a: Rotom|70/100 brn|[from] move: Pain Split
|cant|p1a: Clefable|par
|
|-heal|p2a: Rotom|76/100 brn|[from] item: Leftovers
|-heal|p1a: Clefable|60/100 par|[from] item: Leftovers
|-damage|p2a: Rotom|70/100 brn|[from] brn
|upkeep
|turn|15
|
|t:|1667702352
|move|p2a: Rotom|Thunderbolt|p1a: Clefable
|-crit|p1a: Clefable
|-damage|p1a: Clefable|13/100 par
|move|p1a: Clefable|Wish|p1a: Clefable
|
|-heal|p2a: Rotom|76/100 brn|[from] item: Leftovers
|-heal|p1a: Clefable|20/100 par|[from] item: Leftovers
|-damage|p2a: Rotom|70/100 brn|[from] brn
|upkeep
|turn|16
|
|t:|1667702356
|move|p1a: Clefable|Protect|p1a: Clefable
|-singleturn|p1a: Clefable|Protect
|move|p2a: Rotom|Thunderbolt|p1a: Clefable
|-activate|p1a: Clefable|move: Protect
|
|-heal|p1a: Clefable|70/100 par|[from] move: Wish|[wisher] Clefable
|-heal|p2a: Rotom|76/100 brn|[from] item: Leftovers
|-heal|p1a: Clefable|76/100 par|[from] item: Leftovers
|-damage|p2a: Rotom|70/100 brn|[from] brn
|upkeep
|turn|17
|
|t:|1667702358
|move|p2a: Rotom|Thunderbolt|p1a: Clefable
|-damage|p1a: Clefable|54/100 par
|move|p1a: Clefable|Wish|p1a: Clefable
|
|-heal|p2a: Rotom|76/100 brn|[from] item: Leftovers
|-heal|p1a: Clefable|60/100 par|[from] item: Leftovers
|-damage|p2a: Rotom|70/100 brn|[from] brn
|upkeep
|turn|18
|
|t:|1667702359
|switch|p2a: Melmetal|Melmetal|100/100
|move|p1a: Clefable|Calm Mind|p1a: Clefable
|-boost|p1a: Clefable|spa|1
|-boost|p1a: Clefable|spd|1
|
|-heal|p1a: Clefable|100/100 par|[from] move: Wish|[wisher] Clefable
|upkeep
|turn|19
|
|t:|1667702365
|switch|p1a: Ferrothorn|Ferrothorn, M|100/100
|-damage|p1a: Ferrothorn|94/100|[from] Stealth Rock
|move|p2a: Melmetal|Earthquake|p1a: Ferrothorn
|-damage|p1a: Ferrothorn|72/100
|
|upkeep
|turn|20
|
|t:|1667702371
|switch|p2a: Tangrowth|Tangrowth, F|100/100
|move|p1a: Ferrothorn|Knock Off|p2a: Tangrowth
|-damage|p2a: Tangrowth|89/100
|-damage|p1a: Ferrothorn|56/100|[from] item: Rocky Helmet|[of] p2a: Tangrowth
|-enditem|p2a: Tangrowth|Rocky Helmet|[from] move: Knock Off|[of] p1a: Ferrothorn
|
|upkeep
|turn|21
|
|t:|1667702379
|move|p2a: Tangrowth|Focus Blast|p1a: Ferrothorn|[miss]
|-miss|p2a: Tangrowth|p1a: Ferrothorn
|move|p1a: Ferrothorn|Stealth Rock|p2a: Tangrowth
|-sidestart|p2: minimax_ai|move: Stealth Rock
|
|upkeep
|turn|22
|
|t:|1667702384
|switch|p1a: Zapdos|Zapdos|100/100
|-damage|p1a: Zapdos|75/100|[from] Stealth Rock
|move|p2a: Tangrowth|Knock Off|p1a: Zapdos
|-damage|p1a: Zapdos|60/100
|-status|p2a: Tangrowth|par|[from] ability: Static|[of] p1a: Zapdos
|-enditem|p1a: Zapdos|Leftovers|[from] move: Knock Off|[of] p2a: Tangrowth
|
|upkeep
|turn|23
|
|t:|1667702387
|switch|p2a: Landorus|Landorus-Therian, M|100/100
|-damage|p2a: Landorus|88/100|[from] Stealth Rock
|-ability|p2a: Landorus|Intimidate|boost
|-unboost|p1a: Zapdos|atk|1
|move|p1a: Zapdos|Defog|p2a: Landorus
|-unboost|p2a: Landorus|evasion|1
|-sideend|p2: minimax_ai|Stealth Rock|[from] move: Defog|[of] p1a: Zapdos
|-sideend|p1: Archerdagoat|Stealth Rock|[from] move: Defog|[of] p1a: Zapdos
|
|-heal|p2a: Landorus|94/100|[from] item: Leftovers
|upkeep
|turn|24
|
|t:|1667702389
|switch|p1a: Slowbro|Slowbro, M|100/100
|move|p2a: Landorus|Earthquake|p1a: Slowbro
|-damage|p1a: Slowbro|75/100
|
|-heal|p2a: Landorus|99/100|[from] item: Leftovers
|-heal|p1a: Slowbro|81/100|[from] item: Leftovers
|upkeep
|turn|25
|
|t:|1667702391
|move|p2a: Landorus|U-turn|p1a: Slowbro
|-supereffective|p1a: Slowbro
|-damage|p1a: Slowbro|54/100
|
|t:|1667702391
|switch|p2a: Tangrowth|Tangrowth, F|100/100 par|[from]move: U-turn
|move|p1a: Slowbro|Scald|p2a: Tangrowth
|-resisted|p2a: Tangrowth
|-damage|p2a: Tangrowth|81/100 par
|
|-heal|p1a: Slowbro|60/100|[from] item: Leftovers
|upkeep
|turn|26
|
|t:|1667702400
|switch|p1a: Volcarona|Volcarona, F|100/100
|move|p2a: Tangrowth|Knock Off|p1a: Volcarona
|-damage|p1a: Volcarona|64/100
|-enditem|p1a: Volcarona|Life Orb|[from] move: Knock Off|[of] p2a: Tangrowth
|
|upkeep
|turn|27
|
|t:|1667702405
|switch|p2a: Landorus|Landorus-Therian, M|99/100
|-ability|p2a: Landorus|Intimidate|boost
|-unboost|p1a: Volcarona|atk|1
|move|p1a: Volcarona|Quiver Dance|p1a: Volcarona
|-boost|p1a: Volcarona|spa|1
|-boost|p1a: Volcarona|spd|1
|-boost|p1a: Volcarona|spe|1
|
|-heal|p2a: Landorus|100/100|[from] item: Leftovers
|upkeep
|turn|28
|
|t:|1667702407
|move|p1a: Volcarona|Fiery Dance|p2a: Landorus
|-damage|p2a: Landorus|46/100
|-boost|p1a: Volcarona|spa|1
|move|p2a: Landorus|Earthquake|p1a: Volcarona
|-damage|p1a: Volcarona|0 fnt
|faint|p1a: Volcarona
|
|-heal|p2a: Landorus|52/100|[from] item: Leftovers
|upkeep
|
|t:|1667702418
|switch|p1a: Slowbro|Slowbro, M|93/100
|turn|29
|
|t:|1667702419
|move|p2a: Landorus|Earthquake|p1a: Slowbro
|-damage|p1a: Slowbro|65/100
|move|p1a: Slowbro|Calm Mind|p1a: Slowbro
|-boost|p1a: Slowbro|spa|1
|-boost|p1a: Slowbro|spd|1
|
|-heal|p2a: Landorus|58/100|[from] item: Leftovers
|-heal|p1a: Slowbro|72/100|[from] item: Leftovers
|upkeep
|turn|30
|
|t:|1667702422
|move|p2a: Landorus|U-turn|p1a: Slowbro
|-supereffective|p1a: Slowbro
|-damage|p1a: Slowbro|44/100
|
|t:|1667702422
|switch|p2a: Tangrowth|Tangrowth, F|100/100 par|[from]move: U-turn
|move|p1a: Slowbro|Calm Mind|p1a: Slowbro
|-boost|p1a: Slowbro|spa|1
|-boost|p1a: Slowbro|spd|1
|
|-heal|p1a: Slowbro|50/100|[from] item: Leftovers
|upkeep
|turn|31
|
|t:|1667702426
|move|p1a: Slowbro|Slack Off|p1a: Slowbro
|-heal|p1a: Slowbro|99/100
|move|p2a: Tangrowth|Knock Off|p1a: Slowbro
|-supereffective|p1a: Slowbro
|-damage|p1a: Slowbro|74/100
|-enditem|p1a: Slowbro|Leftovers|[from] move: Knock Off|[of] p2a: Tangrowth
|
|upkeep
|turn|32
|
|t:|1667702428
|move|p1a: Slowbro|Calm Mind|p1a: Slowbro
|-boost|p1a: Slowbro|spa|1
|-boost|p1a: Slowbro|spd|1
|cant|p2a: Tangrowth|par
|
|upkeep
|turn|33
|
|t:|1667702429
|move|p1a: Slowbro|Slack Off|p1a: Slowbro
|-heal|p1a: Slowbro|100/100
|cant|p2a: Tangrowth|par
|
|upkeep
|turn|34
|
|t:|1667702431
|move|p1a: Slowbro|Calm Mind|p1a: Slowbro
|-boost|p1a: Slowbro|spa|1
|-boost|p1a: Slowbro|spd|1
|cant|p2a: Tangrowth|par
|
|upkeep
|turn|35
|
|t:|1667702432
|move|p1a: Slowbro|Calm Mind|p1a: Slowbro
|-boost|p1a: Slowbro|spa|1
|-boost|p1a: Slowbro|spd|1
|cant|p2a: Tangrowth|par
|
|upkeep
|turn|36
|
|t:|1667702434
|move|p1a: Slowbro|Calm Mind|p1a: Slowbro
|-boost|p1a: Slowbro|spa|1
|-boost|p1a: Slowbro|spd|1
|move|p2a: Tangrowth|Sleep Powder|p1a: Slowbro
|-status|p1a: Slowbro|slp|[from] move: Sleep Powder
|
|upkeep
|turn|37
|
|t:|1667702436
|switch|p2a: Landorus|Landorus-Therian, M|58/100
|-ability|p2a: Landorus|Intimidate|boost
|-unboost|p1a: Slowbro|atk|1
|cant|p1a: Slowbro|slp
|
|-heal|p2a: Landorus|64/100|[from] item: Leftovers
|upkeep
|turn|38
|
|t:|1667702439
|move|p2a: Landorus|Earthquake|p1a: Slowbro
|-damage|p1a: Slowbro|74/100 slp
|-curestatus|p1a: Slowbro|slp|[msg]
|move|p1a: Slowbro|Slack Off|p1a: Slowbro
|-heal|p1a: Slowbro|100/100
|
|-heal|p2a: Landorus|70/100|[from] item: Leftovers
|upkeep
|turn|39
|
|t:|1667702441
|move|p2a: Landorus|U-turn|p1a: Slowbro
|-supereffective|p1a: Slowbro
|-damage|p1a: Slowbro|75/100
|
|t:|1667702441
|switch|p2a: Heatran|Heatran, M|48/100|[from]move: U-turn
|move|p1a: Slowbro|Scald|p2a: Heatran
|-supereffective|p2a: Heatran
|-damage|p2a: Heatran|0 fnt
|faint|p2a: Heatran
|
|upkeep
|
|t:|1667702442
|switch|p2a: Landorus|Landorus-Therian, M|70/100
|-ability|p2a: Landorus|Intimidate|boost
|-unboost|p1a: Slowbro|atk|1
|turn|40
|
|t:|1667702447
|move|p2a: Landorus|U-turn|p1a: Slowbro
|-supereffective|p1a: Slowbro
|-damage|p1a: Slowbro|48/100
|
|t:|1667702447
|switch|p2a: Melmetal|Melmetal|100/100|[from]move: U-turn
|move|p1a: Slowbro|Slack Off|p1a: Slowbro
|-heal|p1a: Slowbro|98/100
|
|upkeep
|turn|41
|
|t:|1667702451
|move|p2a: Melmetal|Double Iron Bash|p1a: Slowbro
|-resisted|p1a: Slowbro
|-damage|p1a: Slowbro|86/100
|-resisted|p1a: Slowbro
|-damage|p1a: Slowbro|73/100
|-hitcount|p1a: Slowbro|2
|move|p1a: Slowbro|Scald|p2a: Melmetal
|-damage|p2a: Melmetal|37/100
|
|upkeep
|turn|42
|
|t:|1667702458
|move|p2a: Melmetal|Double Iron Bash|p1a: Slowbro
|-resisted|p1a: Slowbro
|-damage|p1a: Slowbro|62/100
|-resisted|p1a: Slowbro
|-damage|p1a: Slowbro|50/100
|-hitcount|p1a: Slowbro|2
|move|p1a: Slowbro|Slack Off|p1a: Slowbro
|-heal|p1a: Slowbro|99/100
|
|upkeep
|turn|43
|
|t:|1667702460
|move|p2a: Melmetal|Thunder Punch|p1a: Slowbro
|-supereffective|p1a: Slowbro
|-damage|p1a: Slowbro|57/100
|move|p1a: Slowbro|Psyshock|p2a: Melmetal
|-resisted|p2a: Melmetal
|-damage|p2a: Melmetal|6/100
|
|upkeep
|turn|44
|
|t:|1667702462
|move|p2a: Melmetal|Double Iron Bash|p1a: Slowbro
|-resisted|p1a: Slowbro
|-damage|p1a: Slowbro|45/100
|-resisted|p1a: Slowbro
|-damage|p1a: Slowbro|34/100
|-hitcount|p1a: Slowbro|2
|move|p1a: Slowbro|Slack Off|p1a: Slowbro
|-heal|p1a: Slowbro|84/100
|
|upkeep
|turn|45
|
|t:|1667702463
|move|p2a: Melmetal|Thunder Punch|p1a: Slowbro
|-supereffective|p1a: Slowbro
|-damage|p1a: Slowbro|44/100
|move|p1a: Slowbro|Slack Off|p1a: Slowbro
|-heal|p1a: Slowbro|94/100
|
|upkeep
|turn|46
|
|t:|1667702465
|move|p2a: Melmetal|Thunder Punch|p1a: Slowbro
|-supereffective|p1a: Slowbro
|-damage|p1a: Slowbro|55/100
|move|p1a: Slowbro|Slack Off|p1a: Slowbro
|-heal|p1a: Slowbro|100/100
|
|upkeep
|turn|47
|
|t:|1667702466
|move|p2a: Melmetal|Thunder Punch|p1a: Slowbro
|-supereffective|p1a: Slowbro
|-damage|p1a: Slowbro|60/100
|move|p1a: Slowbro|Scald|p2a: Melmetal
|-damage|p2a: Melmetal|0 fnt
|faint|p2a: Melmetal
|
|upkeep
|
|t:|1667702466
|switch|p2a: Weavile|Weavile, F|100/100
|-ability|p2a: Weavile|Pressure
|turn|48
|
|t:|1667702471
|move|p2a: Weavile|Knock Off|p1a: Slowbro
|-supereffective|p1a: Slowbro
|-damage|p1a: Slowbro|6/100
|move|p1a: Slowbro|Scald|p2a: Weavile
|-damage|p2a: Weavile|0 fnt
|faint|p2a: Weavile
|
|upkeep
|
|t:|1667702471
|switch|p2a: Landorus|Landorus-Therian, M|70/100
|-ability|p2a: Landorus|Intimidate|boost
|-unboost|p1a: Slowbro|atk|1
|turn|49
|
|t:|1667702475
|switch|p1a: Ferrothorn|Ferrothorn, M|56/100
|move|p2a: Landorus|Earthquake|p1a: Ferrothorn
|-damage|p1a: Ferrothorn|31/100
|
|-heal|p2a: Landorus|76/100|[from] item: Leftovers
|upkeep
|turn|50
|
|t:|1667702484
|move|p2a: Landorus|Earthquake|p1a: Ferrothorn
|-damage|p1a: Ferrothorn|5/100
|move|p1a: Ferrothorn|Knock Off|p2a: Landorus
|-crit|p2a: Landorus
|-damage|p2a: Landorus|46/100
|-enditem|p2a: Landorus|Leftovers|[from] move: Knock Off|[of] p1a: Ferrothorn
|
|upkeep
|turn|51
|
|t:|1667702487
|move|p2a: Landorus|Earthquake|p1a: Ferrothorn
|-damage|p1a: Ferrothorn|0 fnt
|faint|p1a: Ferrothorn
|
|upkeep
|
|t:|1667702489
|switch|p1a: Slowbro|Slowbro, M|39/100
|turn|52
|
|t:|1667702490
|switch|p1a: Zapdos|Zapdos|60/100
|move|p2a: Landorus|Earthquake|p1a: Zapdos
|-immune|p1a: Zapdos
|
|upkeep
|turn|53
|
|t:|1667702493
|move|p1a: Zapdos|Heat Wave|p2a: Landorus
|-damage|p2a: Landorus|28/100
|-status|p2a: Landorus|brn
|move|p2a: Landorus|Toxic|p1a: Zapdos
|-status|p1a: Zapdos|tox
|
|-damage|p1a: Zapdos|54/100 tox|[from] psn
|-damage|p2a: Landorus|22/100 brn|[from] brn
|upkeep
|turn|54
|
|t:|1667702498
|move|p1a: Zapdos|Roost|p1a: Zapdos
|-heal|p1a: Zapdos|100/100 tox
|-singleturn|p1a: Zapdos|move: Roost
|move|p2a: Landorus|U-turn|p1a: Zapdos
|-damage|p1a: Zapdos|93/100 tox
|
|t:|1667702498
|switch|p2a: Rotom|Rotom-Wash|70/100 brn|[from]move: U-turn
|
|-heal|p2a: Rotom|76/100 brn|[from] item: Leftovers
|-damage|p1a: Zapdos|80/100 tox|[from] psn
|-damage|p2a: Rotom|70/100 brn|[from] brn
|upkeep
|turn|55
|
|t:|1667702500
|move|p2a: Rotom|Nasty Plot|p2a: Rotom
|-boost|p2a: Rotom|spa|2
|move|p1a: Zapdos|Thunderbolt|p2a: Rotom
|-damage|p2a: Rotom|30/100 brn
|
|-heal|p2a: Rotom|36/100 brn|[from] item: Leftovers
|-damage|p1a: Zapdos|61/100 tox|[from] psn
|-damage|p2a: Rotom|30/100 brn|[from] brn
|upkeep
|turn|56
|
|t:|1667702503
|move|p2a: Rotom|Thunderbolt|p1a: Zapdos
|-damage|p1a: Zapdos|0 fnt
|faint|p1a: Zapdos
|
|-heal|p2a: Rotom|36/100 brn|[from] item: Leftovers
|-damage|p2a: Rotom|30/100 brn|[from] brn
|upkeep
|
|t:|1667702506
|switch|p1a: Clefable|Clefable, F|100/100 par
|turn|57
|
|t:|1667702507
|move|p2a: Rotom|Thunderbolt|p1a: Clefable
|-damage|p1a: Clefable|68/100 par
|move|p1a: Clefable|Moonblast|p2a: Rotom
|-damage|p2a: Rotom|0 fnt
|faint|p2a: Rotom
|
|-heal|p1a: Clefable|74/100 par|[from] item: Leftovers
|upkeep
|
|t:|1667702507
|switch|p2a: Landorus|Landorus-Therian, M|22/100 brn
|-ability|p2a: Landorus|Intimidate|boost
|-unboost|p1a: Clefable|atk|1
|turn|58
|
|t:|1667702515
|move|p2a: Landorus|Earthquake|p1a: Clefable
|-damage|p1a: Clefable|56/100 par
|move|p1a: Clefable|Moonblast|p2a: Landorus
|-damage|p2a: Landorus|0 fnt
|faint|p2a: Landorus
|
|-heal|p1a: Clefable|62/100 par|[from] item: Leftovers
|upkeep
|
|t:|1667702516
|switch|p2a: Tangrowth|Tangrowth, F|100/100 par
|turn|59
|
|t:|1667702519
|move|p1a: Clefable|Calm Mind|p1a: Clefable
|-boost|p1a: Clefable|spa|1
|-boost|p1a: Clefable|spd|1
|cant|p2a: Tangrowth|par
|
|-heal|p1a: Clefable|68/100 par|[from] item: Leftovers
|upkeep
|turn|60
|
|t:|1667702520
|move|p1a: Clefable|Wish|p1a: Clefable
|move|p2a: Tangrowth|Knock Off|p1a: Clefable
|-resisted|p1a: Clefable
|-damage|p1a: Clefable|59/100 par
|-enditem|p1a: Clefable|Leftovers|[from] move: Knock Off|[of] p2a: Tangrowth
|
|upkeep
|turn|61
|
|t:|1667702521
|move|p1a: Clefable|Moonblast|p2a: Tangrowth
|-damage|p2a: Tangrowth|30/100 par
|cant|p2a: Tangrowth|par
|
|-heal|p1a: Clefable|100/100 par|[from] move: Wish|[wisher] Clefable
|upkeep
|turn|62
|
|t:|1667702523
|move|p1a: Clefable|Moonblast|p2a: Tangrowth
|-damage|p2a: Tangrowth|0 fnt
|faint|p2a: Tangrowth
|
|win|Archerdagoat
|raw|Archerdagoat's rating: 1492 &rarr; <strong>1514</strong><br />(+22 for winning)
|raw|minimax_ai's rating: 1521 &rarr; <strong>1499</strong><br />(-22 for losing)
