|j|☆corumba
|j|☆alvar03
|t:|1667938905
|gametype|singles
|player|p1|corumba|266|1778
|player|p2|alvar03|alder|1870
|teamsize|p1|6
|teamsize|p2|6
|gen|8
|tier|[Gen 8] OU
|rated|
|rule|Sleep Clause Mod: Limit one foe put to sleep
|rule|Species Clause: Limit one of each Pokémon
|rule|OHKO Clause: OHKO moves are banned
|rule|Evasion Items Clause: Evasion items are banned
|rule|Evasion Moves Clause: Evasion moves are banned
|rule|Endless Battle Clause: Forcing endless battles is banned
|rule|HP Percentage Mod: HP is shown in percentages
|rule|Dynamax Clause: You cannot dynamax
|clearpoke
|poke|p1|Landorus-Therian, M|
|poke|p1|Rotom-Wash|
|poke|p1|Gengar, F|
|poke|p1|Melmetal|
|poke|p1|Heatran, F|
|poke|p1|Dragapult, F|
|poke|p2|Heatran, F|
|poke|p2|Clefable, F|
|poke|p2|Keldeo-Resolute|
|poke|p2|Tornadus-Therian, M|
|poke|p2|Garchomp, F|
|poke|p2|Volcarona, M|
|teampreview
|j| fart_excavator
|
|t:|1667938938
|start
|switch|p1a: Rotom|Rotom-Wash|100/100
|switch|p2a: Tornadus|Tornadus-Therian, M|100/100
|turn|1
|inactive|Battle timer is ON: inactive players will automatically lose when time's up. (requested by alvar03)
|
|t:|1667938945
|move|p2a: Tornadus|U-turn|p1a: Rotom
|-crit|p1a: Rotom
|-damage|p1a: Rotom|82/100
|
|t:|1667938947
|switch|p2a: Clefable|Clefable, F|100/100|[from]move: U-turn
|move|p1a: Rotom|Volt Switch|p2a: Clefable
|-damage|p2a: Clefable|83/100
|j| Anoxx17
|
|t:|1667938954
|switch|p1a: Heatran|Heatran, F|100/100|[from]move: Volt Switch
|
|-heal|p2a: Clefable|90/100|[from] item: Leftovers
|upkeep
|turn|2
|
|t:|1667938957
|switch|p2a: Garchomp|Garchomp, F|100/100
|move|p1a: Heatran|Stealth Rock|p2a: Garchomp
|-sidestart|p2: alvar03|move: Stealth Rock
|
|upkeep
|turn|3
|j| Jongruenwald
|
|t:|1667938966
|switch|p2a: Tornadus|Tornadus-Therian, M|100/100
|switch|p1a: Landorus|Landorus-Therian, M|100/100
|-ability|p1a: Landorus|Intimidate|boost
|-unboost|p2a: Tornadus|atk|1
|
|upkeep
|turn|4
|
|t:|1667938974
|switch|p1a: Rotom|Rotom-Wash|82/100
|move|p2a: Tornadus|Knock Off|p1a: Rotom
|-damage|p1a: Rotom|72/100
|-enditem|p1a: Rotom|Leftovers|[from] move: Knock Off|[of] p2a: Tornadus
|
|upkeep
|turn|5
|
|t:|1667938981
|move|p2a: Tornadus|Defog|p1a: Rotom
|-unboost|p1a: Rotom|evasion|1
|-sideend|p2: alvar03|Stealth Rock|[from] move: Defog|[of] p2a: Tornadus
|move|p1a: Rotom|Hydro Pump|p2a: Tornadus
|-damage|p2a: Tornadus|61/100
|
|upkeep
|turn|6
|j| popabl
|
|t:|1667938985
|move|p2a: Tornadus|U-turn|p1a: Rotom
|-damage|p1a: Rotom|65/100
|inactive|alvar03 has 120 seconds left.
|
|t:|1667939034
|switch|p2a: Clefable|Clefable, F|90/100|[from]move: U-turn
|move|p1a: Rotom|Volt Switch|p2a: Clefable
|-damage|p2a: Clefable|74/100
|
|t:|1667939050
|switch|p1a: Heatran|Heatran, F|100/100|[from]move: Volt Switch
|
|-heal|p2a: Clefable|80/100|[from] item: Leftovers
|upkeep
|turn|7
|
|t:|1667939055
|switch|p2a: Keldeo|Keldeo-Resolute|100/100
|move|p1a: Heatran|Stealth Rock|p2a: Keldeo
|-sidestart|p2: alvar03|move: Stealth Rock
|
|upkeep
|turn|8
|
|t:|1667939061
|switch|p1a: Dragapult|Dragapult, F|100/100
|move|p2a: Keldeo|Hydro Pump|p1a: Dragapult
|-resisted|p1a: Dragapult
|-damage|p1a: Dragapult|45/100
|
|upkeep
|turn|9
|
|t:|1667939068
|switch|p2a: Tornadus|Tornadus-Therian, M|94/100
|move|p1a: Dragapult|U-turn|p2a: Tornadus
|-resisted|p2a: Tornadus
|-damage|p2a: Tornadus|74/100
|
|t:|1667939077
|switch|p1a: Rotom|Rotom-Wash|65/100|[from]move: U-turn
|
|upkeep
|turn|10
|
|t:|1667939081
|move|p2a: Tornadus|Defog|p1a: Rotom
|-unboost|p1a: Rotom|evasion|1
|-sideend|p2: alvar03|Stealth Rock|[from] move: Defog|[of] p2a: Tornadus
|move|p1a: Rotom|Volt Switch|p2a: Tornadus
|-supereffective|p2a: Tornadus
|-damage|p2a: Tornadus|27/100
|
|t:|1667939089
|switch|p1a: Heatran|Heatran, F|100/100|[from]move: Volt Switch
|
|upkeep
|turn|11
|
|t:|1667939092
|move|p2a: Tornadus|Knock Off|p1a: Heatran
|-damage|p1a: Heatran|88/100
|-enditem|p1a: Heatran|Leftovers|[from] move: Knock Off|[of] p2a: Tornadus
|move|p1a: Heatran|Stealth Rock|p2a: Tornadus
|-sidestart|p2: alvar03|move: Stealth Rock
|
|upkeep
|turn|12
|
|t:|1667939097
|move|p2a: Tornadus|U-turn|p1a: Heatran
|-resisted|p1a: Heatran
|-damage|p1a: Heatran|85/100
|
|t:|1667939099
|switch|p2a: Garchomp|Garchomp, F|100/100|[from]move: U-turn
|-damage|p2a: Garchomp|94/100|[from] Stealth Rock
|move|p1a: Heatran|Lava Plume|p2a: Garchomp
|-resisted|p2a: Garchomp
|-damage|p2a: Garchomp|76/100
|-status|p2a: Garchomp|brn
|
|-heal|p2a: Garchomp|82/100 brn|[from] item: Leftovers
|-damage|p2a: Garchomp|76/100 brn|[from] brn
|upkeep
|turn|13
|
|t:|1667939112
|switch|p2a: Clefable|Clefable, F|80/100
|switch|p1a: Landorus|Landorus-Therian, M|100/100
|-ability|p1a: Landorus|Intimidate|boost
|-unboost|p2a: Clefable|atk|1
|
|-heal|p2a: Clefable|86/100|[from] item: Leftovers
|upkeep
|turn|14
|
|t:|1667939120
|move|p1a: Landorus|Earthquake|p2a: Clefable
|-damage|p2a: Clefable|9/100
|move|p2a: Clefable|Stealth Rock|p1a: Landorus
|-sidestart|p1: corumba|move: Stealth Rock
|
|-heal|p2a: Clefable|15/100|[from] item: Leftovers
|upkeep
|turn|15
|
|t:|1667939129
|switch|p2a: Tornadus|Tornadus-Therian, M|60/100
|move|p1a: Landorus|Smack Down|p2a: Tornadus
|-supereffective|p2a: Tornadus
|-damage|p2a: Tornadus|14/100
|-start|p2a: Tornadus|Smack Down
|
|upkeep
|turn|16
|j| HQSKiller
|
|t:|1667939136
|move|p2a: Tornadus|U-turn|p1a: Landorus
|-resisted|p1a: Landorus
|-damage|p1a: Landorus|93/100
|
|t:|1667939138
|switch|p2a: Clefable|Clefable, F|15/100|[from]move: U-turn
|move|p1a: Landorus|Knock Off|p2a: Clefable
|-resisted|p2a: Clefable
|-damage|p2a: Clefable|0 fnt
|-enditem|p2a: Clefable|Leftovers|[from] move: Knock Off|[of] p1a: Landorus
|faint|p2a: Clefable
|
|upkeep
|
|t:|1667939140
|switch|p2a: Keldeo|Keldeo-Resolute|100/100
|-damage|p2a: Keldeo|94/100|[from] Stealth Rock
|turn|17
|
|t:|1667939156
|switch|p1a: Melmetal|Melmetal|100/100
|-damage|p1a: Melmetal|94/100|[from] Stealth Rock
|move|p2a: Keldeo|Scald|p1a: Melmetal
|-damage|p1a: Melmetal|33/100
|-status|p1a: Melmetal|brn
|
|-heal|p1a: Melmetal|40/100 brn|[from] item: Leftovers
|-damage|p1a: Melmetal|33/100 brn|[from] brn
|upkeep
|turn|18
|
|t:|1667939165
|move|p2a: Keldeo|Scald|p1a: Melmetal
|-crit|p1a: Melmetal
|-damage|p1a: Melmetal|0 fnt
|faint|p1a: Melmetal
|
|upkeep
|
|t:|1667939175
|switch|p1a: Dragapult|Dragapult, F|45/100
|-damage|p1a: Dragapult|33/100|[from] Stealth Rock
|turn|19
|
|t:|1667939179
|switch|p2a: Heatran|Heatran, F|100/100
|-damage|p2a: Heatran|88/100|[from] Stealth Rock
|move|p1a: Dragapult|Dragon Darts|p2a: Heatran
|-resisted|p2a: Heatran
|-damage|p2a: Heatran|71/100
|-anim|p1a: Dragapult|Dragon Darts|p2a: Heatran
|-resisted|p2a: Heatran
|-damage|p2a: Heatran|53/100
|
|-heal|p2a: Heatran|60/100|[from] item: Leftovers
|upkeep
|turn|20
|
|t:|1667939190
|switch|p1a: Rotom|Rotom-Wash|65/100
|-damage|p1a: Rotom|52/100|[from] Stealth Rock
|move|p2a: Heatran|Magma Storm|p1a: Rotom
|-resisted|p1a: Rotom
|-damage|p1a: Rotom|29/100
|-activate|p1a: Rotom|move: Magma Storm|[of] p2a: Heatran
|
|-heal|p2a: Heatran|66/100|[from] item: Leftovers
|-damage|p1a: Rotom|17/100|[from] move: Magma Storm|[partiallytrapped]
|upkeep
|turn|21
|
|t:|1667939199
|switch|p2a: Tornadus|Tornadus-Therian, M|47/100
|move|p1a: Rotom|Pain Split|p2a: Tornadus
|-sethp|p2a: Tornadus|30/100|[from] move: Pain Split|[silent]
|-sethp|p1a: Rotom|36/100|[from] move: Pain Split
|
|-end|p1a: Rotom|Magma Storm|[partiallytrapped]|[silent]
|upkeep
|turn|22
|
|t:|1667939207
|move|p2a: Tornadus|U-turn|p1a: Rotom
|-damage|p1a: Rotom|24/100
|
|t:|1667939208
|switch|p2a: Garchomp|Garchomp, F|76/100 brn|[from]move: U-turn
|-damage|p2a: Garchomp|69/100 brn|[from] Stealth Rock
|move|p1a: Rotom|Hydro Pump|p2a: Garchomp
|-damage|p2a: Garchomp|28/100 brn
|
|-heal|p2a: Garchomp|34/100 brn|[from] item: Leftovers
|-damage|p2a: Garchomp|28/100 brn|[from] brn
|upkeep
|turn|23
|
|t:|1667939227
|move|p2a: Garchomp|Scale Shot|p1a: Rotom
|-damage|p1a: Rotom|19/100
|-damage|p1a: Rotom|13/100
|-hitcount|p1a: Rotom|2
|-unboost|p2a: Garchomp|def|1
|-boost|p2a: Garchomp|spe|1
|move|p1a: Rotom|Hydro Pump|p2a: Garchomp
|-crit|p2a: Garchomp
|-damage|p2a: Garchomp|0 fnt
|faint|p2a: Garchomp
|
|upkeep
|
|t:|1667939250
|switch|p2a: Volcarona|Volcarona, M|100/100
|turn|24
|
|t:|1667939259
|move|p2a: Volcarona|Psychic|p1a: Rotom
|-damage|p1a: Rotom|0 fnt
|faint|p1a: Rotom
|
|upkeep
|
|t:|1667939267
|switch|p1a: Dragapult|Dragapult, F|33/100
|-damage|p1a: Dragapult|21/100|[from] Stealth Rock
|turn|25
|
|t:|1667939276
|move|p1a: Dragapult|Dragon Darts|p2a: Volcarona
|-damage|p2a: Volcarona|32/100
|-anim|p1a: Dragapult|Dragon Darts|p2a: Volcarona
|-damage|p2a: Volcarona|0 fnt
|faint|p2a: Volcarona
|
|upkeep
|
|t:|1667939278
|switch|p2a: Heatran|Heatran, F|66/100
|-damage|p2a: Heatran|53/100|[from] Stealth Rock
|turn|26
|j| lil globglabgla
|
|t:|1667939286
|switch|p1a: Heatran|Heatran, F|85/100
|-damage|p1a: Heatran|73/100|[from] Stealth Rock
|move|p2a: Heatran|Magma Storm|p1a: Heatran|[miss]
|-miss|p2a: Heatran|p1a: Heatran
|
|-heal|p2a: Heatran|60/100|[from] item: Leftovers
|upkeep
|turn|27
|
|t:|1667939297
|switch|p2a: Keldeo|Keldeo-Resolute|94/100
|-damage|p2a: Keldeo|88/100|[from] Stealth Rock
|move|p1a: Heatran|Earth Power|p2a: Keldeo
|-damage|p2a: Keldeo|57/100
|
|upkeep
|turn|28
|
|t:|1667939306
|move|p2a: Keldeo|Scald|p1a: Heatran
|-supereffective|p1a: Heatran
|-damage|p1a: Heatran|0 fnt
|faint|p1a: Heatran
|
|upkeep
|
|t:|1667939332
|switch|p1a: Dragapult|Dragapult, F|21/100
|-damage|p1a: Dragapult|8/100|[from] Stealth Rock
|turn|29
|inactive|alvar03 has 120 seconds left.
|
|t:|1667939389
|move|p1a: Dragapult|Phantom Force||[still]
|-prepare|p1a: Dragapult|Phantom Force
|move|p2a: Keldeo|Scald|p1a: Dragapult|[miss]
|-miss|p2a: Keldeo|p1a: Dragapult
|
|upkeep
|turn|30
|
|t:|1667939397
|move|p1a: Dragapult|Phantom Force|p2a: Keldeo|[from]lockedmove
|-damage|p2a: Keldeo|0 fnt
|faint|p2a: Keldeo
|
|upkeep
|l| popabl
|
|t:|1667939415
|switch|p2a: Tornadus|Tornadus-Therian, M|63/100
|turn|31
|
|t:|1667939419
|switch|p2a: Heatran|Heatran, F|60/100
|-damage|p2a: Heatran|47/100|[from] Stealth Rock
|move|p1a: Dragapult|Phantom Force||[still]
|-prepare|p1a: Dragapult|Phantom Force
|
|-heal|p2a: Heatran|53/100|[from] item: Leftovers
|upkeep
|turn|32
|j| popabl
|
|t:|1667939426
|move|p1a: Dragapult|Phantom Force|p2a: Heatran|[from]lockedmove
|-damage|p2a: Heatran|0 fnt
|faint|p2a: Heatran
|
|upkeep
|
|t:|1667939429
|switch|p2a: Tornadus|Tornadus-Therian, M|97/100
|turn|33
|
|t:|1667939432
|move|p1a: Dragapult|Phantom Force||[still]
|-prepare|p1a: Dragapult|Phantom Force
|move|p2a: Tornadus|Knock Off|p1a: Dragapult|[miss]
|-miss|p2a: Tornadus|p1a: Dragapult
|
|upkeep
|turn|34
|
|t:|1667939436
|move|p1a: Dragapult|Phantom Force|p2a: Tornadus|[from]lockedmove
|-damage|p2a: Tornadus|20/100
|move|p2a: Tornadus|Knock Off|p1a: Dragapult
|-supereffective|p1a: Dragapult
|-damage|p1a: Dragapult|0 fnt
|-enditem|p1a: Dragapult|Choice Band|[from] move: Knock Off|[of] p2a: Tornadus
|faint|p1a: Dragapult
|
|upkeep
|
|t:|1667939444
|switch|p1a: Gengar|Gengar, F|100/100
|-damage|p1a: Gengar|88/100|[from] Stealth Rock
|turn|35
|
|t:|1667939448
|move|p1a: Gengar|Shadow Ball|p2a: Tornadus
|-damage|p2a: Tornadus|0 fnt
|faint|p2a: Tornadus
|
|win|corumba
|raw|corumba's rating: 1778 &rarr; <strong>1803</strong><br />(+25 for winning)
|raw|alvar03's rating: 1870 &rarr; <strong>1845</strong><br />(-25 for losing)
|l|☆alvar03
|l| popabl
|l|☆corumba
|l| Jongruenwald
||Ladder isn't responding, score probably updated but might not have (Request timeout).
|l| lil globglabgla
|l| Anoxx17
