|j|☆someidiot19
|j|☆maxleaf
|t:|1666950544
|gametype|singles
|player|p1|someidiot19|serena-masters|1490
|player|p2|maxleaf|lucas|1442
|teamsize|p1|6
|teamsize|p2|6
|gen|8
|tier|[Gen 8] OU
|rated|
|rule|Sleep Clause Mod: Limit one foe put to sleep
|rule|Species Clause: Limit one of each Pokémon
|rule|OHKO Clause: OHKO moves are banned
|rule|Evasion Items Clause: Evasion items are banned
|rule|Evasion Moves Clause: Evasion moves are banned
|rule|Endless Battle Clause: Forcing endless battles is banned
|rule|HP Percentage Mod: HP is shown in percentages
|rule|Dynamax Clause: You cannot dynamax
|clearpoke
|poke|p1|Volcanion|
|poke|p1|Ninetales-Alola, M|
|poke|p1|Corviknight, M|
|poke|p1|Arctozolt|
|poke|p1|Landorus-Therian, M|
|poke|p1|Tornadus-Therian, M|
|poke|p2|Tyranitar, M|
|poke|p2|Dragapult, F|
|poke|p2|Excadrill, M|
|poke|p2|Corviknight, M|
|poke|p2|Slowking-Galar, M|
|poke|p2|Urshifu-*, M|
|teampreview
|inactive|Battle timer is ON: inactive players will automatically lose when time's up. (requested by someidiot19)
|
|t:|1666950566
|start
|switch|p1a: Volcanion|Volcanion|100/100
|switch|p2a: Tyranitar|Tyranitar, M|100/100
|-weather|Sandstorm|[from] ability: Sand Stream|[of] p2a: Tyranitar
|turn|1
|
|t:|1666950582
|switch|p1a: Landorus|Landorus-Therian, M|100/100
|-ability|p1a: Landorus|Intimidate|boost
|-unboost|p2a: Tyranitar|atk|1
|move|p2a: Tyranitar|Protect||[still]
|-fail|p2a: Tyranitar
|
|-weather|Sandstorm|[upkeep]
|upkeep
|turn|2
|
|t:|1666950593
|switch|p2a: Corviknight|Corviknight, M|100/100
|-ability|p2a: Corviknight|Pressure
|move|p1a: Landorus|U-turn|p2a: Corviknight
|-resisted|p2a: Corviknight
|-damage|p2a: Corviknight|97/100
|-damage|p1a: Landorus|84/100|[from] item: Rocky Helmet|[of] p2a: Corviknight
|
|t:|1666950596
|switch|p1a: Arctozolt|Arctozolt|100/100|[from]move: U-turn
|
|-weather|Sandstorm|[upkeep]
|-damage|p1a: Arctozolt|94/100|[from] Sandstorm
|-heal|p1a: Arctozolt|100/100|[from] item: Leftovers
|upkeep
|turn|3
|
|t:|1666950609
|switch|p2a: Excadrill|Excadrill, M|100/100
|move|p1a: Arctozolt|Low Kick|p2a: Excadrill
|-supereffective|p2a: Excadrill
|-damage|p2a: Excadrill|55/100
|
|-weather|Sandstorm|[upkeep]
|-damage|p1a: Arctozolt|94/100|[from] Sandstorm
|-heal|p2a: Excadrill|61/100|[from] item: Leftovers
|-heal|p1a: Arctozolt|100/100|[from] item: Leftovers
|upkeep
|turn|4
|
|t:|1666950624
|switch|p1a: Corviknight|Corviknight, M|100/100
|-ability|p1a: Corviknight|Pressure
|move|p2a: Excadrill|Earthquake|p1a: Corviknight
|-immune|p1a: Corviknight
|
|-weather|Sandstorm|[upkeep]
|-heal|p2a: Excadrill|67/100|[from] item: Leftovers
|upkeep
|turn|5
|
|t:|1666950639
|switch|p2a: Corviknight|Corviknight, M|97/100
|-ability|p2a: Corviknight|Pressure
|move|p1a: Corviknight|U-turn|p2a: Corviknight
|-resisted|p2a: Corviknight
|-damage|p2a: Corviknight|95/100
|-damage|p1a: Corviknight|84/100|[from] item: Rocky Helmet|[of] p2a: Corviknight
|
|t:|1666950643
|switch|p1a: Volcanion|Volcanion|100/100|[from]move: U-turn
|
|-weather|none
|upkeep
|turn|6
|
|t:|1666950655
|switch|p2a: Slowking|Slowking-Galar, M|100/100
|move|p1a: Volcanion|Steam Eruption|p2a: Slowking
|-damage|p2a: Slowking|65/100
|
|upkeep
|turn|7
|
|t:|1666950665
|switch|p1a: Landorus|Landorus-Therian, M|84/100
|-ability|p1a: Landorus|Intimidate|boost
|-unboost|p2a: Slowking|atk|1
|move|p2a: Slowking|Sludge Bomb|p1a: Landorus
|-resisted|p1a: Landorus
|-damage|p1a: Landorus|71/100
|-status|p1a: Landorus|psn
|
|-heal|p1a: Landorus|77/100 psn|[from] item: Leftovers
|-damage|p1a: Landorus|64/100 psn|[from] psn
|upkeep
|turn|8
|
|t:|1666950682
|switch|p2a: Corviknight|Corviknight, M|95/100
|-ability|p2a: Corviknight|Pressure
|move|p1a: Landorus|U-turn|p2a: Corviknight
|-resisted|p2a: Corviknight
|-damage|p2a: Corviknight|92/100
|-damage|p1a: Landorus|48/100 psn|[from] item: Rocky Helmet|[of] p2a: Corviknight
|
|t:|1666950688
|switch|p1a: Arctozolt|Arctozolt|100/100|[from]move: U-turn
|
|upkeep
|turn|9
|
|t:|1666950704
|move|p1a: Arctozolt|Low Kick|p2a: Corviknight
|-damage|p2a: Corviknight|80/100
|-damage|p1a: Arctozolt|84/100|[from] item: Rocky Helmet|[of] p2a: Corviknight
|move|p2a: Corviknight|U-turn|p1a: Arctozolt
|-damage|p1a: Arctozolt|67/100
|
|t:|1666950720
|switch|p2a: Dragapult|Dragapult, F|100/100|[from]move: U-turn
|
|-heal|p1a: Arctozolt|74/100|[from] item: Leftovers
|upkeep
|turn|10
|
|t:|1666950726
|switch|p1a: Tornadus|Tornadus-Therian, M|100/100
|move|p2a: Dragapult|U-turn|p1a: Tornadus
|-resisted|p1a: Tornadus
|-damage|p1a: Tornadus|92/100
|
|t:|1666950734
|switch|p2a: Tyranitar|Tyranitar, M|100/100|[from]move: U-turn
|-weather|Sandstorm|[from] ability: Sand Stream|[of] p2a: Tyranitar
|
|-weather|Sandstorm|[upkeep]
|-damage|p1a: Tornadus|86/100|[from] Sandstorm
|upkeep
|turn|11
|
|t:|1666950745
|move|p1a: Tornadus|Knock Off|p2a: Tyranitar
|-resisted|p2a: Tyranitar
|-damage|p2a: Tyranitar|93/100
|-enditem|p2a: Tyranitar|Leftovers|[from] move: Knock Off|[of] p1a: Tornadus
|move|p2a: Tyranitar|Toxic|p1a: Tornadus
|-status|p1a: Tornadus|tox
|
|-weather|Sandstorm|[upkeep]
|-damage|p1a: Tornadus|80/100 tox|[from] Sandstorm
|-damage|p1a: Tornadus|74/100 tox|[from] psn
|upkeep
|turn|12
|inactive|maxleaf has 120 seconds left.
|
|t:|1666950769
|move|p1a: Tornadus|U-turn|p2a: Tyranitar
|-supereffective|p2a: Tyranitar
|-damage|p2a: Tyranitar|68/100
|
|t:|1666950776
|switch|p1a: Landorus|Landorus-Therian, M|48/100 psn|[from]move: U-turn
|-ability|p1a: Landorus|Intimidate|boost
|-unboost|p2a: Tyranitar|atk|1
|move|p2a: Tyranitar|Rock Blast|p1a: Landorus
|-damage|p1a: Landorus|40/100 psn
|-damage|p1a: Landorus|33/100 psn
|-hitcount|p1a: Landorus|2
|
|-weather|Sandstorm|[upkeep]
|-heal|p1a: Landorus|39/100 psn|[from] item: Leftovers
|-damage|p1a: Landorus|27/100 psn|[from] psn
|upkeep
|turn|13
|inactive|maxleaf has 120 seconds left.
|l|☆maxleaf
|inactive|maxleaf disconnected and has a minute to reconnect!
|player|p2|
|inactive|maxleaf has 30 seconds to reconnect!
|inactive|maxleaf has 20 seconds to reconnect!
|inactive|maxleaf has 15 seconds to reconnect!
|j|☆maxleaf
|inactive|maxleaf reconnected and has 75 seconds left.
|player|p2|maxleaf|lucas
|
|t:|1666950841
|move|p2a: Tyranitar|Protect|p2a: Tyranitar
|-singleturn|p2a: Tyranitar|Protect
|move|p1a: Landorus|U-turn|p2a: Tyranitar
|-activate|p2a: Tyranitar|move: Protect
|
|-weather|Sandstorm|[upkeep]
|-heal|p1a: Landorus|33/100 psn|[from] item: Leftovers
|-damage|p1a: Landorus|20/100 psn|[from] psn
|upkeep
|turn|14
|
|t:|1666950852
|switch|p2a: Corviknight|Corviknight, M|80/100
|-ability|p2a: Corviknight|Pressure
|move|p1a: Landorus|U-turn|p2a: Corviknight
|-resisted|p2a: Corviknight
|-damage|p2a: Corviknight|76/100
|-damage|p1a: Landorus|4/100 psn|[from] item: Rocky Helmet|[of] p2a: Corviknight
|
|t:|1666950854
|switch|p1a: Arctozolt|Arctozolt|74/100|[from]move: U-turn
|
|-weather|none
|-heal|p1a: Arctozolt|80/100|[from] item: Leftovers
|upkeep
|turn|15
|
|t:|1666950874
|switch|p2a: Excadrill|Excadrill, M|67/100
|move|p1a: Arctozolt|Low Kick|p2a: Excadrill
|-supereffective|p2a: Excadrill
|-damage|p2a: Excadrill|16/100
|
|-heal|p2a: Excadrill|22/100|[from] item: Leftovers
|-heal|p1a: Arctozolt|86/100|[from] item: Leftovers
|upkeep
|turn|16
|
|t:|1666950883
|switch|p1a: Corviknight|Corviknight, M|84/100
|-ability|p1a: Corviknight|Pressure
|move|p2a: Excadrill|Earthquake|p1a: Corviknight
|-immune|p1a: Corviknight
|
|-heal|p2a: Excadrill|28/100|[from] item: Leftovers
|upkeep
|turn|17
|
|t:|1666950900
|switch|p2a: Slowking|Slowking-Galar, M|99/100
|move|p1a: Corviknight|U-turn|p2a: Slowking
|-damage|p2a: Slowking|85/100
|
|t:|1666950909
|switch|p1a: Tornadus|Tornadus-Therian, M|100/100 tox|[from]move: U-turn
|
|-damage|p1a: Tornadus|94/100 tox|[from] psn
|upkeep
|turn|18
|
|t:|1666950922
|switch|p2a: Tyranitar|Tyranitar, M|68/100
|-weather|Sandstorm|[from] ability: Sand Stream|[of] p2a: Tyranitar
|move|p1a: Tornadus|Knock Off|p2a: Tyranitar
|-resisted|p2a: Tyranitar
|-damage|p2a: Tyranitar|64/100
|
|-weather|Sandstorm|[upkeep]
|-damage|p1a: Tornadus|88/100 tox|[from] Sandstorm
|-damage|p1a: Tornadus|76/100 tox|[from] psn
|upkeep
|turn|19
|
|t:|1666950935
|move|p1a: Tornadus|U-turn|p2a: Tyranitar
|-supereffective|p2a: Tyranitar
|-damage|p2a: Tyranitar|41/100
|
|t:|1666950939
|switch|p1a: Corviknight|Corviknight, M|84/100|[from]move: U-turn
|-ability|p1a: Corviknight|Pressure
|move|p2a: Tyranitar|Stealth Rock|p1a: Corviknight
|-sidestart|p1: someidiot19|move: Stealth Rock
|
|-weather|Sandstorm|[upkeep]
|upkeep
|turn|20
|inactive|maxleaf has 90 seconds left.
|
|t:|1666950959
|switch|p2a: Urshifu|Urshifu-Rapid-Strike, M|100/100
|move|p1a: Corviknight|Defog|p2a: Urshifu
|-unboost|p2a: Urshifu|evasion|1
|-sideend|p1: someidiot19|Stealth Rock|[from] move: Defog|[of] p1a: Corviknight
|
|-weather|Sandstorm|[upkeep]
|-damage|p2a: Urshifu|94/100|[from] Sandstorm
|upkeep
|turn|21
|
|t:|1666950970
|move|p2a: Urshifu|U-turn|p1a: Corviknight
|-resisted|p1a: Corviknight
|-damage|p1a: Corviknight|80/100
|-damage|p2a: Urshifu|78/100|[from] item: Rocky Helmet|[of] p1a: Corviknight
|
|t:|1666950976
|switch|p2a: Slowking|Slowking-Galar, M|100/100|[from]move: U-turn
|move|p1a: Corviknight|Roost|p1a: Corviknight
|-heal|p1a: Corviknight|100/100
|-singleturn|p1a: Corviknight|move: Roost
|
|-weather|Sandstorm|[upkeep]
|-damage|p2a: Slowking|94/100|[from] Sandstorm
|upkeep
|turn|22
|
|t:|1666950989
|move|p1a: Corviknight|U-turn|p2a: Slowking
|-damage|p2a: Slowking|79/100
|
|t:|1666950991
|switch|p1a: Tornadus|Tornadus-Therian, M|100/100 tox|[from]move: U-turn
|move|p2a: Slowking|Flamethrower|p1a: Tornadus
|-damage|p1a: Tornadus|83/100 tox
|
|-weather|none
|-damage|p1a: Tornadus|77/100 tox|[from] psn
|upkeep
|turn|23
|inactive|maxleaf has 90 seconds left.
|
|t:|1666951002
|switch|p2a: Corviknight|Corviknight, M|76/100
|-ability|p2a: Corviknight|Pressure
|move|p1a: Tornadus|Knock Off|p2a: Corviknight
|-damage|p2a: Corviknight|65/100
|-damage|p1a: Tornadus|60/100 tox|[from] item: Rocky Helmet|[of] p2a: Corviknight
|-enditem|p2a: Corviknight|Rocky Helmet|[from] move: Knock Off|[of] p1a: Tornadus
|
|-damage|p1a: Tornadus|48/100 tox|[from] psn
|upkeep
|turn|24
|inactive|maxleaf has 90 seconds left.
|
|t:|1666951017
|move|p1a: Tornadus|U-turn|p2a: Corviknight
|-resisted|p2a: Corviknight
|-damage|p2a: Corviknight|63/100
|
|t:|1666951022
|switch|p1a: Volcanion|Volcanion|100/100|[from]move: U-turn
|move|p2a: Corviknight|U-turn|p1a: Volcanion
|-resisted|p1a: Volcanion
|-damage|p1a: Volcanion|94/100
|inactive|maxleaf has 90 seconds left.
|
|t:|1666951041
|switch|p2a: Excadrill|Excadrill, M|28/100|[from]move: U-turn
|
|-heal|p2a: Excadrill|35/100|[from] item: Leftovers
|upkeep
|turn|25
|
|t:|1666951049
|switch|p1a: Corviknight|Corviknight, M|100/100
|-ability|p1a: Corviknight|Pressure
|move|p2a: Excadrill|Earthquake|p1a: Corviknight
|-immune|p1a: Corviknight
|
|-heal|p2a: Excadrill|41/100|[from] item: Leftovers
|upkeep
|turn|26
|inactive|maxleaf has 90 seconds left.
|
|t:|1666951063
|switch|p2a: Dragapult|Dragapult, F|100/100
|move|p1a: Corviknight|Body Press|p2a: Dragapult
|-immune|p2a: Dragapult
|
|upkeep
|turn|27
|inactive|maxleaf has 90 seconds left.
|
|t:|1666951072
|move|p2a: Dragapult|Flamethrower|p1a: Corviknight
|-supereffective|p1a: Corviknight
|-damage|p1a: Corviknight|25/100
|move|p1a: Corviknight|Roost|p1a: Corviknight
|-heal|p1a: Corviknight|75/100
|-singleturn|p1a: Corviknight|move: Roost
|
|upkeep
|turn|28
|
|t:|1666951080
|switch|p1a: Volcanion|Volcanion|94/100
|move|p2a: Dragapult|Flamethrower|p1a: Volcanion
|-resisted|p1a: Volcanion
|-damage|p1a: Volcanion|81/100
|
|upkeep
|turn|29
|
|t:|1666951096
|switch|p2a: Slowking|Slowking-Galar, M|100/100
|move|p1a: Volcanion|Earth Power|p2a: Slowking
|-supereffective|p2a: Slowking
|-damage|p2a: Slowking|61/100
|
|upkeep
|turn|30
|inactive|maxleaf has 90 seconds left.
|
|t:|1666951112
|switch|p2a: Corviknight|Corviknight, M|63/100
|-ability|p2a: Corviknight|Pressure
|move|p1a: Volcanion|Earth Power|p2a: Corviknight
|-immune|p2a: Corviknight
|
|upkeep
|turn|31
|
|t:|1666951121
|switch|p1a: Ninetales|Ninetales-Alola, M|100/100
|-weather|Hail|[from] ability: Snow Warning|[of] p1a: Ninetales
|move|p2a: Corviknight|U-turn|p1a: Ninetales
|-resisted|p1a: Ninetales
|-damage|p1a: Ninetales|91/100
|inactive|maxleaf has 90 seconds left.
|
|t:|1666951135
|switch|p2a: Tyranitar|Tyranitar, M|41/100|[from]move: U-turn
|-weather|Sandstorm|[from] ability: Sand Stream|[of] p2a: Tyranitar
|
|-weather|Sandstorm|[upkeep]
|-damage|p1a: Ninetales|85/100|[from] Sandstorm
|upkeep
|turn|32
|inactive|maxleaf has 90 seconds left.
|
|t:|1666951149
|switch|p1a: Corviknight|Corviknight, M|75/100
|-ability|p1a: Corviknight|Pressure
|move|p2a: Tyranitar|Stealth Rock|p1a: Corviknight
|-sidestart|p1: someidiot19|move: Stealth Rock
|
|-weather|Sandstorm|[upkeep]
|upkeep
|turn|33
|inactive|maxleaf has 90 seconds left.
|
|t:|1666951165
|switch|p2a: Dragapult|Dragapult, F|100/100
|move|p1a: Corviknight|Defog|p2a: Dragapult
|-unboost|p2a: Dragapult|evasion|1
|-sideend|p1: someidiot19|Stealth Rock|[from] move: Defog|[of] p1a: Corviknight
|
|-weather|Sandstorm|[upkeep]
|-damage|p2a: Dragapult|95/100|[from] Sandstorm
|upkeep
|turn|34
|inactive|maxleaf has 90 seconds left.
|
|t:|1666951184
|switch|p1a: Tornadus|Tornadus-Therian, M|81/100 tox
|move|p2a: Dragapult|U-turn|p1a: Tornadus
|-resisted|p1a: Tornadus
|-damage|p1a: Tornadus|73/100 tox
|
|t:|1666951195
|switch|p2a: Excadrill|Excadrill, M|41/100|[from]move: U-turn
|
|-weather|Sandstorm|[upkeep]
|-damage|p1a: Tornadus|67/100 tox|[from] Sandstorm
|-heal|p2a: Excadrill|47/100|[from] item: Leftovers
|-damage|p1a: Tornadus|61/100 tox|[from] psn
|upkeep
|turn|35
|inactive|someidiot19 has 120 seconds left.
|
|t:|1666951236
|move|p2a: Excadrill|Iron Head|p1a: Tornadus
|-damage|p1a: Tornadus|18/100 tox
|move|p1a: Tornadus|Heat Wave|p2a: Excadrill
|-supereffective|p2a: Excadrill
|-damage|p2a: Excadrill|0 fnt
|faint|p2a: Excadrill
|
|-weather|none
|-damage|p1a: Tornadus|6/100 tox|[from] psn
|upkeep
|
|t:|1666951256
|switch|p2a: Urshifu|Urshifu-Rapid-Strike, M|78/100
|turn|36
|inactive|someidiot19 has 120 seconds left.
|
|t:|1666951267
|switch|p1a: Corviknight|Corviknight, M|75/100
|-ability|p1a: Corviknight|Pressure
|move|p2a: Urshifu|U-turn|p1a: Corviknight
|-resisted|p1a: Corviknight
|-damage|p1a: Corviknight|71/100
|-damage|p2a: Urshifu|61/100|[from] item: Rocky Helmet|[of] p1a: Corviknight
|
|t:|1666951274
|switch|p2a: Dragapult|Dragapult, F|95/100|[from]move: U-turn
|
|upkeep
|turn|37
|inactive|someidiot19 has 120 seconds left.
|
|t:|1666951291
|switch|p1a: Landorus|Landorus-Therian, M|4/100 psn
|-ability|p1a: Landorus|Intimidate|boost
|-unboost|p2a: Dragapult|atk|1
|move|p2a: Dragapult|Flamethrower|p1a: Landorus
|-damage|p1a: Landorus|0 fnt
|faint|p1a: Landorus
|
|upkeep
|
|t:|1666951293
|switch|p1a: Tornadus|Tornadus-Therian, M|39/100 tox
|turn|38
|inactive|maxleaf has 90 seconds left.
|
|t:|1666951310
|switch|p2a: Corviknight|Corviknight, M|63/100
|-ability|p2a: Corviknight|Pressure
|switch|p1a: Volcanion|Volcanion|81/100
|
|upkeep
|turn|39
|inactive|maxleaf has 90 seconds left.
|
|t:|1666951322
|switch|p2a: Slowking|Slowking-Galar, M|94/100
|move|p1a: Volcanion|Steam Eruption|p2a: Slowking
|-damage|p2a: Slowking|57/100
|
|upkeep
|turn|40
|inactive|maxleaf has 90 seconds left.
|
|t:|1666951338
|move|p1a: Volcanion|Steam Eruption|p2a: Slowking
|-damage|p2a: Slowking|20/100
|-status|p2a: Slowking|brn
|move|p2a: Slowking|Future Sight|p1a: Volcanion
|-start|p2a: Slowking|move: Future Sight
|
|-damage|p2a: Slowking|14/100 brn|[from] brn
|upkeep
|turn|41
|
|t:|1666951352
|move|p1a: Volcanion|Steam Eruption|p2a: Slowking
|-damage|p2a: Slowking|0 fnt
|faint|p2a: Slowking
|
|upkeep
|
|t:|1666951365
|switch|p2a: Dragapult|Dragapult, F|95/100
|turn|42
|
|t:|1666951391
|switch|p1a: Tornadus|Tornadus-Therian, M|73/100 tox
|move|p2a: Dragapult|Shadow Ball|p1a: Tornadus
|-damage|p1a: Tornadus|38/100 tox
|
|-end|p1a: Tornadus|move: Future Sight
|-damage|p1a: Tornadus|4/100 tox
|-damage|p1a: Tornadus|0 fnt|[from] psn
|faint|p1a: Tornadus
|upkeep
|
|t:|1666951398
|switch|p1a: Ninetales|Ninetales-Alola, M|85/100
|-weather|Hail|[from] ability: Snow Warning|[of] p1a: Ninetales
|turn|43
|
|t:|1666951408
|switch|p2a: Tyranitar|Tyranitar, M|41/100
|-weather|Sandstorm|[from] ability: Sand Stream|[of] p2a: Tyranitar
|move|p1a: Ninetales|Freeze-Dry|p2a: Tyranitar
|-damage|p2a: Tyranitar|33/100
|
|-weather|Sandstorm|[upkeep]
|-damage|p1a: Ninetales|79/100|[from] Sandstorm
|upkeep
|turn|44
|
|t:|1666951429
|switch|p1a: Corviknight|Corviknight, M|71/100
|-ability|p1a: Corviknight|Pressure
|move|p2a: Tyranitar|Rock Blast|p1a: Corviknight
|-damage|p1a: Corviknight|64/100
|-damage|p1a: Corviknight|58/100
|-damage|p1a: Corviknight|52/100
|-damage|p1a: Corviknight|46/100
|-hitcount|p1a: Corviknight|4
|
|-weather|Sandstorm|[upkeep]
|upkeep
|turn|45
|
|t:|1666951445
|switch|p2a: Dragapult|Dragapult, F|95/100
|move|p1a: Corviknight|Roost|p1a: Corviknight
|-heal|p1a: Corviknight|96/100
|-singleturn|p1a: Corviknight|move: Roost
|
|-weather|Sandstorm|[upkeep]
|-damage|p2a: Dragapult|89/100|[from] Sandstorm
|upkeep
|turn|46
|
|t:|1666951456
|move|p2a: Dragapult|Shadow Ball|p1a: Corviknight
|-damage|p1a: Corviknight|48/100
|move|p1a: Corviknight|U-turn|p2a: Dragapult
|-resisted|p2a: Dragapult
|-damage|p2a: Dragapult|79/100
|
|t:|1666951462
|switch|p1a: Ninetales|Ninetales-Alola, M|79/100|[from]move: U-turn
|-weather|Hail|[from] ability: Snow Warning|[of] p1a: Ninetales
|
|-weather|Hail|[upkeep]
|-damage|p2a: Dragapult|73/100|[from] Hail
|upkeep
|turn|47
|
|t:|1666951472
|switch|p2a: Tyranitar|Tyranitar, M|33/100
|-weather|Sandstorm|[from] ability: Sand Stream|[of] p2a: Tyranitar
|switch|p1a: Arctozolt|Arctozolt|86/100
|
|-weather|Sandstorm|[upkeep]
|-damage|p1a: Arctozolt|80/100|[from] Sandstorm
|-heal|p1a: Arctozolt|86/100|[from] item: Leftovers
|upkeep
|turn|48
|
|t:|1666951489
|switch|p2a: Dragapult|Dragapult, F|73/100
|move|p1a: Arctozolt|Bolt Beak|p2a: Dragapult
|-resisted|p2a: Dragapult
|-damage|p2a: Dragapult|29/100
|
|-weather|Sandstorm|[upkeep]
|-damage|p2a: Dragapult|23/100|[from] Sandstorm
|-damage|p1a: Arctozolt|80/100|[from] Sandstorm
|-heal|p1a: Arctozolt|86/100|[from] item: Leftovers
|upkeep
|turn|49
|inactive|someidiot19 has 120 seconds left.
|
|t:|1666951519
|switch|p1a: Volcanion|Volcanion|81/100
|move|p2a: Dragapult|Flamethrower|p1a: Volcanion
|-resisted|p1a: Volcanion
|-damage|p1a: Volcanion|68/100
|
|-weather|Sandstorm|[upkeep]
|-damage|p2a: Dragapult|17/100|[from] Sandstorm
|-damage|p1a: Volcanion|62/100|[from] Sandstorm
|upkeep
|turn|50
|
|t:|1666951535
|switch|p2a: Urshifu|Urshifu-Rapid-Strike, M|61/100
|move|p1a: Volcanion|Steam Eruption|p2a: Urshifu
|-resisted|p2a: Urshifu
|-damage|p2a: Urshifu|0 fnt
|faint|p2a: Urshifu
|
|-weather|Sandstorm|[upkeep]
|-damage|p1a: Volcanion|56/100|[from] Sandstorm
|upkeep
|inactive|maxleaf has 60 seconds left.
|
|t:|1666951547
|switch|p2a: Dragapult|Dragapult, F|17/100
|turn|51
|
|t:|1666951563
|switch|p1a: Corviknight|Corviknight, M|48/100
|-ability|p1a: Corviknight|Pressure
|move|p2a: Dragapult|Shadow Ball|p1a: Corviknight
|-damage|p1a: Corviknight|0 fnt
|faint|p1a: Corviknight
|
|-weather|none
|upkeep
|
|t:|1666951565
|switch|p1a: Ninetales|Ninetales-Alola, M|79/100
|-weather|Hail|[from] ability: Snow Warning|[of] p1a: Ninetales
|turn|52
|
|t:|1666951582
|switch|p2a: Tyranitar|Tyranitar, M|33/100
|-weather|Sandstorm|[from] ability: Sand Stream|[of] p2a: Tyranitar
|switch|p1a: Arctozolt|Arctozolt|86/100
|
|-weather|Sandstorm|[upkeep]
|-damage|p1a: Arctozolt|80/100|[from] Sandstorm
|-heal|p1a: Arctozolt|86/100|[from] item: Leftovers
|upkeep
|turn|53
|
|t:|1666951598
|move|p1a: Arctozolt|Bolt Beak|p2a: Tyranitar
|-damage|p2a: Tyranitar|0 fnt
|faint|p2a: Tyranitar
|
|-weather|Sandstorm|[upkeep]
|-damage|p1a: Arctozolt|80/100|[from] Sandstorm
|-heal|p1a: Arctozolt|86/100|[from] item: Leftovers
|upkeep
|inactive|maxleaf has 60 seconds left.
|-message|maxleaf forfeited.
|
|win|someidiot19
|raw|someidiot19's rating: 1490 &rarr; <strong>1507</strong><br />(+17 for winning)
|raw|maxleaf's rating: 1442 &rarr; <strong>1425</strong><br />(-17 for losing)
|l|☆maxleaf
