|j|☆Corvo 117
|j|☆PQPP214
|t:|1645615465
|gametype|singles
|player|p1|Corvo 117|shadowtriad|1378
|player|p2|PQPP214|170|1477
|teamsize|p1|6
|teamsize|p2|6
|gen|8
|tier|[Gen 8] OU
|rated|
|rule|Sleep Clause Mod: Limit one foe put to sleep
|rule|Species Clause: Limit one of each Pokémon
|rule|OHKO Clause: OHKO moves are banned
|rule|Evasion Moves Clause: Evasion moves are banned
|rule|Endless Battle Clause: Forcing endless battles is banned
|rule|HP Percentage Mod: HP is shown in percentages
|rule|Dynamax Clause: You cannot dynamax
|clearpoke
|poke|p1|Rillaboom, M|
|poke|p1|Volcarona, M|
|poke|p1|Garchomp, F|
|poke|p1|Bisharp, F|
|poke|p1|Mew|
|poke|p1|Hawlucha, M|
|poke|p2|Landorus-Therian, M|
|poke|p2|Tornadus-Therian, M|
|poke|p2|Zeraora|
|poke|p2|Zapdos-Galar|
|poke|p2|Jirachi|
|poke|p2|Toxapex, F|
|teampreview
|inactive|Battle timer is ON: inactive players will automatically lose when time's up. (requested by Corvo 117)
|
|t:|1645615471
|start
|switch|p1a: Abby|Mew|100/100
|switch|p2a: Tornadus|Tornadus-Therian, M, shiny|100/100
|turn|1
|
|t:|1645615476
|move|p2a: Tornadus|Knock Off|p1a: Abby
|-supereffective|p1a: Abby
|-enditem|p1a: Abby|Colbur Berry|[eat]
|-enditem|p1a: Abby|Colbur Berry|[weaken]
|-damage|p1a: Abby|85/100
|move|p1a: Abby|Ice Beam|p2a: Tornadus
|-supereffective|p2a: Tornadus
|-crit|p2a: Tornadus
|-damage|p2a: Tornadus|23/100
|
|upkeep
|turn|2
|
|t:|1645615484
|move|p2a: Tornadus|U-turn|p1a: Abby
|-supereffective|p1a: Abby
|-damage|p1a: Abby|61/100
|
|t:|1645615488
|switch|p2a: Jirachi|Jirachi, shiny|100/100|[from]move: U-turn
|move|p1a: Abby|Stealth Rock|p2a: Jirachi
|-sidestart|p2: PQPP214|move: Stealth Rock
|
|upkeep
|turn|3
|
|t:|1645615497
|move|p2a: Jirachi|U-turn|p1a: Abby
|-supereffective|p1a: Abby
|-damage|p1a: Abby|33/100
|
|t:|1645615501
|switch|p2a: Toxapex|Toxapex, F, shiny|100/100|[from]move: U-turn
|-damage|p2a: Toxapex|88/100|[from] Stealth Rock
|move|p1a: Abby|Will-O-Wisp|p2a: Toxapex
|-status|p2a: Toxapex|brn
|
|-damage|p2a: Toxapex|82/100 brn|[from] brn
|upkeep
|turn|4
|
|t:|1645615510
|switch|p2a: Jirachi|Jirachi, shiny|100/100
|-damage|p2a: Jirachi|94/100|[from] Stealth Rock
|move|p1a: Abby|Teleport|p1a: Abby
|
|t:|1645615527
|switch|p1a: kisame|Garchomp, F|100/100|[from]move: Teleport
|
|-heal|p2a: Jirachi|100/100|[from] item: Leftovers
|upkeep
|turn|5
|
|t:|1645615533
|switch|p2a: Landorus|Landorus-Therian, M, shiny|100/100
|-damage|p2a: Landorus|88/100|[from] Stealth Rock
|-ability|p2a: Landorus|Intimidate|boost
|-unboost|p1a: kisame|atk|1
|move|p1a: kisame|Earthquake|p2a: Landorus
|-immune|p2a: Landorus
|
|-heal|p2a: Landorus|94/100|[from] item: Leftovers
|upkeep
|turn|6
|
|t:|1645615544
|switch|p1a: Abby|Mew|33/100
|move|p2a: Landorus|Defog|p1a: Abby
|-unboost|p1a: Abby|evasion|1
|-sideend|p2: PQPP214|Stealth Rock|[from] move: Defog|[of] p2a: Landorus
|
|-heal|p2a: Landorus|99/100|[from] item: Leftovers
|upkeep
|turn|7
|
|t:|1645615552
|move|p1a: Abby|Ice Beam|p2a: Landorus
|-supereffective|p2a: Landorus
|-damage|p2a: Landorus|18/100
|move|p2a: Landorus|U-turn|p1a: Abby
|-supereffective|p1a: Abby
|-damage|p1a: Abby|0 fnt
|faint|p1a: Abby
|
|t:|1645615560
|switch|p2a: Tornadus|Tornadus-Therian, M, shiny|57/100|[from]move: U-turn
|
|upkeep
|
|t:|1645615566
|switch|p1a: kisame|Garchomp, F|100/100
|turn|8
|
|t:|1645615571
|move|p2a: Tornadus|U-turn|p1a: kisame
|-damage|p1a: kisame|85/100
|-damage|p2a: Tornadus|44/100|[from] ability: Rough Skin|[of] p1a: kisame
|
|t:|1645615575
|switch|p2a: Landorus|Landorus-Therian, M, shiny|18/100|[from]move: U-turn
|-ability|p2a: Landorus|Intimidate|boost
|-unboost|p1a: kisame|atk|1
|move|p1a: kisame|Stone Edge|p2a: Landorus
|-damage|p2a: Landorus|0 fnt
|faint|p2a: Landorus
|
|-heal|p1a: kisame|91/100|[from] item: Leftovers
|upkeep
|
|t:|1645615585
|switch|p2a: Zapdos|Zapdos-Galar|100/100
|turn|9
|
|t:|1645615599
|switch|p1a: Rillaboom|Rillaboom, M, shiny|100/100
|-fieldstart|move: Grassy Terrain|[from] ability: Grassy Surge|[of] p1a: Rillaboom
|move|p2a: Zapdos|Close Combat|p1a: Rillaboom
|-damage|p1a: Rillaboom|1/100
|-unboost|p2a: Zapdos|def|1
|-unboost|p2a: Zapdos|spd|1
|
|-heal|p1a: Rillaboom|7/100|[from] Grassy Terrain
|upkeep
|turn|10
|
|t:|1645615609
|switch|p2a: Toxapex|Toxapex, F, shiny|100/100 brn
|move|p1a: Rillaboom|Grassy Glide|p2a: Toxapex
|-damage|p2a: Toxapex|62/100 brn
|-damage|p1a: Rillaboom|0 fnt|[from] item: Rocky Helmet|[of] p2a: Toxapex
|faint|p1a: Rillaboom
|
|-heal|p2a: Toxapex|67/100 brn|[from] Grassy Terrain
|-damage|p2a: Toxapex|62/100 brn|[from] brn
|upkeep
|
|t:|1645615621
|switch|p1a: Karai|Bisharp, F|100/100
|turn|11
|
|t:|1645615625
|move|p1a: Karai|Knock Off|p2a: Toxapex
|-damage|p2a: Toxapex|22/100 brn
|-damage|p1a: Karai|84/100|[from] item: Rocky Helmet|[of] p2a: Toxapex
|-enditem|p2a: Toxapex|Rocky Helmet|[from] move: Knock Off|[of] p1a: Karai
|-damage|p1a: Karai|74/100|[from] item: Life Orb
|move|p2a: Toxapex|Recover|p2a: Toxapex
|-heal|p2a: Toxapex|72/100 brn
|
|-heal|p1a: Karai|80/100|[from] Grassy Terrain
|-heal|p2a: Toxapex|78/100 brn|[from] Grassy Terrain
|-damage|p2a: Toxapex|72/100 brn|[from] brn
|upkeep
|turn|12
|inactive|Corvo 117 has 120 seconds left.
|
|t:|1645615662
|move|p1a: Karai|Swords Dance|p1a: Karai
|-boost|p1a: Karai|atk|2
|move|p2a: Toxapex|Recover|p2a: Toxapex
|-heal|p2a: Toxapex|100/100 brn
|
|-heal|p1a: Karai|86/100|[from] Grassy Terrain
|-damage|p2a: Toxapex|95/100 brn|[from] brn
|upkeep
|turn|13
|inactive|Corvo 117 has 120 seconds left.
|
|t:|1645615670
|move|p1a: Karai|Swords Dance|p1a: Karai
|-boost|p1a: Karai|atk|2
|move|p2a: Toxapex|Haze|p2a: Toxapex
|-clearallboost
|
|-heal|p1a: Karai|92/100|[from] Grassy Terrain
|-heal|p2a: Toxapex|100/100 brn|[from] Grassy Terrain
|-damage|p2a: Toxapex|95/100 brn|[from] brn
|-fieldend|move: Grassy Terrain
|upkeep
|turn|14
|inactive|Corvo 117 has 120 seconds left.
|
|t:|1645615684
|switch|p1a: kisame|Garchomp, F|91/100
|move|p2a: Toxapex|Scald|p1a: kisame
|-damage|p1a: kisame|71/100
|
|-heal|p1a: kisame|77/100|[from] item: Leftovers
|-damage|p2a: Toxapex|89/100 brn|[from] brn
|upkeep
|turn|15
|inactive|Corvo 117 has 120 seconds left.
|
|t:|1645615701
|switch|p2a: Zapdos|Zapdos-Galar|100/100
|move|p1a: kisame|Swords Dance|p1a: kisame
|-boost|p1a: kisame|atk|2
|
|-heal|p1a: kisame|83/100|[from] item: Leftovers
|upkeep
|turn|16
|
|t:|1645615709
|move|p1a: kisame|Outrage|p2a: Zapdos
|-damage|p2a: Zapdos|0 fnt
|faint|p2a: Zapdos
|
|-heal|p1a: kisame|90/100|[from] item: Leftovers
|upkeep
|
|t:|1645615716
|switch|p2a: Toxapex|Toxapex, F, shiny|100/100 brn
|turn|17
|
|t:|1645615719
|move|p1a: kisame|Outrage|p2a: Toxapex|[from]lockedmove
|-damage|p2a: Toxapex|25/100 brn
|-start|p1a: kisame|confusion|[fatigue]
|move|p2a: Toxapex|Haze|p2a: Toxapex
|-clearallboost
|
|-heal|p1a: kisame|96/100|[from] item: Leftovers
|-damage|p2a: Toxapex|19/100 brn|[from] brn
|upkeep
|turn|18
|
|t:|1645615730
|switch|p2a: Tornadus|Tornadus-Therian, M, shiny|78/100
|-activate|p1a: kisame|confusion
|-damage|p1a: kisame|83/100|[from] confusion
|
|-heal|p1a: kisame|89/100|[from] item: Leftovers
|upkeep
|turn|19
|
|t:|1645615737
|move|p2a: Tornadus|Hurricane|p1a: kisame
|-damage|p1a: kisame|48/100
|-activate|p1a: kisame|confusion
|-damage|p1a: kisame|34/100|[from] confusion
|
|-heal|p1a: kisame|40/100|[from] item: Leftovers
|upkeep
|turn|20
|
|t:|1645615744
|move|p2a: Tornadus|Hurricane|p1a: kisame
|-damage|p1a: kisame|0 fnt
|faint|p1a: kisame
|
|upkeep
|
|t:|1645615751
|switch|p1a: Karai|Bisharp, F|92/100
|turn|21
|
|t:|1645615755
|move|p2a: Tornadus|Heat Wave|p1a: Karai
|-supereffective|p1a: Karai
|-damage|p1a: Karai|30/100
|move|p1a: Karai|Knock Off|p2a: Tornadus
|-damage|p2a: Tornadus|7/100
|-enditem|p2a: Tornadus|Heavy-Duty Boots|[from] move: Knock Off|[of] p1a: Karai
|-damage|p1a: Karai|20/100|[from] item: Life Orb
|
|upkeep
|turn|22
|
|t:|1645615765
|switch|p2a: Zeraora|Zeraora, shiny|100/100
|move|p1a: Karai|Sucker Punch||[still]
|-fail|p1a: Karai
|
|upkeep
|turn|23
|
|t:|1645615772
|move|p1a: Karai|Sucker Punch||[still]
|-fail|p1a: Karai
|move|p2a: Zeraora|Bulk Up|p2a: Zeraora
|-boost|p2a: Zeraora|atk|1
|-boost|p2a: Zeraora|def|1
|
|upkeep
|turn|24
|
|t:|1645615779
|move|p2a: Zeraora|Plasma Fists|p1a: Karai
|-damage|p1a: Karai|0 fnt
|-fieldactivate|move: Ion Deluge
|-hint|Normal-type moves become Electric-type after using Plasma Fists.
|faint|p1a: Karai
|
|upkeep
|-message|Corvo 117 forfeited.
|
|win|PQPP214
|raw|Corvo 117's rating: 1378 &rarr; <strong>1364</strong><br />(-14 for losing)
|raw|PQPP214's rating: 1477 &rarr; <strong>1491</strong><br />(+14 for winning)
|l|☆Corvo 117
