|j|☆Erlybird
|j|☆yung_iznamakin
|t:|1650199381
|gametype|singles
|player|p1|Erlybird|lucas|1512
|player|p2|yung_iznamakin|brendan-gen3|1418
|teamsize|p1|6
|teamsize|p2|6
|gen|8
|tier|[Gen 8] OU
|rated|
|rule|Sleep Clause Mod: Limit one foe put to sleep
|rule|Species Clause: Limit one of each Pokémon
|rule|OHKO Clause: OHKO moves are banned
|rule|Evasion Moves Clause: Evasion moves are banned
|rule|Endless Battle Clause: Forcing endless battles is banned
|rule|HP Percentage Mod: HP is shown in percentages
|rule|Dynamax Clause: You cannot dynamax
|clearpoke
|poke|p1|Buzzwole|
|poke|p1|Heatran, M|
|poke|p1|Tapu Lele|
|poke|p1|Hawlucha, F|
|poke|p1|Zapdos|
|poke|p1|Mienshao, M|
|poke|p2|Blaziken, M|
|poke|p2|Tapu Lele|
|poke|p2|Weavile, M|
|poke|p2|Clefable, F|
|poke|p2|Slowbro, M|
|poke|p2|Landorus-Therian, M|
|teampreview
|
|t:|1650199390
|start
|switch|p1a: Zapdos|Zapdos|100/100
|switch|p2a: Landorus|Landorus-Therian, M|100/100
|-ability|p2a: Landorus|Intimidate|boost
|-unboost|p1a: Zapdos|atk|1
|turn|1
|inactive|Battle timer is ON: inactive players will automatically lose when time's up. (requested by yung_iznamakin)
|inactive|Erlybird also wants the timer to be on.
|
|t:|1650199397
|move|p1a: Zapdos|Hurricane|p2a: Landorus
|-damage|p2a: Landorus|53/100
|move|p2a: Landorus|Stealth Rock|p1a: Zapdos
|-sidestart|p1: Erlybird|move: Stealth Rock
|
|upkeep
|turn|2
|
|t:|1650199407
|move|p1a: Zapdos|Defog|p2a: Landorus
|-unboost|p2a: Landorus|evasion|1
|-sideend|p1: Erlybird|Stealth Rock|[from] move: Defog|[of] p1a: Zapdos
|move|p2a: Landorus|U-turn|p1a: Zapdos
|-resisted|p1a: Zapdos
|-crit|p1a: Zapdos
|-damage|p1a: Zapdos|89/100
|-status|p2a: Landorus|par|[from] ability: Static|[of] p1a: Zapdos
|
|t:|1650199413
|switch|p2a: Weavile|Weavile, M|100/100|[from]move: U-turn
|-ability|p2a: Weavile|Pressure
|
|upkeep
|turn|3
|
|t:|1650199425
|move|p2a: Weavile|Knock Off|p1a: Zapdos
|-damage|p1a: Zapdos|43/100
|-status|p2a: Weavile|par|[from] ability: Static|[of] p1a: Zapdos
|-enditem|p1a: Zapdos|Heavy-Duty Boots|[from] move: Knock Off|[of] p2a: Weavile
|-damage|p2a: Weavile|91/100 par|[from] item: Life Orb
|move|p1a: Zapdos|Roost|p1a: Zapdos
|-heal|p1a: Zapdos|93/100
|-singleturn|p1a: Zapdos|move: Roost
|
|upkeep
|turn|4
|
|t:|1650199440
|switch|p1a: Heatran|Heatran, M|100/100
|move|p2a: Weavile|Knock Off|p1a: Heatran
|-damage|p1a: Heatran|49/100
|-enditem|p1a: Heatran|Leftovers|[from] move: Knock Off|[of] p2a: Weavile
|-damage|p2a: Weavile|81/100 par|[from] item: Life Orb
|
|upkeep
|turn|5
|
|t:|1650199459
|switch|p2a: Slowbro|Slowbro, M|100/100
|move|p1a: Heatran|Stealth Rock|p2a: Slowbro
|-sidestart|p2: yung_iznamakin|move: Stealth Rock
|
|upkeep
|turn|6
|
|t:|1650199470
|move|p1a: Heatran|Taunt|p2a: Slowbro
|-start|p2a: Slowbro|move: Taunt
|cant|p2a: Slowbro|move: Taunt|Teleport
|
|upkeep
|turn|7
|
|t:|1650199480
|switch|p1a: Zapdos|Zapdos|93/100
|move|p2a: Slowbro|Scald|p1a: Zapdos
|-damage|p1a: Zapdos|67/100
|
|upkeep
|turn|8
|
|t:|1650199489
|move|p1a: Zapdos|Hurricane|p2a: Slowbro
|-damage|p2a: Slowbro|55/100
|-start|p2a: Slowbro|confusion
|-activate|p2a: Slowbro|confusion
|-damage|p2a: Slowbro|51/100|[from] confusion
|
|-end|p2a: Slowbro|move: Taunt
|upkeep
|turn|9
|
|t:|1650199499
|switch|p2a: Clefable|Clefable, F|100/100
|move|p1a: Zapdos|Volt Switch|p2a: Clefable
|-damage|p2a: Clefable|80/100
|
|t:|1650199513
|switch|p1a: Heatran|Heatran, M|49/100|[from]move: Volt Switch
|
|-heal|p2a: Clefable|86/100|[from] item: Leftovers
|upkeep
|turn|10
|
|t:|1650199524
|move|p2a: Clefable|Protect|p2a: Clefable
|-singleturn|p2a: Clefable|Protect
|move|p1a: Heatran|Magma Storm|p2a: Clefable
|-activate|p2a: Clefable|move: Protect
|
|-heal|p2a: Clefable|92/100|[from] item: Leftovers
|upkeep
|turn|11
|
|t:|1650199534
|switch|p2a: Slowbro|Slowbro, M|85/100
|-damage|p2a: Slowbro|72/100|[from] Stealth Rock
|move|p1a: Heatran|Magma Storm|p2a: Slowbro|[miss]
|-miss|p1a: Heatran|p2a: Slowbro
|
|upkeep
|turn|12
|
|t:|1650199547
|switch|p1a: Zapdos|Zapdos|67/100
|move|p2a: Slowbro|Scald|p1a: Zapdos
|-damage|p1a: Zapdos|39/100
|
|upkeep
|turn|13
|
|t:|1650199554
|move|p1a: Zapdos|Roost|p1a: Zapdos
|-heal|p1a: Zapdos|89/100
|-singleturn|p1a: Zapdos|move: Roost
|move|p2a: Slowbro|Teleport|p2a: Slowbro
|
|t:|1650199558
|switch|p2a: Clefable|Clefable, F|92/100|[from]move: Teleport
|
|-heal|p2a: Clefable|98/100|[from] item: Leftovers
|upkeep
|turn|14
|
|t:|1650199564
|move|p1a: Zapdos|Hurricane|p2a: Clefable
|-damage|p2a: Clefable|69/100
|move|p2a: Clefable|Aromatherapy|p2a: Clefable
|-activate|p2a: Clefable|move: Aromatherapy
|-curestatus|p2: Landorus|par|[msg]
|-curestatus|p2: Weavile|par|[msg]
|
|-heal|p2a: Clefable|75/100|[from] item: Leftovers
|upkeep
|turn|15
|
|t:|1650199584
|move|p1a: Zapdos|Volt Switch|p2a: Clefable
|-damage|p2a: Clefable|54/100
|
|t:|1650199590
|switch|p1a: Heatran|Heatran, M|49/100|[from]move: Volt Switch
|move|p2a: Clefable|Wish|p2a: Clefable
|
|-heal|p2a: Clefable|60/100|[from] item: Leftovers
|upkeep
|turn|16
|
|t:|1650199598
|move|p2a: Clefable|Protect|p2a: Clefable
|-singleturn|p2a: Clefable|Protect
|move|p1a: Heatran|Magma Storm|p2a: Clefable
|-activate|p2a: Clefable|move: Protect
|
|-heal|p2a: Clefable|100/100|[from] move: Wish|[wisher] Clefable
|upkeep
|turn|17
|
|t:|1650199612
|move|p1a: Heatran|Taunt|p2a: Clefable
|-start|p2a: Clefable|move: Taunt
|cant|p2a: Clefable|move: Taunt|Teleport
|
|upkeep
|turn|18
|
|t:|1650199625
|switch|p2a: Slowbro|Slowbro, M|100/100
|-damage|p2a: Slowbro|88/100|[from] Stealth Rock
|move|p1a: Heatran|Magma Storm|p2a: Slowbro
|-resisted|p2a: Slowbro
|-damage|p2a: Slowbro|66/100
|-activate|p2a: Slowbro|move: Magma Storm|[of] p1a: Heatran
|
|-damage|p2a: Slowbro|54/100|[from] move: Magma Storm|[partiallytrapped]
|upkeep
|turn|19
|
|t:|1650199653
|switch|p1a: Zapdos|Zapdos|89/100
|move|p2a: Slowbro|Teleport|p2a: Slowbro
|
|t:|1650199658
|switch|p2a: Clefable|Clefable, F|100/100|[from]move: Teleport
|
|upkeep
|turn|20
|
|t:|1650199664
|move|p1a: Zapdos|Volt Switch|p2a: Clefable
|-damage|p2a: Clefable|81/100
|
|t:|1650199668
|switch|p1a: Tapu Lele|Tapu Lele|100/100|[from]move: Volt Switch
|-fieldstart|move: Psychic Terrain|[from] ability: Psychic Surge|[of] p1a: Tapu Lele
|move|p2a: Clefable|Wish|p2a: Clefable
|
|-heal|p2a: Clefable|87/100|[from] item: Leftovers
|upkeep
|turn|21
|
|t:|1650199685
|move|p2a: Clefable|Protect|p2a: Clefable
|-singleturn|p2a: Clefable|Protect
|move|p1a: Tapu Lele|Psyshock|p2a: Clefable
|-activate|p2a: Clefable|move: Protect
|
|-heal|p2a: Clefable|100/100|[from] move: Wish|[wisher] Clefable
|upkeep
|turn|22
|
|t:|1650199698
|switch|p1a: Heatran|Heatran, M|49/100
|move|p2a: Clefable|Wish|p2a: Clefable
|
|upkeep
|turn|23
|
|t:|1650199705
|move|p1a: Heatran|Taunt|p2a: Clefable
|-start|p2a: Clefable|move: Taunt
|cant|p2a: Clefable|move: Taunt|Teleport
|
|upkeep
|turn|24
|
|t:|1650199723
|switch|p1a: Zapdos|Zapdos|89/100
|switch|p2a: Slowbro|Slowbro, M|87/100
|-damage|p2a: Slowbro|75/100|[from] Stealth Rock
|
|-fieldend|move: Psychic Terrain
|upkeep
|turn|25
|
|t:|1650199736
|move|p1a: Zapdos|Volt Switch|p2a: Slowbro
|-supereffective|p2a: Slowbro
|-damage|p2a: Slowbro|17/100
|
|t:|1650199744
|switch|p1a: Tapu Lele|Tapu Lele|100/100|[from]move: Volt Switch
|-fieldstart|move: Psychic Terrain|[from] ability: Psychic Surge|[of] p1a: Tapu Lele
|move|p2a: Slowbro|Teleport|p2a: Slowbro
|
|t:|1650199755
|switch|p2a: Tapu Lele|Tapu Lele|100/100|[from]move: Teleport
|-damage|p2a: Tapu Lele|88/100|[from] Stealth Rock
|
|upkeep
|turn|26
|
|t:|1650199762
|move|p2a: Tapu Lele|Psyshock|p1a: Tapu Lele
|-resisted|p1a: Tapu Lele
|-damage|p1a: Tapu Lele|52/100
|move|p1a: Tapu Lele|Moonblast|p2a: Tapu Lele
|-crit|p2a: Tapu Lele
|-damage|p2a: Tapu Lele|0 fnt
|faint|p2a: Tapu Lele
|
|upkeep
|
|t:|1650199780
|switch|p2a: Clefable|Clefable, F|100/100
|turn|27
|
|t:|1650199804
|switch|p1a: Hawlucha|Hawlucha, F|100/100
|-enditem|p1a: Hawlucha|Psychic Seed
|-boost|p1a: Hawlucha|spd|1|[from] item: Psychic Seed
|move|p2a: Clefable|Wish|p2a: Clefable
|
|upkeep
|turn|28
|
|t:|1650199820
|move|p1a: Hawlucha|Substitute|p1a: Hawlucha
|-start|p1a: Hawlucha|Substitute
|-damage|p1a: Hawlucha|75/100
|move|p2a: Clefable|Teleport|p2a: Clefable
|
|t:|1650199828
|switch|p2a: Weavile|Weavile, M|81/100|[from]move: Teleport
|-damage|p2a: Weavile|56/100|[from] Stealth Rock
|-ability|p2a: Weavile|Pressure
|
|-heal|p2a: Weavile|100/100|[from] move: Wish|[wisher] Clefable
|upkeep
|turn|29
|
|t:|1650199839
|switch|p2a: Landorus|Landorus-Therian, M|53/100
|-damage|p2a: Landorus|41/100|[from] Stealth Rock
|-ability|p2a: Landorus|Intimidate|boost
|-immune|p1a: Hawlucha
|move|p1a: Hawlucha|Close Combat|p2a: Landorus
|-resisted|p2a: Landorus
|-damage|p2a: Landorus|20/100
|-unboost|p1a: Hawlucha|def|1
|-unboost|p1a: Hawlucha|spd|1
|-damage|p1a: Hawlucha|59/100|[from] item: Rocky Helmet|[of] p2a: Landorus
|
|-fieldend|move: Psychic Terrain
|upkeep
|turn|30
|
|t:|1650199851
|move|p1a: Hawlucha|Swords Dance|p1a: Hawlucha
|-boost|p1a: Hawlucha|atk|2
|move|p2a: Landorus|U-turn|p1a: Hawlucha
|-resisted|p1a: Hawlucha
|-activate|p1a: Hawlucha|move: Substitute|[damage]
|
|t:|1650199856
|switch|p2a: Slowbro|Slowbro, M|50/100|[from]move: U-turn
|-damage|p2a: Slowbro|38/100|[from] Stealth Rock
|
|upkeep
|turn|31
|
|t:|1650199864
|switch|p2a: Landorus|Landorus-Therian, M|20/100
|-damage|p2a: Landorus|8/100|[from] Stealth Rock
|-ability|p2a: Landorus|Intimidate|boost
|-immune|p1a: Hawlucha
|move|p1a: Hawlucha|Acrobatics|p2a: Landorus
|-damage|p2a: Landorus|0 fnt
|-damage|p1a: Hawlucha|42/100|[from] item: Rocky Helmet|[of] p2a: Landorus
|faint|p2a: Landorus
|
|upkeep
|
|t:|1650199874
|switch|p2a: Slowbro|Slowbro, M|71/100
|-damage|p2a: Slowbro|58/100|[from] Stealth Rock
|turn|32
|
|t:|1650199882
|move|p1a: Hawlucha|Acrobatics|p2a: Slowbro
|-damage|p2a: Slowbro|4/100
|-damage|p1a: Hawlucha|25/100|[from] item: Rocky Helmet|[of] p2a: Slowbro
|move|p2a: Slowbro|Slack Off|p2a: Slowbro
|-heal|p2a: Slowbro|54/100
|
|upkeep
|turn|33
|
|t:|1650199899
|switch|p2a: Weavile|Weavile, M|100/100
|-damage|p2a: Weavile|76/100|[from] Stealth Rock
|-ability|p2a: Weavile|Pressure
|move|p1a: Hawlucha|Acrobatics|p2a: Weavile
|-damage|p2a: Weavile|0 fnt
|faint|p2a: Weavile
|
|upkeep
|
|t:|1650199908
|switch|p2a: Slowbro|Slowbro, M|87/100
|-damage|p2a: Slowbro|74/100|[from] Stealth Rock
|turn|34
|
|t:|1650199913
|move|p1a: Hawlucha|Swords Dance|p1a: Hawlucha
|-boost|p1a: Hawlucha|atk|2
|move|p2a: Slowbro|Scald|p1a: Hawlucha
|-end|p1a: Hawlucha|Substitute
|
|upkeep
|turn|35
|
|t:|1650199922
|move|p1a: Hawlucha|Acrobatics|p2a: Slowbro
|-damage|p2a: Slowbro|0 fnt
|-damage|p1a: Hawlucha|9/100|[from] item: Rocky Helmet|[of] p2a: Slowbro
|faint|p2a: Slowbro
|
|upkeep
|-message|yung_iznamakin forfeited.
|
|win|Erlybird
|raw|Erlybird's rating: 1512 &rarr; <strong>1527</strong><br />(+15 for winning)
|raw|yung_iznamakin's rating: 1418 &rarr; <strong>1403</strong><br />(-15 for losing)
|l|☆yung_iznamakin
