|j|☆IcyMcDouble
|j|☆beastyj157
|t:|1644059910
|gametype|singles
|player|p1|IcyMcDouble|fisherman-gen4|1557
|player|p2|beastyj157|170|1508
|teamsize|p1|6
|teamsize|p2|6
|gen|8
|tier|[Gen 8] OU
|rated|
|rule|Sleep Clause Mod: Limit one foe put to sleep
|rule|Species Clause: Limit one of each Pokémon
|rule|OHKO Clause: OHKO moves are banned
|rule|Evasion Moves Clause: Evasion moves are banned
|rule|Endless Battle Clause: Forcing endless battles is banned
|rule|HP Percentage Mod: HP is shown in percentages
|rule|Dynamax Clause: You cannot dynamax
|clearpoke
|poke|p1|Torkoal, M|
|poke|p1|Tapu Lele|
|poke|p1|Espeon, M|
|poke|p1|Polteageist-Antique|
|poke|p1|Cloyster, M|
|poke|p1|Jolteon, M|
|poke|p2|Pelipper, F|
|poke|p2|Barraskewda, F|
|poke|p2|Ferrothorn, F|
|poke|p2|Zapdos|
|poke|p2|Seismitoad, M|
|poke|p2|Moltres-Galar|
|teampreview
|inactive|Battle timer is ON: inactive players will automatically lose when time's up. (requested by beastyj157)
|j| JoJoFrostitudo
|c|☆beastyj157|Down shift is that u
|c|☆beastyj157|jk ive seen that team
|
|t:|1644059936
|start
|switch|p1a: Tapu Lele|Tapu Lele|100/100
|switch|p2a: Seismitoad|Seismitoad, M|100/100
|-fieldstart|move: Psychic Terrain|[from] ability: Psychic Surge|[of] p1a: Tapu Lele
|turn|1
|
|t:|1644059949
|switch|p1a: Espeon|Espeon, M|100/100
|move|p2a: Seismitoad|Sludge Bomb|p1a: Espeon
|-damage|p1a: Espeon|59/100
|-status|p1a: Espeon|psn
|-enditem|p1a: Espeon|Eject Button
|-damage|p2a: Seismitoad|91/100|[from] item: Life Orb
|
|t:|1644059957
|switch|p1a: Polteageist|Polteageist-Antique|100/100
|
|upkeep
|turn|2
|
|t:|1644059964
|switch|p2a: Moltres|Moltres-Galar|100/100
|move|p1a: Polteageist|Shell Smash|p1a: Polteageist
|-unboost|p1a: Polteageist|def|1
|-unboost|p1a: Polteageist|spd|1
|-boost|p1a: Polteageist|atk|2
|-boost|p1a: Polteageist|spa|2
|-boost|p1a: Polteageist|spe|2
|
|upkeep
|turn|3
|j| 0SiegeWarfare
|j| Hsen
|
|t:|1644059971
|move|p1a: Polteageist|Shadow Ball|p2a: Moltres
|-resisted|p2a: Moltres
|-damage|p2a: Moltres|62/100
|move|p2a: Moltres|Agility|p2a: Moltres
|-boost|p2a: Moltres|spe|2
|
|upkeep
|turn|4
|
|t:|1644059978
|move|p2a: Moltres|Nasty Plot|p2a: Moltres
|-boost|p2a: Moltres|spa|2
|move|p1a: Polteageist|Shell Smash|p1a: Polteageist
|-unboost|p1a: Polteageist|def|1
|-unboost|p1a: Polteageist|spd|1
|-boost|p1a: Polteageist|atk|2
|-boost|p1a: Polteageist|spa|2
|-boost|p1a: Polteageist|spe|2
|
|upkeep
|turn|5
|j| Clefan
|
|t:|1644059981
|move|p1a: Polteageist|Shell Smash|p1a: Polteageist
|-unboost|p1a: Polteageist|def|1
|-unboost|p1a: Polteageist|spd|1
|-boost|p1a: Polteageist|atk|2
|-boost|p1a: Polteageist|spa|2
|-boost|p1a: Polteageist|spe|2
|move|p2a: Moltres|Fiery Wrath|p1a: Polteageist
|-supereffective|p1a: Polteageist
|-enditem|p1a: Polteageist|Focus Sash
|-damage|p1a: Polteageist|1/100
|
|upkeep
|turn|6
|
|t:|1644059985
|move|p1a: Polteageist|Shadow Ball|p2a: Moltres
|-resisted|p2a: Moltres
|-damage|p2a: Moltres|0 fnt
|faint|p2a: Moltres
|
|upkeep
|
|t:|1644059994
|switch|p2a: Barraskewda|Barraskewda, F|100/100
|turn|7
|
|t:|1644059997
|move|p1a: Polteageist|Giga Drain|p2a: Barraskewda
|-supereffective|p2a: Barraskewda
|-damage|p2a: Barraskewda|0 fnt
|-heal|p1a: Polteageist|51/100|[from] drain|[of] p2a: Barraskewda
|faint|p2a: Barraskewda
|
|upkeep
|c|☆beastyj157|Gg
|c|☆IcyMcDouble|gg
|l| JoJoFrostitudo
|c| 0SiegeWarfare|fuk
|c| 0SiegeWarfare|ggs
|-message|beastyj157 forfeited.
|
|win|IcyMcDouble
|raw|IcyMcDouble's rating: 1557 &rarr; <strong>1574</strong><br />(+17 for winning)
|raw|beastyj157's rating: 1508 &rarr; <strong>1491</strong><br />(-17 for losing)
|l|☆beastyj157
|l|☆IcyMcDouble
