|j|☆Blitzburgh
|j|☆big boss 447
|player|p1|Blitzburgh|101|1798
|player|p2|big boss 447|n|1740
|teamsize|p1|6
|teamsize|p2|6
|gametype|singles
|gen|8
|tier|[Gen 8] OU
|rated|
|clearpoke
|poke|p1|Magearna|
|poke|p1|Chansey, F|
|poke|p1|Toxapex, M|
|poke|p1|Urshifu-*, M|
|poke|p1|Talonflame, F|
|poke|p1|Tangrowth, F|
|poke|p2|Torkoal, F|
|poke|p2|Cinderace, M|
|poke|p2|Venusaur, M|
|poke|p2|Volcarona, M|
|poke|p2|Aegislash, M|
|poke|p2|Mandibuzz, F|
|rule|Sleep Clause Mod: Limit one foe put to sleep
|rule|Species Clause: Limit one of each Pokémon
|rule|OHKO Clause: OHKO moves are banned
|rule|Evasion Moves Clause: Evasion moves are banned
|rule|Endless Battle Clause: Forcing endless battles is banned
|rule|HP Percentage Mod: HP is shown in percentages
|rule|Dynamax Clause: You cannot dynamax
|teampreview
|
|start
|switch|p1a: Toxapex|Toxapex, M|100/100
|switch|p2a: Torkoal|Torkoal, F|100/100
|-weather|SunnyDay|[from] ability: Drought|[of] p2a: Torkoal
|turn|1
|j|‽ADF WINS OU
|inactive|Battle timer is ON: inactive players will automatically lose when time's up. (requested by Blitzburgh)
|
|move|p1a: Toxapex|Scald|p2a: Torkoal
|-supereffective|p2a: Torkoal
|-damage|p2a: Torkoal|77/100
|move|p2a: Torkoal|Stealth Rock|p1a: Toxapex
|-sidestart|p1: Blitzburgh|move: Stealth Rock
|
|-weather|SunnyDay|[upkeep]
|upkeep
|turn|2
|
|move|p1a: Toxapex|Toxic|p2a: Torkoal
|-status|p2a: Torkoal|tox
|move|p2a: Torkoal|Yawn|p1a: Toxapex
|-start|p1a: Toxapex|move: Yawn|[of] p2a: Torkoal
|
|-weather|SunnyDay|[upkeep]
|-damage|p2a: Torkoal|71/100 tox|[from] psn
|upkeep
|turn|3
|
|switch|p1a: Chansey|Chansey, F|100/100
|-damage|p1a: Chansey|88/100|[from] Stealth Rock
|switch|p2a: Cinderace|Cinderace, M|100/100
|
|-weather|SunnyDay|[upkeep]
|upkeep
|turn|4
|
|switch|p1a: Toxapex|Toxapex, M|100/100
|-damage|p1a: Toxapex|88/100|[from] Stealth Rock
|move|p2a: Cinderace|Bulk Up|p2a: Cinderace
|-start|p2a: Cinderace|typechange|Fighting|[from] ability: Libero
|-boost|p2a: Cinderace|atk|1
|-boost|p2a: Cinderace|def|1
|
|-weather|SunnyDay|[upkeep]
|upkeep
|turn|5
|
|move|p2a: Cinderace|Zen Headbutt|p1a: Toxapex
|-start|p2a: Cinderace|typechange|Psychic|[from] ability: Libero
|-supereffective|p1a: Toxapex
|-damage|p1a: Toxapex|6/100
|move|p1a: Toxapex|Haze|p1a: Toxapex
|-clearallboost
|
|-weather|SunnyDay|[upkeep]
|upkeep
|turn|6
|
|move|p2a: Cinderace|Pyro Ball|p1a: Toxapex
|-start|p2a: Cinderace|typechange|Fire|[from] ability: Libero
|-resisted|p1a: Toxapex
|-damage|p1a: Toxapex|0 fnt
|faint|p1a: Toxapex
|
|-weather|SunnyDay|[upkeep]
|upkeep
|
|switch|p1a: Talonflame|Talonflame, F|100/100
|turn|7
|
|move|p1a: Talonflame|Toxic|p2a: Cinderace
|-status|p2a: Cinderace|tox
|move|p2a: Cinderace|Pyro Ball|p1a: Talonflame|[miss]
|-miss|p2a: Cinderace|p1a: Talonflame
|
|-weather|SunnyDay|[upkeep]
|-damage|p2a: Cinderace|94/100 tox|[from] psn
|upkeep
|turn|8
|
|move|p1a: Talonflame|Defog|p2a: Cinderace
|-unboost|p2a: Cinderace|evasion|1
|-sideend|p1: Blitzburgh|Stealth Rock|[from] move: Defog|[of] p1a: Talonflame
|move|p2a: Cinderace|Pyro Ball|p1a: Talonflame|[miss]
|-miss|p2a: Cinderace|p1a: Talonflame
|
|-weather|none
|-damage|p2a: Cinderace|82/100 tox|[from] psn
|upkeep
|turn|9
|
|switch|p2a: Mandibuzz|Mandibuzz, F|100/100
|move|p1a: Talonflame|Toxic|p2a: Mandibuzz
|-status|p2a: Mandibuzz|tox
|
|-damage|p2a: Mandibuzz|94/100 tox|[from] psn
|upkeep
|turn|10
|
|switch|p1a: Magearna|Magearna|100/100
|move|p2a: Mandibuzz|Knock Off|p1a: Magearna
|-resisted|p1a: Magearna
|-damage|p1a: Magearna|92/100
|-enditem|p1a: Magearna|Leftovers|[from] move: Knock Off|[of] p2a: Mandibuzz
|
|-damage|p2a: Mandibuzz|82/100 tox|[from] psn
|upkeep
|turn|11
|
|switch|p2a: Torkoal|Torkoal, F|71/100 tox
|-weather|SunnyDay|[from] ability: Drought|[of] p2a: Torkoal
|move|p1a: Magearna|Flash Cannon|p2a: Torkoal
|-resisted|p2a: Torkoal
|-damage|p2a: Torkoal|41/100 tox
|
|-weather|SunnyDay|[upkeep]
|-damage|p2a: Torkoal|35/100 tox|[from] psn
|upkeep
|turn|12
|
|move|p1a: Magearna|Thunderbolt|p2a: Torkoal
|-damage|p2a: Torkoal|0 fnt
|faint|p2a: Torkoal
|-ability|p1a: Magearna|Soul-Heart|boost
|-boost|p1a: Magearna|spa|1
|
|-weather|SunnyDay|[upkeep]
|upkeep
|
|switch|p2a: Cinderace|Cinderace, M|82/100 tox
|turn|13
|
|switch|p1a: Talonflame|Talonflame, F|100/100
|move|p2a: Cinderace|Pyro Ball|p1a: Talonflame
|-resisted|p1a: Talonflame
|-damage|p1a: Talonflame|36/100
|
|-weather|SunnyDay|[upkeep]
|-damage|p2a: Cinderace|76/100 tox|[from] psn
|upkeep
|turn|14
|
|move|p1a: Talonflame|Roost|p1a: Talonflame
|-heal|p1a: Talonflame|86/100
|-singleturn|p1a: Talonflame|move: Roost
|move|p2a: Cinderace|Pyro Ball|p1a: Talonflame|[miss]
|-miss|p2a: Cinderace|p1a: Talonflame
|
|-weather|SunnyDay|[upkeep]
|-damage|p2a: Cinderace|64/100 tox|[from] psn
|upkeep
|turn|15
|
|switch|p2a: Aegislash|Aegislash, M|100/100
|-item|p2a: Aegislash|Air Balloon
|move|p1a: Talonflame|Roost|p1a: Talonflame
|-heal|p1a: Talonflame|100/100
|-singleturn|p1a: Talonflame|move: Roost
|
|-weather|SunnyDay|[upkeep]
|upkeep
|turn|16
|
|switch|p1a: Tangrowth|Tangrowth, F|100/100
|move|p2a: Aegislash|Toxic|p1a: Tangrowth
|-status|p1a: Tangrowth|tox
|
|-weather|SunnyDay|[upkeep]
|-damage|p1a: Tangrowth|94/100 tox|[from] psn
|upkeep
|turn|17
|
|switch|p2a: Cinderace|Cinderace, M|64/100 tox
|move|p1a: Tangrowth|Knock Off|p2a: Cinderace
|-damage|p2a: Cinderace|34/100 tox
|-enditem|p2a: Cinderace|Heavy-Duty Boots|[from] move: Knock Off|[of] p1a: Tangrowth
|
|-weather|SunnyDay|[upkeep]
|-damage|p2a: Cinderace|28/100 tox|[from] psn
|-damage|p1a: Tangrowth|82/100 tox|[from] psn
|upkeep
|turn|18
|
|switch|p1a: Talonflame|Talonflame, F|100/100
|move|p2a: Cinderace|Pyro Ball|p1a: Talonflame
|-resisted|p1a: Talonflame
|-damage|p1a: Talonflame|43/100
|
|-weather|none
|-damage|p2a: Cinderace|16/100 tox|[from] psn
|upkeep
|turn|19
|
|switch|p2a: Aegislash|Aegislash, M|100/100
|-item|p2a: Aegislash|Air Balloon
|move|p1a: Talonflame|Roost|p1a: Talonflame
|-heal|p1a: Talonflame|94/100
|-singleturn|p1a: Talonflame|move: Roost
|
|upkeep
|turn|20
|
|switch|p1a: Tangrowth|Tangrowth, F|100/100 tox
|move|p2a: Aegislash|Swords Dance|p2a: Aegislash
|-boost|p2a: Aegislash|atk|2
|
|-damage|p1a: Tangrowth|94/100 tox|[from] psn
|upkeep
|turn|21
|
|switch|p2a: Venusaur|Venusaur, M|100/100
|move|p1a: Tangrowth|Knock Off|p2a: Venusaur
|-damage|p2a: Venusaur|73/100
|-enditem|p2a: Venusaur|Life Orb|[from] move: Knock Off|[of] p1a: Tangrowth
|
|-damage|p1a: Tangrowth|82/100 tox|[from] psn
|upkeep
|turn|22
|
|switch|p2a: Volcarona|Volcarona, M|100/100
|switch|p1a: Magearna|Magearna|92/100
|
|upkeep
|turn|23
|
|switch|p1a: Chansey|Chansey, F|88/100
|move|p2a: Volcarona|Quiver Dance|p2a: Volcarona
|-boost|p2a: Volcarona|spa|1
|-boost|p2a: Volcarona|spd|1
|-boost|p2a: Volcarona|spe|1
|
|upkeep
|turn|24
|
|move|p2a: Volcarona|Substitute|p2a: Volcarona
|-start|p2a: Volcarona|Substitute
|-damage|p2a: Volcarona|76/100
|move|p1a: Chansey|Psych Up|p2a: Volcarona
|-copyboost|p1a: Chansey|p2a: Volcarona|[from] move: Psych Up
|
|upkeep
|turn|25
|
|switch|p2a: Aegislash|Aegislash, M|100/100
|-item|p2a: Aegislash|Air Balloon
|move|p1a: Chansey|Seismic Toss|p2a: Aegislash
|-immune|p2a: Aegislash
|
|upkeep
|turn|26
|
|switch|p1a: Tangrowth|Tangrowth, F|100/100 tox
|-formechange|p2a: Aegislash|Aegislash-Blade||[from] ability: Stance Change
|move|p2a: Aegislash|Close Combat|p1a: Tangrowth
|-damage|p1a: Tangrowth|75/100 tox
|-unboost|p2a: Aegislash|def|1
|-unboost|p2a: Aegislash|spd|1
|-damage|p2a: Aegislash|84/100|[from] item: Rocky Helmet|[of] p1a: Tangrowth
|
|-damage|p1a: Tangrowth|69/100 tox|[from] psn
|upkeep
|turn|27
|
|switch|p2a: Volcarona|Volcarona, M|76/100
|move|p1a: Tangrowth|Infestation|p2a: Volcarona
|-resisted|p2a: Volcarona
|-damage|p2a: Volcarona|73/100
|-activate|p2a: Volcarona|move: Infestation|[of] p1a: Tangrowth
|
|-damage|p1a: Tangrowth|57/100 tox|[from] psn
|-damage|p2a: Volcarona|61/100|[from] move: Infestation|[partiallytrapped]
|upkeep
|turn|28
|
|switch|p1a: Chansey|Chansey, F|88/100
|move|p2a: Volcarona|Flamethrower|p1a: Chansey
|-damage|p1a: Chansey|71/100
|
|-end|p2a: Volcarona|Infestation|[partiallytrapped]|[silent]
|upkeep
|turn|29
|
|switch|p2a: Aegislash|Aegislash, M|84/100
|-item|p2a: Aegislash|Air Balloon
|move|p1a: Chansey|Stealth Rock|p2a: Aegislash
|-sidestart|p2: big boss 447|move: Stealth Rock
|
|upkeep
|turn|30
|
|switch|p1a: Tangrowth|Tangrowth, F|90/100 tox
|move|p2a: Aegislash|Swords Dance|p2a: Aegislash
|-boost|p2a: Aegislash|atk|2
|
|-damage|p1a: Tangrowth|84/100 tox|[from] psn
|upkeep
|turn|31
|
|move|p2a: Aegislash|Swords Dance|p2a: Aegislash
|-boost|p2a: Aegislash|atk|2
|move|p1a: Tangrowth|Knock Off|p2a: Aegislash
|-supereffective|p2a: Aegislash
|-damage|p2a: Aegislash|43/100
|-enditem|p2a: Aegislash|Air Balloon
|
|-damage|p1a: Tangrowth|71/100 tox|[from] psn
|upkeep
|turn|32
|
|move|p2a: Aegislash|Swords Dance|p2a: Aegislash
|-boost|p2a: Aegislash|atk|2
|move|p1a: Tangrowth|Knock Off|p2a: Aegislash
|-supereffective|p2a: Aegislash
|-damage|p2a: Aegislash|13/100
|
|-damage|p1a: Tangrowth|53/100 tox|[from] psn
|upkeep
|turn|33
|
|-formechange|p2a: Aegislash|Aegislash-Blade||[from] ability: Stance Change
|move|p2a: Aegislash|Close Combat|p1a: Tangrowth
|-damage|p1a: Tangrowth|0 fnt
|-unboost|p2a: Aegislash|def|1
|-unboost|p2a: Aegislash|spd|1
|-damage|p2a: Aegislash|0 fnt|[from] item: Rocky Helmet|[of] p1a: Tangrowth
|faint|p1a: Tangrowth
|faint|p2a: Aegislash
|
|upkeep
|-message|big boss 447 forfeited.
|
|win|Blitzburgh
|l|☆big boss 447
|l|☆Blitzburgh
|raw|Blitzburgh's rating: 1816 &rarr; <strong>1832</strong><br />(+16 for winning)
|raw|big boss 447's rating: 1741 &rarr; <strong>1725</strong><br />(-16 for losing)
