|j|☆wuilan jie
|j|☆Tactical_Foul
|t:|1655574436
|gametype|singles
|player|p1|wuilan jie|red|1632
|player|p2|Tactical_Foul|170|1575
|teamsize|p1|6
|teamsize|p2|6
|gen|8
|tier|[Gen 8] OU
|rated|
|rule|Sleep Clause Mod: Limit one foe put to sleep
|rule|Species Clause: Limit one of each Pokémon
|rule|OHKO Clause: OHKO moves are banned
|rule|Evasion Moves Clause: Evasion moves are banned
|rule|Endless Battle Clause: Forcing endless battles is banned
|rule|HP Percentage Mod: HP is shown in percentages
|rule|Dynamax Clause: You cannot dynamax
|clearpoke
|poke|p1|Celesteela|
|poke|p1|Garchomp, F|
|poke|p1|Kartana|
|poke|p1|Dragapult, F|
|poke|p1|Rotom-Heat|
|poke|p1|Azumarill, M|
|poke|p2|Tyranitar, M|
|poke|p2|Kartana|
|poke|p2|Tapu Koko|
|poke|p2|Landorus-Therian, M|
|poke|p2|Blacephalon|
|poke|p2|Rillaboom, F|
|teampreview
|inactive|Battle timer is ON: inactive players will automatically lose when time's up. (requested by wuilan jie)
|
|t:|1655574486
|start
|switch|p1a: Rotom|Rotom-Heat|100/100
|switch|p2a: Landorus|Landorus-Therian, M|100/100
|-ability|p2a: Landorus|Intimidate|boost
|-unboost|p1a: Rotom|atk|1
|turn|1
|
|t:|1655574493
|move|p1a: Rotom|Overheat|p2a: Landorus
|-damage|p2a: Landorus|15/100
|-unboost|p1a: Rotom|spa|2
|move|p2a: Landorus|Stealth Rock|p1a: Rotom
|-sidestart|p1: wuilan jie|move: Stealth Rock
|
|-heal|p2a: Landorus|21/100|[from] item: Leftovers
|upkeep
|turn|2
|
|t:|1655574499
|switch|p2a: Tyranitar|Tyranitar, M|100/100
|-weather|Sandstorm|[from] ability: Sand Stream|[of] p2a: Tyranitar
|move|p1a: Rotom|Overheat|p2a: Tyranitar
|-resisted|p2a: Tyranitar
|-damage|p2a: Tyranitar|90/100
|-unboost|p1a: Rotom|spa|2
|
|-weather|Sandstorm|[upkeep]
|-damage|p1a: Rotom|94/100|[from] Sandstorm
|upkeep
|turn|3
|
|t:|1655574517
|switch|p1a: Garchomp|Garchomp, F|100/100
|-damage|p1a: Garchomp|94/100|[from] Stealth Rock
|move|p2a: Tyranitar|Ice Punch|p1a: Garchomp
|-supereffective|p1a: Garchomp
|-damage|p1a: Garchomp|0 fnt
|-damage|p2a: Tyranitar|78/100|[from] ability: Rough Skin|[of] p1a: Garchomp
|faint|p1a: Garchomp
|
|-weather|Sandstorm|[upkeep]
|upkeep
|
|t:|1655574526
|switch|p1a: Kartana|Kartana|100/100
|-damage|p1a: Kartana|94/100|[from] Stealth Rock
|turn|4
|
|t:|1655574536
|switch|p2a: Landorus|Landorus-Therian, M|21/100
|-ability|p2a: Landorus|Intimidate|boost
|-unboost|p1a: Kartana|atk|1
|move|p1a: Kartana|Swords Dance|p1a: Kartana
|-boost|p1a: Kartana|atk|2
|
|-weather|Sandstorm|[upkeep]
|-heal|p2a: Landorus|27/100|[from] item: Leftovers
|upkeep
|turn|5
|
|t:|1655574545
|move|p1a: Kartana|Knock Off|p2a: Landorus
|-damage|p2a: Landorus|0 fnt
|-enditem|p2a: Landorus|Leftovers|[from] move: Knock Off|[of] p1a: Kartana
|faint|p2a: Landorus
|-ability|p1a: Kartana|Beast Boost|boost
|-boost|p1a: Kartana|atk|1
|
|-weather|Sandstorm|[upkeep]
|upkeep
|
|t:|1655574550
|switch|p2a: Blacephalon|Blacephalon|100/100
|turn|6
|
|t:|1655574554
|switch|p1a: Azumarill|Azumarill, M|100/100
|-damage|p1a: Azumarill|88/100|[from] Stealth Rock
|move|p2a: Blacephalon|Flamethrower|p1a: Azumarill
|-resisted|p1a: Azumarill
|-damage|p1a: Azumarill|51/100
|
|-weather|none
|upkeep
|turn|7
|
|t:|1655574568
|switch|p2a: Kartana|Kartana|100/100
|move|p1a: Azumarill|Play Rough|p2a: Kartana|[miss]
|-miss|p1a: Azumarill|p2a: Kartana
|
|upkeep
|turn|8
|
|t:|1655574577
|switch|p1a: Celesteela|Celesteela|100/100
|-damage|p1a: Celesteela|88/100|[from] Stealth Rock
|move|p2a: Kartana|Knock Off|p1a: Celesteela
|-damage|p1a: Celesteela|60/100
|-enditem|p1a: Celesteela|Leftovers|[from] move: Knock Off|[of] p2a: Kartana
|
|upkeep
|turn|9
|
|t:|1655574585
|switch|p2a: Tapu Koko|Tapu Koko|100/100
|-fieldstart|move: Electric Terrain|[from] ability: Electric Surge|[of] p2a: Tapu Koko
|move|p1a: Celesteela|Leech Seed|p2a: Tapu Koko
|-start|p2a: Tapu Koko|move: Leech Seed
|
|-damage|p2a: Tapu Koko|88/100|[from] Leech Seed|[of] p1a: Celesteela
|-heal|p1a: Celesteela|69/100|[silent]
|upkeep
|turn|10
|
|t:|1655574594
|move|p1a: Celesteela|Protect|p1a: Celesteela
|-singleturn|p1a: Celesteela|Protect
|move|p2a: Tapu Koko|U-turn|p1a: Celesteela
|-activate|p1a: Celesteela|move: Protect
|
|-damage|p2a: Tapu Koko|76/100|[from] Leech Seed|[of] p1a: Celesteela
|-heal|p1a: Celesteela|77/100|[silent]
|upkeep
|turn|11
|
|t:|1655574610
|switch|p1a: Dragapult|Dragapult, F|100/100
|-damage|p1a: Dragapult|88/100|[from] Stealth Rock
|move|p2a: Tapu Koko|U-turn|p1a: Dragapult
|-resisted|p1a: Dragapult
|-damage|p1a: Dragapult|77/100
|
|t:|1655574618
|switch|p2a: Kartana|Kartana|100/100|[from]move: U-turn
|
|upkeep
|turn|12
|
|t:|1655574625
|switch|p1a: Celesteela|Celesteela|77/100
|-damage|p1a: Celesteela|65/100|[from] Stealth Rock
|move|p2a: Kartana|Knock Off|p1a: Celesteela
|-damage|p1a: Celesteela|47/100
|
|upkeep
|turn|13
|
|t:|1655574636
|switch|p2a: Blacephalon|Blacephalon|100/100
|move|p1a: Celesteela|Leech Seed|p2a: Blacephalon
|-start|p2a: Blacephalon|move: Leech Seed
|
|-damage|p2a: Blacephalon|88/100|[from] Leech Seed|[of] p1a: Celesteela
|-heal|p1a: Celesteela|54/100|[silent]
|-fieldend|move: Electric Terrain
|upkeep
|turn|14
|
|t:|1655574643
|switch|p2a: Tapu Koko|Tapu Koko|76/100
|-fieldstart|move: Electric Terrain|[from] ability: Electric Surge|[of] p2a: Tapu Koko
|move|p1a: Celesteela|Protect||[still]
|-fail|p1a: Celesteela
|
|upkeep
|turn|15
|
|t:|1655574647
|switch|p1a: Dragapult|Dragapult, F|77/100
|-damage|p1a: Dragapult|64/100|[from] Stealth Rock
|move|p2a: Tapu Koko|Thunderbolt|p1a: Dragapult
|-resisted|p1a: Dragapult
|-damage|p1a: Dragapult|32/100
|
|upkeep
|turn|16
|
|t:|1655574661
|switch|p2a: Rillaboom|Rillaboom, F|100/100
|-fieldstart|move: Grassy Terrain|[from] ability: Grassy Surge|[of] p2a: Rillaboom
|move|p1a: Dragapult|Phantom Force||[still]
|-prepare|p1a: Dragapult|Phantom Force
|
|upkeep
|turn|17
|
|t:|1655574676
|switch|p2a: Tyranitar|Tyranitar, M|78/100
|-weather|Sandstorm|[from] ability: Sand Stream|[of] p2a: Tyranitar
|move|p1a: Dragapult|Phantom Force|p2a: Tyranitar|[from]lockedmove
|-resisted|p2a: Tyranitar
|-crit|p2a: Tyranitar
|-damage|p2a: Tyranitar|33/100
|-damage|p1a: Dragapult|22/100|[from] item: Life Orb
|
|-weather|Sandstorm|[upkeep]
|-damage|p1a: Dragapult|16/100|[from] Sandstorm
|-heal|p1a: Dragapult|22/100|[from] Grassy Terrain
|-heal|p2a: Tyranitar|39/100|[from] Grassy Terrain
|upkeep
|turn|18
|inactive|Tactical_Foul has 120 seconds left.
|
|t:|1655574712
|move|p1a: Dragapult|Dragon Darts|p2a: Tyranitar
|-damage|p2a: Tyranitar|4/100
|-anim|p1a: Dragapult|Dragon Darts|p2a: Tyranitar
|-damage|p2a: Tyranitar|0 fnt
|faint|p2a: Tyranitar
|-damage|p1a: Dragapult|12/100|[from] item: Life Orb
|
|-weather|Sandstorm|[upkeep]
|-damage|p1a: Dragapult|6/100|[from] Sandstorm
|-heal|p1a: Dragapult|12/100|[from] Grassy Terrain
|upkeep
|inactive|Tactical_Foul has 90 seconds left.
|
|t:|1655574742
|switch|p2a: Kartana|Kartana|100/100
|turn|19
|
|t:|1655574752
|switch|p2a: Tapu Koko|Tapu Koko|76/100
|-fieldstart|move: Electric Terrain|[from] ability: Electric Surge|[of] p2a: Tapu Koko
|move|p1a: Dragapult|Sucker Punch||[still]
|-fail|p1a: Dragapult
|
|-weather|Sandstorm|[upkeep]
|-damage|p2a: Tapu Koko|70/100|[from] Sandstorm
|-damage|p1a: Dragapult|6/100|[from] Sandstorm
|upkeep
|turn|20
|
|t:|1655574762
|move|p2a: Tapu Koko|Thunderbolt|p1a: Dragapult
|-resisted|p1a: Dragapult
|-damage|p1a: Dragapult|0 fnt
|faint|p1a: Dragapult
|
|-weather|Sandstorm|[upkeep]
|-damage|p2a: Tapu Koko|63/100|[from] Sandstorm
|upkeep
|
|t:|1655574771
|switch|p1a: Rotom|Rotom-Heat|94/100
|-damage|p1a: Rotom|69/100|[from] Stealth Rock
|turn|21
|
|t:|1655574783
|move|p1a: Rotom|Overheat|p2a: Tapu Koko
|-damage|p2a: Tapu Koko|0 fnt
|-unboost|p1a: Rotom|spa|2
|faint|p2a: Tapu Koko
|
|-weather|none
|upkeep
|
|t:|1655574787
|switch|p2a: Blacephalon|Blacephalon|88/100
|turn|22
|inactive|Tactical_Foul has 120 seconds left.
|
|t:|1655574805
|switch|p1a: Kartana|Kartana|94/100
|-damage|p1a: Kartana|88/100|[from] Stealth Rock
|move|p2a: Blacephalon|Shadow Ball|p1a: Kartana
|-damage|p1a: Kartana|0 fnt
|faint|p1a: Kartana
|-ability|p2a: Blacephalon|Beast Boost|boost
|-boost|p2a: Blacephalon|spa|1
|
|upkeep
|
|t:|1655574808
|switch|p1a: Azumarill|Azumarill, M|51/100
|-damage|p1a: Azumarill|39/100|[from] Stealth Rock
|-enditem|p1a: Azumarill|Sitrus Berry|[eat]
|-heal|p1a: Azumarill|64/100|[from] item: Sitrus Berry
|turn|23
|
|t:|1655574829
|switch|p2a: Kartana|Kartana|100/100
|move|p1a: Azumarill|Superpower|p2a: Kartana
|-supereffective|p2a: Kartana
|-damage|p2a: Kartana|0 fnt
|-unboost|p1a: Azumarill|atk|1
|-unboost|p1a: Azumarill|def|1
|faint|p2a: Kartana
|
|-fieldend|move: Electric Terrain
|upkeep
|
|t:|1655574840
|switch|p2a: Rillaboom|Rillaboom, F|100/100
|-fieldstart|move: Grassy Terrain|[from] ability: Grassy Surge|[of] p2a: Rillaboom
|turn|24
|
|t:|1655574844
|switch|p1a: Celesteela|Celesteela|54/100
|-damage|p1a: Celesteela|42/100|[from] Stealth Rock
|move|p2a: Rillaboom|U-turn|p1a: Celesteela
|-resisted|p1a: Celesteela
|-damage|p1a: Celesteela|36/100
|
|t:|1655574847
|switch|p2a: Blacephalon|Blacephalon|88/100|[from]move: U-turn
|
|-heal|p2a: Blacephalon|94/100|[from] Grassy Terrain
|upkeep
|turn|25
|
|t:|1655574851
|move|p1a: Celesteela|Protect|p1a: Celesteela
|-singleturn|p1a: Celesteela|Protect
|move|p2a: Blacephalon|Shadow Ball|p1a: Celesteela
|-activate|p1a: Celesteela|move: Protect
|
|-heal|p2a: Blacephalon|100/100|[from] Grassy Terrain
|upkeep
|turn|26
|
|t:|1655574862
|move|p2a: Blacephalon|Shadow Ball|p1a: Celesteela
|-damage|p1a: Celesteela|0 fnt
|faint|p1a: Celesteela
|-ability|p2a: Blacephalon|Beast Boost|boost
|-boost|p2a: Blacephalon|spa|1
|
|upkeep
|
|t:|1655574865
|switch|p1a: Azumarill|Azumarill, M|64/100
|-damage|p1a: Azumarill|51/100|[from] Stealth Rock
|turn|27
|
|t:|1655574875
|move|p1a: Azumarill|Aqua Jet|p2a: Blacephalon
|-supereffective|p2a: Blacephalon
|-damage|p2a: Blacephalon|0 fnt
|faint|p2a: Blacephalon
|
|-heal|p1a: Azumarill|58/100|[from] Grassy Terrain
|upkeep
|
|t:|1655574879
|switch|p2a: Rillaboom|Rillaboom, F|100/100
|turn|28
|
|t:|1655574887
|move|p2a: Rillaboom|Grassy Glide|p1a: Azumarill
|-supereffective|p1a: Azumarill
|-damage|p1a: Azumarill|0 fnt
|faint|p1a: Azumarill
|
|-fieldend|move: Grassy Terrain
|upkeep
|
|t:|1655574889
|switch|p1a: Rotom|Rotom-Heat|69/100
|-damage|p1a: Rotom|44/100|[from] Stealth Rock
|turn|29
|
|t:|1655574894
|move|p1a: Rotom|Overheat|p2a: Rillaboom
|-supereffective|p2a: Rillaboom
|-damage|p2a: Rillaboom|0 fnt
|-unboost|p1a: Rotom|spa|2
|faint|p2a: Rillaboom
|
|win|wuilan jie
|raw|wuilan jie's rating: 1632 &rarr; <strong>1649</strong><br />(+17 for winning)
|raw|Tactical_Foul's rating: 1575 &rarr; <strong>1558</strong><br />(-17 for losing)
|l|☆Tactical_Foul
||Ladder isn't responding, score probably updated but might not have (Request timeout).
