|j|☆Elite4Donovan
|j|☆eromangagaki
|t:|1658741709
|gametype|singles
|player|p1|Elite4Donovan|lucas|1645
|player|p2|eromangagaki|2|1723
|teamsize|p1|6
|teamsize|p2|6
|gen|8
|tier|[Gen 8] OU
|rated|
|rule|Sleep Clause Mod: Limit one foe put to sleep
|rule|Species Clause: Limit one of each Pokémon
|rule|OHKO Clause: OHKO moves are banned
|rule|Evasion Moves Clause: Evasion moves are banned
|rule|Endless Battle Clause: Forcing endless battles is banned
|rule|HP Percentage Mod: HP is shown in percentages
|rule|Dynamax Clause: You cannot dynamax
|clearpoke
|poke|p1|Ribombee, M|
|poke|p1|Mimikyu, M|
|poke|p1|Kartana|
|poke|p1|Pikachu, M|
|poke|p1|Azelf|
|poke|p1|Cinccino, M|
|poke|p2|Zapdos|
|poke|p2|Mew|
|poke|p2|Polteageist|
|poke|p2|Heatran, M|
|poke|p2|Obstagoon, F|
|poke|p2|Klefki, M|
|teampreview
|inactive|Battle timer is ON: inactive players will automatically lose when time's up. (requested by eromangagaki)
|j| Ragnnis
|
|t:|1658741735
|start
|switch|p1a: Ribombee|Ribombee, M|100/100
|switch|p2a: Klefki|Klefki, M|100/100
|turn|1
|
|t:|1658741743
|move|p2a: Klefki|Switcheroo|p1a: Ribombee
|-activate|p2a: Klefki|move: Trick|[of] p1a: Ribombee
|-item|p1a: Ribombee|Flame Orb|[from] move: Switcheroo
|-item|p2a: Klefki|Focus Sash|[from] move: Switcheroo
|move|p1a: Ribombee|Sticky Web|p2a: Klefki
|-sidestart|p2: eromangagaki|move: Sticky Web
|
|-status|p1a: Ribombee|brn|[from] item: Flame Orb
|upkeep
|turn|2
|
|t:|1658741750
|switch|p2a: Polteageist|Polteageist|100/100
|-activate|p2a: Polteageist|move: Sticky Web
|-unboost|p2a: Polteageist|spe|1
|move|p1a: Ribombee|U-turn|p2a: Polteageist
|-resisted|p2a: Polteageist
|-damage|p2a: Polteageist|94/100
|-ability|p2a: Polteageist|Weak Armor|boost
|-unboost|p2a: Polteageist|def|1
|-boost|p2a: Polteageist|spe|2
|
|t:|1658741759
|switch|p1a: Cinccino|Cinccino, M|100/100|[from]move: U-turn
|
|-status|p2a: Polteageist|brn|[from] item: Flame Orb
|upkeep
|turn|3
|
|t:|1658741767
|switch|p2a: Heatran|Heatran, M|100/100
|-activate|p2a: Heatran|move: Sticky Web
|-unboost|p2a: Heatran|spe|1
|move|p1a: Cinccino|Knock Off|p2a: Heatran
|-damage|p2a: Heatran|83/100
|-enditem|p2a: Heatran|Rocky Helmet|[from] move: Knock Off|[of] p1a: Cinccino
|
|upkeep
|turn|4
|
|t:|1658741771
|move|p1a: Cinccino|U-turn|p2a: Heatran
|-resisted|p2a: Heatran
|-damage|p2a: Heatran|80/100
|
|t:|1658741775
|switch|p1a: Ribombee|Ribombee, M|100/100 brn|[from]move: U-turn
|move|p2a: Heatran|Stealth Rock|p1a: Ribombee
|-sidestart|p1: Elite4Donovan|move: Stealth Rock
|
|-damage|p1a: Ribombee|94/100 brn|[from] brn
|upkeep
|turn|5
|
|t:|1658741781
|switch|p2a: Polteageist|Polteageist|94/100 brn
|-activate|p2a: Polteageist|move: Sticky Web
|-unboost|p2a: Polteageist|spe|1
|move|p1a: Ribombee|Stun Spore||[still]
|-fail|p1a: Ribombee
|
|-damage|p1a: Ribombee|88/100 brn|[from] brn
|-damage|p2a: Polteageist|88/100 brn|[from] brn
|upkeep
|turn|6
|
|t:|1658741784
|move|p1a: Ribombee|Moonblast|p2a: Polteageist
|-damage|p2a: Polteageist|48/100 brn
|move|p2a: Polteageist|Shell Smash|p2a: Polteageist
|-unboost|p2a: Polteageist|def|1
|-unboost|p2a: Polteageist|spd|1
|-boost|p2a: Polteageist|atk|2
|-boost|p2a: Polteageist|spa|2
|-boost|p2a: Polteageist|spe|2
|
|-damage|p2a: Polteageist|41/100 brn|[from] brn
|-damage|p1a: Ribombee|82/100 brn|[from] brn
|upkeep
|turn|7
|
|t:|1658741789
|move|p2a: Polteageist|Stored Power|p1a: Ribombee
|-damage|p1a: Ribombee|0 fnt
|faint|p1a: Ribombee
|
|-damage|p2a: Polteageist|35/100 brn|[from] brn
|upkeep
|
|t:|1658741797
|switch|p1a: Mimikyu|Mimikyu, M|100/100
|-damage|p1a: Mimikyu|88/100|[from] Stealth Rock
|turn|8
|
|t:|1658741800
|switch|p2a: Heatran|Heatran, M|80/100
|-activate|p2a: Heatran|move: Sticky Web
|-unboost|p2a: Heatran|spe|1
|move|p1a: Mimikyu|Shadow Sneak|p2a: Heatran
|-damage|p2a: Heatran|68/100
|-status|p1a: Mimikyu|brn|[from] ability: Flame Body|[of] p2a: Heatran
|
|-damage|p1a: Mimikyu|82/100 brn|[from] brn
|upkeep
|turn|9
|j| Linkerrr
|
|t:|1658741811
|move|p1a: Mimikyu|Shadow Claw|p2a: Heatran
|-damage|p2a: Heatran|57/100
|move|p2a: Heatran|Taunt|p1a: Mimikyu
|-start|p1a: Mimikyu|move: Taunt
|
|-damage|p1a: Mimikyu|76/100 brn|[from] brn
|upkeep
|turn|10
|
|t:|1658741821
|switch|p2a: Klefki|Klefki, M|100/100
|-activate|p2a: Klefki|move: Sticky Web
|-unboost|p2a: Klefki|spe|1
|move|p1a: Mimikyu|Shadow Claw|p2a: Klefki
|-damage|p2a: Klefki|78/100
|
|-damage|p1a: Mimikyu|70/100 brn|[from] brn
|upkeep
|turn|11
|
|t:|1658741834
|move|p2a: Klefki|Switcheroo|p1a: Mimikyu
|-activate|p2a: Klefki|move: Trick|[of] p1a: Mimikyu
|-item|p1a: Mimikyu|Focus Sash|[from] move: Switcheroo
|-item|p2a: Klefki|Red Card|[from] move: Switcheroo
|move|p1a: Mimikyu|Shadow Claw|p2a: Klefki
|-damage|p2a: Klefki|57/100
|-enditem|p2a: Klefki|Red Card|[of] p1a: Mimikyu
|drag|p1a: Kartana|Kartana|100/100
|-damage|p1a: Kartana|94/100|[from] Stealth Rock
|
|upkeep
|turn|12
|
|t:|1658741844
|switch|p1a: Mimikyu|Mimikyu, M|70/100 brn
|-damage|p1a: Mimikyu|58/100 brn|[from] Stealth Rock
|move|p2a: Klefki|Steel Beam|p1a: Mimikyu
|-activate|p1a: Mimikyu|ability: Disguise
|-damage|p1a: Mimikyu|58/100 brn
|-damage|p2a: Klefki|7/100|[from] mindblown
|detailschange|p1a: Mimikyu|Mimikyu-Busted, M
|-damage|p1a: Mimikyu|46/100 brn|[from] pokemon: Mimikyu-Busted
|
|-damage|p1a: Mimikyu|40/100 brn|[from] brn
|upkeep
|turn|13
|
|t:|1658741850
|move|p1a: Mimikyu|Shadow Sneak|p2a: Klefki
|-crit|p2a: Klefki
|-damage|p2a: Klefki|0 fnt
|faint|p2a: Klefki
|
|-damage|p1a: Mimikyu|34/100 brn|[from] brn
|upkeep
|
|t:|1658741859
|switch|p2a: Zapdos|Zapdos|100/100
|-ability|p2a: Zapdos|Pressure
|turn|14
|
|t:|1658741862
|move|p2a: Zapdos|Discharge|p1a: Mimikyu
|-damage|p1a: Mimikyu|0 fnt
|faint|p1a: Mimikyu
|
|upkeep
|
|t:|1658741871
|switch|p1a: Cinccino|Cinccino, M|100/100
|-damage|p1a: Cinccino|88/100|[from] Stealth Rock
|turn|15
|
|t:|1658741878
|switch|p2a: Polteageist|Polteageist|35/100 brn
|-activate|p2a: Polteageist|move: Sticky Web
|-unboost|p2a: Polteageist|spe|1
|move|p1a: Cinccino|Triple Axel|p2a: Polteageist
|-damage|p2a: Polteageist|20/100 brn
|-ability|p2a: Polteageist|Weak Armor|boost
|-unboost|p2a: Polteageist|def|1
|-boost|p2a: Polteageist|spe|2
|-damage|p2a: Polteageist|0 fnt
|faint|p2a: Polteageist
|-hitcount|p2: Polteageist|2
|
|upkeep
|
|t:|1658741879
|switch|p2a: Heatran|Heatran, M|57/100
|-activate|p2a: Heatran|move: Sticky Web
|-unboost|p2a: Heatran|spe|1
|turn|16
|
|t:|1658741890
|move|p1a: Cinccino|U-turn|p2a: Heatran
|-resisted|p2a: Heatran
|-damage|p2a: Heatran|55/100
|
|t:|1658741893
|switch|p1a: Azelf|Azelf|100/100|[from]move: U-turn
|-damage|p1a: Azelf|88/100|[from] Stealth Rock
|move|p2a: Heatran|Lava Plume|p1a: Azelf
|-damage|p1a: Azelf|33/100
|
|upkeep
|turn|17
|
|t:|1658741901
|switch|p2a: Mew|Mew|100/100
|-activate|p2a: Mew|move: Sticky Web
|-unboost|p2a: Mew|spe|1
|move|p1a: Azelf|Psyshock|p2a: Mew
|-resisted|p2a: Mew
|-damage|p2a: Mew|77/100
|-damage|p1a: Azelf|24/100|[from] item: Life Orb
|
|upkeep
|turn|18
|
|t:|1658741905
|move|p1a: Azelf|Flamethrower|p2a: Mew
|-damage|p2a: Mew|45/100
|-damage|p1a: Azelf|14/100|[from] item: Life Orb
|move|p2a: Mew|Cosmic Power|p2a: Mew
|-boost|p2a: Mew|def|1
|-boost|p2a: Mew|spd|1
|
|upkeep
|turn|19
|
|t:|1658741907
|move|p1a: Azelf|Encore|p2a: Mew
|-start|p2a: Mew|Encore
|move|p2a: Mew|Cosmic Power|p2a: Mew
|-boost|p2a: Mew|def|1
|-boost|p2a: Mew|spd|1
|
|upkeep
|turn|20
|
|t:|1658741909
|move|p1a: Azelf|Flamethrower|p2a: Mew
|-damage|p2a: Mew|27/100
|-damage|p1a: Azelf|4/100|[from] item: Life Orb
|move|p2a: Mew|Cosmic Power|p2a: Mew
|-boost|p2a: Mew|def|1
|-boost|p2a: Mew|spd|1
|
|upkeep
|turn|21
|
|t:|1658741921
|switch|p2a: Obstagoon|Obstagoon, F|100/100
|-activate|p2a: Obstagoon|move: Sticky Web
|-unboost|p2a: Obstagoon|spe|1
|move|p1a: Azelf|Flamethrower|p2a: Obstagoon
|-damage|p2a: Obstagoon|52/100
|-damage|p1a: Azelf|0 fnt|[from] item: Life Orb
|faint|p1a: Azelf
|
|-status|p2a: Obstagoon|brn|[from] item: Flame Orb
|upkeep
|
|t:|1658741935
|switch|p1a: Pikachu|Pikachu, M|100/100
|-damage|p1a: Pikachu|88/100|[from] Stealth Rock
|turn|22
|
|t:|1658741938
|move|p1a: Pikachu|Thunder|p2a: Obstagoon|[miss]
|-miss|p1a: Pikachu|p2a: Obstagoon
|move|p2a: Obstagoon|Trick|p1a: Pikachu
|-activate|p2a: Obstagoon|move: Trick|[of] p1a: Pikachu
|-item|p1a: Pikachu|Flame Orb|[from] move: Trick
|-item|p2a: Obstagoon|Light Ball|[from] move: Trick
|
|-damage|p2a: Obstagoon|45/100 brn|[from] brn
|-status|p1a: Pikachu|brn|[from] item: Flame Orb
|upkeep
|turn|23
|
|t:|1658741951
|switch|p2a: Zapdos|Zapdos|100/100
|-ability|p2a: Zapdos|Pressure
|move|p1a: Pikachu|Thunder|p2a: Zapdos
|-damage|p2a: Zapdos|64/100
|
|-heal|p2a: Zapdos|70/100|[from] item: Leftovers
|-damage|p1a: Pikachu|82/100 brn|[from] brn
|upkeep
|turn|24
|j| joeding
|
|t:|1658741954
|move|p2a: Zapdos|Substitute|p2a: Zapdos
|-start|p2a: Zapdos|Substitute
|-damage|p2a: Zapdos|45/100
|move|p1a: Pikachu|Nasty Plot|p1a: Pikachu
|-boost|p1a: Pikachu|spa|2
|
|-heal|p2a: Zapdos|51/100|[from] item: Leftovers
|-damage|p1a: Pikachu|76/100 brn|[from] brn
|upkeep
|turn|25
|
|t:|1658741958
|move|p2a: Zapdos|Charge|p2a: Zapdos
|-boost|p2a: Zapdos|spd|1
|-activate|p2a: Zapdos|move: Charge
|move|p1a: Pikachu|Surf|p2a: Zapdos
|-activate|p2a: Zapdos|move: Substitute|[damage]
|
|-heal|p2a: Zapdos|58/100|[from] item: Leftovers
|-damage|p1a: Pikachu|70/100 brn|[from] brn
|upkeep
|turn|26
|
|t:|1658741961
|move|p2a: Zapdos|Charge|p2a: Zapdos
|-boost|p2a: Zapdos|spd|1
|-activate|p2a: Zapdos|move: Charge
|move|p1a: Pikachu|Surf|p2a: Zapdos
|-end|p2a: Zapdos|Substitute
|
|-heal|p2a: Zapdos|64/100|[from] item: Leftovers
|-damage|p1a: Pikachu|64/100 brn|[from] brn
|upkeep
|turn|27
|
|t:|1658741964
|switch|p1a: Cinccino|Cinccino, M|88/100
|-damage|p1a: Cinccino|76/100|[from] Stealth Rock
|move|p2a: Zapdos|Charge|p2a: Zapdos
|-boost|p2a: Zapdos|spd|1
|-activate|p2a: Zapdos|move: Charge
|
|-heal|p2a: Zapdos|70/100|[from] item: Leftovers
|upkeep
|turn|28
|l| joeding
|
|t:|1658741979
|switch|p2a: Obstagoon|Obstagoon, F|45/100 brn
|-activate|p2a: Obstagoon|move: Sticky Web
|-unboost|p2a: Obstagoon|spe|1
|move|p1a: Cinccino|Triple Axel|p2a: Obstagoon
|-damage|p2a: Obstagoon|37/100 brn
|-damage|p2a: Obstagoon|20/100 brn
|-hitcount|p2a: Obstagoon|2
|
|-damage|p2a: Obstagoon|14/100 brn|[from] brn
|upkeep
|turn|29
|
|t:|1658741984
|move|p1a: Cinccino|Tail Slap|p2a: Obstagoon
|-damage|p2a: Obstagoon|0 fnt
|faint|p2a: Obstagoon
|-hitcount|p2: Obstagoon|1
|
|upkeep
|
|t:|1658741985
|switch|p2a: Heatran|Heatran, M|55/100
|-activate|p2a: Heatran|move: Sticky Web
|-unboost|p2a: Heatran|spe|1
|turn|30
|
|t:|1658741987
|move|p1a: Cinccino|U-turn|p2a: Heatran
|-resisted|p2a: Heatran
|-damage|p2a: Heatran|52/100
|
|t:|1658741989
|switch|p1a: Pikachu|Pikachu, M|64/100 brn|[from]move: U-turn
|-damage|p1a: Pikachu|51/100 brn|[from] Stealth Rock
|move|p2a: Heatran|Stealth Rock||[still]
|-fail|p2a: Heatran
|
|-damage|p1a: Pikachu|45/100 brn|[from] brn
|upkeep
|turn|31
|
|t:|1658741998
|switch|p2a: Zapdos|Zapdos|70/100
|-ability|p2a: Zapdos|Pressure
|move|p1a: Pikachu|Surf|p2a: Zapdos
|-damage|p2a: Zapdos|51/100
|
|-heal|p2a: Zapdos|57/100|[from] item: Leftovers
|-damage|p1a: Pikachu|39/100 brn|[from] brn
|upkeep
|turn|32
|
|t:|1658742003
|move|p2a: Zapdos|Roost|p2a: Zapdos
|-heal|p2a: Zapdos|100/100
|-singleturn|p2a: Zapdos|move: Roost
|move|p1a: Pikachu|Thunder|p2a: Zapdos|[miss]
|-miss|p1a: Pikachu|p2a: Zapdos
|
|-damage|p1a: Pikachu|33/100 brn|[from] brn
|upkeep
|turn|33
|
|t:|1658742010
|switch|p1a: Cinccino|Cinccino, M|76/100
|-damage|p1a: Cinccino|63/100|[from] Stealth Rock
|move|p2a: Zapdos|Discharge|p1a: Cinccino
|-damage|p1a: Cinccino|9/100
|
|upkeep
|turn|34
|
|t:|1658742019
|switch|p2a: Heatran|Heatran, M|52/100
|-activate|p2a: Heatran|move: Sticky Web
|-unboost|p2a: Heatran|spe|1
|move|p1a: Cinccino|Triple Axel|p2a: Heatran
|-resisted|p2a: Heatran
|-damage|p2a: Heatran|50/100
|-resisted|p2a: Heatran
|-damage|p2a: Heatran|48/100
|-resisted|p2a: Heatran
|-damage|p2a: Heatran|44/100
|-hitcount|p2a: Heatran|3
|
|upkeep
|turn|35
|
|t:|1658742021
|move|p1a: Cinccino|Tail Slap|p2a: Heatran
|-resisted|p2a: Heatran
|-damage|p2a: Heatran|39/100
|-resisted|p2a: Heatran
|-damage|p2a: Heatran|34/100
|-resisted|p2a: Heatran
|-damage|p2a: Heatran|29/100
|-hitcount|p2a: Heatran|3
|move|p2a: Heatran|Lava Plume|p1a: Cinccino
|-damage|p1a: Cinccino|0 fnt
|faint|p1a: Cinccino
|
|upkeep
|
|t:|1658742024
|switch|p1a: Kartana|Kartana|94/100
|-damage|p1a: Kartana|88/100|[from] Stealth Rock
|turn|36
|
|t:|1658742025
|move|p1a: Kartana|Sacred Sword|p2a: Heatran
|-supereffective|p2a: Heatran
|-crit|p2a: Heatran
|-damage|p2a: Heatran|0 fnt
|faint|p2a: Heatran
|-ability|p1a: Kartana|Beast Boost|boost
|-boost|p1a: Kartana|atk|1
|-damage|p1a: Kartana|78/100|[from] item: Life Orb
|
|upkeep
|
|t:|1658742028
|switch|p2a: Zapdos|Zapdos|100/100
|-ability|p2a: Zapdos|Pressure
|turn|37
|
|t:|1658742030
|move|p1a: Kartana|Swords Dance|p1a: Kartana
|-boost|p1a: Kartana|atk|2
|move|p2a: Zapdos|Discharge|p1a: Kartana
|-resisted|p1a: Kartana
|-damage|p1a: Kartana|29/100
|
|upkeep
|turn|38
|
|t:|1658742032
|move|p1a: Kartana|Knock Off|p2a: Zapdos
|-damage|p2a: Zapdos|0 fnt
|-enditem|p2a: Zapdos|Leftovers|[from] move: Knock Off|[of] p1a: Kartana
|faint|p2a: Zapdos
|-ability|p1a: Kartana|Beast Boost|boost
|-boost|p1a: Kartana|atk|1
|-damage|p1a: Kartana|19/100|[from] item: Life Orb
|
|upkeep
|-message|eromangagaki forfeited.
|
|win|Elite4Donovan
|raw|Elite4Donovan's rating: 1645 &rarr; <strong>1669</strong><br />(+24 for winning)
|raw|eromangagaki's rating: 1723 &rarr; <strong>1699</strong><br />(-24 for losing)
|l|☆eromangagaki
||Ladder isn't responding, score probably updated but might not have (Request timeout).
