|j|☆noudle soop
|j|☆Steez Ibanez
|t:|1632866876
|gametype|singles
|player|p1|noudle soop|sailor|1801
|player|p2|Steez Ibanez|pokemonranger-gen4|1887
|teamsize|p1|6
|teamsize|p2|6
|gen|8
|tier|[Gen 8] OU
|rated|
|rule|Sleep Clause Mod: Limit one foe put to sleep
|rule|Species Clause: Limit one of each Pokémon
|rule|OHKO Clause: OHKO moves are banned
|rule|Evasion Moves Clause: Evasion moves are banned
|rule|Endless Battle Clause: Forcing endless battles is banned
|rule|HP Percentage Mod: HP is shown in percentages
|rule|Dynamax Clause: You cannot dynamax
|clearpoke
|poke|p1|Landorus-Therian, M|
|poke|p1|Alakazam, F|
|poke|p1|Tapu Lele|
|poke|p1|Tangrowth, M|
|poke|p1|Blissey, F|
|poke|p1|Heatran, M|
|poke|p2|Ferrothorn, M|
|poke|p2|Tapu Fini|
|poke|p2|Landorus-Therian, M|
|poke|p2|Regieleki|
|poke|p2|Kyurem|
|poke|p2|Heatran, M|
|teampreview
|inactive|Battle timer is ON: inactive players will automatically lose when time's up. (requested by noudle soop)
|j| BabyPigsAreLaughin
|c|☆noudle soop|yo steez
|
|t:|1632866888
|start
|switch|p1a: Heatran|Heatran, M|100/100
|switch|p2a: Baldor|Kyurem|100/100
|-ability|p2a: Baldor|Pressure
|turn|1
|j| OU make me yawn ½
|inactive|Steez Ibanez has 120 seconds left.
|
|t:|1632866932
|switch|p1a: Blissey|Blissey, F|100/100
|move|p2a: Baldor|Substitute|p2a: Baldor
|-start|p2a: Baldor|Substitute
|-damage|p2a: Baldor|76/100
|
|-heal|p2a: Baldor|82/100|[from] item: Leftovers
|upkeep
|turn|2
|
|t:|1632866938
|move|p2a: Baldor|Ice Beam|p1a: Blissey
|-damage|p1a: Blissey|80/100
|move|p1a: Blissey|Stealth Rock|p2a: Baldor
|-sidestart|p2: Steez Ibanez|move: Stealth Rock
|
|-heal|p2a: Baldor|88/100|[from] item: Leftovers
|upkeep
|turn|3
|
|t:|1632866942
|move|p2a: Baldor|Ice Beam|p1a: Blissey
|-crit|p1a: Blissey
|-damage|p1a: Blissey|52/100
|move|p1a: Blissey|Soft-Boiled|p1a: Blissey
|-heal|p1a: Blissey|100/100
|
|-heal|p2a: Baldor|94/100|[from] item: Leftovers
|upkeep
|turn|4
|
|t:|1632866944
|move|p2a: Baldor|Freeze-Dry|p1a: Blissey
|-damage|p1a: Blissey|86/100
|move|p1a: Blissey|Seismic Toss|p2a: Baldor
|-activate|p2a: Baldor|move: Substitute|[damage]
|
|-heal|p2a: Baldor|99/100|[from] item: Leftovers
|upkeep
|turn|5
|
|t:|1632866948
|move|p2a: Baldor|Freeze-Dry|p1a: Blissey
|-damage|p1a: Blissey|72/100
|move|p1a: Blissey|Soft-Boiled|p1a: Blissey
|-heal|p1a: Blissey|100/100
|
|-heal|p2a: Baldor|100/100|[from] item: Leftovers
|upkeep
|turn|6
|
|t:|1632866975
|move|p2a: Baldor|Freeze-Dry|p1a: Blissey
|-damage|p1a: Blissey|85/100
|move|p1a: Blissey|Seismic Toss|p2a: Baldor
|-end|p2a: Baldor|Substitute
|
|upkeep
|turn|7
|c|☆Steez Ibanez|Yo
|c|☆Steez Ibanez|hf bro
|j| die♥inside
|c|☆noudle soop|u2 dawg
|
|t:|1632866992
|move|p2a: Baldor|Substitute|p2a: Baldor
|-start|p2a: Baldor|Substitute
|-damage|p2a: Baldor|76/100
|move|p1a: Blissey|Teleport|p1a: Blissey
|j| gully
|
|t:|1632866998
|switch|p1a: Alakazam|Alakazam, F|100/100|[from]move: Teleport
|
|-heal|p2a: Baldor|82/100|[from] item: Leftovers
|upkeep
|turn|8
|
|t:|1632867000
|move|p1a: Alakazam|Psychic|p2a: Baldor
|-end|p2a: Baldor|Substitute
|move|p2a: Baldor|Ice Beam|p1a: Alakazam
|-damage|p1a: Alakazam|23/100
|
|-heal|p2a: Baldor|88/100|[from] item: Leftovers
|upkeep
|turn|9
|
|t:|1632867003
|switch|p2a: Simba|Landorus-Therian, M|100/100
|-damage|p2a: Simba|88/100|[from] Stealth Rock
|-ability|p2a: Simba|Intimidate|boost
|-unboost|p1a: Alakazam|atk|1
|move|p1a: Alakazam|Focus Blast|p2a: Simba
|-resisted|p2a: Simba
|-damage|p2a: Simba|53/100
|
|upkeep
|turn|10
|
|t:|1632867008
|switch|p1a: Tangrowth|Tangrowth, M|100/100
|move|p2a: Simba|Knock Off|p1a: Tangrowth
|-damage|p1a: Tangrowth|81/100
|-damage|p2a: Simba|37/100|[from] item: Rocky Helmet|[of] p1a: Tangrowth
|-enditem|p1a: Tangrowth|Rocky Helmet|[from] move: Knock Off|[of] p2a: Simba
|
|upkeep
|turn|11
|
|t:|1632867015
|switch|p2a: Abomination|Ferrothorn, M|100/100
|-damage|p2a: Abomination|95/100|[from] Stealth Rock
|switch|p1a: Heatran|Heatran, M|100/100
|
|upkeep
|turn|12
|
|t:|1632867021
|switch|p2a: Watcher|Tapu Fini|100/100
|-damage|p2a: Watcher|88/100|[from] Stealth Rock
|-fieldstart|move: Misty Terrain|[from] ability: Misty Surge|[of] p2a: Watcher
|move|p1a: Heatran|Earth Power|p2a: Watcher
|-damage|p2a: Watcher|60/100
|
|-heal|p2a: Watcher|66/100|[from] item: Leftovers
|upkeep
|turn|13
|j| pollopollopo
|
|t:|1632867048
|move|p1a: Heatran|Eruption|p2a: Watcher
|-resisted|p2a: Watcher
|-damage|p2a: Watcher|28/100
|move|p2a: Watcher|Draining Kiss|p1a: Heatran
|-resisted|p1a: Heatran
|-damage|p1a: Heatran|96/100
|-heal|p2a: Watcher|31/100|[from] drain|[of] p1a: Heatran
|
|-heal|p2a: Watcher|37/100|[from] item: Leftovers
|upkeep
|turn|14
|inactive|Steez Ibanez has 120 seconds left.
|
|t:|1632867064
|move|p1a: Heatran|Eruption|p2a: Watcher
|-resisted|p2a: Watcher
|-damage|p2a: Watcher|0 fnt
|faint|p2a: Watcher
|
|upkeep
|c| OU make me yawn ½|Woah
|
|t:|1632867068
|switch|p2a: Hephaestus|Heatran, M|100/100
|-damage|p2a: Hephaestus|88/100|[from] Stealth Rock
|turn|15
|
|t:|1632867072
|switch|p1a: Landorus|Landorus-Therian, M|100/100
|-ability|p1a: Landorus|Intimidate|boost
|-unboost|p2a: Hephaestus|atk|1
|move|p2a: Hephaestus|Earth Power|p1a: Landorus
|-immune|p1a: Landorus
|
|-heal|p2a: Hephaestus|94/100|[from] item: Leftovers
|upkeep
|turn|16
|
|t:|1632867077
|move|p1a: Landorus|Substitute|p1a: Landorus
|-start|p1a: Landorus|Substitute
|-damage|p1a: Landorus|76/100
|move|p2a: Hephaestus|Stealth Rock|p1a: Landorus
|-sidestart|p1: noudle soop|move: Stealth Rock
|
|-heal|p1a: Landorus|82/100|[from] item: Leftovers
|-heal|p2a: Hephaestus|100/100|[from] item: Leftovers
|-fieldend|Misty Terrain
|upkeep
|turn|17
|
|t:|1632867081
|switch|p2a: Abomination|Ferrothorn, M|95/100
|-damage|p2a: Abomination|89/100|[from] Stealth Rock
|move|p1a: Landorus|Bulk Up|p1a: Landorus
|-boost|p1a: Landorus|atk|1
|-boost|p1a: Landorus|def|1
|
|-heal|p1a: Landorus|88/100|[from] item: Leftovers
|upkeep
|turn|18
|
|t:|1632867085
|move|p1a: Landorus|Bulk Up|p1a: Landorus
|-boost|p1a: Landorus|atk|1
|-boost|p1a: Landorus|def|1
|move|p2a: Abomination|Gyro Ball|p1a: Landorus
|-end|p1a: Landorus|Substitute
|
|-heal|p1a: Landorus|94/100|[from] item: Leftovers
|upkeep
|turn|19
|
|t:|1632867087
|move|p1a: Landorus|Substitute|p1a: Landorus
|-start|p1a: Landorus|Substitute
|-damage|p1a: Landorus|69/100
|move|p2a: Abomination|Gyro Ball|p1a: Landorus
|-end|p1a: Landorus|Substitute
|
|-heal|p1a: Landorus|75/100|[from] item: Leftovers
|upkeep
|turn|20
|
|t:|1632867091
|move|p1a: Landorus|Substitute|p1a: Landorus
|-start|p1a: Landorus|Substitute
|-damage|p1a: Landorus|50/100
|move|p2a: Abomination|Gyro Ball|p1a: Landorus
|-activate|p1a: Landorus|move: Substitute|[damage]
|
|-heal|p1a: Landorus|56/100|[from] item: Leftovers
|upkeep
|turn|21
|
|t:|1632867093
|move|p1a: Landorus|Bulk Up|p1a: Landorus
|-boost|p1a: Landorus|atk|1
|-boost|p1a: Landorus|def|1
|move|p2a: Abomination|Gyro Ball|p1a: Landorus
|-end|p1a: Landorus|Substitute
|
|-heal|p1a: Landorus|62/100|[from] item: Leftovers
|upkeep
|turn|22
|
|t:|1632867097
|move|p1a: Landorus|Substitute|p1a: Landorus
|-start|p1a: Landorus|Substitute
|-damage|p1a: Landorus|37/100
|move|p2a: Abomination|Gyro Ball|p1a: Landorus
|-activate|p1a: Landorus|move: Substitute|[damage]
|
|-heal|p1a: Landorus|43/100|[from] item: Leftovers
|upkeep
|turn|23
|
|t:|1632867100
|move|p1a: Landorus|Bulk Up|p1a: Landorus
|-boost|p1a: Landorus|atk|1
|-boost|p1a: Landorus|def|1
|move|p2a: Abomination|Knock Off|p1a: Landorus
|-end|p1a: Landorus|Substitute
|
|-heal|p1a: Landorus|49/100|[from] item: Leftovers
|upkeep
|turn|24
|
|t:|1632867103
|move|p1a: Landorus|Substitute|p1a: Landorus
|-start|p1a: Landorus|Substitute
|-damage|p1a: Landorus|24/100
|move|p2a: Abomination|Gyro Ball|p1a: Landorus
|-activate|p1a: Landorus|move: Substitute|[damage]
|
|-heal|p1a: Landorus|30/100|[from] item: Leftovers
|upkeep
|turn|25
|
|t:|1632867106
|move|p1a: Landorus|Bulk Up|p1a: Landorus
|-boost|p1a: Landorus|atk|1
|-boost|p1a: Landorus|def|1
|move|p2a: Abomination|Knock Off|p1a: Landorus
|-activate|p1a: Landorus|move: Substitute|[damage]
|
|-heal|p1a: Landorus|36/100|[from] item: Leftovers
|upkeep
|turn|26
|
|t:|1632867109
|move|p1a: Landorus|Earthquake|p2a: Abomination
|-damage|p2a: Abomination|0 fnt
|faint|p2a: Abomination
|
|-heal|p1a: Landorus|42/100|[from] item: Leftovers
|upkeep
|
|t:|1632867111
|switch|p2a: Ethernet|Regieleki|100/100
|turn|27
|
|t:|1632867118
|move|p2a: Ethernet|Ancient Power|p1a: Landorus
|-end|p1a: Landorus|Substitute
|-boost|p2a: Ethernet|atk|1
|-boost|p2a: Ethernet|def|1
|-boost|p2a: Ethernet|spa|1
|-boost|p2a: Ethernet|spd|1
|-boost|p2a: Ethernet|spe|1
|move|p1a: Landorus|Substitute|p1a: Landorus
|-start|p1a: Landorus|Substitute
|-damage|p1a: Landorus|17/100
|
|-heal|p1a: Landorus|23/100|[from] item: Leftovers
|upkeep
|turn|28
|c|☆noudle soop|ah man
|
|t:|1632867123
|move|p2a: Ethernet|Ancient Power|p1a: Landorus
|-activate|p1a: Landorus|move: Substitute|[damage]
|move|p1a: Landorus|Earthquake|p2a: Ethernet
|-supereffective|p2a: Ethernet
|-damage|p2a: Ethernet|0 fnt
|faint|p2a: Ethernet
|
|-heal|p1a: Landorus|29/100|[from] item: Leftovers
|upkeep
|c|☆noudle soop|oh
|c|☆Steez Ibanez|Lol
|c|☆Steez Ibanez|gg
|c| OU make me yawn ½|Lol
|c|☆noudle soop|gg
|-message|Steez Ibanez forfeited.
|
|win|noudle soop
|raw|noudle soop's rating: 1801 &rarr; <strong>1827</strong><br />(+26 for winning)
|raw|Steez Ibanez's rating: 1907 &rarr; <strong>1881</strong><br />(-26 for losing)
|l|☆Steez Ibanez
|l| die♥inside
|l|☆noudle soop
|c| BabyPigsAreLaughin|Nice 6-0.
