|raw|<div class="broadcast-blue"><strong>This battle is required to be public due to a player having a name starting with 'lt92pf'.</div>
|j|☆LT92PF Lio
|j|☆rheysali
|t:|1659874234
|gametype|singles
|player|p1|LT92PF Lio|2|1976
|player|p2|rheysali|bugcatcher-gen4dp|1933
|teamsize|p1|6
|teamsize|p2|6
|gen|8
|tier|[Gen 8] OU
|rated|
|rule|Sleep Clause Mod: Limit one foe put to sleep
|rule|Species Clause: Limit one of each Pokémon
|rule|OHKO Clause: OHKO moves are banned
|rule|Evasion Items Clause: Evasion items are banned
|rule|Evasion Moves Clause: Evasion moves are banned
|rule|Endless Battle Clause: Forcing endless battles is banned
|rule|HP Percentage Mod: HP is shown in percentages
|rule|Dynamax Clause: You cannot dynamax
|clearpoke
|poke|p1|Pelipper, M|
|poke|p1|Barraskewda, F|
|poke|p1|Heatran, F|
|poke|p1|Tapu Lele|
|poke|p1|Kingdra, F|
|poke|p1|Seismitoad, M|
|poke|p2|Rillaboom, M|
|poke|p2|Dragonite, F|
|poke|p2|Weavile, M|
|poke|p2|Heatran, M|
|poke|p2|Nidoking, M|
|poke|p2|Crawdaunt, F|
|teampreview
|c|☆rheysali|hf
|j| BattleBlaziken83
|j| bfdbdfbdfbdf
|c|☆LT92PF Lio|hf
|j| fishous friend ☻
|
|t:|1659874262
|start
|switch|p1a: Pelipper|Pelipper, M|100/100
|switch|p2a: Heatran|Heatran, M|100/100
|-item|p2a: Heatran|Air Balloon
|-weather|RainDance|[from] ability: Drizzle|[of] p1a: Pelipper
|turn|1
|j| BigBullyBoy
|
|t:|1659874268
|move|p2a: Heatran|Stealth Rock|p1a: Pelipper
|-sidestart|p1: LT92PF Lio|move: Stealth Rock
|move|p1a: Pelipper|U-turn|p2a: Heatran
|-resisted|p2a: Heatran
|-damage|p2a: Heatran|99/100
|-enditem|p2a: Heatran|Air Balloon
|inactive|Battle timer is ON: inactive players will automatically lose when time's up. (requested by rheysali)
|
|t:|1659874270
|switch|p1a: Seismitoad|Seismitoad, M|100/100|[from]move: U-turn
|-damage|p1a: Seismitoad|95/100|[from] Stealth Rock
|
|-weather|RainDance|[upkeep]
|upkeep
|turn|2
|j|+mj
|inactive|rheysali has 120 seconds left.
|
|t:|1659874303
|switch|p2a: Rillaboom|Rillaboom, M|100/100
|-fieldstart|move: Grassy Terrain|[from] ability: Grassy Surge|[of] p2a: Rillaboom
|move|p1a: Seismitoad|Weather Ball|p2a: Rillaboom
|-resisted|p2a: Rillaboom
|-damage|p2a: Rillaboom|43/100
|
|-weather|RainDance|[upkeep]
|-heal|p1a: Seismitoad|100/100|[from] Grassy Terrain
|-heal|p2a: Rillaboom|50/100|[from] Grassy Terrain
|upkeep
|turn|3
|j| Riquelme14
|
|t:|1659874313
|switch|p1a: Heatran|Heatran, F|100/100
|-damage|p1a: Heatran|88/100|[from] Stealth Rock
|move|p2a: Rillaboom|Superpower|p1a: Heatran
|-supereffective|p1a: Heatran
|-damage|p1a: Heatran|0 fnt
|-unboost|p2a: Rillaboom|atk|1
|-unboost|p2a: Rillaboom|def|1
|faint|p1a: Heatran
|-damage|p2a: Rillaboom|40/100|[from] item: Life Orb
|
|-weather|RainDance|[upkeep]
|-heal|p2a: Rillaboom|46/100|[from] Grassy Terrain
|upkeep
|
|t:|1659874315
|switch|p1a: Tapu Lele|Tapu Lele|100/100
|-damage|p1a: Tapu Lele|88/100|[from] Stealth Rock
|-fieldstart|move: Psychic Terrain|[from] ability: Psychic Surge|[of] p1a: Tapu Lele
|turn|4
|
|t:|1659874333
|switch|p2a: Heatran|Heatran, M|99/100
|move|p1a: Tapu Lele|Thunder|p2a: Heatran
|-damage|p2a: Heatran|45/100
|
|-weather|RainDance|[upkeep]
|upkeep
|turn|5
|j| K6zjzzui
|j| lt92pf mind
|j| LT92PF Aniruddh
|j| zhuaba
|
|t:|1659874357
|switch|p1a: Kingdra|Kingdra, F|100/100
|-damage|p1a: Kingdra|88/100|[from] Stealth Rock
|move|p2a: Heatran|Toxic|p1a: Kingdra
|-status|p1a: Kingdra|tox
|
|-weather|RainDance|[upkeep]
|-damage|p1a: Kingdra|82/100 tox|[from] psn
|upkeep
|turn|6
|j| sendpais
|j| eating stone
|inactive|LT92PF Lio has 120 seconds left.
|inactive|rheysali has 120 seconds left.
|j| vo1kner
|
|t:|1659874395
|switch|p2a: Weavile|Weavile, M|100/100
|-ability|p2a: Weavile|Pressure
|move|p1a: Kingdra|Flip Turn|p2a: Weavile
|-damage|p2a: Weavile|56/100
|j| LT92PF Ayk
|
|t:|1659874407
|switch|p1a: Barraskewda|Barraskewda, F|100/100|[from]move: Flip Turn
|-damage|p1a: Barraskewda|88/100|[from] Stealth Rock
|
|-weather|RainDance|[upkeep]
|upkeep
|turn|7
|
|t:|1659874414
|move|p1a: Barraskewda|Flip Turn|p2a: Weavile
|-crit|p2a: Weavile
|-damage|p2a: Weavile|0 fnt
|faint|p2a: Weavile
|j| LT92PF Sunny
|inactive|LT92PF Lio has 90 seconds left.
|
|t:|1659874449
|switch|p1a: Seismitoad|Seismitoad, M|100/100|[from]move: Flip Turn
|-damage|p1a: Seismitoad|95/100|[from] Stealth Rock
|
|-weather|RainDance|[upkeep]
|upkeep
|
|t:|1659874453
|switch|p2a: Rillaboom|Rillaboom, M|46/100
|-fieldstart|move: Grassy Terrain|[from] ability: Grassy Surge|[of] p2a: Rillaboom
|turn|8
|inactive|LT92PF Lio has 90 seconds left.
|
|t:|1659874474
|switch|p1a: Kingdra|Kingdra, F|82/100 tox
|-damage|p1a: Kingdra|70/100 tox|[from] Stealth Rock
|move|p2a: Rillaboom|Grassy Glide|p1a: Kingdra
|-damage|p1a: Kingdra|0 fnt
|faint|p1a: Kingdra
|-damage|p2a: Rillaboom|36/100|[from] item: Life Orb
|
|-weather|none
|-heal|p2a: Rillaboom|42/100|[from] Grassy Terrain
|upkeep
|
|t:|1659874476
|switch|p1a: Tapu Lele|Tapu Lele|88/100
|-damage|p1a: Tapu Lele|76/100|[from] Stealth Rock
|-fieldstart|move: Psychic Terrain|[from] ability: Psychic Surge|[of] p1a: Tapu Lele
|turn|9
|l|+mj
|
|t:|1659874491
|switch|p1a: Pelipper|Pelipper, M|100/100
|-damage|p1a: Pelipper|76/100|[from] Stealth Rock
|-weather|RainDance|[from] ability: Drizzle|[of] p1a: Pelipper
|switch|p2a: Nidoking|Nidoking, M|100/100
|
|-weather|RainDance|[upkeep]
|upkeep
|turn|10
|inactive|LT92PF Lio has 90 seconds left.
|
|t:|1659874502
|switch|p1a: Seismitoad|Seismitoad, M|95/100
|-damage|p1a: Seismitoad|89/100|[from] Stealth Rock
|move|p2a: Nidoking|Sludge Wave|p1a: Seismitoad
|-resisted|p1a: Seismitoad
|-damage|p1a: Seismitoad|50/100
|
|-weather|RainDance|[upkeep]
|upkeep
|turn|11
|
|t:|1659874506
|move|p1a: Seismitoad|Weather Ball|p2a: Nidoking
|-supereffective|p2a: Nidoking
|-damage|p2a: Nidoking|0 fnt
|faint|p2a: Nidoking
|
|-weather|RainDance|[upkeep]
|upkeep
|
|t:|1659874510
|switch|p2a: Rillaboom|Rillaboom, M|42/100
|-fieldstart|move: Grassy Terrain|[from] ability: Grassy Surge|[of] p2a: Rillaboom
|turn|12
|j| Beauty Danger
|j| chokst du
|j| LT92PF croo
|inactive|LT92PF Lio has 90 seconds left.
|l| LT92PF croo
|
|t:|1659874542
|switch|p1a: Pelipper|Pelipper, M|76/100
|-damage|p1a: Pelipper|51/100|[from] Stealth Rock
|move|p2a: Rillaboom|Grassy Glide|p1a: Pelipper
|-damage|p1a: Pelipper|3/100
|-damage|p2a: Rillaboom|32/100|[from] item: Life Orb
|
|-weather|RainDance|[upkeep]
|-heal|p2a: Rillaboom|38/100|[from] Grassy Terrain
|upkeep
|turn|13
|
|t:|1659874554
|move|p2a: Rillaboom|Grassy Glide|p1a: Pelipper
|-damage|p1a: Pelipper|0 fnt
|faint|p1a: Pelipper
|-damage|p2a: Rillaboom|29/100|[from] item: Life Orb
|
|-weather|RainDance|[upkeep]
|-heal|p2a: Rillaboom|35/100|[from] Grassy Terrain
|upkeep
|
|t:|1659874555
|switch|p1a: Tapu Lele|Tapu Lele|76/100
|-damage|p1a: Tapu Lele|63/100|[from] Stealth Rock
|-fieldstart|move: Psychic Terrain|[from] ability: Psychic Surge|[of] p1a: Tapu Lele
|turn|14
|inactive|LT92PF Lio has 90 seconds left.
|j| VAE520
|
|t:|1659874565
|switch|p2a: Heatran|Heatran, M|45/100
|move|p1a: Tapu Lele|Thunder|p2a: Heatran
|-damage|p2a: Heatran|0 fnt
|faint|p2a: Heatran
|
|-weather|RainDance|[upkeep]
|upkeep
|
|t:|1659874569
|switch|p2a: Rillaboom|Rillaboom, M|35/100
|-fieldstart|move: Grassy Terrain|[from] ability: Grassy Surge|[of] p2a: Rillaboom
|turn|15
|j| 1Pyramid King
|-message|LT92PF Lio forfeited.
|
|win|rheysali
|raw|LT92PF Lio's rating: 1976 &rarr; <strong>1954</strong><br />(-22 for losing)
|raw|rheysali's rating: 1933 &rarr; <strong>1955</strong><br />(+22 for winning)
|l|☆LT92PF Lio
|l| bfdbdfbdfbdf
|l| zhuaba
|c|☆rheysali|gg
|l| Beauty Danger
|l| BattleBlaziken83
|l| eating stone
|l| LT92PF Sunny
|l|☆rheysali
|l| sendpais
|l| BigBullyBoy
|l| vo1kner
|l| fishous friend ☻
|j| LT92PF Raizen
