|j|☆mcswaggort
|j|☆grasssoul
|t:|1667658836
|gametype|singles
|player|p1|mcswaggort|benga|1532
|player|p2|grasssoul|169|1594
|teamsize|p1|6
|teamsize|p2|6
|gen|8
|tier|[Gen 8] OU
|rated|
|rule|Sleep Clause Mod: Limit one foe put to sleep
|rule|Species Clause: Limit one of each Pokémon
|rule|OHKO Clause: OHKO moves are banned
|rule|Evasion Items Clause: Evasion items are banned
|rule|Evasion Moves Clause: Evasion moves are banned
|rule|Endless Battle Clause: Forcing endless battles is banned
|rule|HP Percentage Mod: HP is shown in percentages
|rule|Dynamax Clause: You cannot dynamax
|clearpoke
|poke|p1|Froslass, F|
|poke|p1|Bisharp, M|
|poke|p1|Moltres-Galar|
|poke|p1|Polteageist-Antique|
|poke|p1|Lucario, M|
|poke|p1|Rillaboom, M|
|poke|p2|Heatran, M|
|poke|p2|Slowking-Galar, M|
|poke|p2|Tapu Lele|
|poke|p2|Landorus-Therian, M|
|poke|p2|Dragapult, M|
|poke|p2|Zapdos|
|teampreview
|
|t:|1667658855
|start
|switch|p1a: Froslass|Froslass, F|100/100
|switch|p2a: Heatran|Heatran, M|100/100
|turn|1
|inactive|Battle timer is ON: inactive players will automatically lose when time's up. (requested by grasssoul)
|
|t:|1667658864
|move|p1a: Froslass|Spikes|p2a: Heatran
|-sidestart|p2: grasssoul|Spikes
|move|p2a: Heatran|Magma Storm|p1a: Froslass
|-supereffective|p1a: Froslass
|-enditem|p1a: Froslass|Focus Sash
|-damage|p1a: Froslass|1/100
|-activate|p1a: Froslass|move: Magma Storm|[of] p2a: Heatran
|
|-damage|p1a: Froslass|0 fnt|[from] move: Magma Storm|[partiallytrapped]
|faint|p1a: Froslass
|upkeep
|
|t:|1667658877
|switch|p1a: Moltres|Moltres-Galar|100/100
|turn|2
|
|t:|1667658889
|move|p1a: Moltres|Nasty Plot|p1a: Moltres
|-boost|p1a: Moltres|spa|2
|move|p2a: Heatran|Magma Storm|p1a: Moltres|[miss]
|-miss|p2a: Heatran|p1a: Moltres
|
|upkeep
|turn|3
|
|t:|1667658894
|move|p1a: Moltres|Agility|p1a: Moltres
|-boost|p1a: Moltres|spe|2
|move|p2a: Heatran|Magma Storm|p1a: Moltres
|-damage|p1a: Moltres|68/100
|-activate|p1a: Moltres|move: Magma Storm|[of] p2a: Heatran
|
|-damage|p1a: Moltres|56/100|[from] move: Magma Storm|[partiallytrapped]
|upkeep
|turn|4
|
|t:|1667658900
|move|p1a: Moltres|Fiery Wrath|p2a: Heatran
|-damage|p2a: Heatran|56/100
|move|p2a: Heatran|Toxic|p1a: Moltres
|-status|p1a: Moltres|tox
|
|-heal|p2a: Heatran|62/100|[from] item: Leftovers
|-damage|p1a: Moltres|50/100 tox|[from] psn
|-damage|p1a: Moltres|37/100 tox|[from] move: Magma Storm|[partiallytrapped]
|upkeep
|turn|5
|
|t:|1667658908
|move|p2a: Heatran|Protect|p2a: Heatran
|-singleturn|p2a: Heatran|Protect
|move|p1a: Moltres|Fiery Wrath|p2a: Heatran
|-activate|p2a: Heatran|move: Protect
|
|-heal|p2a: Heatran|68/100|[from] item: Leftovers
|-damage|p1a: Moltres|25/100 tox|[from] psn
|-damage|p1a: Moltres|13/100 tox|[from] move: Magma Storm|[partiallytrapped]
|upkeep
|turn|6
|
|t:|1667658913
|move|p2a: Heatran|Protect||[still]
|-fail|p2a: Heatran
|move|p1a: Moltres|Fiery Wrath|p2a: Heatran
|-damage|p2a: Heatran|19/100
|
|-heal|p2a: Heatran|25/100|[from] item: Leftovers
|-damage|p1a: Moltres|0 fnt|[from] psn
|faint|p1a: Moltres
|upkeep
|
|t:|1667658924
|switch|p1a: Bisharp|Bisharp, M|100/100
|turn|7
|
|t:|1667658933
|move|p1a: Bisharp|Sucker Punch|p2a: Heatran
|-damage|p2a: Heatran|0 fnt
|faint|p2a: Heatran
|
|upkeep
|
|t:|1667658937
|switch|p2a: Zapdos|Zapdos|100/100
|turn|8
|
|t:|1667658941
|move|p2a: Zapdos|Heat Wave|p1a: Bisharp
|-supereffective|p1a: Bisharp
|-damage|p1a: Bisharp|27/100
|move|p1a: Bisharp|Swords Dance|p1a: Bisharp
|-boost|p1a: Bisharp|atk|2
|
|upkeep
|turn|9
|
|t:|1667658947
|move|p1a: Bisharp|Sucker Punch|p2a: Zapdos
|-damage|p2a: Zapdos|38/100
|-status|p1a: Bisharp|par|[from] ability: Static|[of] p2a: Zapdos
|move|p2a: Zapdos|Heat Wave|p1a: Bisharp
|-supereffective|p1a: Bisharp
|-damage|p1a: Bisharp|0 fnt
|faint|p1a: Bisharp
|
|upkeep
|
|t:|1667658957
|switch|p1a: Polteageist|Polteageist-Antique|100/100
|turn|10
|
|t:|1667658961
|move|p1a: Polteageist|Shell Smash|p1a: Polteageist
|-unboost|p1a: Polteageist|def|1
|-unboost|p1a: Polteageist|spd|1
|-boost|p1a: Polteageist|atk|2
|-boost|p1a: Polteageist|spa|2
|-boost|p1a: Polteageist|spe|2
|move|p2a: Zapdos|Volt Switch|p1a: Polteageist
|-damage|p1a: Polteageist|51/100
|
|t:|1667658972
|switch|p2a: Dragapult|Dragapult, M|100/100|[from]move: Volt Switch
|-damage|p2a: Dragapult|88/100|[from] Spikes
|
|upkeep
|turn|11
|
|t:|1667658974
|move|p2a: Dragapult|Sucker Punch|p1a: Polteageist
|-supereffective|p1a: Polteageist
|-damage|p1a: Polteageist|0 fnt
|faint|p1a: Polteageist
|
|upkeep
|
|t:|1667658990
|switch|p1a: Rillaboom|Rillaboom, M|100/100
|-fieldstart|move: Grassy Terrain|[from] ability: Grassy Surge|[of] p1a: Rillaboom
|-enditem|p1a: Rillaboom|Grassy Seed
|-boost|p1a: Rillaboom|def|1|[from] item: Grassy Seed
|turn|12
|
|t:|1667658996
|switch|p2a: Landorus|Landorus-Therian, M|100/100
|-ability|p2a: Landorus|Intimidate|boost
|-unboost|p1a: Rillaboom|atk|1
|move|p1a: Rillaboom|Swords Dance|p1a: Rillaboom
|-boost|p1a: Rillaboom|atk|2
|
|upkeep
|turn|13
|
|t:|1667659002
|move|p1a: Rillaboom|Swords Dance|p1a: Rillaboom
|-boost|p1a: Rillaboom|atk|2
|move|p2a: Landorus|U-turn|p1a: Rillaboom
|-supereffective|p1a: Rillaboom
|-damage|p1a: Rillaboom|66/100
|
|t:|1667659007
|switch|p2a: Tapu Lele|Tapu Lele|100/100|[from]move: U-turn
|-damage|p2a: Tapu Lele|88/100|[from] Spikes
|-fieldstart|move: Psychic Terrain|[from] ability: Psychic Surge|[of] p2a: Tapu Lele
|
|upkeep
|turn|14
|
|t:|1667659011
|move|p2a: Tapu Lele|Psychic|p1a: Rillaboom
|-damage|p1a: Rillaboom|0 fnt
|faint|p1a: Rillaboom
|
|upkeep
|
|t:|1667659012
|switch|p1a: Lucario|Lucario, M|100/100
|turn|15
|
|t:|1667659014
|move|p2a: Tapu Lele|Psychic|p1a: Lucario
|-damage|p1a: Lucario|2/100
|move|p1a: Lucario|Nasty Plot|p1a: Lucario
|-boost|p1a: Lucario|spa|2
|
|upkeep
|turn|16
|
|t:|1667659017
|move|p2a: Tapu Lele|Psychic|p1a: Lucario
|-damage|p1a: Lucario|0 fnt
|faint|p1a: Lucario
|
|win|grasssoul
|raw|mcswaggort's rating: 1532 &rarr; <strong>1516</strong><br />(-16 for losing)
|raw|grasssoul's rating: 1594 &rarr; <strong>1610</strong><br />(+16 for winning)
|l|☆mcswaggort
||Ladder isn't responding, score probably updated but might not have (Request timeout).
