|html|<div class="broadcast-blue"><strong>[Gen 8] OU is currently suspecting Melmetal! For information on how to participate check out the <a href="https://www.smogon.com/forums/threads/np-ss-ou-suspect-process-round-12-monster-mash.3709234/">suspect thread</a>.</strong></div>
|j|☆minimax_ai
|j|☆gotsnsd
|t:|1666256615
|gametype|singles
|player|p1|minimax_ai|lusamine-nihilego|1539
|player|p2|gotsnsd|beauty-gen2jp|1581
|teamsize|p1|6
|teamsize|p2|6
|gen|8
|tier|[Gen 8] OU
|rated|
|rule|Sleep Clause Mod: Limit one foe put to sleep
|rule|Species Clause: Limit one of each Pokémon
|rule|OHKO Clause: OHKO moves are banned
|rule|Evasion Items Clause: Evasion items are banned
|rule|Evasion Moves Clause: Evasion moves are banned
|rule|Endless Battle Clause: Forcing endless battles is banned
|rule|HP Percentage Mod: HP is shown in percentages
|rule|Dynamax Clause: You cannot dynamax
|clearpoke
|poke|p1|Rotom-Wash|
|poke|p1|Weavile, F|
|poke|p1|Landorus-Therian, M|
|poke|p1|Heatran, M|
|poke|p1|Tangrowth, F|
|poke|p1|Melmetal|
|poke|p2|Tornadus-Therian, M|
|poke|p2|Ferrothorn, F|
|poke|p2|Nidoking, M|
|poke|p2|Heatran, F|
|poke|p2|Urshifu-*, F|
|poke|p2|Dragapult, F|
|teampreview
|c|☆minimax_ai|hf
|inactive|Battle timer is ON: inactive players will automatically lose when time's up. (requested by minimax_ai)
|
|t:|1666256637
|start
|switch|p1a: landorustherian|Landorus-Therian, M|100/100
|switch|p2a: Dragapult|Dragapult, F|100/100
|-ability|p1a: landorustherian|Intimidate|boost
|-fail|p2a: Dragapult|unboost|[from] ability: Clear Body|[of] p2a: Dragapult
|turn|1
|
|t:|1666256641
|move|p2a: Dragapult|U-turn|p1a: landorustherian
|-resisted|p1a: landorustherian
|-damage|p1a: landorustherian|83/100
|
|t:|1666256645
|switch|p2a: Ferrothorn|Ferrothorn, F|100/100|[from]move: U-turn
|move|p1a: landorustherian|Earthquake|p2a: Ferrothorn
|-damage|p2a: Ferrothorn|74/100
|
|-heal|p1a: landorustherian|89/100|[from] item: Leftovers
|upkeep
|turn|2
|
|t:|1666256648
|move|p1a: landorustherian|Earthquake|p2a: Ferrothorn
|-damage|p2a: Ferrothorn|44/100
|move|p2a: Ferrothorn|Stealth Rock|p1a: landorustherian
|-sidestart|p1: minimax_ai|move: Stealth Rock
|
|-heal|p1a: landorustherian|95/100|[from] item: Leftovers
|upkeep
|turn|3
|
|t:|1666256651
|switch|p2a: Tornadus|Tornadus-Therian, M|100/100
|move|p1a: landorustherian|Defog|p2a: Tornadus
|-unboost|p2a: Tornadus|evasion|1
|-sideend|p1: minimax_ai|Stealth Rock|[from] move: Defog|[of] p1a: landorustherian
|
|-heal|p1a: landorustherian|100/100|[from] item: Leftovers
|upkeep
|turn|4
|
|t:|1666256653
|move|p2a: Tornadus|Knock Off|p1a: landorustherian
|-damage|p1a: landorustherian|82/100
|-enditem|p1a: landorustherian|Leftovers|[from] move: Knock Off|[of] p2a: Tornadus
|move|p1a: landorustherian|U-turn|p2a: Tornadus
|-resisted|p2a: Tornadus
|-crit|p2a: Tornadus
|-damage|p2a: Tornadus|81/100
|
|t:|1666256654
|switch|p1a: Heatran|Heatran, M|100/100|[from]move: U-turn
|-item|p1a: Heatran|Air Balloon
|
|upkeep
|turn|5
|
|t:|1666256665
|switch|p2a: Dragapult|Dragapult, F|100/100
|move|p1a: Heatran|Stealth Rock|p2a: Dragapult
|-sidestart|p2: gotsnsd|move: Stealth Rock
|
|upkeep
|turn|6
|
|t:|1666256667
|move|p2a: Dragapult|U-turn|p1a: Heatran
|-resisted|p1a: Heatran
|-damage|p1a: Heatran|92/100
|-enditem|p1a: Heatran|Air Balloon
|
|t:|1666256671
|switch|p2a: Urshifu|Urshifu-Rapid-Strike, F|100/100|[from]move: U-turn
|-damage|p2a: Urshifu|94/100|[from] Stealth Rock
|move|p1a: Heatran|Magma Storm|p2a: Urshifu
|-resisted|p2a: Urshifu
|-damage|p2a: Urshifu|54/100
|-activate|p2a: Urshifu|move: Magma Storm|[of] p1a: Heatran
|
|-damage|p2a: Urshifu|42/100|[from] move: Magma Storm|[partiallytrapped]
|upkeep
|turn|7
|
|t:|1666256674
|switch|p1a: Tangrowth|Tangrowth, F|100/100
|move|p2a: Urshifu|U-turn|p1a: Tangrowth
|-supereffective|p1a: Tangrowth
|-damage|p1a: Tangrowth|76/100
|
|t:|1666256678
|switch|p2a: Nidoking|Nidoking, M|100/100|[from]move: U-turn
|-damage|p2a: Nidoking|95/100|[from] Stealth Rock
|
|upkeep
|turn|8
|
|t:|1666256680
|switch|p1a: Melmetal|Melmetal|100/100
|move|p2a: Nidoking|Sludge Wave|p1a: Melmetal
|-immune|p1a: Melmetal
|
|upkeep
|turn|9
|
|t:|1666256685
|switch|p2a: Ferrothorn|Ferrothorn, F|44/100
|-damage|p2a: Ferrothorn|38/100|[from] Stealth Rock
|move|p1a: Melmetal|Double Iron Bash|p2a: Ferrothorn
|-resisted|p2a: Ferrothorn
|-damage|p2a: Ferrothorn|26/100
|-damage|p1a: Melmetal|88/100|[from] ability: Iron Barbs|[of] p2a: Ferrothorn
|-damage|p1a: Melmetal|71/100|[from] item: Rocky Helmet|[of] p2a: Ferrothorn
|-resisted|p2a: Ferrothorn
|-damage|p2a: Ferrothorn|13/100
|-damage|p1a: Melmetal|59/100|[from] ability: Iron Barbs|[of] p2a: Ferrothorn
|-damage|p1a: Melmetal|42/100|[from] item: Rocky Helmet|[of] p2a: Ferrothorn
|-hitcount|p2a: Ferrothorn|2
|
|upkeep
|turn|10
|
|t:|1666256687
|move|p1a: Melmetal|Double Iron Bash|p2a: Ferrothorn
|-resisted|p2a: Ferrothorn
|-damage|p2a: Ferrothorn|0 fnt
|-damage|p1a: Melmetal|30/100|[from] ability: Iron Barbs|[of] p2a: Ferrothorn
|-damage|p1a: Melmetal|13/100|[from] item: Rocky Helmet|[of] p2a: Ferrothorn
|faint|p2a: Ferrothorn
|-hitcount|p2: Ferrothorn|1
|
|upkeep
|
|t:|1666256694
|switch|p2a: Urshifu|Urshifu-Rapid-Strike, F|42/100
|-damage|p2a: Urshifu|36/100|[from] Stealth Rock
|turn|11
|
|t:|1666256697
|switch|p1a: Tangrowth|Tangrowth, F|100/100
|move|p2a: Urshifu|U-turn|p1a: Tangrowth
|-supereffective|p1a: Tangrowth
|-damage|p1a: Tangrowth|77/100
|
|t:|1666256699
|switch|p2a: Nidoking|Nidoking, M|95/100|[from]move: U-turn
|-damage|p2a: Nidoking|89/100|[from] Stealth Rock
|
|upkeep
|turn|12
|
|t:|1666256701
|switch|p1a: Melmetal|Melmetal|13/100
|move|p2a: Nidoking|Sludge Wave|p1a: Melmetal
|-immune|p1a: Melmetal
|
|upkeep
|turn|13
|
|t:|1666256704
|move|p2a: Nidoking|Flamethrower|p1a: Melmetal
|-supereffective|p1a: Melmetal
|-damage|p1a: Melmetal|0 fnt
|faint|p1a: Melmetal
|
|upkeep
|
|t:|1666256704
|switch|p1a: Weavile|Weavile, F|100/100
|-ability|p1a: Weavile|Pressure
|turn|14
|
|t:|1666256712
|switch|p2a: Heatran|Heatran, F|100/100
|-damage|p2a: Heatran|88/100|[from] Stealth Rock
|move|p1a: Weavile|Knock Off|p2a: Heatran
|-damage|p2a: Heatran|27/100
|-enditem|p2a: Heatran|Leftovers|[from] move: Knock Off|[of] p1a: Weavile
|
|upkeep
|turn|15
|
|t:|1666256715
|move|p2a: Heatran|Protect|p2a: Heatran
|-singleturn|p2a: Heatran|Protect
|move|p1a: Weavile|Knock Off|p2a: Heatran
|-activate|p2a: Heatran|move: Protect
|
|upkeep
|turn|16
|
|t:|1666256717
|move|p1a: Weavile|Knock Off|p2a: Heatran
|-damage|p2a: Heatran|0 fnt
|faint|p2a: Heatran
|
|upkeep
|
|t:|1666256719
|switch|p2a: Dragapult|Dragapult, F|100/100
|-damage|p2a: Dragapult|88/100|[from] Stealth Rock
|turn|17
|
|t:|1666256724
|switch|p1a: Tangrowth|Tangrowth, F|100/100
|move|p2a: Dragapult|Dragon Darts|p1a: Tangrowth
|-damage|p1a: Tangrowth|81/100
|-anim|p2a: Dragapult|Dragon Darts|p1a: Tangrowth
|-damage|p1a: Tangrowth|61/100
|
|upkeep
|turn|18
|
|t:|1666256729
|switch|p2a: Tornadus|Tornadus-Therian, M|100/100
|move|p1a: Tangrowth|Knock Off|p2a: Tornadus
|-damage|p2a: Tornadus|73/100
|-enditem|p2a: Tornadus|Heavy-Duty Boots|[from] move: Knock Off|[of] p1a: Tangrowth
|
|upkeep
|turn|19
|
|t:|1666256732
|switch|p1a: Weavile|Weavile, F|100/100
|-ability|p1a: Weavile|Pressure
|move|p2a: Tornadus|Defog|p1a: Weavile
|-unboost|p1a: Weavile|evasion|1
|-sideend|p2: gotsnsd|Stealth Rock|[from] move: Defog|[of] p2a: Tornadus
|
|upkeep
|turn|20
|
|t:|1666256735
|move|p1a: Weavile|Triple Axel|p2a: Tornadus|[miss]
|-miss|p1a: Weavile|p2a: Tornadus
|move|p2a: Tornadus|Hurricane|p1a: Weavile
|-damage|p1a: Weavile|41/100
|
|upkeep
|turn|21
|
|t:|1666256744
|move|p1a: Weavile|Triple Axel|p2a: Tornadus
|-supereffective|p2a: Tornadus
|-damage|p2a: Tornadus|38/100
|-supereffective|p2a: Tornadus
|-damage|p2a: Tornadus|0 fnt
|faint|p2a: Tornadus
|-hitcount|p2: Tornadus|2
|
|upkeep
|
|t:|1666256748
|switch|p2a: Urshifu|Urshifu-Rapid-Strike, F|36/100
|turn|22
|
|t:|1666256751
|switch|p1a: Tangrowth|Tangrowth, F|94/100
|move|p2a: Urshifu|U-turn|p1a: Tangrowth
|-supereffective|p1a: Tangrowth
|-damage|p1a: Tangrowth|67/100
|
|t:|1666256753
|switch|p2a: Nidoking|Nidoking, M|89/100|[from]move: U-turn
|
|upkeep
|turn|23
|
|t:|1666256756
|switch|p1a: Weavile|Weavile, F|41/100
|-ability|p1a: Weavile|Pressure
|move|p2a: Nidoking|Sludge Wave|p1a: Weavile
|-damage|p1a: Weavile|0 fnt
|faint|p1a: Weavile
|
|upkeep
|
|t:|1666256756
|switch|p1a: rotomwash|Rotom-Wash|100/100
|turn|24
|
|t:|1666256758
|move|p1a: rotomwash|Hydro Pump|p2a: Nidoking
|-supereffective|p2a: Nidoking
|-damage|p2a: Nidoking|0 fnt
|faint|p2a: Nidoking
|
|upkeep
|
|t:|1666256761
|switch|p2a: Dragapult|Dragapult, F|88/100
|turn|25
|
|t:|1666256762
|switch|p1a: Tangrowth|Tangrowth, F|100/100
|move|p2a: Dragapult|Dragon Darts|p1a: Tangrowth
|-damage|p1a: Tangrowth|79/100
|-anim|p2a: Dragapult|Dragon Darts|p1a: Tangrowth
|-damage|p1a: Tangrowth|62/100
|
|upkeep
|turn|26
|
|t:|1666256765
|move|p2a: Dragapult|Dragon Darts|p1a: Tangrowth
|-damage|p1a: Tangrowth|41/100
|-anim|p2a: Dragapult|Dragon Darts|p1a: Tangrowth
|-damage|p1a: Tangrowth|22/100
|move|p1a: Tangrowth|Knock Off|p2a: Dragapult
|-supereffective|p2a: Dragapult
|-damage|p2a: Dragapult|28/100
|-enditem|p2a: Dragapult|Choice Band|[from] move: Knock Off|[of] p1a: Tangrowth
|
|upkeep
|turn|27
|
|t:|1666256768
|switch|p1a: landorustherian|Landorus-Therian, M|82/100
|-ability|p1a: landorustherian|Intimidate|boost
|-fail|p2a: Dragapult|unboost|[from] ability: Clear Body|[of] p2a: Dragapult
|move|p2a: Dragapult|Dragon Darts|p1a: landorustherian
|-damage|p1a: landorustherian|56/100
|-anim|p2a: Dragapult|Dragon Darts|p1a: landorustherian
|-damage|p1a: landorustherian|31/100
|
|upkeep
|turn|28
|
|t:|1666256772
|switch|p1a: Tangrowth|Tangrowth, F|55/100
|move|p2a: Dragapult|Dragon Darts|p1a: Tangrowth
|-damage|p1a: Tangrowth|42/100
|-anim|p2a: Dragapult|Dragon Darts|p1a: Tangrowth
|-damage|p1a: Tangrowth|28/100
|
|upkeep
|turn|29
|
|t:|1666256774
|switch|p1a: Heatran|Heatran, M|92/100
|move|p2a: Dragapult|Dragon Darts|p1a: Heatran
|-resisted|p1a: Heatran
|-damage|p1a: Heatran|80/100
|-anim|p2a: Dragapult|Dragon Darts|p1a: Heatran
|-resisted|p1a: Heatran
|-damage|p1a: Heatran|69/100
|
|upkeep
|turn|30
|
|t:|1666256785
|move|p2a: Dragapult|Phantom Force||[still]
|-prepare|p2a: Dragapult|Phantom Force
|move|p1a: Heatran|Earth Power|p2a: Dragapult|[miss]
|-miss|p1a: Heatran|p2a: Dragapult
|
|upkeep
|turn|31
|
|t:|1666256787
|move|p2a: Dragapult|Phantom Force|p1a: Heatran|[from]lockedmove
|-damage|p1a: Heatran|25/100
|move|p1a: Heatran|Earth Power|p2a: Dragapult
|-damage|p2a: Dragapult|0 fnt
|faint|p2a: Dragapult
|
|upkeep
|
|t:|1666256790
|switch|p2a: Urshifu|Urshifu-Rapid-Strike, F|36/100
|turn|32
|
|t:|1666256793
|switch|p1a: Tangrowth|Tangrowth, F|61/100
|move|p2a: Urshifu|Surging Strikes|p1a: Tangrowth
|-resisted|p1a: Tangrowth
|-crit|p1a: Tangrowth
|-damage|p1a: Tangrowth|55/100
|-resisted|p1a: Tangrowth
|-crit|p1a: Tangrowth
|-damage|p1a: Tangrowth|50/100
|-resisted|p1a: Tangrowth
|-crit|p1a: Tangrowth
|-damage|p1a: Tangrowth|44/100
|-hitcount|p1a: Tangrowth|3
|
|upkeep
|turn|33
|
|t:|1666256796
|move|p2a: Urshifu|U-turn|p1a: Tangrowth
|-supereffective|p1a: Tangrowth
|-damage|p1a: Tangrowth|19/100
|move|p1a: Tangrowth|Giga Drain|p2a: Urshifu
|-supereffective|p2a: Urshifu
|-damage|p2a: Urshifu|0 fnt
|-heal|p1a: Tangrowth|34/100|[from] drain|[of] p2a: Urshifu
|faint|p2a: Urshifu
|
|win|minimax_ai
|raw|minimax_ai's rating: 1539 &rarr; <strong>1561</strong><br />(+22 for winning)
|raw|gotsnsd's rating: 1581 &rarr; <strong>1559</strong><br />(-22 for losing)
|c|☆minimax_ai|gg
