|j|☆ArcanineSquad
|j|☆Snizzerchoops
|t:|1605949548
|player|p1|ArcanineSquad|cynthia-gen4|1452
|player|p2|Snizzerchoops|2|1402
|teamsize|p1|6
|teamsize|p2|6
|gametype|singles
|gen|8
|tier|[Gen 8] OU
|rated|
|clearpoke
|poke|p1|Toxapex, M|
|poke|p1|Zapdos|
|poke|p1|Tornadus-Therian, M|
|poke|p1|Tyranitar, F|
|poke|p1|Excadrill, F|
|poke|p1|Tapu Fini|
|poke|p2|Chansey, F|
|poke|p2|Landorus-Therian, M|
|poke|p2|Ferrothorn, M|
|poke|p2|Pheromosa|
|poke|p2|Tapu Koko|
|poke|p2|Volcarona, M|
|rule|Sleep Clause Mod: Limit one foe put to sleep
|rule|Species Clause: Limit one of each Pokémon
|rule|OHKO Clause: OHKO moves are banned
|rule|Evasion Moves Clause: Evasion moves are banned
|rule|Endless Battle Clause: Forcing endless battles is banned
|rule|HP Percentage Mod: HP is shown in percentages
|rule|Dynamax Clause: You cannot dynamax
|teampreview
|inactive|Battle timer is ON: inactive players will automatically lose when time's up. (requested by ArcanineSquad)
|
|t:|1605949560
|start
|switch|p1a: Tornadus|Tornadus-Therian, M, shiny|100/100
|switch|p2a: Landorus|Landorus-Therian, M|100/100
|-ability|p2a: Landorus|Intimidate|boost
|-unboost|p1a: Tornadus|atk|1
|turn|1
|
|t:|1605949567
|move|p2a: Landorus|Stone Edge|p1a: Tornadus
|-supereffective|p1a: Tornadus
|-damage|p1a: Tornadus|0 fnt
|faint|p1a: Tornadus
|
|upkeep
|
|t:|1605949571
|switch|p1a: Excadrill|Excadrill, F, shiny|100/100
|turn|2
|
|t:|1605949575
|switch|p2a: Ferrothorn|Ferrothorn, M|100/100
|move|p1a: Excadrill|Swords Dance|p1a: Excadrill
|-boost|p1a: Excadrill|atk|2
|
|upkeep
|turn|3
|
|t:|1605949585
|switch|p2a: Landorus|Landorus-Therian, M|100/100
|-ability|p2a: Landorus|Intimidate|boost
|-unboost|p1a: Excadrill|atk|1
|move|p1a: Excadrill|Earthquake|p2a: Landorus
|-immune|p2a: Landorus
|
|upkeep
|turn|4
|
|t:|1605949591
|switch|p1a: Zapdos|Zapdos, shiny|100/100
|move|p2a: Landorus|Stone Edge|p1a: Zapdos
|-supereffective|p1a: Zapdos
|-damage|p1a: Zapdos|49/100
|
|upkeep
|turn|5
|
|t:|1605949601
|switch|p2a: Tapu Koko|Tapu Koko|100/100
|-fieldstart|move: Electric Terrain|[from] ability: Electric Surge|[of] p2a: Tapu Koko
|move|p1a: Zapdos|Roost|p1a: Zapdos
|-heal|p1a: Zapdos|99/100
|-singleturn|p1a: Zapdos|move: Roost
|
|upkeep
|turn|6
|
|t:|1605949611
|switch|p1a: Excadrill|Excadrill, F, shiny|100/100
|move|p2a: Tapu Koko|Grass Knot|p1a: Excadrill
|-damage|p1a: Excadrill|64/100
|
|-heal|p1a: Excadrill|70/100|[from] item: Leftovers
|upkeep
|turn|7
|
|t:|1605949620
|switch|p2a: Landorus|Landorus-Therian, M|100/100
|-ability|p2a: Landorus|Intimidate|boost
|-unboost|p1a: Excadrill|atk|1
|move|p1a: Excadrill|Earthquake|p2a: Landorus
|-immune|p2a: Landorus
|
|-heal|p1a: Excadrill|76/100|[from] item: Leftovers
|upkeep
|turn|8
|
|t:|1605949629
|switch|p1a: Tapu Fini|Tapu Fini, shiny|100/100
|-fieldstart|move: Misty Terrain|[from] ability: Misty Surge|[of] p1a: Tapu Fini
|move|p2a: Landorus|Earthquake|p1a: Tapu Fini
|-damage|p1a: Tapu Fini|61/100
|
|-heal|p1a: Tapu Fini|67/100|[from] item: Leftovers
|upkeep
|turn|9
|
|t:|1605949645
|switch|p2a: Tapu Koko|Tapu Koko|100/100
|-fieldstart|move: Electric Terrain|[from] ability: Electric Surge|[of] p2a: Tapu Koko
|move|p1a: Tapu Fini|Calm Mind|p1a: Tapu Fini
|-boost|p1a: Tapu Fini|spa|1
|-boost|p1a: Tapu Fini|spd|1
|
|-heal|p1a: Tapu Fini|73/100|[from] item: Leftovers
|upkeep
|turn|10
|
|t:|1605949651
|switch|p1a: Excadrill|Excadrill, F, shiny|76/100
|move|p2a: Tapu Koko|Thunderbolt|p1a: Excadrill
|-immune|p1a: Excadrill
|
|-heal|p1a: Excadrill|82/100|[from] item: Leftovers
|upkeep
|turn|11
|
|t:|1605949655
|switch|p2a: Ferrothorn|Ferrothorn, M|100/100
|move|p1a: Excadrill|Iron Head|p2a: Ferrothorn
|-resisted|p2a: Ferrothorn
|-damage|p2a: Ferrothorn|88/100
|-damage|p1a: Excadrill|70/100|[from] ability: Iron Barbs|[of] p2a: Ferrothorn
|
|-heal|p1a: Excadrill|76/100|[from] item: Leftovers
|-heal|p2a: Ferrothorn|95/100|[from] item: Leftovers
|upkeep
|turn|12
|-message|ArcanineSquad forfeited.
|
|win|Snizzerchoops
|l|☆ArcanineSquad
