|j|‽minimax_ai
|j|☆Wheezer
|t:|1661523313
|gametype|singles
|player|p1|minimax_ai|lusamine-nihilego|1520
|player|p2|Wheezer|petrel|1534
|teamsize|p1|6
|teamsize|p2|6
|gen|8
|tier|[Gen 8] OU
|rated|
|rule|Sleep Clause Mod: Limit one foe put to sleep
|rule|Species Clause: Limit one of each Pokémon
|rule|OHKO Clause: OHKO moves are banned
|rule|Evasion Items Clause: Evasion items are banned
|rule|Evasion Moves Clause: Evasion moves are banned
|rule|Endless Battle Clause: Forcing endless battles is banned
|rule|HP Percentage Mod: HP is shown in percentages
|rule|Dynamax Clause: You cannot dynamax
|clearpoke
|poke|p1|Rotom-Wash|
|poke|p1|Weavile, F|
|poke|p1|Landorus-Therian, M|
|poke|p1|Heatran, M|
|poke|p1|Tangrowth, M|
|poke|p1|Melmetal|
|poke|p2|Persian-Alola, F|
|poke|p2|Slowking, F|
|poke|p2|Suicune|
|poke|p2|Jirachi|
|poke|p2|Hippowdon, F|
|poke|p2|Blaziken, M|
|teampreview
|inactive|Battle timer is ON: inactive players will automatically lose when time's up. (requested by minimax_ai)
|
|t:|1661523320
|start
|switch|p1a: Landorus|Landorus-Therian, M|100/100
|switch|p2a: Persian|Persian-Alola, F|100/100
|-ability|p1a: Landorus|Intimidate|boost
|-unboost|p2a: Persian|atk|1
|turn|1
|
|t:|1661523323
|move|p2a: Persian|Switcheroo|p1a: Landorus
|-activate|p2a: Persian|move: Trick|[of] p1a: Landorus
|-item|p1a: Landorus|Choice Scarf|[from] move: Switcheroo
|-item|p2a: Persian|Leftovers|[from] move: Switcheroo
|move|p1a: Landorus|Earthquake|p2a: Persian
|-damage|p2a: Persian|75/100
|
|-heal|p2a: Persian|81/100|[from] item: Leftovers
|upkeep
|turn|2
|
|t:|1661523327
|move|p1a: Landorus|Earthquake|p2a: Persian
|-damage|p2a: Persian|58/100
|move|p2a: Persian|Parting Shot|p1a: Landorus
|-unboost|p1a: Landorus|atk|1
|-unboost|p1a: Landorus|spa|1
|
|t:|1661523334
|switch|p2a: Suicune|Suicune|100/100|[from]move: Parting Shot
|-ability|p2a: Suicune|Pressure
|
|upkeep
|turn|3
|
|t:|1661523336
|switch|p1a: Rotom|Rotom-Wash|100/100
|move|p2a: Suicune|Scald|p1a: Rotom
|-resisted|p1a: Rotom
|-damage|p1a: Rotom|88/100
|
|-heal|p1a: Rotom|94/100|[from] item: Leftovers
|upkeep
|turn|4
|
|t:|1661523340
|move|p2a: Suicune|Substitute|p2a: Suicune
|-start|p2a: Suicune|Substitute
|-damage|p2a: Suicune|75/100
|move|p1a: Rotom|Thunderbolt|p2a: Suicune
|-supereffective|p2a: Suicune
|-end|p2a: Suicune|Substitute
|
|-heal|p2a: Suicune|82/100|[from] item: Leftovers
|-heal|p1a: Rotom|100/100|[from] item: Leftovers
|upkeep
|turn|5
|
|t:|1661523344
|move|p2a: Suicune|Protect|p2a: Suicune
|-singleturn|p2a: Suicune|Protect
|move|p1a: Rotom|Thunderbolt|p2a: Suicune
|-activate|p2a: Suicune|move: Protect
|
|-heal|p2a: Suicune|88/100|[from] item: Leftovers
|upkeep
|turn|6
|
|t:|1661523346
|switch|p2a: Hippowdon|Hippowdon, F|100/100
|-weather|Sandstorm|[from] ability: Sand Stream|[of] p2a: Hippowdon
|move|p1a: Rotom|Thunderbolt|p2a: Hippowdon
|-immune|p2a: Hippowdon
|
|-weather|Sandstorm|[upkeep]
|-damage|p1a: Rotom|94/100|[from] Sandstorm
|-heal|p1a: Rotom|100/100|[from] item: Leftovers
|upkeep
|turn|7
|
|t:|1661523352
|move|p1a: Rotom|Hydro Pump|p2a: Hippowdon|[miss]
|-miss|p1a: Rotom|p2a: Hippowdon
|move|p2a: Hippowdon|Stealth Rock|p1a: Rotom
|-sidestart|p1: minimax_ai|move: Stealth Rock
|
|-weather|Sandstorm|[upkeep]
|-damage|p1a: Rotom|94/100|[from] Sandstorm
|-heal|p1a: Rotom|100/100|[from] item: Leftovers
|upkeep
|turn|8
|
|t:|1661523354
|move|p1a: Rotom|Hydro Pump|p2a: Hippowdon|[miss]
|-miss|p1a: Rotom|p2a: Hippowdon
|move|p2a: Hippowdon|Toxic|p1a: Rotom
|-status|p1a: Rotom|tox
|
|-weather|Sandstorm|[upkeep]
|-damage|p1a: Rotom|94/100 tox|[from] Sandstorm
|-heal|p1a: Rotom|100/100 tox|[from] item: Leftovers
|-damage|p1a: Rotom|94/100 tox|[from] psn
|upkeep
|turn|9
|
|t:|1661523356
|move|p1a: Rotom|Hydro Pump|p2a: Hippowdon|[miss]
|-miss|p1a: Rotom|p2a: Hippowdon
|move|p2a: Hippowdon|Slack Off||[still]
|-fail|p2a: Hippowdon|heal
|
|-weather|Sandstorm|[upkeep]
|-damage|p1a: Rotom|88/100 tox|[from] Sandstorm
|-heal|p1a: Rotom|94/100 tox|[from] item: Leftovers
|-damage|p1a: Rotom|82/100 tox|[from] psn
|upkeep
|turn|10
|
|t:|1661523358
|move|p1a: Rotom|Thunderbolt|p2a: Hippowdon
|-immune|p2a: Hippowdon
|move|p2a: Hippowdon|Slack Off||[still]
|-fail|p2a: Hippowdon|heal
|
|-weather|none
|-heal|p1a: Rotom|88/100 tox|[from] item: Leftovers
|-damage|p1a: Rotom|69/100 tox|[from] psn
|upkeep
|turn|11
|
|t:|1661523362
|move|p1a: Rotom|Thunderbolt|p2a: Hippowdon
|-immune|p2a: Hippowdon
|move|p2a: Hippowdon|Toxic|p1a: Rotom
|-fail|p1a: Rotom|tox
|
|-heal|p1a: Rotom|75/100 tox|[from] item: Leftovers
|-damage|p1a: Rotom|50/100 tox|[from] psn
|upkeep
|turn|12
|
|t:|1661523364
|move|p1a: Rotom|Thunderbolt|p2a: Hippowdon
|-immune|p2a: Hippowdon
|move|p2a: Hippowdon|Slack Off||[still]
|-fail|p2a: Hippowdon|heal
|
|-heal|p1a: Rotom|57/100 tox|[from] item: Leftovers
|-damage|p1a: Rotom|25/100 tox|[from] psn
|upkeep
|turn|13
|
|t:|1661523366
|move|p1a: Rotom|Pain Split|p2a: Hippowdon
|-sethp|p2a: Hippowdon|60/100|[from] move: Pain Split|[silent]
|-sethp|p1a: Rotom|82/100 tox|[from] move: Pain Split
|move|p2a: Hippowdon|Slack Off|p2a: Hippowdon
|-heal|p2a: Hippowdon|100/100
|
|-heal|p1a: Rotom|88/100 tox|[from] item: Leftovers
|-damage|p1a: Rotom|51/100 tox|[from] psn
|upkeep
|turn|14
|
|t:|1661523369
|move|p1a: Rotom|Thunderbolt|p2a: Hippowdon
|-immune|p2a: Hippowdon
|move|p2a: Hippowdon|Slack Off||[still]
|-fail|p2a: Hippowdon|heal
|
|-heal|p1a: Rotom|57/100 tox|[from] item: Leftovers
|-damage|p1a: Rotom|13/100 tox|[from] psn
|upkeep
|turn|15
|
|t:|1661523371
|move|p1a: Rotom|Pain Split|p2a: Hippowdon
|-sethp|p2a: Hippowdon|55/100|[from] move: Pain Split|[silent]
|-sethp|p1a: Rotom|76/100 tox|[from] move: Pain Split
|move|p2a: Hippowdon|Slack Off|p2a: Hippowdon
|-heal|p2a: Hippowdon|100/100
|
|-heal|p1a: Rotom|82/100 tox|[from] item: Leftovers
|-damage|p1a: Rotom|32/100 tox|[from] psn
|upkeep
|turn|16
|
|t:|1661523374
|switch|p1a: Landorus|Landorus-Therian, M|100/100
|-damage|p1a: Landorus|88/100|[from] Stealth Rock
|-ability|p1a: Landorus|Intimidate|boost
|-unboost|p2a: Hippowdon|atk|1
|move|p2a: Hippowdon|Slack Off||[still]
|-fail|p2a: Hippowdon|heal
|
|upkeep
|turn|17
|
|t:|1661523377
|move|p1a: Landorus|Earthquake|p2a: Hippowdon
|-damage|p2a: Hippowdon|69/100
|move|p2a: Hippowdon|Toxic|p1a: Landorus
|-status|p1a: Landorus|tox
|
|-heal|p2a: Hippowdon|75/100|[from] item: Leftovers
|-damage|p1a: Landorus|82/100 tox|[from] psn
|upkeep
|turn|18
|
|t:|1661523379
|move|p1a: Landorus|Earthquake|p2a: Hippowdon
|-damage|p2a: Hippowdon|44/100
|move|p2a: Hippowdon|Slack Off|p2a: Hippowdon
|-heal|p2a: Hippowdon|94/100
|
|-heal|p2a: Hippowdon|100/100|[from] item: Leftovers
|-damage|p1a: Landorus|70/100 tox|[from] psn
|upkeep
|turn|19
|
|t:|1661523385
|move|p1a: Landorus|Earthquake|p2a: Hippowdon
|-damage|p2a: Hippowdon|64/100
|move|p2a: Hippowdon|Toxic|p1a: Landorus
|-fail|p1a: Landorus|tox
|
|-heal|p2a: Hippowdon|70/100|[from] item: Leftovers
|-damage|p1a: Landorus|52/100 tox|[from] psn
|upkeep
|turn|20
|
|t:|1661523386
|move|p1a: Landorus|Earthquake|p2a: Hippowdon
|-damage|p2a: Hippowdon|36/100
|move|p2a: Hippowdon|Slack Off|p2a: Hippowdon
|-heal|p2a: Hippowdon|86/100
|
|-heal|p2a: Hippowdon|93/100|[from] item: Leftovers
|-damage|p1a: Landorus|28/100 tox|[from] psn
|upkeep
|turn|21
|
|t:|1661523389
|move|p1a: Landorus|Earthquake|p2a: Hippowdon
|-damage|p2a: Hippowdon|58/100
|move|p2a: Hippowdon|Slack Off|p2a: Hippowdon
|-heal|p2a: Hippowdon|100/100
|
|-damage|p1a: Landorus|0 fnt|[from] psn
|faint|p1a: Landorus
|upkeep
|
|t:|1661523389
|switch|p1a: Rotom|Rotom-Wash|32/100 tox
|-damage|p1a: Rotom|20/100 tox|[from] Stealth Rock
|turn|22
|
|t:|1661523391
|move|p1a: Rotom|Hydro Pump|p2a: Hippowdon
|-supereffective|p2a: Hippowdon
|-damage|p2a: Hippowdon|37/100
|move|p2a: Hippowdon|Slack Off|p2a: Hippowdon
|-heal|p2a: Hippowdon|87/100
|
|-heal|p1a: Rotom|26/100 tox|[from] item: Leftovers
|-heal|p2a: Hippowdon|93/100|[from] item: Leftovers
|-damage|p1a: Rotom|20/100 tox|[from] psn
|upkeep
|turn|23
|
|t:|1661523397
|move|p1a: Rotom|Pain Split|p2a: Hippowdon
|-sethp|p2a: Hippowdon|54/100|[from] move: Pain Split|[silent]
|-sethp|p1a: Rotom|74/100 tox|[from] move: Pain Split
|move|p2a: Hippowdon|Slack Off|p2a: Hippowdon
|-heal|p2a: Hippowdon|100/100
|
|-heal|p1a: Rotom|80/100 tox|[from] item: Leftovers
|-damage|p1a: Rotom|68/100 tox|[from] psn
|upkeep
|turn|24
|
|t:|1661523400
|switch|p2a: Slowking|Slowking, F|100/100
|move|p1a: Rotom|Hydro Pump|p2a: Slowking
|-resisted|p2a: Slowking
|-damage|p2a: Slowking|89/100
|
|-heal|p1a: Rotom|74/100 tox|[from] item: Leftovers
|-damage|p1a: Rotom|55/100 tox|[from] psn
|upkeep
|turn|25
|
|t:|1661523405
|move|p1a: Rotom|Hydro Pump|p2a: Slowking
|-resisted|p2a: Slowking
|-damage|p2a: Slowking|76/100
|move|p2a: Slowking|Trick|p1a: Rotom
|-activate|p2a: Slowking|move: Trick|[of] p1a: Rotom
|-item|p1a: Rotom|Choice Scarf|[from] move: Trick
|-item|p2a: Slowking|Leftovers|[from] move: Trick
|
|-heal|p2a: Slowking|82/100|[from] item: Leftovers
|-damage|p1a: Rotom|30/100 tox|[from] psn
|upkeep
|turn|26
|
|t:|1661523408
|move|p1a: Rotom|Thunderbolt|p2a: Slowking
|-supereffective|p2a: Slowking
|-damage|p2a: Slowking|42/100
|move|p2a: Slowking|Teleport|p2a: Slowking
|
|t:|1661523413
|switch|p2a: Jirachi|Jirachi|100/100|[from]move: Teleport
|
|-damage|p1a: Rotom|0 fnt|[from] psn
|faint|p1a: Rotom
|upkeep
|
|t:|1661523413
|switch|p1a: Melmetal|Melmetal|100/100
|-damage|p1a: Melmetal|94/100|[from] Stealth Rock
|turn|27
|
|t:|1661523415
|move|p2a: Jirachi|Trick|p1a: Melmetal
|-activate|p2a: Jirachi|move: Trick|[of] p1a: Melmetal
|-item|p1a: Melmetal|Choice Scarf|[from] move: Trick
|-item|p2a: Jirachi|Assault Vest|[from] move: Trick
|move|p1a: Melmetal|Earthquake|p2a: Jirachi
|-supereffective|p2a: Jirachi
|-damage|p2a: Jirachi|30/100
|
|upkeep
|turn|28
|
|t:|1661523420
|move|p2a: Jirachi|U-turn|p1a: Melmetal
|-resisted|p1a: Melmetal
|-damage|p1a: Melmetal|89/100
|
|t:|1661523422
|switch|p2a: Hippowdon|Hippowdon, F|100/100|[from]move: U-turn
|-weather|Sandstorm|[from] ability: Sand Stream|[of] p2a: Hippowdon
|move|p1a: Melmetal|Earthquake|p2a: Hippowdon
|-damage|p2a: Hippowdon|72/100
|
|-weather|Sandstorm|[upkeep]
|-heal|p2a: Hippowdon|78/100|[from] item: Leftovers
|upkeep
|turn|29
|
|t:|1661523426
|move|p1a: Melmetal|Earthquake|p2a: Hippowdon
|-damage|p2a: Hippowdon|53/100
|move|p2a: Hippowdon|Earthquake|p1a: Melmetal
|-supereffective|p1a: Melmetal
|-damage|p1a: Melmetal|45/100
|
|-weather|Sandstorm|[upkeep]
|-heal|p2a: Hippowdon|59/100|[from] item: Leftovers
|upkeep
|turn|30
|
|t:|1661523428
|move|p1a: Melmetal|Earthquake|p2a: Hippowdon
|-damage|p2a: Hippowdon|34/100
|move|p2a: Hippowdon|Slack Off|p2a: Hippowdon
|-heal|p2a: Hippowdon|84/100
|
|-weather|Sandstorm|[upkeep]
|-heal|p2a: Hippowdon|90/100|[from] item: Leftovers
|upkeep
|turn|31
|
|t:|1661523431
|move|p1a: Melmetal|Earthquake|p2a: Hippowdon
|-damage|p2a: Hippowdon|65/100
|move|p2a: Hippowdon|Earthquake|p1a: Melmetal
|-supereffective|p1a: Melmetal
|-damage|p1a: Melmetal|2/100
|
|-weather|Sandstorm|[upkeep]
|-heal|p2a: Hippowdon|71/100|[from] item: Leftovers
|upkeep
|turn|32
|
|t:|1661523432
|move|p1a: Melmetal|Earthquake|p2a: Hippowdon
|-damage|p2a: Hippowdon|46/100
|move|p2a: Hippowdon|Slack Off|p2a: Hippowdon
|-heal|p2a: Hippowdon|96/100
|
|-weather|none
|-heal|p2a: Hippowdon|100/100|[from] item: Leftovers
|upkeep
|turn|33
|
|t:|1661523433
|move|p1a: Melmetal|Earthquake|p2a: Hippowdon
|-damage|p2a: Hippowdon|72/100
|move|p2a: Hippowdon|Earthquake|p1a: Melmetal
|-supereffective|p1a: Melmetal
|-damage|p1a: Melmetal|0 fnt
|faint|p1a: Melmetal
|
|-heal|p2a: Hippowdon|78/100|[from] item: Leftovers
|upkeep
|
|t:|1661523433
|switch|p1a: Heatran|Heatran, M|100/100
|-damage|p1a: Heatran|88/100|[from] Stealth Rock
|-item|p1a: Heatran|Air Balloon
|turn|34
|
|t:|1661523438
|switch|p2a: Blaziken|Blaziken, M|100/100
|move|p1a: Heatran|Earth Power|p2a: Blaziken
|-supereffective|p2a: Blaziken
|-damage|p2a: Blaziken|17/100
|
|-heal|p2a: Blaziken|23/100|[from] item: Leftovers
|upkeep
|turn|35
|
|t:|1661523439
|move|p1a: Heatran|Magma Storm|p2a: Blaziken
|-resisted|p2a: Blaziken
|-damage|p2a: Blaziken|0 fnt
|faint|p2a: Blaziken
|
|upkeep
|
|t:|1661523441
|switch|p2a: Suicune|Suicune|88/100
|-ability|p2a: Suicune|Pressure
|turn|36
|
|t:|1661523443
|switch|p1a: Tangrowth|Tangrowth, M|100/100
|-damage|p1a: Tangrowth|88/100|[from] Stealth Rock
|move|p2a: Suicune|Substitute|p2a: Suicune
|-start|p2a: Suicune|Substitute
|-damage|p2a: Suicune|63/100
|
|-heal|p2a: Suicune|69/100|[from] item: Leftovers
|upkeep
|turn|37
|
|t:|1661523444
|move|p2a: Suicune|Protect|p2a: Suicune
|-singleturn|p2a: Suicune|Protect
|move|p1a: Tangrowth|Giga Drain|p2a: Suicune
|-activate|p2a: Suicune|move: Protect
|
|-heal|p2a: Suicune|75/100|[from] item: Leftovers
|upkeep
|turn|38
|
|t:|1661523446
|move|p2a: Suicune|Calm Mind|p2a: Suicune
|-boost|p2a: Suicune|spa|1
|-boost|p2a: Suicune|spd|1
|move|p1a: Tangrowth|Giga Drain|p2a: Suicune
|-supereffective|p2a: Suicune
|-end|p2a: Suicune|Substitute
|-heal|p1a: Tangrowth|100/100|[from] drain|[of] p2a: Suicune
|
|-heal|p2a: Suicune|81/100|[from] item: Leftovers
|upkeep
|turn|39
|
|t:|1661523448
|move|p2a: Suicune|Protect|p2a: Suicune
|-singleturn|p2a: Suicune|Protect
|move|p1a: Tangrowth|Giga Drain|p2a: Suicune
|-activate|p2a: Suicune|move: Protect
|
|-heal|p2a: Suicune|88/100|[from] item: Leftovers
|upkeep
|turn|40
|
|t:|1661523451
|move|p2a: Suicune|Substitute|p2a: Suicune
|-start|p2a: Suicune|Substitute
|-damage|p2a: Suicune|63/100
|move|p1a: Tangrowth|Giga Drain|p2a: Suicune
|-supereffective|p2a: Suicune
|-end|p2a: Suicune|Substitute
|
|-heal|p2a: Suicune|69/100|[from] item: Leftovers
|upkeep
|turn|41
|
|t:|1661523452
|move|p2a: Suicune|Protect|p2a: Suicune
|-singleturn|p2a: Suicune|Protect
|move|p1a: Tangrowth|Giga Drain|p2a: Suicune
|-activate|p2a: Suicune|move: Protect
|
|-heal|p2a: Suicune|75/100|[from] item: Leftovers
|upkeep
|turn|42
|
|t:|1661523454
|move|p2a: Suicune|Calm Mind|p2a: Suicune
|-boost|p2a: Suicune|spa|1
|-boost|p2a: Suicune|spd|1
|move|p1a: Tangrowth|Giga Drain|p2a: Suicune
|-supereffective|p2a: Suicune
|-damage|p2a: Suicune|52/100
|
|-heal|p2a: Suicune|58/100|[from] item: Leftovers
|upkeep
|turn|43
|
|t:|1661523455
|move|p2a: Suicune|Protect|p2a: Suicune
|-singleturn|p2a: Suicune|Protect
|move|p1a: Tangrowth|Focus Blast|p2a: Suicune
|-activate|p2a: Suicune|move: Protect
|
|-heal|p2a: Suicune|65/100|[from] item: Leftovers
|upkeep
|turn|44
|
|t:|1661523457
|move|p2a: Suicune|Substitute|p2a: Suicune
|-start|p2a: Suicune|Substitute
|-damage|p2a: Suicune|40/100
|move|p1a: Tangrowth|Focus Blast|p2a: Suicune|[miss]
|-miss|p1a: Tangrowth|p2a: Suicune
|
|-heal|p2a: Suicune|46/100|[from] item: Leftovers
|upkeep
|turn|45
|
|t:|1661523458
|move|p2a: Suicune|Protect|p2a: Suicune
|-singleturn|p2a: Suicune|Protect
|move|p1a: Tangrowth|Giga Drain|p2a: Suicune
|-activate|p2a: Suicune|move: Protect
|
|-heal|p2a: Suicune|52/100|[from] item: Leftovers
|upkeep
|turn|46
|
|t:|1661523460
|move|p2a: Suicune|Calm Mind|p2a: Suicune
|-boost|p2a: Suicune|spa|1
|-boost|p2a: Suicune|spd|1
|move|p1a: Tangrowth|Giga Drain|p2a: Suicune
|-supereffective|p2a: Suicune
|-activate|p2a: Suicune|move: Substitute|[damage]
|
|-heal|p2a: Suicune|58/100|[from] item: Leftovers
|upkeep
|turn|47
|
|t:|1661523461
|move|p2a: Suicune|Protect|p2a: Suicune
|-singleturn|p2a: Suicune|Protect
|move|p1a: Tangrowth|Focus Blast|p2a: Suicune
|-activate|p2a: Suicune|move: Protect
|
|-heal|p2a: Suicune|64/100|[from] item: Leftovers
|upkeep
|turn|48
|
|t:|1661523463
|move|p2a: Suicune|Calm Mind|p2a: Suicune
|-boost|p2a: Suicune|spa|1
|-boost|p2a: Suicune|spd|1
|move|p1a: Tangrowth|Focus Blast|p2a: Suicune
|-end|p2a: Suicune|Substitute
|
|-heal|p2a: Suicune|71/100|[from] item: Leftovers
|upkeep
|turn|49
|
|t:|1661523465
|move|p2a: Suicune|Substitute|p2a: Suicune
|-start|p2a: Suicune|Substitute
|-damage|p2a: Suicune|46/100
|move|p1a: Tangrowth|Sleep Powder||[still]
|-fail|p1a: Tangrowth
|
|-heal|p2a: Suicune|52/100|[from] item: Leftovers
|upkeep
|turn|50
|
|t:|1661523467
|switch|p1a: Heatran|Heatran, M|88/100
|-damage|p1a: Heatran|76/100|[from] Stealth Rock
|-item|p1a: Heatran|Air Balloon
|move|p2a: Suicune|Calm Mind|p2a: Suicune
|-boost|p2a: Suicune|spa|1
|-boost|p2a: Suicune|spd|1
|
|-heal|p2a: Suicune|58/100|[from] item: Leftovers
|upkeep
|turn|51
|
|t:|1661523469
|move|p2a: Suicune|Protect|p2a: Suicune
|-singleturn|p2a: Suicune|Protect
|move|p1a: Heatran|Magma Storm|p2a: Suicune
|-activate|p2a: Suicune|move: Protect
|
|-heal|p2a: Suicune|64/100|[from] item: Leftovers
|upkeep
|turn|52
|
|t:|1661523471
|move|p2a: Suicune|Scald|p1a: Heatran
|-supereffective|p1a: Heatran
|-damage|p1a: Heatran|0 fnt
|-enditem|p1a: Heatran|Air Balloon
|faint|p1a: Heatran
|
|-heal|p2a: Suicune|70/100|[from] item: Leftovers
|upkeep
|
|t:|1661523471
|switch|p1a: Tangrowth|Tangrowth, M|100/100
|-damage|p1a: Tangrowth|88/100|[from] Stealth Rock
|turn|53
|
|t:|1661523474
|switch|p1a: Weavile|Weavile, F|100/100
|-damage|p1a: Weavile|76/100|[from] Stealth Rock
|-ability|p1a: Weavile|Pressure
|move|p2a: Suicune|Protect||[still]
|-fail|p2a: Suicune
|
|-heal|p2a: Suicune|76/100|[from] item: Leftovers
|upkeep
|turn|54
|
|t:|1661523475
|move|p1a: Weavile|Triple Axel|p2a: Suicune
|-resisted|p2a: Suicune
|-activate|p2a: Suicune|move: Substitute|[damage]
|-resisted|p2a: Suicune
|-activate|p2a: Suicune|move: Substitute|[damage]
|-resisted|p2a: Suicune
|-end|p2a: Suicune|Substitute
|-hitcount|p2a: Suicune|3
|move|p2a: Suicune|Scald|p1a: Weavile
|-damage|p1a: Weavile|0 fnt
|faint|p1a: Weavile
|
|-heal|p2a: Suicune|83/100|[from] item: Leftovers
|upkeep
|
|t:|1661523475
|switch|p1a: Tangrowth|Tangrowth, M|100/100
|-damage|p1a: Tangrowth|88/100|[from] Stealth Rock
|turn|55
|
|t:|1661523477
|move|p2a: Suicune|Substitute|p2a: Suicune
|-start|p2a: Suicune|Substitute
|-damage|p2a: Suicune|58/100
|move|p1a: Tangrowth|Sleep Powder|p2a: Suicune|[miss]
|-miss|p1a: Tangrowth|p2a: Suicune
|
|-heal|p2a: Suicune|64/100|[from] item: Leftovers
|upkeep
|turn|56
|
|t:|1661523478
|move|p2a: Suicune|Scald|p1a: Tangrowth
|-resisted|p1a: Tangrowth
|-damage|p1a: Tangrowth|24/100
|move|p1a: Tangrowth|Sleep Powder||[still]
|-fail|p1a: Tangrowth
|
|-heal|p2a: Suicune|70/100|[from] item: Leftovers
|upkeep
|turn|57
|
|t:|1661523479
|move|p2a: Suicune|Scald|p1a: Tangrowth
|-resisted|p1a: Tangrowth
|-damage|p1a: Tangrowth|0 fnt
|faint|p1a: Tangrowth
|
|win|Wheezer
|raw|minimax_ai's rating: 1520 &rarr; <strong>1501</strong><br />(-19 for losing)
|raw|Wheezer's rating: 1534 &rarr; <strong>1553</strong><br />(+19 for winning)
