|j|☆IcySwishBangTrey
|j|☆I0SIS
|t:|1663691914
|gametype|singles
|player|p1|IcySwishBangTrey|266|1487
|player|p2|I0SIS|170|1581
|teamsize|p1|6
|teamsize|p2|6
|gen|8
|tier|[Gen 8] OU
|rated|
|rule|Sleep Clause Mod: Limit one foe put to sleep
|rule|Species Clause: Limit one of each Pokémon
|rule|OHKO Clause: OHKO moves are banned
|rule|Evasion Items Clause: Evasion items are banned
|rule|Evasion Moves Clause: Evasion moves are banned
|rule|Endless Battle Clause: Forcing endless battles is banned
|rule|HP Percentage Mod: HP is shown in percentages
|rule|Dynamax Clause: You cannot dynamax
|clearpoke
|poke|p1|Landorus-Therian, M|
|poke|p1|Heatran, M|
|poke|p1|Dragapult, M|
|poke|p1|Urshifu-*, F|
|poke|p1|Slowbro, M|
|poke|p1|Nidoking, M|
|poke|p2|Ferrothorn, M|
|poke|p2|Rotom-Wash|
|poke|p2|Umbreon, F|
|poke|p2|Pelipper, F|
|poke|p2|Crobat, M|
|poke|p2|Mamoswine, M|
|teampreview
|c|☆I0SIS|hf
|
|t:|1663691922
|start
|switch|p1a: Dragapult|Dragapult, M|100/100
|switch|p2a: Ferrothorn|Ferrothorn, M|100/100
|turn|1
|
|t:|1663691940
|switch|p2a: Rotom|Rotom-Wash, shiny|100/100
|move|p1a: Dragapult|Draco Meteor|p2a: Rotom
|-damage|p2a: Rotom|15/100
|-unboost|p1a: Dragapult|spa|2
|
|upkeep
|turn|2
|
|t:|1663691955
|switch|p2a: Ferrothorn|Ferrothorn, M|100/100
|move|p1a: Dragapult|Draco Meteor|p2a: Ferrothorn
|-resisted|p2a: Ferrothorn
|-damage|p2a: Ferrothorn|86/100
|-unboost|p1a: Dragapult|spa|2
|
|-heal|p2a: Ferrothorn|93/100|[from] item: Leftovers
|upkeep
|turn|3
|
|t:|1663691959
|switch|p1a: Landorus|Landorus-Therian, M|100/100
|-ability|p1a: Landorus|Intimidate|boost
|-unboost|p2a: Ferrothorn|atk|1
|move|p2a: Ferrothorn|Stealth Rock|p1a: Landorus
|-sidestart|p1: IcySwishBangTrey|move: Stealth Rock
|
|-heal|p2a: Ferrothorn|99/100|[from] item: Leftovers
|upkeep
|turn|4
|
|t:|1663691965
|switch|p2a: Rotom|Rotom-Wash, shiny|15/100
|move|p1a: Landorus|Defog|p2a: Rotom
|-unboost|p2a: Rotom|evasion|1
|-sideend|p1: IcySwishBangTrey|Stealth Rock|[from] move: Defog|[of] p1a: Landorus
|
|upkeep
|turn|5
|
|t:|1663691968
|move|p1a: Landorus|Knock Off|p2a: Rotom
|-damage|p2a: Rotom|0 fnt
|-damage|p1a: Landorus|84/100|[from] item: Rocky Helmet|[of] p2a: Rotom
|-enditem|p2a: Rotom|Rocky Helmet|[from] move: Knock Off|[of] p1a: Landorus
|faint|p2a: Rotom
|
|-heal|p1a: Landorus|90/100|[from] item: Leftovers
|upkeep
|
|t:|1663691971
|switch|p2a: Pelipper|Pelipper, F, shiny|100/100
|-weather|RainDance|[from] ability: Drizzle|[of] p2a: Pelipper
|turn|6
|
|t:|1663691992
|switch|p1a: Slowbro|Slowbro, M|100/100
|move|p2a: Pelipper|Weather Ball|p1a: Slowbro
|-resisted|p1a: Slowbro
|-damage|p1a: Slowbro|51/100
|
|-weather|RainDance|[upkeep]
|upkeep
|turn|7
|
|t:|1663692002
|move|p2a: Pelipper|Weather Ball|p1a: Slowbro
|-resisted|p1a: Slowbro
|-damage|p1a: Slowbro|0 fnt
|faint|p1a: Slowbro
|
|-weather|RainDance|[upkeep]
|upkeep
|
|t:|1663692012
|switch|p1a: Dragapult|Dragapult, M|100/100
|turn|8
|
|t:|1663692025
|switch|p2a: Ferrothorn|Ferrothorn, M|99/100
|move|p1a: Dragapult|Flamethrower|p2a: Ferrothorn
|-supereffective|p2a: Ferrothorn
|-damage|p2a: Ferrothorn|49/100
|-status|p2a: Ferrothorn|brn
|
|-weather|RainDance|[upkeep]
|-heal|p2a: Ferrothorn|55/100 brn|[from] item: Leftovers
|-damage|p2a: Ferrothorn|49/100 brn|[from] brn
|upkeep
|turn|9
|
|t:|1663692034
|switch|p2a: Pelipper|Pelipper, F, shiny|100/100
|move|p1a: Dragapult|Flamethrower|p2a: Pelipper
|-resisted|p2a: Pelipper
|-damage|p2a: Pelipper|83/100
|
|-weather|RainDance|[upkeep]
|upkeep
|turn|10
|
|t:|1663692076
|switch|p1a: Landorus|Landorus-Therian, M|90/100
|-ability|p1a: Landorus|Intimidate|boost
|-unboost|p2a: Pelipper|atk|1
|move|p2a: Pelipper|Weather Ball|p1a: Landorus
|-supereffective|p1a: Landorus
|-damage|p1a: Landorus|0 fnt
|faint|p1a: Landorus
|
|-weather|none
|upkeep
|
|t:|1663692087
|switch|p1a: Dragapult|Dragapult, M|100/100
|turn|11
|
|t:|1663692104
|switch|p2a: Ferrothorn|Ferrothorn, M|49/100 brn
|move|p1a: Dragapult|U-turn|p2a: Ferrothorn
|-damage|p2a: Ferrothorn|35/100 brn
|-damage|p1a: Dragapult|88/100|[from] ability: Iron Barbs|[of] p2a: Ferrothorn
|
|t:|1663692116
|switch|p1a: Nidoking|Nidoking, M|100/100|[from]move: U-turn
|
|-heal|p2a: Ferrothorn|41/100 brn|[from] item: Leftovers
|-damage|p2a: Ferrothorn|35/100 brn|[from] brn
|upkeep
|turn|12
|
|t:|1663692126
|move|p1a: Nidoking|Earth Power|p2a: Ferrothorn
|-damage|p2a: Ferrothorn|0 fnt
|faint|p2a: Ferrothorn
|
|upkeep
|
|t:|1663692131
|switch|p2a: Mamoswine|Mamoswine, M|100/100
|turn|13
|
|t:|1663692146
|move|p2a: Mamoswine|Earthquake|p1a: Nidoking
|-supereffective|p1a: Nidoking
|-damage|p1a: Nidoking|0 fnt
|faint|p1a: Nidoking
|
|upkeep
|
|t:|1663692150
|switch|p1a: Urshifu|Urshifu-Rapid-Strike, F|100/100
|turn|14
|
|t:|1663692155
|switch|p2a: Crobat|Crobat, M|100/100
|move|p1a: Urshifu|Surging Strikes|p2a: Crobat
|-crit|p2a: Crobat
|-damage|p2a: Crobat|65/100
|-crit|p2a: Crobat
|-damage|p2a: Crobat|26/100
|-crit|p2a: Crobat
|-damage|p2a: Crobat|0 fnt
|faint|p2a: Crobat
|-hitcount|p2: Crobat|3
|
|upkeep
|
|t:|1663692158
|switch|p2a: Pelipper|Pelipper, F, shiny|83/100
|-weather|RainDance|[from] ability: Drizzle|[of] p2a: Pelipper
|turn|15
|
|t:|1663692168
|move|p1a: Urshifu|Surging Strikes|p2a: Pelipper
|-resisted|p2a: Pelipper
|-crit|p2a: Pelipper
|-damage|p2a: Pelipper|56/100
|-resisted|p2a: Pelipper
|-crit|p2a: Pelipper
|-damage|p2a: Pelipper|26/100
|-resisted|p2a: Pelipper
|-crit|p2a: Pelipper
|-damage|p2a: Pelipper|0 fnt
|faint|p2a: Pelipper
|-hitcount|p2: Pelipper|3
|
|-weather|RainDance|[upkeep]
|upkeep
|
|t:|1663692173
|switch|p2a: Umbreon|Umbreon, F, shiny|100/100
|turn|16
|
|t:|1663692179
|move|p1a: Urshifu|Surging Strikes|p2a: Umbreon
|-crit|p2a: Umbreon
|-damage|p2a: Umbreon|72/100
|-crit|p2a: Umbreon
|-damage|p2a: Umbreon|44/100
|-crit|p2a: Umbreon
|-damage|p2a: Umbreon|18/100
|-hitcount|p2a: Umbreon|3
|move|p2a: Umbreon|Foul Play|p1a: Urshifu
|-resisted|p1a: Urshifu
|-damage|p1a: Urshifu|74/100
|
|-weather|RainDance|[upkeep]
|-heal|p2a: Umbreon|24/100|[from] item: Leftovers
|upkeep
|turn|17
|
|t:|1663692190
|move|p1a: Urshifu|Surging Strikes|p2a: Umbreon
|-crit|p2a: Umbreon
|-damage|p2a: Umbreon|0 fnt
|faint|p2a: Umbreon
|-hitcount|p2: Umbreon|1
|
|-weather|RainDance|[upkeep]
|upkeep
|
|t:|1663692192
|switch|p2a: Mamoswine|Mamoswine, M|100/100
|turn|18
|
|t:|1663692212
|switch|p1a: Heatran|Heatran, M|100/100
|move|p2a: Mamoswine|Earthquake|p1a: Heatran
|-supereffective|p1a: Heatran
|-damage|p1a: Heatran|0 fnt
|faint|p1a: Heatran
|
|-weather|RainDance|[upkeep]
|upkeep
|
|t:|1663692214
|switch|p1a: Urshifu|Urshifu-Rapid-Strike, F|74/100
|turn|19
|
|t:|1663692218
|move|p1a: Urshifu|Aqua Jet|p2a: Mamoswine
|-supereffective|p2a: Mamoswine
|-damage|p2a: Mamoswine|0 fnt
|faint|p2a: Mamoswine
|
|win|IcySwishBangTrey
|raw|IcySwishBangTrey's rating: 1487 &rarr; <strong>1512</strong><br />(+25 for winning)
|raw|I0SIS's rating: 1581 &rarr; <strong>1556</strong><br />(-25 for losing)
|c|☆I0SIS|gg
|c|☆IcySwishBangTrey|gg
|l|☆I0SIS
||Ladder isn't responding, score probably updated but might not have (Request timeout).
