|j|☆OU make me yawn ¤
|j|☆IM AT MY LIMIT
|t:|1617414246
|gametype|singles
|player|p1|OU make me yawn ¤|hilda|
|player|p2|IM AT MY LIMIT|ethan|
|teamsize|p1|6
|teamsize|p2|6
|gen|8
|tier|[Gen 8] OU
|clearpoke
|poke|p1|Marowak-Alola, M|
|poke|p1|Toxapex, M|
|poke|p1|Kyurem|
|poke|p1|Corviknight, M|
|poke|p1|Tapu Fini|
|poke|p1|Tangrowth, M|
|poke|p2|Avalugg, F|
|poke|p2|Clefable, F|
|poke|p2|Xatu, M|
|poke|p2|Hydreigon, M|
|poke|p2|Volcarona, M|
|poke|p2|Gastrodon, M|
|rule|Sleep Clause Mod: Limit one foe put to sleep
|rule|Species Clause: Limit one of each Pokémon
|rule|OHKO Clause: OHKO moves are banned
|rule|Evasion Moves Clause: Evasion moves are banned
|rule|Endless Battle Clause: Forcing endless battles is banned
|rule|HP Percentage Mod: HP is shown in percentages
|rule|Dynamax Clause: You cannot dynamax
|teampreview
|inactive|Battle timer is ON: inactive players will automatically lose when time's up. (requested by OU make me yawn ¤)
|inactive|IM AT MY LIMIT has 270 seconds left.
|c|☆IM AT MY LIMIT|oh
|c|☆IM AT MY LIMIT|i need a rocker
|c|☆IM AT MY LIMIT|LOL
|c|☆OU make me yawn ¤|just play it out for now
|
|t:|1617414304
|start
|switch|p1a: Phantom|Marowak-Alola, M, shiny|100/100
|switch|p2a: ur mom|Xatu, M|100/100
|turn|1
|
|t:|1617414319
|move|p1a: Phantom|Stealth Rock|p2a: ur mom
|move|p2a: ur mom|Stealth Rock|p1a: Phantom|[from]ability: Magic Bounce
|-sidestart|p1: OU make me yawn ¤|move: Stealth Rock
|move|p2a: ur mom|Teleport|p2a: ur mom
|
|t:|1617414325
|switch|p2a: HAHAHAHAH|Gastrodon, M|100/100|[from]move: Teleport
|
|upkeep
|turn|2
|
|t:|1617414330
|switch|p1a: Yami|Corviknight, M, shiny|100/100
|-damage|p1a: Yami|88/100|[from] Stealth Rock
|-ability|p1a: Yami|Pressure
|move|p2a: HAHAHAHAH|Scald|p1a: Yami
|-damage|p1a: Yami|73/100
|-status|p1a: Yami|brn
|
|-damage|p1a: Yami|67/100 brn|[from] brn
|upkeep
|turn|3
|
|t:|1617414340
|switch|p2a: Kyurem check?|Volcarona, M|100/100
|move|p1a: Yami|Defog|p2a: Kyurem check?
|-unboost|p2a: Kyurem check?|evasion|1
|-sideend|p1: OU make me yawn ¤|Stealth Rock|[from] move: Defog|[of] p1a: Yami
|
|-damage|p1a: Yami|61/100 brn|[from] brn
|upkeep
|turn|4
|
|t:|1617414349
|switch|p1a: Phantom|Marowak-Alola, M, shiny|100/100
|move|p2a: Kyurem check?|Quiver Dance|p2a: Kyurem check?
|-boost|p2a: Kyurem check?|spa|1
|-boost|p2a: Kyurem check?|spd|1
|-boost|p2a: Kyurem check?|spe|1
|
|upkeep
|turn|5
|
|t:|1617414368
|switch|p2a: HAHAHAHAH|Gastrodon, M|100/100
|move|p1a: Phantom|Knock Off|p2a: HAHAHAHAH
|-damage|p2a: HAHAHAHAH|88/100
|-damage|p1a: Phantom|84/100|[from] item: Rocky Helmet|[of] p2a: HAHAHAHAH
|-enditem|p2a: HAHAHAHAH|Rocky Helmet|[from] move: Knock Off|[of] p1a: Phantom
|
|upkeep
|turn|6
|
|t:|1617414392
|switch|p1a: Yami|Corviknight, M, shiny|61/100 brn
|-ability|p1a: Yami|Pressure
|move|p2a: HAHAHAHAH|Scald|p1a: Yami
|-damage|p1a: Yami|44/100 brn
|
|-damage|p1a: Yami|38/100 brn|[from] brn
|upkeep
|turn|7
|
|t:|1617414399
|move|p1a: Yami|Roost|p1a: Yami
|-heal|p1a: Yami|88/100 brn
|-singleturn|p1a: Yami|move: Roost
|move|p2a: HAHAHAHAH|Scald|p1a: Yami
|-damage|p1a: Yami|74/100 brn
|
|-damage|p1a: Yami|68/100 brn|[from] brn
|upkeep
|turn|8
|
|t:|1617414407
|switch|p2a: Kyurem check?|Volcarona, M|100/100
|move|p1a: Yami|Roost|p1a: Yami
|-heal|p1a: Yami|100/100 brn
|-singleturn|p1a: Yami|move: Roost
|
|-damage|p1a: Yami|94/100 brn|[from] brn
|upkeep
|turn|9
|
|t:|1617414418
|switch|p1a: Serpentine|Toxapex, M, shiny|100/100
|move|p2a: Kyurem check?|Fiery Dance|p1a: Serpentine
|-resisted|p1a: Serpentine
|-damage|p1a: Serpentine|89/100
|-boost|p2a: Kyurem check?|spa|1
|
|upkeep
|turn|10
|
|t:|1617414437
|switch|p2a: HAHAHAHAH|Gastrodon, M|88/100
|move|p1a: Serpentine|Knock Off|p2a: HAHAHAHAH
|-damage|p2a: HAHAHAHAH|80/100
|
|upkeep
|turn|11
|
|t:|1617414450
|switch|p1a: Raven|Tapu Fini, shiny|100/100
|-fieldstart|move: Misty Terrain|[from] ability: Misty Surge|[of] p1a: Raven
|move|p2a: HAHAHAHAH|Toxic|p1a: Raven
|-activate|p1a: Raven|move: Misty Terrain
|
|upkeep
|turn|12
|
|t:|1617414461
|switch|p2a: ASS|Clefable, F|100/100
|move|p1a: Raven|Calm Mind|p1a: Raven
|-boost|p1a: Raven|spa|1
|-boost|p1a: Raven|spd|1
|
|upkeep
|turn|13
|
|t:|1617414469
|switch|p1a: Serpentine|Toxapex, M, shiny|100/100
|move|p2a: ASS|Moonblast|p1a: Serpentine
|-resisted|p1a: Serpentine
|-damage|p1a: Serpentine|91/100
|-unboost|p1a: Serpentine|spa|1
|
|upkeep
|turn|14
|
|t:|1617414476
|switch|p2a: HAHAHAHAH|Gastrodon, M|80/100
|move|p1a: Serpentine|Knock Off|p2a: HAHAHAHAH
|-damage|p2a: HAHAHAHAH|73/100
|
|upkeep
|turn|15
|
|t:|1617414484
|switch|p2a: ur mom|Xatu, M|100/100
|switch|p1a: Kyotaro|Kyurem, shiny|100/100
|-ability|p1a: Kyotaro|Pressure
|
|-fieldend|Misty Terrain
|upkeep
|turn|16
|
|t:|1617414491
|switch|p2a: Kyurem check?|Volcarona, M|100/100
|move|p1a: Kyotaro|Substitute|p1a: Kyotaro
|-start|p1a: Kyotaro|Substitute
|-damage|p1a: Kyotaro|76/100
|
|upkeep
|turn|17
|
|t:|1617414507
|move|p1a: Kyotaro|Freeze-Dry|p2a: Kyurem check?
|-resisted|p2a: Kyurem check?
|-damage|p2a: Kyurem check?|90/100
|move|p2a: Kyurem check?|Quiver Dance|p2a: Kyurem check?
|-boost|p2a: Kyurem check?|spa|1
|-boost|p2a: Kyurem check?|spd|1
|-boost|p2a: Kyurem check?|spe|1
|
|upkeep
|turn|18
|
|t:|1617414519
|move|p2a: Kyurem check?|Fiery Dance|p1a: Kyotaro
|-end|p1a: Kyotaro|Substitute
|move|p1a: Kyotaro|Roost|p1a: Kyotaro
|-heal|p1a: Kyotaro|100/100
|-singleturn|p1a: Kyotaro|move: Roost
|
|upkeep
|turn|19
|
|t:|1617414527
|switch|p1a: Serpentine|Toxapex, M, shiny|100/100
|move|p2a: Kyurem check?|Quiver Dance|p2a: Kyurem check?
|-boost|p2a: Kyurem check?|spa|1
|-boost|p2a: Kyurem check?|spd|1
|-boost|p2a: Kyurem check?|spe|1
|
|upkeep
|turn|20
|
|t:|1617414536
|switch|p2a: ur mom|Xatu, M|100/100
|move|p1a: Serpentine|Haze|p1a: Serpentine
|-clearallboost
|
|upkeep
|turn|21
|
|t:|1617414541
|switch|p2a: HAHAHAHAH|Gastrodon, M|73/100
|switch|p1a: Kyotaro|Kyurem, shiny|100/100
|-ability|p1a: Kyotaro|Pressure
|
|upkeep
|turn|22
|
|t:|1617414548
|switch|p2a: Kyurem check?|Volcarona, M|90/100
|move|p1a: Kyotaro|Freeze-Dry|p2a: Kyurem check?
|-resisted|p2a: Kyurem check?
|-damage|p2a: Kyurem check?|77/100
|
|upkeep
|turn|23
|
|t:|1617414564
|switch|p1a: Serpentine|Toxapex, M, shiny|100/100
|move|p2a: Kyurem check?|Quiver Dance|p2a: Kyurem check?
|-boost|p2a: Kyurem check?|spa|1
|-boost|p2a: Kyurem check?|spd|1
|-boost|p2a: Kyurem check?|spe|1
|
|upkeep
|turn|24
|
|t:|1617414572
|switch|p2a: HAHAHAHAH|Gastrodon, M|73/100
|move|p1a: Serpentine|Knock Off|p2a: HAHAHAHAH
|-damage|p2a: HAHAHAHAH|65/100
|
|upkeep
|turn|25
|
|t:|1617414584
|switch|p1a: Ramen|Tangrowth, M|100/100
|move|p2a: HAHAHAHAH|Recover|p2a: HAHAHAHAH
|-heal|p2a: HAHAHAHAH|100/100
|
|upkeep
|turn|26
|
|t:|1617414599
|switch|p2a: ur mom|Xatu, M|100/100
|move|p1a: Ramen|Knock Off|p2a: ur mom
|-supereffective|p2a: ur mom
|-damage|p2a: ur mom|60/100
|-enditem|p2a: ur mom|Leftovers|[from] move: Knock Off|[of] p1a: Ramen
|
|upkeep
|turn|27
|
|t:|1617414611
|switch|p1a: Phantom|Marowak-Alola, M, shiny|84/100
|move|p2a: ur mom|Roost|p2a: ur mom
|-heal|p2a: ur mom|100/100
|-singleturn|p2a: ur mom|move: Roost
|
|upkeep
|turn|28
|
|t:|1617414622
|switch|p2a: HAHAHAHAH|Gastrodon, M|100/100
|move|p1a: Phantom|Stealth Rock|p2a: HAHAHAHAH
|-sidestart|p2: IM AT MY LIMIT|move: Stealth Rock
|
|upkeep
|turn|29
|
|t:|1617414638
|switch|p1a: Raven|Tapu Fini, shiny|100/100
|-fieldstart|move: Misty Terrain|[from] ability: Misty Surge|[of] p1a: Raven
|switch|p2a: NASTY!!!!!!!|Hydreigon, M|100/100
|-damage|p2a: NASTY!!!!!!!|88/100|[from] Stealth Rock
|
|-heal|p2a: NASTY!!!!!!!|94/100|[from] item: Leftovers
|upkeep
|turn|30
|
|t:|1617414645
|move|p2a: NASTY!!!!!!!|Defog|p1a: Raven
|-unboost|p1a: Raven|evasion|1
|-sideend|p2: IM AT MY LIMIT|Stealth Rock|[from] move: Defog|[of] p2a: NASTY!!!!!!!
|-fieldend|Misty Terrain
|move|p1a: Raven|Calm Mind|p1a: Raven
|-boost|p1a: Raven|spa|1
|-boost|p1a: Raven|spd|1
|
|-heal|p2a: NASTY!!!!!!!|100/100|[from] item: Leftovers
|upkeep
|turn|31
|c|☆OU make me yawn ¤|ballsy move
|c|☆IM AT MY LIMIT|thank you LOL
|inactive|OU make me yawn ¤ has 270 seconds left.
|
|t:|1617414678
|switch|p2a: ASS|Clefable, F|100/100
|move|p1a: Raven|Draining Kiss|p2a: ASS
|-damage|p2a: ASS|86/100
|
|upkeep
|turn|32
|
|t:|1617414692
|switch|p1a: Yami|Corviknight, M, shiny|94/100 brn
|-ability|p1a: Yami|Pressure
|move|p2a: ASS|Moonblast|p1a: Yami
|-resisted|p1a: Yami
|-crit|p1a: Yami
|-damage|p1a: Yami|77/100 brn
|
|-damage|p1a: Yami|71/100 brn|[from] brn
|upkeep
|turn|33
|inactive|IM AT MY LIMIT has 270 seconds left.
|inactive|OU make me yawn ¤ has 270 seconds left.
|
|t:|1617414729
|switch|p1a: Phantom|Marowak-Alola, M, shiny|84/100
|switch|p2a: Kyurem check?|Volcarona, M|77/100
|
|upkeep
|turn|34
|
|t:|1617414748
|switch|p2a: HAHAHAHAH|Gastrodon, M|100/100
|move|p1a: Phantom|Toxic|p2a: HAHAHAHAH|[miss]
|-miss|p1a: Phantom|p2a: HAHAHAHAH
|
|upkeep
|turn|35
|c|☆OU make me yawn ¤|fr
|inactive|OU make me yawn ¤ has 270 seconds left.
|c|☆IM AT MY LIMIT|i was gonna heal bell it anyway
|inactive|IM AT MY LIMIT has 240 seconds left.
|
|t:|1617414780
|switch|p1a: Raven|Tapu Fini, shiny|100/100
|-fieldstart|move: Misty Terrain|[from] ability: Misty Surge|[of] p1a: Raven
|move|p2a: HAHAHAHAH|Earthquake|p1a: Raven
|-damage|p1a: Raven|80/100
|
|-heal|p1a: Raven|86/100|[from] item: Leftovers
|upkeep
|turn|36
|
|t:|1617414789
|switch|p1a: Ramen|Tangrowth, M|100/100
|move|p2a: HAHAHAHAH|Earthquake|p1a: Ramen
|-resisted|p1a: Ramen
|-damage|p1a: Ramen|93/100
|
|upkeep
|turn|37
|inactive|OU make me yawn ¤ has 270 seconds left.
|inactive|IM AT MY LIMIT has 240 seconds left.
|
|t:|1617414803
|switch|p1a: Kyotaro|Kyurem, shiny|100/100
|-ability|p1a: Kyotaro|Pressure
|switch|p2a: ur mom|Xatu, M|100/100
|
|upkeep
|turn|38
|inactive|IM AT MY LIMIT has 240 seconds left.
|inactive|OU make me yawn ¤ has 270 seconds left.
|
|t:|1617414820
|switch|p2a: Kyurem check?|Volcarona, M|77/100
|move|p1a: Kyotaro|Icicle Spear|p2a: Kyurem check?
|-resisted|p2a: Kyurem check?
|-damage|p2a: Kyurem check?|72/100
|-resisted|p2a: Kyurem check?
|-damage|p2a: Kyurem check?|68/100
|-hitcount|p2a: Kyurem check?|2
|
|upkeep
|turn|39
|inactive|OU make me yawn ¤ has 270 seconds left.
|
|t:|1617414827
|switch|p1a: Serpentine|Toxapex, M, shiny|100/100
|move|p2a: Kyurem check?|Roost|p2a: Kyurem check?
|-heal|p2a: Kyurem check?|100/100
|-singleturn|p2a: Kyurem check?|move: Roost
|
|-fieldend|Misty Terrain
|upkeep
|turn|40
|inactive|IM AT MY LIMIT has 240 seconds left.
|
|t:|1617414844
|switch|p2a: HAHAHAHAH|Gastrodon, M|100/100
|move|p1a: Serpentine|Knock Off|p2a: HAHAHAHAH
|-damage|p2a: HAHAHAHAH|92/100
|
|upkeep
|turn|41
|inactive|IM AT MY LIMIT has 240 seconds left.
|
|t:|1617414857
|switch|p1a: Yami|Corviknight, M, shiny|71/100 brn
|-ability|p1a: Yami|Pressure
|move|p2a: HAHAHAHAH|Earthquake|p1a: Yami
|-immune|p1a: Yami
|
|-damage|p1a: Yami|65/100 brn|[from] brn
|upkeep
|turn|42
|
|t:|1617414869
|switch|p2a: ur mom|Xatu, M|100/100
|move|p1a: Yami|Roost|p1a: Yami
|-heal|p1a: Yami|100/100 brn
|-singleturn|p1a: Yami|move: Roost
|
|-damage|p1a: Yami|94/100 brn|[from] brn
|upkeep
|turn|43
|
|t:|1617414881
|switch|p1a: Phantom|Marowak-Alola, M, shiny|84/100
|move|p2a: ur mom|Teleport|p2a: ur mom
|
|t:|1617414886
|switch|p2a: HAHAHAHAH|Gastrodon, M|92/100|[from]move: Teleport
|
|upkeep
|turn|44
|
|t:|1617414897
|switch|p1a: Yami|Corviknight, M, shiny|94/100 brn
|-ability|p1a: Yami|Pressure
|switch|p2a: NASTY!!!!!!!|Hydreigon, M|100/100
|
|-damage|p1a: Yami|88/100 brn|[from] brn
|upkeep
|turn|45
|
|t:|1617414909
|switch|p1a: Serpentine|Toxapex, M, shiny|100/100
|move|p2a: NASTY!!!!!!!|Dark Pulse|p1a: Serpentine
|-damage|p1a: Serpentine|78/100
|
|upkeep
|turn|46
|inactive|IM AT MY LIMIT has 270 seconds left.
|
|t:|1617414928
|switch|p2a: ur mom|Xatu, M|100/100
|move|p1a: Serpentine|Knock Off|p2a: ur mom
|-supereffective|p2a: ur mom
|-damage|p2a: ur mom|81/100
|
|upkeep
|turn|47
|
|t:|1617414933
|move|p2a: ur mom|Night Shade|p1a: Serpentine
|-damage|p1a: Serpentine|45/100
|move|p1a: Serpentine|Scald|p2a: ur mom
|-damage|p2a: ur mom|59/100
|
|upkeep
|turn|48
|
|t:|1617414940
|move|p2a: ur mom|Night Shade|p1a: Serpentine
|-damage|p1a: Serpentine|12/100
|move|p1a: Serpentine|Recover|p1a: Serpentine
|-heal|p1a: Serpentine|62/100
|
|upkeep
|turn|49
|
|t:|1617414951
|switch|p1a: Ramen|Tangrowth, M|100/100
|move|p2a: ur mom|Night Shade|p1a: Ramen
|-damage|p1a: Ramen|76/100
|
|upkeep
|turn|50
|inactive|IM AT MY LIMIT has 270 seconds left.
|
|t:|1617414979
|switch|p1a: Serpentine|Toxapex, M, shiny|95/100
|move|p2a: ur mom|Roost|p2a: ur mom
|-heal|p2a: ur mom|100/100
|-singleturn|p2a: ur mom|move: Roost
|
|upkeep
|turn|51
|
|t:|1617414985
|switch|p1a: Ramen|Tangrowth, M|100/100
|move|p2a: ur mom|Teleport|p2a: ur mom
|
|t:|1617414991
|switch|p2a: Kyurem check?|Volcarona, M|100/100|[from]move: Teleport
|
|upkeep
|turn|52
|inactive|IM AT MY LIMIT has 270 seconds left.
|
|t:|1617415004
|switch|p1a: Serpentine|Toxapex, M, shiny|100/100
|move|p2a: Kyurem check?|Quiver Dance|p2a: Kyurem check?
|-boost|p2a: Kyurem check?|spa|1
|-boost|p2a: Kyurem check?|spd|1
|-boost|p2a: Kyurem check?|spe|1
|
|upkeep
|turn|53
|inactive|IM AT MY LIMIT has 270 seconds left.
|c|☆OU make me yawn ¤|no psychic or psychic
|c|☆IM AT MY LIMIT|thats for you to find out
|c|☆OU make me yawn ¤|:/
|
|t:|1617415037
|switch|p2a: ur mom|Xatu, M|100/100
|move|p1a: Serpentine|Haze|p1a: Serpentine
|-clearallboost
|
|upkeep
|turn|54
|inactive|OU make me yawn ¤ has 270 seconds left.
|inactive|IM AT MY LIMIT has 240 seconds left.
|
|t:|1617415066
|switch|p2a: HAHAHAHAH|Gastrodon, M|92/100
|move|p1a: Serpentine|Knock Off|p2a: HAHAHAHAH
|-crit|p2a: HAHAHAHAH
|-damage|p2a: HAHAHAHAH|80/100
|
|upkeep
|turn|55
|inactive|OU make me yawn ¤ has 270 seconds left.
|
|t:|1617415081
|switch|p2a: ur mom|Xatu, M|100/100
|switch|p1a: Yami|Corviknight, M, shiny|88/100 brn
|-ability|p1a: Yami|Pressure
|
|-damage|p1a: Yami|82/100 brn|[from] brn
|upkeep
|turn|56
|
|t:|1617415093
|switch|p2a: HAHAHAHAH|Gastrodon, M|80/100
|switch|p1a: Kyotaro|Kyurem, shiny|100/100
|-ability|p1a: Kyotaro|Pressure
|
|upkeep
|turn|57
|
|t:|1617415107
|switch|p2a: Trolled|Avalugg, F|100/100
|move|p1a: Kyotaro|Freeze-Dry|p2a: Trolled
|-resisted|p2a: Trolled
|-damage|p2a: Trolled|80/100
|
|upkeep
|turn|58
|
|t:|1617415115
|switch|p1a: Yami|Corviknight, M, shiny|82/100 brn
|-ability|p1a: Yami|Pressure
|move|p2a: Trolled|Toxic||[still]
|-fail|p2a: Trolled
|
|-damage|p1a: Yami|76/100 brn|[from] brn
|upkeep
|turn|59
|
|t:|1617415124
|switch|p2a: Kyurem check?|Volcarona, M|100/100
|move|p1a: Yami|Taunt|p2a: Kyurem check?
|-start|p2a: Kyurem check?|move: Taunt
|
|-damage|p1a: Yami|70/100 brn|[from] brn
|upkeep
|turn|60
|inactive|IM AT MY LIMIT has 240 seconds left.
|inactive|IM AT MY LIMIT has 210 seconds left.
|
|t:|1617415168
|switch|p2a: ur mom|Xatu, M|100/100
|switch|p1a: Phantom|Marowak-Alola, M, shiny|84/100
|
|upkeep
|turn|61
|inactive|IM AT MY LIMIT has 210 seconds left.
|
|t:|1617415174
|switch|p2a: HAHAHAHAH|Gastrodon, M|80/100
|move|p1a: Phantom|Stealth Rock|p2a: HAHAHAHAH
|-sidestart|p2: IM AT MY LIMIT|move: Stealth Rock
|
|upkeep
|turn|62
|
|t:|1617415182
|switch|p2a: NASTY!!!!!!!|Hydreigon, M|100/100
|-damage|p2a: NASTY!!!!!!!|88/100|[from] Stealth Rock
|move|p1a: Phantom|Toxic|p2a: NASTY!!!!!!!
|-status|p2a: NASTY!!!!!!!|tox
|
|-heal|p2a: NASTY!!!!!!!|94/100 tox|[from] item: Leftovers
|-damage|p2a: NASTY!!!!!!!|88/100 tox|[from] psn
|upkeep
|turn|63
|
|t:|1617415189
|move|p2a: NASTY!!!!!!!|Defog|p1a: Phantom
|-unboost|p1a: Phantom|evasion|1
|-sideend|p2: IM AT MY LIMIT|Stealth Rock|[from] move: Defog|[of] p2a: NASTY!!!!!!!
|move|p1a: Phantom|Knock Off|p2a: NASTY!!!!!!!
|-resisted|p2a: NASTY!!!!!!!
|-damage|p2a: NASTY!!!!!!!|81/100 tox
|-enditem|p2a: NASTY!!!!!!!|Leftovers|[from] move: Knock Off|[of] p1a: Phantom
|
|-damage|p2a: NASTY!!!!!!!|68/100 tox|[from] psn
|upkeep
|turn|64
|c|☆OU make me yawn ¤|stop bluffing
|c|☆IM AT MY LIMIT|BRUH
|
|t:|1617415212
|switch|p1a: Serpentine|Toxapex, M, shiny|100/100
|move|p2a: NASTY!!!!!!!|Earth Power|p1a: Serpentine
|-supereffective|p1a: Serpentine
|-crit|p1a: Serpentine
|-damage|p1a: Serpentine|48/100
|
|-damage|p2a: NASTY!!!!!!!|50/100 tox|[from] psn
|upkeep
|turn|65
|
|t:|1617415222
|switch|p1a: Raven|Tapu Fini, shiny|86/100
|-fieldstart|move: Misty Terrain|[from] ability: Misty Surge|[of] p1a: Raven
|move|p2a: NASTY!!!!!!!|Roost|p2a: NASTY!!!!!!!
|-heal|p2a: NASTY!!!!!!!|99/100 tox
|-singleturn|p2a: NASTY!!!!!!!|move: Roost
|
|-heal|p1a: Raven|92/100|[from] item: Leftovers
|-damage|p2a: NASTY!!!!!!!|75/100 tox|[from] psn
|upkeep
|turn|66
|
|t:|1617415233
|switch|p2a: ASS|Clefable, F|86/100
|move|p1a: Raven|Taunt|p2a: ASS
|-start|p2a: ASS|move: Taunt
|
|-heal|p1a: Raven|98/100|[from] item: Leftovers
|upkeep
|turn|67
|
|t:|1617415244
|switch|p1a: Yami|Corviknight, M, shiny|70/100 brn
|-ability|p1a: Yami|Pressure
|move|p2a: ASS|Moonblast|p1a: Yami
|-resisted|p1a: Yami
|-damage|p1a: Yami|60/100 brn
|
|-damage|p1a: Yami|54/100 brn|[from] brn
|upkeep
|turn|68
|
|t:|1617415257
|switch|p2a: Kyurem check?|Volcarona, M|100/100
|move|p1a: Yami|Roost|p1a: Yami
|-heal|p1a: Yami|100/100 brn
|-singleturn|p1a: Yami|move: Roost
|
|-damage|p1a: Yami|94/100 brn|[from] brn
|upkeep
|turn|69
|
|t:|1617415265
|switch|p1a: Serpentine|Toxapex, M, shiny|82/100
|move|p2a: Kyurem check?|Quiver Dance|p2a: Kyurem check?
|-boost|p2a: Kyurem check?|spa|1
|-boost|p2a: Kyurem check?|spd|1
|-boost|p2a: Kyurem check?|spe|1
|
|-fieldend|Misty Terrain
|upkeep
|turn|70
|inactive|IM AT MY LIMIT has 240 seconds left.
|
|t:|1617415280
|switch|p2a: ASS|Clefable, F|86/100
|move|p1a: Serpentine|Knock Off|p2a: ASS
|-resisted|p2a: ASS
|-damage|p2a: ASS|80/100
|-enditem|p2a: ASS|Heavy-Duty Boots|[from] move: Knock Off|[of] p1a: Serpentine
|
|upkeep
|turn|71
|inactive|IM AT MY LIMIT has 240 seconds left.
|
|t:|1617415292
|move|p2a: ASS|Heal Bell|p2a: ASS
|-activate|p2a: ASS|move: Heal Bell
|-curestatus|p2: NASTY!!!!!!!|tox|[msg]
|move|p1a: Serpentine|Scald|p2a: ASS
|-damage|p2a: ASS|64/100
|
|upkeep
|turn|72
|
|t:|1617415299
|move|p2a: ASS|Soft-Boiled|p2a: ASS
|-heal|p2a: ASS|100/100
|move|p1a: Serpentine|Knock Off|p2a: ASS
|-resisted|p2a: ASS
|-damage|p2a: ASS|96/100
|
|upkeep
|turn|73
|inactive|IM AT MY LIMIT has 240 seconds left.
|
|t:|1617415319
|switch|p2a: NASTY!!!!!!!|Hydreigon, M|75/100
|switch|p1a: Yami|Corviknight, M, shiny|94/100 brn
|-ability|p1a: Yami|Pressure
|
|-damage|p1a: Yami|88/100 brn|[from] brn
|upkeep
|turn|74
|inactive|IM AT MY LIMIT has 240 seconds left.
|inactive|OU make me yawn ¤ has 270 seconds left.
|inactive|IM AT MY LIMIT has 210 seconds left.
|inactive|OU make me yawn ¤ has 240 seconds left.
|inactive|IM AT MY LIMIT has 180 seconds left.
|
|t:|1617415396
|switch|p2a: Kyurem check?|Volcarona, M|100/100
|switch|p1a: Serpentine|Toxapex, M, shiny|100/100
|
|upkeep
|turn|75
|inactive|OU make me yawn ¤ has 240 seconds left.
|
|t:|1617415417
|switch|p2a: ur mom|Xatu, M|100/100
|move|p1a: Serpentine|Knock Off|p2a: ur mom
|-supereffective|p2a: ur mom
|-damage|p2a: ur mom|83/100
|
|upkeep
|turn|76
|
|t:|1617415425
|switch|p2a: NASTY!!!!!!!|Hydreigon, M|75/100
|move|p1a: Serpentine|Scald|p2a: NASTY!!!!!!!
|-resisted|p2a: NASTY!!!!!!!
|-damage|p2a: NASTY!!!!!!!|67/100
|
|upkeep
|turn|77
|inactive|OU make me yawn ¤ has 240 seconds left.
|
|t:|1617415435
|switch|p1a: Yami|Corviknight, M, shiny|88/100 brn
|-ability|p1a: Yami|Pressure
|move|p2a: NASTY!!!!!!!|Roost|p2a: NASTY!!!!!!!
|-heal|p2a: NASTY!!!!!!!|100/100
|-singleturn|p2a: NASTY!!!!!!!|move: Roost
|
|-damage|p1a: Yami|82/100 brn|[from] brn
|upkeep
|turn|78
|inactive|OU make me yawn ¤ has 240 seconds left.
|inactive|IM AT MY LIMIT has 180 seconds left.
|
|t:|1617415447
|switch|p2a: Kyurem check?|Volcarona, M|100/100
|switch|p1a: Kyotaro|Kyurem, shiny|100/100
|-ability|p1a: Kyotaro|Pressure
|
|upkeep
|turn|79
|inactive|IM AT MY LIMIT has 180 seconds left.
|
|t:|1617415458
|switch|p1a: Serpentine|Toxapex, M, shiny|100/100
|move|p2a: Kyurem check?|Quiver Dance|p2a: Kyurem check?
|-boost|p2a: Kyurem check?|spa|1
|-boost|p2a: Kyurem check?|spd|1
|-boost|p2a: Kyurem check?|spe|1
|
|upkeep
|turn|80
|inactive|IM AT MY LIMIT has 180 seconds left.
|
|t:|1617415468
|switch|p2a: HAHAHAHAH|Gastrodon, M|80/100
|switch|p1a: Kyotaro|Kyurem, shiny|100/100
|-ability|p1a: Kyotaro|Pressure
|
|upkeep
|turn|81
|
|t:|1617415477
|switch|p2a: Trolled|Avalugg, F|80/100
|move|p1a: Kyotaro|Substitute|p1a: Kyotaro
|-start|p1a: Kyotaro|Substitute
|-damage|p1a: Kyotaro|76/100
|
|upkeep
|turn|82
|inactive|OU make me yawn ¤ has 270 seconds left.
|
|t:|1617415494
|move|p1a: Kyotaro|Freeze-Dry|p2a: Trolled
|-resisted|p2a: Trolled
|-crit|p2a: Trolled
|-damage|p2a: Trolled|45/100
|move|p2a: Trolled|Body Press|p1a: Kyotaro
|-supereffective|p1a: Kyotaro
|-end|p1a: Kyotaro|Substitute
|
|upkeep
|turn|83
|
|t:|1617415505
|move|p1a: Kyotaro|Substitute|p1a: Kyotaro
|-start|p1a: Kyotaro|Substitute
|-damage|p1a: Kyotaro|51/100
|move|p2a: Trolled|Recover|p2a: Trolled
|-heal|p2a: Trolled|95/100
|
|upkeep
|turn|84
|
|t:|1617415511
|move|p1a: Kyotaro|Roost|p1a: Kyotaro
|-heal|p1a: Kyotaro|100/100
|-singleturn|p1a: Kyotaro|move: Roost
|move|p2a: Trolled|Body Press|p1a: Kyotaro
|-supereffective|p1a: Kyotaro
|-end|p1a: Kyotaro|Substitute
|
|upkeep
|turn|85
|
|t:|1617415526
|switch|p1a: Serpentine|Toxapex, M, shiny|100/100
|switch|p2a: Kyurem check?|Volcarona, M|100/100
|
|upkeep
|turn|86
|
|t:|1617415550
|switch|p2a: HAHAHAHAH|Gastrodon, M|80/100
|move|p1a: Serpentine|Scald|p2a: HAHAHAHAH
|-ability|p2a: HAHAHAHAH|Storm Drain|boost
|-boost|p2a: HAHAHAHAH|spa|1
|
|upkeep
|turn|87
|inactive|OU make me yawn ¤ has 270 seconds left.
|
|t:|1617415574
|switch|p1a: Yami|Corviknight, M, shiny|82/100 brn
|-ability|p1a: Yami|Pressure
|move|p2a: HAHAHAHAH|Scald|p1a: Yami
|-damage|p1a: Yami|58/100 brn
|
|-damage|p1a: Yami|52/100 brn|[from] brn
|upkeep
|turn|88
|
|t:|1617415585
|switch|p2a: NASTY!!!!!!!|Hydreigon, M|100/100
|move|p1a: Yami|Roost|p1a: Yami
|-heal|p1a: Yami|100/100 brn
|-singleturn|p1a: Yami|move: Roost
|
|-damage|p1a: Yami|94/100 brn|[from] brn
|upkeep
|turn|89
|
|t:|1617415598
|switch|p1a: Serpentine|Toxapex, M, shiny|100/100
|move|p2a: NASTY!!!!!!!|Dark Pulse|p1a: Serpentine
|-damage|p1a: Serpentine|80/100
|
|upkeep
|turn|90
|inactive|OU make me yawn ¤ has 270 seconds left.
|inactive|IM AT MY LIMIT has 180 seconds left.
|
|t:|1617415646
|switch|p1a: Yami|Corviknight, M, shiny|94/100 brn
|-ability|p1a: Yami|Pressure
|move|p2a: NASTY!!!!!!!|Earth Power|p1a: Yami
|-immune|p1a: Yami
|
|-damage|p1a: Yami|88/100 brn|[from] brn
|upkeep
|turn|91
|inactive|OU make me yawn ¤ has 240 seconds left.
|inactive|IM AT MY LIMIT has 150 seconds left.
|inactive|OU make me yawn ¤ has 210 seconds left.
|inactive|IM AT MY LIMIT has 120 seconds left.
|inactive|OU make me yawn ¤ has 180 seconds left.
|
|t:|1617415722
|switch|p2a: Kyurem check?|Volcarona, M|100/100
|switch|p1a: Serpentine|Toxapex, M, shiny|100/100
|
|upkeep
|turn|92
|inactive|IM AT MY LIMIT has 120 seconds left.
|
|t:|1617415741
|switch|p2a: ur mom|Xatu, M|83/100
|switch|p1a: Phantom|Marowak-Alola, M, shiny|84/100
|
|upkeep
|turn|93
|
|t:|1617415756
|switch|p2a: HAHAHAHAH|Gastrodon, M|80/100
|move|p1a: Phantom|Poltergeist||[still]
|-fail|p1a: Phantom
|
|upkeep
|turn|94
|inactive|IM AT MY LIMIT has 120 seconds left.
|c|☆OU make me yawn ¤|WHYYYYY
|inactive|OU make me yawn ¤ has 180 seconds left.
|inactive|IM AT MY LIMIT has 90 seconds left.
|
|t:|1617415797
|switch|p1a: Ramen|Tangrowth, M|100/100
|switch|p2a: NASTY!!!!!!!|Hydreigon, M|100/100
|
|upkeep
|turn|95
|inactive|OU make me yawn ¤ has 180 seconds left.
|
|t:|1617415806
|move|p2a: NASTY!!!!!!!|Dark Pulse|p1a: Ramen
|-damage|p1a: Ramen|53/100
|move|p1a: Ramen|Sleep Powder|p2a: NASTY!!!!!!!
|-status|p2a: NASTY!!!!!!!|slp|[from] move: Sleep Powder
|
|upkeep
|turn|96
|
|t:|1617415816
|switch|p2a: ASS|Clefable, F|96/100
|switch|p1a: Kyotaro|Kyurem, shiny|100/100
|-ability|p1a: Kyotaro|Pressure
|
|upkeep
|turn|97
|
|t:|1617415822
|move|p1a: Kyotaro|Substitute|p1a: Kyotaro
|-start|p1a: Kyotaro|Substitute
|-damage|p1a: Kyotaro|76/100
|move|p2a: ASS|Heal Bell|p2a: ASS
|-activate|p2a: ASS|move: Heal Bell
|-curestatus|p2: NASTY!!!!!!!|slp|[msg]
|
|upkeep
|turn|98
|
|t:|1617415830
|switch|p2a: Kyurem check?|Volcarona, M|100/100
|move|p1a: Kyotaro|Freeze-Dry|p2a: Kyurem check?
|-resisted|p2a: Kyurem check?
|-damage|p2a: Kyurem check?|88/100
|
|upkeep
|turn|99
|
|t:|1617415838
|move|p1a: Kyotaro|Freeze-Dry|p2a: Kyurem check?
|-resisted|p2a: Kyurem check?
|-damage|p2a: Kyurem check?|77/100
|move|p2a: Kyurem check?|Quiver Dance|p2a: Kyurem check?
|-boost|p2a: Kyurem check?|spa|1
|-boost|p2a: Kyurem check?|spd|1
|-boost|p2a: Kyurem check?|spe|1
|
|upkeep
|turn|100
|inactive|OU make me yawn ¤ has 210 seconds left.
|inactive|IM AT MY LIMIT has 120 seconds left.
|
|t:|1617415844
|move|p2a: Kyurem check?|Quiver Dance|p2a: Kyurem check?
|-boost|p2a: Kyurem check?|spa|1
|-boost|p2a: Kyurem check?|spd|1
|-boost|p2a: Kyurem check?|spe|1
|move|p1a: Kyotaro|Freeze-Dry|p2a: Kyurem check?
|-resisted|p2a: Kyurem check?
|-damage|p2a: Kyurem check?|71/100
|
|upkeep
|turn|101
|
|t:|1617415851
|move|p2a: Kyurem check?|Fiery Dance|p1a: Kyotaro
|-end|p1a: Kyotaro|Substitute
|-boost|p2a: Kyurem check?|spa|1
|move|p1a: Kyotaro|Freeze-Dry|p2a: Kyurem check?
|-resisted|p2a: Kyurem check?
|-damage|p2a: Kyurem check?|64/100
|
|upkeep
|turn|102
|
|t:|1617415857
|switch|p1a: Serpentine|Toxapex, M, shiny|100/100
|move|p2a: Kyurem check?|Bug Buzz|p1a: Serpentine
|-resisted|p1a: Serpentine
|-damage|p1a: Serpentine|70/100
|
|upkeep
|turn|103
|c|☆IM AT MY LIMIT|spdF?
|c|☆OU make me yawn ¤|ye
|inactive|IM AT MY LIMIT has 120 seconds left.
|
|t:|1617415887
|switch|p2a: ur mom|Xatu, M|83/100
|move|p1a: Serpentine|Haze|p1a: Serpentine
|-clearallboost
|
|upkeep
|turn|104
|inactive|IM AT MY LIMIT has 120 seconds left.
|
|t:|1617415901
|move|p2a: ur mom|Wish|p2a: ur mom
|move|p1a: Serpentine|Scald|p2a: ur mom
|-damage|p2a: ur mom|60/100
|-status|p2a: ur mom|brn
|
|-damage|p2a: ur mom|54/100 brn|[from] brn
|upkeep
|turn|105
|inactive|IM AT MY LIMIT has 120 seconds left.
|
|t:|1617415910
|switch|p2a: Kyurem check?|Volcarona, M|64/100
|switch|p1a: Phantom|Marowak-Alola, M, shiny|84/100
|
|-heal|p2a: Kyurem check?|100/100|[from] move: Wish|[wisher] ur mom
|upkeep
|turn|106
|inactive|OU make me yawn ¤ has 240 seconds left.
|
|t:|1617415922
|switch|p2a: NASTY!!!!!!!|Hydreigon, M|100/100
|move|p1a: Phantom|Toxic|p2a: NASTY!!!!!!!
|-status|p2a: NASTY!!!!!!!|tox
|
|-damage|p2a: NASTY!!!!!!!|94/100 tox|[from] psn
|upkeep
|turn|107
|inactive|OU make me yawn ¤ has 240 seconds left.
|
|t:|1617415930
|switch|p1a: Yami|Corviknight, M, shiny|88/100 brn
|-ability|p1a: Yami|Pressure
|move|p2a: NASTY!!!!!!!|Dark Pulse|p1a: Yami
|-damage|p1a: Yami|67/100 brn
|
|-damage|p2a: NASTY!!!!!!!|82/100 tox|[from] psn
|-damage|p1a: Yami|61/100 brn|[from] brn
|upkeep
|turn|108
|
|t:|1617415938
|move|p2a: NASTY!!!!!!!|Dark Pulse|p1a: Yami
|-damage|p1a: Yami|38/100 brn
|move|p1a: Yami|Roost|p1a: Yami
|-heal|p1a: Yami|88/100 brn
|-singleturn|p1a: Yami|move: Roost
|
|-damage|p2a: NASTY!!!!!!!|63/100 tox|[from] psn
|-damage|p1a: Yami|82/100 brn|[from] brn
|upkeep
|turn|109
|
|t:|1617415950
|switch|p2a: ASS|Clefable, F|96/100
|switch|p1a: Phantom|Marowak-Alola, M, shiny|84/100
|
|upkeep
|turn|110
|inactive|IM AT MY LIMIT has 150 seconds left.
|
|t:|1617415959
|move|p2a: ASS|Heal Bell|p2a: ASS
|-activate|p2a: ASS|move: Heal Bell
|-curestatus|p2: NASTY!!!!!!!|tox|[msg]
|-curestatus|p2: ur mom|brn|[msg]
|move|p1a: Phantom|Toxic|p2a: ASS
|-status|p2a: ASS|tox
|
|-damage|p2a: ASS|90/100 tox|[from] psn
|upkeep
|turn|111
|
|t:|1617415970
|move|p2a: ASS|Heal Bell|p2a: ASS
|-activate|p2a: ASS|move: Heal Bell
|-curestatus|p2a: ASS|tox|[msg]
|move|p1a: Phantom|Poltergeist||[still]
|-fail|p1a: Phantom
|
|upkeep
|turn|112
|c|☆OU make me yawn ¤|oh
|c|☆OU make me yawn ¤|i forgot
|inactive|OU make me yawn ¤ has 240 seconds left.
|inactive|IM AT MY LIMIT has 150 seconds left.
|c|☆OU make me yawn ¤|LOL
|
|t:|1617415998
|switch|p2a: HAHAHAHAH|Gastrodon, M|80/100
|move|p1a: Phantom|Toxic|p2a: HAHAHAHAH
|-status|p2a: HAHAHAHAH|tox
|
|-damage|p2a: HAHAHAHAH|74/100 tox|[from] psn
|upkeep
|turn|113
|inactive|OU make me yawn ¤ has 240 seconds left.
|
|t:|1617416010
|switch|p2a: ASS|Clefable, F|90/100
|move|p1a: Phantom|Stealth Rock|p2a: ASS
|-sidestart|p2: IM AT MY LIMIT|move: Stealth Rock
|
|upkeep
|turn|114
|
|t:|1617416017
|move|p2a: ASS|Heal Bell|p2a: ASS
|-activate|p2a: ASS|move: Heal Bell
|-curestatus|p2: HAHAHAHAH|tox|[msg]
|move|p1a: Phantom|Toxic|p2a: ASS
|-status|p2a: ASS|tox
|
|-damage|p2a: ASS|84/100 tox|[from] psn
|upkeep
|turn|115
|
|t:|1617416033
|switch|p1a: Serpentine|Toxapex, M, shiny|100/100
|move|p2a: ASS|Heal Bell|p2a: ASS
|-activate|p2a: ASS|move: Heal Bell
|-curestatus|p2a: ASS|tox|[msg]
|
|upkeep
|turn|116
|
|t:|1617416040
|switch|p2a: NASTY!!!!!!!|Hydreigon, M|63/100
|-damage|p2a: NASTY!!!!!!!|51/100|[from] Stealth Rock
|switch|p1a: Phantom|Marowak-Alola, M, shiny|84/100
|
|upkeep
|turn|117
|
|t:|1617416050
|switch|p1a: Raven|Tapu Fini, shiny|98/100
|-fieldstart|move: Misty Terrain|[from] ability: Misty Surge|[of] p1a: Raven
|move|p2a: NASTY!!!!!!!|Roost|p2a: NASTY!!!!!!!
|-heal|p2a: NASTY!!!!!!!|100/100
|-singleturn|p2a: NASTY!!!!!!!|move: Roost
|
|-heal|p1a: Raven|100/100|[from] item: Leftovers
|upkeep
|turn|118
|inactive|IM AT MY LIMIT has 180 seconds left.
|inactive|IM AT MY LIMIT has 150 seconds left.
|inactive|IM AT MY LIMIT has 120 seconds left.
|inactive|IM AT MY LIMIT has 90 seconds left.
|inactive|IM AT MY LIMIT has 60 seconds left.
|
|t:|1617416191
|switch|p2a: ASS|Clefable, F|84/100
|-damage|p2a: ASS|72/100|[from] Stealth Rock
|move|p1a: Raven|Calm Mind|p1a: Raven
|-boost|p1a: Raven|spa|1
|-boost|p1a: Raven|spd|1
|
|upkeep
|turn|119
|c|☆IM AT MY LIMIT|i think i lose
|
|t:|1617416205
|move|p1a: Raven|Scald|p2a: ASS
|-damage|p2a: ASS|48/100
|move|p2a: ASS|Moonblast|p1a: Raven
|-damage|p1a: Raven|73/100
|
|-heal|p1a: Raven|80/100|[from] item: Leftovers
|upkeep
|turn|120
|
|t:|1617416214
|move|p1a: Raven|Taunt|p2a: ASS
|-start|p2a: ASS|move: Taunt
|cant|p2a: ASS|move: Taunt|Soft-Boiled
|
|-heal|p1a: Raven|86/100|[from] item: Leftovers
|upkeep
|turn|121
|
|t:|1617416226
|switch|p2a: HAHAHAHAH|Gastrodon, M|74/100
|-damage|p2a: HAHAHAHAH|68/100|[from] Stealth Rock
|move|p1a: Raven|Scald|p2a: HAHAHAHAH
|-ability|p2a: HAHAHAHAH|Storm Drain|boost
|-boost|p2a: HAHAHAHAH|spa|1
|
|-heal|p1a: Raven|92/100|[from] item: Leftovers
|-fieldend|Misty Terrain
|upkeep
|turn|122
|
|t:|1617416237
|move|p1a: Raven|Draining Kiss|p2a: HAHAHAHAH
|-damage|p2a: HAHAHAHAH|46/100
|-heal|p1a: Raven|100/100|[from] drain|[of] p2a: HAHAHAHAH
|move|p2a: HAHAHAHAH|Earthquake|p1a: Raven
|-damage|p1a: Raven|81/100
|
|-heal|p1a: Raven|87/100|[from] item: Leftovers
|upkeep
|turn|123
|
|t:|1617416247
|move|p1a: Raven|Taunt|p2a: HAHAHAHAH
|-start|p2a: HAHAHAHAH|move: Taunt
|cant|p2a: HAHAHAHAH|move: Taunt|Recover
|
|-heal|p1a: Raven|94/100|[from] item: Leftovers
|upkeep
|turn|124
|
|t:|1617416253
|move|p1a: Raven|Draining Kiss|p2a: HAHAHAHAH
|-damage|p2a: HAHAHAHAH|23/100
|-heal|p1a: Raven|100/100|[from] drain|[of] p2a: HAHAHAHAH
|move|p2a: HAHAHAHAH|Scald|p1a: Raven
|-resisted|p1a: Raven
|-damage|p1a: Raven|92/100
|
|-heal|p1a: Raven|98/100|[from] item: Leftovers
|upkeep
|turn|125
|
|t:|1617416269
|switch|p2a: Kyurem check?|Volcarona, M|100/100
|move|p1a: Raven|Draining Kiss|p2a: Kyurem check?
|-resisted|p2a: Kyurem check?
|-crit|p2a: Kyurem check?
|-damage|p2a: Kyurem check?|84/100
|-heal|p1a: Raven|100/100|[from] drain|[of] p2a: Kyurem check?
|-status|p1a: Raven|brn|[from] ability: Flame Body|[of] p2a: Kyurem check?
|
|-damage|p1a: Raven|94/100 brn|[from] brn
|upkeep
|turn|126
|c|☆OU make me yawn ¤|WHAT
|c|☆IM AT MY LIMIT|wait that happens
|c|☆IM AT MY LIMIT|LOL
|inactive|IM AT MY LIMIT has 60 seconds left.
|
|t:|1617416294
|switch|p2a: ASS|Clefable, F|48/100
|-damage|p2a: ASS|36/100|[from] Stealth Rock
|move|p1a: Raven|Scald|p2a: ASS
|-damage|p2a: ASS|11/100
|
|-heal|p1a: Raven|100/100 brn|[from] item: Leftovers
|-damage|p1a: Raven|94/100 brn|[from] brn
|upkeep
|turn|127
|inactive|IM AT MY LIMIT has 60 seconds left.
|
|t:|1617416299
|move|p1a: Raven|Draining Kiss|p2a: ASS
|-damage|p2a: ASS|0 fnt
|-heal|p1a: Raven|100/100 brn|[from] drain|[of] p2a: ASS
|faint|p2a: ASS
|
|-damage|p1a: Raven|94/100 brn|[from] brn
|upkeep
|
|t:|1617416304
|switch|p2a: Trolled|Avalugg, F|95/100
|turn|128
|
|t:|1617416311
|switch|p2a: NASTY!!!!!!!|Hydreigon, M|100/100
|-damage|p2a: NASTY!!!!!!!|88/100|[from] Stealth Rock
|move|p1a: Raven|Scald|p2a: NASTY!!!!!!!
|-resisted|p2a: NASTY!!!!!!!
|-damage|p2a: NASTY!!!!!!!|70/100
|-status|p2a: NASTY!!!!!!!|brn
|
|-heal|p1a: Raven|100/100 brn|[from] item: Leftovers
|-damage|p2a: NASTY!!!!!!!|64/100 brn|[from] brn
|-damage|p1a: Raven|94/100 brn|[from] brn
|upkeep
|turn|129
|
|t:|1617416317
|move|p2a: NASTY!!!!!!!|Defog|p1a: Raven
|-unboost|p1a: Raven|evasion|1
|-sideend|p2: IM AT MY LIMIT|Stealth Rock|[from] move: Defog|[of] p2a: NASTY!!!!!!!
|move|p1a: Raven|Calm Mind|p1a: Raven
|-boost|p1a: Raven|spa|1
|-boost|p1a: Raven|spd|1
|
|-heal|p1a: Raven|100/100 brn|[from] item: Leftovers
|-damage|p2a: NASTY!!!!!!!|57/100 brn|[from] brn
|-damage|p1a: Raven|94/100 brn|[from] brn
|upkeep
|turn|130
|
|t:|1617416325
|switch|p2a: HAHAHAHAH|Gastrodon, M|23/100
|move|p1a: Raven|Draining Kiss|p2a: HAHAHAHAH
|-damage|p2a: HAHAHAHAH|0 fnt
|-heal|p1a: Raven|100/100 brn|[from] drain|[of] p2a: HAHAHAHAH
|faint|p2a: HAHAHAHAH
|
|-damage|p1a: Raven|94/100 brn|[from] brn
|upkeep
|
|t:|1617416331
|switch|p2a: Kyurem check?|Volcarona, M|84/100
|turn|131
|
|t:|1617416337
|move|p2a: Kyurem check?|Quiver Dance|p2a: Kyurem check?
|-boost|p2a: Kyurem check?|spa|1
|-boost|p2a: Kyurem check?|spd|1
|-boost|p2a: Kyurem check?|spe|1
|move|p1a: Raven|Scald|p2a: Kyurem check?
|-supereffective|p2a: Kyurem check?
|-damage|p2a: Kyurem check?|16/100
|
|-heal|p1a: Raven|100/100 brn|[from] item: Leftovers
|-damage|p1a: Raven|94/100 brn|[from] brn
|upkeep
|turn|132
|
|t:|1617416345
|move|p2a: Kyurem check?|Roost|p2a: Kyurem check?
|-heal|p2a: Kyurem check?|66/100
|-singleturn|p2a: Kyurem check?|move: Roost
|move|p1a: Raven|Calm Mind|p1a: Raven
|-boost|p1a: Raven|spa|1
|-boost|p1a: Raven|spd|1
|
|-heal|p1a: Raven|100/100 brn|[from] item: Leftovers
|-damage|p1a: Raven|94/100 brn|[from] brn
|upkeep
|turn|133
|
|t:|1617416356
|move|p2a: Kyurem check?|Roost|p2a: Kyurem check?
|-heal|p2a: Kyurem check?|100/100
|-singleturn|p2a: Kyurem check?|move: Roost
|move|p1a: Raven|Scald|p2a: Kyurem check?
|-supereffective|p2a: Kyurem check?
|-damage|p2a: Kyurem check?|28/100
|
|-heal|p1a: Raven|100/100 brn|[from] item: Leftovers
|-damage|p1a: Raven|94/100 brn|[from] brn
|upkeep
|turn|134
|
|t:|1617416363
|move|p2a: Kyurem check?|Roost|p2a: Kyurem check?
|-heal|p2a: Kyurem check?|78/100
|-singleturn|p2a: Kyurem check?|move: Roost
|move|p1a: Raven|Calm Mind|p1a: Raven
|-boost|p1a: Raven|spa|1
|-boost|p1a: Raven|spd|1
|
|-heal|p1a: Raven|100/100 brn|[from] item: Leftovers
|-damage|p1a: Raven|94/100 brn|[from] brn
|upkeep
|turn|135
|
|t:|1617416371
|move|p2a: Kyurem check?|Quiver Dance|p2a: Kyurem check?
|-boost|p2a: Kyurem check?|spa|1
|-boost|p2a: Kyurem check?|spd|1
|-boost|p2a: Kyurem check?|spe|1
|move|p1a: Raven|Taunt|p2a: Kyurem check?
|-start|p2a: Kyurem check?|move: Taunt
|
|-heal|p1a: Raven|100/100 brn|[from] item: Leftovers
|-damage|p1a: Raven|94/100 brn|[from] brn
|upkeep
|turn|136
|
|t:|1617416379
|move|p2a: Kyurem check?|Bug Buzz|p1a: Raven
|-resisted|p1a: Raven
|-damage|p1a: Raven|83/100 brn
|move|p1a: Raven|Calm Mind|p1a: Raven
|-boost|p1a: Raven|spa|1
|-boost|p1a: Raven|spd|1
|
|-heal|p1a: Raven|89/100 brn|[from] item: Leftovers
|-damage|p1a: Raven|83/100 brn|[from] brn
|upkeep
|turn|137
|
|t:|1617416387
|move|p2a: Kyurem check?|Fiery Dance|p1a: Raven
|-resisted|p1a: Raven
|-damage|p1a: Raven|75/100 brn
|-boost|p2a: Kyurem check?|spa|1
|move|p1a: Raven|Calm Mind|p1a: Raven
|-boost|p1a: Raven|spa|1
|-boost|p1a: Raven|spd|1
|
|-heal|p1a: Raven|81/100 brn|[from] item: Leftovers
|-damage|p1a: Raven|75/100 brn|[from] brn
|upkeep
|turn|138
|
|t:|1617416395
|move|p2a: Kyurem check?|Bug Buzz|p1a: Raven
|-resisted|p1a: Raven
|-damage|p1a: Raven|66/100 brn
|move|p1a: Raven|Scald|p2a: Kyurem check?
|-supereffective|p2a: Kyurem check?
|-damage|p2a: Kyurem check?|0 fnt
|faint|p2a: Kyurem check?
|
|-heal|p1a: Raven|72/100 brn|[from] item: Leftovers
|-damage|p1a: Raven|66/100 brn|[from] brn
|upkeep
|c|☆OU make me yawn ¤|gg
|c|☆IM AT MY LIMIT|bg
|c|☆IM AT MY LIMIT|marowak fucked me
|inactive|IM AT MY LIMIT has 120 seconds left.
|
|t:|1617416431
|switch|p2a: ur mom|Xatu, M|54/100
|turn|139
|
|t:|1617416437
|move|p2a: ur mom|Night Shade|p1a: Raven
|-damage|p1a: Raven|36/100 brn
|move|p1a: Raven|Draining Kiss|p2a: ur mom
|-damage|p2a: ur mom|0 fnt
|-heal|p1a: Raven|75/100 brn|[from] drain|[of] p2a: ur mom
|faint|p2a: ur mom
|
|-heal|p1a: Raven|82/100 brn|[from] item: Leftovers
|-damage|p1a: Raven|75/100 brn|[from] brn
|upkeep
|inactive|IM AT MY LIMIT has 120 seconds left.
|
|t:|1617416442
|switch|p2a: Trolled|Avalugg, F|95/100
|turn|140
|
|t:|1617416447
|move|p1a: Raven|Scald|p2a: Trolled
|-damage|p2a: Trolled|0 fnt
|faint|p2a: Trolled
|
|-heal|p1a: Raven|82/100 brn|[from] item: Leftovers
|-damage|p1a: Raven|75/100 brn|[from] brn
|upkeep
|
|t:|1617416452
|switch|p2a: NASTY!!!!!!!|Hydreigon, M|57/100 brn
|turn|141
|
|t:|1617416456
|move|p2a: NASTY!!!!!!!|Dark Pulse|p1a: Raven
|-resisted|p1a: Raven
|-damage|p1a: Raven|72/100 brn
|move|p1a: Raven|Draining Kiss|p2a: NASTY!!!!!!!
|-supereffective|p2a: NASTY!!!!!!!
|-damage|p2a: NASTY!!!!!!!|0 fnt
|-heal|p1a: Raven|100/100 brn|[from] drain|[of] p2a: NASTY!!!!!!!
|faint|p2a: NASTY!!!!!!!
|
|win|OU make me yawn ¤
