|j|☆Chinchou01
|j|☆Rheinmetal
|t:|1603605315
|player|p1|Chinchou01|dahlia|1493
|player|p2|Rheinmetal|cynthia|1506
|teamsize|p1|6
|teamsize|p2|6
|gametype|singles
|gen|8
|tier|[Gen 8] OU
|rated|
|clearpoke
|poke|p1|Regieleki|
|poke|p1|Tapu Koko|
|poke|p1|Kyurem-Black|
|poke|p1|Corviknight, M|
|poke|p1|Swampert, F|
|poke|p1|Zapdos-Galar|
|poke|p2|Skarmory, F|
|poke|p2|Spectrier|
|poke|p2|Urshifu-*, F|
|poke|p2|Magearna|
|poke|p2|Landorus, M|
|poke|p2|Ditto|
|rule|Sleep Clause Mod: Limit one foe put to sleep
|rule|Species Clause: Limit one of each Pokémon
|rule|OHKO Clause: OHKO moves are banned
|rule|Evasion Moves Clause: Evasion moves are banned
|rule|Endless Battle Clause: Forcing endless battles is banned
|rule|HP Percentage Mod: HP is shown in percentages
|rule|Dynamax Clause: You cannot dynamax
|teampreview
|inactive|Battle timer is ON: inactive players will automatically lose when time's up. (requested by Rheinmetal)
|
|t:|1603605338
|start
|switch|p1a: Swampert|Swampert, F|100/100
|switch|p2a: Skarmory|Skarmory, F|100/100
|turn|1
|
|t:|1603605347
|move|p2a: Skarmory|Taunt|p1a: Swampert
|-start|p1a: Swampert|move: Taunt
|cant|p1a: Swampert|move: Taunt|Stealth Rock
|
|upkeep
|turn|2
|
|t:|1603605349
|move|p2a: Skarmory|Stealth Rock|p1a: Swampert
|-sidestart|p1: Chinchou01|move: Stealth Rock
|move|p1a: Swampert|Flip Turn|p2a: Skarmory
|-damage|p2a: Skarmory|79/100
|
|t:|1603605353
|switch|p1a: Tapu Koko|Tapu Koko|100/100|[from]move: Flip Turn
|-damage|p1a: Tapu Koko|88/100|[from] Stealth Rock
|-fieldstart|move: Electric Terrain|[from] ability: Electric Surge|[of] p1a: Tapu Koko
|
|upkeep
|turn|3
|
|t:|1603605357
|move|p1a: Tapu Koko|U-turn|p2a: Skarmory
|-resisted|p2a: Skarmory
|-damage|p2a: Skarmory|75/100
|
|t:|1603605372
|switch|p1a: Corviknight|Corviknight, M|100/100|[from]move: U-turn
|-damage|p1a: Corviknight|88/100|[from] Stealth Rock
|-ability|p1a: Corviknight|Pressure
|move|p2a: Skarmory|Spikes|p1a: Corviknight
|-sidestart|p1: Chinchou01|Spikes
|
|upkeep
|turn|4
|
|t:|1603605377
|move|p2a: Skarmory|Taunt|p1a: Corviknight
|-start|p1a: Corviknight|move: Taunt
|cant|p1a: Corviknight|move: Taunt|Defog
|
|upkeep
|turn|5
|
|t:|1603605379
|move|p2a: Skarmory|Spikes|p1a: Corviknight
|-sidestart|p1: Chinchou01|Spikes
|move|p1a: Corviknight|U-turn|p2a: Skarmory
|-resisted|p2a: Skarmory
|-damage|p2a: Skarmory|72/100
|
|t:|1603605382
|switch|p1a: Tapu Koko|Tapu Koko|88/100|[from]move: U-turn
|-damage|p1a: Tapu Koko|72/100|[from] Spikes
|-damage|p1a: Tapu Koko|59/100|[from] Stealth Rock
|
|upkeep
|turn|6
|
|t:|1603605386
|move|p1a: Tapu Koko|Thunderbolt|p2a: Skarmory
|-supereffective|p2a: Skarmory
|-damage|p2a: Skarmory|0 fnt
|faint|p2a: Skarmory
|
|upkeep
|
|t:|1603605392
|switch|p2a: Landorus|Landorus, M|100/100
|turn|7
|
|t:|1603605412
|switch|p2a: Magearna|Magearna|100/100
|move|p1a: Tapu Koko|U-turn|p2a: Magearna
|-resisted|p2a: Magearna
|-damage|p2a: Magearna|96/100
|
|t:|1603605414
|switch|p1a: Swampert|Swampert, F|100/100|[from]move: U-turn
|-damage|p1a: Swampert|94/100|[from] Stealth Rock
|-damage|p1a: Swampert|78/100|[from] Spikes
|
|-heal|p2a: Magearna|100/100|[from] item: Leftovers
|-heal|p1a: Swampert|84/100|[from] item: Leftovers
|upkeep
|turn|8
|
|t:|1603605427
|switch|p2a: Urshifu|Urshifu, F|100/100
|move|p1a: Swampert|Earthquake|p2a: Urshifu
|-damage|p2a: Urshifu|64/100
|
|-heal|p1a: Swampert|90/100|[from] item: Leftovers
|upkeep
|turn|9
|
|t:|1603605437
|switch|p1a: Corviknight|Corviknight, M|88/100
|-damage|p1a: Corviknight|75/100|[from] Stealth Rock
|-ability|p1a: Corviknight|Pressure
|move|p2a: Urshifu|Bulk Up|p2a: Urshifu
|-boost|p2a: Urshifu|atk|1
|-boost|p2a: Urshifu|def|1
|
|-fieldend|move: Electric Terrain
|upkeep
|turn|10
|
|t:|1603605442
|move|p2a: Urshifu|Wicked Blow|p1a: Corviknight
|-crit|p1a: Corviknight
|-damage|p1a: Corviknight|1/100
|-damage|p2a: Urshifu|47/100|[from] item: Rocky Helmet|[of] p1a: Corviknight
|-damage|p2a: Urshifu|37/100|[from] item: Life Orb
|move|p1a: Corviknight|Defog|p2a: Urshifu
|-unboost|p2a: Urshifu|evasion|1
|-sideend|p1: Chinchou01|Spikes|[from] move: Defog|[of] p1a: Corviknight
|-sideend|p1: Chinchou01|Stealth Rock|[from] move: Defog|[of] p1a: Corviknight
|
|upkeep
|turn|11
|
|t:|1603605446
|move|p2a: Urshifu|Wicked Blow|p1a: Corviknight
|-crit|p1a: Corviknight
|-damage|p1a: Corviknight|0 fnt
|-damage|p2a: Urshifu|21/100|[from] item: Rocky Helmet|[of] p1a: Corviknight
|-damage|p2a: Urshifu|11/100|[from] item: Life Orb
|faint|p1a: Corviknight
|
|upkeep
|
|t:|1603605448
|switch|p1a: Zapdos|Zapdos-Galar|100/100
|turn|12
|
|t:|1603605455
|move|p1a: Zapdos|Brave Bird|p2a: Urshifu
|-supereffective|p2a: Urshifu
|-damage|p2a: Urshifu|0 fnt
|-damage|p1a: Zapdos|97/100|[from] Recoil
|faint|p2a: Urshifu
|
|upkeep
|
|t:|1603605464
|switch|p2a: Spectrier|Spectrier|100/100
|turn|13
|
|t:|1603605479
|move|p2a: Spectrier|Shadow Ball|p1a: Zapdos
|-damage|p1a: Zapdos|39/100
|-unboost|p1a: Zapdos|spd|1
|-ability|p1a: Zapdos|Defiant
|-boost|p1a: Zapdos|atk|2
|move|p1a: Zapdos|Brave Bird|p2a: Spectrier
|-damage|p2a: Spectrier|0 fnt
|-damage|p1a: Zapdos|4/100|[from] Recoil
|faint|p2a: Spectrier
|
|upkeep
|
|t:|1603605488
|switch|p2a: Ditto|Ditto|100/100
|-transform|p2a: Ditto|p1a: Zapdos|[from] ability: Imposter
|turn|14
|
|t:|1603605493
|move|p2a: Ditto|U-turn|p1a: Zapdos
|-resisted|p1a: Zapdos
|-damage|p1a: Zapdos|0 fnt
|faint|p1a: Zapdos
|
|t:|1603605496
|switch|p2a: Magearna|Magearna|100/100|[from]move: U-turn
|
|upkeep
|
|t:|1603605501
|switch|p1a: Tapu Koko|Tapu Koko|59/100
|-fieldstart|move: Electric Terrain|[from] ability: Electric Surge|[of] p1a: Tapu Koko
|turn|15
|
|t:|1603605508
|move|p1a: Tapu Koko|Thunderbolt|p2a: Magearna
|-damage|p2a: Magearna|53/100
|move|p2a: Magearna|Shift Gear|p2a: Magearna
|-boost|p2a: Magearna|spe|2
|-boost|p2a: Magearna|atk|1
|
|-heal|p2a: Magearna|59/100|[from] item: Leftovers
|upkeep
|turn|16
|
|t:|1603605513
|move|p2a: Magearna|Ice Beam|p1a: Tapu Koko
|-damage|p1a: Tapu Koko|13/100
|move|p1a: Tapu Koko|U-turn|p2a: Magearna
|-resisted|p2a: Magearna
|-damage|p2a: Magearna|54/100
|
|t:|1603605516
|switch|p1a: Regieleki|Regieleki, shiny|100/100|[from]move: U-turn
|
|-heal|p2a: Magearna|60/100|[from] item: Leftovers
|upkeep
|turn|17
|
|t:|1603605523
|switch|p2a: Landorus|Landorus, M|100/100
|move|p1a: Regieleki|Rising Voltage|p2a: Landorus
|-immune|p2a: Landorus
|
|upkeep
|turn|18
|
|t:|1603605527
|switch|p1a: Swampert|Swampert, F|90/100
|move|p2a: Landorus|Rock Polish|p2a: Landorus
|-boost|p2a: Landorus|spe|2
|
|-heal|p1a: Swampert|96/100|[from] item: Leftovers
|upkeep
|turn|19
|
|t:|1603605535
|move|p2a: Landorus|Psychic|p1a: Swampert
|-damage|p1a: Swampert|60/100
|move|p1a: Swampert|Toxic|p2a: Landorus|[miss]
|-miss|p1a: Swampert|p2a: Landorus
|
|-heal|p1a: Swampert|66/100|[from] item: Leftovers
|upkeep
|turn|20
|
|t:|1603605540
|switch|p2a: Magearna|Magearna|60/100
|move|p1a: Swampert|Toxic|p2a: Magearna
|-immune|p2a: Magearna
|
|-heal|p2a: Magearna|66/100|[from] item: Leftovers
|-heal|p1a: Swampert|72/100|[from] item: Leftovers
|upkeep
|turn|21
|
|t:|1603605543
|move|p2a: Magearna|Ice Beam|p1a: Swampert
|-damage|p1a: Swampert|50/100
|move|p1a: Swampert|Earthquake|p2a: Magearna
|-supereffective|p2a: Magearna
|-crit|p2a: Magearna
|-damage|p2a: Magearna|0 fnt
|faint|p2a: Magearna
|
|-heal|p1a: Swampert|57/100|[from] item: Leftovers
|upkeep
|
|t:|1603605554
|switch|p2a: Ditto|Ditto|100/100
|-transform|p2a: Ditto|p1a: Swampert|[from] ability: Imposter
|turn|22
|
|t:|1603605561
|move|p2a: Ditto|Flip Turn|p1a: Swampert
|-damage|p1a: Swampert|37/100
|
|t:|1603605564
|switch|p2a: Landorus|Landorus, M|100/100|[from]move: Flip Turn
|move|p1a: Swampert|Toxic|p2a: Landorus
|-status|p2a: Landorus|tox
|
|-heal|p1a: Swampert|43/100|[from] item: Leftovers
|-damage|p2a: Landorus|95/100 tox|[from] psn
|-fieldend|move: Electric Terrain
|upkeep
|turn|23
|-message|Rheinmetal forfeited.
|
|win|Chinchou01
|l|☆Rheinmetal
|raw|Chinchou01's rating: 1493 &rarr; <strong>1514</strong><br />(+21 for winning)
|raw|Rheinmetal's rating: 1506 &rarr; <strong>1485</strong><br />(-21 for losing)
