|j|☆cartload
|j|☆Contorted Lies
|t:|1648186562
|gametype|singles
|player|p1|cartload|swimmer-gen4dp|1694
|player|p2|Contorted Lies|101|1804
|teamsize|p1|6
|teamsize|p2|6
|gen|8
|tier|[Gen 8] OU
|rated|
|rule|Sleep Clause Mod: Limit one foe put to sleep
|rule|Species Clause: Limit one of each Pokémon
|rule|OHKO Clause: OHKO moves are banned
|rule|Evasion Moves Clause: Evasion moves are banned
|rule|Endless Battle Clause: Forcing endless battles is banned
|rule|HP Percentage Mod: HP is shown in percentages
|rule|Dynamax Clause: You cannot dynamax
|clearpoke
|poke|p1|Druddigon, M|
|poke|p1|Weavile, M|
|poke|p1|Melmetal|
|poke|p1|Garchomp, M|
|poke|p1|Tapu Koko|
|poke|p1|Celesteela|
|poke|p2|Tapu Lele|
|poke|p2|Volcarona, M|
|poke|p2|Weavile, F|
|poke|p2|Slowbro, M|
|poke|p2|Zapdos|
|poke|p2|Garchomp, M|
|teampreview
|inactive|Battle timer is ON: inactive players will automatically lose when time's up. (requested by cartload)
|
|t:|1648186585
|start
|switch|p1a: Cartload|Melmetal, shiny|100/100
|switch|p2a: Weavile|Weavile, F|100/100
|turn|1
|
|t:|1648186589
|switch|p2a: Slowbro|Slowbro, M|100/100
|move|p1a: Cartload|Thunder Wave|p2a: Slowbro|[miss]
|-miss|p1a: Cartload|p2a: Slowbro
|
|upkeep
|turn|2
|
|t:|1648186597
|switch|p1a: Sosa|Druddigon, M|100/100
|move|p2a: Slowbro|Scald|p1a: Sosa
|-resisted|p1a: Sosa
|-damage|p1a: Sosa|90/100
|
|upkeep
|turn|3
|
|t:|1648186603
|move|p1a: Sosa|Stealth Rock|p2a: Slowbro
|-sidestart|p2: Contorted Lies|move: Stealth Rock
|move|p2a: Slowbro|Teleport|p2a: Slowbro
|
|t:|1648186610
|switch|p2a: Tapu Lele|Tapu Lele|100/100|[from]move: Teleport
|-damage|p2a: Tapu Lele|88/100|[from] Stealth Rock
|-fieldstart|move: Psychic Terrain|[from] ability: Psychic Surge|[of] p2a: Tapu Lele
|
|upkeep
|turn|4
|
|t:|1648186613
|switch|p1a: Cartload|Melmetal, shiny|100/100
|move|p2a: Tapu Lele|Focus Blast|p1a: Cartload
|-supereffective|p1a: Cartload
|-damage|p1a: Cartload|0 fnt
|faint|p1a: Cartload
|
|upkeep
|
|t:|1648186624
|switch|p1a: Tay Keith|Tapu Koko|100/100
|-fieldstart|move: Electric Terrain|[from] ability: Electric Surge|[of] p1a: Tay Keith
|turn|5
|
|t:|1648186635
|switch|p2a: Zapdos|Zapdos|100/100
|move|p1a: Tay Keith|Dazzling Gleam|p2a: Zapdos
|-damage|p2a: Zapdos|78/100
|
|upkeep
|turn|6
|
|t:|1648186639
|move|p1a: Tay Keith|U-turn|p2a: Zapdos
|-resisted|p2a: Zapdos
|-damage|p2a: Zapdos|69/100
|
|t:|1648186642
|switch|p1a: Beff Jezos|Garchomp, M|100/100|[from]move: U-turn
|move|p2a: Zapdos|Defog|p1a: Beff Jezos
|-unboost|p1a: Beff Jezos|evasion|1
|-sideend|p2: Contorted Lies|Stealth Rock|[from] move: Defog|[of] p2a: Zapdos
|-fieldend|move: Electric Terrain
|
|upkeep
|turn|7
|
|t:|1648186648
|switch|p2a: Slowbro|Slowbro, M|100/100
|move|p1a: Beff Jezos|Swords Dance|p1a: Beff Jezos
|-boost|p1a: Beff Jezos|atk|2
|
|upkeep
|turn|8
|
|t:|1648186652
|move|p1a: Beff Jezos|Earthquake|p2a: Slowbro
|-damage|p2a: Slowbro|42/100
|move|p2a: Slowbro|Scald|p1a: Beff Jezos
|-damage|p1a: Beff Jezos|72/100
|-status|p1a: Beff Jezos|brn
|
|-heal|p1a: Beff Jezos|78/100 brn|[from] item: Leftovers
|-damage|p1a: Beff Jezos|72/100 brn|[from] brn
|upkeep
|turn|9
|c|☆cartload|...
|
|t:|1648186664
|switch|p1a: Woo|Weavile, M|100/100
|-ability|p1a: Woo|Pressure
|move|p2a: Slowbro|Slack Off|p2a: Slowbro
|-heal|p2a: Slowbro|92/100
|
|upkeep
|turn|10
|j| Whammy696969
|
|t:|1648186673
|move|p1a: Woo|Swords Dance|p1a: Woo
|-boost|p1a: Woo|atk|2
|move|p2a: Slowbro|Scald|p1a: Woo
|-damage|p1a: Woo|60/100
|
|upkeep
|turn|11
|
|t:|1648186679
|move|p1a: Woo|Knock Off|p2a: Slowbro
|-supereffective|p2a: Slowbro
|-damage|p2a: Slowbro|0 fnt
|-enditem|p2a: Slowbro|Heavy-Duty Boots|[from] move: Knock Off|[of] p1a: Woo
|faint|p2a: Slowbro
|
|upkeep
|
|t:|1648186682
|switch|p2a: Weavile|Weavile, F|100/100
|turn|12
|
|t:|1648186695
|switch|p1a: Beff Jezos|Garchomp, M|72/100 brn
|move|p2a: Weavile|Low Kick|p1a: Beff Jezos
|-damage|p1a: Beff Jezos|36/100 brn
|-damage|p2a: Weavile|88/100|[from] ability: Rough Skin|[of] p1a: Beff Jezos
|
|-heal|p1a: Beff Jezos|42/100 brn|[from] item: Leftovers
|-damage|p1a: Beff Jezos|36/100 brn|[from] brn
|upkeep
|turn|13
|
|t:|1648186704
|move|p2a: Weavile|Low Kick|p1a: Beff Jezos
|-damage|p1a: Beff Jezos|0 fnt
|-damage|p2a: Weavile|76/100|[from] ability: Rough Skin|[of] p1a: Beff Jezos
|faint|p1a: Beff Jezos
|
|upkeep
|j| Krismall
|
|t:|1648186710
|switch|p1a: Tay Keith|Tapu Koko|100/100
|-fieldstart|move: Electric Terrain|[from] ability: Electric Surge|[of] p1a: Tay Keith
|turn|14
|
|t:|1648186718
|switch|p2a: Zapdos|Zapdos|69/100
|move|p1a: Tay Keith|Thunderbolt|p2a: Zapdos
|-damage|p2a: Zapdos|33/100
|
|upkeep
|turn|15
|l| Krismall
|
|t:|1648186739
|switch|p2a: Garchomp|Garchomp, M|100/100
|move|p1a: Tay Keith|Thunderbolt|p2a: Garchomp
|-immune|p2a: Garchomp
|
|upkeep
|turn|16
|
|t:|1648186742
|switch|p1a: Melon Eusk|Celesteela|100/100
|move|p2a: Garchomp|Earthquake|p1a: Melon Eusk
|-immune|p1a: Melon Eusk
|
|upkeep
|turn|17
|inactive|Contorted Lies has 120 seconds left.
|
|t:|1648186777
|switch|p2a: Zapdos|Zapdos|33/100
|move|p1a: Melon Eusk|Autotomize|p1a: Melon Eusk
|-boost|p1a: Melon Eusk|spe|2
|-start|p1a: Melon Eusk|Autotomize
|
|upkeep
|turn|18
|
|t:|1648186779
|move|p1a: Melon Eusk|Meteor Beam||[still]
|-prepare|p1a: Melon Eusk|Meteor Beam
|-boost|p1a: Melon Eusk|spa|1
|-enditem|p1a: Melon Eusk|Power Herb
|-anim|p1a: Melon Eusk|Meteor Beam|p2a: Zapdos
|-supereffective|p2a: Zapdos
|-damage|p2a: Zapdos|0 fnt
|faint|p2a: Zapdos
|-ability|p1a: Melon Eusk|Beast Boost|boost
|-boost|p1a: Melon Eusk|spa|1
|
|-fieldend|move: Electric Terrain
|upkeep
|
|t:|1648186784
|switch|p2a: Volcarona|Volcarona, M|100/100
|turn|19
|
|t:|1648186787
|move|p1a: Melon Eusk|Air Slash|p2a: Volcarona
|-supereffective|p2a: Volcarona
|-damage|p2a: Volcarona|0 fnt
|faint|p2a: Volcarona
|-ability|p1a: Melon Eusk|Beast Boost|boost
|-boost|p1a: Melon Eusk|spa|1
|
|upkeep
|j| PUrrification Fr
|c|☆cartload|gg
|-message|Contorted Lies forfeited.
|
|win|cartload
|raw|cartload's rating: 1694 &rarr; <strong>1720</strong><br />(+26 for winning)
|raw|Contorted Lies's rating: 1804 &rarr; <strong>1778</strong><br />(-26 for losing)
|l|☆Contorted Lies
|l| Whammy696969
|l| PUrrification Fr
