|j|☆PipsPedre
|j|☆Shootingwolf
|t:|1596974416
|player|p1|PipsPedre|266|1505
|player|p2|Shootingwolf|erika|1579
|teamsize|p1|6
|teamsize|p2|6
|gametype|singles
|gen|8
|tier|[Gen 8] OU
|rated|
|clearpoke
|poke|p1|Torkoal, F|
|poke|p1|Venusaur, M|
|poke|p1|Darmanitan, M|
|poke|p1|Urshifu-*, M|
|poke|p1|Charizard, M|
|poke|p1|Clefable, M|
|poke|p2|Aegislash, F|
|poke|p2|Volcarona, M|
|poke|p2|Hippowdon, M|
|poke|p2|Clefable, M|
|poke|p2|Excadrill, F|
|poke|p2|Mandibuzz, F|
|rule|Sleep Clause Mod: Limit one foe put to sleep
|rule|Species Clause: Limit one of each Pokémon
|rule|OHKO Clause: OHKO moves are banned
|rule|Evasion Moves Clause: Evasion moves are banned
|rule|Endless Battle Clause: Forcing endless battles is banned
|rule|HP Percentage Mod: HP is shown in percentages
|rule|Dynamax Clause: You cannot dynamax
|teampreview
|
|t:|1596974426
|start
|switch|p1a: Torkoal|Torkoal, F|100/100
|switch|p2a: Landorustwo|Mandibuzz, F, shiny|100/100
|-weather|SunnyDay|[from] ability: Drought|[of] p1a: Torkoal
|turn|1
|inactive|Battle timer is ON: inactive players will automatically lose when time's up. (requested by PipsPedre)
|
|t:|1596974432
|move|p2a: Landorustwo|U-turn|p1a: Torkoal
|-resisted|p1a: Torkoal
|-damage|p1a: Torkoal|97/100
|
|t:|1596974434
|switch|p2a: Hippowdon|Hippowdon, M|100/100|[from]move: U-turn
|-weather|Sandstorm|[from] ability: Sand Stream|[of] p2a: Hippowdon
|move|p1a: Torkoal|Stealth Rock|p2a: Hippowdon
|-sidestart|p2: Shootingwolf|move: Stealth Rock
|
|-weather|Sandstorm|[upkeep]
|-damage|p1a: Torkoal|91/100|[from] Sandstorm
|upkeep
|turn|2
|inactive|PipsPedre has 120 seconds left.
|
|t:|1596974490
|switch|p1a: Urshifu|Urshifu, M|100/100
|move|p2a: Hippowdon|Stealth Rock|p1a: Urshifu
|-sidestart|p1: PipsPedre|move: Stealth Rock
|
|-weather|Sandstorm|[upkeep]
|-damage|p1a: Urshifu|94/100|[from] Sandstorm
|upkeep
|turn|3
|
|t:|1596974495
|move|p1a: Urshifu|U-turn|p2a: Hippowdon
|-crit|p2a: Hippowdon
|-damage|p2a: Hippowdon|80/100
|
|t:|1596974497
|switch|p1a: Torkoal|Torkoal, F|91/100|[from]move: U-turn
|-damage|p1a: Torkoal|66/100|[from] Stealth Rock
|-weather|SunnyDay|[from] ability: Drought|[of] p1a: Torkoal
|move|p2a: Hippowdon|Toxic|p1a: Torkoal
|-status|p1a: Torkoal|tox
|
|-weather|SunnyDay|[upkeep]
|-damage|p1a: Torkoal|60/100 tox|[from] psn
|upkeep
|turn|4
|
|t:|1596974517
|switch|p2a: Aegislash|Aegislash, F|100/100
|-damage|p2a: Aegislash|94/100|[from] Stealth Rock
|switch|p1a: Venusaur|Venusaur, M|100/100
|-damage|p1a: Venusaur|88/100|[from] Stealth Rock
|
|-weather|SunnyDay|[upkeep]
|upkeep
|turn|5
|
|t:|1596974528
|switch|p2a: Hippowdon|Hippowdon, M|80/100
|-damage|p2a: Hippowdon|74/100|[from] Stealth Rock
|-weather|Sandstorm|[from] ability: Sand Stream|[of] p2a: Hippowdon
|move|p1a: Venusaur|Weather Ball|p2a: Hippowdon
|-resisted|p2a: Hippowdon
|-damage|p2a: Hippowdon|53/100
|-damage|p1a: Venusaur|78/100|[from] item: Life Orb
|
|-weather|Sandstorm|[upkeep]
|-damage|p1a: Venusaur|72/100|[from] Sandstorm
|upkeep
|turn|6
|inactive|PipsPedre has 90 seconds left.
|
|t:|1596974558
|switch|p1a: Urshifu|Urshifu, M|94/100
|-damage|p1a: Urshifu|88/100|[from] Stealth Rock
|switch|p2a: Volcarona|Volcarona, M|100/100
|
|-weather|Sandstorm|[upkeep]
|-damage|p1a: Urshifu|82/100|[from] Sandstorm
|-damage|p2a: Volcarona|94/100|[from] Sandstorm
|upkeep
|turn|7
|inactive|PipsPedre has 90 seconds left.
|
|t:|1596974570
|switch|p2a: Landorustwo|Mandibuzz, F, shiny|100/100
|move|p1a: Urshifu|U-turn|p2a: Landorustwo
|-crit|p2a: Landorustwo
|-damage|p2a: Landorustwo|80/100
|inactive|PipsPedre has 90 seconds left.
|
|t:|1596974580
|switch|p1a: Clefable|Clefable, M|100/100|[from]move: U-turn
|
|-weather|Sandstorm|[upkeep]
|upkeep
|turn|8
|
|t:|1596974584
|move|p2a: Landorustwo|U-turn|p1a: Clefable
|-resisted|p1a: Clefable
|-damage|p1a: Clefable|94/100
|
|t:|1596974588
|switch|p2a: Excadrill|Excadrill, F|100/100|[from]move: U-turn
|-damage|p2a: Excadrill|97/100|[from] Stealth Rock
|move|p1a: Clefable|Toxic|p2a: Excadrill
|-immune|p2a: Excadrill
|
|-weather|Sandstorm|[upkeep]
|-heal|p2a: Excadrill|100/100|[from] item: Leftovers
|-heal|p1a: Clefable|99/100|[from] item: Leftovers
|upkeep
|turn|9
|
|t:|1596974598
|switch|p1a: Torkoal|Torkoal, F|60/100 tox
|-damage|p1a: Torkoal|35/100 tox|[from] Stealth Rock
|-weather|SunnyDay|[from] ability: Drought|[of] p1a: Torkoal
|move|p2a: Excadrill|Rock Slide|p1a: Torkoal
|-supereffective|p1a: Torkoal
|-damage|p1a: Torkoal|1/100 tox
|
|-weather|SunnyDay|[upkeep]
|-damage|p1a: Torkoal|0 fnt|[from] psn
|faint|p1a: Torkoal
|upkeep
|
|t:|1596974608
|switch|p1a: Charizard|Charizard, M|100/100
|-damage|p1a: Charizard|51/100|[from] Stealth Rock
|turn|10
|
|t:|1596974611
|switch|p2a: Hippowdon|Hippowdon, M|53/100
|-damage|p2a: Hippowdon|47/100|[from] Stealth Rock
|-weather|Sandstorm|[from] ability: Sand Stream|[of] p2a: Hippowdon
|move|p1a: Charizard|Overheat|p2a: Hippowdon
|-damage|p2a: Hippowdon|0 fnt
|-unboost|p1a: Charizard|spa|2
|faint|p2a: Hippowdon
|
|-weather|Sandstorm|[upkeep]
|-damage|p1a: Charizard|45/100|[from] Sandstorm
|upkeep
|
|t:|1596974615
|switch|p2a: Excadrill|Excadrill, F|100/100
|-damage|p2a: Excadrill|97/100|[from] Stealth Rock
|turn|11
|
|t:|1596974624
|move|p2a: Excadrill|Rock Slide|p1a: Charizard
|-supereffective|p1a: Charizard
|-damage|p1a: Charizard|0 fnt
|faint|p1a: Charizard
|
|-weather|Sandstorm|[upkeep]
|-heal|p2a: Excadrill|100/100|[from] item: Leftovers
|upkeep
|inactive|PipsPedre has 120 seconds left.
|
|t:|1596974661
|switch|p1a: Clefable|Clefable, M|99/100
|turn|12
|
|t:|1596974666
|move|p2a: Excadrill|Swords Dance|p2a: Excadrill
|-boost|p2a: Excadrill|atk|2
|move|p1a: Clefable|Wish|p1a: Clefable
|
|-weather|Sandstorm|[upkeep]
|-heal|p1a: Clefable|100/100|[from] item: Leftovers
|upkeep
|turn|13
|
|t:|1596974671
|move|p2a: Excadrill|Earthquake|p1a: Clefable
|-damage|p1a: Clefable|0 fnt
|faint|p1a: Clefable
|
|-weather|Sandstorm|[upkeep]
|upkeep
|
|t:|1596974679
|switch|p1a: Venusaur|Venusaur, M|72/100
|-damage|p1a: Venusaur|60/100|[from] Stealth Rock
|turn|14
|inactive|PipsPedre has 120 seconds left.
|
|t:|1596974685
|move|p2a: Excadrill|Earthquake|p1a: Venusaur
|-damage|p1a: Venusaur|0 fnt
|faint|p1a: Venusaur
|
|-weather|Sandstorm|[upkeep]
|upkeep
|inactive|PipsPedre has 120 seconds left.
|-message|PipsPedre forfeited.
|
|win|Shootingwolf
|l|☆PipsPedre
|raw|PipsPedre's rating: 1505 &rarr; <strong>1490</strong><br />(-15 for losing)
|raw|Shootingwolf's rating: 1579 &rarr; <strong>1595</strong><br />(+16 for winning)
