|j|☆LT71LX Allistair
|j|☆roboPOKE
|t:|1599420304
|player|p1|LT71LX Allistair|265|1816
|player|p2|roboPOKE|265|1786
|teamsize|p1|6
|teamsize|p2|6
|gametype|singles
|gen|8
|tier|[Gen 8] OU
|rated|
|clearpoke
|poke|p1|Blissey, F|
|poke|p1|Toxapex, M|
|poke|p1|Corviknight, F|
|poke|p1|Clefable, F|
|poke|p1|Reuniclus, M|
|poke|p1|Tangrowth, F|
|poke|p2|Rillaboom, F|
|poke|p2|Volcarona, M|
|poke|p2|Excadrill, M|
|poke|p2|Exeggutor-Alola, F|
|poke|p2|Necrozma|
|poke|p2|Primarina, M|
|rule|Sleep Clause Mod: Limit one foe put to sleep
|rule|Species Clause: Limit one of each Pokémon
|rule|OHKO Clause: OHKO moves are banned
|rule|Evasion Moves Clause: Evasion moves are banned
|rule|Endless Battle Clause: Forcing endless battles is banned
|rule|HP Percentage Mod: HP is shown in percentages
|rule|Dynamax Clause: You cannot dynamax
|teampreview
|j| Shellnuts
|l| Shellnuts
|
|t:|1599420321
|start
|switch|p1a: Tangrowth|Tangrowth, F|100/100
|switch|p2a: Excadrill|Excadrill, M|100/100
|-ability|p2a: Excadrill|Mold Breaker
|turn|1
|
|t:|1599420324
|move|p2a: Excadrill|Stealth Rock|p1a: Tangrowth
|-sidestart|p1: LT71LX Allistair|move: Stealth Rock
|move|p1a: Tangrowth|Infestation|p2a: Excadrill
|-resisted|p2a: Excadrill
|-damage|p2a: Excadrill|97/100
|-activate|p2a: Excadrill|move: Infestation|[of] p1a: Tangrowth
|
|-damage|p2a: Excadrill|84/100|[from] move: Infestation|[partiallytrapped]
|upkeep
|turn|2
|
|t:|1599420328
|move|p2a: Excadrill|Steel Beam|p1a: Tangrowth
|-damage|p1a: Tangrowth|59/100
|-damage|p2a: Excadrill|34/100|[from] mindblown
|move|p1a: Tangrowth|Giga Drain|p2a: Excadrill
|-damage|p2a: Excadrill|0 fnt
|-heal|p1a: Tangrowth|74/100|[from] drain|[of] p2a: Excadrill
|faint|p2a: Excadrill
|
|-heal|p1a: Tangrowth|80/100|[from] item: Leftovers
|upkeep
|
|t:|1599420331
|switch|p2a: Rillaboom|Rillaboom, F|100/100
|-fieldstart|move: Grassy Terrain|[from] ability: Grassy Surge|[of] p2a: Rillaboom
|turn|3
|
|t:|1599420342
|switch|p1a: Toxapex|Toxapex, M|100/100
|-damage|p1a: Toxapex|88/100|[from] Stealth Rock
|move|p2a: Rillaboom|U-turn|p1a: Toxapex
|-resisted|p1a: Toxapex
|-damage|p1a: Toxapex|75/100
|-damage|p2a: Rillaboom|84/100|[from] item: Rocky Helmet|[of] p1a: Toxapex
|
|t:|1599420350
|switch|p2a: Exeggutor|Exeggutor-Alola, F|100/100|[from]move: U-turn
|-item|p1a: Toxapex|Rocky Helmet|[from] ability: Frisk|[of] p2a: Exeggutor|[identify]
|
|-heal|p1a: Toxapex|81/100|[from] Grassy Terrain
|upkeep
|turn|4
|
|t:|1599420356
|switch|p1a: Reuniclus|Reuniclus, M|100/100
|-damage|p1a: Reuniclus|88/100|[from] Stealth Rock
|move|p2a: Exeggutor|Swords Dance|p2a: Exeggutor
|-boost|p2a: Exeggutor|atk|2
|
|-heal|p1a: Reuniclus|94/100|[from] Grassy Terrain
|upkeep
|turn|5
|
|t:|1599420361
|switch|p1a: Clefable|Clefable, F|100/100
|-damage|p1a: Clefable|88/100|[from] Stealth Rock
|move|p2a: Exeggutor|Grassy Glide|p1a: Clefable
|-damage|p1a: Clefable|43/100
|-damage|p2a: Exeggutor|91/100|[from] item: Life Orb
|
|-heal|p2a: Exeggutor|97/100|[from] Grassy Terrain
|-heal|p1a: Clefable|49/100|[from] item: Leftovers
|-heal|p1a: Clefable|55/100|[from] Grassy Terrain
|upkeep
|turn|6
|
|t:|1599420365
|move|p1a: Clefable|Protect|p1a: Clefable
|-singleturn|p1a: Clefable|Protect
|move|p2a: Exeggutor|Grassy Glide|p1a: Clefable
|-activate|p1a: Clefable|move: Protect
|
|-heal|p2a: Exeggutor|100/100|[from] Grassy Terrain
|-heal|p1a: Clefable|61/100|[from] item: Leftovers
|-heal|p1a: Clefable|68/100|[from] Grassy Terrain
|upkeep
|turn|7
|
|t:|1599420367
|move|p2a: Exeggutor|Grassy Glide|p1a: Clefable
|-damage|p1a: Clefable|22/100
|-damage|p2a: Exeggutor|91/100|[from] item: Life Orb
|move|p1a: Clefable|Wish|p1a: Clefable
|
|-heal|p2a: Exeggutor|97/100|[from] Grassy Terrain
|-heal|p1a: Clefable|28/100|[from] item: Leftovers
|-heal|p1a: Clefable|34/100|[from] Grassy Terrain
|-fieldend|move: Grassy Terrain
|upkeep
|turn|8
|
|t:|1599420371
|switch|p2a: Volcarona|Volcarona, M|100/100
|move|p1a: Clefable|Protect||[still]
|-fail|p1a: Clefable
|
|-heal|p1a: Clefable|84/100|[from] move: Wish|[wisher] Clefable
|-heal|p1a: Clefable|90/100|[from] item: Leftovers
|upkeep
|turn|9
|
|t:|1599420375
|move|p1a: Clefable|Protect|p1a: Clefable
|-singleturn|p1a: Clefable|Protect
|move|p2a: Volcarona|Quiver Dance|p2a: Volcarona
|-boost|p2a: Volcarona|spa|1
|-boost|p2a: Volcarona|spd|1
|-boost|p2a: Volcarona|spe|1
|
|-heal|p1a: Clefable|96/100|[from] item: Leftovers
|upkeep
|turn|10
|
|t:|1599420380
|switch|p1a: Blissey|Blissey, F|100/100
|move|p2a: Volcarona|Flamethrower|p1a: Blissey
|-crit|p1a: Blissey
|-damage|p1a: Blissey|41/100
|-damage|p2a: Volcarona|91/100|[from] item: Life Orb
|
|upkeep
|turn|11
|j| jtaquille
|
|t:|1599420403
|switch|p2a: Exeggutor|Exeggutor-Alola, F|97/100
|-item|p1a: Blissey|Heavy-Duty Boots|[from] ability: Frisk|[of] p2a: Exeggutor|[identify]
|move|p1a: Blissey|Soft-Boiled|p1a: Blissey
|-heal|p1a: Blissey|91/100
|
|upkeep
|turn|12
|j| Limited_Toolkit
|
|t:|1599420413
|switch|p1a: Clefable|Clefable, F|96/100
|-damage|p1a: Clefable|83/100|[from] Stealth Rock
|move|p2a: Exeggutor|Swords Dance|p2a: Exeggutor
|-boost|p2a: Exeggutor|atk|2
|
|-heal|p1a: Clefable|90/100|[from] item: Leftovers
|upkeep
|turn|13
|
|t:|1599420418
|switch|p2a: Volcarona|Volcarona, M|91/100
|move|p1a: Clefable|Wish|p1a: Clefable
|
|-heal|p1a: Clefable|96/100|[from] item: Leftovers
|upkeep
|turn|14
|
|t:|1599420421
|switch|p1a: Blissey|Blissey, F|91/100
|move|p2a: Volcarona|Quiver Dance|p2a: Volcarona
|-boost|p2a: Volcarona|spa|1
|-boost|p2a: Volcarona|spd|1
|-boost|p2a: Volcarona|spe|1
|
|-heal|p1a: Blissey|100/100|[from] move: Wish|[wisher] Clefable
|upkeep
|turn|15
|
|t:|1599420428
|move|p2a: Volcarona|Quiver Dance|p2a: Volcarona
|-boost|p2a: Volcarona|spa|1
|-boost|p2a: Volcarona|spd|1
|-boost|p2a: Volcarona|spe|1
|move|p1a: Blissey|Toxic|p2a: Volcarona
|-status|p2a: Volcarona|tox
|
|-damage|p2a: Volcarona|84/100 tox|[from] psn
|upkeep
|turn|16
|j| OUTY Samurott
|
|t:|1599420435
|move|p2a: Volcarona|Flamethrower|p1a: Blissey
|-damage|p1a: Blissey|54/100
|-damage|p2a: Volcarona|74/100 tox|[from] item: Life Orb
|move|p1a: Blissey|Soft-Boiled|p1a: Blissey
|-heal|p1a: Blissey|100/100
|
|-damage|p2a: Volcarona|62/100 tox|[from] psn
|upkeep
|turn|17
|
|t:|1599420438
|move|p2a: Volcarona|Giga Drain|p1a: Blissey
|-crit|p1a: Blissey
|-damage|p1a: Blissey|60/100
|-heal|p2a: Volcarona|100/100 tox|[from] drain|[of] p1a: Blissey
|-damage|p2a: Volcarona|91/100 tox|[from] item: Life Orb
|move|p1a: Blissey|Seismic Toss|p2a: Volcarona
|-damage|p2a: Volcarona|58/100 tox
|
|-damage|p2a: Volcarona|40/100 tox|[from] psn
|upkeep
|turn|18
|
|t:|1599420445
|move|p2a: Volcarona|Giga Drain|p1a: Blissey
|-damage|p1a: Blissey|32/100
|-heal|p2a: Volcarona|72/100 tox|[from] drain|[of] p1a: Blissey
|-damage|p2a: Volcarona|62/100 tox|[from] item: Life Orb
|move|p1a: Blissey|Soft-Boiled|p1a: Blissey
|-heal|p1a: Blissey|82/100
|
|-damage|p2a: Volcarona|37/100 tox|[from] psn
|upkeep
|turn|19
|
|t:|1599420448
|switch|p2a: Rillaboom|Rillaboom, F|84/100
|-fieldstart|move: Grassy Terrain|[from] ability: Grassy Surge|[of] p2a: Rillaboom
|move|p1a: Blissey|Soft-Boiled|p1a: Blissey
|-heal|p1a: Blissey|100/100
|
|-heal|p2a: Rillaboom|90/100|[from] Grassy Terrain
|upkeep
|turn|20
|
|t:|1599420451
|switch|p1a: Toxapex|Toxapex, M|100/100
|-damage|p1a: Toxapex|88/100|[from] Stealth Rock
|move|p2a: Rillaboom|Knock Off|p1a: Toxapex
|-damage|p1a: Toxapex|56/100
|-damage|p2a: Rillaboom|74/100|[from] item: Rocky Helmet|[of] p1a: Toxapex
|-enditem|p1a: Toxapex|Rocky Helmet|[from] move: Knock Off|[of] p2a: Rillaboom
|
|-heal|p2a: Rillaboom|80/100|[from] Grassy Terrain
|-heal|p1a: Toxapex|62/100|[from] Grassy Terrain
|upkeep
|turn|21
|
|t:|1599420465
|switch|p2a: Volcarona|Volcarona, M|37/100 tox
|move|p1a: Toxapex|Scald|p2a: Volcarona
|-supereffective|p2a: Volcarona
|-damage|p2a: Volcarona|0 fnt
|faint|p2a: Volcarona
|
|-heal|p1a: Toxapex|68/100|[from] Grassy Terrain
|upkeep
|
|t:|1599420468
|switch|p2a: Primarina|Primarina, M|100/100
|turn|22
|
|t:|1599420471
|switch|p1a: Blissey|Blissey, F|100/100
|move|p2a: Primarina|Substitute|p2a: Primarina
|-start|p2a: Primarina|Substitute
|-damage|p2a: Primarina|76/100
|
|-heal|p2a: Primarina|82/100|[from] item: Leftovers
|-heal|p2a: Primarina|88/100|[from] Grassy Terrain
|upkeep
|turn|23
|
|t:|1599420474
|move|p2a: Primarina|Scald|p1a: Blissey
|-damage|p1a: Blissey|88/100
|-status|p1a: Blissey|brn
|move|p1a: Blissey|Seismic Toss|p2a: Primarina
|-end|p2a: Primarina|Substitute
|
|-heal|p2a: Primarina|94/100|[from] item: Leftovers
|-heal|p2a: Primarina|99/100|[from] Grassy Terrain
|-heal|p1a: Blissey|94/100 brn|[from] Grassy Terrain
|-fieldend|move: Grassy Terrain
|-damage|p1a: Blissey|88/100 brn|[from] brn
|upkeep
|turn|24
|
|t:|1599420477
|move|p2a: Primarina|Substitute|p2a: Primarina
|-start|p2a: Primarina|Substitute
|-damage|p2a: Primarina|75/100
|move|p1a: Blissey|Seismic Toss|p2a: Primarina
|-end|p2a: Primarina|Substitute
|
|-heal|p2a: Primarina|81/100|[from] item: Leftovers
|-damage|p1a: Blissey|82/100 brn|[from] brn
|upkeep
|turn|25
|
|t:|1599420480
|move|p2a: Primarina|Substitute|p2a: Primarina
|-start|p2a: Primarina|Substitute
|-damage|p2a: Primarina|56/100
|move|p1a: Blissey|Seismic Toss|p2a: Primarina
|-end|p2a: Primarina|Substitute
|
|-heal|p2a: Primarina|62/100|[from] item: Leftovers
|-damage|p1a: Blissey|75/100 brn|[from] brn
|upkeep
|turn|26
|
|t:|1599420482
|move|p2a: Primarina|Calm Mind|p2a: Primarina
|-boost|p2a: Primarina|spa|1
|-boost|p2a: Primarina|spd|1
|move|p1a: Blissey|Seismic Toss|p2a: Primarina
|-damage|p2a: Primarina|35/100
|
|-heal|p2a: Primarina|41/100|[from] item: Leftovers
|-damage|p1a: Blissey|69/100 brn|[from] brn
|upkeep
|turn|27
|
|t:|1599420486
|move|p2a: Primarina|Draining Kiss|p1a: Blissey
|-damage|p1a: Blissey|58/100 brn
|-heal|p2a: Primarina|58/100|[from] drain|[of] p1a: Blissey
|move|p1a: Blissey|Toxic|p2a: Primarina
|-status|p2a: Primarina|tox
|
|-heal|p2a: Primarina|64/100 tox|[from] item: Leftovers
|-damage|p2a: Primarina|58/100 tox|[from] psn
|-damage|p1a: Blissey|52/100 brn|[from] brn
|upkeep
|turn|28
|
|t:|1599420489
|switch|p2a: Necrozma|Necrozma|100/100
|move|p1a: Blissey|Soft-Boiled|p1a: Blissey
|-heal|p1a: Blissey|100/100 brn
|
|-damage|p1a: Blissey|94/100 brn|[from] brn
|upkeep
|turn|29
|
|t:|1599420492
|move|p2a: Necrozma|Calm Mind|p2a: Necrozma
|-boost|p2a: Necrozma|spa|1
|-boost|p2a: Necrozma|spd|1
|move|p1a: Blissey|Toxic|p2a: Necrozma|[miss]
|-miss|p1a: Blissey|p2a: Necrozma
|
|-damage|p1a: Blissey|88/100 brn|[from] brn
|upkeep
|turn|30
|
|t:|1599420495
|move|p2a: Necrozma|Calm Mind|p2a: Necrozma
|-boost|p2a: Necrozma|spa|1
|-boost|p2a: Necrozma|spd|1
|move|p1a: Blissey|Toxic|p2a: Necrozma
|-status|p2a: Necrozma|tox
|
|-damage|p2a: Necrozma|94/100 tox|[from] psn
|-damage|p1a: Blissey|82/100 brn|[from] brn
|upkeep
|turn|31
|
|t:|1599420500
|switch|p1a: Reuniclus|Reuniclus, M|100/100
|-damage|p1a: Reuniclus|88/100|[from] Stealth Rock
|move|p2a: Necrozma|Calm Mind|p2a: Necrozma
|-boost|p2a: Necrozma|spa|1
|-boost|p2a: Necrozma|spd|1
|
|-damage|p2a: Necrozma|82/100 tox|[from] psn
|upkeep
|turn|32
|
|t:|1599420504
|move|p2a: Necrozma|Rest|p2a: Necrozma
|-status|p2a: Necrozma|slp|[from] move: Rest
|-heal|p2a: Necrozma|100/100 slp|[silent]
|-enditem|p2a: Necrozma|Chesto Berry|[eat]
|-curestatus|p2a: Necrozma|slp|[msg]
|move|p1a: Reuniclus|Knock Off|p2a: Necrozma
|-supereffective|p2a: Necrozma
|-damage|p2a: Necrozma|89/100
|
|upkeep
|turn|33
|
|t:|1599420510
|move|p2a: Necrozma|Calm Mind|p2a: Necrozma
|-boost|p2a: Necrozma|spa|1
|-boost|p2a: Necrozma|spd|1
|move|p1a: Reuniclus|Rock Tomb|p2a: Necrozma
|-damage|p2a: Necrozma|83/100
|-unboost|p2a: Necrozma|spe|1
|
|upkeep
|turn|34
|
|t:|1599420515
|move|p2a: Necrozma|Stored Power|p1a: Reuniclus
|-resisted|p1a: Reuniclus
|-damage|p1a: Reuniclus|39/100
|move|p1a: Reuniclus|Rock Tomb|p2a: Necrozma
|-damage|p2a: Necrozma|77/100
|-unboost|p2a: Necrozma|spe|1
|
|upkeep
|turn|35
|j| Oh So Cynical
|
|t:|1599420531
|switch|p1a: Corviknight|Corviknight, F|100/100
|-damage|p1a: Corviknight|88/100|[from] Stealth Rock
|-ability|p1a: Corviknight|Pressure
|move|p2a: Necrozma|Stored Power|p1a: Corviknight
|-resisted|p1a: Corviknight
|-damage|p1a: Corviknight|0 fnt
|faint|p1a: Corviknight
|
|upkeep
|
|t:|1599420543
|switch|p1a: Reuniclus|Reuniclus, M|73/100
|-damage|p1a: Reuniclus|60/100|[from] Stealth Rock
|turn|36
|
|t:|1599420548
|move|p2a: Necrozma|Stored Power|p1a: Reuniclus
|-resisted|p1a: Reuniclus
|-damage|p1a: Reuniclus|11/100
|move|p1a: Reuniclus|Rock Tomb|p2a: Necrozma
|-damage|p2a: Necrozma|71/100
|-unboost|p2a: Necrozma|spe|1
|
|upkeep
|turn|37
|
|t:|1599420559
|move|p1a: Reuniclus|Knock Off|p2a: Necrozma
|-supereffective|p2a: Necrozma
|-damage|p2a: Necrozma|60/100
|move|p2a: Necrozma|Stored Power|p1a: Reuniclus
|-resisted|p1a: Reuniclus
|-damage|p1a: Reuniclus|0 fnt
|faint|p1a: Reuniclus
|
|upkeep
|
|t:|1599420564
|switch|p1a: Blissey|Blissey, F|82/100
|turn|38
|
|t:|1599420569
|move|p1a: Blissey|Toxic|p2a: Necrozma
|-status|p2a: Necrozma|tox
|move|p2a: Necrozma|Calm Mind|p2a: Necrozma
|-boost|p2a: Necrozma|spa|1
|-boost|p2a: Necrozma|spd|1
|
|-damage|p2a: Necrozma|54/100 tox|[from] psn
|upkeep
|turn|39
|
|t:|1599420594
|move|p1a: Blissey|Shadow Ball|p2a: Necrozma
|-supereffective|p2a: Necrozma
|-damage|p2a: Necrozma|48/100 tox
|move|p2a: Necrozma|Rest|p2a: Necrozma
|-status|p2a: Necrozma|slp|[from] move: Rest
|-heal|p2a: Necrozma|100/100 slp|[silent]
|
|upkeep
|turn|40
|
|t:|1599420602
|switch|p1a: Tangrowth|Tangrowth, F|100/100
|-damage|p1a: Tangrowth|88/100|[from] Stealth Rock
|cant|p2a: Necrozma|slp
|
|-heal|p1a: Tangrowth|94/100|[from] item: Leftovers
|upkeep
|turn|41
|
|t:|1599420607
|move|p1a: Tangrowth|Leech Seed|p2a: Necrozma
|-start|p2a: Necrozma|move: Leech Seed
|cant|p2a: Necrozma|slp
|
|-heal|p1a: Tangrowth|100/100|[from] item: Leftovers
|-damage|p2a: Necrozma|88/100 slp|[from] Leech Seed|[of] p1a: Tangrowth
|upkeep
|turn|42
|
|t:|1599420615
|switch|p1a: Clefable|Clefable, F|96/100
|-damage|p1a: Clefable|83/100|[from] Stealth Rock
|-curestatus|p2a: Necrozma|slp|[msg]
|move|p2a: Necrozma|Stored Power|p1a: Clefable
|-damage|p1a: Clefable|0 fnt
|faint|p1a: Clefable
|
|upkeep
|l| Limited_Toolkit
|
|t:|1599420627
|switch|p1a: Blissey|Blissey, F|82/100
|turn|43
|j| Limited_Toolkit
|
|t:|1599420629
|move|p1a: Blissey|Soft-Boiled|p1a: Blissey
|-heal|p1a: Blissey|100/100
|move|p2a: Necrozma|Stored Power|p1a: Blissey
|-damage|p1a: Blissey|0 fnt
|faint|p1a: Blissey
|
|upkeep
|-message|LT71LX Allistair forfeited.
|
|win|roboPOKE
|l|☆LT71LX Allistair
|raw|LT71LX Allistair's rating: 1837 &rarr; <strong>1814</strong><br />(-23 for losing)
|raw|roboPOKE's rating: 1774 &rarr; <strong>1797</strong><br />(+23 for winning)
