|j|☆Stads
|j|☆chokst du
|t:|1663253157
|gametype|singles
|player|p1|Stads|266|1727
|player|p2|chokst du|1|1840
|teamsize|p1|6
|teamsize|p2|6
|gen|8
|tier|[Gen 8] OU
|rated|
|rule|Sleep Clause Mod: Limit one foe put to sleep
|rule|Species Clause: Limit one of each Pokémon
|rule|OHKO Clause: OHKO moves are banned
|rule|Evasion Items Clause: Evasion items are banned
|rule|Evasion Moves Clause: Evasion moves are banned
|rule|Endless Battle Clause: Forcing endless battles is banned
|rule|HP Percentage Mod: HP is shown in percentages
|rule|Dynamax Clause: You cannot dynamax
|clearpoke
|poke|p1|Tornadus-Therian, M|
|poke|p1|Corviknight, M|
|poke|p1|Kartana|
|poke|p1|Toxapex, M|
|poke|p1|Hippowdon, F|
|poke|p1|Heatran, M|
|poke|p2|Torkoal, F|
|poke|p2|Kartana|
|poke|p2|Dragapult, F|
|poke|p2|Heatran, M|
|poke|p2|Landorus-Therian, M|
|poke|p2|Clefable, F|
|teampreview
|
|t:|1663253170
|start
|switch|p1a: Tornadus|Tornadus-Therian, M|100/100
|switch|p2a: Torkoal|Torkoal, F|100/100
|-weather|SunnyDay|[from] ability: Drought|[of] p2a: Torkoal
|turn|1
|
|t:|1663253173
|move|p1a: Tornadus|Knock Off|p2a: Torkoal
|-damage|p2a: Torkoal|89/100
|-enditem|p2a: Torkoal|Heat Rock|[from] move: Knock Off|[of] p1a: Tornadus
|move|p2a: Torkoal|Toxic|p1a: Tornadus
|-status|p1a: Tornadus|tox
|
|-weather|SunnyDay|[upkeep]
|-damage|p1a: Tornadus|94/100 tox|[from] psn
|upkeep
|turn|2
|
|t:|1663253180
|move|p1a: Tornadus|U-turn|p2a: Torkoal
|-resisted|p2a: Torkoal
|-damage|p2a: Torkoal|85/100
|
|t:|1663253182
|switch|p1a: Toxapex|Toxapex, M|100/100|[from]move: U-turn
|move|p2a: Torkoal|Body Press|p1a: Toxapex
|-resisted|p1a: Toxapex
|-damage|p1a: Toxapex|90/100
|
|-weather|SunnyDay|[upkeep]
|upkeep
|turn|3
|
|t:|1663253190
|switch|p1a: Tornadus|Tornadus-Therian, M|100/100 tox
|switch|p2a: Clefable|Clefable, F|100/100
|
|-weather|SunnyDay|[upkeep]
|-damage|p1a: Tornadus|94/100 tox|[from] psn
|upkeep
|turn|4
|
|t:|1663253193
|move|p1a: Tornadus|Knock Off|p2a: Clefable
|-resisted|p2a: Clefable
|-damage|p2a: Clefable|92/100
|-enditem|p2a: Clefable|Leftovers|[from] move: Knock Off|[of] p1a: Tornadus
|move|p2a: Clefable|Calm Mind|p2a: Clefable
|-boost|p2a: Clefable|spa|1
|-boost|p2a: Clefable|spd|1
|
|-weather|SunnyDay|[upkeep]
|-damage|p1a: Tornadus|82/100 tox|[from] psn
|upkeep
|turn|5
|
|t:|1663253196
|move|p1a: Tornadus|U-turn|p2a: Clefable
|-resisted|p2a: Clefable
|-damage|p2a: Clefable|86/100
|
|t:|1663253198
|switch|p1a: Heatran|Heatran, M|100/100|[from]move: U-turn
|move|p2a: Clefable|Thunder Wave|p1a: Heatran
|-status|p1a: Heatran|par
|
|-weather|SunnyDay|[upkeep]
|upkeep
|turn|6
|
|t:|1663253201
|switch|p2a: Heatran|Heatran, M|100/100
|-item|p2a: Heatran|Air Balloon
|switch|p1a: Hippowdon|Hippowdon, F|100/100
|-weather|Sandstorm|[from] ability: Sand Stream|[of] p1a: Hippowdon
|
|-weather|Sandstorm|[upkeep]
|upkeep
|turn|7
|
|t:|1663253205
|switch|p1a: Toxapex|Toxapex, M|100/100
|move|p2a: Heatran|Stealth Rock|p1a: Toxapex
|-sidestart|p1: Stads|move: Stealth Rock
|
|-weather|Sandstorm|[upkeep]
|-damage|p1a: Toxapex|94/100|[from] Sandstorm
|upkeep
|turn|8
|
|t:|1663253210
|switch|p2a: Clefable|Clefable, F|86/100
|move|p1a: Toxapex|Scald|p2a: Clefable
|-damage|p2a: Clefable|72/100
|
|-weather|Sandstorm|[upkeep]
|-damage|p1a: Toxapex|88/100|[from] Sandstorm
|upkeep
|turn|9
|
|t:|1663253213
|switch|p1a: Corviknight|Corviknight, M|100/100
|-damage|p1a: Corviknight|88/100|[from] Stealth Rock
|-ability|p1a: Corviknight|Pressure
|move|p2a: Clefable|Soft-Boiled|p2a: Clefable
|-heal|p2a: Clefable|100/100
|
|-weather|Sandstorm|[upkeep]
|-heal|p1a: Corviknight|94/100|[from] item: Leftovers
|upkeep
|turn|10
|
|t:|1663253216
|move|p1a: Corviknight|Defog|p2a: Clefable
|-unboost|p2a: Clefable|evasion|1
|-sideend|p1: Stads|Stealth Rock|[from] move: Defog|[of] p1a: Corviknight
|move|p2a: Clefable|Thunder Wave|p1a: Corviknight
|-status|p1a: Corviknight|par
|
|-weather|none
|-heal|p1a: Corviknight|100/100 par|[from] item: Leftovers
|upkeep
|turn|11
|
|t:|1663253218
|switch|p1a: Hippowdon|Hippowdon, F|100/100
|-weather|Sandstorm|[from] ability: Sand Stream|[of] p1a: Hippowdon
|move|p2a: Clefable|Calm Mind|p2a: Clefable
|-boost|p2a: Clefable|spa|1
|-boost|p2a: Clefable|spd|1
|
|-weather|Sandstorm|[upkeep]
|upkeep
|turn|12
|
|t:|1663253221
|move|p2a: Clefable|Moonblast|p1a: Hippowdon
|-damage|p1a: Hippowdon|64/100
|-unboost|p1a: Hippowdon|spa|1
|move|p1a: Hippowdon|Stealth Rock|p2a: Clefable
|-sidestart|p2: chokst du|move: Stealth Rock
|
|-weather|Sandstorm|[upkeep]
|-heal|p1a: Hippowdon|70/100|[from] item: Leftovers
|upkeep
|turn|13
|
|t:|1663253223
|move|p2a: Clefable|Calm Mind|p2a: Clefable
|-boost|p2a: Clefable|spa|1
|-boost|p2a: Clefable|spd|1
|move|p1a: Hippowdon|Slack Off|p1a: Hippowdon
|-heal|p1a: Hippowdon|100/100
|
|-weather|Sandstorm|[upkeep]
|upkeep
|turn|14
|
|t:|1663253228
|switch|p1a: Heatran|Heatran, M|100/100 par
|move|p2a: Clefable|Moonblast|p1a: Heatran
|-resisted|p1a: Heatran
|-damage|p1a: Heatran|91/100 par
|
|-weather|Sandstorm|[upkeep]
|-heal|p1a: Heatran|97/100 par|[from] item: Leftovers
|upkeep
|turn|15
|
|t:|1663253232
|switch|p2a: Landorus|Landorus-Therian, M|100/100
|-damage|p2a: Landorus|88/100|[from] Stealth Rock
|-ability|p2a: Landorus|Intimidate|boost
|-unboost|p1a: Heatran|atk|1
|switch|p1a: Tornadus|Tornadus-Therian, M|100/100 tox
|
|-weather|none
|-heal|p2a: Landorus|94/100|[from] item: Leftovers
|-damage|p1a: Tornadus|94/100 tox|[from] psn
|upkeep
|turn|16
|
|t:|1663253235
|move|p1a: Tornadus|Knock Off|p2a: Landorus
|-damage|p2a: Landorus|80/100
|-enditem|p2a: Landorus|Leftovers|[from] move: Knock Off|[of] p1a: Tornadus
|move|p2a: Landorus|Defog|p1a: Tornadus
|-unboost|p1a: Tornadus|evasion|1
|-sideend|p2: chokst du|Stealth Rock|[from] move: Defog|[of] p2a: Landorus
|
|-damage|p1a: Tornadus|82/100 tox|[from] psn
|upkeep
|turn|17
|
|t:|1663253241
|move|p1a: Tornadus|Hurricane|p2a: Landorus
|-damage|p2a: Landorus|31/100
|move|p2a: Landorus|U-turn|p1a: Tornadus
|-resisted|p1a: Tornadus
|-damage|p1a: Tornadus|66/100 tox
|
|t:|1663253243
|switch|p2a: Dragapult|Dragapult, F|100/100|[from]move: U-turn
|
|-damage|p1a: Tornadus|48/100 tox|[from] psn
|upkeep
|turn|18
|
|t:|1663253252
|switch|p1a: Heatran|Heatran, M|97/100 par
|move|p2a: Dragapult|Shadow Ball|p1a: Heatran
|-damage|p1a: Heatran|64/100 par
|
|-heal|p1a: Heatran|71/100 par|[from] item: Leftovers
|upkeep
|turn|19
|
|t:|1663253259
|switch|p1a: Tornadus|Tornadus-Therian, M|81/100 tox
|move|p2a: Dragapult|Shadow Ball|p1a: Tornadus
|-damage|p1a: Tornadus|41/100 tox
|
|-damage|p1a: Tornadus|35/100 tox|[from] psn
|upkeep
|turn|20
|
|t:|1663253261
|switch|p1a: Hippowdon|Hippowdon, F|100/100
|-weather|Sandstorm|[from] ability: Sand Stream|[of] p1a: Hippowdon
|move|p2a: Dragapult|Shadow Ball|p1a: Hippowdon
|-damage|p1a: Hippowdon|62/100
|
|-weather|Sandstorm|[upkeep]
|-damage|p2a: Dragapult|95/100|[from] Sandstorm
|-heal|p1a: Hippowdon|68/100|[from] item: Leftovers
|upkeep
|turn|21
|
|t:|1663253264
|switch|p2a: Heatran|Heatran, M|100/100
|-item|p2a: Heatran|Air Balloon
|move|p1a: Hippowdon|Slack Off|p1a: Hippowdon
|-heal|p1a: Hippowdon|100/100
|
|-weather|Sandstorm|[upkeep]
|upkeep
|turn|22
|
|t:|1663253268
|switch|p1a: Tornadus|Tornadus-Therian, M|68/100 tox
|move|p2a: Heatran|Stealth Rock|p1a: Tornadus
|-sidestart|p1: Stads|move: Stealth Rock
|
|-weather|Sandstorm|[upkeep]
|-damage|p1a: Tornadus|62/100 tox|[from] Sandstorm
|-damage|p1a: Tornadus|55/100 tox|[from] psn
|upkeep
|turn|23
|
|t:|1663253274
|move|p1a: Tornadus|U-turn|p2a: Heatran
|-resisted|p2a: Heatran
|-damage|p2a: Heatran|97/100
|-enditem|p2a: Heatran|Air Balloon
|
|t:|1663253276
|switch|p1a: Toxapex|Toxapex, M|100/100|[from]move: U-turn
|-damage|p1a: Toxapex|88/100|[from] Stealth Rock
|move|p2a: Heatran|Eruption|p1a: Toxapex
|-resisted|p1a: Toxapex
|-damage|p1a: Toxapex|55/100
|
|-weather|Sandstorm|[upkeep]
|-damage|p1a: Toxapex|49/100|[from] Sandstorm
|upkeep
|turn|24
|
|t:|1663253281
|switch|p1a: Hippowdon|Hippowdon, F|100/100
|-damage|p1a: Hippowdon|94/100|[from] Stealth Rock
|move|p2a: Heatran|Earth Power|p1a: Hippowdon
|-damage|p1a: Hippowdon|70/100
|
|-weather|none
|-heal|p1a: Hippowdon|76/100|[from] item: Leftovers
|upkeep
|turn|25
|
|t:|1663253285
|switch|p2a: Kartana|Kartana|100/100
|move|p1a: Hippowdon|Earthquake|p2a: Kartana
|-damage|p2a: Kartana|57/100
|
|-heal|p1a: Hippowdon|83/100|[from] item: Leftovers
|upkeep
|turn|26
|
|t:|1663253292
|move|p2a: Kartana|Knock Off|p1a: Hippowdon
|-damage|p1a: Hippowdon|51/100
|-enditem|p1a: Hippowdon|Leftovers|[from] move: Knock Off|[of] p2a: Kartana
|move|p1a: Hippowdon|Stealth Rock|p2a: Kartana
|-sidestart|p2: chokst du|move: Stealth Rock
|
|upkeep
|turn|27
|
|t:|1663253296
|move|p2a: Kartana|Swords Dance|p2a: Kartana
|-boost|p2a: Kartana|atk|2
|move|p1a: Hippowdon|Slack Off|p1a: Hippowdon
|-heal|p1a: Hippowdon|100/100
|
|upkeep
|turn|28
|
|t:|1663253301
|switch|p1a: Corviknight|Corviknight, M|100/100 par
|-damage|p1a: Corviknight|88/100 par|[from] Stealth Rock
|-ability|p1a: Corviknight|Pressure
|move|p2a: Kartana|Knock Off|p1a: Corviknight
|-damage|p1a: Corviknight|37/100 par
|-enditem|p1a: Corviknight|Leftovers|[from] move: Knock Off|[of] p2a: Kartana
|
|upkeep
|turn|29
|
|t:|1663253307
|move|p2a: Kartana|Knock Off|p1a: Corviknight
|-damage|p1a: Corviknight|0 fnt
|faint|p1a: Corviknight
|-ability|p2a: Kartana|Beast Boost|boost
|-boost|p2a: Kartana|atk|1
|
|upkeep
|
|t:|1663253309
|switch|p1a: Tornadus|Tornadus-Therian, M|88/100 tox
|-damage|p1a: Tornadus|63/100 tox|[from] Stealth Rock
|turn|30
|
|t:|1663253315
|switch|p2a: Torkoal|Torkoal, F|85/100
|-damage|p2a: Torkoal|60/100|[from] Stealth Rock
|-weather|SunnyDay|[from] ability: Drought|[of] p2a: Torkoal
|move|p1a: Tornadus|Hurricane|p2a: Torkoal
|-damage|p2a: Torkoal|0 fnt
|faint|p2a: Torkoal
|
|-weather|SunnyDay|[upkeep]
|-damage|p1a: Tornadus|57/100 tox|[from] psn
|upkeep
|
|t:|1663253327
|switch|p2a: Heatran|Heatran, M|97/100
|-damage|p2a: Heatran|84/100|[from] Stealth Rock
|turn|31
|
|t:|1663253330
|move|p1a: Tornadus|U-turn|p2a: Heatran
|-resisted|p2a: Heatran
|-damage|p2a: Heatran|81/100
|
|t:|1663253332
|switch|p1a: Hippowdon|Hippowdon, F|100/100|[from]move: U-turn
|-damage|p1a: Hippowdon|94/100|[from] Stealth Rock
|-weather|Sandstorm|[from] ability: Sand Stream|[of] p1a: Hippowdon
|move|p2a: Heatran|Earth Power|p1a: Hippowdon
|-damage|p1a: Hippowdon|68/100
|
|-weather|Sandstorm|[upkeep]
|upkeep
|turn|32
|
|t:|1663253338
|move|p2a: Heatran|Toxic|p1a: Hippowdon
|-status|p1a: Hippowdon|tox
|move|p1a: Hippowdon|Slack Off|p1a: Hippowdon
|-heal|p1a: Hippowdon|100/100 tox
|
|-weather|Sandstorm|[upkeep]
|-damage|p1a: Hippowdon|94/100 tox|[from] psn
|upkeep
|turn|33
|
|t:|1663253342
|switch|p2a: Clefable|Clefable, F|100/100
|switch|p1a: Toxapex|Toxapex, M|82/100
|-damage|p1a: Toxapex|70/100|[from] Stealth Rock
|
|-weather|Sandstorm|[upkeep]
|-damage|p1a: Toxapex|64/100|[from] Sandstorm
|upkeep
|turn|34
|
|t:|1663253346
|move|p2a: Clefable|Calm Mind|p2a: Clefable
|-boost|p2a: Clefable|spa|1
|-boost|p2a: Clefable|spd|1
|move|p1a: Toxapex|Recover|p1a: Toxapex
|-heal|p1a: Toxapex|100/100
|
|-weather|Sandstorm|[upkeep]
|-damage|p1a: Toxapex|94/100|[from] Sandstorm
|upkeep
|turn|35
|
|t:|1663253358
|move|p2a: Clefable|Calm Mind|p2a: Clefable
|-boost|p2a: Clefable|spa|1
|-boost|p2a: Clefable|spd|1
|move|p1a: Toxapex|Haze|p1a: Toxapex
|-clearallboost
|
|-weather|none
|upkeep
|turn|36
|
|t:|1663253361
|move|p2a: Clefable|Thunder Wave|p1a: Toxapex
|-status|p1a: Toxapex|par
|move|p1a: Toxapex|Scald|p2a: Clefable
|-damage|p2a: Clefable|88/100
|-status|p2a: Clefable|brn
|
|upkeep
|turn|37
|
|t:|1663253366
|move|p2a: Clefable|Calm Mind|p2a: Clefable
|-boost|p2a: Clefable|spa|1
|-boost|p2a: Clefable|spd|1
|move|p1a: Toxapex|Scald|p2a: Clefable
|-damage|p2a: Clefable|78/100 brn
|
|upkeep
|turn|38
|
|t:|1663253369
|move|p2a: Clefable|Calm Mind|p2a: Clefable
|-boost|p2a: Clefable|spa|1
|-boost|p2a: Clefable|spd|1
|move|p1a: Toxapex|Haze|p1a: Toxapex
|-clearallboost
|
|upkeep
|turn|39
|
|t:|1663253371
|move|p2a: Clefable|Soft-Boiled|p2a: Clefable
|-heal|p2a: Clefable|100/100 brn
|move|p1a: Toxapex|Knock Off|p2a: Clefable
|-resisted|p2a: Clefable
|-damage|p2a: Clefable|96/100 brn
|
|upkeep
|turn|40
|
|t:|1663253377
|move|p2a: Clefable|Calm Mind|p2a: Clefable
|-boost|p2a: Clefable|spa|1
|-boost|p2a: Clefable|spd|1
|move|p1a: Toxapex|Scald|p2a: Clefable
|-damage|p2a: Clefable|87/100 brn
|
|upkeep
|turn|41
|
|t:|1663253382
|move|p2a: Clefable|Moonblast|p1a: Toxapex
|-resisted|p1a: Toxapex
|-damage|p1a: Toxapex|75/100 par
|cant|p1a: Toxapex|par
|
|upkeep
|turn|42
|
|t:|1663253389
|switch|p2a: Kartana|Kartana|57/100
|-damage|p2a: Kartana|51/100|[from] Stealth Rock
|move|p1a: Toxapex|Haze|p1a: Toxapex
|-clearallboost
|
|upkeep
|turn|43
|
|t:|1663253394
|switch|p1a: Tornadus|Tornadus-Therian, M|90/100 tox
|-damage|p1a: Tornadus|65/100 tox|[from] Stealth Rock
|move|p2a: Kartana|Swords Dance|p2a: Kartana
|-boost|p2a: Kartana|atk|2
|
|-damage|p1a: Tornadus|59/100 tox|[from] psn
|upkeep
|turn|44
|
|t:|1663253397
|move|p1a: Tornadus|Hurricane|p2a: Kartana
|-damage|p2a: Kartana|0 fnt
|faint|p2a: Kartana
|
|-damage|p1a: Tornadus|47/100 tox|[from] psn
|upkeep
|j| Ctannn
|
|t:|1663253399
|switch|p2a: Dragapult|Dragapult, F|95/100
|-damage|p2a: Dragapult|82/100|[from] Stealth Rock
|turn|45
|
|t:|1663253415
|move|p2a: Dragapult|Shadow Ball|p1a: Tornadus
|-damage|p1a: Tornadus|8/100 tox
|-unboost|p1a: Tornadus|spd|1
|move|p1a: Tornadus|U-turn|p2a: Dragapult
|-resisted|p2a: Dragapult
|-damage|p2a: Dragapult|73/100
|
|t:|1663253420
|switch|p1a: Heatran|Heatran, M|71/100 par|[from]move: U-turn
|-damage|p1a: Heatran|58/100 par|[from] Stealth Rock
|
|-heal|p1a: Heatran|64/100 par|[from] item: Leftovers
|upkeep
|turn|46
|
|t:|1663253425
|switch|p1a: Hippowdon|Hippowdon, F|94/100 tox
|-damage|p1a: Hippowdon|88/100 tox|[from] Stealth Rock
|-weather|Sandstorm|[from] ability: Sand Stream|[of] p1a: Hippowdon
|move|p2a: Dragapult|Shadow Ball|p1a: Hippowdon
|-damage|p1a: Hippowdon|53/100 tox
|
|-weather|Sandstorm|[upkeep]
|-damage|p2a: Dragapult|67/100|[from] Sandstorm
|-damage|p1a: Hippowdon|47/100 tox|[from] psn
|upkeep
|turn|47
|
|t:|1663253433
|switch|p2a: Landorus|Landorus-Therian, M|31/100
|-damage|p2a: Landorus|18/100|[from] Stealth Rock
|-ability|p2a: Landorus|Intimidate|boost
|-unboost|p1a: Hippowdon|atk|1
|move|p1a: Hippowdon|Slack Off|p1a: Hippowdon
|-heal|p1a: Hippowdon|97/100 tox
|
|-weather|Sandstorm|[upkeep]
|-damage|p1a: Hippowdon|84/100 tox|[from] psn
|upkeep
|turn|48
|
|t:|1663253440
|switch|p1a: Kartana|Kartana|100/100
|-damage|p1a: Kartana|94/100|[from] Stealth Rock
|move|p2a: Landorus|U-turn|p1a: Kartana
|-damage|p1a: Kartana|70/100
|
|t:|1663253444
|switch|p2a: Clefable|Clefable, F|87/100 brn|[from]move: U-turn
|
|-weather|Sandstorm|[upkeep]
|upkeep
|turn|49
|
|t:|1663253448
|switch|p2a: Heatran|Heatran, M|81/100
|-damage|p2a: Heatran|69/100|[from] Stealth Rock
|move|p1a: Kartana|Smart Strike|p2a: Heatran
|-resisted|p2a: Heatran
|-damage|p2a: Heatran|57/100
|
|-weather|Sandstorm|[upkeep]
|upkeep
|turn|50
|
|t:|1663253457
|switch|p1a: Toxapex|Toxapex, M|100/100 par
|-damage|p1a: Toxapex|88/100 par|[from] Stealth Rock
|move|p2a: Heatran|Earth Power|p1a: Toxapex
|-supereffective|p1a: Toxapex
|-damage|p1a: Toxapex|36/100 par
|
|-weather|none
|upkeep
|turn|51
|
|t:|1663253466
|move|p2a: Heatran|Eruption|p1a: Toxapex
|-resisted|p1a: Toxapex
|-damage|p1a: Toxapex|16/100 par
|move|p1a: Toxapex|Scald|p2a: Heatran
|-supereffective|p2a: Heatran
|-damage|p2a: Heatran|22/100
|
|upkeep
|turn|52
|
|t:|1663253475
|switch|p1a: Tornadus|Tornadus-Therian, M|41/100 tox
|-damage|p1a: Tornadus|16/100 tox|[from] Stealth Rock
|move|p2a: Heatran|Earth Power|p1a: Tornadus
|-immune|p1a: Tornadus
|
|-damage|p1a: Tornadus|10/100 tox|[from] psn
|upkeep
|turn|53
|
|t:|1663253478
|move|p1a: Tornadus|Hurricane|p2a: Heatran|[miss]
|-miss|p1a: Tornadus|p2a: Heatran
|move|p2a: Heatran|Earth Power|p1a: Tornadus
|-immune|p1a: Tornadus
|
|-damage|p1a: Tornadus|0 fnt|[from] psn
|faint|p1a: Tornadus
|upkeep
|
|t:|1663253480
|switch|p1a: Kartana|Kartana|70/100
|-damage|p1a: Kartana|64/100|[from] Stealth Rock
|turn|54
|
|t:|1663253491
|move|p1a: Kartana|Sacred Sword|p2a: Heatran
|-supereffective|p2a: Heatran
|-damage|p2a: Heatran|0 fnt
|faint|p2a: Heatran
|-ability|p1a: Kartana|Beast Boost|boost
|-boost|p1a: Kartana|atk|1
|
|upkeep
|
|t:|1663253493
|switch|p2a: Dragapult|Dragapult, F|67/100
|-damage|p2a: Dragapult|54/100|[from] Stealth Rock
|turn|55
|
|t:|1663253500
|switch|p1a: Hippowdon|Hippowdon, F|84/100 tox
|-damage|p1a: Hippowdon|78/100 tox|[from] Stealth Rock
|-weather|Sandstorm|[from] ability: Sand Stream|[of] p1a: Hippowdon
|move|p2a: Dragapult|Shadow Ball|p1a: Hippowdon
|-damage|p1a: Hippowdon|41/100 tox
|
|-weather|Sandstorm|[upkeep]
|-damage|p2a: Dragapult|48/100|[from] Sandstorm
|-damage|p1a: Hippowdon|35/100 tox|[from] psn
|upkeep
|turn|56
|
|t:|1663253505
|move|p2a: Dragapult|Shadow Ball|p1a: Hippowdon
|-damage|p1a: Hippowdon|0 fnt
|faint|p1a: Hippowdon
|
|-weather|Sandstorm|[upkeep]
|-damage|p2a: Dragapult|42/100|[from] Sandstorm
|upkeep
|
|t:|1663253506
|switch|p1a: Kartana|Kartana|64/100
|-damage|p1a: Kartana|58/100|[from] Stealth Rock
|turn|57
|
|t:|1663253513
|switch|p2a: Landorus|Landorus-Therian, M|18/100
|-damage|p2a: Landorus|6/100|[from] Stealth Rock
|-ability|p2a: Landorus|Intimidate|boost
|-unboost|p1a: Kartana|atk|1
|move|p1a: Kartana|Smart Strike|p2a: Landorus
|-damage|p2a: Landorus|0 fnt
|faint|p2a: Landorus
|-ability|p1a: Kartana|Beast Boost|boost
|-boost|p1a: Kartana|atk|1
|
|-weather|Sandstorm|[upkeep]
|upkeep
|
|t:|1663253517
|switch|p2a: Clefable|Clefable, F|87/100 brn
|turn|58
|
|t:|1663253525
|move|p1a: Kartana|Smart Strike|p2a: Clefable
|-supereffective|p2a: Clefable
|-damage|p2a: Clefable|6/100 brn
|move|p2a: Clefable|Thunder Wave|p1a: Kartana
|-status|p1a: Kartana|par
|
|-weather|Sandstorm|[upkeep]
|upkeep
|turn|59
|
|t:|1663253532
|move|p1a: Kartana|Smart Strike|p2a: Clefable
|-supereffective|p2a: Clefable
|-damage|p2a: Clefable|0 fnt
|faint|p2a: Clefable
|-ability|p1a: Kartana|Beast Boost|boost
|-boost|p1a: Kartana|atk|1
|
|-weather|none
|upkeep
|
|t:|1663253534
|switch|p2a: Dragapult|Dragapult, F|42/100
|-damage|p2a: Dragapult|30/100|[from] Stealth Rock
|turn|60
|
|t:|1663253535
|move|p2a: Dragapult|Shadow Ball|p1a: Kartana
|-damage|p1a: Kartana|0 fnt
|faint|p1a: Kartana
|
|upkeep
|
|t:|1663253537
|switch|p1a: Heatran|Heatran, M|64/100 par
|-damage|p1a: Heatran|52/100 par|[from] Stealth Rock
|turn|61
|
|t:|1663253539
|move|p2a: Dragapult|Shadow Ball|p1a: Heatran
|-damage|p1a: Heatran|18/100 par
|cant|p1a: Heatran|par
|
|-heal|p1a: Heatran|25/100 par|[from] item: Leftovers
|upkeep
|turn|62
|
|t:|1663253543
|move|p1a: Heatran|Protect|p1a: Heatran
|-singleturn|p1a: Heatran|Protect
|move|p2a: Dragapult|Shadow Ball|p1a: Heatran
|-activate|p1a: Heatran|move: Protect
|
|-heal|p1a: Heatran|31/100 par|[from] item: Leftovers
|upkeep
|turn|63
|j| Congwuyu
|
|t:|1663253545
|move|p2a: Dragapult|Shadow Ball|p1a: Heatran
|-damage|p1a: Heatran|0 fnt
|faint|p1a: Heatran
|
|upkeep
|
|t:|1663253548
|switch|p1a: Toxapex|Toxapex, M|49/100 par
|-damage|p1a: Toxapex|37/100 par|[from] Stealth Rock
|turn|64
|l| Congwuyu
|
|t:|1663253550
|move|p2a: Dragapult|Shadow Ball|p1a: Toxapex
|-damage|p1a: Toxapex|0 fnt
|faint|p1a: Toxapex
|
|win|chokst du
|raw|Stads's rating: 1727 &rarr; <strong>1713</strong><br />(-14 for losing)
|raw|chokst du's rating: 1840 &rarr; <strong>1854</strong><br />(+14 for winning)
|l|☆Stads
||Ladder isn't responding, score probably updated but might not have (Request timeout).
