|j|☆Silas AR
|j|☆Forwards
|inactive|Battle timer is ON: inactive players will automatically lose when time's up.
|t:|1665090072
|gametype|singles
|player|p1|Silas AR|blue-gen1rb|
|player|p2|Forwards|rollerskater|
|teamsize|p1|6
|teamsize|p2|6
|gen|8
|tier|[Gen 8] OU
|rated|Tournament battle
|rule|Sleep Clause Mod: Limit one foe put to sleep
|rule|Species Clause: Limit one of each Pokémon
|rule|OHKO Clause: OHKO moves are banned
|rule|Evasion Items Clause: Evasion items are banned
|rule|Evasion Moves Clause: Evasion moves are banned
|rule|Endless Battle Clause: Forcing endless battles is banned
|rule|HP Percentage Mod: HP is shown in percentages
|rule|Dynamax Clause: You cannot dynamax
|clearpoke
|poke|p1|Cloyster, F|
|poke|p1|Golisopod, M|
|poke|p1|Polteageist-Antique|
|poke|p1|Nidoqueen, F|
|poke|p1|Entei|
|poke|p1|Togekiss, F|
|poke|p2|Moltres-Galar|
|poke|p2|Mew|
|poke|p2|Tapu Koko|
|poke|p2|Hawlucha, M|
|poke|p2|Registeel|
|poke|p2|Nihilego|
|teampreview
|j| Shehejebeh
|j| DrBunns
|j|%Sww-Suwa
|
|t:|1665090088
|start
|switch|p1a: Crustabri|Cloyster, F|100/100
|switch|p2a: Nihilego|Nihilego|100/100
|turn|1
|
|t:|1665090096
|move|p2a: Nihilego|Thunderbolt|p1a: Crustabri
|-supereffective|p1a: Crustabri
|-enditem|p1a: Crustabri|Focus Sash
|-damage|p1a: Crustabri|1/100
|move|p1a: Crustabri|Shell Smash|p1a: Crustabri
|-unboost|p1a: Crustabri|def|1
|-unboost|p1a: Crustabri|spd|1
|-boost|p1a: Crustabri|atk|2
|-boost|p1a: Crustabri|spa|2
|-boost|p1a: Crustabri|spe|2
|
|upkeep
|turn|2
|
|t:|1665090109
|move|p1a: Crustabri|Liquidation|p2a: Nihilego
|-supereffective|p2a: Nihilego
|-enditem|p2a: Nihilego|Focus Sash
|-damage|p2a: Nihilego|1/100
|-unboost|p2a: Nihilego|def|1
|move|p2a: Nihilego|Power Gem|p1a: Crustabri
|-supereffective|p1a: Crustabri
|-damage|p1a: Crustabri|0 fnt
|faint|p1a: Crustabri
|-ability|p2a: Nihilego|Beast Boost|boost
|-boost|p2a: Nihilego|spa|1
|
|upkeep
|
|t:|1665090120
|switch|p1a: Sarmouraï|Golisopod, M|100/100
|turn|3
|
|t:|1665090124
|switch|p2a: Tapu Koko|Tapu Koko|100/100
|-fieldstart|move: Electric Terrain|[from] ability: Electric Surge|[of] p2a: Tapu Koko
|move|p1a: Sarmouraï|Aqua Jet|p2a: Tapu Koko
|-damage|p2a: Tapu Koko|76/100
|
|upkeep
|turn|4
|
|t:|1665090131
|switch|p1a: Nidoqueen|Nidoqueen, F|100/100
|move|p2a: Tapu Koko|Reflect|p2a: Tapu Koko
|-sidestart|p2: Forwards|Reflect
|
|upkeep
|turn|5
|
|t:|1665090135
|move|p2a: Tapu Koko|U-turn|p1a: Nidoqueen
|-resisted|p1a: Nidoqueen
|-damage|p1a: Nidoqueen|89/100
|
|t:|1665090136
|switch|p2a: Nihilego|Nihilego|1/100|[from]move: U-turn
|move|p1a: Nidoqueen|Sludge Wave|p2a: Nihilego
|-resisted|p2a: Nihilego
|-damage|p2a: Nihilego|0 fnt
|faint|p2a: Nihilego
|
|upkeep
|
|t:|1665090141
|switch|p2a: Mew|Mew|100/100
|turn|6
|
|t:|1665090161
|switch|p1a: Togekiss|Togekiss, F|100/100
|move|p2a: Mew|Cosmic Power|p2a: Mew
|-boost|p2a: Mew|def|1
|-boost|p2a: Mew|spd|1
|
|upkeep
|turn|7
|
|t:|1665090167
|move|p1a: Togekiss|Air Slash|p2a: Mew
|-damage|p2a: Mew|80/100
|cant|p2a: Mew|flinch
|
|-fieldend|move: Electric Terrain
|upkeep
|turn|8
|
|t:|1665090177
|switch|p1a: Entei|Entei|100/100
|move|p2a: Mew|Cosmic Power|p2a: Mew
|-boost|p2a: Mew|def|1
|-boost|p2a: Mew|spd|1
|
|upkeep
|turn|9
|
|t:|1665090181
|move|p2a: Mew|Taunt|p1a: Entei
|-start|p1a: Entei|move: Taunt
|move|p1a: Entei|Sacred Fire|p2a: Mew|[miss]
|-miss|p1a: Entei|p2a: Mew
|
|upkeep
|turn|10
|
|t:|1665090185
|move|p1a: Entei|Sacred Fire|p2a: Mew
|-damage|p2a: Mew|66/100
|-status|p2a: Mew|brn
|-activate|p2a: Mew|ability: Synchronize
|-immune|p1a: Entei
|move|p2a: Mew|Stored Power|p1a: Entei
|-damage|p1a: Entei|61/100
|
|-damage|p2a: Mew|59/100 brn|[from] brn
|upkeep
|turn|11
|
|t:|1665090191
|move|p2a: Mew|Stored Power|p1a: Entei
|-damage|p1a: Entei|22/100
|move|p1a: Entei|Sacred Fire|p2a: Mew
|-damage|p2a: Mew|45/100 brn
|
|-damage|p2a: Mew|38/100 brn|[from] brn
|-end|p1a: Entei|move: Taunt
|-sideend|p2: Forwards|Reflect
|upkeep
|turn|12
|
|t:|1665090199
|move|p1a: Entei|Sacred Fire|p2a: Mew
|-damage|p2a: Mew|10/100 brn
|move|p2a: Mew|Stored Power|p1a: Entei
|-damage|p1a: Entei|0 fnt
|faint|p1a: Entei
|
|-damage|p2a: Mew|4/100 brn|[from] brn
|upkeep
|
|t:|1665090206
|switch|p1a: Sarmouraï|Golisopod, M|100/100
|turn|13
|
|t:|1665090209
|move|p1a: Sarmouraï|First Impression|p2a: Mew
|-supereffective|p2a: Mew
|-damage|p2a: Mew|0 fnt
|faint|p2a: Mew
|
|upkeep
|
|t:|1665090210
|switch|p2a: Tapu Koko|Tapu Koko|76/100
|-fieldstart|move: Electric Terrain|[from] ability: Electric Surge|[of] p2a: Tapu Koko
|turn|14
|
|t:|1665090221
|move|p2a: Tapu Koko|Light Screen|p2a: Tapu Koko
|-sidestart|p2: Forwards|move: Light Screen
|move|p1a: Sarmouraï|Liquidation|p2a: Tapu Koko
|-damage|p2a: Tapu Koko|20/100
|
|upkeep
|turn|15
|
|t:|1665090233
|move|p1a: Sarmouraï|Aqua Jet|p2a: Tapu Koko
|-damage|p2a: Tapu Koko|0 fnt
|faint|p2a: Tapu Koko
|
|upkeep
|
|t:|1665090235
|switch|p2a: Hawlucha|Hawlucha, M|100/100
|-enditem|p2a: Hawlucha|Electric Seed
|-boost|p2a: Hawlucha|def|1|[from] item: Electric Seed
|turn|16
|
|t:|1665090250
|move|p1a: Sarmouraï|Aqua Jet|p2a: Hawlucha
|-damage|p2a: Hawlucha|80/100
|move|p2a: Hawlucha|Swords Dance|p2a: Hawlucha
|-boost|p2a: Hawlucha|atk|2
|
|upkeep
|turn|17
|
|t:|1665090258
|move|p1a: Sarmouraï|Aqua Jet|p2a: Hawlucha
|-damage|p2a: Hawlucha|59/100
|move|p2a: Hawlucha|Acrobatics|p1a: Sarmouraï
|-supereffective|p1a: Sarmouraï
|-damage|p1a: Sarmouraï|0 fnt
|faint|p1a: Sarmouraï
|
|upkeep
|
|t:|1665090263
|switch|p1a: Polteageist|Polteageist-Antique|100/100
|turn|18
|
|t:|1665090271
|move|p2a: Hawlucha|Taunt|p1a: Polteageist
|-start|p1a: Polteageist|move: Taunt
|cant|p1a: Polteageist|move: Taunt|Shell Smash
|
|-fieldend|move: Electric Terrain
|upkeep
|turn|19
|
|t:|1665090277
|switch|p1a: Nidoqueen|Nidoqueen, F|89/100
|move|p2a: Hawlucha|Acrobatics|p1a: Nidoqueen
|-damage|p1a: Nidoqueen|0 fnt
|faint|p1a: Nidoqueen
|
|upkeep
|
|t:|1665090280
|switch|p1a: Togekiss|Togekiss, F|100/100
|turn|20
|
|t:|1665090289
|move|p2a: Hawlucha|Acrobatics|p1a: Togekiss
|-damage|p1a: Togekiss|0 fnt
|faint|p1a: Togekiss
|
|upkeep
|
|t:|1665090297
|switch|p1a: Polteageist|Polteageist-Antique|100/100
|turn|21
|
|t:|1665090304
|move|p2a: Hawlucha|Acrobatics|p1a: Polteageist
|-enditem|p1a: Polteageist|Focus Sash
|-damage|p1a: Polteageist|1/100
|-ability|p1a: Polteageist|Weak Armor|boost
|-unboost|p1a: Polteageist|def|1
|-boost|p1a: Polteageist|spe|2
|move|p1a: Polteageist|Shadow Ball|p2a: Hawlucha
|-damage|p2a: Hawlucha|26/100
|
|-sideend|p2: Forwards|move: Light Screen
|upkeep
|turn|22
|
|t:|1665090310
|move|p2a: Hawlucha|Acrobatics|p1a: Polteageist
|-damage|p1a: Polteageist|0 fnt
|faint|p1a: Polteageist
|
|win|Forwards
|n|☆Silas AR|silasar
|n|☆Forwards|forwards
|n| Shehejebeh|shehejebeh
|n| DrBunns|drbunns
|n| Sww-Suwa|swwsuwa
