|j|☆francois le singe
|j|☆Red Rushun
|t:|1667847186
|gametype|singles
|player|p1|francois le singe|ninjaboy|1542
|player|p2|Red Rushun|clair|1532
|teamsize|p1|6
|teamsize|p2|6
|gen|8
|tier|[Gen 8] OU
|rated|
|rule|Sleep Clause Mod: Limit one foe put to sleep
|rule|Species Clause: Limit one of each Pokémon
|rule|OHKO Clause: OHKO moves are banned
|rule|Evasion Items Clause: Evasion items are banned
|rule|Evasion Moves Clause: Evasion moves are banned
|rule|Endless Battle Clause: Forcing endless battles is banned
|rule|HP Percentage Mod: HP is shown in percentages
|rule|Dynamax Clause: You cannot dynamax
|clearpoke
|poke|p1|Pelipper, F|
|poke|p1|Ferrothorn, F|
|poke|p1|Zapdos|
|poke|p1|Barraskewda, M|
|poke|p1|Crawdaunt, F|
|poke|p1|Seismitoad, F|
|poke|p2|Dragapult, M|
|poke|p2|Blastoise, F|
|poke|p2|Tapu Lele|
|poke|p2|Cobalion|
|poke|p2|Grimmsnarl, M|
|poke|p2|Landorus-Therian, M|
|teampreview
|inactive|Battle timer is ON: inactive players will automatically lose when time's up. (requested by francois le singe)
|
|t:|1667847204
|start
|switch|p1a: Pelipper|Pelipper, F|100/100
|switch|p2a: Cobalion|Cobalion, shiny|100/100
|-weather|RainDance|[from] ability: Drizzle|[of] p1a: Pelipper
|turn|1
|
|t:|1667847210
|move|p2a: Cobalion|Toxic|p1a: Pelipper
|-status|p1a: Pelipper|tox
|move|p1a: Pelipper|Scald|p2a: Cobalion
|-damage|p2a: Cobalion|55/100
|-status|p2a: Cobalion|brn
|
|-weather|RainDance|[upkeep]
|-damage|p1a: Pelipper|94/100 tox|[from] psn
|-damage|p2a: Cobalion|48/100 brn|[from] brn
|upkeep
|turn|2
|
|t:|1667847215
|move|p2a: Cobalion|Stealth Rock|p1a: Pelipper
|-sidestart|p1: francois le singe|move: Stealth Rock
|move|p1a: Pelipper|U-turn|p2a: Cobalion
|-resisted|p2a: Cobalion
|-damage|p2a: Cobalion|47/100 brn
|
|t:|1667847218
|switch|p1a: Barraskewda|Barraskewda, M|100/100|[from]move: U-turn
|-damage|p1a: Barraskewda|88/100|[from] Stealth Rock
|
|-weather|RainDance|[upkeep]
|-damage|p2a: Cobalion|41/100 brn|[from] brn
|upkeep
|turn|3
|
|t:|1667847237
|switch|p2a: Landorus|Landorus-Therian, M, shiny|100/100
|-ability|p2a: Landorus|Intimidate|boost
|-unboost|p1a: Barraskewda|atk|1
|move|p1a: Barraskewda|Flip Turn|p2a: Landorus
|-supereffective|p2a: Landorus
|-damage|p2a: Landorus|0 fnt
|faint|p2a: Landorus
|
|t:|1667847246
|switch|p1a: Seismitoad|Seismitoad, F|100/100|[from]move: Flip Turn
|-damage|p1a: Seismitoad|95/100|[from] Stealth Rock
|
|-weather|RainDance|[upkeep]
|upkeep
|
|t:|1667847254
|switch|p2a: Cobalion|Cobalion, shiny|41/100 brn
|turn|4
|
|t:|1667847259
|switch|p2a: Tapu Lele|Tapu Lele|100/100
|-fieldstart|move: Psychic Terrain|[from] ability: Psychic Surge|[of] p2a: Tapu Lele
|move|p1a: Seismitoad|Earthquake|p2a: Tapu Lele
|-damage|p2a: Tapu Lele|10/100
|-damage|p1a: Seismitoad|85/100|[from] item: Life Orb
|
|-weather|RainDance|[upkeep]
|upkeep
|turn|5
|
|t:|1667847273
|move|p1a: Seismitoad|Earthquake|p2a: Tapu Lele
|-crit|p2a: Tapu Lele
|-damage|p2a: Tapu Lele|0 fnt
|faint|p2a: Tapu Lele
|-damage|p1a: Seismitoad|75/100|[from] item: Life Orb
|
|-weather|RainDance|[upkeep]
|upkeep
|
|t:|1667847280
|switch|p2a: Cobalion|Cobalion, shiny|41/100 brn
|turn|6
|
|t:|1667847290
|move|p1a: Seismitoad|Liquidation|p2a: Cobalion
|-crit|p2a: Cobalion
|-damage|p2a: Cobalion|0 fnt
|faint|p2a: Cobalion
|-damage|p1a: Seismitoad|65/100|[from] item: Life Orb
|
|-weather|RainDance|[upkeep]
|upkeep
|
|t:|1667847299
|switch|p2a: Grimmsnarl|Grimmsnarl, M|100/100
|turn|7
|
|t:|1667847309
|move|p2a: Grimmsnarl|Reflect|p2a: Grimmsnarl
|-sidestart|p2: Red Rushun|Reflect
|move|p1a: Seismitoad|Liquidation|p2a: Grimmsnarl
|-damage|p2a: Grimmsnarl|60/100
|-damage|p1a: Seismitoad|55/100|[from] item: Life Orb
|
|-weather|RainDance|[upkeep]
|upkeep
|turn|8
|
|t:|1667847319
|switch|p1a: Pelipper|Pelipper, F|94/100 tox
|-damage|p1a: Pelipper|70/100 tox|[from] Stealth Rock
|move|p2a: Grimmsnarl|Light Screen|p2a: Grimmsnarl
|-sidestart|p2: Red Rushun|move: Light Screen
|
|-weather|none
|-damage|p1a: Pelipper|63/100 tox|[from] psn
|-fieldend|move: Psychic Terrain
|upkeep
|turn|9
|
|t:|1667847326
|switch|p1a: Ferrothorn|Ferrothorn, F|100/100
|-damage|p1a: Ferrothorn|95/100|[from] Stealth Rock
|move|p2a: Grimmsnarl|Spirit Break|p1a: Ferrothorn
|-resisted|p1a: Ferrothorn
|-damage|p1a: Ferrothorn|86/100
|-unboost|p1a: Ferrothorn|spa|1
|-damage|p2a: Grimmsnarl|48/100|[from] ability: Iron Barbs|[of] p1a: Ferrothorn
|-damage|p2a: Grimmsnarl|31/100|[from] item: Rocky Helmet|[of] p1a: Ferrothorn
|
|upkeep
|turn|10
|
|t:|1667847335
|move|p2a: Grimmsnarl|Thunder Wave|p1a: Ferrothorn|[miss]
|-miss|p2a: Grimmsnarl|p1a: Ferrothorn
|move|p1a: Ferrothorn|Knock Off|p2a: Grimmsnarl
|-resisted|p2a: Grimmsnarl
|-crit|p2a: Grimmsnarl
|-damage|p2a: Grimmsnarl|22/100
|-enditem|p2a: Grimmsnarl|Light Clay|[from] move: Knock Off|[of] p1a: Ferrothorn
|
|upkeep
|turn|11
|
|t:|1667847358
|move|p2a: Grimmsnarl|Spirit Break|p1a: Ferrothorn
|-resisted|p1a: Ferrothorn
|-damage|p1a: Ferrothorn|78/100
|-unboost|p1a: Ferrothorn|spa|1
|-damage|p2a: Grimmsnarl|9/100|[from] ability: Iron Barbs|[of] p1a: Ferrothorn
|-damage|p2a: Grimmsnarl|0 fnt|[from] item: Rocky Helmet|[of] p1a: Ferrothorn
|faint|p2a: Grimmsnarl
|move|p1a: Ferrothorn|Knock Off|p2: Grimmsnarl|[notarget]
|-fail|p1a: Ferrothorn
|
|upkeep
|
|t:|1667847376
|switch|p2a: Blastoise|Blastoise, F, shiny|100/100
|turn|12
|
|t:|1667847392
|move|p2a: Blastoise|Shell Smash|p2a: Blastoise
|-unboost|p2a: Blastoise|def|1
|-unboost|p2a: Blastoise|spd|1
|-boost|p2a: Blastoise|atk|2
|-boost|p2a: Blastoise|spa|2
|-boost|p2a: Blastoise|spe|2
|-enditem|p2a: Blastoise|White Herb
|-clearnegativeboost|p2a: Blastoise|[silent]
|move|p1a: Ferrothorn|Knock Off|p2a: Blastoise
|-damage|p2a: Blastoise|92/100
|
|upkeep
|turn|13
|inactive|francois le singe has 120 seconds left.
|inactive|francois le singe has 90 seconds left.
|
|t:|1667847447
|move|p2a: Blastoise|Shell Smash|p2a: Blastoise
|-unboost|p2a: Blastoise|def|1
|-unboost|p2a: Blastoise|spd|1
|-boost|p2a: Blastoise|atk|2
|-boost|p2a: Blastoise|spa|2
|-boost|p2a: Blastoise|spe|2
|move|p1a: Ferrothorn|Leech Seed|p2a: Blastoise
|-start|p2a: Blastoise|move: Leech Seed
|
|-damage|p2a: Blastoise|80/100|[from] Leech Seed|[of] p1a: Ferrothorn
|-heal|p1a: Ferrothorn|88/100|[silent]
|upkeep
|turn|14
|inactive|francois le singe has 90 seconds left.
|inactive|Red Rushun has 120 seconds left.
|
|t:|1667847481
|move|p2a: Blastoise|Ice Beam|p1a: Ferrothorn
|-damage|p1a: Ferrothorn|20/100
|move|p1a: Ferrothorn|Gyro Ball|p2a: Blastoise
|-resisted|p2a: Blastoise
|-crit|p2a: Blastoise
|-damage|p2a: Blastoise|16/100
|
|-damage|p2a: Blastoise|4/100|[from] Leech Seed|[of] p1a: Ferrothorn
|-heal|p1a: Ferrothorn|30/100|[silent]
|-sideend|p2: Red Rushun|Reflect
|upkeep
|turn|15
|
|t:|1667847491
|move|p2a: Blastoise|Surf|p1a: Ferrothorn
|-resisted|p1a: Ferrothorn
|-damage|p1a: Ferrothorn|0 fnt
|faint|p1a: Ferrothorn
|
|-sideend|p2: Red Rushun|move: Light Screen
|upkeep
|
|t:|1667847494
|switch|p1a: Pelipper|Pelipper, F|63/100 tox
|-damage|p1a: Pelipper|39/100 tox|[from] Stealth Rock
|-weather|RainDance|[from] ability: Drizzle|[of] p1a: Pelipper
|turn|16
|
|t:|1667847503
|move|p2a: Blastoise|Surf|p1a: Pelipper
|-resisted|p1a: Pelipper
|-damage|p1a: Pelipper|0 fnt
|faint|p1a: Pelipper
|
|-weather|RainDance|[upkeep]
|upkeep
|
|t:|1667847511
|switch|p1a: Crawdaunt|Crawdaunt, F|100/100
|-damage|p1a: Crawdaunt|88/100|[from] Stealth Rock
|turn|17
|
|t:|1667847523
|move|p1a: Crawdaunt|Aqua Jet|p2a: Blastoise
|-resisted|p2a: Blastoise
|-damage|p2a: Blastoise|0 fnt
|faint|p2a: Blastoise
|-damage|p1a: Crawdaunt|78/100|[from] item: Life Orb
|
|-weather|RainDance|[upkeep]
|upkeep
|
|t:|1667847526
|switch|p2a: Dragapult|Dragapult, M|100/100
|turn|18
|
|t:|1667847530
|move|p2a: Dragapult|Dragon Dance|p2a: Dragapult
|-boost|p2a: Dragapult|atk|1
|-boost|p2a: Dragapult|spe|1
|move|p1a: Crawdaunt|Knock Off|p2a: Dragapult
|-supereffective|p2a: Dragapult
|-damage|p2a: Dragapult|0 fnt
|-enditem|p2a: Dragapult|Life Orb|[from] move: Knock Off|[of] p1a: Crawdaunt
|faint|p2a: Dragapult
|-damage|p1a: Crawdaunt|69/100|[from] item: Life Orb
|
|win|francois le singe
|raw|francois le singe's rating: 1542 &rarr; <strong>1561</strong><br />(+19 for winning)
|raw|Red Rushun's rating: 1532 &rarr; <strong>1513</strong><br />(-19 for losing)
|l|☆Red Rushun
||Ladder isn't responding, score probably updated but might not have (Request timeout).
