|j|☆Cubielubie
|j|☆Shardul888
|t:|1654883599
|gametype|singles
|player|p1|Cubielubie|169|1637
|player|p2|Shardul888|palmer|1596
|teamsize|p1|6
|teamsize|p2|6
|gen|8
|tier|[Gen 8] OU
|rated|
|rule|Sleep Clause Mod: Limit one foe put to sleep
|rule|Species Clause: Limit one of each Pokémon
|rule|OHKO Clause: OHKO moves are banned
|rule|Evasion Moves Clause: Evasion moves are banned
|rule|Endless Battle Clause: Forcing endless battles is banned
|rule|HP Percentage Mod: HP is shown in percentages
|rule|Dynamax Clause: You cannot dynamax
|clearpoke
|poke|p1|Pelipper, M|
|poke|p1|Barraskewda, M|
|poke|p1|Porygon-Z|
|poke|p1|Ferrothorn, M|
|poke|p1|Tapu Lele|
|poke|p1|Seismitoad, M|
|poke|p2|Dragonite, M|
|poke|p2|Toxapex, F|
|poke|p2|Slowking-Galar, F|
|poke|p2|Skarmory, M|
|poke|p2|Blaziken, M|
|poke|p2|Porygon2|
|teampreview
|inactive|Battle timer is ON: inactive players will automatically lose when time's up. (requested by Shardul888)
|
|t:|1654883611
|start
|switch|p1a: Pelipper|Pelipper, M|100/100
|switch|p2a: BLACK|Toxapex, F|100/100
|-weather|RainDance|[from] ability: Drizzle|[of] p1a: Pelipper
|turn|1
|
|t:|1654883623
|move|p2a: BLACK|Baneful Bunker|p2a: BLACK
|-singleturn|p2a: BLACK|move: Protect
|move|p1a: Pelipper|U-turn|p2a: BLACK
|-activate|p2a: BLACK|move: Protect
|-status|p1a: Pelipper|psn
|
|-weather|RainDance|[upkeep]
|-damage|p1a: Pelipper|88/100 psn|[from] psn
|upkeep
|turn|2
|j| Karkl
|
|t:|1654883633
|move|p1a: Pelipper|U-turn|p2a: BLACK
|-resisted|p2a: BLACK
|-damage|p2a: BLACK|98/100
|
|t:|1654883636
|switch|p1a: Ferrothorn|Ferrothorn, M|100/100|[from]move: U-turn
|move|p2a: BLACK|Toxic|p1a: Ferrothorn
|-immune|p1a: Ferrothorn
|
|-weather|RainDance|[upkeep]
|-heal|p2a: BLACK|100/100|[from] item: Black Sludge
|upkeep
|turn|3
|
|t:|1654883645
|move|p2a: BLACK|Scald|p1a: Ferrothorn
|-resisted|p1a: Ferrothorn
|-damage|p1a: Ferrothorn|91/100
|-status|p1a: Ferrothorn|brn
|move|p1a: Ferrothorn|Stealth Rock|p2a: BLACK
|-sidestart|p2: Shardul888|move: Stealth Rock
|
|-weather|RainDance|[upkeep]
|-damage|p1a: Ferrothorn|85/100 brn|[from] brn
|upkeep
|turn|4
|
|t:|1654883670
|switch|p2a: PINK|Skarmory, M|100/100
|-damage|p2a: PINK|88/100|[from] Stealth Rock
|move|p1a: Ferrothorn|Knock Off|p2a: PINK
|-damage|p2a: PINK|81/100
|-enditem|p2a: PINK|Leftovers|[from] move: Knock Off|[of] p1a: Ferrothorn
|
|-weather|RainDance|[upkeep]
|-damage|p1a: Ferrothorn|79/100 brn|[from] brn
|upkeep
|turn|5
|
|t:|1654883683
|switch|p1a: Porygon-Z|Porygon-Z|100/100
|-ability|p1a: Porygon-Z|Download|boost
|-boost|p1a: Porygon-Z|spa|1
|move|p2a: PINK|Defog|p1a: Porygon-Z
|-unboost|p1a: Porygon-Z|evasion|1
|-sideend|p2: Shardul888|Stealth Rock|[from] move: Defog|[of] p2a: PINK
|
|-weather|RainDance|[upkeep]
|upkeep
|turn|6
|
|t:|1654883693
|switch|p2a: GREEN|Slowking-Galar, F|100/100
|move|p1a: Porygon-Z|Tri Attack|p2a: GREEN
|-damage|p2a: GREEN|38/100
|
|-weather|RainDance|[upkeep]
|upkeep
|turn|7
|
|t:|1654883704
|switch|p2a: WHITE|Porygon2|100/100
|move|p1a: Porygon-Z|Tri Attack|p2a: WHITE
|-damage|p2a: WHITE|31/100
|
|-weather|RainDance|[upkeep]
|upkeep
|turn|8
|
|t:|1654883719
|switch|p2a: PINK|Skarmory, M|81/100
|move|p1a: Porygon-Z|Tri Attack|p2a: PINK
|-resisted|p2a: PINK
|-damage|p2a: PINK|20/100
|
|-weather|none
|upkeep
|turn|9
|
|t:|1654883729
|move|p1a: Porygon-Z|Tri Attack|p2a: PINK
|-resisted|p2a: PINK
|-damage|p2a: PINK|0 fnt
|faint|p2a: PINK
|
|upkeep
|
|t:|1654883735
|switch|p2a: BLUE|Blaziken, M, shiny|100/100
|turn|10
|
|t:|1654883741
|switch|p1a: Pelipper|Pelipper, M|88/100 psn
|-weather|RainDance|[from] ability: Drizzle|[of] p1a: Pelipper
|move|p2a: BLUE|Protect||[still]
|-fail|p2a: BLUE
|
|-weather|RainDance|[upkeep]
|-damage|p1a: Pelipper|76/100 psn|[from] psn
|-ability|p2a: BLUE|Speed Boost|boost
|-boost|p2a: BLUE|spe|1
|upkeep
|turn|11
|
|t:|1654883752
|switch|p2a: GREEN|Slowking-Galar, F|72/100
|switch|p1a: Tapu Lele|Tapu Lele|100/100
|-fieldstart|move: Psychic Terrain|[from] ability: Psychic Surge|[of] p1a: Tapu Lele
|
|-weather|RainDance|[upkeep]
|upkeep
|turn|12
|
|t:|1654883761
|switch|p1a: Ferrothorn|Ferrothorn, M|79/100 brn
|move|p2a: GREEN|Sludge Bomb|p1a: Ferrothorn
|-immune|p1a: Ferrothorn
|
|-weather|RainDance|[upkeep]
|-damage|p1a: Ferrothorn|73/100 brn|[from] brn
|upkeep
|turn|13
|l| Karkl
|
|t:|1654883770
|move|p2a: GREEN|Flamethrower|p1a: Ferrothorn
|-supereffective|p1a: Ferrothorn
|-damage|p1a: Ferrothorn|18/100 brn
|move|p1a: Ferrothorn|Stealth Rock|p2a: GREEN
|-sidestart|p2: Shardul888|move: Stealth Rock
|
|-weather|RainDance|[upkeep]
|-damage|p1a: Ferrothorn|12/100 brn|[from] brn
|upkeep
|turn|14
|
|t:|1654883779
|move|p2a: GREEN|Psyshock|p1a: Ferrothorn
|-resisted|p1a: Ferrothorn
|-damage|p1a: Ferrothorn|0 fnt
|faint|p1a: Ferrothorn
|
|-weather|RainDance|[upkeep]
|upkeep
|
|t:|1654883782
|switch|p1a: Barraskewda|Barraskewda, M|100/100
|turn|15
|
|t:|1654883790
|switch|p2a: BLACK|Toxapex, F|100/100
|-damage|p2a: BLACK|88/100|[from] Stealth Rock
|move|p1a: Barraskewda|Flip Turn|p2a: BLACK
|-resisted|p2a: BLACK
|-damage|p2a: BLACK|63/100
|
|t:|1654883794
|switch|p1a: Porygon-Z|Porygon-Z|100/100|[from]move: Flip Turn
|-ability|p1a: Porygon-Z|Download|boost
|-boost|p1a: Porygon-Z|atk|1
|
|-weather|RainDance|[upkeep]
|-heal|p2a: BLACK|70/100|[from] item: Black Sludge
|-fieldend|move: Psychic Terrain
|upkeep
|turn|16
|
|t:|1654883805
|move|p2a: BLACK|Baneful Bunker|p2a: BLACK
|-singleturn|p2a: BLACK|move: Protect
|move|p1a: Porygon-Z|Thunder|p2a: BLACK
|-activate|p2a: BLACK|move: Protect
|
|-weather|RainDance|[upkeep]
|-heal|p2a: BLACK|76/100|[from] item: Black Sludge
|upkeep
|turn|17
|
|t:|1654883815
|move|p1a: Porygon-Z|Thunder|p2a: BLACK
|-supereffective|p2a: BLACK
|-damage|p2a: BLACK|0 fnt
|faint|p2a: BLACK
|
|-weather|none
|upkeep
|
|t:|1654883825
|switch|p2a: BLUE|Blaziken, M, shiny|100/100
|-damage|p2a: BLUE|88/100|[from] Stealth Rock
|turn|18
|
|t:|1654883829
|switch|p1a: Pelipper|Pelipper, M|76/100 psn
|-weather|RainDance|[from] ability: Drizzle|[of] p1a: Pelipper
|move|p2a: BLUE|Knock Off|p1a: Pelipper
|-damage|p1a: Pelipper|40/100 psn
|-enditem|p1a: Pelipper|Damp Rock|[from] move: Knock Off|[of] p2a: BLUE
|
|-weather|RainDance|[upkeep]
|-damage|p1a: Pelipper|27/100 psn|[from] psn
|-ability|p2a: BLUE|Speed Boost|boost
|-boost|p2a: BLUE|spe|1
|upkeep
|turn|19
|
|t:|1654883845
|switch|p1a: Seismitoad|Seismitoad, M|100/100
|move|p2a: BLUE|Protect||[still]
|-fail|p2a: BLUE
|
|-weather|RainDance|[upkeep]
|-ability|p2a: BLUE|Speed Boost|boost
|-boost|p2a: BLUE|spe|1
|upkeep
|turn|20
|
|t:|1654883855
|move|p1a: Seismitoad|Weather Ball|p2a: BLUE
|-supereffective|p2a: BLUE
|-damage|p2a: BLUE|0 fnt
|faint|p2a: BLUE
|
|-weather|RainDance|[upkeep]
|upkeep
|-message|Shardul888 forfeited.
|
|win|Cubielubie
|raw|Cubielubie's rating: 1637 &rarr; <strong>1655</strong><br />(+18 for winning)
|raw|Shardul888's rating: 1596 &rarr; <strong>1578</strong><br />(-18 for losing)
|l|☆Shardul888
||Ladder isn't responding, score probably updated but might not have (Request timeout).
