|j|☆Stareal
|j|☆N30N3
|player|p1|Stareal|youngn|1785
|player|p2|N30N3|170|1823
|teamsize|p1|6
|teamsize|p2|6
|gametype|singles
|gen|8
|tier|[Gen 8] OU
|rated|
|clearpoke
|poke|p1|Hatterene, F|
|poke|p1|Rotom-Heat|
|poke|p1|Umbreon, M|
|poke|p1|Toxapex, F|
|poke|p1|Reuniclus, M|
|poke|p1|Dracovish|
|poke|p2|Kyurem|
|poke|p2|Hippowdon, M|
|poke|p2|Excadrill, M|
|poke|p2|Tyranitar, M|
|poke|p2|Dragapult, F|
|poke|p2|Ferrothorn, F|
|rule|Sleep Clause Mod: Limit one foe put to sleep
|rule|Species Clause: Limit one of each Pokémon
|rule|OHKO Clause: OHKO moves are banned
|rule|Evasion Moves Clause: Evasion moves are banned
|rule|Endless Battle Clause: Forcing endless battles is banned
|rule|HP Percentage Mod: HP is shown in percentages
|rule|Dynamax Clause: You cannot dynamax
|teampreview
|j| liluzispinkytoe
|j| AgressivEbolAidCOV
|inactive|Battle timer is ON: inactive players will automatically lose when time's up. (requested by N30N3)
|
|start
|switch|p1a: Rotom|Rotom-Heat|100/100
|switch|p2a: Tyranitar|Tyranitar, M|100/100
|-weather|Sandstorm|[from] ability: Sand Stream|[of] p2a: Tyranitar
|turn|1
|
|move|p1a: Rotom|Volt Switch|p2a: Tyranitar
|-crit|p2a: Tyranitar
|-damage|p2a: Tyranitar|76/100
|
|switch|p1a: Umbreon|Umbreon, M|100/100|[from]move: Volt Switch
|move|p2a: Tyranitar|Stone Edge|p1a: Umbreon
|-damage|p1a: Umbreon|49/100
|
|-weather|Sandstorm|[upkeep]
|-damage|p1a: Umbreon|43/100|[from] Sandstorm
|-heal|p1a: Umbreon|49/100|[from] item: Leftovers
|upkeep
|turn|2
|
|move|p1a: Umbreon|Protect|p1a: Umbreon
|-singleturn|p1a: Umbreon|Protect
|move|p2a: Tyranitar|Stone Edge|p1a: Umbreon
|-activate|p1a: Umbreon|move: Protect
|
|-weather|Sandstorm|[upkeep]
|-damage|p1a: Umbreon|43/100|[from] Sandstorm
|-heal|p1a: Umbreon|49/100|[from] item: Leftovers
|upkeep
|turn|3
|
|switch|p1a: Toxapex|Toxapex, F|100/100
|move|p2a: Tyranitar|Stone Edge|p1a: Toxapex
|-damage|p1a: Toxapex|52/100
|
|-weather|Sandstorm|[upkeep]
|-damage|p1a: Toxapex|46/100|[from] Sandstorm
|-heal|p1a: Toxapex|52/100|[from] item: Black Sludge
|upkeep
|turn|4
|
|move|p2a: Tyranitar|Stone Edge|p1a: Toxapex|[miss]
|-miss|p2a: Tyranitar|p1a: Toxapex
|move|p1a: Toxapex|Recover|p1a: Toxapex
|-heal|p1a: Toxapex|100/100
|
|-weather|Sandstorm|[upkeep]
|-damage|p1a: Toxapex|94/100|[from] Sandstorm
|-heal|p1a: Toxapex|100/100|[from] item: Black Sludge
|upkeep
|turn|5
|
|switch|p2a: Ferrothorn|Ferrothorn, F|100/100
|move|p1a: Toxapex|Scald|p2a: Ferrothorn
|-resisted|p2a: Ferrothorn
|-damage|p2a: Ferrothorn|95/100
|
|-weather|none
|-heal|p2a: Ferrothorn|100/100|[from] item: Leftovers
|upkeep
|turn|6
|
|move|p1a: Toxapex|Scald|p2a: Ferrothorn
|-resisted|p2a: Ferrothorn
|-damage|p2a: Ferrothorn|93/100
|move|p2a: Ferrothorn|Knock Off|p1a: Toxapex
|-damage|p1a: Toxapex|87/100
|-enditem|p1a: Toxapex|Black Sludge|[from] move: Knock Off|[of] p2a: Ferrothorn
|
|-heal|p2a: Ferrothorn|99/100|[from] item: Leftovers
|upkeep
|turn|7
|
|switch|p1a: Hatterene|Hatterene, F|100/100
|switch|p2a: Kyurem|Kyurem|100/100
|-ability|p2a: Kyurem|Pressure
|
|upkeep
|turn|8
|
|switch|p2a: Ferrothorn|Ferrothorn, F|99/100
|switch|p1a: Reuniclus|Reuniclus, M|100/100
|
|-heal|p2a: Ferrothorn|100/100|[from] item: Leftovers
|upkeep
|turn|9
|j| Little Smile ♥
|inactive|Stareal has 120 seconds left.
|
|switch|p1a: Hatterene|Hatterene, F|100/100
|switch|p2a: Tyranitar|Tyranitar, M|76/100
|-weather|Sandstorm|[from] ability: Sand Stream|[of] p2a: Tyranitar
|
|-weather|Sandstorm|[upkeep]
|-damage|p1a: Hatterene|95/100|[from] Sandstorm
|-heal|p1a: Hatterene|100/100|[from] item: Leftovers
|upkeep
|turn|10
|l| Little Smile ♥
|inactive|Stareal has 120 seconds left.
|
|move|p2a: Tyranitar|Stone Edge|p1a: Hatterene
|-damage|p1a: Hatterene|32/100
|move|p1a: Hatterene|Draining Kiss|p2a: Tyranitar
|-supereffective|p2a: Tyranitar
|-damage|p2a: Tyranitar|43/100
|-heal|p1a: Hatterene|59/100|[from] drain|[of] p2a: Tyranitar
|
|-weather|Sandstorm|[upkeep]
|-damage|p1a: Hatterene|53/100|[from] Sandstorm
|-heal|p1a: Hatterene|59/100|[from] item: Leftovers
|upkeep
|turn|11
|
|switch|p1a: Toxapex|Toxapex, F|100/100
|move|p2a: Tyranitar|Stone Edge|p1a: Toxapex|[miss]
|-miss|p2a: Tyranitar|p1a: Toxapex
|
|-weather|Sandstorm|[upkeep]
|-damage|p1a: Toxapex|94/100|[from] Sandstorm
|upkeep
|turn|12
|j| Edwinvf
|j| mrwolf3
|l| mrwolf3
|
|switch|p2a: Kyurem|Kyurem|100/100
|-ability|p2a: Kyurem|Pressure
|move|p1a: Toxapex|Scald|p2a: Kyurem
|-resisted|p2a: Kyurem
|-damage|p2a: Kyurem|93/100
|
|-weather|Sandstorm|[upkeep]
|-damage|p2a: Kyurem|86/100|[from] Sandstorm
|-damage|p1a: Toxapex|88/100|[from] Sandstorm
|upkeep
|turn|13
|
|switch|p1a: Reuniclus|Reuniclus, M|100/100
|move|p2a: Kyurem|Freeze-Dry|p1a: Reuniclus
|-damage|p1a: Reuniclus|76/100
|-status|p1a: Reuniclus|frz
|
|-weather|none
|upkeep
|turn|14
|
|switch|p2a: Tyranitar|Tyranitar, M|43/100
|-weather|Sandstorm|[from] ability: Sand Stream|[of] p2a: Tyranitar
|-curestatus|p1a: Reuniclus|frz|[msg]
|move|p1a: Reuniclus|Future Sight|p2a: Tyranitar
|-start|p1a: Reuniclus|move: Future Sight
|
|-weather|Sandstorm|[upkeep]
|-damage|p1a: Reuniclus|70/100|[from] Sandstorm
|upkeep
|turn|15
|j| X Domo
|l| X Domo
|
|switch|p1a: Toxapex|Toxapex, F|100/100
|move|p2a: Tyranitar|Crunch|p1a: Toxapex
|-damage|p1a: Toxapex|59/100
|-unboost|p1a: Toxapex|def|1
|
|-weather|Sandstorm|[upkeep]
|-damage|p1a: Toxapex|53/100|[from] Sandstorm
|upkeep
|turn|16
|j| Hfjzkc
|
|move|p1a: Toxapex|Baneful Bunker|p1a: Toxapex
|-singleturn|p1a: Toxapex|move: Protect
|move|p2a: Tyranitar|Crunch|p1a: Toxapex
|-activate|p1a: Toxapex|move: Protect
|-status|p2a: Tyranitar|psn
|
|-weather|Sandstorm|[upkeep]
|-damage|p1a: Toxapex|47/100|[from] Sandstorm
|-end|p2a: Tyranitar|move: Future Sight
|-immune|p2a: Tyranitar
|-damage|p2a: Tyranitar|31/100 psn|[from] psn
|upkeep
|turn|17
|
|switch|p1a: Umbreon|Umbreon, M|49/100
|move|p2a: Tyranitar|Crunch|p1a: Umbreon
|-resisted|p1a: Umbreon
|-damage|p1a: Umbreon|30/100
|
|-weather|Sandstorm|[upkeep]
|-damage|p1a: Umbreon|24/100|[from] Sandstorm
|-heal|p1a: Umbreon|30/100|[from] item: Leftovers
|-damage|p2a: Tyranitar|18/100 psn|[from] psn
|upkeep
|turn|18
|
|switch|p2a: Hippowdon|Hippowdon, M|100/100
|move|p1a: Umbreon|Wish|p1a: Umbreon
|
|-weather|none
|-heal|p1a: Umbreon|36/100|[from] item: Leftovers
|upkeep
|turn|19
|
|move|p1a: Umbreon|Yawn|p2a: Hippowdon
|-start|p2a: Hippowdon|move: Yawn|[of] p1a: Umbreon
|move|p2a: Hippowdon|Whirlwind|p1a: Umbreon
|drag|p1a: Hatterene|Hatterene, F|59/100
|
|-heal|p1a: Hatterene|100/100|[from] move: Wish|[wisher] Umbreon
|upkeep
|turn|20
|
|switch|p2a: Ferrothorn|Ferrothorn, F|100/100
|move|p1a: Hatterene|Calm Mind|p1a: Hatterene
|-boost|p1a: Hatterene|spa|1
|-boost|p1a: Hatterene|spd|1
|
|upkeep
|turn|21
|
|switch|p2a: Excadrill|Excadrill, M|100/100
|move|p1a: Hatterene|Mystical Fire|p2a: Excadrill
|-supereffective|p2a: Excadrill
|-damage|p2a: Excadrill|12/100
|-unboost|p2a: Excadrill|spa|1
|
|upkeep
|turn|22
|
|move|p2a: Excadrill|Iron Head|p1a: Hatterene
|-supereffective|p1a: Hatterene
|-damage|p1a: Hatterene|10/100
|-damage|p2a: Excadrill|2/100|[from] item: Life Orb
|cant|p1a: Hatterene|flinch
|
|-heal|p1a: Hatterene|16/100|[from] item: Leftovers
|upkeep
|turn|23
|
|switch|p1a: Reuniclus|Reuniclus, M|100/100
|move|p2a: Excadrill|Rock Slide|p1a: Reuniclus
|-damage|p1a: Reuniclus|63/100
|-damage|p2a: Excadrill|0 fnt|[from] item: Life Orb
|faint|p2a: Excadrill
|
|upkeep
|
|switch|p2a: Tyranitar|Tyranitar, M|18/100 psn
|-weather|Sandstorm|[from] ability: Sand Stream|[of] p2a: Tyranitar
|turn|24
|inactive|Stareal has 120 seconds left.
|
|switch|p1a: Toxapex|Toxapex, F|80/100
|move|p2a: Tyranitar|Stealth Rock|p1a: Toxapex
|-sidestart|p1: Stareal|move: Stealth Rock
|
|-weather|Sandstorm|[upkeep]
|-damage|p1a: Toxapex|74/100|[from] Sandstorm
|-damage|p2a: Tyranitar|6/100 psn|[from] psn
|upkeep
|turn|25
|inactive|Stareal has 120 seconds left.
|j| pokeaimMBA
|
|switch|p2a: Kyurem|Kyurem|86/100
|-ability|p2a: Kyurem|Pressure
|move|p1a: Toxapex|Recover|p1a: Toxapex
|-heal|p1a: Toxapex|100/100
|
|-weather|Sandstorm|[upkeep]
|-damage|p2a: Kyurem|80/100|[from] Sandstorm
|-damage|p1a: Toxapex|94/100|[from] Sandstorm
|upkeep
|turn|26
|j| cypherstest
|inactive|Stareal has 120 seconds left.
|
|move|p1a: Toxapex|Baneful Bunker|p1a: Toxapex
|-singleturn|p1a: Toxapex|move: Protect
|move|p2a: Kyurem|Freeze-Dry|p1a: Toxapex
|-activate|p1a: Toxapex|move: Protect
|
|-weather|Sandstorm|[upkeep]
|-damage|p2a: Kyurem|74/100|[from] Sandstorm
|-damage|p1a: Toxapex|88/100|[from] Sandstorm
|upkeep
|turn|27
|
|switch|p1a: Reuniclus|Reuniclus, M|97/100
|-damage|p1a: Reuniclus|84/100|[from] Stealth Rock
|move|p2a: Kyurem|Freeze-Dry|p1a: Reuniclus
|-damage|p1a: Reuniclus|59/100
|
|-weather|Sandstorm|[upkeep]
|-damage|p2a: Kyurem|68/100|[from] Sandstorm
|-damage|p1a: Reuniclus|53/100|[from] Sandstorm
|upkeep
|turn|28
|
|switch|p2a: Dragapult|Dragapult, F|100/100
|move|p1a: Reuniclus|Future Sight|p2a: Dragapult
|-start|p1a: Reuniclus|move: Future Sight
|
|-weather|none
|upkeep
|turn|29
|
|switch|p1a: Toxapex|Toxapex, F|100/100
|-damage|p1a: Toxapex|88/100|[from] Stealth Rock
|move|p2a: Dragapult|Dragon Dance|p2a: Dragapult
|-boost|p2a: Dragapult|atk|1
|-boost|p2a: Dragapult|spe|1
|
|upkeep
|turn|30
|
|move|p2a: Dragapult|Substitute|p2a: Dragapult
|-start|p2a: Dragapult|Substitute
|-damage|p2a: Dragapult|76/100
|move|p1a: Toxapex|Toxic||[still]
|-fail|p1a: Toxapex
|
|-end|p2a: Dragapult|move: Future Sight
|-end|p2a: Dragapult|Substitute
|upkeep
|turn|31
|
|switch|p1a: Reuniclus|Reuniclus, M|86/100
|-damage|p1a: Reuniclus|74/100|[from] Stealth Rock
|move|p2a: Dragapult|Substitute|p2a: Dragapult
|-start|p2a: Dragapult|Substitute
|-damage|p2a: Dragapult|51/100
|
|upkeep
|turn|32
|
|move|p2a: Dragapult|Dragon Dance|p2a: Dragapult
|-boost|p2a: Dragapult|atk|1
|-boost|p2a: Dragapult|spe|1
|move|p1a: Reuniclus|Future Sight|p2a: Dragapult
|-start|p1a: Reuniclus|move: Future Sight
|
|upkeep
|turn|33
|
|switch|p1a: Umbreon|Umbreon, M|36/100
|-damage|p1a: Umbreon|24/100|[from] Stealth Rock
|move|p2a: Dragapult|Dragon Darts|p1a: Umbreon
|-damage|p1a: Umbreon|0 fnt
|faint|p1a: Umbreon
|
|upkeep
|
|switch|p1a: Hatterene|Hatterene, F|16/100
|-damage|p1a: Hatterene|3/100|[from] Stealth Rock
|turn|34
|
|switch|p1a: Toxapex|Toxapex, F|100/100
|-damage|p1a: Toxapex|88/100|[from] Stealth Rock
|move|p2a: Dragapult|Sucker Punch||[still]
|-fail|p2a: Dragapult
|
|-end|p2a: Dragapult|move: Future Sight
|-end|p2a: Dragapult|Substitute
|upkeep
|turn|35
|
|move|p2a: Dragapult|Substitute|p2a: Dragapult
|-start|p2a: Dragapult|Substitute
|-damage|p2a: Dragapult|26/100
|move|p1a: Toxapex|Scald|p2a: Dragapult
|-resisted|p2a: Dragapult
|-activate|p2a: Dragapult|move: Substitute|[damage]
|
|upkeep
|turn|36
|
|move|p2a: Dragapult|Dragon Darts|p1a: Toxapex
|-damage|p1a: Toxapex|54/100
|-anim|p2a: Dragapult|Dragon Darts|p1a: Toxapex
|-damage|p1a: Toxapex|22/100
|move|p1a: Toxapex|Scald|p2a: Dragapult
|-resisted|p2a: Dragapult
|-activate|p2a: Dragapult|move: Substitute|[damage]
|
|upkeep
|turn|37
|-message|Stareal forfeited.
|
|win|N30N3
|l|☆Stareal
|l| Hfjzkc
|l| cypherstest
||Ladder (probably) updated, but score could not be retrieved (Response not received).
|l|☆N30N3
|l| Edwinvf
