|j|☆LT73IU Pato
|j|☆The Last Hero
|t:|1598297707
|player|p1|LT73IU Pato|dawn|1860
|player|p2|The Last Hero|acetrainersnow|1830
|teamsize|p1|6
|teamsize|p2|6
|gametype|singles
|gen|8
|tier|[Gen 8] OU
|rated|
|clearpoke
|poke|p1|Ribombee, F|
|poke|p1|Mew|
|poke|p1|Togekiss, M|
|poke|p1|Rillaboom, F|
|poke|p1|Crawdaunt, M|
|poke|p1|Toxtricity, F|
|poke|p2|Dracozolt|
|poke|p2|Zeraora|
|poke|p2|Corviknight, M|
|poke|p2|Rillaboom, M|
|poke|p2|Tyranitar, F|
|poke|p2|Clefable, F|
|rule|Sleep Clause Mod: Limit one foe put to sleep
|rule|Species Clause: Limit one of each Pokémon
|rule|OHKO Clause: OHKO moves are banned
|rule|Evasion Moves Clause: Evasion moves are banned
|rule|Endless Battle Clause: Forcing endless battles is banned
|rule|HP Percentage Mod: HP is shown in percentages
|rule|Dynamax Clause: You cannot dynamax
|teampreview
|inactive|Battle timer is ON: inactive players will automatically lose when time's up. (requested by The Last Hero)
|j| Livio ElTito
|
|t:|1598297731
|start
|switch|p1a: Ribombee|Ribombee, F|100/100
|switch|p2a: Zidaora|Zeraora|100/100
|turn|1
|j| Larami
|j| WildWave ☾★
|
|t:|1598297744
|move|p2a: Zidaora|Plasma Fists|p1a: Ribombee
|-enditem|p1a: Ribombee|Focus Sash
|-damage|p1a: Ribombee|1/100
|-fieldactivate|move: Ion Deluge
|move|p1a: Ribombee|Sticky Web|p2a: Zidaora
|-sidestart|p2: The Last Hero|move: Sticky Web
|
|upkeep
|turn|2
|j| dynaclimax
|l| dynaclimax
|
|t:|1598297750
|move|p2a: Zidaora|Volt Switch|p1a: Ribombee
|-damage|p1a: Ribombee|0 fnt
|faint|p1a: Ribombee
|c| Larami|dracozolt si
|
|t:|1598297752
|switch|p2a: Crow Of Judgement|Corviknight, M|100/100|[from]move: Volt Switch
|-ability|p2a: Crow Of Judgement|Pressure
|
|upkeep
|j| orslok X
|
|t:|1598297754
|switch|p1a: Toxtricity|Toxtricity, F|100/100
|turn|3
|j| lt73iu luca fan
|
|t:|1598297756
|move|p1a: Toxtricity|Overdrive|p2a: Crow Of Judgement
|-supereffective|p2a: Crow Of Judgement
|-damage|p2a: Crow Of Judgement|28/100
|-enditem|p1a: Toxtricity|Throat Spray
|-boost|p1a: Toxtricity|spa|1|[from] item: Throat Spray
|move|p2a: Crow Of Judgement|Defog|p1a: Toxtricity
|-unboost|p1a: Toxtricity|evasion|1
|-sideend|p2: The Last Hero|Sticky Web|[from] move: Defog|[of] p2a: Crow Of Judgement
|
|upkeep
|turn|4
|c| Larami|ese pokemon me gusta
|
|t:|1598297760
|move|p1a: Toxtricity|Shift Gear|p1a: Toxtricity
|-boost|p1a: Toxtricity|spe|2
|-boost|p1a: Toxtricity|atk|1
|move|p2a: Crow Of Judgement|U-turn|p1a: Toxtricity
|-resisted|p1a: Toxtricity
|-damage|p1a: Toxtricity|87/100
|j| Eepsilon
|
|t:|1598297768
|switch|p2a: Jurasica|Tyranitar, F|100/100|[from]move: U-turn
|-weather|Sandstorm|[from] ability: Sand Stream|[of] p2a: Jurasica
|
|-weather|Sandstorm|[upkeep]
|-damage|p1a: Toxtricity|81/100|[from] Sandstorm
|upkeep
|turn|5
|j| LT73IU ad
|
|t:|1598297794
|move|p1a: Toxtricity|Drain Punch|p2a: Jurasica
|-supereffective|p2a: Jurasica
|-damage|p2a: Jurasica|24/100
|-heal|p1a: Toxtricity|100/100|[from] drain|[of] p2a: Jurasica
|move|p2a: Jurasica|Rock Blast|p1a: Toxtricity
|-damage|p1a: Toxtricity|80/100
|-damage|p1a: Toxtricity|59/100
|-damage|p1a: Toxtricity|39/100
|-hitcount|p1a: Toxtricity|3
|
|-weather|Sandstorm|[upkeep]
|-damage|p1a: Toxtricity|33/100|[from] Sandstorm
|-heal|p2a: Jurasica|30/100|[from] item: Leftovers
|upkeep
|turn|6
|j| Jan7498
|
|t:|1598297808
|switch|p2a: Fabiole|Clefable, F|100/100
|move|p1a: Toxtricity|Drain Punch|p2a: Fabiole
|-resisted|p2a: Fabiole
|-damage|p2a: Fabiole|90/100
|-heal|p1a: Toxtricity|40/100|[from] drain|[of] p2a: Fabiole
|
|-weather|Sandstorm|[upkeep]
|-damage|p1a: Toxtricity|33/100|[from] Sandstorm
|-heal|p2a: Fabiole|96/100|[from] item: Leftovers
|upkeep
|turn|7
|
|t:|1598297813
|move|p1a: Toxtricity|Boomburst|p2a: Fabiole
|-damage|p2a: Fabiole|3/100
|move|p2a: Fabiole|Moonblast|p1a: Toxtricity
|-resisted|p1a: Toxtricity
|-damage|p1a: Toxtricity|10/100
|
|-weather|Sandstorm|[upkeep]
|-damage|p1a: Toxtricity|4/100|[from] Sandstorm
|-heal|p2a: Fabiole|9/100|[from] item: Leftovers
|upkeep
|turn|8
|
|t:|1598297822
|move|p1a: Toxtricity|Drain Punch|p2a: Fabiole
|-resisted|p2a: Fabiole
|-damage|p2a: Fabiole|0 fnt
|-heal|p1a: Toxtricity|9/100|[from] drain|[of] p2a: Fabiole
|faint|p2a: Fabiole
|
|-weather|none
|upkeep
|
|t:|1598297824
|switch|p2a: Boomer|Rillaboom, M|100/100
|-fieldstart|move: Grassy Terrain|[from] ability: Grassy Surge|[of] p2a: Boomer
|turn|9
|
|t:|1598297829
|move|p2a: Boomer|Grassy Glide|p1a: Toxtricity
|-resisted|p1a: Toxtricity
|-damage|p1a: Toxtricity|0 fnt
|faint|p1a: Toxtricity
|
|upkeep
|
|t:|1598297838
|switch|p1a: Rillaboom|Rillaboom, F|100/100
|-enditem|p1a: Rillaboom|Grassy Seed
|-boost|p1a: Rillaboom|def|1|[from] item: Grassy Seed
|turn|10
|j| BurnzX
|
|t:|1598297843
|switch|p2a: Quimera|Dracozolt|100/100
|move|p1a: Rillaboom|Swords Dance|p1a: Rillaboom
|-boost|p1a: Rillaboom|atk|2
|
|upkeep
|turn|11
|
|t:|1598297847
|move|p1a: Rillaboom|Drain Punch|p2a: Quimera
|-damage|p2a: Quimera|39/100
|move|p2a: Quimera|Outrage|p1a: Rillaboom
|-damage|p1a: Rillaboom|9/100
|
|-heal|p1a: Rillaboom|16/100|[from] Grassy Terrain
|-heal|p2a: Quimera|45/100|[from] Grassy Terrain
|upkeep
|turn|12
|
|t:|1598297852
|move|p1a: Rillaboom|Drain Punch|p2a: Quimera
|-damage|p2a: Quimera|0 fnt
|-heal|p1a: Rillaboom|36/100|[from] drain|[of] p2a: Quimera
|faint|p2a: Quimera
|
|-heal|p1a: Rillaboom|42/100|[from] Grassy Terrain
|upkeep
|
|t:|1598297854
|switch|p2a: Boomer|Rillaboom, M|100/100
|turn|13
|
|t:|1598297867
|switch|p1a: Togekiss|Togekiss, M|100/100
|move|p2a: Boomer|U-turn|p1a: Togekiss
|-resisted|p1a: Togekiss
|-damage|p1a: Togekiss|90/100
|
|t:|1598297869
|switch|p2a: Jurasica|Tyranitar, F|30/100|[from]move: U-turn
|-weather|Sandstorm|[from] ability: Sand Stream|[of] p2a: Jurasica
|
|-weather|Sandstorm|[upkeep]
|-damage|p1a: Togekiss|84/100|[from] Sandstorm
|-heal|p2a: Jurasica|36/100|[from] item: Leftovers
|-heal|p2a: Jurasica|43/100|[from] Grassy Terrain
|-fieldend|move: Grassy Terrain
|upkeep
|turn|14
|
|t:|1598297874
|switch|p1a: Crawdaunt|Crawdaunt, M|100/100
|move|p2a: Jurasica|Thunder Wave|p1a: Crawdaunt
|-status|p1a: Crawdaunt|par
|
|-weather|Sandstorm|[upkeep]
|-damage|p1a: Crawdaunt|95/100 par|[from] Sandstorm
|-heal|p2a: Jurasica|49/100|[from] item: Leftovers
|upkeep
|turn|15
|
|t:|1598297883
|switch|p2a: Crow Of Judgement|Corviknight, M|28/100
|-ability|p2a: Crow Of Judgement|Pressure
|move|p1a: Crawdaunt|Knock Off|p2a: Crow Of Judgement
|-damage|p2a: Crow Of Judgement|0 fnt
|-enditem|p2a: Crow Of Judgement|Shed Shell|[from] move: Knock Off|[of] p1a: Crawdaunt
|-damage|p1a: Crawdaunt|85/100 par|[from] item: Life Orb
|faint|p2a: Crow Of Judgement
|
|-weather|Sandstorm|[upkeep]
|-damage|p1a: Crawdaunt|79/100 par|[from] Sandstorm
|upkeep
|
|t:|1598297885
|switch|p2a: Boomer|Rillaboom, M|100/100
|-fieldstart|move: Grassy Terrain|[from] ability: Grassy Surge|[of] p2a: Boomer
|turn|16
|
|t:|1598297892
|move|p2a: Boomer|U-turn|p1a: Crawdaunt
|-supereffective|p1a: Crawdaunt
|-damage|p1a: Crawdaunt|0 fnt
|faint|p1a: Crawdaunt
|
|t:|1598297893
|switch|p2a: Zidaora|Zeraora|100/100|[from]move: U-turn
|
|-weather|Sandstorm|[upkeep]
|-damage|p2a: Zidaora|95/100|[from] Sandstorm
|-heal|p2a: Zidaora|100/100|[from] Grassy Terrain
|upkeep
|
|t:|1598297898
|switch|p1a: Rillaboom|Rillaboom, F|42/100
|turn|17
|
|t:|1598297903
|move|p2a: Zidaora|Close Combat|p1a: Rillaboom
|-damage|p1a: Rillaboom|3/100
|-unboost|p2a: Zidaora|def|1
|-unboost|p2a: Zidaora|spd|1
|move|p1a: Rillaboom|Acrobatics|p2a: Zidaora
|-resisted|p2a: Zidaora
|-damage|p2a: Zidaora|55/100
|
|-weather|none
|-heal|p2a: Zidaora|61/100|[from] Grassy Terrain
|-heal|p1a: Rillaboom|9/100|[from] Grassy Terrain
|upkeep
|turn|18
|
|t:|1598297910
|move|p1a: Rillaboom|Grassy Glide|p2a: Zidaora
|-damage|p2a: Zidaora|0 fnt
|faint|p2a: Zidaora
|
|-heal|p1a: Rillaboom|15/100|[from] Grassy Terrain
|upkeep
|
|t:|1598297912
|switch|p2a: Boomer|Rillaboom, M|100/100
|turn|19
|
|t:|1598297926
|move|p2a: Boomer|Grassy Glide|p1a: Rillaboom
|-resisted|p1a: Rillaboom
|-damage|p1a: Rillaboom|0 fnt
|faint|p1a: Rillaboom
|
|upkeep
|
|t:|1598297929
|switch|p1a: Togekiss|Togekiss, M|84/100
|turn|20
|
|t:|1598297936
|switch|p2a: Jurasica|Tyranitar, F|49/100
|-weather|Sandstorm|[from] ability: Sand Stream|[of] p2a: Jurasica
|switch|p1a: Mew|Mew|100/100
|
|-weather|Sandstorm|[upkeep]
|-damage|p1a: Mew|94/100|[from] Sandstorm
|-heal|p1a: Mew|100/100|[from] Grassy Terrain
|-heal|p2a: Jurasica|55/100|[from] item: Leftovers
|-heal|p2a: Jurasica|61/100|[from] Grassy Terrain
|-fieldend|move: Grassy Terrain
|upkeep
|turn|21
|
|t:|1598297942
|switch|p2a: Boomer|Rillaboom, M|100/100
|-fieldstart|move: Grassy Terrain|[from] ability: Grassy Surge|[of] p2a: Boomer
|move|p1a: Mew|Nasty Plot|p1a: Mew
|-boost|p1a: Mew|spa|2
|
|-weather|Sandstorm|[upkeep]
|-damage|p1a: Mew|94/100|[from] Sandstorm
|-damage|p2a: Boomer|94/100|[from] Sandstorm
|-heal|p1a: Mew|100/100|[from] Grassy Terrain
|-heal|p2a: Boomer|100/100|[from] Grassy Terrain
|upkeep
|turn|22
|
|t:|1598297945
|move|p2a: Boomer|Grassy Glide|p1a: Mew
|-crit|p1a: Mew
|-damage|p1a: Mew|0 fnt
|faint|p1a: Mew
|
|-weather|Sandstorm|[upkeep]
|-damage|p2a: Boomer|94/100|[from] Sandstorm
|-heal|p2a: Boomer|100/100|[from] Grassy Terrain
|upkeep
|c|☆LT73IU Pato|Bruh
|
|t:|1598297952
|switch|p1a: Togekiss|Togekiss, M|84/100
|turn|23
|c|☆LT73IU Pato|Ok
|
|t:|1598297957
|move|p2a: Boomer|Grassy Glide|p1a: Togekiss
|-resisted|p1a: Togekiss
|-damage|p1a: Togekiss|48/100
|move|p1a: Togekiss|Nasty Plot|p1a: Togekiss
|-boost|p1a: Togekiss|spa|2
|
|-weather|Sandstorm|[upkeep]
|-damage|p2a: Boomer|94/100|[from] Sandstorm
|-damage|p1a: Togekiss|42/100|[from] Sandstorm
|-heal|p2a: Boomer|100/100|[from] Grassy Terrain
|upkeep
|turn|24
|
|t:|1598297962
|move|p2a: Boomer|Grassy Glide|p1a: Togekiss
|-resisted|p1a: Togekiss
|-damage|p1a: Togekiss|5/100
|-enditem|p1a: Togekiss|Salac Berry|[eat]
|-boost|p1a: Togekiss|spe|1|[from] item: Salac Berry
|move|p1a: Togekiss|Flamethrower|p2a: Boomer
|-supereffective|p2a: Boomer
|-damage|p2a: Boomer|0 fnt
|faint|p2a: Boomer
|
|-weather|none
|upkeep
|
|t:|1598297965
|switch|p2a: Jurasica|Tyranitar, F|61/100
|-weather|Sandstorm|[from] ability: Sand Stream|[of] p2a: Jurasica
|turn|25
|j| Windows 98 SE
|
|t:|1598297967
|move|p1a: Togekiss|Air Slash|p2a: Jurasica
|-resisted|p2a: Jurasica
|-damage|p2a: Jurasica|46/100
|move|p2a: Jurasica|Low Kick|p1a: Togekiss
|-resisted|p1a: Togekiss
|-damage|p1a: Togekiss|0 fnt
|faint|p1a: Togekiss
|
|win|The Last Hero
|l|☆The Last Hero
||Ladder (probably) updated, but score could not be retrieved (Request timeout).
|l| LT73IU ad
|l|☆LT73IU Pato
|l| WildWave ☾★
|l| BurnzX
