|j|☆A3720
|j|☆Chikami
|t:|1652054570
|gametype|singles
|player|p1|A3720|265|1679
|player|p2|Chikami|nate|1829
|teamsize|p1|6
|teamsize|p2|6
|gen|8
|tier|[Gen 8] OU
|rated|
|rule|Sleep Clause Mod: Limit one foe put to sleep
|rule|Species Clause: Limit one of each Pokémon
|rule|OHKO Clause: OHKO moves are banned
|rule|Evasion Moves Clause: Evasion moves are banned
|rule|Endless Battle Clause: Forcing endless battles is banned
|rule|HP Percentage Mod: HP is shown in percentages
|rule|Dynamax Clause: You cannot dynamax
|clearpoke
|poke|p1|Tapu Lele|
|poke|p1|Starmie|
|poke|p1|Landorus-Therian, M|
|poke|p1|Kartana|
|poke|p1|Bewear, M|
|poke|p1|Magnezone|
|poke|p2|Garchomp, F|
|poke|p2|Magnezone|
|poke|p2|Blissey, F|
|poke|p2|Rillaboom, M|
|poke|p2|Tapu Koko|
|poke|p2|Kartana|
|teampreview
|j| ppev
|
|t:|1652054601
|start
|switch|p1a: Landorus|Landorus-Therian, M|100/100
|switch|p2a: Rillaboom|Rillaboom, M|100/100
|-fieldstart|move: Grassy Terrain|[from] ability: Grassy Surge|[of] p2a: Rillaboom
|-ability|p1a: Landorus|Intimidate|boost
|-unboost|p2a: Rillaboom|atk|1
|turn|1
|
|t:|1652054631
|move|p2a: Rillaboom|Knock Off|p1a: Landorus
|-damage|p1a: Landorus|76/100
|-enditem|p1a: Landorus|Leftovers|[from] move: Knock Off|[of] p2a: Rillaboom
|-damage|p2a: Rillaboom|91/100|[from] item: Life Orb
|move|p1a: Landorus|U-turn|p2a: Rillaboom
|-supereffective|p2a: Rillaboom
|-damage|p2a: Rillaboom|38/100
|j| Go b4 it gets dark
|j| 5TR&NG3R
|l| Go b4 it gets dark
|l| 5TR&NG3R
|inactive|Battle timer is ON: inactive players will automatically lose when time's up. (requested by Chikami)
|inactive|A3720 has 120 seconds left.
|
|t:|1652054721
|switch|p1a: Kartana|Kartana|100/100|[from]move: U-turn
|
|-heal|p2a: Rillaboom|44/100|[from] Grassy Terrain
|upkeep
|turn|2
|l| ppev
|
|t:|1652054733
|switch|p2a: Garchomp|Garchomp, F|100/100
|move|p1a: Kartana|Sacred Sword|p2a: Garchomp
|-damage|p2a: Garchomp|78/100
|-damage|p1a: Kartana|88/100|[from] ability: Rough Skin|[of] p2a: Garchomp
|-damage|p1a: Kartana|72/100|[from] item: Rocky Helmet|[of] p2a: Garchomp
|
|-heal|p1a: Kartana|78/100|[from] Grassy Terrain
|-heal|p2a: Garchomp|84/100|[from] Grassy Terrain
|upkeep
|turn|3
|
|t:|1652054749
|switch|p1a: Tapu Lele|Tapu Lele|100/100
|-fieldstart|move: Psychic Terrain|[from] ability: Psychic Surge|[of] p1a: Tapu Lele
|move|p2a: Garchomp|Stealth Rock|p1a: Tapu Lele
|-sidestart|p1: A3720|move: Stealth Rock
|
|upkeep
|turn|4
|
|t:|1652054759
|switch|p2a: Blissey|Blissey, F|100/100
|move|p1a: Tapu Lele|Moonblast|p2a: Blissey
|-damage|p2a: Blissey|81/100
|
|upkeep
|turn|5
|
|t:|1652054783
|move|p1a: Tapu Lele|Psyshock|p2a: Blissey
|-damage|p2a: Blissey|33/100
|move|p2a: Blissey|Seismic Toss|p1a: Tapu Lele
|-damage|p1a: Tapu Lele|67/100
|
|upkeep
|turn|6
|
|t:|1652054796
|move|p1a: Tapu Lele|Psyshock|p2a: Blissey
|-damage|p2a: Blissey|0 fnt
|faint|p2a: Blissey
|
|upkeep
|inactive|Chikami has 120 seconds left.
|
|t:|1652054818
|switch|p2a: Tapu Koko|Tapu Koko|100/100
|-fieldstart|move: Electric Terrain|[from] ability: Electric Surge|[of] p2a: Tapu Koko
|turn|7
|
|t:|1652054823
|move|p2a: Tapu Koko|Dazzling Gleam|p1a: Tapu Lele
|-damage|p1a: Tapu Lele|43/100
|move|p1a: Tapu Lele|Moonblast|p2a: Tapu Koko
|-damage|p2a: Tapu Koko|17/100
|
|upkeep
|turn|8
|
|t:|1652054834
|move|p2a: Tapu Koko|U-turn|p1a: Tapu Lele
|-damage|p1a: Tapu Lele|21/100
|
|t:|1652054838
|switch|p2a: Magnezone|Magnezone|100/100|[from]move: U-turn
|move|p1a: Tapu Lele|Moonblast|p2a: Magnezone
|-resisted|p2a: Magnezone
|-damage|p2a: Magnezone|67/100
|
|upkeep
|turn|9
|
|t:|1652054848
|move|p1a: Tapu Lele|Focus Blast|p2a: Magnezone
|-supereffective|p2a: Magnezone
|-damage|p2a: Magnezone|0 fnt
|faint|p2a: Magnezone
|
|upkeep
|
|t:|1652054870
|switch|p2a: Tapu Koko|Tapu Koko|17/100
|turn|10
|
|t:|1652054881
|move|p2a: Tapu Koko|Dazzling Gleam|p1a: Tapu Lele
|-damage|p1a: Tapu Lele|0 fnt
|faint|p1a: Tapu Lele
|
|upkeep
|inactive|A3720 has 120 seconds left.
|
|t:|1652054912
|switch|p1a: Kartana|Kartana|78/100
|-damage|p1a: Kartana|72/100|[from] Stealth Rock
|turn|11
|inactive|A3720 has 120 seconds left.
|
|t:|1652054918
|switch|p2a: Garchomp|Garchomp, F|84/100
|move|p1a: Kartana|Leaf Blade|p2a: Garchomp
|-damage|p2a: Garchomp|44/100
|-damage|p1a: Kartana|59/100|[from] ability: Rough Skin|[of] p2a: Garchomp
|-damage|p1a: Kartana|43/100|[from] item: Rocky Helmet|[of] p2a: Garchomp
|
|-fieldend|move: Electric Terrain
|upkeep
|turn|12
|inactive|A3720 has 120 seconds left.
|
|t:|1652054936
|switch|p1a: Starmie|Starmie|100/100
|-damage|p1a: Starmie|88/100|[from] Stealth Rock
|move|p2a: Garchomp|Toxic|p1a: Starmie
|-status|p1a: Starmie|tox
|
|-damage|p1a: Starmie|82/100 tox|[from] psn
|upkeep
|turn|13
|
|t:|1652054946
|move|p1a: Starmie|Expanding Force|p2a: Garchomp
|-damage|p2a: Garchomp|2/100
|-damage|p1a: Starmie|72/100 tox|[from] item: Life Orb
|move|p2a: Garchomp|Stealth Rock||[still]
|-fail|p2a: Garchomp
|
|-damage|p1a: Starmie|60/100 tox|[from] psn
|upkeep
|turn|14
|
|t:|1652054952
|move|p2a: Garchomp|Endure|p2a: Garchomp
|-singleturn|p2a: Garchomp|move: Endure
|move|p1a: Starmie|Expanding Force|p2a: Garchomp
|-activate|p2a: Garchomp|move: Endure
|-damage|p2a: Garchomp|1/100
|-damage|p1a: Starmie|50/100 tox|[from] item: Life Orb
|
|-damage|p1a: Starmie|33/100 tox|[from] psn
|upkeep
|turn|15
|
|t:|1652054961
|move|p1a: Starmie|Expanding Force|p2a: Garchomp
|-damage|p2a: Garchomp|0 fnt
|faint|p2a: Garchomp
|-damage|p1a: Starmie|23/100 tox|[from] item: Life Orb
|
|-damage|p1a: Starmie|0 fnt|[from] psn
|faint|p1a: Starmie
|upkeep
|j| 8th Hokage Killua
|inactive|Chikami has 120 seconds left.
|
|t:|1652055025
|switch|p1a: Kartana|Kartana|43/100
|switch|p2a: Tapu Koko|Tapu Koko|17/100
|-damage|p1a: Kartana|36/100|[from] Stealth Rock
|-fieldstart|move: Electric Terrain|[from] ability: Electric Surge|[of] p2a: Tapu Koko
|turn|16
|
|t:|1652055041
|switch|p2a: Rillaboom|Rillaboom, M|44/100
|-fieldstart|move: Grassy Terrain|[from] ability: Grassy Surge|[of] p2a: Rillaboom
|move|p1a: Kartana|Knock Off|p2a: Rillaboom
|-damage|p2a: Rillaboom|0 fnt
|-enditem|p2a: Rillaboom|Life Orb|[from] move: Knock Off|[of] p1a: Kartana
|faint|p2a: Rillaboom
|-ability|p1a: Kartana|Beast Boost|boost
|-boost|p1a: Kartana|atk|1
|
|-heal|p1a: Kartana|43/100|[from] Grassy Terrain
|upkeep
|inactive|Chikami has 90 seconds left.
|
|t:|1652055056
|switch|p2a: Kartana|Kartana|100/100
|turn|17
|
|t:|1652055065
|move|p1a: Kartana|Knock Off|p2a: Kartana
|-damage|p2a: Kartana|27/100
|-enditem|p2a: Kartana|Choice Scarf|[from] move: Knock Off|[of] p1a: Kartana
|move|p2a: Kartana|Sacred Sword|p1a: Kartana
|-supereffective|p1a: Kartana
|-damage|p1a: Kartana|0 fnt
|faint|p1a: Kartana
|-ability|p2a: Kartana|Beast Boost|boost
|-boost|p2a: Kartana|atk|1
|
|-heal|p2a: Kartana|33/100|[from] Grassy Terrain
|upkeep
|inactive|A3720 has 120 seconds left.
|j| Narwhale37
|
|t:|1652055099
|switch|p1a: Bewear|Bewear, M|100/100
|-damage|p1a: Bewear|94/100|[from] Stealth Rock
|turn|18
|
|t:|1652055110
|move|p2a: Kartana|Sacred Sword|p1a: Bewear
|-supereffective|p1a: Bewear
|-enditem|p1a: Bewear|Chople Berry|[eat]
|-enditem|p1a: Bewear|Chople Berry|[weaken]
|-damage|p1a: Bewear|62/100
|move|p1a: Bewear|Close Combat|p2a: Kartana
|-supereffective|p2a: Kartana
|-damage|p2a: Kartana|0 fnt
|-unboost|p1a: Bewear|def|1
|-unboost|p1a: Bewear|spd|1
|faint|p2a: Kartana
|
|-heal|p1a: Bewear|68/100|[from] Grassy Terrain
|upkeep
|
|t:|1652055117
|switch|p2a: Tapu Koko|Tapu Koko|17/100
|-fieldstart|move: Electric Terrain|[from] ability: Electric Surge|[of] p2a: Tapu Koko
|turn|19
|
|t:|1652055121
|move|p2a: Tapu Koko|Roost|p2a: Tapu Koko
|-heal|p2a: Tapu Koko|67/100
|-singleturn|p2a: Tapu Koko|move: Roost
|move|p1a: Bewear|Double-Edge|p2a: Tapu Koko
|-damage|p2a: Tapu Koko|0 fnt
|faint|p2a: Tapu Koko
|-damage|p1a: Bewear|51/100|[from] Recoil
|
|win|A3720
|raw|A3720's rating: 1679 &rarr; <strong>1707</strong><br />(+28 for winning)
|raw|Chikami's rating: 1829 &rarr; <strong>1801</strong><br />(-28 for losing)
|c|☆A3720|gg
|l|☆Chikami
||Ladder isn't responding, score probably updated but might not have (Request timeout).
