|raw|<div class="broadcast-blue"><strong>This battle is required to be public due to a player having a name starting with 'lt82zw'.</div>
|j|☆2DpkmN
|j|☆LT82ZW Vaw
|t:|1626285956
|gametype|singles
|player|p1|2DpkmN|102|1673
|player|p2|LT82ZW Vaw|falkner|1731
|teamsize|p1|6
|teamsize|p2|6
|gen|8
|tier|[Gen 8] OU
|rated|
|rule|Sleep Clause Mod: Limit one foe put to sleep
|rule|Species Clause: Limit one of each Pokémon
|rule|OHKO Clause: OHKO moves are banned
|rule|Evasion Moves Clause: Evasion moves are banned
|rule|Endless Battle Clause: Forcing endless battles is banned
|rule|HP Percentage Mod: HP is shown in percentages
|rule|Dynamax Clause: You cannot dynamax
|clearpoke
|poke|p1|Zapdos-Galar|
|poke|p1|Hippowdon, F|
|poke|p1|Corviknight, M|
|poke|p1|Dragapult, M|
|poke|p1|Rillaboom, M|
|poke|p1|Tapu Koko|
|poke|p2|Bisharp, M|
|poke|p2|Cloyster, F|
|poke|p2|Garchomp, M|
|poke|p2|Hawlucha, M|
|poke|p2|Skarmory, F|
|poke|p2|Volcarona, M|
|teampreview
|inactive|Battle timer is ON: inactive players will automatically lose when time's up. (requested by LT82ZW Vaw)
|
|t:|1626285963
|start
|switch|p1a: Tapu Koko|Tapu Koko, shiny|100/100
|switch|p2a: Skarmory|Skarmory, F|100/100
|-fieldstart|move: Electric Terrain|[from] ability: Electric Surge|[of] p1a: Tapu Koko
|turn|1
|
|t:|1626285969
|move|p1a: Tapu Koko|Dazzling Gleam|p2a: Skarmory
|-resisted|p2a: Skarmory
|-damage|p2a: Skarmory|71/100
|move|p2a: Skarmory|Stealth Rock|p1a: Tapu Koko
|-sidestart|p1: 2DpkmN|move: Stealth Rock
|
|upkeep
|turn|2
|inactive|2DpkmN has 120 seconds left.
|inactive|2DpkmN has 90 seconds left.
|
|t:|1626286047
|move|p1a: Tapu Koko|Volt Switch|p2a: Skarmory
|-supereffective|p2a: Skarmory
|-crit|p2a: Skarmory
|-damage|p2a: Skarmory|0 fnt
|faint|p2a: Skarmory
|
|t:|1626286062
|switch|p1a: Dragapult|Dragapult, M, shiny|100/100|[from]move: Volt Switch
|-damage|p1a: Dragapult|88/100|[from] Stealth Rock
|
|upkeep
|
|t:|1626286065
|switch|p2a: Bisharp|Bisharp, M|100/100
|turn|3
|inactive|2DpkmN has 60 seconds left.
|
|t:|1626286099
|switch|p2a: Volcarona|Volcarona, M|100/100
|move|p1a: Dragapult|U-turn|p2a: Volcarona
|-resisted|p2a: Volcarona
|-damage|p2a: Volcarona|87/100
|
|t:|1626286103
|switch|p1a: Zapdos|Zapdos-Galar|100/100|[from]move: U-turn
|-damage|p1a: Zapdos|88/100|[from] Stealth Rock
|
|upkeep
|turn|4
|inactive|2DpkmN has 60 seconds left.
|
|t:|1626286116
|switch|p2a: Garchomp|Garchomp, M|100/100
|move|p1a: Zapdos|Brave Bird|p2a: Garchomp
|-damage|p2a: Garchomp|6/100
|-damage|p1a: Zapdos|76/100|[from] ability: Rough Skin|[of] p2a: Garchomp
|-damage|p1a: Zapdos|41/100|[from] Recoil
|
|upkeep
|turn|5
|
|t:|1626286124
|switch|p1a: Corviknight|Corviknight, M, shiny|100/100
|-damage|p1a: Corviknight|88/100|[from] Stealth Rock
|-ability|p1a: Corviknight|Pressure
|move|p2a: Garchomp|Scale Shot|p1a: Corviknight
|-resisted|p1a: Corviknight
|-damage|p1a: Corviknight|83/100
|-resisted|p1a: Corviknight
|-damage|p1a: Corviknight|78/100
|-resisted|p1a: Corviknight
|-damage|p1a: Corviknight|72/100
|-resisted|p1a: Corviknight
|-damage|p1a: Corviknight|67/100
|-hitcount|p1a: Corviknight|4
|-unboost|p2a: Garchomp|def|1
|-boost|p2a: Garchomp|spe|1
|-damage|p2a: Garchomp|0 fnt|[from] item: Life Orb
|faint|p2a: Garchomp
|
|-fieldend|move: Electric Terrain
|upkeep
|
|t:|1626286128
|switch|p2a: Volcarona|Volcarona, M|87/100
|turn|6
|
|t:|1626286130
|move|p2a: Volcarona|Quiver Dance|p2a: Volcarona
|-boost|p2a: Volcarona|spa|1
|-boost|p2a: Volcarona|spd|1
|-boost|p2a: Volcarona|spe|1
|move|p1a: Corviknight|U-turn|p2a: Volcarona
|-resisted|p2a: Volcarona
|-damage|p2a: Volcarona|76/100
|-status|p1a: Corviknight|brn|[from] ability: Flame Body|[of] p2a: Volcarona
|
|t:|1626286133
|switch|p1a: Hippowdon|Hippowdon, F, shiny|100/100|[from]move: U-turn
|-damage|p1a: Hippowdon|94/100|[from] Stealth Rock
|-weather|Sandstorm|[from] ability: Sand Stream|[of] p1a: Hippowdon
|
|-weather|Sandstorm|[upkeep]
|-damage|p2a: Volcarona|70/100|[from] Sandstorm
|-heal|p1a: Hippowdon|100/100|[from] item: Leftovers
|upkeep
|turn|7
|
|t:|1626286140
|move|p2a: Volcarona|Fire Blast|p1a: Hippowdon
|-damage|p1a: Hippowdon|37/100
|move|p1a: Hippowdon|Toxic|p2a: Volcarona
|-status|p2a: Volcarona|tox
|
|-weather|Sandstorm|[upkeep]
|-damage|p2a: Volcarona|64/100 tox|[from] Sandstorm
|-heal|p1a: Hippowdon|44/100|[from] item: Leftovers
|-damage|p2a: Volcarona|57/100 tox|[from] psn
|upkeep
|turn|8
|
|t:|1626286154
|move|p2a: Volcarona|Fire Blast|p1a: Hippowdon
|-damage|p1a: Hippowdon|0 fnt
|faint|p1a: Hippowdon
|
|-weather|Sandstorm|[upkeep]
|-damage|p2a: Volcarona|51/100 tox|[from] Sandstorm
|-damage|p2a: Volcarona|39/100 tox|[from] psn
|upkeep
|inactive|2DpkmN has 90 seconds left.
|
|t:|1626286166
|switch|p1a: Zapdos|Zapdos-Galar|41/100
|-damage|p1a: Zapdos|29/100|[from] Stealth Rock
|turn|9
|
|t:|1626286172
|move|p2a: Volcarona|Psychic|p1a: Zapdos
|-supereffective|p1a: Zapdos
|-damage|p1a: Zapdos|0 fnt
|faint|p1a: Zapdos
|
|-weather|Sandstorm|[upkeep]
|-damage|p2a: Volcarona|33/100 tox|[from] Sandstorm
|-damage|p2a: Volcarona|15/100 tox|[from] psn
|upkeep
|
|t:|1626286179
|switch|p1a: Corviknight|Corviknight, M, shiny|67/100 brn
|-damage|p1a: Corviknight|55/100 brn|[from] Stealth Rock
|-ability|p1a: Corviknight|Pressure
|turn|10
|
|t:|1626286194
|move|p2a: Volcarona|Fire Blast|p1a: Corviknight
|-supereffective|p1a: Corviknight
|-damage|p1a: Corviknight|0 fnt
|faint|p1a: Corviknight
|
|-weather|none
|-damage|p2a: Volcarona|0 fnt|[from] psn
|faint|p2a: Volcarona
|upkeep
|
|t:|1626286199
|switch|p2a: Bisharp|Bisharp, M|100/100
|switch|p1a: Tapu Koko|Tapu Koko, shiny|100/100
|-fieldstart|move: Electric Terrain|[from] ability: Electric Surge|[of] p1a: Tapu Koko
|turn|11
|
|t:|1626286205
|move|p1a: Tapu Koko|Volt Switch|p2a: Bisharp
|-damage|p2a: Bisharp|40/100
|
|t:|1626286209
|switch|p1a: Rillaboom|Rillaboom, M, shiny|100/100|[from]move: Volt Switch
|-damage|p1a: Rillaboom|88/100|[from] Stealth Rock
|-fieldstart|move: Grassy Terrain|[from] ability: Grassy Surge|[of] p1a: Rillaboom
|move|p2a: Bisharp|Iron Head|p1a: Rillaboom
|-damage|p1a: Rillaboom|28/100
|-damage|p2a: Bisharp|30/100|[from] item: Life Orb
|
|-heal|p1a: Rillaboom|35/100|[from] Grassy Terrain
|-heal|p2a: Bisharp|36/100|[from] Grassy Terrain
|upkeep
|turn|12
|
|t:|1626286215
|move|p1a: Rillaboom|Drain Punch|p2a: Bisharp
|-supereffective|p2a: Bisharp
|-damage|p2a: Bisharp|0 fnt
|-heal|p1a: Rillaboom|49/100|[from] drain|[of] p2a: Bisharp
|faint|p2a: Bisharp
|-damage|p1a: Rillaboom|39/100|[from] item: Life Orb
|
|-heal|p1a: Rillaboom|45/100|[from] Grassy Terrain
|upkeep
|
|t:|1626286219
|switch|p2a: Hawlucha|Hawlucha, M|100/100
|turn|13
|
|t:|1626286235
|move|p2a: Hawlucha|Swords Dance|p2a: Hawlucha
|-boost|p2a: Hawlucha|atk|2
|move|p1a: Rillaboom|Swords Dance|p1a: Rillaboom
|-boost|p1a: Rillaboom|atk|2
|
|-heal|p1a: Rillaboom|51/100|[from] Grassy Terrain
|upkeep
|turn|14
|
|t:|1626286238
|move|p1a: Rillaboom|Grassy Glide|p2a: Hawlucha
|-resisted|p2a: Hawlucha
|-damage|p2a: Hawlucha|16/100
|-damage|p1a: Rillaboom|41/100|[from] item: Life Orb
|move|p2a: Hawlucha|Sky Attack||[still]
|-prepare|p2a: Hawlucha|Sky Attack
|-enditem|p2a: Hawlucha|Power Herb
|-anim|p2a: Hawlucha|Sky Attack|p1a: Rillaboom
|-supereffective|p1a: Rillaboom
|-damage|p1a: Rillaboom|0 fnt
|faint|p1a: Rillaboom
|
|upkeep
|
|t:|1626286243
|switch|p1a: Tapu Koko|Tapu Koko, shiny|100/100
|-fieldstart|move: Electric Terrain|[from] ability: Electric Surge|[of] p1a: Tapu Koko
|turn|15
|inactive|LT82ZW Vaw has 120 seconds left.
|
|t:|1626286274
|move|p2a: Hawlucha|Close Combat|p1a: Tapu Koko
|-resisted|p1a: Tapu Koko
|-damage|p1a: Tapu Koko|30/100
|-unboost|p2a: Hawlucha|def|1
|-unboost|p2a: Hawlucha|spd|1
|move|p1a: Tapu Koko|Thunderbolt|p2a: Hawlucha
|-supereffective|p2a: Hawlucha
|-damage|p2a: Hawlucha|0 fnt
|faint|p2a: Hawlucha
|
|upkeep
|
|t:|1626286278
|switch|p2a: Cloyster|Cloyster, F|100/100
|turn|16
|
|t:|1626286296
|move|p2a: Cloyster|Ice Shard|p1a: Tapu Koko
|-damage|p1a: Tapu Koko|7/100
|move|p1a: Tapu Koko|Thunderbolt|p2a: Cloyster
|-supereffective|p2a: Cloyster
|-damage|p2a: Cloyster|0 fnt
|faint|p2a: Cloyster
|
|win|2DpkmN
|raw|2DpkmN's rating: 1673 &rarr; <strong>1695</strong><br />(+22 for winning)
|raw|LT82ZW Vaw's rating: 1715 &rarr; <strong>1693</strong><br />(-22 for losing)
|l|☆LT82ZW Vaw
||Ladder isn't responding, score probably updated but might not have (Request timeout).
