|j|☆Raimei Hakkei 2
|j|☆ultimategoogolplex
|t:|1667434155
|gametype|singles
|player|p1|Raimei Hakkei 2|169|1717
|player|p2|ultimategoogolplex|2|1751
|teamsize|p1|6
|teamsize|p2|6
|gen|8
|tier|[Gen 8] OU
|rated|
|rule|Sleep Clause Mod: Limit one foe put to sleep
|rule|Species Clause: Limit one of each Pokémon
|rule|OHKO Clause: OHKO moves are banned
|rule|Evasion Items Clause: Evasion items are banned
|rule|Evasion Moves Clause: Evasion moves are banned
|rule|Endless Battle Clause: Forcing endless battles is banned
|rule|HP Percentage Mod: HP is shown in percentages
|rule|Dynamax Clause: You cannot dynamax
|clearpoke
|poke|p1|Landorus-Therian, M|
|poke|p1|Urshifu-*, M|
|poke|p1|Dragonite, F|
|poke|p1|Tyrantrum, M|
|poke|p1|Aegislash, M|
|poke|p1|Chansey, F|
|poke|p2|Weavile, M|
|poke|p2|Volcanion|
|poke|p2|Zapdos|
|poke|p2|Landorus-Therian, M|
|poke|p2|Kartana|
|poke|p2|Melmetal|
|teampreview
|inactive|Battle timer is ON: inactive players will automatically lose when time's up. (requested by Raimei Hakkei 2)
|inactive|ultimategoogolplex also wants the timer to be on.
|
|t:|1667434163
|start
|switch|p1a: Gundari: Ryuseigun|Urshifu-Rapid-Strike, M|100/100
|switch|p2a: Landorus|Landorus-Therian, M|100/100
|-ability|p2a: Landorus|Intimidate|boost
|-unboost|p1a: Gundari: Ryuseigun|atk|1
|turn|1
|j| Astorga
|
|t:|1667434169
|switch|p1a: Horai Hakke|Tyrantrum, M|100/100
|switch|p2a: Zapdos|Zapdos|100/100
|
|upkeep
|turn|2
|
|t:|1667434175
|switch|p2a: Melmetal|Melmetal|100/100
|move|p1a: Horai Hakke|Close Combat|p2a: Melmetal
|-supereffective|p2a: Melmetal
|-damage|p2a: Melmetal|27/100
|-unboost|p1a: Horai Hakke|def|1
|-unboost|p1a: Horai Hakke|spd|1
|
|upkeep
|turn|3
|
|t:|1667434182
|switch|p2a: Landorus|Landorus-Therian, M|100/100
|-ability|p2a: Landorus|Intimidate|boost
|-unboost|p1a: Horai Hakke|atk|1
|move|p1a: Horai Hakke|Close Combat|p2a: Landorus
|-resisted|p2a: Landorus
|-damage|p2a: Landorus|85/100
|-unboost|p1a: Horai Hakke|def|1
|-unboost|p1a: Horai Hakke|spd|1
|
|-heal|p2a: Landorus|91/100|[from] item: Leftovers
|upkeep
|turn|4
|
|t:|1667434195
|switch|p1a: Raging Drunk|Landorus-Therian, M|100/100
|-ability|p1a: Raging Drunk|Intimidate|boost
|-unboost|p2a: Landorus|atk|1
|move|p2a: Landorus|U-turn|p1a: Raging Drunk
|-resisted|p1a: Raging Drunk
|-damage|p1a: Raging Drunk|95/100
|
|t:|1667434202
|switch|p2a: Weavile|Weavile, M|100/100|[from]move: U-turn
|-ability|p2a: Weavile|Pressure
|
|upkeep
|turn|5
|
|t:|1667434208
|switch|p1a: Gundari: Ryuseigun|Urshifu-Rapid-Strike, M|100/100
|move|p2a: Weavile|Knock Off|p1a: Gundari: Ryuseigun
|-resisted|p1a: Gundari: Ryuseigun
|-damage|p1a: Gundari: Ryuseigun|60/100
|-enditem|p1a: Gundari: Ryuseigun|Choice Band|[from] move: Knock Off|[of] p2a: Weavile
|
|upkeep
|turn|6
|
|t:|1667434215
|switch|p2a: Zapdos|Zapdos|100/100
|move|p1a: Gundari: Ryuseigun|U-turn|p2a: Zapdos
|-resisted|p2a: Zapdos
|-damage|p2a: Zapdos|91/100
|
|t:|1667434219
|switch|p1a: Horai Hakke|Tyrantrum, M|100/100|[from]move: U-turn
|
|upkeep
|turn|7
|j| KappaHalo
|
|t:|1667434223
|switch|p2a: Landorus|Landorus-Therian, M|91/100
|-ability|p2a: Landorus|Intimidate|boost
|-unboost|p1a: Horai Hakke|atk|1
|move|p1a: Horai Hakke|Head Smash|p2a: Landorus
|-damage|p2a: Landorus|33/100
|
|-heal|p2a: Landorus|39/100|[from] item: Leftovers
|upkeep
|turn|8
|
|t:|1667434232
|switch|p2a: Melmetal|Melmetal|27/100
|move|p1a: Horai Hakke|Head Smash|p2a: Melmetal
|-resisted|p2a: Melmetal
|-damage|p2a: Melmetal|4/100
|
|upkeep
|turn|9
|j| darkcloud1986
|
|t:|1667434237
|move|p1a: Horai Hakke|Head Smash|p2a: Melmetal
|-resisted|p2a: Melmetal
|-damage|p2a: Melmetal|0 fnt
|faint|p2a: Melmetal
|
|upkeep
|
|t:|1667434246
|switch|p2a: Weavile|Weavile, M|100/100
|-ability|p2a: Weavile|Pressure
|turn|10
|
|t:|1667434256
|switch|p1a: Death Destroyer|Aegislash, M|100/100
|move|p2a: Weavile|Knock Off|p1a: Death Destroyer
|-supereffective|p1a: Death Destroyer
|-damage|p1a: Death Destroyer|0 fnt
|-enditem|p1a: Death Destroyer|Spell Tag|[from] move: Knock Off|[of] p2a: Weavile
|faint|p1a: Death Destroyer
|
|upkeep
|
|t:|1667434259
|switch|p1a: Gundari: Ryuseigun|Urshifu-Rapid-Strike, M|60/100
|turn|11
|
|t:|1667434265
|switch|p2a: Zapdos|Zapdos|91/100
|move|p1a: Gundari: Ryuseigun|U-turn|p2a: Zapdos
|-resisted|p2a: Zapdos
|-damage|p2a: Zapdos|81/100
|-status|p1a: Gundari: Ryuseigun|par|[from] ability: Static|[of] p2a: Zapdos
|
|t:|1667434268
|switch|p1a: Horai Hakke|Tyrantrum, M|100/100|[from]move: U-turn
|
|upkeep
|turn|12
|
|t:|1667434274
|switch|p2a: Landorus|Landorus-Therian, M|39/100
|-ability|p2a: Landorus|Intimidate|boost
|-unboost|p1a: Horai Hakke|atk|1
|move|p1a: Horai Hakke|Close Combat|p2a: Landorus
|-resisted|p2a: Landorus
|-damage|p2a: Landorus|24/100
|-unboost|p1a: Horai Hakke|def|1
|-unboost|p1a: Horai Hakke|spd|1
|
|-heal|p2a: Landorus|30/100|[from] item: Leftovers
|upkeep
|turn|13
|
|t:|1667434284
|move|p2a: Landorus|U-turn|p1a: Horai Hakke
|-crit|p1a: Horai Hakke
|-damage|p1a: Horai Hakke|53/100
|j| Tsukimizaka Kiriha
|
|t:|1667434288
|switch|p2a: Zapdos|Zapdos|81/100|[from]move: U-turn
|move|p1a: Horai Hakke|Close Combat|p2a: Zapdos
|-resisted|p2a: Zapdos
|-damage|p2a: Zapdos|62/100
|-unboost|p1a: Horai Hakke|def|1
|-unboost|p1a: Horai Hakke|spd|1
|
|upkeep
|turn|14
|
|t:|1667434296
|switch|p2a: Landorus|Landorus-Therian, M|30/100
|-ability|p2a: Landorus|Intimidate|boost
|-unboost|p1a: Horai Hakke|atk|1
|switch|p1a: Raging Drunk|Landorus-Therian, M|95/100
|-ability|p1a: Raging Drunk|Intimidate|boost
|-unboost|p2a: Landorus|atk|1
|
|-heal|p2a: Landorus|36/100|[from] item: Leftovers
|upkeep
|turn|15
|
|t:|1667434307
|switch|p2a: Weavile|Weavile, M|100/100
|-ability|p2a: Weavile|Pressure
|move|p1a: Raging Drunk|Toxic|p2a: Weavile
|-status|p2a: Weavile|tox
|
|-damage|p2a: Weavile|94/100 tox|[from] psn
|upkeep
|turn|16
|
|t:|1667434317
|switch|p1a: Gundari: Ryuseigun|Urshifu-Rapid-Strike, M|60/100 par
|move|p2a: Weavile|Triple Axel|p1a: Gundari: Ryuseigun
|-resisted|p1a: Gundari: Ryuseigun
|-damage|p1a: Gundari: Ryuseigun|52/100 par
|-resisted|p1a: Gundari: Ryuseigun
|-damage|p1a: Gundari: Ryuseigun|35/100 par
|-resisted|p1a: Gundari: Ryuseigun
|-damage|p1a: Gundari: Ryuseigun|12/100 par
|-hitcount|p1a: Gundari: Ryuseigun|3
|
|-damage|p2a: Weavile|82/100 tox|[from] psn
|upkeep
|turn|17
|j| Tennia
|
|t:|1667434331
|switch|p2a: Zapdos|Zapdos|62/100
|move|p1a: Gundari: Ryuseigun|Close Combat|p2a: Zapdos
|-resisted|p2a: Zapdos
|-damage|p2a: Zapdos|38/100
|-unboost|p1a: Gundari: Ryuseigun|def|1
|-unboost|p1a: Gundari: Ryuseigun|spd|1
|
|upkeep
|turn|18
|
|t:|1667434341
|move|p2a: Zapdos|Roost|p2a: Zapdos
|-heal|p2a: Zapdos|88/100
|-singleturn|p2a: Zapdos|move: Roost
|move|p1a: Gundari: Ryuseigun|Surging Strikes|p2a: Zapdos
|-crit|p2a: Zapdos
|-damage|p2a: Zapdos|74/100
|-crit|p2a: Zapdos
|-damage|p2a: Zapdos|58/100
|-crit|p2a: Zapdos
|-damage|p2a: Zapdos|42/100
|-hitcount|p2a: Zapdos|3
|
|upkeep
|turn|19
|
|t:|1667434351
|switch|p1a: Flirty Drunk|Chansey, F|100/100
|move|p2a: Zapdos|Hurricane|p1a: Flirty Drunk
|-damage|p1a: Flirty Drunk|87/100
|
|upkeep
|turn|20
|
|t:|1667434357
|switch|p2a: Kartana|Kartana|100/100
|move|p1a: Flirty Drunk|Toxic|p2a: Kartana
|-immune|p2a: Kartana
|
|upkeep
|turn|21
|
|t:|1667434362
|move|p2a: Kartana|Knock Off|p1a: Flirty Drunk
|-damage|p1a: Flirty Drunk|60/100
|-enditem|p1a: Flirty Drunk|Eviolite|[from] move: Knock Off|[of] p2a: Kartana
|move|p1a: Flirty Drunk|Soft-Boiled|p1a: Flirty Drunk
|-heal|p1a: Flirty Drunk|100/100
|
|upkeep
|turn|22
|
|t:|1667434369
|move|p2a: Kartana|Knock Off|p1a: Flirty Drunk
|-damage|p1a: Flirty Drunk|75/100
|move|p1a: Flirty Drunk|Toxic|p2a: Kartana
|-immune|p2a: Kartana
|
|upkeep
|turn|23
|
|t:|1667434375
|move|p2a: Kartana|Knock Off|p1a: Flirty Drunk
|-damage|p1a: Flirty Drunk|46/100
|move|p1a: Flirty Drunk|Soft-Boiled|p1a: Flirty Drunk
|-heal|p1a: Flirty Drunk|96/100
|
|upkeep
|turn|24
|
|t:|1667434381
|switch|p2a: Zapdos|Zapdos|42/100
|move|p1a: Flirty Drunk|Seismic Toss|p2a: Zapdos
|-damage|p2a: Zapdos|16/100
|
|upkeep
|turn|25
|
|t:|1667434388
|move|p2a: Zapdos|Volt Switch|p1a: Flirty Drunk
|-damage|p1a: Flirty Drunk|83/100
|
|t:|1667434391
|switch|p2a: Kartana|Kartana|100/100|[from]move: Volt Switch
|move|p1a: Flirty Drunk|Seismic Toss|p2a: Kartana
|-damage|p2a: Kartana|62/100
|
|upkeep
|turn|26
|
|t:|1667434398
|switch|p2a: Weavile|Weavile, M|82/100 tox
|-ability|p2a: Weavile|Pressure
|switch|p1a: Raging Drunk|Landorus-Therian, M|95/100
|-ability|p1a: Raging Drunk|Intimidate|boost
|-unboost|p2a: Weavile|atk|1
|
|-damage|p2a: Weavile|76/100 tox|[from] psn
|upkeep
|turn|27
|
|t:|1667434407
|move|p2a: Weavile|Triple Axel|p1a: Raging Drunk
|-supereffective|p1a: Raging Drunk
|-damage|p1a: Raging Drunk|60/100
|-supereffective|p1a: Raging Drunk
|-damage|p1a: Raging Drunk|0 fnt
|faint|p1a: Raging Drunk
|-hitcount|p1: Raging Drunk|2
|
|-damage|p2a: Weavile|64/100 tox|[from] psn
|upkeep
|
|t:|1667434412
|switch|p1a: Gundari: Ryuseigun|Urshifu-Rapid-Strike, M|12/100 par
|turn|28
|
|t:|1667434421
|switch|p2a: Volcanion|Volcanion|100/100
|move|p1a: Gundari: Ryuseigun|Close Combat|p2a: Volcanion
|-damage|p2a: Volcanion|36/100
|-unboost|p1a: Gundari: Ryuseigun|def|1
|-unboost|p1a: Gundari: Ryuseigun|spd|1
|
|upkeep
|turn|29
|
|t:|1667434434
|switch|p2a: Landorus|Landorus-Therian, M|36/100
|-ability|p2a: Landorus|Intimidate|boost
|-unboost|p1a: Gundari: Ryuseigun|atk|1
|switch|p1a: Flirty Drunk|Chansey, F|83/100
|
|-heal|p2a: Landorus|42/100|[from] item: Leftovers
|upkeep
|turn|30
|
|t:|1667434444
|move|p2a: Landorus|Stealth Rock|p1a: Flirty Drunk
|-sidestart|p1: Raimei Hakkei 2|move: Stealth Rock
|move|p1a: Flirty Drunk|Soft-Boiled|p1a: Flirty Drunk
|-heal|p1a: Flirty Drunk|100/100
|
|-heal|p2a: Landorus|48/100|[from] item: Leftovers
|upkeep
|turn|31
|
|t:|1667434450
|move|p2a: Landorus|Earthquake|p1a: Flirty Drunk
|-damage|p1a: Flirty Drunk|53/100
|move|p1a: Flirty Drunk|Seismic Toss|p2a: Landorus
|-damage|p2a: Landorus|21/100
|
|-heal|p2a: Landorus|27/100|[from] item: Leftovers
|upkeep
|turn|32
|
|t:|1667434458
|move|p2a: Landorus|U-turn|p1a: Flirty Drunk
|-damage|p1a: Flirty Drunk|33/100
|
|t:|1667434461
|switch|p2a: Weavile|Weavile, M|64/100 tox|[from]move: U-turn
|-ability|p2a: Weavile|Pressure
|move|p1a: Flirty Drunk|Soft-Boiled|p1a: Flirty Drunk
|-heal|p1a: Flirty Drunk|83/100
|
|-damage|p2a: Weavile|58/100 tox|[from] psn
|upkeep
|turn|33
|
|t:|1667434469
|move|p2a: Weavile|Triple Axel|p1a: Flirty Drunk
|-damage|p1a: Flirty Drunk|68/100
|-damage|p1a: Flirty Drunk|39/100
|-damage|p1a: Flirty Drunk|0 fnt
|faint|p1a: Flirty Drunk
|-hitcount|p1: Flirty Drunk|3
|
|-damage|p2a: Weavile|46/100 tox|[from] psn
|upkeep
|
|t:|1667434478
|switch|p1a: Gundari: Ryuseigun|Urshifu-Rapid-Strike, M|12/100 par
|-damage|p1a: Gundari: Ryuseigun|6/100 par|[from] Stealth Rock
|turn|34
|
|t:|1667434482
|switch|p2a: Landorus|Landorus-Therian, M|27/100
|-ability|p2a: Landorus|Intimidate|boost
|-unboost|p1a: Gundari: Ryuseigun|atk|1
|move|p1a: Gundari: Ryuseigun|Close Combat|p2a: Landorus
|-resisted|p2a: Landorus
|-damage|p2a: Landorus|10/100
|-unboost|p1a: Gundari: Ryuseigun|def|1
|-unboost|p1a: Gundari: Ryuseigun|spd|1
|
|-heal|p2a: Landorus|16/100|[from] item: Leftovers
|upkeep
|turn|35
|
|t:|1667434495
|move|p2a: Landorus|U-turn|p1a: Gundari: Ryuseigun
|-resisted|p1a: Gundari: Ryuseigun
|-damage|p1a: Gundari: Ryuseigun|0 fnt
|faint|p1a: Gundari: Ryuseigun
|
|t:|1667434499
|switch|p2a: Weavile|Weavile, M|46/100 tox|[from]move: U-turn
|-ability|p2a: Weavile|Pressure
|
|-damage|p2a: Weavile|40/100 tox|[from] psn
|upkeep
|
|t:|1667434502
|switch|p1a: Horai Hakke|Tyrantrum, M|53/100
|-damage|p1a: Horai Hakke|41/100|[from] Stealth Rock
|turn|36
|
|t:|1667434507
|move|p2a: Weavile|Triple Axel|p1a: Horai Hakke
|-supereffective|p1a: Horai Hakke
|-crit|p1a: Horai Hakke
|-damage|p1a: Horai Hakke|0 fnt
|faint|p1a: Horai Hakke
|-hitcount|p1: Horai Hakke|1
|
|-damage|p2a: Weavile|28/100 tox|[from] psn
|upkeep
|
|t:|1667434510
|switch|p1a: Thieving Drunk|Dragonite, F|100/100
|turn|37
|
|t:|1667434519
|move|p2a: Weavile|Triple Axel|p1a: Thieving Drunk|[miss]
|-miss|p2a: Weavile|p1a: Thieving Drunk
|move|p1a: Thieving Drunk|Dragon Dance|p1a: Thieving Drunk
|-boost|p1a: Thieving Drunk|atk|1
|-boost|p1a: Thieving Drunk|spe|1
|
|-damage|p2a: Weavile|10/100 tox|[from] psn
|upkeep
|turn|38
|
|t:|1667434528
|switch|p2a: Zapdos|Zapdos|16/100
|move|p1a: Thieving Drunk|Dual Wingbeat|p2a: Zapdos
|-resisted|p2a: Zapdos
|-damage|p2a: Zapdos|3/100
|-status|p1a: Thieving Drunk|par|[from] ability: Static|[of] p2a: Zapdos
|-resisted|p2a: Zapdos
|-damage|p2a: Zapdos|0 fnt
|faint|p2a: Zapdos
|-hitcount|p2: Zapdos|2
|
|upkeep
|
|t:|1667434543
|switch|p2a: Volcanion|Volcanion|36/100
|turn|39
|
|t:|1667434547
|move|p2a: Volcanion|Steam Eruption|p1a: Thieving Drunk
|-resisted|p1a: Thieving Drunk
|-damage|p1a: Thieving Drunk|78/100 par
|cant|p1a: Thieving Drunk|par
|
|upkeep
|turn|40
|
|t:|1667434552
|move|p2a: Volcanion|Steam Eruption|p1a: Thieving Drunk
|-resisted|p1a: Thieving Drunk
|-damage|p1a: Thieving Drunk|33/100 par
|move|p1a: Thieving Drunk|Dragon Dance|p1a: Thieving Drunk
|-boost|p1a: Thieving Drunk|atk|1
|-boost|p1a: Thieving Drunk|spe|1
|
|upkeep
|turn|41
|
|t:|1667434559
|move|p1a: Thieving Drunk|Roost|p1a: Thieving Drunk
|-heal|p1a: Thieving Drunk|83/100 par
|-singleturn|p1a: Thieving Drunk|move: Roost
|move|p2a: Volcanion|Steam Eruption|p1a: Thieving Drunk
|-resisted|p1a: Thieving Drunk
|-damage|p1a: Thieving Drunk|38/100 par
|
|upkeep
|turn|42
|
|t:|1667434567
|switch|p2a: Landorus|Landorus-Therian, M|16/100
|-ability|p2a: Landorus|Intimidate|boost
|-unboost|p1a: Thieving Drunk|atk|1
|move|p1a: Thieving Drunk|Dual Wingbeat|p2a: Landorus
|-damage|p2a: Landorus|0 fnt
|faint|p2a: Landorus
|-hitcount|p2: Landorus|1
|
|upkeep
|
|t:|1667434576
|switch|p2a: Weavile|Weavile, M|10/100 tox
|-ability|p2a: Weavile|Pressure
|turn|43
|-message|Raimei Hakkei 2 forfeited.
|
|win|ultimategoogolplex
|raw|Raimei Hakkei 2's rating: 1717 &rarr; <strong>1699</strong><br />(-18 for losing)
|raw|ultimategoogolplex's rating: 1751 &rarr; <strong>1769</strong><br />(+18 for winning)
|l|☆Raimei Hakkei 2
|c|☆ultimategoogolplex|gg
|l| Tsukimizaka Kiriha
