|html|<div class="broadcast-blue"><strong>[Gen 8] OU is currently suspecting Melmetal! For information on how to participate check out the <a href="https://www.smogon.com/forums/threads/np-ss-ou-suspect-process-round-12-monster-mash.3709234/">suspect thread</a>.</strong></div>
|j|☆08 valk
|j|‽Steelix Fusion
|t:|1666320399
|gametype|singles
|player|p1|08 valk|koga-gen1|1719
|player|p2|Steelix Fusion|marshal|1660
|teamsize|p1|6
|teamsize|p2|6
|gen|8
|tier|[Gen 8] OU
|rated|
|rule|Sleep Clause Mod: Limit one foe put to sleep
|rule|Species Clause: Limit one of each Pokémon
|rule|OHKO Clause: OHKO moves are banned
|rule|Evasion Items Clause: Evasion items are banned
|rule|Evasion Moves Clause: Evasion moves are banned
|rule|Endless Battle Clause: Forcing endless battles is banned
|rule|HP Percentage Mod: HP is shown in percentages
|rule|Dynamax Clause: You cannot dynamax
|clearpoke
|poke|p1|Mew|
|poke|p1|Weavile, M|
|poke|p1|Crawdaunt, M|
|poke|p1|Garchomp, M|
|poke|p1|Blacephalon|
|poke|p1|Celesteela|
|poke|p2|Klefki, M|
|poke|p2|Porygon2|
|poke|p2|Glastrier|
|poke|p2|Marowak-Alola, M|
|poke|p2|Cresselia, F|
|poke|p2|Crawdaunt, M|
|teampreview
|inactive|Battle timer is ON: inactive players will automatically lose when time's up. (requested by Steelix Fusion)
|j| BabyPigsAreLaughin
|
|t:|1666320407
|start
|switch|p1a: Mew|Mew, shiny|100/100
|switch|p2a: Porygon2|Porygon2|100/100
|-ability|p2a: Porygon2|Synchronize|[from] ability: Trace|[of] p1a: Mew
|turn|1
|
|t:|1666320413
|move|p1a: Mew|Taunt|p2a: Porygon2
|-start|p2a: Porygon2|move: Taunt
|move|p2a: Porygon2|Foul Play|p1a: Mew
|-supereffective|p1a: Mew
|-enditem|p1a: Mew|Colbur Berry|[eat]
|-enditem|p1a: Mew|Colbur Berry|[weaken]
|-damage|p1a: Mew|87/100
|
|upkeep
|turn|2
|
|t:|1666320420
|switch|p2a: Crawdaunt|Crawdaunt, M|100/100
|move|p1a: Mew|Stealth Rock|p2a: Crawdaunt
|-sidestart|p2: Steelix Fusion|move: Stealth Rock
|
|upkeep
|turn|3
|
|t:|1666320429
|move|p1a: Mew|Taunt|p2a: Crawdaunt
|-start|p2a: Crawdaunt|move: Taunt
|move|p2a: Crawdaunt|Knock Off|p1a: Mew
|-supereffective|p1a: Mew
|-damage|p1a: Mew|0 fnt
|faint|p1a: Mew
|-damage|p2a: Crawdaunt|90/100|[from] item: Life Orb
|
|upkeep
|
|t:|1666320437
|switch|p1a: Garchomp|Garchomp, M, shiny|100/100
|turn|4
|
|t:|1666320447
|switch|p2a: Porygon2|Porygon2|100/100
|-damage|p2a: Porygon2|88/100|[from] Stealth Rock
|-ability|p2a: Porygon2|Rough Skin|[from] ability: Trace|[of] p1a: Garchomp
|move|p1a: Garchomp|Earthquake|p2a: Porygon2
|-damage|p2a: Porygon2|53/100
|
|upkeep
|turn|5
|
|t:|1666320455
|move|p1a: Garchomp|Earthquake|p2a: Porygon2
|-damage|p2a: Porygon2|17/100
|move|p2a: Porygon2|Trick Room|p2a: Porygon2
|-fieldstart|move: Trick Room|[of] p2a: Porygon2
|
|upkeep
|turn|6
|
|t:|1666320461
|move|p1a: Garchomp|Earthquake|p2a: Porygon2
|-damage|p2a: Porygon2|0 fnt
|faint|p2a: Porygon2
|
|upkeep
|
|t:|1666320464
|switch|p2a: Glastrier|Glastrier|100/100
|turn|7
|
|t:|1666320479
|switch|p1a: Celesteela|Celesteela, shiny|100/100
|move|p2a: Glastrier|Swords Dance|p2a: Glastrier
|-boost|p2a: Glastrier|atk|2
|
|upkeep
|turn|8
|
|t:|1666320484
|move|p2a: Glastrier|Icicle Crash|p1a: Celesteela
|-damage|p1a: Celesteela|0 fnt
|faint|p1a: Celesteela
|-ability|p2a: Glastrier|Chilling Neigh|boost
|-boost|p2a: Glastrier|atk|1
|
|upkeep
|
|t:|1666320509
|switch|p1a: Weavile|Weavile, M, shiny|100/100
|-ability|p1a: Weavile|Pressure
|turn|9
|
|t:|1666320513
|move|p2a: Glastrier|High Horsepower|p1a: Weavile
|-damage|p1a: Weavile|0 fnt
|faint|p1a: Weavile
|-ability|p2a: Glastrier|Chilling Neigh|boost
|-boost|p2a: Glastrier|atk|1
|
|-fieldend|move: Trick Room
|upkeep
|
|t:|1666320517
|switch|p1a: Blacephalon|Blacephalon, shiny|100/100
|turn|10
|
|t:|1666320521
|switch|p2a: Cresselia|Cresselia, F|100/100
|-damage|p2a: Cresselia|88/100|[from] Stealth Rock
|move|p1a: Blacephalon|Trick|p2a: Cresselia
|-activate|p1a: Blacephalon|move: Trick|[of] p2a: Cresselia
|-item|p2a: Cresselia|Choice Scarf|[from] move: Trick
|-item|p1a: Blacephalon|Mental Herb|[from] move: Trick
|
|upkeep
|turn|11
|
|t:|1666320527
|move|p1a: Blacephalon|Taunt|p2a: Cresselia
|-start|p2a: Cresselia|move: Taunt
|cant|p2a: Cresselia|move: Taunt|Trick Room
|
|upkeep
|turn|12
|
|t:|1666320532
|switch|p2a: Crawdaunt|Crawdaunt, M|90/100
|-damage|p2a: Crawdaunt|78/100|[from] Stealth Rock
|move|p1a: Blacephalon|Shadow Ball|p2a: Crawdaunt
|-resisted|p2a: Crawdaunt
|-damage|p2a: Crawdaunt|34/100
|
|upkeep
|turn|13
|
|t:|1666320539
|switch|p1a: Garchomp|Garchomp, M, shiny|100/100
|move|p2a: Crawdaunt|Aqua Jet|p1a: Garchomp
|-damage|p1a: Garchomp|60/100
|-damage|p2a: Crawdaunt|22/100|[from] ability: Rough Skin|[of] p1a: Garchomp
|-damage|p2a: Crawdaunt|12/100|[from] item: Life Orb
|
|upkeep
|turn|14
|
|t:|1666320546
|switch|p1a: Blacephalon|Blacephalon, shiny|100/100
|switch|p2a: Cresselia|Cresselia, F|88/100
|-damage|p2a: Cresselia|76/100|[from] Stealth Rock
|
|upkeep
|turn|15
|
|t:|1666320552
|move|p1a: Blacephalon|Taunt|p2a: Cresselia
|-start|p2a: Cresselia|move: Taunt
|move|p2a: Cresselia|Psychic|p1a: Blacephalon
|-damage|p1a: Blacephalon|61/100
|
|upkeep
|turn|16
|
|t:|1666320567
|switch|p2a: Crawdaunt|Crawdaunt, M|12/100
|-damage|p2a: Crawdaunt|0 fnt|[from] Stealth Rock
|faint|p2a: Crawdaunt
|move|p1a: Blacephalon|Shadow Ball|p2: Crawdaunt|[notarget]
|-fail|p1a: Blacephalon
|
|upkeep
|
|t:|1666320575
|switch|p2a: Klefki|Klefki, M|100/100
|-damage|p2a: Klefki|94/100|[from] Stealth Rock
|turn|17
|
|t:|1666320579
|move|p2a: Klefki|Light Screen|p2a: Klefki
|-sidestart|p2: Steelix Fusion|move: Light Screen
|move|p1a: Blacephalon|Flamethrower|p2a: Klefki
|-supereffective|p2a: Klefki
|-damage|p2a: Klefki|27/100
|
|upkeep
|turn|18
|
|t:|1666320589
|move|p2a: Klefki|Defog|p1a: Blacephalon
|-unboost|p1a: Blacephalon|evasion|1
|-sideend|p2: Steelix Fusion|Stealth Rock|[from] move: Defog|[of] p2a: Klefki
|move|p1a: Blacephalon|Flamethrower|p2a: Klefki
|-supereffective|p2a: Klefki
|-damage|p2a: Klefki|0 fnt
|faint|p2a: Klefki
|-ability|p1a: Blacephalon|Beast Boost|boost
|-boost|p1a: Blacephalon|spa|1
|
|upkeep
|
|t:|1666320600
|switch|p2a: Glastrier|Glastrier|100/100
|turn|19
|
|t:|1666320603
|move|p1a: Blacephalon|Flamethrower|p2a: Glastrier
|-supereffective|p2a: Glastrier
|-damage|p2a: Glastrier|30/100
|move|p2a: Glastrier|High Horsepower|p1a: Blacephalon
|-supereffective|p1a: Blacephalon
|-damage|p1a: Blacephalon|0 fnt
|faint|p1a: Blacephalon
|-ability|p2a: Glastrier|Chilling Neigh|boost
|-boost|p2a: Glastrier|atk|1
|
|upkeep
|
|t:|1666320608
|switch|p1a: Crawdaunt|Crawdaunt, M, shiny|100/100
|turn|20
|
|t:|1666320616
|move|p1a: Crawdaunt|Knock Off|p2a: Glastrier
|-crit|p2a: Glastrier
|-damage|p2a: Glastrier|0 fnt
|-enditem|p2a: Glastrier|Heavy-Duty Boots|[from] move: Knock Off|[of] p1a: Crawdaunt
|faint|p2a: Glastrier
|-damage|p1a: Crawdaunt|91/100|[from] item: Life Orb
|
|upkeep
|
|t:|1666320626
|switch|p2a: Cresselia|Cresselia, F|76/100
|turn|21
|
|t:|1666320629
|move|p1a: Crawdaunt|Swords Dance|p1a: Crawdaunt
|-boost|p1a: Crawdaunt|atk|2
|move|p2a: Cresselia|Trick Room|p2a: Cresselia
|-fieldstart|move: Trick Room|[of] p2a: Cresselia
|
|upkeep
|turn|22
|
|t:|1666320638
|switch|p2a: Marowak|Marowak-Alola, M|100/100
|move|p1a: Crawdaunt|Swords Dance|p1a: Crawdaunt
|-boost|p1a: Crawdaunt|atk|2
|
|upkeep
|turn|23
|
|t:|1666320644
|move|p1a: Crawdaunt|Aqua Jet|p2a: Marowak
|-supereffective|p2a: Marowak
|-damage|p2a: Marowak|0 fnt
|faint|p2a: Marowak
|-damage|p1a: Crawdaunt|81/100|[from] item: Life Orb
|
|upkeep
|-message|Steelix Fusion forfeited.
|
|win|08 valk
|raw|08 valk's rating: 1719 &rarr; <strong>1736</strong><br />(+17 for winning)
|raw|Steelix Fusion's rating: 1660 &rarr; <strong>1643</strong><br />(-17 for losing)
|l|‽Steelix Fusion
