|j|☆Ducky5148
|j|☆GuardArc
|t:|1610762909
|player|p1|Ducky5148|266|
|player|p2|GuardArc|lance-gen3|
|teamsize|p1|6
|teamsize|p2|6
|gametype|singles
|gen|8
|tier|[Gen 8] OU
|clearpoke
|poke|p1|Scizor, M|
|poke|p1|Tapu Koko|
|poke|p1|Gastrodon-East, M|
|poke|p1|Corviknight, M|
|poke|p1|Cinderace, M|
|poke|p1|Kommo-o, M|
|poke|p2|Spectrier|
|poke|p2|Obstagoon, F|
|poke|p2|Slowbro, F|
|poke|p2|Tapu Koko|
|poke|p2|Moltres|
|poke|p2|Ferrothorn, F|
|rule|Sleep Clause Mod: Limit one foe put to sleep
|rule|Species Clause: Limit one of each Pokémon
|rule|OHKO Clause: OHKO moves are banned
|rule|Evasion Moves Clause: Evasion moves are banned
|rule|Endless Battle Clause: Forcing endless battles is banned
|rule|HP Percentage Mod: HP is shown in percentages
|rule|Dynamax Clause: You cannot dynamax
|teampreview
|c|☆GuardArc|ayy game 1 gl hf man
|c|☆GuardArc|if I disconnect I'll be back on, connection is spotty
|
|t:|1610762944
|start
|switch|p1a: Kommo-o|Kommo-o, M|100/100
|switch|p2a: Ferrothorn|Ferrothorn, F|100/100
|turn|1
|
|t:|1610762951
|move|p1a: Kommo-o|Stealth Rock|p2a: Ferrothorn
|-sidestart|p2: GuardArc|move: Stealth Rock
|move|p2a: Ferrothorn|Toxic|p1a: Kommo-o
|-status|p1a: Kommo-o|tox
|
|-damage|p1a: Kommo-o|94/100 tox|[from] psn
|upkeep
|turn|2
|
|t:|1610762960
|switch|p1a: Tapu Koko|Tapu Koko|100/100
|-fieldstart|move: Electric Terrain|[from] ability: Electric Surge|[of] p1a: Tapu Koko
|switch|p2a: Tapu Koko|Tapu Koko|100/100
|-damage|p2a: Tapu Koko|88/100|[from] Stealth Rock
|
|upkeep
|turn|3
|
|t:|1610762970
|move|p1a: Tapu Koko|U-turn|p2a: Tapu Koko
|-resisted|p2a: Tapu Koko
|-damage|p2a: Tapu Koko|77/100
|
|t:|1610762976
|switch|p1a: Kommo-o|Kommo-o, M|94/100 tox|[from]move: U-turn
|move|p2a: Tapu Koko|Defog|p1a: Kommo-o
|-unboost|p1a: Kommo-o|evasion|1
|-sideend|p2: GuardArc|Stealth Rock|[from] move: Defog|[of] p2a: Tapu Koko
|-fieldend|move: Electric Terrain
|
|-damage|p1a: Kommo-o|88/100 tox|[from] psn
|upkeep
|turn|4
|
|t:|1610762989
|switch|p2a: Slowbro|Slowbro, F|100/100
|switch|p1a: Gastrodon|Gastrodon-East, M|100/100
|
|upkeep
|turn|5
|
|t:|1610762998
|switch|p1a: Kommo-o|Kommo-o, M|88/100 tox
|move|p2a: Slowbro|Future Sight|p1a: Kommo-o
|-start|p2a: Slowbro|move: Future Sight
|
|-damage|p1a: Kommo-o|82/100 tox|[from] psn
|upkeep
|turn|6
|
|t:|1610763006
|move|p1a: Kommo-o|Toxic|p2a: Slowbro
|-status|p2a: Slowbro|tox
|move|p2a: Slowbro|Teleport|p2a: Slowbro
|
|t:|1610763015
|switch|p2a: Spectrier|Spectrier|100/100|[from]move: Teleport
|
|-damage|p1a: Kommo-o|69/100 tox|[from] psn
|upkeep
|turn|7
|
|t:|1610763029
|move|p2a: Spectrier|Substitute|p2a: Spectrier
|-start|p2a: Spectrier|Substitute
|-damage|p2a: Spectrier|76/100
|move|p1a: Kommo-o|Stealth Rock|p2a: Spectrier
|-sidestart|p2: GuardArc|move: Stealth Rock
|
|-end|p1a: Kommo-o|move: Future Sight
|-supereffective|p1a: Kommo-o
|-damage|p1a: Kommo-o|0 fnt
|-heal|p2a: Spectrier|82/100|[from] item: Leftovers
|faint|p1a: Kommo-o
|upkeep
|
|t:|1610763039
|switch|p1a: Tapu Koko|Tapu Koko|100/100
|-fieldstart|move: Electric Terrain|[from] ability: Electric Surge|[of] p1a: Tapu Koko
|turn|8
|
|t:|1610763045
|move|p2a: Spectrier|Calm Mind|p2a: Spectrier
|-boost|p2a: Spectrier|spa|1
|-boost|p2a: Spectrier|spd|1
|move|p1a: Tapu Koko|Thunderbolt|p2a: Spectrier
|-end|p2a: Spectrier|Substitute
|
|-heal|p2a: Spectrier|88/100|[from] item: Leftovers
|upkeep
|turn|9
|
|t:|1610763056
|move|p1a: Tapu Koko|Thunderbolt|p2a: Spectrier
|-damage|p2a: Spectrier|52/100
|move|p2a: Spectrier|Calm Mind|p2a: Spectrier
|-boost|p2a: Spectrier|spa|1
|-boost|p2a: Spectrier|spd|1
|
|-heal|p2a: Spectrier|58/100|[from] item: Leftovers
|upkeep
|turn|10
|
|t:|1610763077
|move|p2a: Spectrier|Hex|p1a: Tapu Koko
|-damage|p1a: Tapu Koko|1/100
|move|p1a: Tapu Koko|U-turn|p2a: Spectrier
|-resisted|p2a: Spectrier
|-damage|p2a: Spectrier|49/100
|
|t:|1610763084
|switch|p1a: Scizor|Scizor, M|100/100|[from]move: U-turn
|
|-heal|p2a: Spectrier|55/100|[from] item: Leftovers
|upkeep
|turn|11
|
|t:|1610763091
|move|p1a: Scizor|Bullet Punch|p2a: Spectrier
|-damage|p2a: Spectrier|7/100
|-damage|p1a: Scizor|91/100|[from] item: Life Orb
|move|p2a: Spectrier|Will-O-Wisp|p1a: Scizor
|-status|p1a: Scizor|brn
|
|-heal|p2a: Spectrier|13/100|[from] item: Leftovers
|-damage|p1a: Scizor|84/100 brn|[from] brn
|upkeep
|turn|12
|
|t:|1610763105
|switch|p2a: Moltres|Moltres|100/100
|switch|p1a: Cinderace|Cinderace, M|100/100
|
|-fieldend|move: Electric Terrain
|upkeep
|turn|13
|
|t:|1610763113
|move|p1a: Cinderace|Electro Ball|p2a: Moltres
|-start|p1a: Cinderace|typechange|Electric|[from] ability: Libero
|-supereffective|p2a: Moltres
|-damage|p2a: Moltres|74/100
|-damage|p1a: Cinderace|91/100|[from] item: Life Orb
|move|p2a: Moltres|Toxic|p1a: Cinderace|[miss]
|-miss|p2a: Moltres|p1a: Cinderace
|
|upkeep
|turn|14
|
|t:|1610763133
|switch|p1a: Scizor|Scizor, M|84/100 brn
|move|p2a: Moltres|Scorching Sands|p1a: Scizor
|-damage|p1a: Scizor|61/100 brn
|
|-damage|p1a: Scizor|55/100 brn|[from] brn
|upkeep
|turn|15
|
|t:|1610763141
|switch|p2a: Tapu Koko|Tapu Koko|77/100
|-damage|p2a: Tapu Koko|64/100|[from] Stealth Rock
|-fieldstart|move: Electric Terrain|[from] ability: Electric Surge|[of] p2a: Tapu Koko
|move|p1a: Scizor|Knock Off|p2a: Tapu Koko
|-resisted|p2a: Tapu Koko
|-damage|p2a: Tapu Koko|49/100
|-enditem|p2a: Tapu Koko|Choice Specs|[from] move: Knock Off|[of] p1a: Scizor
|-damage|p1a: Scizor|45/100 brn|[from] item: Life Orb
|
|-damage|p1a: Scizor|39/100 brn|[from] brn
|upkeep
|turn|16
|
|t:|1610763167
|move|p1a: Scizor|Bullet Punch|p2a: Tapu Koko
|-damage|p2a: Tapu Koko|18/100
|-damage|p1a: Scizor|29/100 brn|[from] item: Life Orb
|move|p2a: Tapu Koko|Defog|p1a: Scizor
|-unboost|p1a: Scizor|evasion|1
|-sideend|p2: GuardArc|Stealth Rock|[from] move: Defog|[of] p2a: Tapu Koko
|-fieldend|move: Electric Terrain
|
|-damage|p1a: Scizor|23/100 brn|[from] brn
|upkeep
|turn|17
|
|t:|1610763181
|switch|p2a: Obstagoon|Obstagoon, F|100/100
|switch|p1a: Cinderace|Cinderace, M|91/100
|
|-status|p2a: Obstagoon|brn|[from] item: Flame Orb
|upkeep
|turn|18
|
|t:|1610763197
|switch|p2a: Moltres|Moltres|74/100
|move|p1a: Cinderace|High Jump Kick|p2a: Moltres
|-start|p1a: Cinderace|typechange|Fighting|[from] ability: Libero
|-resisted|p2a: Moltres
|-crit|p2a: Moltres
|-damage|p2a: Moltres|12/100
|-status|p1a: Cinderace|brn|[from] ability: Flame Body|[of] p2a: Moltres
|-damage|p1a: Cinderace|81/100 brn|[from] item: Life Orb
|
|-damage|p1a: Cinderace|75/100 brn|[from] brn
|upkeep
|turn|19
|c|☆GuardArc|that's a lot of damage lol
|c|☆GuardArc|even for a crit
|
|t:|1610763232
|move|p1a: Cinderace|Electro Ball|p2a: Moltres
|-start|p1a: Cinderace|typechange|Electric|[from] ability: Libero
|-supereffective|p2a: Moltres
|-damage|p2a: Moltres|0 fnt
|-damage|p1a: Cinderace|65/100 brn|[from] item: Life Orb
|faint|p2a: Moltres
|
|-damage|p1a: Cinderace|59/100 brn|[from] brn
|upkeep
|
|t:|1610763269
|switch|p2a: Tapu Koko|Tapu Koko|18/100
|-fieldstart|move: Electric Terrain|[from] ability: Electric Surge|[of] p2a: Tapu Koko
|turn|20
|
|t:|1610763284
|move|p1a: Cinderace|Sucker Punch|p2a: Tapu Koko
|-start|p1a: Cinderace|typechange|Dark|[from] ability: Libero
|-resisted|p2a: Tapu Koko
|-damage|p2a: Tapu Koko|1/100
|-damage|p1a: Cinderace|49/100 brn|[from] item: Life Orb
|move|p2a: Tapu Koko|Dazzling Gleam|p1a: Cinderace
|-supereffective|p1a: Cinderace
|-damage|p1a: Cinderace|0 fnt
|faint|p1a: Cinderace
|
|upkeep
|l|☆GuardArc
|player|p2|
|
|t:|1610763315
|switch|p1a: Tapu Koko|Tapu Koko|1/100
|turn|21
|j|☆GuardArc
|player|p2|GuardArc|lance-gen3
|
|t:|1610763349
|move|p1a: Tapu Koko|U-turn|p2a: Tapu Koko
|-resisted|p2a: Tapu Koko
|-damage|p2a: Tapu Koko|0 fnt
|faint|p2a: Tapu Koko
|
|t:|1610763363
|switch|p1a: Gastrodon|Gastrodon-East, M|100/100|[from]move: U-turn
|
|upkeep
|
|t:|1610763367
|switch|p2a: Obstagoon|Obstagoon, F|100/100 brn
|turn|22
|
|t:|1610763383
|switch|p1a: Scizor|Scizor, M|23/100 brn
|move|p2a: Obstagoon|Knock Off|p1a: Scizor
|-damage|p1a: Scizor|0 fnt
|-enditem|p1a: Scizor|Life Orb|[from] move: Knock Off|[of] p2a: Obstagoon
|faint|p1a: Scizor
|
|-damage|p2a: Obstagoon|94/100 brn|[from] brn
|upkeep
|
|t:|1610763392
|switch|p1a: Tapu Koko|Tapu Koko|1/100
|turn|23
|
|t:|1610763402
|switch|p2a: Ferrothorn|Ferrothorn, F|100/100
|move|p1a: Tapu Koko|Dazzling Gleam|p2a: Ferrothorn
|-resisted|p2a: Ferrothorn
|-damage|p2a: Ferrothorn|89/100
|
|-heal|p2a: Ferrothorn|95/100|[from] item: Leftovers
|upkeep
|turn|24
|
|t:|1610763413
|switch|p1a: Gastrodon|Gastrodon-East, M|100/100
|move|p2a: Ferrothorn|Stealth Rock|p1a: Gastrodon
|-sidestart|p1: Ducky5148|move: Stealth Rock
|
|-heal|p2a: Ferrothorn|100/100|[from] item: Leftovers
|-fieldend|move: Electric Terrain
|upkeep
|turn|25
|
|t:|1610763421
|switch|p1a: Corviknight|Corviknight, M, shiny|100/100
|-damage|p1a: Corviknight|88/100|[from] Stealth Rock
|-ability|p1a: Corviknight|Pressure
|move|p2a: Ferrothorn|Toxic|p1a: Corviknight
|-immune|p1a: Corviknight
|
|-heal|p1a: Corviknight|94/100|[from] item: Leftovers
|upkeep
|turn|26
|
|t:|1610763433
|move|p1a: Corviknight|Defog|p2a: Ferrothorn
|-unboost|p2a: Ferrothorn|evasion|1
|-sideend|p1: Ducky5148|Stealth Rock|[from] move: Defog|[of] p1a: Corviknight
|move|p2a: Ferrothorn|Knock Off|p1a: Corviknight
|-damage|p1a: Corviknight|79/100
|-enditem|p1a: Corviknight|Leftovers|[from] move: Knock Off|[of] p2a: Ferrothorn
|
|upkeep
|turn|27
|
|t:|1610763446
|move|p1a: Corviknight|Brave Bird|p2a: Ferrothorn
|-damage|p2a: Ferrothorn|76/100
|-damage|p1a: Corviknight|66/100|[from] ability: Iron Barbs|[of] p2a: Ferrothorn
|-damage|p1a: Corviknight|59/100|[from] Recoil
|move|p2a: Ferrothorn|Stealth Rock|p1a: Corviknight
|-sidestart|p1: Ducky5148|move: Stealth Rock
|
|-heal|p2a: Ferrothorn|82/100|[from] item: Leftovers
|upkeep
|turn|28
|
|t:|1610763459
|switch|p2a: Obstagoon|Obstagoon, F|94/100 brn
|move|p1a: Corviknight|Defog|p2a: Obstagoon
|-unboost|p2a: Obstagoon|evasion|1
|-sideend|p1: Ducky5148|Stealth Rock|[from] move: Defog|[of] p1a: Corviknight
|
|-damage|p2a: Obstagoon|88/100 brn|[from] brn
|upkeep
|turn|29
|
|t:|1610763479
|move|p2a: Obstagoon|Switcheroo|p1a: Corviknight
|-activate|p2a: Obstagoon|move: Trick|[of] p1a: Corviknight
|-item|p1a: Corviknight|Flame Orb|[from] move: Switcheroo
|-enditem|p2a: Obstagoon|Flame Orb|[silent]|[from] move: Switcheroo
|move|p1a: Corviknight|Roost|p1a: Corviknight
|-heal|p1a: Corviknight|100/100
|-singleturn|p1a: Corviknight|move: Roost
|
|-damage|p2a: Obstagoon|82/100 brn|[from] brn
|-status|p1a: Corviknight|brn|[from] item: Flame Orb
|upkeep
|turn|30
|
|t:|1610763491
|switch|p2a: Slowbro|Slowbro, F|100/100 tox
|switch|p1a: Tapu Koko|Tapu Koko|1/100
|-fieldstart|move: Electric Terrain|[from] ability: Electric Surge|[of] p1a: Tapu Koko
|
|-damage|p2a: Slowbro|94/100 tox|[from] psn
|upkeep
|turn|31
|
|t:|1610763500
|switch|p2a: Ferrothorn|Ferrothorn, F|82/100
|move|p1a: Tapu Koko|Thunderbolt|p2a: Ferrothorn
|-resisted|p2a: Ferrothorn
|-damage|p2a: Ferrothorn|66/100
|
|-heal|p2a: Ferrothorn|73/100|[from] item: Leftovers
|upkeep
|turn|32
|
|t:|1610763518
|switch|p1a: Corviknight|Corviknight, M, shiny|100/100 brn
|-ability|p1a: Corviknight|Pressure
|move|p2a: Ferrothorn|Stealth Rock|p1a: Corviknight
|-sidestart|p1: Ducky5148|move: Stealth Rock
|
|-heal|p2a: Ferrothorn|79/100|[from] item: Leftovers
|-damage|p1a: Corviknight|94/100 brn|[from] brn
|upkeep
|turn|33
|
|t:|1610763531
|switch|p1a: Gastrodon|Gastrodon-East, M|100/100
|-damage|p1a: Gastrodon|94/100|[from] Stealth Rock
|switch|p2a: Spectrier|Spectrier|13/100
|
|-heal|p2a: Spectrier|19/100|[from] item: Leftovers
|-heal|p1a: Gastrodon|100/100|[from] item: Leftovers
|upkeep
|turn|34
|
|t:|1610763550
|switch|p2a: Ferrothorn|Ferrothorn, F|79/100
|move|p1a: Gastrodon|Curse|p1a: Gastrodon
|-unboost|p1a: Gastrodon|spe|1
|-boost|p1a: Gastrodon|atk|1
|-boost|p1a: Gastrodon|def|1
|
|-heal|p2a: Ferrothorn|85/100|[from] item: Leftovers
|-fieldend|move: Electric Terrain
|upkeep
|turn|35
|
|t:|1610763560
|move|p1a: Gastrodon|Curse|p1a: Gastrodon
|-unboost|p1a: Gastrodon|spe|1
|-boost|p1a: Gastrodon|atk|1
|-boost|p1a: Gastrodon|def|1
|move|p2a: Ferrothorn|Toxic|p1a: Gastrodon
|-status|p1a: Gastrodon|tox
|
|-heal|p2a: Ferrothorn|91/100|[from] item: Leftovers
|-damage|p1a: Gastrodon|94/100 tox|[from] psn
|upkeep
|turn|36
|
|t:|1610763571
|move|p1a: Gastrodon|Earthquake|p2a: Ferrothorn
|-damage|p2a: Ferrothorn|45/100
|move|p2a: Ferrothorn|Knock Off|p1a: Gastrodon
|-damage|p1a: Gastrodon|84/100 tox
|-enditem|p1a: Gastrodon|Leftovers|[from] move: Knock Off|[of] p2a: Ferrothorn
|
|-heal|p2a: Ferrothorn|52/100|[from] item: Leftovers
|-damage|p1a: Gastrodon|72/100 tox|[from] psn
|upkeep
|turn|37
|
|t:|1610763584
|switch|p2a: Slowbro|Slowbro, F|100/100 tox
|move|p1a: Gastrodon|Earthquake|p2a: Slowbro
|-crit|p2a: Slowbro
|-damage|p2a: Slowbro|46/100 tox
|
|-damage|p2a: Slowbro|40/100 tox|[from] psn
|-damage|p1a: Gastrodon|53/100 tox|[from] psn
|upkeep
|turn|38
|
|t:|1610763593
|switch|p2a: Ferrothorn|Ferrothorn, F|52/100
|switch|p1a: Corviknight|Corviknight, M, shiny|94/100 brn
|-damage|p1a: Corviknight|82/100 brn|[from] Stealth Rock
|-ability|p1a: Corviknight|Pressure
|
|-heal|p2a: Ferrothorn|58/100|[from] item: Leftovers
|-damage|p1a: Corviknight|75/100 brn|[from] brn
|upkeep
|turn|39
|
|t:|1610763605
|switch|p2a: Obstagoon|Obstagoon, F|82/100 brn
|move|p1a: Corviknight|Brave Bird|p2a: Obstagoon
|-damage|p2a: Obstagoon|62/100 brn
|-damage|p1a: Corviknight|70/100 brn|[from] Recoil
|
|-damage|p2a: Obstagoon|56/100 brn|[from] brn
|-damage|p1a: Corviknight|64/100 brn|[from] brn
|upkeep
|turn|40
|
|t:|1610763615
|move|p2a: Obstagoon|Knock Off|p1a: Corviknight
|-damage|p1a: Corviknight|9/100 brn
|-enditem|p1a: Corviknight|Flame Orb|[from] move: Knock Off|[of] p2a: Obstagoon
|move|p1a: Corviknight|Defog|p2a: Obstagoon
|-unboost|p2a: Obstagoon|evasion|1
|-sideend|p1: Ducky5148|Stealth Rock|[from] move: Defog|[of] p1a: Corviknight
|
|-damage|p2a: Obstagoon|49/100 brn|[from] brn
|-damage|p1a: Corviknight|3/100 brn|[from] brn
|upkeep
|turn|41
|
|t:|1610763630
|move|p2a: Obstagoon|Facade|p1a: Corviknight
|-resisted|p1a: Corviknight
|-damage|p1a: Corviknight|0 fnt
|faint|p1a: Corviknight
|
|-damage|p2a: Obstagoon|43/100 brn|[from] brn
|upkeep
|
|t:|1610763641
|switch|p1a: Tapu Koko|Tapu Koko|1/100
|-fieldstart|move: Electric Terrain|[from] ability: Electric Surge|[of] p1a: Tapu Koko
|turn|42
|
|t:|1610763647
|switch|p2a: Ferrothorn|Ferrothorn, F|58/100
|move|p1a: Tapu Koko|Thunderbolt|p2a: Ferrothorn
|-resisted|p2a: Ferrothorn
|-damage|p2a: Ferrothorn|41/100
|
|-heal|p2a: Ferrothorn|47/100|[from] item: Leftovers
|upkeep
|turn|43
|
|t:|1610763655
|move|p1a: Tapu Koko|Thunderbolt|p2a: Ferrothorn
|-resisted|p2a: Ferrothorn
|-damage|p2a: Ferrothorn|30/100
|move|p2a: Ferrothorn|Stealth Rock|p1a: Tapu Koko
|-sidestart|p1: Ducky5148|move: Stealth Rock
|
|-heal|p2a: Ferrothorn|37/100|[from] item: Leftovers
|upkeep
|turn|44
|
|t:|1610763665
|move|p1a: Tapu Koko|Roost|p1a: Tapu Koko
|-heal|p1a: Tapu Koko|51/100
|-singleturn|p1a: Tapu Koko|move: Roost
|move|p2a: Ferrothorn|Gyro Ball|p1a: Tapu Koko
|-damage|p1a: Tapu Koko|0 fnt
|faint|p1a: Tapu Koko
|
|-heal|p2a: Ferrothorn|43/100|[from] item: Leftovers
|upkeep
|
|t:|1610763674
|switch|p1a: Gastrodon|Gastrodon-East, M|53/100 tox
|-damage|p1a: Gastrodon|47/100 tox|[from] Stealth Rock
|turn|45
|
|t:|1610763682
|move|p1a: Gastrodon|Recover|p1a: Gastrodon
|-heal|p1a: Gastrodon|97/100 tox
|move|p2a: Ferrothorn|Knock Off|p1a: Gastrodon
|-damage|p1a: Gastrodon|82/100 tox
|
|-heal|p2a: Ferrothorn|49/100|[from] item: Leftovers
|-damage|p1a: Gastrodon|76/100 tox|[from] psn
|upkeep
|turn|46
|
|t:|1610763691
|switch|p2a: Spectrier|Spectrier|19/100
|move|p1a: Gastrodon|Curse|p1a: Gastrodon
|-unboost|p1a: Gastrodon|spe|1
|-boost|p1a: Gastrodon|atk|1
|-boost|p1a: Gastrodon|def|1
|
|-heal|p2a: Spectrier|25/100|[from] item: Leftovers
|-damage|p1a: Gastrodon|64/100 tox|[from] psn
|-fieldend|move: Electric Terrain
|upkeep
|turn|47
|c|☆Ducky5148|Gg
|c|☆GuardArc|gg
|
|t:|1610763720
|move|p2a: Spectrier|Hex|p1a: Gastrodon
|-damage|p1a: Gastrodon|18/100 tox
|move|p1a: Gastrodon|Earthquake|p2a: Spectrier
|-damage|p2a: Spectrier|0 fnt
|faint|p2a: Spectrier
|
|-damage|p1a: Gastrodon|0 fnt|[from] psn
|faint|p1a: Gastrodon
|
|win|GuardArc
|upkeep
