|html|<div class="broadcast-blue"><strong>[Gen 8] OU is currently suspecting Melmetal! For information on how to participate check out the <a href="https://www.smogon.com/forums/threads/np-ss-ou-suspect-process-round-12-monster-mash.3709234/">suspect thread</a>.</strong></div>
|j|☆Highv0ltag3
|j|‽minimax_ai
|t:|1665701288
|gametype|singles
|player|p1|Highv0ltag3|volo|1731
|player|p2|minimax_ai|101|1660
|teamsize|p1|6
|teamsize|p2|6
|gen|8
|tier|[Gen 8] OU
|rated|
|rule|Sleep Clause Mod: Limit one foe put to sleep
|rule|Species Clause: Limit one of each Pokémon
|rule|OHKO Clause: OHKO moves are banned
|rule|Evasion Items Clause: Evasion items are banned
|rule|Evasion Moves Clause: Evasion moves are banned
|rule|Endless Battle Clause: Forcing endless battles is banned
|rule|HP Percentage Mod: HP is shown in percentages
|rule|Dynamax Clause: You cannot dynamax
|clearpoke
|poke|p1|Tornadus-Therian, M|
|poke|p1|Chansey, F|
|poke|p1|Hippowdon, F|
|poke|p1|Corviknight, M|
|poke|p1|Toxapex, F|
|poke|p1|Clefable, M|
|poke|p2|Rotom-Wash|
|poke|p2|Weavile, F|
|poke|p2|Landorus-Therian, M|
|poke|p2|Heatran, M|
|poke|p2|Tangrowth, M|
|poke|p2|Melmetal|
|teampreview
|inactive|Battle timer is ON: inactive players will automatically lose when time's up. (requested by minimax_ai)
|
|t:|1665701295
|start
|switch|p1a: Tornadus|Tornadus-Therian, M|100/100
|switch|p2a: Melmetal|Melmetal|100/100
|turn|1
|
|t:|1665701298
|move|p1a: Tornadus|Knock Off|p2a: Melmetal
|-damage|p2a: Melmetal|89/100
|-enditem|p2a: Melmetal|Assault Vest|[from] move: Knock Off|[of] p1a: Tornadus
|move|p2a: Melmetal|Thunder Punch|p1a: Tornadus
|-supereffective|p1a: Tornadus
|-damage|p1a: Tornadus|30/100
|
|upkeep
|turn|2
|
|t:|1665701309
|switch|p1a: Corviknight|Corviknight, M|100/100
|-ability|p1a: Corviknight|Pressure
|move|p2a: Melmetal|Thunder Punch|p1a: Corviknight
|-supereffective|p1a: Corviknight
|-damage|p1a: Corviknight|54/100
|
|upkeep
|turn|3
|
|t:|1665701312
|move|p1a: Corviknight|Roost|p1a: Corviknight
|-heal|p1a: Corviknight|100/100
|-singleturn|p1a: Corviknight|move: Roost
|move|p2a: Melmetal|Thunder Punch|p1a: Corviknight
|-crit|p1a: Corviknight
|-damage|p1a: Corviknight|67/100
|
|upkeep
|turn|4
|
|t:|1665701315
|move|p1a: Corviknight|Iron Defense|p1a: Corviknight
|-boost|p1a: Corviknight|def|2
|move|p2a: Melmetal|Thunder Punch|p1a: Corviknight
|-supereffective|p1a: Corviknight
|-damage|p1a: Corviknight|44/100
|
|upkeep
|turn|5
|
|t:|1665701316
|switch|p2a: Rotom|Rotom-Wash|100/100
|move|p1a: Corviknight|Roost|p1a: Corviknight
|-heal|p1a: Corviknight|94/100
|-singleturn|p1a: Corviknight|move: Roost
|
|upkeep
|turn|6
|
|t:|1665701324
|switch|p1a: Chansey|Chansey, F|100/100
|move|p2a: Rotom|Nasty Plot|p2a: Rotom
|-boost|p2a: Rotom|spa|2
|
|upkeep
|turn|7
|
|t:|1665701331
|move|p2a: Rotom|Pain Split|p1a: Chansey
|-sethp|p1a: Chansey|72/100|[from] move: Pain Split|[silent]
|-sethp|p2a: Rotom|100/100|[from] move: Pain Split
|move|p1a: Chansey|Seismic Toss|p2a: Rotom
|-damage|p2a: Rotom|68/100
|
|-heal|p2a: Rotom|74/100|[from] item: Leftovers
|upkeep
|turn|8
|
|t:|1665701334
|switch|p1a: Clefable|Clefable, M|100/100
|move|p2a: Rotom|Pain Split|p1a: Clefable
|-sethp|p1a: Clefable|79/100|[from] move: Pain Split|[silent]
|-sethp|p2a: Rotom|100/100|[from] move: Pain Split
|
|upkeep
|turn|9
|
|t:|1665701339
|move|p2a: Rotom|Thunderbolt|p1a: Clefable
|-damage|p1a: Clefable|48/100
|-status|p1a: Clefable|par
|move|p1a: Clefable|Soft-Boiled|p1a: Clefable
|-heal|p1a: Clefable|98/100 par
|
|upkeep
|turn|10
|
|t:|1665701343
|switch|p1a: Chansey|Chansey, F|72/100
|move|p2a: Rotom|Nasty Plot|p2a: Rotom
|-boost|p2a: Rotom|spa|2
|
|upkeep
|turn|11
|
|t:|1665701346
|move|p2a: Rotom|Thunderbolt|p1a: Chansey
|-damage|p1a: Chansey|40/100
|-status|p1a: Chansey|par
|move|p1a: Chansey|Heal Bell|p1a: Chansey
|-activate|p1a: Chansey|move: Heal Bell
|-curestatus|p1a: Chansey|par|[msg]
|-curestatus|p1: Clefable|par|[msg]
|
|upkeep
|turn|12
|
|t:|1665701351
|move|p2a: Rotom|Thunderbolt|p1a: Chansey
|-damage|p1a: Chansey|8/100
|move|p1a: Chansey|Soft-Boiled|p1a: Chansey
|-heal|p1a: Chansey|58/100
|
|upkeep
|turn|13
|
|t:|1665701353
|move|p2a: Rotom|Thunderbolt|p1a: Chansey
|-damage|p1a: Chansey|22/100
|-status|p1a: Chansey|par
|cant|p1a: Chansey|par
|
|upkeep
|turn|14
|
|t:|1665701360
|-curestatus|p1a: Chansey|par|[from] ability: Natural Cure
|switch|p1a: Hippowdon|Hippowdon, F|100/100
|-weather|Sandstorm|[from] ability: Sand Stream|[of] p1a: Hippowdon
|move|p2a: Rotom|Hydro Pump|p1a: Hippowdon
|-supereffective|p1a: Hippowdon
|-damage|p1a: Hippowdon|0 fnt
|faint|p1a: Hippowdon
|
|-weather|Sandstorm|[upkeep]
|-damage|p2a: Rotom|94/100|[from] Sandstorm
|-heal|p2a: Rotom|100/100|[from] item: Leftovers
|upkeep
|
|t:|1665701364
|switch|p1a: Clefable|Clefable, M|98/100
|turn|15
|
|t:|1665701367
|move|p2a: Rotom|Thunderbolt|p1a: Clefable
|-damage|p1a: Clefable|63/100
|move|p1a: Clefable|Calm Mind|p1a: Clefable
|-boost|p1a: Clefable|spa|1
|-boost|p1a: Clefable|spd|1
|
|-weather|Sandstorm|[upkeep]
|-damage|p2a: Rotom|94/100|[from] Sandstorm
|-damage|p1a: Clefable|57/100|[from] Sandstorm
|-heal|p2a: Rotom|100/100|[from] item: Leftovers
|upkeep
|turn|16
|
|t:|1665701372
|move|p2a: Rotom|Thunderbolt|p1a: Clefable
|-damage|p1a: Clefable|36/100
|-status|p1a: Clefable|par
|cant|p1a: Clefable|par
|
|-weather|Sandstorm|[upkeep]
|-damage|p2a: Rotom|94/100|[from] Sandstorm
|-damage|p1a: Clefable|29/100 par|[from] Sandstorm
|-heal|p2a: Rotom|100/100|[from] item: Leftovers
|upkeep
|turn|17
|
|t:|1665701374
|move|p2a: Rotom|Thunderbolt|p1a: Clefable
|-damage|p1a: Clefable|7/100 par
|cant|p1a: Clefable|par
|
|-weather|Sandstorm|[upkeep]
|-damage|p2a: Rotom|94/100|[from] Sandstorm
|-damage|p1a: Clefable|0 fnt|[from] Sandstorm
|faint|p1a: Clefable
|-heal|p2a: Rotom|100/100|[from] item: Leftovers
|upkeep
|j| Jongruenwald
|-message|Highv0ltag3 forfeited.
|
|win|minimax_ai
|raw|Highv0ltag3's rating: 1731 &rarr; <strong>1707</strong><br />(-24 for losing)
|raw|minimax_ai's rating: 1660 &rarr; <strong>1684</strong><br />(+24 for winning)
|l|☆Highv0ltag3
