|j|☆Spectre Ace
|j|☆Chipstofer skylark
|t:|1664564160
|gametype|singles
|player|p1|Spectre Ace|juggler|1715
|player|p2|Chipstofer skylark|byron|1706
|teamsize|p1|6
|teamsize|p2|6
|gen|8
|tier|[Gen 8] OU
|rated|
|rule|Sleep Clause Mod: Limit one foe put to sleep
|rule|Species Clause: Limit one of each Pokémon
|rule|OHKO Clause: OHKO moves are banned
|rule|Evasion Items Clause: Evasion items are banned
|rule|Evasion Moves Clause: Evasion moves are banned
|rule|Endless Battle Clause: Forcing endless battles is banned
|rule|HP Percentage Mod: HP is shown in percentages
|rule|Dynamax Clause: You cannot dynamax
|clearpoke
|poke|p1|Landorus-Therian, M|
|poke|p1|Ferrothorn, M|
|poke|p1|Volcanion|
|poke|p1|Raichu-Alola, F|
|poke|p1|Tapu Koko|
|poke|p1|Clefable, M|
|poke|p2|Ferrothorn, F|
|poke|p2|Heatran, M|
|poke|p2|Dragonite, F|
|poke|p2|Zapdos|
|poke|p2|Garchomp, F|
|poke|p2|Swampert, F|
|teampreview
|
|t:|1664564168
|start
|switch|p1a: Booker|Tapu Koko|100/100
|switch|p2a: Dragonite|Dragonite, F|100/100
|-fieldstart|move: Electric Terrain|[from] ability: Electric Surge|[of] p1a: Booker
|turn|1
|
|t:|1664564170
|move|p1a: Booker|U-turn|p2a: Dragonite
|-resisted|p2a: Dragonite
|-damage|p2a: Dragonite|97/100
|j| tyguy98
|
|t:|1664564172
|switch|p1a: Clefable|Clefable, M|100/100|[from]move: U-turn
|move|p2a: Dragonite|Ice Beam|p1a: Clefable
|-damage|p1a: Clefable|78/100
|
|upkeep
|turn|2
|
|t:|1664564175
|switch|p2a: Ferrothorn|Ferrothorn, F|100/100
|move|p1a: Clefable|Stealth Rock|p2a: Ferrothorn
|-sidestart|p2: Chipstofer skylark|move: Stealth Rock
|
|upkeep
|turn|3
|
|t:|1664564182
|switch|p1a: Sundowner|Ferrothorn, M, shiny|100/100
|move|p2a: Ferrothorn|Stealth Rock|p1a: Sundowner
|-sidestart|p1: Spectre Ace|move: Stealth Rock
|
|upkeep
|turn|4
|
|t:|1664564184
|move|p2a: Ferrothorn|Spikes|p1a: Sundowner
|-sidestart|p1: Spectre Ace|Spikes
|move|p1a: Sundowner|Spikes|p2a: Ferrothorn
|-sidestart|p2: Chipstofer skylark|Spikes
|
|upkeep
|turn|5
|
|t:|1664564186
|move|p2a: Ferrothorn|Spikes|p1a: Sundowner
|-sidestart|p1: Spectre Ace|Spikes
|move|p1a: Sundowner|Spikes|p2a: Ferrothorn
|-sidestart|p2: Chipstofer skylark|Spikes
|
|upkeep
|turn|6
|
|t:|1664564188
|move|p2a: Ferrothorn|Spikes|p1a: Sundowner
|-sidestart|p1: Spectre Ace|Spikes
|move|p1a: Sundowner|Spikes|p2a: Ferrothorn
|-sidestart|p2: Chipstofer skylark|Spikes
|
|upkeep
|turn|7
|
|t:|1664564190
|switch|p2a: Dragonite|Dragonite, F|97/100
|move|p1a: Sundowner|Knock Off|p2a: Dragonite
|-damage|p2a: Dragonite|76/100
|-enditem|p2a: Dragonite|Heavy-Duty Boots|[from] move: Knock Off|[of] p1a: Sundowner
|
|upkeep
|turn|8
|
|t:|1664564195
|switch|p1a: Clefable|Clefable, M|78/100
|move|p2a: Dragonite|Roost|p2a: Dragonite
|-heal|p2a: Dragonite|100/100
|-singleturn|p2a: Dragonite|move: Roost
|
|-fieldend|move: Electric Terrain
|upkeep
|turn|9
|j| Goldenberries
|
|t:|1664564201
|switch|p1a: Engine|Volcanion|100/100
|move|p2a: Dragonite|Ice Beam|p1a: Engine
|-resisted|p1a: Engine
|-damage|p1a: Engine|92/100
|
|upkeep
|turn|10
|
|t:|1664564205
|switch|p1a: Clefable|Clefable, M|78/100
|move|p2a: Dragonite|Thunderbolt|p1a: Clefable
|-damage|p1a: Clefable|54/100
|-status|p1a: Clefable|par
|
|upkeep
|turn|11
|
|t:|1664564207
|move|p2a: Dragonite|Thunderbolt|p1a: Clefable
|-damage|p1a: Clefable|29/100 par
|move|p1a: Clefable|Soft-Boiled|p1a: Clefable
|-heal|p1a: Clefable|79/100 par
|
|upkeep
|turn|12
|
|t:|1664564211
|move|p2a: Dragonite|Thunderbolt|p1a: Clefable
|-damage|p1a: Clefable|55/100 par
|move|p1a: Clefable|Soft-Boiled|p1a: Clefable
|-heal|p1a: Clefable|100/100 par
|
|upkeep
|turn|13
|
|t:|1664564213
|move|p2a: Dragonite|Thunderbolt|p1a: Clefable
|-damage|p1a: Clefable|78/100 par
|move|p1a: Clefable|Moonblast|p2a: Dragonite
|-supereffective|p2a: Dragonite
|-damage|p2a: Dragonite|70/100
|
|upkeep
|turn|14
|
|t:|1664564220
|switch|p2a: Swampert|Swampert, F|100/100
|-damage|p2a: Swampert|94/100|[from] Stealth Rock
|-damage|p2a: Swampert|69/100|[from] Spikes
|move|p1a: Clefable|Moonblast|p2a: Swampert
|-damage|p2a: Swampert|41/100
|
|-heal|p2a: Swampert|47/100|[from] item: Leftovers
|upkeep
|turn|15
|
|t:|1664564224
|switch|p1a: Sundowner|Ferrothorn, M, shiny|100/100
|-damage|p1a: Sundowner|94/100|[from] Stealth Rock
|-damage|p1a: Sundowner|69/100|[from] Spikes
|move|p2a: Swampert|Waterfall|p1a: Sundowner
|-resisted|p1a: Sundowner
|-damage|p1a: Sundowner|55/100
|-damage|p2a: Swampert|35/100|[from] ability: Iron Barbs|[of] p1a: Sundowner
|
|-heal|p2a: Swampert|41/100|[from] item: Leftovers
|-heal|p1a: Sundowner|61/100|[from] item: Leftovers
|upkeep
|turn|16
|
|t:|1664564227
|move|p2a: Swampert|Earthquake|p1a: Sundowner
|-damage|p1a: Sundowner|22/100
|move|p1a: Sundowner|Leech Seed|p2a: Swampert
|-start|p2a: Swampert|move: Leech Seed
|
|-heal|p2a: Swampert|47/100|[from] item: Leftovers
|-heal|p1a: Sundowner|29/100|[from] item: Leftovers
|-damage|p2a: Swampert|35/100|[from] Leech Seed|[of] p1a: Sundowner
|-heal|p1a: Sundowner|43/100|[silent]
|upkeep
|turn|17
|j| bfghbufjrh
|
|t:|1664564235
|move|p2a: Swampert|Earthquake|p1a: Sundowner
|-damage|p1a: Sundowner|5/100
|move|p1a: Sundowner|Knock Off|p2a: Swampert
|-damage|p2a: Swampert|15/100
|-enditem|p2a: Swampert|Leftovers|[from] move: Knock Off|[of] p1a: Sundowner
|
|-heal|p1a: Sundowner|11/100|[from] item: Leftovers
|-damage|p2a: Swampert|3/100|[from] Leech Seed|[of] p1a: Sundowner
|-heal|p1a: Sundowner|25/100|[silent]
|upkeep
|turn|18
|j| Rookie55
|
|t:|1664564240
|move|p2a: Swampert|Waterfall|p1a: Sundowner
|-resisted|p1a: Sundowner
|-damage|p1a: Sundowner|2/100
|-damage|p2a: Swampert|0 fnt|[from] ability: Iron Barbs|[of] p1a: Sundowner
|faint|p2a: Swampert
|cant|p1a: Sundowner|flinch
|
|-heal|p1a: Sundowner|9/100|[from] item: Leftovers
|upkeep
|
|t:|1664564243
|switch|p2a: Dragonite|Dragonite, F|70/100
|-damage|p2a: Dragonite|45/100|[from] Stealth Rock
|turn|19
|
|t:|1664564247
|switch|p1a: Clefable|Clefable, M|78/100 par
|move|p2a: Dragonite|Roost|p2a: Dragonite
|-heal|p2a: Dragonite|95/100
|-singleturn|p2a: Dragonite|move: Roost
|
|upkeep
|turn|20
|
|t:|1664564253
|move|p2a: Dragonite|Ice Beam|p1a: Clefable
|-damage|p1a: Clefable|55/100 par
|cant|p1a: Clefable|par
|
|upkeep
|turn|21
|
|t:|1664564257
|move|p2a: Dragonite|Ice Beam|p1a: Clefable
|-damage|p1a: Clefable|32/100 par
|cant|p1a: Clefable|par
|
|upkeep
|turn|22
|
|t:|1664564259
|move|p2a: Dragonite|Roost|p2a: Dragonite
|-heal|p2a: Dragonite|100/100
|-singleturn|p2a: Dragonite|move: Roost
|move|p1a: Clefable|Soft-Boiled|p1a: Clefable
|-heal|p1a: Clefable|82/100 par
|
|upkeep
|turn|23
|
|t:|1664564261
|move|p2a: Dragonite|Ice Beam|p1a: Clefable
|-damage|p1a: Clefable|60/100 par
|move|p1a: Clefable|Moonblast|p2a: Dragonite
|-supereffective|p2a: Dragonite
|-damage|p2a: Dragonite|74/100
|-unboost|p2a: Dragonite|spa|1
|
|upkeep
|turn|24
|
|t:|1664564264
|switch|p2a: Heatran|Heatran, M|100/100
|-damage|p2a: Heatran|88/100|[from] Stealth Rock
|-damage|p2a: Heatran|63/100|[from] Spikes
|move|p1a: Clefable|Soft-Boiled|p1a: Clefable
|-heal|p1a: Clefable|100/100 par
|
|upkeep
|turn|25
|
|t:|1664564267
|switch|p1a: Sundowner|Ferrothorn, M, shiny|9/100
|-damage|p1a: Sundowner|2/100|[from] Stealth Rock
|-damage|p1a: Sundowner|0 fnt|[from] Spikes
|faint|p1a: Sundowner
|move|p2a: Heatran|Flash Cannon|p1: Sundowner|[notarget]
|-fail|p2a: Heatran
|
|upkeep
|
|t:|1664564269
|switch|p1a: Engine|Volcanion|92/100
|turn|26
|j| glutexos
|
|t:|1664564272
|move|p2a: Heatran|Earth Power|p1a: Engine
|-supereffective|p1a: Engine
|-damage|p1a: Engine|19/100
|move|p1a: Engine|Steam Eruption|p2a: Heatran
|-supereffective|p2a: Heatran
|-damage|p2a: Heatran|0 fnt
|faint|p2a: Heatran
|
|upkeep
|
|t:|1664564281
|switch|p2a: Dragonite|Dragonite, F|74/100
|-damage|p2a: Dragonite|49/100|[from] Stealth Rock
|turn|27
|
|t:|1664564285
|switch|p1a: Clefable|Clefable, M|100/100 par
|move|p2a: Dragonite|Roost|p2a: Dragonite
|-heal|p2a: Dragonite|99/100
|-singleturn|p2a: Dragonite|move: Roost
|
|upkeep
|turn|28
|
|t:|1664564288
|move|p2a: Dragonite|Ice Beam|p1a: Clefable
|-crit|p1a: Clefable
|-damage|p1a: Clefable|68/100 par
|cant|p1a: Clefable|par
|
|upkeep
|turn|29
|
|t:|1664564293
|move|p2a: Dragonite|Ice Beam|p1a: Clefable
|-damage|p1a: Clefable|45/100 par
|move|p1a: Clefable|Soft-Boiled|p1a: Clefable
|-heal|p1a: Clefable|95/100 par
|
|upkeep
|turn|30
|
|t:|1664564295
|move|p2a: Dragonite|Ice Beam|p1a: Clefable
|-damage|p1a: Clefable|72/100 par
|cant|p1a: Clefable|par
|
|upkeep
|turn|31
|
|t:|1664564297
|move|p2a: Dragonite|Ice Beam|p1a: Clefable
|-damage|p1a: Clefable|51/100 par
|cant|p1a: Clefable|par
|
|upkeep
|turn|32
|
|t:|1664564299
|move|p2a: Dragonite|Ice Beam|p1a: Clefable
|-damage|p1a: Clefable|28/100 par
|cant|p1a: Clefable|par
|
|upkeep
|turn|33
|
|t:|1664564303
|move|p2a: Dragonite|Ice Beam|p1a: Clefable
|-damage|p1a: Clefable|3/100 par
|move|p1a: Clefable|Soft-Boiled|p1a: Clefable
|-heal|p1a: Clefable|53/100 par
|
|upkeep
|turn|34
|
|t:|1664564308
|move|p2a: Dragonite|Ice Beam|p1a: Clefable
|-damage|p1a: Clefable|29/100 par
|move|p1a: Clefable|Soft-Boiled|p1a: Clefable
|-heal|p1a: Clefable|79/100 par
|
|upkeep
|turn|35
|
|t:|1664564309
|move|p2a: Dragonite|Ice Beam|p1a: Clefable
|-damage|p1a: Clefable|57/100 par
|move|p1a: Clefable|Soft-Boiled|p1a: Clefable
|-heal|p1a: Clefable|100/100 par
|
|upkeep
|turn|36
|
|t:|1664564312
|move|p2a: Dragonite|Ice Beam|p1a: Clefable
|-damage|p1a: Clefable|78/100 par
|cant|p1a: Clefable|par
|
|upkeep
|turn|37
|
|t:|1664564316
|move|p2a: Dragonite|Ice Beam|p1a: Clefable
|-damage|p1a: Clefable|55/100 par
|move|p1a: Clefable|Moonblast|p2a: Dragonite
|-supereffective|p2a: Dragonite
|-damage|p2a: Dragonite|46/100
|-unboost|p2a: Dragonite|spa|1
|
|upkeep
|turn|38
|
|t:|1664564322
|move|p2a: Dragonite|Roost|p2a: Dragonite
|-heal|p2a: Dragonite|96/100
|-singleturn|p2a: Dragonite|move: Roost
|move|p1a: Clefable|Soft-Boiled|p1a: Clefable
|-heal|p1a: Clefable|100/100 par
|
|upkeep
|turn|39
|
|t:|1664564326
|switch|p2a: Zapdos|Zapdos|100/100
|-damage|p2a: Zapdos|76/100|[from] Stealth Rock
|move|p1a: Clefable|Moonblast|p2a: Zapdos
|-damage|p2a: Zapdos|37/100
|
|upkeep
|turn|40
|
|t:|1664564337
|switch|p1a: Engine|Volcanion|19/100
|move|p2a: Zapdos|Thunderbolt|p1a: Engine
|-supereffective|p1a: Engine
|-damage|p1a: Engine|0 fnt
|faint|p1a: Engine
|
|upkeep
|
|t:|1664564339
|switch|p1a: Booker|Tapu Koko|100/100
|-damage|p1a: Booker|88/100|[from] Stealth Rock
|-damage|p1a: Booker|63/100|[from] Spikes
|-fieldstart|move: Electric Terrain|[from] ability: Electric Surge|[of] p1a: Booker
|turn|41
|
|t:|1664564341
|move|p1a: Booker|Dazzling Gleam|p2a: Zapdos
|-damage|p2a: Zapdos|2/100
|move|p2a: Zapdos|Thunderbolt|p1a: Booker
|-resisted|p1a: Booker
|-damage|p1a: Booker|9/100
|
|upkeep
|turn|42
|
|t:|1664564343
|move|p1a: Booker|Thunderbolt|p2a: Zapdos
|-damage|p2a: Zapdos|0 fnt
|faint|p2a: Zapdos
|
|upkeep
|
|t:|1664564345
|switch|p2a: Ferrothorn|Ferrothorn, F|100/100
|-damage|p2a: Ferrothorn|94/100|[from] Stealth Rock
|-damage|p2a: Ferrothorn|69/100|[from] Spikes
|turn|43
|
|t:|1664564349
|switch|p1a: Amadeus|Landorus-Therian, M|100/100
|-damage|p1a: Amadeus|88/100|[from] Stealth Rock
|-ability|p1a: Amadeus|Intimidate|boost
|-unboost|p2a: Ferrothorn|atk|1
|move|p2a: Ferrothorn|Leech Seed|p1a: Amadeus
|-start|p1a: Amadeus|move: Leech Seed
|
|-heal|p1a: Amadeus|94/100|[from] item: Leftovers
|-heal|p2a: Ferrothorn|75/100|[from] item: Leftovers
|-damage|p1a: Amadeus|82/100|[from] Leech Seed|[of] p2a: Ferrothorn
|-heal|p2a: Ferrothorn|89/100|[silent]
|upkeep
|turn|44
|
|t:|1664564351
|move|p1a: Amadeus|Earthquake|p2a: Ferrothorn
|-damage|p2a: Ferrothorn|62/100
|move|p2a: Ferrothorn|Toxic|p1a: Amadeus
|-status|p1a: Amadeus|tox
|
|-heal|p1a: Amadeus|88/100 tox|[from] item: Leftovers
|-heal|p2a: Ferrothorn|68/100|[from] item: Leftovers
|-damage|p1a: Amadeus|76/100 tox|[from] Leech Seed|[of] p2a: Ferrothorn
|-heal|p2a: Ferrothorn|81/100|[silent]
|-damage|p1a: Amadeus|70/100 tox|[from] psn
|upkeep
|turn|45
|
|t:|1664564355
|move|p1a: Amadeus|Defog|p2a: Ferrothorn
|-unboost|p2a: Ferrothorn|evasion|1
|-sideend|p2: Chipstofer skylark|Spikes|[from] move: Defog|[of] p1a: Amadeus
|-sideend|p2: Chipstofer skylark|Stealth Rock|[from] move: Defog|[of] p1a: Amadeus
|-sideend|p1: Spectre Ace|Spikes|[from] move: Defog|[of] p1a: Amadeus
|-sideend|p1: Spectre Ace|Stealth Rock|[from] move: Defog|[of] p1a: Amadeus
|-fieldend|move: Electric Terrain
|move|p2a: Ferrothorn|Spikes|p1a: Amadeus
|-sidestart|p1: Spectre Ace|Spikes
|
|-heal|p1a: Amadeus|76/100 tox|[from] item: Leftovers
|-heal|p2a: Ferrothorn|87/100|[from] item: Leftovers
|-damage|p1a: Amadeus|63/100 tox|[from] Leech Seed|[of] p2a: Ferrothorn
|-heal|p2a: Ferrothorn|100/100|[silent]
|-damage|p1a: Amadeus|51/100 tox|[from] psn
|upkeep
|turn|46
|
|t:|1664564360
|switch|p1a: Clefable|Clefable, M|100/100 par
|move|p2a: Ferrothorn|Stealth Rock|p1a: Clefable
|-sidestart|p1: Spectre Ace|move: Stealth Rock
|
|upkeep
|turn|47
|
|t:|1664564364
|move|p1a: Clefable|Flamethrower|p2a: Ferrothorn
|-supereffective|p2a: Ferrothorn
|-damage|p2a: Ferrothorn|36/100
|move|p2a: Ferrothorn|Leech Seed|p1a: Clefable
|-start|p1a: Clefable|move: Leech Seed
|
|-heal|p2a: Ferrothorn|42/100|[from] item: Leftovers
|-damage|p1a: Clefable|88/100 par|[from] Leech Seed|[of] p2a: Ferrothorn
|-heal|p2a: Ferrothorn|56/100|[silent]
|upkeep
|turn|48
|
|t:|1664564369
|move|p1a: Clefable|Flamethrower|p2a: Ferrothorn
|-supereffective|p2a: Ferrothorn
|-damage|p2a: Ferrothorn|0 fnt
|faint|p2a: Ferrothorn
|
|upkeep
|
|t:|1664564372
|switch|p2a: Garchomp|Garchomp, F|100/100
|turn|49
|
|t:|1664564374
|move|p2a: Garchomp|Earthquake|p1a: Clefable
|-damage|p1a: Clefable|39/100 par
|cant|p1a: Clefable|par
|
|-damage|p1a: Clefable|27/100 par|[from] Leech Seed|[of] p2a: Garchomp
|upkeep
|turn|50
|
|t:|1664564378
|switch|p1a: Amadeus|Landorus-Therian, M|51/100 tox
|-damage|p1a: Amadeus|39/100 tox|[from] Stealth Rock
|-ability|p1a: Amadeus|Intimidate|boost
|-unboost|p2a: Garchomp|atk|1
|move|p2a: Garchomp|Earthquake|p1a: Amadeus
|-immune|p1a: Amadeus
|
|-heal|p1a: Amadeus|45/100 tox|[from] item: Leftovers
|-damage|p1a: Amadeus|39/100 tox|[from] psn
|upkeep
|turn|51
|
|t:|1664564381
|move|p2a: Garchomp|Swords Dance|p2a: Garchomp
|-boost|p2a: Garchomp|atk|2
|move|p1a: Amadeus|Defog|p2a: Garchomp
|-unboost|p2a: Garchomp|evasion|1
|-sideend|p1: Spectre Ace|Spikes|[from] move: Defog|[of] p1a: Amadeus
|-sideend|p1: Spectre Ace|Stealth Rock|[from] move: Defog|[of] p1a: Amadeus
|
|-heal|p1a: Amadeus|45/100 tox|[from] item: Leftovers
|-damage|p1a: Amadeus|33/100 tox|[from] psn
|upkeep
|turn|52
|
|t:|1664564389
|move|p2a: Garchomp|Earthquake|p1a: Amadeus
|-immune|p1a: Amadeus
|move|p1a: Amadeus|Toxic|p2a: Garchomp
|-status|p2a: Garchomp|tox
|
|-heal|p1a: Amadeus|39/100 tox|[from] item: Leftovers
|-damage|p2a: Garchomp|94/100 tox|[from] psn
|-damage|p1a: Amadeus|21/100 tox|[from] psn
|upkeep
|turn|53
|
|t:|1664564394
|switch|p1a: Clefable|Clefable, M|27/100 par
|move|p2a: Garchomp|Scale Shot|p1a: Clefable
|-immune|p1a: Clefable
|
|-damage|p2a: Garchomp|82/100 tox|[from] psn
|upkeep
|turn|54
|
|t:|1664564396
|switch|p1a: Amadeus|Landorus-Therian, M|21/100 tox
|-ability|p1a: Amadeus|Intimidate|boost
|-unboost|p2a: Garchomp|atk|1
|move|p2a: Garchomp|Earthquake|p1a: Amadeus
|-immune|p1a: Amadeus
|
|-heal|p1a: Amadeus|27/100 tox|[from] item: Leftovers
|-damage|p2a: Garchomp|63/100 tox|[from] psn
|-damage|p1a: Amadeus|21/100 tox|[from] psn
|upkeep
|turn|55
|
|t:|1664564400
|move|p2a: Garchomp|Swords Dance|p2a: Garchomp
|-boost|p2a: Garchomp|atk|2
|move|p1a: Amadeus|Earthquake|p2a: Garchomp
|-damage|p2a: Garchomp|20/100 tox
|
|-heal|p1a: Amadeus|27/100 tox|[from] item: Leftovers
|-damage|p2a: Garchomp|0 fnt|[from] psn
|faint|p2a: Garchomp
|-damage|p1a: Amadeus|15/100 tox|[from] psn
|upkeep
|
|t:|1664564402
|switch|p2a: Dragonite|Dragonite, F|96/100
|turn|56
|
|t:|1664564405
|move|p1a: Amadeus|Toxic|p2a: Dragonite|[miss]
|-miss|p1a: Amadeus|p2a: Dragonite
|move|p2a: Dragonite|Ice Beam|p1a: Amadeus
|-supereffective|p1a: Amadeus
|-damage|p1a: Amadeus|0 fnt
|faint|p1a: Amadeus
|
|upkeep
|
|t:|1664564410
|switch|p1a: Booker|Tapu Koko|9/100
|-fieldstart|move: Electric Terrain|[from] ability: Electric Surge|[of] p1a: Booker
|turn|57
|
|t:|1664564412
|move|p1a: Booker|Dazzling Gleam|p2a: Dragonite
|-supereffective|p2a: Dragonite
|-damage|p2a: Dragonite|35/100
|move|p2a: Dragonite|Flamethrower|p1a: Booker
|-damage|p1a: Booker|0 fnt
|faint|p1a: Booker
|
|upkeep
|
|t:|1664564414
|switch|p1a: Valentine|Raichu-Alola, F, shiny|100/100
|turn|58
|
|t:|1664564416
|move|p1a: Valentine|Rising Voltage|p2a: Dragonite
|-damage|p2a: Dragonite|0 fnt
|faint|p2a: Dragonite
|-damage|p1a: Valentine|91/100|[from] item: Life Orb
|
|win|Spectre Ace
|raw|Spectre Ace's rating: 1715 &rarr; <strong>1734</strong><br />(+19 for winning)
|raw|Chipstofer skylark's rating: 1706 &rarr; <strong>1687</strong><br />(-19 for losing)
|l|☆Chipstofer skylark
|l| Goldenberries
||Ladder isn't responding, score probably updated but might not have (Request timeout).
