|j|☆D yubin
|j|☆ultimategoogolplex
|t:|1667630074
|gametype|singles
|player|p1|D yubin|gentleman|1655
|player|p2|ultimategoogolplex|2|1580
|teamsize|p1|6
|teamsize|p2|6
|gen|8
|tier|[Gen 8] OU
|rated|
|rule|Sleep Clause Mod: Limit one foe put to sleep
|rule|Species Clause: Limit one of each Pokémon
|rule|OHKO Clause: OHKO moves are banned
|rule|Evasion Items Clause: Evasion items are banned
|rule|Evasion Moves Clause: Evasion moves are banned
|rule|Endless Battle Clause: Forcing endless battles is banned
|rule|HP Percentage Mod: HP is shown in percentages
|rule|Dynamax Clause: You cannot dynamax
|clearpoke
|poke|p1|Weavile, M|
|poke|p1|Kartana|
|poke|p1|Blacephalon|
|poke|p1|Rillaboom, M|
|poke|p1|Landorus-Therian, M|
|poke|p1|Melmetal|
|poke|p2|Weavile, M|
|poke|p2|Volcanion|
|poke|p2|Zapdos|
|poke|p2|Landorus-Therian, M|
|poke|p2|Kartana|
|poke|p2|Melmetal|
|teampreview
|inactive|Battle timer is ON: inactive players will automatically lose when time's up. (requested by ultimategoogolplex)
|inactive|D yubin also wants the timer to be on.
|
|t:|1667630092
|start
|switch|p1a: LandOUrus-T|Landorus-Therian, M|100/100
|switch|p2a: Weavile|Weavile, M|100/100
|-ability|p2a: Weavile|Pressure
|-ability|p1a: LandOUrus-T|Intimidate|boost
|-unboost|p2a: Weavile|atk|1
|turn|1
|
|t:|1667630099
|move|p2a: Weavile|Knock Off|p1a: LandOUrus-T
|-damage|p1a: LandOUrus-T|39/100
|-enditem|p1a: LandOUrus-T|Eject Button|[from] move: Knock Off|[of] p2a: Weavile
|move|p1a: LandOUrus-T|Earthquake|p2a: Weavile
|-damage|p2a: Weavile|2/100
|
|upkeep
|turn|2
|
|t:|1667630109
|switch|p1a: Axeleration!|Weavile, M|100/100
|move|p2a: Weavile|Knock Off|p1a: Axeleration!
|-resisted|p1a: Axeleration!
|-damage|p1a: Axeleration!|56/100
|-enditem|p1a: Axeleration!|Focus Sash|[from] move: Knock Off|[of] p2a: Weavile
|-enditem|p2a: Weavile|Choice Band|[silent]|[from] ability: Pickpocket|[of] p2a: Weavile
|-item|p1a: Axeleration!|Choice Band|[from] ability: Pickpocket|[of] p2a: Weavile
|
|upkeep
|turn|3
|j| First loves
|
|t:|1667630120
|switch|p2a: Melmetal|Melmetal|100/100
|move|p1a: Axeleration!|Beat Up|p2a: Melmetal
|-damage|p2a: Melmetal|92/100
|-damage|p2a: Melmetal|81/100
|-damage|p2a: Melmetal|74/100
|-damage|p2a: Melmetal|65/100
|-damage|p2a: Melmetal|56/100
|-damage|p2a: Melmetal|46/100
|-hitcount|p2a: Melmetal|6
|
|upkeep
|turn|4
|
|t:|1667630129
|move|p1a: Axeleration!|Beat Up|p2a: Melmetal
|-damage|p2a: Melmetal|38/100
|-damage|p2a: Melmetal|29/100
|-damage|p2a: Melmetal|20/100
|-damage|p2a: Melmetal|12/100
|-damage|p2a: Melmetal|4/100
|-damage|p2a: Melmetal|0 fnt
|faint|p2a: Melmetal
|-hitcount|p2: Melmetal|6
|
|upkeep
|
|t:|1667630139
|switch|p2a: Landorus|Landorus-Therian, M|100/100
|-ability|p2a: Landorus|Intimidate|boost
|-unboost|p1a: Axeleration!|atk|1
|turn|5
|
|t:|1667630143
|switch|p1a: LandOUrus-T|Landorus-Therian, M|39/100
|-ability|p1a: LandOUrus-T|Intimidate|boost
|-unboost|p2a: Landorus|atk|1
|move|p2a: Landorus|U-turn|p1a: LandOUrus-T
|-resisted|p1a: LandOUrus-T
|-damage|p1a: LandOUrus-T|30/100
|
|t:|1667630146
|switch|p2a: Weavile|Weavile, M|2/100|[from]move: U-turn
|-ability|p2a: Weavile|Pressure
|
|upkeep
|turn|6
|
|t:|1667630156
|move|p2a: Weavile|Triple Axel|p1a: LandOUrus-T
|-supereffective|p1a: LandOUrus-T
|-damage|p1a: LandOUrus-T|0 fnt
|faint|p1a: LandOUrus-T
|-hitcount|p1: LandOUrus-T|1
|
|upkeep
|
|t:|1667630165
|switch|p1a: Axeleration!|Weavile, M|56/100
|turn|7
|
|t:|1667630172
|move|p2a: Weavile|Knock Off|p1a: Axeleration!
|-resisted|p1a: Axeleration!
|-damage|p1a: Axeleration!|12/100
|-enditem|p1a: Axeleration!|Choice Band|[from] move: Knock Off|[of] p2a: Weavile
|move|p1a: Axeleration!|Beat Up|p2a: Weavile
|-resisted|p2a: Weavile
|-damage|p2a: Weavile|0 fnt
|faint|p2a: Weavile
|-hitcount|p2: Weavile|1
|
|upkeep
|
|t:|1667630180
|switch|p2a: Kartana|Kartana|100/100
|turn|8
|
|t:|1667630186
|move|p1a: Axeleration!|Ice Shard|p2a: Kartana
|-damage|p2a: Kartana|76/100
|move|p2a: Kartana|Knock Off|p1a: Axeleration!
|-resisted|p1a: Axeleration!
|-damage|p1a: Axeleration!|0 fnt
|faint|p1a: Axeleration!
|-ability|p2a: Kartana|Beast Boost|boost
|-boost|p2a: Kartana|atk|1
|
|upkeep
|
|t:|1667630190
|switch|p1a: 🎵Grass Monkey!🎵|Rillaboom, M, shiny|100/100
|-fieldstart|move: Grassy Terrain|[from] ability: Grassy Surge|[of] p1a: 🎵Grass Monkey!🎵
|turn|9
|
|t:|1667630196
|switch|p2a: Zapdos|Zapdos|100/100
|move|p1a: 🎵Grass Monkey!🎵|Superpower|p2a: Zapdos
|-resisted|p2a: Zapdos
|-damage|p2a: Zapdos|76/100
|-unboost|p1a: 🎵Grass Monkey!🎵|atk|1
|-unboost|p1a: 🎵Grass Monkey!🎵|def|1
|-damage|p1a: 🎵Grass Monkey!🎵|91/100|[from] item: Life Orb
|
|-heal|p1a: 🎵Grass Monkey!🎵|97/100|[from] Grassy Terrain
|upkeep
|turn|10
|
|t:|1667630205
|switch|p1a: THE WRLD REVOLVING|Blacephalon, shiny|100/100
|move|p2a: Zapdos|Heat Wave|p1a: THE WRLD REVOLVING
|-resisted|p1a: THE WRLD REVOLVING
|-damage|p1a: THE WRLD REVOLVING|80/100
|
|-heal|p1a: THE WRLD REVOLVING|86/100|[from] Grassy Terrain
|upkeep
|turn|11
|
|t:|1667630220
|switch|p2a: Landorus|Landorus-Therian, M|100/100
|-ability|p2a: Landorus|Intimidate|boost
|-unboost|p1a: THE WRLD REVOLVING|atk|1
|move|p1a: THE WRLD REVOLVING|Shadow Ball|p2a: Landorus
|-damage|p2a: Landorus|31/100
|
|-heal|p1a: THE WRLD REVOLVING|92/100|[from] Grassy Terrain
|-heal|p2a: Landorus|37/100|[from] item: Leftovers
|upkeep
|turn|12
|
|t:|1667630223
|move|p1a: THE WRLD REVOLVING|Shadow Ball|p2a: Landorus
|-damage|p2a: Landorus|0 fnt
|faint|p2a: Landorus
|-ability|p1a: THE WRLD REVOLVING|Beast Boost|boost
|-boost|p1a: THE WRLD REVOLVING|spa|1
|
|-heal|p1a: THE WRLD REVOLVING|98/100|[from] Grassy Terrain
|upkeep
|
|t:|1667630227
|switch|p2a: Kartana|Kartana|76/100
|turn|13
|
|t:|1667630235
|switch|p1a: Melmetal|Melmetal|100/100
|move|p2a: Kartana|Knock Off|p1a: Melmetal
|-damage|p1a: Melmetal|74/100
|-enditem|p1a: Melmetal|Assault Vest|[from] move: Knock Off|[of] p2a: Kartana
|
|-heal|p2a: Kartana|82/100|[from] Grassy Terrain
|-heal|p1a: Melmetal|81/100|[from] Grassy Terrain
|-fieldend|move: Grassy Terrain
|upkeep
|turn|14
|
|t:|1667630244
|switch|p2a: Volcanion|Volcanion|100/100
|move|p1a: Melmetal|Rock Slide|p2a: Volcanion|[miss]
|-miss|p1a: Melmetal|p2a: Volcanion
|
|upkeep
|turn|15
|
|t:|1667630250
|move|p2a: Volcanion|Steam Eruption|p1a: Melmetal
|-damage|p1a: Melmetal|0 fnt
|faint|p1a: Melmetal
|
|upkeep
|
|t:|1667630259
|switch|p1a: 🎵Grass Monkey!🎵|Rillaboom, M, shiny|97/100
|-fieldstart|move: Grassy Terrain|[from] ability: Grassy Surge|[of] p1a: 🎵Grass Monkey!🎵
|turn|16
|
|t:|1667630264
|switch|p2a: Zapdos|Zapdos|76/100
|move|p1a: 🎵Grass Monkey!🎵|Grassy Glide|p2a: Zapdos
|-resisted|p2a: Zapdos
|-damage|p2a: Zapdos|49/100
|-damage|p1a: 🎵Grass Monkey!🎵|87/100|[from] item: Life Orb
|
|-heal|p1a: 🎵Grass Monkey!🎵|93/100|[from] Grassy Terrain
|upkeep
|turn|17
|
|t:|1667630266
|move|p2a: Zapdos|Roost|p2a: Zapdos
|-heal|p2a: Zapdos|99/100
|-singleturn|p2a: Zapdos|move: Roost
|move|p1a: 🎵Grass Monkey!🎵|Swords Dance|p1a: 🎵Grass Monkey!🎵
|-boost|p1a: 🎵Grass Monkey!🎵|atk|2
|
|-heal|p2a: Zapdos|100/100|[from] Grassy Terrain
|-heal|p1a: 🎵Grass Monkey!🎵|99/100|[from] Grassy Terrain
|upkeep
|turn|18
|
|t:|1667630270
|move|p1a: 🎵Grass Monkey!🎵|Grassy Glide|p2a: Zapdos
|-resisted|p2a: Zapdos
|-damage|p2a: Zapdos|44/100
|-status|p1a: 🎵Grass Monkey!🎵|par|[from] ability: Static|[of] p2a: Zapdos
|-damage|p1a: 🎵Grass Monkey!🎵|89/100 par|[from] item: Life Orb
|move|p2a: Zapdos|Heat Wave|p1a: 🎵Grass Monkey!🎵
|-supereffective|p1a: 🎵Grass Monkey!🎵
|-damage|p1a: 🎵Grass Monkey!🎵|20/100 par
|
|-heal|p1a: 🎵Grass Monkey!🎵|26/100 par|[from] Grassy Terrain
|upkeep
|turn|19
|
|t:|1667630281
|move|p1a: 🎵Grass Monkey!🎵|Grassy Glide|p2a: Zapdos
|-resisted|p2a: Zapdos
|-damage|p2a: Zapdos|0 fnt
|faint|p2a: Zapdos
|-damage|p1a: 🎵Grass Monkey!🎵|16/100 par|[from] item: Life Orb
|
|-heal|p1a: 🎵Grass Monkey!🎵|22/100 par|[from] Grassy Terrain
|upkeep
|
|t:|1667630289
|switch|p2a: Kartana|Kartana|82/100
|turn|20
|
|t:|1667630294
|move|p1a: 🎵Grass Monkey!🎵|Grassy Glide|p2a: Kartana
|-resisted|p2a: Kartana
|-damage|p2a: Kartana|46/100
|-damage|p1a: 🎵Grass Monkey!🎵|12/100 par|[from] item: Life Orb
|move|p2a: Kartana|Knock Off|p1a: 🎵Grass Monkey!🎵
|-damage|p1a: 🎵Grass Monkey!🎵|0 fnt
|-enditem|p1a: 🎵Grass Monkey!🎵|Life Orb|[from] move: Knock Off|[of] p2a: Kartana
|faint|p1a: 🎵Grass Monkey!🎵
|-ability|p2a: Kartana|Beast Boost|boost
|-boost|p2a: Kartana|atk|1
|
|-heal|p2a: Kartana|52/100|[from] Grassy Terrain
|-fieldend|move: Grassy Terrain
|upkeep
|
|t:|1667630312
|switch|p1a: Papercut|Kartana|100/100
|turn|21
|
|t:|1667630318
|switch|p2a: Volcanion|Volcanion|100/100
|move|p1a: Papercut|Sacred Sword|p2a: Volcanion
|-damage|p2a: Volcanion|61/100
|
|upkeep
|turn|22
|
|t:|1667630334
|switch|p1a: THE WRLD REVOLVING|Blacephalon, shiny|98/100
|move|p2a: Volcanion|Steam Eruption|p1a: THE WRLD REVOLVING
|-supereffective|p1a: THE WRLD REVOLVING
|-damage|p1a: THE WRLD REVOLVING|0 fnt
|faint|p1a: THE WRLD REVOLVING
|
|upkeep
|
|t:|1667630337
|switch|p1a: Papercut|Kartana|100/100
|turn|23
|
|t:|1667630342
|move|p1a: Papercut|Knock Off|p2a: Volcanion
|-damage|p2a: Volcanion|17/100
|-enditem|p2a: Volcanion|Choice Specs|[from] move: Knock Off|[of] p1a: Papercut
|move|p2a: Volcanion|Steam Eruption|p1a: Papercut
|-resisted|p1a: Papercut
|-damage|p1a: Papercut|8/100
|-status|p1a: Papercut|brn
|
|-damage|p1a: Papercut|2/100 brn|[from] brn
|upkeep
|turn|24
|c|☆ultimategoogolplex|gg
|j| Malanaki
|
|t:|1667630353
|move|p1a: Papercut|Knock Off|p2a: Volcanion
|-damage|p2a: Volcanion|2/100
|move|p2a: Volcanion|Steam Eruption|p1a: Papercut
|-resisted|p1a: Papercut
|-damage|p1a: Papercut|0 fnt
|faint|p1a: Papercut
|
|win|ultimategoogolplex
|raw|D yubin's rating: 1655 &rarr; <strong>1631</strong><br />(-24 for losing)
|raw|ultimategoogolplex's rating: 1580 &rarr; <strong>1604</strong><br />(+24 for winning)
