|j|☆Feverrr
|j|☆noudle soop
|inactive|Battle timer is ON: inactive players will automatically lose when time's up.
|t:|1657577645
|gametype|singles
|player|p1|Feverrr|steven|
|player|p2|noudle soop|roxie|
|teamsize|p1|6
|teamsize|p2|6
|gen|8
|tier|[Gen 8] OU
|rated|Tournament battle
|rule|Sleep Clause Mod: Limit one foe put to sleep
|rule|Species Clause: Limit one of each Pokémon
|rule|OHKO Clause: OHKO moves are banned
|rule|Evasion Moves Clause: Evasion moves are banned
|rule|Endless Battle Clause: Forcing endless battles is banned
|rule|HP Percentage Mod: HP is shown in percentages
|rule|Dynamax Clause: You cannot dynamax
|clearpoke
|poke|p1|Tyranitar, F|
|poke|p1|Clefable, M|
|poke|p1|Excadrill, M|
|poke|p1|Kartana|
|poke|p1|Zapdos|
|poke|p1|Tapu Lele|
|poke|p2|Victini|
|poke|p2|Tapu Lele|
|poke|p2|Garchomp, M|
|poke|p2|Celesteela|
|poke|p2|Regieleki|
|poke|p2|Golisopod, F|
|teampreview
|inactive|noudle soop also wants the timer to be on.
|j| OrdinaryJTA117
|j| Shiox
|c|☆Feverrr|god i dont even know how to approach this
|j| HaleyDuhamelsbitch
|inactive|Feverrr has 120 seconds left.
|
|t:|1657577687
|start
|switch|p1a: Zapdos|Zapdos|100/100
|switch|p2a: Garchomp|Garchomp, M|100/100
|turn|1
|
|t:|1657577696
|move|p2a: Garchomp|Stealth Rock|p1a: Zapdos
|-sidestart|p1: Feverrr|move: Stealth Rock
|move|p1a: Zapdos|Hurricane|p2a: Garchomp
|-damage|p2a: Garchomp|51/100
|-start|p2a: Garchomp|confusion
|
|-heal|p2a: Garchomp|57/100|[from] item: Leftovers
|upkeep
|turn|2
|j| RedDiamond0333
|j| JTD783
|
|t:|1657577714
|-activate|p2a: Garchomp|confusion
|move|p2a: Garchomp|Stone Edge|p1a: Zapdos
|-supereffective|p1a: Zapdos
|-damage|p1a: Zapdos|52/100
|move|p1a: Zapdos|Hurricane|p2a: Garchomp|[miss]
|-miss|p1a: Zapdos|p2a: Garchomp
|
|-heal|p2a: Garchomp|63/100|[from] item: Leftovers
|upkeep
|turn|3
|
|t:|1657577723
|-activate|p2a: Garchomp|confusion
|-damage|p2a: Garchomp|50/100|[from] confusion
|move|p1a: Zapdos|Roost|p1a: Zapdos
|-heal|p1a: Zapdos|100/100
|-singleturn|p1a: Zapdos|move: Roost
|
|-heal|p2a: Garchomp|56/100|[from] item: Leftovers
|upkeep
|turn|4
|
|t:|1657577731
|-activate|p2a: Garchomp|confusion
|-damage|p2a: Garchomp|41/100|[from] confusion
|move|p1a: Zapdos|Hurricane|p2a: Garchomp
|-damage|p2a: Garchomp|0 fnt
|faint|p2a: Garchomp
|
|upkeep
|c|☆noudle soop|well thats one way i guess
|
|t:|1657577739
|switch|p2a: Tapu Lele|Tapu Lele|100/100
|-fieldstart|move: Psychic Terrain|[from] ability: Psychic Surge|[of] p2a: Tapu Lele
|turn|5
|
|t:|1657577753
|switch|p1a: Tapu Lele|Tapu Lele, shiny|100/100
|-damage|p1a: Tapu Lele|88/100|[from] Stealth Rock
|move|p2a: Tapu Lele|Focus Blast|p1a: Tapu Lele
|-resisted|p1a: Tapu Lele
|-damage|p1a: Tapu Lele|77/100
|
|upkeep
|turn|6
|
|t:|1657577765
|move|p2a: Tapu Lele|Moonblast|p1a: Tapu Lele
|-damage|p1a: Tapu Lele|23/100
|move|p1a: Tapu Lele|Psyshock|p2a: Tapu Lele
|-resisted|p2a: Tapu Lele
|-damage|p2a: Tapu Lele|43/100
|
|upkeep
|turn|7
|
|t:|1657577779
|switch|p1a: Clefable|Clefable, M, shiny|100/100
|-damage|p1a: Clefable|88/100|[from] Stealth Rock
|move|p2a: Tapu Lele|Moonblast|p1a: Clefable
|-damage|p1a: Clefable|43/100
|-unboost|p1a: Clefable|spa|1
|
|-heal|p1a: Clefable|49/100|[from] item: Leftovers
|upkeep
|turn|8
|
|t:|1657577802
|move|p2a: Tapu Lele|Psychic|p1a: Clefable
|-crit|p1a: Clefable
|-damage|p1a: Clefable|0 fnt
|faint|p1a: Clefable
|
|upkeep
|
|t:|1657577810
|switch|p1a: Kartana|Kartana|100/100
|-damage|p1a: Kartana|94/100|[from] Stealth Rock
|turn|9
|
|t:|1657577818
|switch|p2a: Golisopod|Golisopod, F|100/100
|move|p1a: Kartana|Knock Off|p2a: Golisopod
|-damage|p2a: Golisopod|62/100
|-enditem|p2a: Golisopod|Heavy-Duty Boots|[from] move: Knock Off|[of] p1a: Kartana
|-damage|p1a: Kartana|85/100|[from] item: Life Orb
|
|-fieldend|move: Psychic Terrain
|upkeep
|turn|10
|j| Buno
|
|t:|1657577830
|move|p2a: Golisopod|First Impression|p1a: Kartana
|-damage|p1a: Kartana|31/100
|move|p1a: Kartana|Leaf Blade|p2a: Golisopod
|-damage|p2a: Golisopod|4/100
|-activate|p2a: Golisopod|ability: Emergency Exit
|-damage|p1a: Kartana|21/100|[from] item: Life Orb
|j| cursedstar
|
|t:|1657577838
|switch|p2a: Regieleki|Regieleki|100/100
|
|upkeep
|turn|11
|
|t:|1657577843
|switch|p2a: Victini|Victini|100/100
|switch|p1a: Tyranitar|Tyranitar, F|100/100
|-damage|p1a: Tyranitar|88/100|[from] Stealth Rock
|-weather|Sandstorm|[from] ability: Sand Stream|[of] p1a: Tyranitar
|
|-weather|Sandstorm|[upkeep]
|-damage|p2a: Victini|94/100|[from] Sandstorm
|upkeep
|turn|12
|l| HaleyDuhamelsbitch
|
|t:|1657577861
|switch|p2a: Tapu Lele|Tapu Lele|43/100
|-fieldstart|move: Psychic Terrain|[from] ability: Psychic Surge|[of] p2a: Tapu Lele
|move|p1a: Tyranitar|Stone Edge|p2a: Tapu Lele
|-damage|p2a: Tapu Lele|0 fnt
|faint|p2a: Tapu Lele
|
|-weather|Sandstorm|[upkeep]
|upkeep
|
|t:|1657577865
|switch|p2a: Celesteela|Celesteela|100/100
|turn|13
|j|&DaWoblefet
|
|t:|1657577874
|switch|p1a: Zapdos|Zapdos|100/100
|move|p2a: Celesteela|Heavy Slam|p1a: Zapdos
|-resisted|p1a: Zapdos
|-damage|p1a: Zapdos|80/100
|
|-weather|Sandstorm|[upkeep]
|-damage|p1a: Zapdos|74/100|[from] Sandstorm
|upkeep
|turn|14
|l| OrdinaryJTA117
|
|t:|1657577888
|switch|p2a: Regieleki|Regieleki|100/100
|move|p1a: Zapdos|Heat Wave|p2a: Regieleki
|-damage|p2a: Regieleki|47/100
|
|-weather|Sandstorm|[upkeep]
|-damage|p2a: Regieleki|41/100|[from] Sandstorm
|-damage|p1a: Zapdos|67/100|[from] Sandstorm
|upkeep
|turn|15
|
|t:|1657577896
|switch|p2a: Celesteela|Celesteela|100/100
|switch|p1a: Tyranitar|Tyranitar, F|88/100
|-damage|p1a: Tyranitar|76/100|[from] Stealth Rock
|
|-weather|none
|upkeep
|turn|16
|
|t:|1657577916
|switch|p1a: Excadrill|Excadrill, M|100/100
|-damage|p1a: Excadrill|97/100|[from] Stealth Rock
|move|p2a: Celesteela|Heavy Slam|p1a: Excadrill
|-resisted|p1a: Excadrill
|-damage|p1a: Excadrill|54/100
|
|-fieldend|move: Psychic Terrain
|upkeep
|turn|17
|
|t:|1657577925
|switch|p1a: Tyranitar|Tyranitar, F|76/100
|-damage|p1a: Tyranitar|63/100|[from] Stealth Rock
|-weather|Sandstorm|[from] ability: Sand Stream|[of] p1a: Tyranitar
|move|p2a: Celesteela|Earthquake|p1a: Tyranitar
|-supereffective|p1a: Tyranitar
|-damage|p1a: Tyranitar|17/100
|
|-weather|Sandstorm|[upkeep]
|upkeep
|turn|18
|
|t:|1657577936
|switch|p1a: Zapdos|Zapdos|67/100
|move|p2a: Celesteela|Heavy Slam|p1a: Zapdos
|-resisted|p1a: Zapdos
|-damage|p1a: Zapdos|49/100
|
|-weather|Sandstorm|[upkeep]
|-damage|p1a: Zapdos|42/100|[from] Sandstorm
|upkeep
|turn|19
|
|t:|1657577944
|move|p1a: Zapdos|Roost|p1a: Zapdos
|-heal|p1a: Zapdos|92/100
|-singleturn|p1a: Zapdos|move: Roost
|move|p2a: Celesteela|Earthquake|p1a: Zapdos
|-supereffective|p1a: Zapdos
|-damage|p1a: Zapdos|45/100
|
|-weather|Sandstorm|[upkeep]
|-damage|p1a: Zapdos|38/100|[from] Sandstorm
|upkeep
|turn|20
|
|t:|1657577955
|switch|p2a: Victini|Victini|94/100
|move|p1a: Zapdos|Heat Wave|p2a: Victini
|-resisted|p2a: Victini
|-damage|p2a: Victini|81/100
|
|-weather|Sandstorm|[upkeep]
|-damage|p2a: Victini|75/100|[from] Sandstorm
|-damage|p1a: Zapdos|32/100|[from] Sandstorm
|upkeep
|turn|21
|
|t:|1657577974
|switch|p1a: Kartana|Kartana|21/100
|-damage|p1a: Kartana|15/100|[from] Stealth Rock
|move|p2a: Victini|Blue Flare|p1a: Kartana
|-supereffective|p1a: Kartana
|-damage|p1a: Kartana|0 fnt
|faint|p1a: Kartana
|
|-weather|none
|upkeep
|
|t:|1657577984
|switch|p1a: Tyranitar|Tyranitar, F|17/100
|-damage|p1a: Tyranitar|5/100|[from] Stealth Rock
|-weather|Sandstorm|[from] ability: Sand Stream|[of] p1a: Tyranitar
|turn|22
|
|t:|1657577989
|move|p2a: Victini|Blue Flare|p1a: Tyranitar
|-resisted|p1a: Tyranitar
|-damage|p1a: Tyranitar|0 fnt
|faint|p1a: Tyranitar
|
|-weather|Sandstorm|[upkeep]
|-damage|p2a: Victini|69/100|[from] Sandstorm
|upkeep
|
|t:|1657577996
|switch|p1a: Excadrill|Excadrill, M|54/100
|-damage|p1a: Excadrill|51/100|[from] Stealth Rock
|turn|23
|j| SavageSwordX
|
|t:|1657578010
|switch|p1a: Zapdos|Zapdos|32/100
|switch|p2a: Regieleki|Regieleki|41/100
|
|-weather|Sandstorm|[upkeep]
|-damage|p2a: Regieleki|35/100|[from] Sandstorm
|-damage|p1a: Zapdos|26/100|[from] Sandstorm
|upkeep
|turn|24
|
|t:|1657578021
|switch|p1a: Excadrill|Excadrill, M|51/100
|-damage|p1a: Excadrill|48/100|[from] Stealth Rock
|move|p2a: Regieleki|Volt Switch|p1a: Excadrill
|-immune|p1a: Excadrill
|
|-weather|Sandstorm|[upkeep]
|-damage|p2a: Regieleki|29/100|[from] Sandstorm
|upkeep
|turn|25
|
|t:|1657578035
|move|p1a: Excadrill|Rock Slide|p2a: Regieleki
|-damage|p2a: Regieleki|0 fnt
|faint|p2a: Regieleki
|-damage|p1a: Excadrill|38/100|[from] item: Life Orb
|
|-weather|Sandstorm|[upkeep]
|upkeep
|
|t:|1657578038
|switch|p2a: Celesteela|Celesteela|100/100
|turn|26
|
|t:|1657578056
|switch|p1a: Zapdos|Zapdos|26/100
|switch|p2a: Victini|Victini|69/100
|
|-weather|none
|upkeep
|turn|27
|
|t:|1657578068
|switch|p1a: Excadrill|Excadrill, M|38/100
|-damage|p1a: Excadrill|35/100|[from] Stealth Rock
|move|p2a: Victini|Blue Flare|p1a: Excadrill
|-supereffective|p1a: Excadrill
|-damage|p1a: Excadrill|0 fnt
|faint|p1a: Excadrill
|
|upkeep
|
|t:|1657578076
|switch|p1a: Tapu Lele|Tapu Lele, shiny|23/100
|-damage|p1a: Tapu Lele|10/100|[from] Stealth Rock
|-fieldstart|move: Psychic Terrain|[from] ability: Psychic Surge|[of] p1a: Tapu Lele
|turn|28
|
|t:|1657578085
|move|p2a: Victini|Glaciate|p1a: Tapu Lele
|-damage|p1a: Tapu Lele|0 fnt
|faint|p1a: Tapu Lele
|
|upkeep
|c|☆noudle soop|gg
|c|☆Feverrr|gg
|
|t:|1657578089
|switch|p1a: Zapdos|Zapdos|26/100
|turn|29
|l| SavageSwordX
|
|t:|1657578093
|move|p2a: Victini|Expanding Force|p1a: Zapdos
|-damage|p1a: Zapdos|0 fnt
|faint|p1a: Zapdos
|
|win|noudle soop
|n|☆Feverrr|feverrr
|n|☆noudle soop|noudlesoop
|n| Shiox|shiox
|n| RedDiamond0333|reddiamond0333
|n| JTD783|jtd783
|n| Buno|buno
|n| cursedstar|cursedstar
|n|&DaWoblefet|dawoblefet
|l|☆Feverrr
|l|&DaWoblefet
|l| JTD783
