|j|☆invert
|j|☆Rheinmetal
|t:|1596024190
|player|p1|invert|39|1511
|player|p2|Rheinmetal|cynthia|1481
|teamsize|p1|6
|teamsize|p2|6
|gametype|singles
|gen|8
|tier|[Gen 8] OU
|rated|
|html|<div class="broadcast-blue"><strong>OU is currently suspecting Magearna! For information on how to participate check out the <a href="https://www.smogon.com/forums/threads/3667669/">suspect thread</a>.</strong></div>
|clearpoke
|poke|p1|Cinderace, M|
|poke|p1|Heracross, M|
|poke|p1|Rotom-Wash|
|poke|p1|Trevenant, M|
|poke|p1|Slowbro, M|
|poke|p1|Blissey, F|
|poke|p2|Cinderace, F|
|poke|p2|Magnezone|
|poke|p2|Magearna|
|poke|p2|Toxapex, M|
|poke|p2|Hippowdon, M|
|poke|p2|Hydreigon, M|
|rule|Sleep Clause Mod: Limit one foe put to sleep
|rule|Species Clause: Limit one of each Pokémon
|rule|OHKO Clause: OHKO moves are banned
|rule|Evasion Moves Clause: Evasion moves are banned
|rule|Endless Battle Clause: Forcing endless battles is banned
|rule|HP Percentage Mod: HP is shown in percentages
|rule|Dynamax Clause: You cannot dynamax
|teampreview
|inactive|Battle timer is ON: inactive players will automatically lose when time's up. (requested by invert)
|inactive|Rheinmetal also wants the timer to be on.
|
|t:|1596024206
|start
|switch|p1a: Slowbro|Slowbro, M|100/100
|switch|p2a: Cinderace|Cinderace, F, shiny|100/100
|turn|1
|
|t:|1596024213
|move|p2a: Cinderace|U-turn|p1a: Slowbro
|-start|p2a: Cinderace|typechange|Bug|[from] ability: Libero
|-supereffective|p1a: Slowbro
|-damage|p1a: Slowbro|30/100
|-damage|p2a: Cinderace|84/100|[from] item: Rocky Helmet|[of] p1a: Slowbro
|
|t:|1596024217
|switch|p2a: Toxapex|Toxapex, M|100/100|[from]move: U-turn
|move|p1a: Slowbro|Future Sight|p2a: Toxapex
|-start|p1a: Slowbro|move: Future Sight
|
|upkeep
|turn|2
|
|t:|1596024232
|move|p2a: Toxapex|Toxic|p1a: Slowbro
|-status|p1a: Slowbro|tox
|move|p1a: Slowbro|Slack Off|p1a: Slowbro
|-heal|p1a: Slowbro|80/100 tox
|
|-damage|p1a: Slowbro|74/100 tox|[from] psn
|upkeep
|turn|3
|
|t:|1596024241
|switch|p2a: Hydreigon|Hydreigon, M|100/100
|move|p1a: Slowbro|Scald|p2a: Hydreigon
|-resisted|p2a: Hydreigon
|-damage|p2a: Hydreigon|91/100
|
|-end|p2a: Hydreigon|move: Future Sight
|-immune|p2a: Hydreigon
|-heal|p2a: Hydreigon|98/100|[from] item: Leftovers
|-damage|p1a: Slowbro|62/100 tox|[from] psn
|upkeep
|turn|4
|
|t:|1596024250
|switch|p1a: Blissey|Blissey, F|100/100
|move|p2a: Hydreigon|U-turn|p1a: Blissey
|-crit|p1a: Blissey
|-damage|p1a: Blissey|81/100
|
|t:|1596024254
|switch|p2a: Cinderace|Cinderace, F, shiny|84/100|[from]move: U-turn
|
|upkeep
|turn|5
|
|t:|1596024258
|switch|p1a: Slowbro|Slowbro, M|95/100 tox
|move|p2a: Cinderace|U-turn|p1a: Slowbro
|-start|p2a: Cinderace|typechange|Bug|[from] ability: Libero
|-supereffective|p1a: Slowbro
|-damage|p1a: Slowbro|29/100 tox
|-damage|p2a: Cinderace|67/100|[from] item: Rocky Helmet|[of] p1a: Slowbro
|
|t:|1596024260
|switch|p2a: Magnezone|Magnezone|100/100|[from]move: U-turn
|
|-damage|p1a: Slowbro|23/100 tox|[from] psn
|upkeep
|turn|6
|
|t:|1596024264
|switch|p1a: Blissey|Blissey, F|81/100
|move|p2a: Magnezone|Volt Switch|p1a: Blissey
|-damage|p1a: Blissey|53/100
|
|t:|1596024266
|switch|p2a: Cinderace|Cinderace, F, shiny|67/100|[from]move: Volt Switch
|
|upkeep
|turn|7
|
|t:|1596024269
|switch|p1a: Slowbro|Slowbro, M|56/100 tox
|move|p2a: Cinderace|Pyro Ball|p1a: Slowbro
|-resisted|p1a: Slowbro
|-damage|p1a: Slowbro|28/100 tox
|
|-damage|p1a: Slowbro|22/100 tox|[from] psn
|upkeep
|turn|8
|
|t:|1596024274
|switch|p1a: Rotom|Rotom-Wash|100/100
|move|p2a: Cinderace|Pyro Ball|p1a: Rotom
|-resisted|p1a: Rotom
|-damage|p1a: Rotom|49/100
|
|-heal|p1a: Rotom|55/100|[from] item: Leftovers
|upkeep
|turn|9
|
|t:|1596024289
|switch|p2a: Hydreigon|Hydreigon, M|98/100
|move|p1a: Rotom|Pain Split|p2a: Hydreigon
|-sethp|p2a: Hydreigon|70/100|[from] move: Pain Split|[silent]
|-sethp|p1a: Rotom|90/100|[from] move: Pain Split
|
|-heal|p1a: Rotom|96/100|[from] item: Leftovers
|-heal|p2a: Hydreigon|77/100|[from] item: Leftovers
|upkeep
|turn|10
|
|t:|1596024296
|move|p1a: Rotom|Toxic|p2a: Hydreigon
|-status|p2a: Hydreigon|tox
|move|p2a: Hydreigon|U-turn|p1a: Rotom
|-damage|p1a: Rotom|79/100
|
|t:|1596024299
|switch|p2a: Magnezone|Magnezone|100/100|[from]move: U-turn
|
|-heal|p1a: Rotom|86/100|[from] item: Leftovers
|upkeep
|turn|11
|
|t:|1596024310
|move|p1a: Rotom|Hydro Pump|p2a: Magnezone
|-crit|p2a: Magnezone
|-damage|p2a: Magnezone|33/100
|move|p2a: Magnezone|Thunderbolt|p1a: Rotom
|-damage|p1a: Rotom|0 fnt
|faint|p1a: Rotom
|
|upkeep
|
|t:|1596024323
|switch|p1a: Blissey|Blissey, F|53/100
|turn|12
|
|t:|1596024326
|move|p2a: Magnezone|Thunderbolt|p1a: Blissey
|-damage|p1a: Blissey|26/100
|-status|p1a: Blissey|par
|move|p1a: Blissey|Stealth Rock|p2a: Magnezone
|-sidestart|p2: Rheinmetal|move: Stealth Rock
|
|upkeep
|turn|13
|
|t:|1596024333
|move|p2a: Magnezone|Thunderbolt|p1a: Blissey
|-damage|p1a: Blissey|0 fnt
|faint|p1a: Blissey
|
|upkeep
|
|t:|1596024337
|switch|p1a: Trevenant|Trevenant, M|100/100
|turn|14
|
|t:|1596024341
|switch|p2a: Hydreigon|Hydreigon, M|77/100 tox
|-damage|p2a: Hydreigon|64/100 tox|[from] Stealth Rock
|move|p1a: Trevenant|Drain Punch|p2a: Hydreigon
|-supereffective|p2a: Hydreigon
|-damage|p2a: Hydreigon|0 fnt
|faint|p2a: Hydreigon
|
|upkeep
|
|t:|1596024345
|switch|p2a: Magearna|Magearna|100/100
|-damage|p2a: Magearna|95/100|[from] Stealth Rock
|turn|15
|
|t:|1596024350
|switch|p1a: Cinderace|Cinderace, M|100/100
|move|p2a: Magearna|Shift Gear|p2a: Magearna
|-boost|p2a: Magearna|spe|2
|-boost|p2a: Magearna|atk|1
|
|upkeep
|turn|16
|
|t:|1596024354
|move|p2a: Magearna|Shadow Ball|p1a: Cinderace
|-damage|p1a: Cinderace|58/100
|move|p1a: Cinderace|Pyro Ball|p2a: Magearna
|-supereffective|p2a: Magearna
|-damage|p2a: Magearna|0 fnt
|faint|p2a: Magearna
|
|upkeep
|
|t:|1596024361
|switch|p2a: Hippowdon|Hippowdon, M|100/100
|-damage|p2a: Hippowdon|94/100|[from] Stealth Rock
|-weather|Sandstorm|[from] ability: Sand Stream|[of] p2a: Hippowdon
|turn|17
|
|t:|1596024364
|switch|p1a: Slowbro|Slowbro, M|55/100 tox
|move|p2a: Hippowdon|Stealth Rock|p1a: Slowbro
|-sidestart|p1: invert|move: Stealth Rock
|
|-weather|Sandstorm|[upkeep]
|-damage|p1a: Slowbro|49/100 tox|[from] Sandstorm
|-heal|p2a: Hippowdon|100/100|[from] item: Leftovers
|-damage|p1a: Slowbro|43/100 tox|[from] psn
|upkeep
|turn|18
|
|t:|1596024378
|switch|p2a: Magnezone|Magnezone|33/100
|-damage|p2a: Magnezone|27/100|[from] Stealth Rock
|move|p1a: Slowbro|Slack Off|p1a: Slowbro
|-heal|p1a: Slowbro|93/100 tox
|
|-weather|Sandstorm|[upkeep]
|-damage|p1a: Slowbro|87/100 tox|[from] Sandstorm
|-damage|p1a: Slowbro|75/100 tox|[from] psn
|upkeep
|turn|19
|
|t:|1596024395
|switch|p1a: Cinderace|Cinderace, M|58/100
|-damage|p1a: Cinderace|33/100|[from] Stealth Rock
|move|p2a: Magnezone|Volt Switch|p1a: Cinderace
|-damage|p1a: Cinderace|0 fnt
|faint|p1a: Cinderace
|
|t:|1596024399
|switch|p2a: Cinderace|Cinderace, F, shiny|67/100|[from]move: Volt Switch
|-damage|p2a: Cinderace|42/100|[from] Stealth Rock
|
|-weather|Sandstorm|[upkeep]
|-damage|p2a: Cinderace|36/100|[from] Sandstorm
|upkeep
|
|t:|1596024407
|switch|p1a: Heracross|Heracross, M|100/100
|-damage|p1a: Heracross|88/100|[from] Stealth Rock
|turn|20
|
|t:|1596024410
|move|p1a: Heracross|Close Combat|p2a: Cinderace
|-damage|p2a: Cinderace|0 fnt
|-unboost|p1a: Heracross|def|1
|-unboost|p1a: Heracross|spd|1
|faint|p2a: Cinderace
|-ability|p1a: Heracross|Moxie|boost
|-boost|p1a: Heracross|atk|1
|
|-weather|Sandstorm|[upkeep]
|-damage|p1a: Heracross|82/100|[from] Sandstorm
|upkeep
|
|t:|1596024419
|switch|p2a: Toxapex|Toxapex, M|100/100
|-damage|p2a: Toxapex|88/100|[from] Stealth Rock
|turn|21
|
|t:|1596024427
|switch|p1a: Slowbro|Slowbro, M|100/100 tox
|-damage|p1a: Slowbro|88/100 tox|[from] Stealth Rock
|move|p2a: Toxapex|Toxic|p1a: Slowbro
|-fail|p1a: Slowbro|tox
|
|-weather|none
|-heal|p2a: Toxapex|94/100|[from] item: Black Sludge
|-damage|p1a: Slowbro|82/100 tox|[from] psn
|upkeep
|turn|22
|
|t:|1596024434
|move|p2a: Toxapex|Scald|p1a: Slowbro
|-resisted|p1a: Slowbro
|-damage|p1a: Slowbro|74/100 tox
|move|p1a: Slowbro|Scald|p2a: Toxapex
|-resisted|p2a: Toxapex
|-damage|p2a: Toxapex|83/100
|
|-heal|p2a: Toxapex|89/100|[from] item: Black Sludge
|-damage|p1a: Slowbro|61/100 tox|[from] psn
|upkeep
|turn|23
|
|t:|1596024440
|switch|p2a: Magnezone|Magnezone|27/100
|-damage|p2a: Magnezone|21/100|[from] Stealth Rock
|move|p1a: Slowbro|Teleport|p1a: Slowbro
|
|t:|1596024442
|switch|p1a: Heracross|Heracross, M|82/100|[from]move: Teleport
|-damage|p1a: Heracross|70/100|[from] Stealth Rock
|
|upkeep
|turn|24
|
|t:|1596024449
|switch|p2a: Toxapex|Toxapex, M|100/100
|-damage|p2a: Toxapex|88/100|[from] Stealth Rock
|move|p1a: Heracross|Spikes|p2a: Toxapex
|-sidestart|p2: Rheinmetal|Spikes
|
|-heal|p2a: Toxapex|94/100|[from] item: Black Sludge
|upkeep
|turn|25
|
|t:|1596024458
|switch|p2a: Magnezone|Magnezone|21/100
|-damage|p2a: Magnezone|14/100|[from] Stealth Rock
|-damage|p2a: Magnezone|2/100|[from] Spikes
|move|p1a: Heracross|Spikes|p2a: Magnezone
|-sidestart|p2: Rheinmetal|Spikes
|
|upkeep
|turn|26
|
|t:|1596024465
|move|p1a: Heracross|Spikes|p2a: Magnezone
|-sidestart|p2: Rheinmetal|Spikes
|move|p2a: Magnezone|Thunderbolt|p1a: Heracross
|-damage|p1a: Heracross|0 fnt
|faint|p1a: Heracross
|
|upkeep
|
|t:|1596024469
|switch|p1a: Trevenant|Trevenant, M|100/100
|-damage|p1a: Trevenant|88/100|[from] Stealth Rock
|turn|27
|
|t:|1596024474
|move|p1a: Trevenant|Poltergeist|p2a: Magnezone
|-activate|p2a: Magnezone|move: Poltergeist|Choice Specs
|-damage|p2a: Magnezone|0 fnt
|faint|p2a: Magnezone
|
|upkeep
|
|t:|1596024484
|switch|p2a: Toxapex|Toxapex, M|100/100
|-damage|p2a: Toxapex|75/100|[from] Spikes
|-damage|p2a: Toxapex|63/100|[from] Stealth Rock
|turn|28
|
|t:|1596024487
|move|p1a: Trevenant|Poltergeist|p2a: Toxapex
|-activate|p2a: Toxapex|move: Poltergeist|Black Sludge
|-damage|p2a: Toxapex|8/100
|move|p2a: Toxapex|Toxic|p1a: Trevenant
|-status|p1a: Trevenant|tox
|
|-heal|p2a: Toxapex|14/100|[from] item: Black Sludge
|-damage|p1a: Trevenant|82/100 tox|[from] psn
|upkeep
|turn|29
|
|t:|1596024491
|switch|p2a: Hippowdon|Hippowdon, M|100/100
|-damage|p2a: Hippowdon|75/100|[from] Spikes
|-damage|p2a: Hippowdon|69/100|[from] Stealth Rock
|-weather|Sandstorm|[from] ability: Sand Stream|[of] p2a: Hippowdon
|move|p1a: Trevenant|Poltergeist|p2a: Hippowdon
|-activate|p2a: Hippowdon|move: Poltergeist|Leftovers
|-damage|p2a: Hippowdon|27/100
|
|-weather|Sandstorm|[upkeep]
|-damage|p1a: Trevenant|76/100 tox|[from] Sandstorm
|-heal|p2a: Hippowdon|33/100|[from] item: Leftovers
|-damage|p1a: Trevenant|64/100 tox|[from] psn
|upkeep
|turn|30
|
|t:|1596024515
|move|p1a: Trevenant|Poltergeist|p2a: Hippowdon|[miss]
|-miss|p1a: Trevenant|p2a: Hippowdon
|move|p2a: Hippowdon|Slack Off|p2a: Hippowdon
|-heal|p2a: Hippowdon|83/100
|
|-weather|Sandstorm|[upkeep]
|-damage|p1a: Trevenant|58/100 tox|[from] Sandstorm
|-heal|p2a: Hippowdon|90/100|[from] item: Leftovers
|-damage|p1a: Trevenant|39/100 tox|[from] psn
|upkeep
|turn|31
|
|t:|1596024521
|switch|p1a: Slowbro|Slowbro, M|95/100 tox
|-damage|p1a: Slowbro|82/100 tox|[from] Stealth Rock
|move|p2a: Hippowdon|Slack Off|p2a: Hippowdon
|-heal|p2a: Hippowdon|100/100
|
|-weather|Sandstorm|[upkeep]
|-damage|p1a: Slowbro|76/100 tox|[from] Sandstorm
|-damage|p1a: Slowbro|70/100 tox|[from] psn
|upkeep
|turn|32
|
|t:|1596024527
|move|p2a: Hippowdon|Earthquake|p1a: Slowbro
|-damage|p1a: Slowbro|47/100 tox
|move|p1a: Slowbro|Future Sight|p2a: Hippowdon
|-start|p1a: Slowbro|move: Future Sight
|
|-weather|Sandstorm|[upkeep]
|-damage|p1a: Slowbro|41/100 tox|[from] Sandstorm
|-damage|p1a: Slowbro|29/100 tox|[from] psn
|upkeep
|turn|33
|
|t:|1596024532
|move|p2a: Hippowdon|Earthquake|p1a: Slowbro
|-damage|p1a: Slowbro|7/100 tox
|move|p1a: Slowbro|Slack Off|p1a: Slowbro
|-heal|p1a: Slowbro|57/100 tox
|
|-weather|none
|-damage|p1a: Slowbro|39/100 tox|[from] psn
|upkeep
|turn|34
|
|t:|1596024542
|switch|p1a: Trevenant|Trevenant, M|39/100
|-damage|p1a: Trevenant|27/100|[from] Stealth Rock
|move|p2a: Hippowdon|Earthquake|p1a: Trevenant
|-resisted|p1a: Trevenant
|-damage|p1a: Trevenant|1/100
|
|-end|p2a: Hippowdon|move: Future Sight
|-crit|p2a: Hippowdon
|-damage|p2a: Hippowdon|35/100
|-heal|p2a: Hippowdon|41/100|[from] item: Leftovers
|upkeep
|turn|35
|
|t:|1596024564
|switch|p2a: Toxapex|Toxapex, M|47/100
|-damage|p2a: Toxapex|22/100|[from] Spikes
|-damage|p2a: Toxapex|10/100|[from] Stealth Rock
|move|p1a: Trevenant|Poltergeist|p2a: Toxapex
|-activate|p2a: Toxapex|move: Poltergeist|Black Sludge
|-damage|p2a: Toxapex|0 fnt
|faint|p2a: Toxapex
|
|upkeep
|
|t:|1596024566
|switch|p2a: Hippowdon|Hippowdon, M|41/100
|-damage|p2a: Hippowdon|35/100|[from] Stealth Rock
|-damage|p2a: Hippowdon|10/100|[from] Spikes
|-weather|Sandstorm|[from] ability: Sand Stream|[of] p2a: Hippowdon
|turn|36
|-message|Rheinmetal forfeited.
|
|win|invert
|l|☆Rheinmetal
|raw|invert's rating: 1512 &rarr; <strong>1528</strong><br />(+16 for winning)
|raw|Rheinmetal's rating: 1457 &rarr; <strong>1440</strong><br />(-17 for losing)
