|j|☆Raimei Hakkei
|j|☆Sombra Diurna
|t:|1655753893
|gametype|singles
|player|p1|Raimei Hakkei|mustard-master|1610
|player|p2|Sombra Diurna|blue|1832
|teamsize|p1|6
|teamsize|p2|6
|gen|8
|tier|[Gen 8] OU
|rated|
|rule|Sleep Clause Mod: Limit one foe put to sleep
|rule|Species Clause: Limit one of each Pokémon
|rule|OHKO Clause: OHKO moves are banned
|rule|Evasion Moves Clause: Evasion moves are banned
|rule|Endless Battle Clause: Forcing endless battles is banned
|rule|HP Percentage Mod: HP is shown in percentages
|rule|Dynamax Clause: You cannot dynamax
|clearpoke
|poke|p1|Urshifu-*, F|
|poke|p1|Toxtricity, M|
|poke|p1|Buzzwole|
|poke|p1|Clefable, M|
|poke|p1|Kartana|
|poke|p1|Landorus-Therian, M|
|poke|p2|Slowbro, M|
|poke|p2|Hatterene, F|
|poke|p2|Marowak-Alola, M|
|poke|p2|Ferrothorn, F|
|poke|p2|Garchomp, M|
|poke|p2|Drampa, F|
|teampreview
|inactive|Battle timer is ON: inactive players will automatically lose when time's up. (requested by Raimei Hakkei)
|
|t:|1655753918
|start
|switch|p1a: Gundari: Ryuseigun|Urshifu-Rapid-Strike, F|100/100
|switch|p2a: Billy B.|Marowak-Alola, M|100/100
|turn|1
|
|t:|1655753934
|switch|p2a: Sonso|Slowbro, M|100/100
|move|p1a: Gundari: Ryuseigun|U-turn|p2a: Sonso
|-supereffective|p2a: Sonso
|-damage|p2a: Sonso|59/100
|
|t:|1655753940
|switch|p1a: Raimei Hakke|Kartana|100/100|[from]move: U-turn
|
|upkeep
|turn|2
|
|t:|1655753944
|switch|p2a: Thorns|Ferrothorn, F|100/100
|move|p1a: Raimei Hakke|Knock Off|p2a: Thorns
|-damage|p2a: Thorns|64/100
|-damage|p1a: Raimei Hakke|88/100|[from] ability: Iron Barbs|[of] p2a: Thorns
|-enditem|p2a: Thorns|Leftovers|[from] move: Knock Off|[of] p1a: Raimei Hakke
|
|upkeep
|turn|3
|
|t:|1655753954
|move|p1a: Raimei Hakke|Knock Off|p2a: Thorns
|-damage|p2a: Thorns|44/100
|-damage|p1a: Raimei Hakke|76/100|[from] ability: Iron Barbs|[of] p2a: Thorns
|move|p2a: Thorns|Stealth Rock|p1a: Raimei Hakke
|-sidestart|p1: Raimei Hakkei|move: Stealth Rock
|
|upkeep
|turn|4
|
|t:|1655753965
|switch|p1a: Flirty Drunk|Clefable, M|100/100
|switch|p2a: Sonso|Slowbro, M|92/100
|
|upkeep
|turn|5
|
|t:|1655753973
|switch|p2a: Gorra|Hatterene, F|100/100
|move|p1a: Flirty Drunk|Stealth Rock|p2a: Gorra
|move|p2a: Gorra|Stealth Rock||[from]ability: Magic Bounce|[still]
|-fail|p2a: Gorra
|
|upkeep
|turn|6
|j| clflucker
|
|t:|1655753981
|move|p1a: Flirty Drunk|Moonblast|p2a: Gorra
|-damage|p2a: Gorra|74/100
|move|p2a: Gorra|Mystical Fire|p1a: Flirty Drunk
|-damage|p1a: Flirty Drunk|85/100
|-unboost|p1a: Flirty Drunk|spa|1
|
|-heal|p1a: Flirty Drunk|91/100|[from] item: Leftovers
|upkeep
|turn|7
|
|t:|1655753990
|move|p1a: Flirty Drunk|Stealth Rock|p2a: Gorra
|move|p2a: Gorra|Stealth Rock||[from]ability: Magic Bounce|[still]
|-fail|p2a: Gorra
|move|p2a: Gorra|Trick Room|p2a: Gorra
|-fieldstart|move: Trick Room|[of] p2a: Gorra
|
|-heal|p1a: Flirty Drunk|97/100|[from] item: Leftovers
|upkeep
|turn|8
|
|t:|1655753998
|switch|p2a: Billy B.|Marowak-Alola, M|100/100
|move|p1a: Flirty Drunk|Moonblast|p2a: Billy B.
|-resisted|p2a: Billy B.
|-damage|p2a: Billy B.|87/100
|-unboost|p2a: Billy B.|spa|1
|
|-heal|p1a: Flirty Drunk|100/100|[from] item: Leftovers
|upkeep
|turn|9
|
|t:|1655754010
|switch|p1a: Gundari: Ryuseigun|Urshifu-Rapid-Strike, F|100/100
|-damage|p1a: Gundari: Ryuseigun|94/100|[from] Stealth Rock
|move|p2a: Billy B.|Swords Dance|p2a: Billy B.
|-boost|p2a: Billy B.|atk|2
|
|upkeep
|turn|10
|
|t:|1655754017
|move|p1a: Gundari: Ryuseigun|Aqua Jet|p2a: Billy B.
|-supereffective|p2a: Billy B.
|-damage|p2a: Billy B.|22/100
|move|p2a: Billy B.|Flare Blitz|p1a: Gundari: Ryuseigun
|-resisted|p1a: Gundari: Ryuseigun
|-damage|p1a: Gundari: Ryuseigun|0 fnt
|faint|p1a: Gundari: Ryuseigun
|
|upkeep
|
|t:|1655754038
|switch|p1a: Raging Drunk|Landorus-Therian, M|100/100
|-damage|p1a: Raging Drunk|88/100|[from] Stealth Rock
|-ability|p1a: Raging Drunk|Intimidate|boost
|-unboost|p2a: Billy B.|atk|1
|turn|11
|
|t:|1655754045
|move|p2a: Billy B.|Flare Blitz|p1a: Raging Drunk
|-damage|p1a: Raging Drunk|0 fnt
|faint|p1a: Raging Drunk
|
|-fieldend|move: Trick Room
|upkeep
|
|t:|1655754047
|switch|p1a: Raimei Hakke|Kartana|76/100
|-damage|p1a: Raimei Hakke|70/100|[from] Stealth Rock
|turn|12
|
|t:|1655754053
|switch|p2a: Thorns|Ferrothorn, F|44/100
|move|p1a: Raimei Hakke|Knock Off|p2a: Thorns
|-damage|p2a: Thorns|20/100
|-damage|p1a: Raimei Hakke|57/100|[from] ability: Iron Barbs|[of] p2a: Thorns
|
|upkeep
|turn|13
|
|t:|1655754060
|switch|p2a: Sonso|Slowbro, M|100/100
|move|p1a: Raimei Hakke|Knock Off|p2a: Sonso
|-supereffective|p2a: Sonso
|-enditem|p2a: Sonso|Colbur Berry|[eat]
|-enditem|p2a: Sonso|Colbur Berry|[weaken]
|-damage|p2a: Sonso|74/100
|
|upkeep
|turn|14
|
|t:|1655754069
|switch|p1a: Kosanze: Ragnaraku|Toxtricity, M|100/100
|-damage|p1a: Kosanze: Ragnaraku|88/100|[from] Stealth Rock
|move|p2a: Sonso|Trick Room|p2a: Sonso
|-fieldstart|move: Trick Room|[of] p2a: Sonso
|
|upkeep
|turn|15
|
|t:|1655754076
|switch|p2a: Thorns|Ferrothorn, F|20/100
|move|p1a: Kosanze: Ragnaraku|Sludge Wave|p2a: Thorns
|-immune|p2a: Thorns
|
|upkeep
|turn|16
|
|t:|1655754081
|move|p2a: Thorns|Gyro Ball|p1a: Kosanze: Ragnaraku
|-resisted|p1a: Kosanze: Ragnaraku
|-damage|p1a: Kosanze: Ragnaraku|52/100
|move|p1a: Kosanze: Ragnaraku|Sludge Wave|p2a: Thorns
|-immune|p2a: Thorns
|
|upkeep
|turn|17
|
|t:|1655754088
|move|p2a: Thorns|Gyro Ball|p1a: Kosanze: Ragnaraku
|-resisted|p1a: Kosanze: Ragnaraku
|-damage|p1a: Kosanze: Ragnaraku|15/100
|move|p1a: Kosanze: Ragnaraku|Sludge Wave|p2a: Thorns
|-immune|p2a: Thorns
|
|upkeep
|turn|18
|
|t:|1655754095
|move|p2a: Thorns|Leech Seed|p1a: Kosanze: Ragnaraku
|-start|p1a: Kosanze: Ragnaraku|move: Leech Seed
|move|p1a: Kosanze: Ragnaraku|Sludge Wave|p2a: Thorns
|-immune|p2a: Thorns
|
|-damage|p1a: Kosanze: Ragnaraku|2/100|[from] Leech Seed|[of] p2a: Thorns
|-heal|p2a: Thorns|30/100|[silent]
|-fieldend|move: Trick Room
|upkeep
|turn|19
|
|t:|1655754105
|switch|p1a: Horai Hakke|Buzzwole|100/100
|-damage|p1a: Horai Hakke|88/100|[from] Stealth Rock
|move|p2a: Thorns|Leech Seed|p1a: Horai Hakke
|-start|p1a: Horai Hakke|move: Leech Seed
|
|-damage|p1a: Horai Hakke|76/100|[from] Leech Seed|[of] p2a: Thorns
|-heal|p2a: Thorns|45/100|[silent]
|upkeep
|turn|20
|
|t:|1655754112
|switch|p2a: Sonso|Slowbro, M|100/100
|move|p1a: Horai Hakke|Earthquake|p2a: Sonso
|-damage|p2a: Sonso|81/100
|
|-damage|p1a: Horai Hakke|63/100|[from] Leech Seed|[of] p2a: Sonso
|-heal|p2a: Sonso|94/100|[silent]
|upkeep
|turn|21
|-message|Raimei Hakkei forfeited.
|
|win|Sombra Diurna
|raw|Raimei Hakkei's rating: 1610 &rarr; <strong>1601</strong><br />(-9 for losing)
|raw|Sombra Diurna's rating: 1832 &rarr; <strong>1841</strong><br />(+9 for winning)
|l|☆Raimei Hakkei
||Ladder isn't responding, score probably updated but might not have (Request timeout).
|l|☆Sombra Diurna
