|raw|<div class="broadcast-blue"><strong>This battle is required to be public due to a player having a name starting with 'lt94je'.</div>
|j|☆lt94je xavgb
|j|☆return nirvana
|t:|1661581928
|gametype|singles
|player|p1|lt94je xavgb|170|1793
|player|p2|return nirvana|cynthia-masters2|1970
|teamsize|p1|6
|teamsize|p2|6
|gen|8
|tier|[Gen 8] OU
|rated|
|rule|Sleep Clause Mod: Limit one foe put to sleep
|rule|Species Clause: Limit one of each Pokémon
|rule|OHKO Clause: OHKO moves are banned
|rule|Evasion Items Clause: Evasion items are banned
|rule|Evasion Moves Clause: Evasion moves are banned
|rule|Endless Battle Clause: Forcing endless battles is banned
|rule|HP Percentage Mod: HP is shown in percentages
|rule|Dynamax Clause: You cannot dynamax
|clearpoke
|poke|p1|Ferrothorn, M|
|poke|p1|Rotom-Wash|
|poke|p1|Tyranitar, F|
|poke|p1|Excadrill, F|
|poke|p1|Clefable, M|
|poke|p1|Dragapult, F|
|poke|p2|Tornadus-Therian, M|
|poke|p2|Ferrothorn, M|
|poke|p2|Blacephalon|
|poke|p2|Kommo-o, F|
|poke|p2|Landorus-Therian, M|
|poke|p2|Clefable, F|
|teampreview
|j| YuJiu
|
|t:|1661581960
|start
|switch|p1a: Clefable|Clefable, M|100/100
|switch|p2a: Tornadus|Tornadus-Therian, M|100/100
|turn|1
|j| LT94JE PZZ
|
|t:|1661581976
|move|p2a: Tornadus|U-turn|p1a: Clefable
|-resisted|p1a: Clefable
|-crit|p1a: Clefable
|-damage|p1a: Clefable|93/100
|-damage|p2a: Tornadus|84/100|[from] item: Rocky Helmet|[of] p1a: Clefable
|j| LT94JenPlsComeBack
|
|t:|1661581978
|switch|p2a: Clefable|Clefable, F|100/100|[from]move: U-turn
|move|p1a: Clefable|Knock Off|p2a: Clefable
|-resisted|p2a: Clefable
|-damage|p2a: Clefable|95/100
|-enditem|p2a: Clefable|Sticky Barb|[from] move: Knock Off|[of] p1a: Clefable
|
|upkeep
|turn|2
|
|t:|1661581984
|move|p1a: Clefable|Stealth Rock|p2a: Clefable
|-sidestart|p2: return nirvana|move: Stealth Rock
|move|p2a: Clefable|Thunder Wave|p1a: Clefable
|-status|p1a: Clefable|par
|
|upkeep
|turn|3
|j| storm zone
|
|t:|1661581997
|move|p2a: Clefable|Moonblast|p1a: Clefable
|-damage|p1a: Clefable|65/100 par
|move|p1a: Clefable|Moonblast|p2a: Clefable
|-damage|p2a: Clefable|68/100
|
|upkeep
|turn|4
|
|t:|1661582002
|move|p2a: Clefable|Soft-Boiled|p2a: Clefable
|-heal|p2a: Clefable|100/100
|move|p1a: Clefable|Soft-Boiled|p1a: Clefable
|-heal|p1a: Clefable|100/100 par
|
|upkeep
|turn|5
|
|t:|1661582026
|switch|p1a: Ferrothorn|Ferrothorn, M|100/100
|move|p2a: Clefable|Moonblast|p1a: Ferrothorn
|-resisted|p1a: Ferrothorn
|-damage|p1a: Ferrothorn|87/100
|
|-heal|p1a: Ferrothorn|93/100|[from] item: Leftovers
|upkeep
|turn|6
|
|t:|1661582039
|switch|p2a: Kommo-o|Kommo-o, F|100/100
|-damage|p2a: Kommo-o|94/100|[from] Stealth Rock
|move|p1a: Ferrothorn|Spikes|p2a: Kommo-o
|-sidestart|p2: return nirvana|Spikes
|
|-heal|p2a: Kommo-o|100/100|[from] item: Leftovers
|-heal|p1a: Ferrothorn|99/100|[from] item: Leftovers
|upkeep
|turn|7
|j| zReptar
|l| zReptar
|
|t:|1661582051
|switch|p1a: Clefable|Clefable, M|100/100 par
|move|p2a: Kommo-o|Stealth Rock|p1a: Clefable
|-sidestart|p1: lt94je xavgb|move: Stealth Rock
|
|upkeep
|turn|8
|
|t:|1661582062
|switch|p2a: Clefable|Clefable, F|100/100
|cant|p1a: Clefable|par
|
|upkeep
|turn|9
|
|t:|1661582071
|switch|p1a: Ferrothorn|Ferrothorn, M|99/100
|-damage|p1a: Ferrothorn|93/100|[from] Stealth Rock
|move|p2a: Clefable|Moonblast|p1a: Ferrothorn
|-resisted|p1a: Ferrothorn
|-damage|p1a: Ferrothorn|80/100
|
|-heal|p1a: Ferrothorn|86/100|[from] item: Leftovers
|upkeep
|turn|10
|
|t:|1661582075
|move|p2a: Clefable|Thunder Wave|p1a: Ferrothorn
|-status|p1a: Ferrothorn|par
|move|p1a: Ferrothorn|Spikes|p2a: Clefable
|-sidestart|p2: return nirvana|Spikes
|
|-heal|p1a: Ferrothorn|92/100 par|[from] item: Leftovers
|upkeep
|turn|11
|
|t:|1661582096
|switch|p2a: Blacephalon|Blacephalon|100/100
|switch|p1a: Rotom|Rotom-Wash|100/100
|-damage|p1a: Rotom|88/100|[from] Stealth Rock
|
|-heal|p1a: Rotom|94/100|[from] item: Leftovers
|upkeep
|turn|12
|j| zReptar
|
|t:|1661582105
|switch|p2a: Ferrothorn|Ferrothorn, M|100/100
|-damage|p2a: Ferrothorn|94/100|[from] Stealth Rock
|-damage|p2a: Ferrothorn|78/100|[from] Spikes
|move|p1a: Rotom|Volt Switch|p2a: Ferrothorn
|-resisted|p2a: Ferrothorn
|-damage|p2a: Ferrothorn|67/100
|
|t:|1661582109
|switch|p1a: Dragapult|Dragapult, F|100/100|[from]move: Volt Switch
|-damage|p1a: Dragapult|88/100|[from] Stealth Rock
|
|-heal|p2a: Ferrothorn|74/100|[from] item: Leftovers
|upkeep
|turn|13
|
|t:|1661582118
|switch|p2a: Tornadus|Tornadus-Therian, M|100/100
|move|p1a: Dragapult|Shadow Ball|p2a: Tornadus
|-damage|p2a: Tornadus|41/100
|
|upkeep
|turn|14
|
|t:|1661582124
|switch|p1a: Clefable|Clefable, M|100/100 par
|switch|p2a: Kommo-o|Kommo-o, F|100/100
|-damage|p2a: Kommo-o|94/100|[from] Stealth Rock
|-damage|p2a: Kommo-o|78/100|[from] Spikes
|
|-heal|p2a: Kommo-o|84/100|[from] item: Leftovers
|upkeep
|turn|15
|
|t:|1661582133
|move|p2a: Kommo-o|Protect|p2a: Kommo-o
|-singleturn|p2a: Kommo-o|Protect
|move|p1a: Clefable|Moonblast|p2a: Kommo-o
|-activate|p2a: Kommo-o|move: Protect
|
|-heal|p2a: Kommo-o|90/100|[from] item: Leftovers
|upkeep
|turn|16
|
|t:|1661582141
|switch|p2a: Clefable|Clefable, F|100/100
|cant|p1a: Clefable|par
|
|upkeep
|turn|17
|j| lt94je nick
|
|t:|1661582151
|move|p2a: Clefable|Wish|p2a: Clefable
|move|p1a: Clefable|Moonblast|p2a: Clefable
|-damage|p2a: Clefable|74/100
|-unboost|p2a: Clefable|spa|1
|
|upkeep
|turn|18
|
|t:|1661582165
|switch|p2a: Ferrothorn|Ferrothorn, M|74/100
|-damage|p2a: Ferrothorn|67/100|[from] Stealth Rock
|-damage|p2a: Ferrothorn|51/100|[from] Spikes
|switch|p1a: Rotom|Rotom-Wash|94/100
|-damage|p1a: Rotom|82/100|[from] Stealth Rock
|
|-heal|p2a: Ferrothorn|100/100|[from] move: Wish|[wisher] Clefable
|-heal|p1a: Rotom|88/100|[from] item: Leftovers
|upkeep
|turn|19
|
|t:|1661582171
|move|p1a: Rotom|Volt Switch|p2a: Ferrothorn
|-resisted|p2a: Ferrothorn
|-damage|p2a: Ferrothorn|89/100
|j| spectatoring
|j| SenRine
|j| Golem Rising
|j| AlIoutdragadarts
|
|t:|1661582209
|switch|p1a: Clefable|Clefable, M|100/100 par|[from]move: Volt Switch
|move|p2a: Ferrothorn|Knock Off|p1a: Clefable
|-resisted|p1a: Clefable
|-damage|p1a: Clefable|92/100 par
|-damage|p2a: Ferrothorn|73/100|[from] item: Rocky Helmet|[of] p1a: Clefable
|-enditem|p1a: Clefable|Rocky Helmet|[from] move: Knock Off|[of] p2a: Ferrothorn
|
|-heal|p2a: Ferrothorn|79/100|[from] item: Leftovers
|upkeep
|turn|20
|l| spectatoring
|j| pls send team
|
|t:|1661582214
|move|p2a: Ferrothorn|Iron Head|p1a: Clefable
|-supereffective|p1a: Clefable
|-damage|p1a: Clefable|54/100 par
|move|p1a: Clefable|Knock Off|p2a: Ferrothorn
|-damage|p2a: Ferrothorn|70/100
|-activate|p2a: Ferrothorn|ability: Iron Barbs
|-enditem|p2a: Ferrothorn|Leftovers|[from] move: Knock Off|[of] p1a: Clefable
|
|upkeep
|turn|21
|j| ocklocker
|
|t:|1661582222
|switch|p1a: Ferrothorn|Ferrothorn, M|92/100 par
|-damage|p1a: Ferrothorn|86/100 par|[from] Stealth Rock
|move|p2a: Ferrothorn|Spikes|p1a: Ferrothorn
|-sidestart|p1: lt94je xavgb|Spikes
|
|-heal|p1a: Ferrothorn|92/100 par|[from] item: Leftovers
|upkeep
|turn|22
|
|t:|1661582237
|switch|p2a: Blacephalon|Blacephalon|100/100
|switch|p1a: Rotom|Rotom-Wash|88/100
|-damage|p1a: Rotom|75/100|[from] Stealth Rock
|
|-heal|p1a: Rotom|82/100|[from] item: Leftovers
|upkeep
|turn|23
|
|t:|1661582245
|switch|p2a: Ferrothorn|Ferrothorn, M|70/100
|-damage|p2a: Ferrothorn|64/100|[from] Stealth Rock
|-damage|p2a: Ferrothorn|47/100|[from] Spikes
|move|p1a: Rotom|Hydro Pump|p2a: Ferrothorn
|-resisted|p2a: Ferrothorn
|-damage|p2a: Ferrothorn|32/100
|
|-heal|p1a: Rotom|88/100|[from] item: Leftovers
|upkeep
|turn|24
|l| Golem Rising
|
|t:|1661582268
|move|p1a: Rotom|Hydro Pump|p2a: Ferrothorn
|-resisted|p2a: Ferrothorn
|-damage|p2a: Ferrothorn|15/100
|move|p2a: Ferrothorn|Knock Off|p1a: Rotom
|-damage|p1a: Rotom|67/100
|-enditem|p1a: Rotom|Leftovers|[from] move: Knock Off|[of] p2a: Ferrothorn
|
|upkeep
|turn|25
|
|t:|1661582275
|move|p1a: Rotom|Hydro Pump|p2a: Ferrothorn
|-resisted|p2a: Ferrothorn
|-damage|p2a: Ferrothorn|0 fnt
|faint|p2a: Ferrothorn
|
|upkeep
|
|t:|1661582285
|switch|p2a: Kommo-o|Kommo-o, F|90/100
|-damage|p2a: Kommo-o|84/100|[from] Stealth Rock
|-damage|p2a: Kommo-o|67/100|[from] Spikes
|turn|26
|j| LT94JE xia
|
|t:|1661582307
|move|p1a: Rotom|Volt Switch|p2a: Kommo-o
|-resisted|p2a: Kommo-o
|-damage|p2a: Kommo-o|55/100
|
|t:|1661582309
|switch|p1a: Clefable|Clefable, M|54/100 par|[from]move: Volt Switch
|move|p2a: Kommo-o|Body Press|p1a: Clefable
|-resisted|p1a: Clefable
|-damage|p1a: Clefable|36/100 par
|
|-heal|p2a: Kommo-o|62/100|[from] item: Leftovers
|upkeep
|turn|27
|
|t:|1661582314
|move|p2a: Kommo-o|Body Press|p1a: Clefable
|-resisted|p1a: Clefable
|-damage|p1a: Clefable|20/100 par
|cant|p1a: Clefable|par
|
|-heal|p2a: Kommo-o|68/100|[from] item: Leftovers
|upkeep
|turn|28
|
|t:|1661582317
|move|p2a: Kommo-o|Body Press|p1a: Clefable
|-resisted|p1a: Clefable
|-damage|p1a: Clefable|4/100 par
|cant|p1a: Clefable|par
|
|-heal|p2a: Kommo-o|74/100|[from] item: Leftovers
|upkeep
|turn|29
|
|t:|1661582321
|switch|p1a: Dragapult|Dragapult, F|88/100
|-damage|p1a: Dragapult|76/100|[from] Stealth Rock
|-damage|p1a: Dragapult|64/100|[from] Spikes
|move|p2a: Kommo-o|Body Press|p1a: Dragapult
|-immune|p1a: Dragapult
|
|-heal|p2a: Kommo-o|80/100|[from] item: Leftovers
|upkeep
|turn|30
|
|t:|1661582326
|move|p2a: Kommo-o|Protect|p2a: Kommo-o
|-singleturn|p2a: Kommo-o|Protect
|move|p1a: Dragapult|Draco Meteor|p2a: Kommo-o
|-activate|p2a: Kommo-o|move: Protect
|
|-heal|p2a: Kommo-o|86/100|[from] item: Leftovers
|upkeep
|turn|31
|l| LT94JE xia
|
|t:|1661582331
|switch|p1a: Excadrill|Excadrill, F|100/100
|-damage|p1a: Excadrill|97/100|[from] Stealth Rock
|-damage|p1a: Excadrill|85/100|[from] Spikes
|move|p2a: Kommo-o|Body Press|p1a: Excadrill
|-supereffective|p1a: Excadrill
|-damage|p1a: Excadrill|0 fnt
|faint|p1a: Excadrill
|
|-heal|p2a: Kommo-o|93/100|[from] item: Leftovers
|upkeep
|
|t:|1661582345
|switch|p1a: Rotom|Rotom-Wash|67/100
|-damage|p1a: Rotom|55/100|[from] Stealth Rock
|turn|32
|l| AlIoutdragadarts
|j| DevilishGreg
|l| pls send team
|
|t:|1661582358
|move|p1a: Rotom|Toxic|p2a: Kommo-o
|-status|p2a: Kommo-o|tox
|move|p2a: Kommo-o|Toxic|p1a: Rotom
|-status|p1a: Rotom|tox
|
|-heal|p2a: Kommo-o|99/100 tox|[from] item: Leftovers
|-damage|p1a: Rotom|49/100 tox|[from] psn
|-damage|p2a: Kommo-o|93/100 tox|[from] psn
|upkeep
|turn|33
|
|t:|1661582365
|move|p1a: Rotom|Pain Split|p2a: Kommo-o
|-sethp|p2a: Kommo-o|69/100 tox|[from] move: Pain Split|[silent]
|-sethp|p1a: Rotom|73/100 tox|[from] move: Pain Split
|move|p2a: Kommo-o|Body Press|p1a: Rotom
|-damage|p1a: Rotom|28/100 tox
|
|-heal|p2a: Kommo-o|76/100 tox|[from] item: Leftovers
|-damage|p1a: Rotom|16/100 tox|[from] psn
|-damage|p2a: Kommo-o|63/100 tox|[from] psn
|upkeep
|turn|34
|j| Paper Harlot
|j| A Balanced Diet
|l| Paper Harlot
|
|t:|1661582381
|move|p1a: Rotom|Volt Switch|p2a: Kommo-o
|-resisted|p2a: Kommo-o
|-damage|p2a: Kommo-o|51/100 tox
|
|t:|1661582383
|switch|p1a: Dragapult|Dragapult, F|64/100|[from]move: Volt Switch
|-damage|p1a: Dragapult|51/100|[from] Stealth Rock
|-damage|p1a: Dragapult|39/100|[from] Spikes
|move|p2a: Kommo-o|Body Press|p1a: Dragapult
|-immune|p1a: Dragapult
|
|-heal|p2a: Kommo-o|57/100 tox|[from] item: Leftovers
|-damage|p2a: Kommo-o|39/100 tox|[from] psn
|upkeep
|turn|35
|
|t:|1661582399
|move|p1a: Dragapult|U-turn|p2a: Kommo-o
|-resisted|p2a: Kommo-o
|-damage|p2a: Kommo-o|33/100 tox
|
|t:|1661582410
|switch|p1a: Clefable|Clefable, M|4/100 par|[from]move: U-turn
|move|p2a: Kommo-o|Toxic||[still]
|-fail|p2a: Kommo-o
|
|-heal|p2a: Kommo-o|39/100 tox|[from] item: Leftovers
|-damage|p2a: Kommo-o|15/100 tox|[from] psn
|upkeep
|turn|36
|
|t:|1661582418
|switch|p1a: Dragapult|Dragapult, F|39/100
|-damage|p1a: Dragapult|27/100|[from] Stealth Rock
|-damage|p1a: Dragapult|14/100|[from] Spikes
|move|p2a: Kommo-o|Body Press|p1a: Dragapult
|-immune|p1a: Dragapult
|
|-heal|p2a: Kommo-o|21/100 tox|[from] item: Leftovers
|-damage|p2a: Kommo-o|0 fnt|[from] psn
|faint|p2a: Kommo-o
|upkeep
|
|t:|1661582424
|switch|p2a: Clefable|Clefable, F|74/100
|turn|37
|
|t:|1661582432
|move|p1a: Dragapult|Shadow Ball|p2a: Clefable
|-damage|p2a: Clefable|23/100
|move|p2a: Clefable|Moonblast|p1a: Dragapult
|-supereffective|p1a: Dragapult
|-damage|p1a: Dragapult|0 fnt
|faint|p1a: Dragapult
|
|upkeep
|
|t:|1661582452
|switch|p1a: Tyranitar|Tyranitar, F|100/100
|-damage|p1a: Tyranitar|88/100|[from] Stealth Rock
|-damage|p1a: Tyranitar|76/100|[from] Spikes
|-weather|Sandstorm|[from] ability: Sand Stream|[of] p1a: Tyranitar
|turn|38
|
|t:|1661582457
|switch|p2a: Tornadus|Tornadus-Therian, M|74/100
|move|p1a: Tyranitar|Crunch|p2a: Tornadus
|-damage|p2a: Tornadus|6/100
|
|-weather|Sandstorm|[upkeep]
|-damage|p2a: Tornadus|0 fnt|[from] Sandstorm
|faint|p2a: Tornadus
|upkeep
|
|t:|1661582460
|switch|p2a: Landorus|Landorus-Therian, M|100/100
|-damage|p2a: Landorus|88/100|[from] Stealth Rock
|-ability|p2a: Landorus|Intimidate|boost
|-unboost|p1a: Tyranitar|atk|1
|turn|39
|
|t:|1661582472
|switch|p1a: Clefable|Clefable, M|4/100 par
|move|p2a: Landorus|Earthquake|p1a: Clefable
|-damage|p1a: Clefable|0 fnt
|faint|p1a: Clefable
|
|-weather|Sandstorm|[upkeep]
|-heal|p2a: Landorus|94/100|[from] item: Leftovers
|upkeep
|
|t:|1661582476
|switch|p1a: Rotom|Rotom-Wash|16/100 tox
|-damage|p1a: Rotom|3/100 tox|[from] Stealth Rock
|turn|40
|
|t:|1661582484
|switch|p2a: Clefable|Clefable, F|23/100
|move|p1a: Rotom|Pain Split|p2a: Clefable
|-sethp|p2a: Clefable|13/100|[from] move: Pain Split|[silent]
|-sethp|p1a: Rotom|17/100 tox|[from] move: Pain Split
|
|-weather|Sandstorm|[upkeep]
|-damage|p1a: Rotom|10/100 tox|[from] Sandstorm
|-damage|p1a: Rotom|4/100 tox|[from] psn
|upkeep
|turn|41
|j| Wish i was gud
|
|t:|1661582503
|move|p1a: Rotom|Volt Switch|p2a: Clefable
|-damage|p2a: Clefable|0 fnt
|faint|p2a: Clefable
|j| Momentary Life
|
|t:|1661582507
|switch|p1a: Ferrothorn|Ferrothorn, M|92/100 par|[from]move: Volt Switch
|-damage|p1a: Ferrothorn|86/100 par|[from] Stealth Rock
|-damage|p1a: Ferrothorn|73/100 par|[from] Spikes
|
|-weather|Sandstorm|[upkeep]
|-heal|p1a: Ferrothorn|79/100 par|[from] item: Leftovers
|upkeep
|
|t:|1661582510
|switch|p2a: Blacephalon|Blacephalon|100/100
|turn|42
|
|t:|1661582520
|switch|p2a: Landorus|Landorus-Therian, M|94/100
|-damage|p2a: Landorus|82/100|[from] Stealth Rock
|-ability|p2a: Landorus|Intimidate|boost
|-unboost|p1a: Ferrothorn|atk|1
|switch|p1a: Rotom|Rotom-Wash|4/100 tox
|-damage|p1a: Rotom|0 fnt|[from] Stealth Rock
|faint|p1a: Rotom
|
|-weather|none
|-heal|p2a: Landorus|88/100|[from] item: Leftovers
|upkeep
|
|t:|1661582560
|switch|p1a: Ferrothorn|Ferrothorn, M|79/100 par
|-damage|p1a: Ferrothorn|73/100 par|[from] Stealth Rock
|-damage|p1a: Ferrothorn|61/100 par|[from] Spikes
|turn|43
|
|t:|1661582563
|move|p2a: Landorus|Knock Off|p1a: Ferrothorn
|-damage|p1a: Ferrothorn|44/100 par
|-damage|p2a: Landorus|76/100|[from] ability: Iron Barbs|[of] p1a: Ferrothorn
|-enditem|p1a: Ferrothorn|Leftovers|[from] move: Knock Off|[of] p2a: Landorus
|move|p1a: Ferrothorn|Leech Seed|p2a: Landorus
|-start|p2a: Landorus|move: Leech Seed
|
|-heal|p2a: Landorus|82/100|[from] item: Leftovers
|-damage|p2a: Landorus|69/100|[from] Leech Seed|[of] p1a: Ferrothorn
|-heal|p1a: Ferrothorn|57/100 par|[silent]
|upkeep
|turn|44
|l| SenRine
|
|t:|1661582572
|move|p2a: Landorus|Earthquake|p1a: Ferrothorn
|-damage|p1a: Ferrothorn|30/100 par
|move|p1a: Ferrothorn|Leech Seed||[still]
|-fail|p1a: Ferrothorn
|
|-heal|p2a: Landorus|75/100|[from] item: Leftovers
|-damage|p2a: Landorus|63/100|[from] Leech Seed|[of] p1a: Ferrothorn
|-heal|p1a: Ferrothorn|44/100 par|[silent]
|upkeep
|turn|45
|
|t:|1661582580
|switch|p2a: Blacephalon|Blacephalon|100/100
|move|p1a: Ferrothorn|Body Press|p2a: Blacephalon
|-immune|p2a: Blacephalon
|
|upkeep
|turn|46
|
|t:|1661582586
|move|p2a: Blacephalon|Flamethrower|p1a: Ferrothorn
|-supereffective|p1a: Ferrothorn
|-damage|p1a: Ferrothorn|0 fnt
|faint|p1a: Ferrothorn
|-ability|p2a: Blacephalon|Beast Boost|boost
|-boost|p2a: Blacephalon|spa|1
|
|upkeep
|
|t:|1661582588
|switch|p1a: Tyranitar|Tyranitar, F|76/100
|-damage|p1a: Tyranitar|64/100|[from] Stealth Rock
|-damage|p1a: Tyranitar|51/100|[from] Spikes
|-weather|Sandstorm|[from] ability: Sand Stream|[of] p1a: Tyranitar
|turn|47
|j| inv solak plz
|
|t:|1661582595
|move|p2a: Blacephalon|Will-O-Wisp|p1a: Tyranitar
|-status|p1a: Tyranitar|brn
|move|p1a: Tyranitar|Stone Edge|p2a: Blacephalon
|-supereffective|p2a: Blacephalon
|-damage|p2a: Blacephalon|0 fnt
|faint|p2a: Blacephalon
|
|-weather|Sandstorm|[upkeep]
|-damage|p1a: Tyranitar|45/100 brn|[from] brn
|upkeep
|
|t:|1661582598
|switch|p2a: Landorus|Landorus-Therian, M|63/100
|-damage|p2a: Landorus|51/100|[from] Stealth Rock
|-ability|p2a: Landorus|Intimidate|boost
|-unboost|p1a: Tyranitar|atk|1
|turn|48
|
|t:|1661582601
|move|p2a: Landorus|Earthquake|p1a: Tyranitar
|-supereffective|p1a: Tyranitar
|-damage|p1a: Tyranitar|0 fnt
|faint|p1a: Tyranitar
|
|win|return nirvana
|raw|lt94je xavgb's rating: 1793 &rarr; <strong>1782</strong><br />(-11 for losing)
|raw|return nirvana's rating: 1970 &rarr; <strong>1981</strong><br />(+11 for winning)
|j| SunTeamPupil
|c|☆lt94je xavgb|gg
|l| LT94JE PZZ
|c|☆return nirvana|gg
|l| A Balanced Diet
|l| lt94je nick
|c|☆return nirvana|apologies for dual para
|c|☆lt94je xavgb|happens
|l|☆return nirvana
|l| inv solak plz
|l| DevilishGreg
