|j|☆Commando 55
|j|☆Shootingwolf
|t:|1595757873
|player|p1|Commando 55|iris-gen5bw2|1822
|player|p2|Shootingwolf|erika|1722
|teamsize|p1|6
|teamsize|p2|6
|gametype|singles
|gen|8
|tier|[Gen 8] OU
|rated|
|html|<div class="broadcast-blue"><strong>OU is currently suspecting Magearna! For information on how to participate check out the <a href="https://www.smogon.com/forums/threads/3667669/">suspect thread</a>.</strong></div>
|clearpoke
|poke|p1|Torkoal, M|
|poke|p1|Talonflame, F|
|poke|p1|Cinderace, M|
|poke|p1|Clefable, M|
|poke|p1|Gastrodon-East, F|
|poke|p1|Rotom-Mow|
|poke|p2|Urshifu-*, F|
|poke|p2|Amoonguss, M|
|poke|p2|Volcarona, F|
|poke|p2|Mandibuzz, F|
|poke|p2|Gengar, M|
|poke|p2|Chansey, F|
|rule|Sleep Clause Mod: Limit one foe put to sleep
|rule|Species Clause: Limit one of each Pokémon
|rule|OHKO Clause: OHKO moves are banned
|rule|Evasion Moves Clause: Evasion moves are banned
|rule|Endless Battle Clause: Forcing endless battles is banned
|rule|HP Percentage Mod: HP is shown in percentages
|rule|Dynamax Clause: You cannot dynamax
|teampreview
|inactive|Battle timer is ON: inactive players will automatically lose when time's up. (requested by Commando 55)
|
|t:|1595757888
|start
|switch|p1a: Cinderace|Cinderace, M, shiny|100/100
|switch|p2a: Chansey|Chansey, F|100/100
|turn|1
|
|t:|1595757896
|switch|p2a: Gengar|Gengar, M|100/100
|move|p1a: Cinderace|High Jump Kick|p2a: Gengar
|-start|p1a: Cinderace|typechange|Fighting|[from] ability: Libero
|-immune|p2a: Gengar
|-damage|p1a: Cinderace|51/100|[from] highjumpkick
|
|upkeep
|turn|2
|
|t:|1595757907
|switch|p1a: Gastrodon|Gastrodon-East, F|100/100
|move|p2a: Gengar|Sludge Bomb|p1a: Gastrodon
|-resisted|p1a: Gastrodon
|-damage|p1a: Gastrodon|84/100
|
|-heal|p1a: Gastrodon|90/100|[from] item: Leftovers
|upkeep
|turn|3
|
|t:|1595757917
|switch|p2a: Mandibuzz|Mandibuzz, F|100/100
|switch|p1a: Torkoal|Torkoal, M|100/100
|-weather|SunnyDay|[from] ability: Drought|[of] p1a: Torkoal
|
|-weather|SunnyDay|[upkeep]
|upkeep
|turn|4
|
|t:|1595757926
|move|p2a: Mandibuzz|U-turn|p1a: Torkoal
|-resisted|p1a: Torkoal
|-damage|p1a: Torkoal|97/100
|
|t:|1595757929
|switch|p2a: Chansey|Chansey, F|100/100|[from]move: U-turn
|move|p1a: Torkoal|Stealth Rock|p2a: Chansey
|-sidestart|p2: Shootingwolf|move: Stealth Rock
|
|-weather|SunnyDay|[upkeep]
|upkeep
|turn|5
|
|t:|1595757937
|switch|p1a: Clefable|Clefable, M|100/100
|move|p2a: Chansey|Stealth Rock|p1a: Clefable
|-sidestart|p1: Commando 55|move: Stealth Rock
|
|-weather|SunnyDay|[upkeep]
|upkeep
|turn|6
|
|t:|1595757942
|move|p1a: Clefable|Wish|p1a: Clefable
|move|p2a: Chansey|Teleport|p2a: Chansey
|
|t:|1595757952
|switch|p2a: Gengar|Gengar, M|100/100|[from]move: Teleport
|-damage|p2a: Gengar|88/100|[from] Stealth Rock
|
|-weather|SunnyDay|[upkeep]
|upkeep
|turn|7
|
|t:|1595757958
|switch|p1a: Gastrodon|Gastrodon-East, F|90/100
|-damage|p1a: Gastrodon|84/100|[from] Stealth Rock
|move|p2a: Gengar|Shadow Ball|p1a: Gastrodon
|-crit|p1a: Gastrodon
|-damage|p1a: Gastrodon|44/100
|
|-weather|none
|-heal|p1a: Gastrodon|90/100|[from] move: Wish|[wisher] Clefable
|-heal|p1a: Gastrodon|96/100|[from] item: Leftovers
|upkeep
|turn|8
|
|t:|1595757970
|switch|p2a: Chansey|Chansey, F|100/100
|-damage|p2a: Chansey|88/100|[from] Stealth Rock
|move|p1a: Gastrodon|Scald|p2a: Chansey
|-damage|p2a: Chansey|80/100
|-status|p2a: Chansey|brn
|
|-heal|p1a: Gastrodon|100/100|[from] item: Leftovers
|-damage|p2a: Chansey|74/100 brn|[from] brn
|upkeep
|turn|9
|
|t:|1595757981
|move|p2a: Chansey|Soft-Boiled|p2a: Chansey
|-heal|p2a: Chansey|100/100 brn
|move|p1a: Gastrodon|Earth Power|p2a: Chansey
|-damage|p2a: Chansey|92/100 brn
|
|-damage|p2a: Chansey|86/100 brn|[from] brn
|upkeep
|turn|10
|
|t:|1595757988
|move|p1a: Gastrodon|Earth Power|p2a: Chansey
|-damage|p2a: Chansey|77/100 brn
|-unboost|p2a: Chansey|spd|1
|move|p2a: Chansey|Teleport|p2a: Chansey
|
|t:|1595757995
|switch|p2a: Amoonguss|Amoonguss, M|100/100|[from]move: Teleport
|-damage|p2a: Amoonguss|88/100|[from] Stealth Rock
|
|-heal|p2a: Amoonguss|94/100|[from] item: Black Sludge
|upkeep
|turn|11
|
|t:|1595758013
|switch|p1a: Torkoal|Torkoal, M|97/100
|-weather|SunnyDay|[from] ability: Drought|[of] p1a: Torkoal
|move|p2a: Amoonguss|Spore|p1a: Torkoal
|-status|p1a: Torkoal|slp|[from] move: Spore
|
|-weather|SunnyDay|[upkeep]
|-heal|p2a: Amoonguss|99/100|[from] item: Black Sludge
|upkeep
|turn|12
|
|t:|1595758020
|switch|p2a: Urshifu|Urshifu, F|100/100
|-damage|p2a: Urshifu|94/100|[from] Stealth Rock
|cant|p1a: Torkoal|slp
|
|-weather|SunnyDay|[upkeep]
|upkeep
|turn|13
|
|t:|1595758025
|switch|p1a: Clefable|Clefable, M|100/100
|move|p2a: Urshifu|Wicked Blow|p1a: Clefable
|-resisted|p1a: Clefable
|-crit|p1a: Clefable
|-damage|p1a: Clefable|65/100
|
|-weather|SunnyDay|[upkeep]
|-heal|p1a: Clefable|72/100|[from] item: Leftovers
|upkeep
|turn|14
|
|t:|1595758033
|move|p2a: Urshifu|Wicked Blow|p1a: Clefable
|-resisted|p1a: Clefable
|-crit|p1a: Clefable
|-damage|p1a: Clefable|38/100
|move|p1a: Clefable|Teleport|p1a: Clefable
|j| iarim
|
|t:|1595758042
|switch|p1a: Cinderace|Cinderace, M, shiny|51/100|[from]move: Teleport
|-damage|p1a: Cinderace|26/100|[from] Stealth Rock
|
|-weather|SunnyDay|[upkeep]
|upkeep
|turn|15
|
|t:|1595758064
|switch|p2a: Mandibuzz|Mandibuzz, F|100/100
|move|p1a: Cinderace|Pyro Ball|p2a: Mandibuzz
|-damage|p2a: Mandibuzz|46/100
|-damage|p1a: Cinderace|16/100|[from] item: Life Orb
|
|-weather|none
|upkeep
|turn|16
|
|t:|1595758071
|switch|p1a: Clefable|Clefable, M|38/100
|move|p2a: Mandibuzz|Roost|p2a: Mandibuzz
|-heal|p2a: Mandibuzz|96/100
|-singleturn|p2a: Mandibuzz|move: Roost
|
|-heal|p1a: Clefable|44/100|[from] item: Leftovers
|upkeep
|turn|17
|
|t:|1595758075
|move|p2a: Mandibuzz|U-turn|p1a: Clefable
|-resisted|p1a: Clefable
|-damage|p1a: Clefable|40/100
|
|t:|1595758078
|switch|p2a: Gengar|Gengar, M|88/100|[from]move: U-turn
|-damage|p2a: Gengar|76/100|[from] Stealth Rock
|move|p1a: Clefable|Wish|p1a: Clefable
|
|-heal|p1a: Clefable|46/100|[from] item: Leftovers
|upkeep
|turn|18
|
|t:|1595758090
|switch|p2a: Urshifu|Urshifu, F|94/100
|-damage|p2a: Urshifu|88/100|[from] Stealth Rock
|move|p1a: Clefable|Protect||[still]
|-fail|p1a: Clefable
|
|-heal|p1a: Clefable|96/100|[from] move: Wish|[wisher] Clefable
|-heal|p1a: Clefable|100/100|[from] item: Leftovers
|upkeep
|turn|19
|
|t:|1595758104
|switch|p2a: Volcarona|Volcarona, F|100/100
|move|p1a: Clefable|Moonblast|p2a: Volcarona
|-resisted|p2a: Volcarona
|-damage|p2a: Volcarona|86/100
|
|upkeep
|turn|20
|
|t:|1595758109
|move|p2a: Volcarona|Fiery Dance|p1a: Clefable
|-damage|p1a: Clefable|65/100
|move|p1a: Clefable|Wish|p1a: Clefable
|
|-heal|p1a: Clefable|71/100|[from] item: Leftovers
|upkeep
|turn|21
|
|t:|1595758119
|switch|p1a: Gastrodon|Gastrodon-East, F|100/100
|-damage|p1a: Gastrodon|94/100|[from] Stealth Rock
|move|p2a: Volcarona|Quiver Dance|p2a: Volcarona
|-boost|p2a: Volcarona|spa|1
|-boost|p2a: Volcarona|spd|1
|-boost|p2a: Volcarona|spe|1
|
|-heal|p1a: Gastrodon|100/100|[from] move: Wish|[wisher] Clefable
|upkeep
|turn|22
|
|t:|1595758127
|switch|p2a: Amoonguss|Amoonguss, M|100/100
|-damage|p2a: Amoonguss|88/100|[from] Stealth Rock
|move|p1a: Gastrodon|Toxic|p2a: Amoonguss
|-immune|p2a: Amoonguss
|
|-heal|p2a: Amoonguss|94/100|[from] item: Black Sludge
|upkeep
|turn|23
|
|t:|1595758140
|switch|p1a: Torkoal|Torkoal, M|97/100 slp
|-weather|SunnyDay|[from] ability: Drought|[of] p1a: Torkoal
|switch|p2a: Urshifu|Urshifu, F|88/100
|-damage|p2a: Urshifu|82/100|[from] Stealth Rock
|
|-weather|SunnyDay|[upkeep]
|upkeep
|turn|24
|
|t:|1595758145
|switch|p1a: Clefable|Clefable, M|71/100
|move|p2a: Urshifu|Wicked Blow|p1a: Clefable
|-resisted|p1a: Clefable
|-crit|p1a: Clefable
|-damage|p1a: Clefable|33/100
|
|-weather|SunnyDay|[upkeep]
|-heal|p1a: Clefable|39/100|[from] item: Leftovers
|upkeep
|turn|25
|
|t:|1595758157
|move|p2a: Urshifu|Wicked Blow|p1a: Clefable
|-resisted|p1a: Clefable
|-crit|p1a: Clefable
|-damage|p1a: Clefable|6/100
|move|p1a: Clefable|Wish|p1a: Clefable
|
|-weather|SunnyDay|[upkeep]
|-heal|p1a: Clefable|12/100|[from] item: Leftovers
|upkeep
|turn|26
|
|t:|1595758170
|move|p2a: Urshifu|Wicked Blow|p1a: Clefable
|-resisted|p1a: Clefable
|-crit|p1a: Clefable
|-damage|p1a: Clefable|0 fnt
|faint|p1a: Clefable
|
|-weather|SunnyDay|[upkeep]
|upkeep
|
|t:|1595758177
|switch|p1a: Talonflame|Talonflame, F|100/100
|-damage|p1a: Talonflame|51/100|[from] Stealth Rock
|turn|27
|j| xxxaaaxxx
|
|t:|1595758183
|switch|p2a: Mandibuzz|Mandibuzz, F|96/100
|move|p1a: Talonflame|Flare Blitz|p2a: Mandibuzz
|-damage|p2a: Mandibuzz|32/100
|-damage|p1a: Talonflame|21/100|[from] Recoil
|
|-weather|none
|upkeep
|turn|28
|
|t:|1595758187
|move|p1a: Talonflame|Flare Blitz|p2a: Mandibuzz
|-damage|p2a: Mandibuzz|0 fnt
|-damage|p1a: Talonflame|6/100|[from] Recoil
|faint|p2a: Mandibuzz
|
|upkeep
|
|t:|1595758195
|switch|p2a: Gengar|Gengar, M|76/100
|-damage|p2a: Gengar|64/100|[from] Stealth Rock
|turn|29
|
|t:|1595758202
|switch|p1a: Gastrodon|Gastrodon-East, F|100/100
|-damage|p1a: Gastrodon|94/100|[from] Stealth Rock
|move|p2a: Gengar|Shadow Ball|p1a: Gastrodon
|-damage|p1a: Gastrodon|66/100
|
|-heal|p1a: Gastrodon|72/100|[from] item: Leftovers
|upkeep
|turn|30
|
|t:|1595758206
|switch|p2a: Chansey|Chansey, F|77/100
|-damage|p2a: Chansey|64/100|[from] Stealth Rock
|switch|p1a: Torkoal|Torkoal, M|97/100 slp
|-weather|SunnyDay|[from] ability: Drought|[of] p1a: Torkoal
|
|-weather|SunnyDay|[upkeep]
|upkeep
|turn|31
|
|t:|1595758210
|-curestatus|p1a: Torkoal|slp|[msg]
|move|p1a: Torkoal|Rapid Spin|p2a: Chansey
|-damage|p2a: Chansey|59/100
|-boost|p1a: Torkoal|spe|1
|-sideend|p1: Commando 55|Stealth Rock|[from] move: Rapid Spin|[of] p1a: Torkoal
|move|p2a: Chansey|Teleport|p2a: Chansey
|
|t:|1595758220
|switch|p2a: Volcarona|Volcarona, F|86/100|[from]move: Teleport
|
|-weather|SunnyDay|[upkeep]
|upkeep
|turn|32
|
|t:|1595758225
|switch|p1a: Gastrodon|Gastrodon-East, F|72/100
|move|p2a: Volcarona|Fiery Dance|p1a: Gastrodon
|-resisted|p1a: Gastrodon
|-damage|p1a: Gastrodon|52/100
|-boost|p2a: Volcarona|spa|1
|
|-weather|SunnyDay|[upkeep]
|-heal|p1a: Gastrodon|58/100|[from] item: Leftovers
|upkeep
|turn|33
|
|t:|1595758242
|switch|p1a: Talonflame|Talonflame, F|6/100
|move|p2a: Volcarona|Psychic|p1a: Talonflame
|-damage|p1a: Talonflame|0 fnt
|faint|p1a: Talonflame
|
|-weather|SunnyDay|[upkeep]
|upkeep
|
|t:|1595758246
|switch|p1a: Cinderace|Cinderace, M, shiny|16/100
|turn|34
|j| Bull or Bear
|
|t:|1595758262
|switch|p2a: Amoonguss|Amoonguss, M|100/100
|-damage|p2a: Amoonguss|88/100|[from] Stealth Rock
|move|p1a: Cinderace|Pyro Ball|p2a: Amoonguss
|-supereffective|p2a: Amoonguss
|-damage|p2a: Amoonguss|0 fnt
|-damage|p1a: Cinderace|6/100|[from] item: Life Orb
|faint|p2a: Amoonguss
|
|-weather|none
|upkeep
|
|t:|1595758269
|switch|p2a: Gengar|Gengar, M|64/100
|-damage|p2a: Gengar|51/100|[from] Stealth Rock
|turn|35
|
|t:|1595758280
|switch|p1a: Gastrodon|Gastrodon-East, F|58/100
|move|p2a: Gengar|Shadow Ball|p1a: Gastrodon
|-damage|p1a: Gastrodon|31/100
|
|-heal|p1a: Gastrodon|37/100|[from] item: Leftovers
|upkeep
|turn|36
|
|t:|1595758287
|move|p2a: Gengar|Shadow Ball|p1a: Gastrodon
|-damage|p1a: Gastrodon|10/100
|move|p1a: Gastrodon|Recover|p1a: Gastrodon
|-heal|p1a: Gastrodon|60/100
|
|-heal|p1a: Gastrodon|66/100|[from] item: Leftovers
|upkeep
|turn|37
|
|t:|1595758294
|switch|p2a: Urshifu|Urshifu, F|82/100
|-damage|p2a: Urshifu|76/100|[from] Stealth Rock
|move|p1a: Gastrodon|Earth Power|p2a: Urshifu
|-damage|p2a: Urshifu|30/100
|
|-heal|p1a: Gastrodon|73/100|[from] item: Leftovers
|upkeep
|turn|38
|
|t:|1595758311
|switch|p1a: Rotom|Rotom-Mow|100/100
|move|p2a: Urshifu|Wicked Blow|p1a: Rotom
|-crit|p1a: Rotom
|-damage|p1a: Rotom|7/100
|
|-heal|p1a: Rotom|13/100|[from] item: Leftovers
|upkeep
|turn|39
|
|t:|1595758319
|move|p2a: Urshifu|Wicked Blow|p1a: Rotom
|-crit|p1a: Rotom
|-damage|p1a: Rotom|0 fnt
|faint|p1a: Rotom
|
|upkeep
|
|t:|1595758329
|switch|p1a: Torkoal|Torkoal, M|97/100
|-weather|SunnyDay|[from] ability: Drought|[of] p1a: Torkoal
|turn|40
|
|t:|1595758341
|switch|p2a: Chansey|Chansey, F|59/100
|-damage|p2a: Chansey|47/100|[from] Stealth Rock
|switch|p1a: Cinderace|Cinderace, M, shiny|6/100
|
|-weather|SunnyDay|[upkeep]
|upkeep
|turn|41
|j| Tanganui
|inactive|Shootingwolf has 120 seconds left.
|l| iarim
|inactive|Commando 55 has 120 seconds left.
|j| Kaga hight iq
|l|☆Commando 55
|inactive|Commando 55 disconnected and has a minute to reconnect!
|player|p1|
|j|☆Commando 55
|inactive|Commando 55 reconnected and has 95 seconds left.
|player|p1|Commando 55|iris-gen5bw2
|inactive|Commando 55 has 90 seconds left.
|l| Bull or Bear
|
|t:|1595758422
|switch|p2a: Gengar|Gengar, M|51/100
|-damage|p2a: Gengar|39/100|[from] Stealth Rock
|move|p1a: Cinderace|Pyro Ball|p2a: Gengar|[miss]
|-miss|p1a: Cinderace|p2a: Gengar
|
|-weather|SunnyDay|[upkeep]
|upkeep
|turn|42
|inactive|Commando 55 has 90 seconds left.
|inactive|Shootingwolf has 120 seconds left.
|
|t:|1595758429
|switch|p1a: Gastrodon|Gastrodon-East, F|73/100
|move|p2a: Gengar|Shadow Ball|p1a: Gastrodon
|-damage|p1a: Gastrodon|43/100
|-unboost|p1a: Gastrodon|spd|1
|
|-weather|SunnyDay|[upkeep]
|-heal|p1a: Gastrodon|50/100|[from] item: Leftovers
|upkeep
|turn|43
|l| Tanganui
|
|t:|1595758434
|move|p2a: Gengar|Shadow Ball|p1a: Gastrodon
|-damage|p1a: Gastrodon|11/100
|move|p1a: Gastrodon|Recover|p1a: Gastrodon
|-heal|p1a: Gastrodon|61/100
|
|-weather|SunnyDay|[upkeep]
|-heal|p1a: Gastrodon|67/100|[from] item: Leftovers
|upkeep
|turn|44
|
|t:|1595758442
|move|p2a: Gengar|Shadow Ball|p1a: Gastrodon
|-damage|p1a: Gastrodon|29/100
|move|p1a: Gastrodon|Recover|p1a: Gastrodon
|-heal|p1a: Gastrodon|79/100
|
|-weather|none
|-heal|p1a: Gastrodon|85/100|[from] item: Leftovers
|upkeep
|turn|45
|
|t:|1595758447
|move|p2a: Gengar|Shadow Ball|p1a: Gastrodon
|-damage|p1a: Gastrodon|41/100
|move|p1a: Gastrodon|Recover|p1a: Gastrodon
|-heal|p1a: Gastrodon|91/100
|
|-heal|p1a: Gastrodon|97/100|[from] item: Leftovers
|upkeep
|turn|46
|
|t:|1595758454
|move|p2a: Gengar|Shadow Ball|p1a: Gastrodon
|-damage|p1a: Gastrodon|57/100
|-unboost|p1a: Gastrodon|spd|1
|move|p1a: Gastrodon|Earth Power|p2a: Gengar
|-supereffective|p2a: Gengar
|-damage|p2a: Gengar|0 fnt
|faint|p2a: Gengar
|
|-heal|p1a: Gastrodon|63/100|[from] item: Leftovers
|upkeep
|
|t:|1595758461
|switch|p2a: Volcarona|Volcarona, F|86/100
|turn|47
|inactive|Commando 55 has 120 seconds left.
|
|t:|1595758481
|move|p2a: Volcarona|Quiver Dance|p2a: Volcarona
|-boost|p2a: Volcarona|spa|1
|-boost|p2a: Volcarona|spd|1
|-boost|p2a: Volcarona|spe|1
|move|p1a: Gastrodon|Toxic|p2a: Volcarona
|-status|p2a: Volcarona|tox
|
|-heal|p1a: Gastrodon|69/100|[from] item: Leftovers
|-damage|p2a: Volcarona|79/100 tox|[from] psn
|upkeep
|turn|48
|
|t:|1595758492
|switch|p1a: Cinderace|Cinderace, M, shiny|6/100
|move|p2a: Volcarona|Fiery Dance|p1a: Cinderace
|-resisted|p1a: Cinderace
|-damage|p1a: Cinderace|0 fnt
|faint|p1a: Cinderace
|
|-damage|p2a: Volcarona|67/100 tox|[from] psn
|upkeep
|
|t:|1595758495
|switch|p1a: Gastrodon|Gastrodon-East, F|69/100
|turn|49
|
|t:|1595758500
|move|p2a: Volcarona|Quiver Dance|p2a: Volcarona
|-boost|p2a: Volcarona|spa|1
|-boost|p2a: Volcarona|spd|1
|-boost|p2a: Volcarona|spe|1
|move|p1a: Gastrodon|Recover|p1a: Gastrodon
|-heal|p1a: Gastrodon|100/100
|
|-damage|p2a: Volcarona|49/100 tox|[from] psn
|upkeep
|turn|50
|j| Culamen
|inactive|Commando 55 has 120 seconds left.
|inactive|Commando 55 has 90 seconds left.
|
|t:|1595758561
|move|p2a: Volcarona|Roost|p2a: Volcarona
|-heal|p2a: Volcarona|99/100 tox
|-singleturn|p2a: Volcarona|move: Roost
|move|p1a: Gastrodon|Recover||[still]
|-fail|p1a: Gastrodon|heal
|
|-damage|p2a: Volcarona|75/100 tox|[from] psn
|upkeep
|turn|51
|
|t:|1595758573
|move|p2a: Volcarona|Psychic|p1a: Gastrodon
|-damage|p1a: Gastrodon|62/100
|move|p1a: Gastrodon|Scald|p2a: Volcarona
|-supereffective|p2a: Volcarona
|-damage|p2a: Volcarona|48/100 tox
|
|-heal|p1a: Gastrodon|68/100|[from] item: Leftovers
|-damage|p2a: Volcarona|18/100 tox|[from] psn
|upkeep
|turn|52
|
|t:|1595758584
|move|p2a: Volcarona|Psychic|p1a: Gastrodon
|-damage|p1a: Gastrodon|33/100
|move|p1a: Gastrodon|Recover|p1a: Gastrodon
|-heal|p1a: Gastrodon|83/100
|
|-heal|p1a: Gastrodon|89/100|[from] item: Leftovers
|-damage|p2a: Volcarona|0 fnt|[from] psn
|faint|p2a: Volcarona
|upkeep
|
|t:|1595758587
|switch|p2a: Chansey|Chansey, F|47/100
|-damage|p2a: Chansey|35/100|[from] Stealth Rock
|turn|53
|
|t:|1595758607
|move|p2a: Chansey|Soft-Boiled|p2a: Chansey
|-heal|p2a: Chansey|85/100
|move|p1a: Gastrodon|Toxic|p2a: Chansey
|-status|p2a: Chansey|tox
|
|-heal|p1a: Gastrodon|95/100|[from] item: Leftovers
|-damage|p2a: Chansey|79/100 tox|[from] psn
|upkeep
|turn|54
|
|t:|1595758614
|move|p2a: Chansey|Seismic Toss|p1a: Gastrodon
|-damage|p1a: Gastrodon|71/100
|move|p1a: Gastrodon|Earth Power|p2a: Chansey
|-damage|p2a: Chansey|69/100 tox
|
|-heal|p1a: Gastrodon|77/100|[from] item: Leftovers
|-damage|p2a: Chansey|57/100 tox|[from] psn
|upkeep
|turn|55
|inactive|Commando 55 has 90 seconds left.
|
|t:|1595758640
|move|p1a: Gastrodon|Recover|p1a: Gastrodon
|-heal|p1a: Gastrodon|100/100
|move|p2a: Chansey|Teleport|p2a: Chansey
|
|t:|1595758642
|-curestatus|p2a: Chansey|tox|[from] ability: Natural Cure
|switch|p2a: Urshifu|Urshifu, F|30/100|[from]move: Teleport
|-damage|p2a: Urshifu|24/100|[from] Stealth Rock
|
|upkeep
|turn|56
|
|t:|1595758654
|move|p2a: Urshifu|Close Combat|p1a: Gastrodon
|-damage|p1a: Gastrodon|0 fnt
|-unboost|p2a: Urshifu|def|1
|-unboost|p2a: Urshifu|spd|1
|faint|p1a: Gastrodon
|
|upkeep
|
|t:|1595758657
|switch|p1a: Torkoal|Torkoal, M|97/100
|-weather|SunnyDay|[from] ability: Drought|[of] p1a: Torkoal
|turn|57
|j| jefo
|j| egamhcrA
|c| jefo|hey
|
|t:|1595758662
|move|p2a: Urshifu|Close Combat|p1a: Torkoal
|-damage|p1a: Torkoal|43/100
|-unboost|p2a: Urshifu|def|1
|-unboost|p2a: Urshifu|spd|1
|move|p1a: Torkoal|Lava Plume|p2a: Urshifu
|-damage|p2a: Urshifu|0 fnt
|faint|p2a: Urshifu
|
|-weather|SunnyDay|[upkeep]
|upkeep
|c| jefo|ban mag
|
|t:|1595758666
|switch|p2a: Chansey|Chansey, F|57/100
|-damage|p2a: Chansey|45/100|[from] Stealth Rock
|turn|58
|
|t:|1595758669
|move|p2a: Chansey|Soft-Boiled|p2a: Chansey
|-heal|p2a: Chansey|95/100
|move|p1a: Torkoal|Yawn|p2a: Chansey
|-start|p2a: Chansey|move: Yawn|[of] p1a: Torkoal
|
|-weather|SunnyDay|[upkeep]
|upkeep
|turn|59
|
|t:|1595758673
|move|p2a: Chansey|Seismic Toss|p1a: Torkoal
|-damage|p1a: Torkoal|14/100
|move|p1a: Torkoal|Rapid Spin|p2a: Chansey
|-damage|p2a: Chansey|89/100
|-boost|p1a: Torkoal|spe|1
|
|-weather|SunnyDay|[upkeep]
|-end|p2a: Chansey|move: Yawn|[silent]
|-status|p2a: Chansey|slp
|upkeep
|turn|60
|
|t:|1595758677
|cant|p2a: Chansey|slp
|move|p1a: Torkoal|Rapid Spin|p2a: Chansey
|-damage|p2a: Chansey|84/100 slp
|-boost|p1a: Torkoal|spe|1
|
|-weather|SunnyDay|[upkeep]
|upkeep
|turn|61
|
|t:|1595758680
|move|p1a: Torkoal|Lava Plume|p2a: Chansey
|-damage|p2a: Chansey|73/100 slp
|cant|p2a: Chansey|slp
|
|-weather|none
|upkeep
|turn|62
|
|t:|1595758684
|move|p1a: Torkoal|Lava Plume|p2a: Chansey
|-damage|p2a: Chansey|66/100 slp
|-curestatus|p2a: Chansey|slp|[msg]
|move|p2a: Chansey|Seismic Toss|p1a: Torkoal
|-damage|p1a: Torkoal|0 fnt
|faint|p1a: Torkoal
|
|win|Shootingwolf
|c| xxxaaaxxx|lol no reason to ban mag
|l| jefo
|l|☆Commando 55
|raw|Commando 55's rating: 1822 &rarr; <strong>1797</strong><br />(-25 for losing)
|raw|Shootingwolf's rating: 1722 &rarr; <strong>1747</strong><br />(+25 for winning)
