|html|<div class="broadcast-blue"><strong>[Gen 8] OU is currently suspecting Melmetal! For information on how to participate check out the <a href="https://www.smogon.com/forums/threads/np-ss-ou-suspect-process-round-12-monster-mash.3709234/">suspect thread</a>.</strong></div>
|j|☆Defast 4
|j|☆HQSTest
|t:|1665992055
|gametype|singles
|player|p1|Defast 4|102|1610
|player|p2|HQSTest|veteranf|1666
|teamsize|p1|6
|teamsize|p2|6
|gen|8
|tier|[Gen 8] OU
|rated|
|rule|Sleep Clause Mod: Limit one foe put to sleep
|rule|Species Clause: Limit one of each Pokémon
|rule|OHKO Clause: OHKO moves are banned
|rule|Evasion Items Clause: Evasion items are banned
|rule|Evasion Moves Clause: Evasion moves are banned
|rule|Endless Battle Clause: Forcing endless battles is banned
|rule|HP Percentage Mod: HP is shown in percentages
|rule|Dynamax Clause: You cannot dynamax
|clearpoke
|poke|p1|Tornadus-Therian, M|
|poke|p1|Hatterene, F|
|poke|p1|Swampert, M|
|poke|p1|Rillaboom, F|
|poke|p1|Heatran, M|
|poke|p1|Tyranitar, M|
|poke|p2|Heatran, F|
|poke|p2|Mew|
|poke|p2|Blaziken, F|
|poke|p2|Rillaboom, M|
|poke|p2|Weavile, M|
|poke|p2|Dragonite, M|
|teampreview
|inactive|Battle timer is ON: inactive players will automatically lose when time's up. (requested by HQSTest)
|
|t:|1665992087
|start
|switch|p1a: Rillaboom|Rillaboom, F|100/100
|switch|p2a: Heatran|Heatran, F|100/100
|-fieldstart|move: Grassy Terrain|[from] ability: Grassy Surge|[of] p1a: Rillaboom
|turn|1
|
|t:|1665992092
|switch|p1a: Swampert|Swampert, M|100/100
|move|p2a: Heatran|Stealth Rock|p1a: Swampert
|-sidestart|p1: Defast 4|move: Stealth Rock
|
|upkeep
|turn|2
|
|t:|1665992096
|move|p2a: Heatran|Taunt|p1a: Swampert
|-start|p1a: Swampert|move: Taunt
|cant|p1a: Swampert|move: Taunt|Stealth Rock
|
|upkeep
|turn|3
|
|t:|1665992099
|move|p2a: Heatran|Magma Storm|p1a: Swampert
|-resisted|p1a: Swampert
|-damage|p1a: Swampert|84/100
|-activate|p1a: Swampert|move: Magma Storm|[of] p2a: Heatran
|move|p1a: Swampert|Flip Turn|p2a: Heatran
|-supereffective|p2a: Heatran
|-damage|p2a: Heatran|52/100
|
|t:|1665992106
|switch|p1a: Tornadus|Tornadus-Therian, M|100/100|[from]move: Flip Turn
|
|-heal|p2a: Heatran|58/100|[from] Grassy Terrain
|upkeep
|turn|4
|
|t:|1665992112
|move|p1a: Tornadus|Defog|p2a: Heatran
|-unboost|p2a: Heatran|evasion|1
|-sideend|p1: Defast 4|Stealth Rock|[from] move: Defog|[of] p1a: Tornadus
|-fieldend|move: Grassy Terrain
|move|p2a: Heatran|Magma Storm|p1a: Tornadus|[miss]
|-miss|p2a: Heatran|p1a: Tornadus
|
|upkeep
|turn|5
|
|t:|1665992117
|move|p1a: Tornadus|Focus Blast|p2a: Heatran
|-supereffective|p2a: Heatran
|-damage|p2a: Heatran|0 fnt
|faint|p2a: Heatran
|
|upkeep
|
|t:|1665992120
|switch|p2a: Weavile|Weavile, M|100/100
|-ability|p2a: Weavile|Pressure
|turn|6
|
|t:|1665992130
|switch|p1a: Heatran|Heatran, M|100/100
|move|p2a: Weavile|Swords Dance|p2a: Weavile
|-boost|p2a: Weavile|atk|2
|
|upkeep
|turn|7
|
|t:|1665992136
|move|p2a: Weavile|Low Kick|p1a: Heatran
|-supereffective|p1a: Heatran
|-damage|p1a: Heatran|0 fnt
|faint|p1a: Heatran
|-damage|p2a: Weavile|91/100|[from] item: Life Orb
|
|upkeep
|
|t:|1665992141
|switch|p1a: Hatterene|Hatterene, F|100/100
|turn|8
|
|t:|1665992145
|move|p2a: Weavile|Knock Off|p1a: Hatterene
|-damage|p1a: Hatterene|0 fnt
|-enditem|p1a: Hatterene|Leftovers|[from] move: Knock Off|[of] p2a: Weavile
|faint|p1a: Hatterene
|-damage|p2a: Weavile|81/100|[from] item: Life Orb
|
|upkeep
|
|t:|1665992148
|switch|p1a: Tyranitar|Tyranitar, M|100/100
|-weather|Sandstorm|[from] ability: Sand Stream|[of] p1a: Tyranitar
|turn|9
|
|t:|1665992150
|switch|p1a: Tornadus|Tornadus-Therian, M|100/100
|move|p2a: Weavile|Low Kick|p1a: Tornadus
|-resisted|p1a: Tornadus
|-damage|p1a: Tornadus|53/100
|-damage|p2a: Weavile|71/100|[from] item: Life Orb
|
|-weather|Sandstorm|[upkeep]
|-damage|p1a: Tornadus|47/100|[from] Sandstorm
|-damage|p2a: Weavile|65/100|[from] Sandstorm
|upkeep
|turn|10
|j| hejfweff
|
|t:|1665992154
|switch|p1a: Tyranitar|Tyranitar, M|100/100
|move|p2a: Weavile|Ice Shard|p1a: Tyranitar
|-damage|p1a: Tyranitar|55/100
|-damage|p2a: Weavile|55/100|[from] item: Life Orb
|
|-weather|Sandstorm|[upkeep]
|-damage|p2a: Weavile|49/100|[from] Sandstorm
|upkeep
|turn|11
|
|t:|1665992160
|move|p2a: Weavile|Low Kick|p1a: Tyranitar
|-supereffective|p1a: Tyranitar
|-damage|p1a: Tyranitar|0 fnt
|faint|p1a: Tyranitar
|-damage|p2a: Weavile|39/100|[from] item: Life Orb
|
|-weather|Sandstorm|[upkeep]
|-damage|p2a: Weavile|33/100|[from] Sandstorm
|upkeep
|
|t:|1665992163
|switch|p1a: Rillaboom|Rillaboom, F|100/100
|-fieldstart|move: Grassy Terrain|[from] ability: Grassy Surge|[of] p1a: Rillaboom
|turn|12
|
|t:|1665992165
|move|p2a: Weavile|Ice Shard|p1a: Rillaboom
|-supereffective|p1a: Rillaboom
|-damage|p1a: Rillaboom|0 fnt
|faint|p1a: Rillaboom
|-damage|p2a: Weavile|23/100|[from] item: Life Orb
|
|-weather|Sandstorm|[upkeep]
|-damage|p2a: Weavile|17/100|[from] Sandstorm
|-heal|p2a: Weavile|23/100|[from] Grassy Terrain
|upkeep
|j| Malanaki
|
|t:|1665992168
|switch|p1a: Swampert|Swampert, M|84/100
|turn|13
|
|t:|1665992170
|move|p2a: Weavile|Knock Off|p1a: Swampert
|-damage|p1a: Swampert|0 fnt
|-enditem|p1a: Swampert|Leftovers|[from] move: Knock Off|[of] p2a: Weavile
|faint|p1a: Swampert
|-damage|p2a: Weavile|13/100|[from] item: Life Orb
|
|-weather|none
|-heal|p2a: Weavile|19/100|[from] Grassy Terrain
|upkeep
|-message|Defast 4 forfeited.
|
|win|HQSTest
|raw|Defast 4's rating: 1610 &rarr; <strong>1593</strong><br />(-17 for losing)
|raw|HQSTest's rating: 1666 &rarr; <strong>1683</strong><br />(+17 for winning)
|l|☆Defast 4
|l| hejfweff
