|j|☆minimax_ai
|j|☆SMxVale
|t:|1661887636
|gametype|singles
|player|p1|minimax_ai|lusamine-nihilego|1554
|player|p2|SMxVale|266|1614
|teamsize|p1|6
|teamsize|p2|6
|gen|8
|tier|[Gen 8] OU
|rated|
|rule|Sleep Clause Mod: Limit one foe put to sleep
|rule|Species Clause: Limit one of each Pokémon
|rule|OHKO Clause: OHKO moves are banned
|rule|Evasion Items Clause: Evasion items are banned
|rule|Evasion Moves Clause: Evasion moves are banned
|rule|Endless Battle Clause: Forcing endless battles is banned
|rule|HP Percentage Mod: HP is shown in percentages
|rule|Dynamax Clause: You cannot dynamax
|clearpoke
|poke|p1|Rotom-Wash|
|poke|p1|Weavile, F|
|poke|p1|Landorus-Therian, M|
|poke|p1|Heatran, M|
|poke|p1|Tangrowth, M|
|poke|p1|Melmetal|
|poke|p2|Heatran, F|
|poke|p2|Ferrothorn, F|
|poke|p2|Urshifu-*, F|
|poke|p2|Tornadus-Therian, M|
|poke|p2|Tapu Lele|
|poke|p2|Landorus-Therian, M|
|teampreview
|c|☆minimax_ai|hf
|inactive|Battle timer is ON: inactive players will automatically lose when time's up. (requested by minimax_ai)
|
|t:|1661887653
|start
|switch|p1a: landorustherian|Landorus-Therian, M|100/100
|switch|p2a: Tapu Lele|Tapu Lele|100/100
|-fieldstart|move: Psychic Terrain|[from] ability: Psychic Surge|[of] p2a: Tapu Lele
|-ability|p1a: landorustherian|Intimidate|boost
|-unboost|p2a: Tapu Lele|atk|1
|turn|1
|
|t:|1661887658
|move|p2a: Tapu Lele|Psychic|p1a: landorustherian
|-damage|p1a: landorustherian|23/100
|move|p1a: landorustherian|Earthquake|p2a: Tapu Lele
|-damage|p2a: Tapu Lele|28/100
|
|-heal|p1a: landorustherian|29/100|[from] item: Leftovers
|upkeep
|turn|2
|
|t:|1661887671
|switch|p1a: Heatran|Heatran, M|100/100
|-item|p1a: Heatran|Air Balloon
|move|p2a: Tapu Lele|Psychic|p1a: Heatran
|-resisted|p1a: Heatran
|-damage|p1a: Heatran|49/100
|-enditem|p1a: Heatran|Air Balloon
|
|upkeep
|turn|3
|
|t:|1661887680
|move|p2a: Tapu Lele|Psychic|p1a: Heatran
|-resisted|p1a: Heatran
|-damage|p1a: Heatran|0 fnt
|faint|p1a: Heatran
|
|upkeep
|
|t:|1661887680
|switch|p1a: Weavile|Weavile, F|100/100
|-ability|p1a: Weavile|Pressure
|turn|4
|
|t:|1661887687
|switch|p2a: Ferrothorn|Ferrothorn, F|100/100
|move|p1a: Weavile|Knock Off|p2a: Ferrothorn
|-damage|p2a: Ferrothorn|57/100
|-damage|p1a: Weavile|88/100|[from] ability: Iron Barbs|[of] p2a: Ferrothorn
|-enditem|p2a: Ferrothorn|Leftovers|[from] move: Knock Off|[of] p1a: Weavile
|
|upkeep
|turn|5
|
|t:|1661887698
|switch|p1a: landorustherian|Landorus-Therian, M|29/100
|-ability|p1a: landorustherian|Intimidate|boost
|-unboost|p2a: Ferrothorn|atk|1
|move|p2a: Ferrothorn|Toxic|p1a: landorustherian
|-status|p1a: landorustherian|tox
|
|-heal|p1a: landorustherian|35/100 tox|[from] item: Leftovers
|-damage|p1a: landorustherian|29/100 tox|[from] psn
|-fieldend|move: Psychic Terrain
|upkeep
|turn|6
|
|t:|1661887709
|switch|p2a: Tornadus|Tornadus-Therian, M|100/100
|move|p1a: landorustherian|Earthquake|p2a: Tornadus
|-immune|p2a: Tornadus
|
|-heal|p1a: landorustherian|35/100 tox|[from] item: Leftovers
|-damage|p1a: landorustherian|23/100 tox|[from] psn
|upkeep
|turn|7
|
|t:|1661887721
|move|p2a: Tornadus|Icy Wind|p1a: landorustherian
|-supereffective|p1a: landorustherian
|-damage|p1a: landorustherian|0 fnt
|faint|p1a: landorustherian
|
|upkeep
|
|t:|1661887721
|switch|p1a: Weavile|Weavile, F|88/100
|-ability|p1a: Weavile|Pressure
|turn|8
|
|t:|1661887736
|switch|p2a: Ferrothorn|Ferrothorn, F|57/100
|move|p1a: Weavile|Triple Axel|p2a: Ferrothorn
|-damage|p2a: Ferrothorn|48/100
|-damage|p1a: Weavile|76/100|[from] ability: Iron Barbs|[of] p2a: Ferrothorn
|-damage|p2a: Ferrothorn|30/100
|-damage|p1a: Weavile|63/100|[from] ability: Iron Barbs|[of] p2a: Ferrothorn
|-damage|p2a: Ferrothorn|3/100
|-damage|p1a: Weavile|51/100|[from] ability: Iron Barbs|[of] p2a: Ferrothorn
|-hitcount|p2a: Ferrothorn|3
|
|upkeep
|turn|9
|
|t:|1661887756
|move|p1a: Weavile|Triple Axel|p2a: Ferrothorn
|-damage|p2a: Ferrothorn|0 fnt
|-damage|p1a: Weavile|38/100|[from] ability: Iron Barbs|[of] p2a: Ferrothorn
|faint|p2a: Ferrothorn
|-hitcount|p2: Ferrothorn|1
|
|upkeep
|
|t:|1661887766
|switch|p2a: Urshifu|Urshifu-Rapid-Strike, F|100/100
|turn|10
|
|t:|1661887770
|switch|p1a: Tangrowth|Tangrowth, M|100/100
|move|p2a: Urshifu|U-turn|p1a: Tangrowth
|-supereffective|p1a: Tangrowth
|-damage|p1a: Tangrowth|64/100
|-damage|p2a: Urshifu|84/100|[from] item: Rocky Helmet|[of] p1a: Tangrowth
|
|t:|1661887784
|switch|p2a: Tapu Lele|Tapu Lele|28/100|[from]move: U-turn
|-fieldstart|move: Psychic Terrain|[from] ability: Psychic Surge|[of] p2a: Tapu Lele
|
|upkeep
|turn|11
|
|t:|1661887789
|switch|p1a: Melmetal|Melmetal|100/100
|move|p2a: Tapu Lele|Moonblast|p1a: Melmetal
|-resisted|p1a: Melmetal
|-damage|p1a: Melmetal|80/100
|-unboost|p1a: Melmetal|spa|1
|
|upkeep
|turn|12
|
|t:|1661887803
|switch|p2a: Landorus|Landorus-Therian, M|100/100
|-ability|p2a: Landorus|Intimidate|boost
|-unboost|p1a: Melmetal|atk|1
|move|p1a: Melmetal|Double Iron Bash|p2a: Landorus
|-damage|p2a: Landorus|73/100
|-damage|p2a: Landorus|47/100
|-hitcount|p2a: Landorus|2
|
|-heal|p2a: Landorus|53/100|[from] item: Leftovers
|upkeep
|turn|13
|
|t:|1661887815
|move|p2a: Landorus|Stealth Rock|p1a: Melmetal
|-sidestart|p1: minimax_ai|move: Stealth Rock
|move|p1a: Melmetal|Ice Punch|p2a: Landorus
|-supereffective|p2a: Landorus
|-damage|p2a: Landorus|0 fnt
|faint|p2a: Landorus
|
|upkeep
|
|t:|1661887825
|switch|p2a: Urshifu|Urshifu-Rapid-Strike, F|84/100
|turn|14
|
|t:|1661887826
|move|p2a: Urshifu|Close Combat|p1a: Melmetal
|-supereffective|p1a: Melmetal
|-damage|p1a: Melmetal|0 fnt
|-unboost|p2a: Urshifu|def|1
|-unboost|p2a: Urshifu|spd|1
|faint|p1a: Melmetal
|
|-fieldend|move: Psychic Terrain
|upkeep
|
|t:|1661887826
|switch|p1a: rotomwash|Rotom-Wash|100/100
|-damage|p1a: rotomwash|88/100|[from] Stealth Rock
|turn|15
|
|t:|1661887845
|switch|p2a: Heatran|Heatran, F|100/100
|move|p1a: rotomwash|Thunderbolt|p2a: Heatran
|-damage|p2a: Heatran|78/100
|
|-heal|p1a: rotomwash|94/100|[from] item: Leftovers
|-heal|p2a: Heatran|85/100|[from] item: Leftovers
|upkeep
|turn|16
|
|t:|1661887855
|move|p2a: Heatran|Protect|p2a: Heatran
|-singleturn|p2a: Heatran|Protect
|move|p1a: rotomwash|Hydro Pump|p2a: Heatran
|-activate|p2a: Heatran|move: Protect
|
|-heal|p1a: rotomwash|100/100|[from] item: Leftovers
|-heal|p2a: Heatran|91/100|[from] item: Leftovers
|upkeep
|turn|17
|
|t:|1661887860
|move|p1a: rotomwash|Hydro Pump|p2a: Heatran
|-supereffective|p2a: Heatran
|-damage|p2a: Heatran|35/100
|move|p2a: Heatran|Magma Storm|p1a: rotomwash
|-resisted|p1a: rotomwash
|-damage|p1a: rotomwash|77/100
|-activate|p1a: rotomwash|move: Magma Storm|[of] p2a: Heatran
|
|-heal|p1a: rotomwash|83/100|[from] item: Leftovers
|-heal|p2a: Heatran|41/100|[from] item: Leftovers
|-damage|p1a: rotomwash|71/100|[from] move: Magma Storm|[partiallytrapped]
|upkeep
|turn|18
|
|t:|1661887870
|move|p2a: Heatran|Protect|p2a: Heatran
|-singleturn|p2a: Heatran|Protect
|move|p1a: rotomwash|Hydro Pump|p2a: Heatran
|-activate|p2a: Heatran|move: Protect
|
|-heal|p1a: rotomwash|77/100|[from] item: Leftovers
|-heal|p2a: Heatran|47/100|[from] item: Leftovers
|-damage|p1a: rotomwash|64/100|[from] move: Magma Storm|[partiallytrapped]
|upkeep
|turn|19
|
|t:|1661887874
|move|p1a: rotomwash|Hydro Pump|p2a: Heatran
|-supereffective|p2a: Heatran
|-damage|p2a: Heatran|0 fnt
|faint|p2a: Heatran
|
|-heal|p1a: rotomwash|71/100|[from] item: Leftovers
|-end|p1a: rotomwash|Magma Storm|[partiallytrapped]|[silent]
|upkeep
|
|t:|1661887879
|switch|p2a: Tapu Lele|Tapu Lele|28/100
|-fieldstart|move: Psychic Terrain|[from] ability: Psychic Surge|[of] p2a: Tapu Lele
|turn|20
|
|t:|1661887881
|switch|p1a: Weavile|Weavile, F|38/100
|-damage|p1a: Weavile|13/100|[from] Stealth Rock
|-ability|p1a: Weavile|Pressure
|move|p2a: Tapu Lele|Moonblast|p1a: Weavile
|-supereffective|p1a: Weavile
|-damage|p1a: Weavile|0 fnt
|faint|p1a: Weavile
|
|upkeep
|
|t:|1661887881
|switch|p1a: Tangrowth|Tangrowth, M|98/100
|-damage|p1a: Tangrowth|85/100|[from] Stealth Rock
|turn|21
|
|t:|1661887889
|switch|p1a: rotomwash|Rotom-Wash|71/100
|-damage|p1a: rotomwash|58/100|[from] Stealth Rock
|move|p2a: Tapu Lele|Moonblast|p1a: rotomwash
|-damage|p1a: rotomwash|0 fnt
|faint|p1a: rotomwash
|
|upkeep
|
|t:|1661887889
|switch|p1a: Tangrowth|Tangrowth, M|100/100
|-damage|p1a: Tangrowth|88/100|[from] Stealth Rock
|turn|22
|
|t:|1661887892
|move|p2a: Tapu Lele|Moonblast|p1a: Tangrowth
|-damage|p1a: Tangrowth|0 fnt
|faint|p1a: Tangrowth
|
|win|SMxVale
|raw|minimax_ai's rating: 1554 &rarr; <strong>1537</strong><br />(-17 for losing)
|raw|SMxVale's rating: 1614 &rarr; <strong>1631</strong><br />(+17 for winning)
|c|☆minimax_ai|gg
