|j|☆BAN MELMETL
|j|☆Voyager02
|inactive|Battle timer is ON: inactive players will automatically lose when time's up.
|t:|1667954536
|gametype|singles
|player|p1|BAN MELMETL|preschooler|
|player|p2|Voyager02|lillie-masters|
|teamsize|p1|6
|teamsize|p2|6
|gen|8
|tier|[Gen 8] OU
|rated|Tournament battle
|rule|Sleep Clause Mod: Limit one foe put to sleep
|rule|Species Clause: Limit one of each Pokémon
|rule|OHKO Clause: OHKO moves are banned
|rule|Evasion Items Clause: Evasion items are banned
|rule|Evasion Moves Clause: Evasion moves are banned
|rule|Endless Battle Clause: Forcing endless battles is banned
|rule|HP Percentage Mod: HP is shown in percentages
|rule|Dynamax Clause: You cannot dynamax
|clearpoke
|poke|p1|Slowbro, M|
|poke|p1|Mamoswine, F|
|poke|p1|Blissey, F|
|poke|p1|Salamence, F|
|poke|p1|Blacephalon|
|poke|p1|Buzzwole|
|poke|p2|Ninetales-Alola, M|
|poke|p2|Volcanion|
|poke|p2|Corviknight, F|
|poke|p2|Arctozolt|
|poke|p2|Landorus-Therian, M|
|poke|p2|Tornadus-Therian, M|
|teampreview
|inactive|BAN MELMETL also wants the timer to be on.
|j| Georgina Tropicana
|j|@SetsuStsna
|j| Sleo2123
|j|%htcl
|j| natdexfunnn
|l|%htcl
|j| aursnes
|c| Georgina Tropicana|nice zamazentas!!
|c| Sleo2123|Why
|j| El Hueco Mundo
|j| seelbachariot
|j| Rosaism
|c| El Hueco Mundo|no zama :((
|c| Sleo2123|Ikr
|c|☆Voyager02|zamazenta sucks
|j|+sufys12
|j| Unviabriel
|
|t:|1667954565
|start
|switch|p1a: Blacephalon|Blacephalon, shiny|100/100
|switch|p2a: Tornadus|Tornadus-Therian, M|100/100
|turn|1
|j| gwennedee
|j| Billaboom
|c| Rosaism|no zama finals lmao
|c| El Hueco Mundo|why isnt it OU then
|
|t:|1667954570
|switch|p1a: Blissey|Blissey, F, shiny|100/100
|move|p2a: Tornadus|Knock Off|p1a: Blissey
|-damage|p1a: Blissey|83/100
|-enditem|p1a: Blissey|Leftovers|[from] move: Knock Off|[of] p2a: Tornadus
|
|upkeep
|turn|2
|j| TTarion
|j| im coral
|c| seelbachariot|Zamazenta after taking that dollar store bolt beak
|c| Rosaism|see zama not that broken
|j| Seniorquake
|l| Billaboom
|j| CherN0ble
|c| Rosaism|retest
|j| 228i996
|c|+sufys12|fr
|
|t:|1667954599
|switch|p1a: Mamoswine|Mamoswine, F, shiny|100/100
|move|p2a: Tornadus|Taunt|p1a: Mamoswine
|-start|p1a: Mamoswine|move: Taunt
|
|upkeep
|turn|3
|j| amstan (-_-)
|j| TheLogImusPrime
|j| Regireaper12
|c|+sufys12|zama is not broken
|j| TheNewBrends11@!
|j| ty-tyui↻
|
|t:|1667954607
|move|p2a: Tornadus|U-turn|p1a: Mamoswine
|-damage|p1a: Mamoswine|84/100
|c|+sufys12|(!)
|l| El Hueco Mundo
|
|t:|1667954611
|switch|p2a: Corviknight|Corviknight, F|100/100|[from]move: U-turn
|-ability|p2a: Corviknight|Pressure
|move|p1a: Mamoswine|Knock Off|p2a: Corviknight
|-damage|p2a: Corviknight|70/100
|-damage|p1a: Mamoswine|68/100|[from] item: Rocky Helmet|[of] p2a: Corviknight
|-enditem|p2a: Corviknight|Rocky Helmet|[from] move: Knock Off|[of] p1a: Mamoswine
|
|upkeep
|turn|4
|c| im coral|🤡💬
|
|t:|1667954621
|switch|p1a: Slowbro|Slowbro, M|100/100
|move|p2a: Corviknight|U-turn|p1a: Slowbro
|-supereffective|p1a: Slowbro
|-damage|p1a: Slowbro|79/100
|l|+sufys12
|
|t:|1667954634
|switch|p2a: Tornadus|Tornadus-Therian, M|100/100|[from]move: U-turn
|
|upkeep
|turn|5
|l| Rosaism
|
|t:|1667954642
|move|p2a: Tornadus|Knock Off|p1a: Slowbro
|-supereffective|p1a: Slowbro
|-damage|p1a: Slowbro|49/100
|-enditem|p1a: Slowbro|Choice Scarf|[from] move: Knock Off|[of] p2a: Tornadus
|move|p1a: Slowbro|Trick|p2a: Tornadus
|-activate|p1a: Slowbro|move: Trick|[of] p2a: Tornadus
|-enditem|p2a: Tornadus|Heavy-Duty Boots|[silent]|[from] move: Trick
|-item|p1a: Slowbro|Heavy-Duty Boots|[from] move: Trick
|
|upkeep
|turn|6
|j|%htcl
|c|☆Voyager02|what
|c|☆Voyager02|scarf slowbro
|
|t:|1667954662
|move|p2a: Tornadus|U-turn|p1a: Slowbro
|-supereffective|p1a: Slowbro
|-damage|p1a: Slowbro|27/100
|
|t:|1667954666
|switch|p2a: Ninetales|Ninetales-Alola, M|100/100|[from]move: U-turn
|-weather|Hail|[from] ability: Snow Warning|[of] p2a: Ninetales
|move|p1a: Slowbro|Future Sight|p2a: Ninetales
|-start|p1a: Slowbro|move: Future Sight
|
|-weather|Hail|[upkeep]
|-damage|p1a: Slowbro|21/100|[from] Hail
|upkeep
|turn|7
|l|%htcl
|
|t:|1667954685
|switch|p1a: Blissey|Blissey, F, shiny|83/100
|move|p2a: Ninetales|Aurora Veil|p2a: Ninetales
|-sidestart|p2: Voyager02|move: Aurora Veil
|
|-weather|Hail|[upkeep]
|-damage|p1a: Blissey|77/100|[from] Hail
|upkeep
|turn|8
|
|t:|1667954696
|switch|p2a: Landorus|Landorus-Therian, M|100/100
|-ability|p2a: Landorus|Intimidate|boost
|-unboost|p1a: Blissey|atk|1
|move|p1a: Blissey|Toxic|p2a: Landorus|[miss]
|-miss|p1a: Blissey|p2a: Landorus
|
|-weather|Hail|[upkeep]
|-damage|p2a: Landorus|94/100|[from] Hail
|-damage|p1a: Blissey|71/100|[from] Hail
|-end|p2a: Landorus|move: Future Sight
|-damage|p2a: Landorus|79/100
|-heal|p2a: Landorus|85/100|[from] item: Leftovers
|upkeep
|turn|9
|l| amstan (-_-)
|
|t:|1667954709
|move|p2a: Landorus|U-turn|p1a: Blissey
|-damage|p1a: Blissey|50/100
|
|t:|1667954712
|switch|p2a: Arctozolt|Arctozolt|100/100|[from]move: U-turn
|move|p1a: Blissey|Soft-Boiled|p1a: Blissey
|-heal|p1a: Blissey|99/100
|
|-weather|Hail|[upkeep]
|-damage|p1a: Blissey|94/100|[from] Hail
|upkeep
|turn|10
|j| saucycriminal
|inactive|BAN MELMETL has 120 seconds left.
|
|t:|1667954772
|move|p2a: Arctozolt|Substitute|p2a: Arctozolt
|-start|p2a: Arctozolt|Substitute
|-damage|p2a: Arctozolt|76/100
|move|p1a: Blissey|Seismic Toss|p2a: Arctozolt
|-end|p2a: Arctozolt|Substitute
|
|-weather|Hail|[upkeep]
|-damage|p1a: Blissey|88/100|[from] Hail
|-heal|p2a: Arctozolt|82/100|[from] item: Leftovers
|upkeep
|turn|11
|inactive|BAN MELMETL has 90 seconds left.
|
|t:|1667954802
|move|p2a: Arctozolt|Bolt Beak|p1a: Blissey
|-damage|p1a: Blissey|29/100
|move|p1a: Blissey|Seismic Toss|p2a: Arctozolt
|-damage|p2a: Arctozolt|51/100
|
|-weather|Hail|[upkeep]
|-damage|p1a: Blissey|23/100|[from] Hail
|-heal|p2a: Arctozolt|57/100|[from] item: Leftovers
|-sideend|p2: Voyager02|move: Aurora Veil
|upkeep
|turn|12
|j| Nycjunkyards
|l| Nycjunkyards
|
|t:|1667954824
|switch|p1a: Slowbro|Slowbro, M|55/100
|move|p2a: Arctozolt|Low Kick|p1a: Slowbro
|-resisted|p1a: Slowbro
|-damage|p1a: Slowbro|47/100
|
|-weather|Hail|[upkeep]
|-damage|p1a: Slowbro|41/100|[from] Hail
|-heal|p2a: Arctozolt|63/100|[from] item: Leftovers
|upkeep
|turn|13
|
|t:|1667954835
|switch|p1a: Mamoswine|Mamoswine, F, shiny|68/100
|move|p2a: Arctozolt|Bolt Beak|p1a: Mamoswine
|-immune|p1a: Mamoswine
|
|-weather|none
|-heal|p2a: Arctozolt|69/100|[from] item: Leftovers
|upkeep
|turn|14
|
|t:|1667954843
|switch|p2a: Corviknight|Corviknight, F|70/100
|-ability|p2a: Corviknight|Pressure
|move|p1a: Mamoswine|Icicle Crash|p2a: Corviknight|[miss]
|-miss|p1a: Mamoswine|p2a: Corviknight
|
|upkeep
|turn|15
|
|t:|1667954857
|move|p1a: Mamoswine|Icicle Crash|p2a: Corviknight
|-damage|p2a: Corviknight|27/100
|move|p2a: Corviknight|Roost|p2a: Corviknight
|-heal|p2a: Corviknight|77/100
|-singleturn|p2a: Corviknight|move: Roost
|
|upkeep
|turn|16
|
|t:|1667954873
|move|p1a: Mamoswine|Icicle Crash|p2a: Corviknight
|-damage|p2a: Corviknight|32/100
|cant|p2a: Corviknight|flinch
|
|upkeep
|turn|17
|c| seelbachariot|We Need SD Mamo In Gen 9
|
|t:|1667954901
|move|p1a: Mamoswine|Icicle Crash|p2a: Corviknight
|-damage|p2a: Corviknight|0 fnt
|faint|p2a: Corviknight
|
|upkeep
|inactive|Voyager02 has 120 seconds left.
|
|t:|1667954912
|switch|p2a: Ninetales|Ninetales-Alola, M|100/100
|-weather|Hail|[from] ability: Snow Warning|[of] p2a: Ninetales
|turn|18
|
|t:|1667954919
|switch|p1a: Blissey|Blissey, F, shiny|23/100
|move|p2a: Ninetales|Aurora Veil|p2a: Ninetales
|-sidestart|p2: Voyager02|move: Aurora Veil
|
|-weather|Hail|[upkeep]
|-damage|p1a: Blissey|17/100|[from] Hail
|upkeep
|turn|19
|inactive|Voyager02 has 120 seconds left.
|
|t:|1667954946
|switch|p2a: Landorus|Landorus-Therian, M|85/100
|-ability|p2a: Landorus|Intimidate|boost
|-unboost|p1a: Blissey|atk|1
|move|p1a: Blissey|Soft-Boiled|p1a: Blissey
|-heal|p1a: Blissey|67/100
|
|-weather|Hail|[upkeep]
|-damage|p2a: Landorus|79/100|[from] Hail
|-damage|p1a: Blissey|61/100|[from] Hail
|-heal|p2a: Landorus|85/100|[from] item: Leftovers
|upkeep
|turn|20
|inactive|BAN MELMETL has 90 seconds left.
|inactive|Voyager02 has 120 seconds left.
|inactive|BAN MELMETL has 60 seconds left.
|
|t:|1667954981
|move|p2a: Landorus|Toxic|p1a: Blissey
|-status|p1a: Blissey|tox
|move|p1a: Blissey|Stealth Rock|p2a: Landorus
|-sidestart|p2: Voyager02|move: Stealth Rock
|
|-weather|Hail|[upkeep]
|-damage|p2a: Landorus|79/100|[from] Hail
|-damage|p1a: Blissey|54/100 tox|[from] Hail
|-heal|p2a: Landorus|85/100|[from] item: Leftovers
|-damage|p1a: Blissey|48/100 tox|[from] psn
|upkeep
|turn|21
|inactive|Voyager02 has 120 seconds left.
|
|t:|1667954990
|move|p2a: Landorus|Defog|p1a: Blissey
|-unboost|p1a: Blissey|evasion|1
|-sideend|p2: Voyager02|Stealth Rock|[from] move: Defog|[of] p2a: Landorus
|move|p1a: Blissey|Soft-Boiled|p1a: Blissey
|-heal|p1a: Blissey|98/100 tox
|
|-weather|Hail|[upkeep]
|-damage|p2a: Landorus|79/100|[from] Hail
|-damage|p1a: Blissey|92/100 tox|[from] Hail
|-heal|p2a: Landorus|85/100|[from] item: Leftovers
|-damage|p1a: Blissey|80/100 tox|[from] psn
|upkeep
|turn|22
|
|t:|1667955005
|move|p2a: Landorus|U-turn|p1a: Blissey
|-damage|p1a: Blissey|59/100 tox
|
|t:|1667955008
|switch|p2a: Arctozolt|Arctozolt|69/100|[from]move: U-turn
|move|p1a: Blissey|Toxic|p2a: Arctozolt
|-status|p2a: Arctozolt|tox
|
|-weather|Hail|[upkeep]
|-damage|p1a: Blissey|53/100 tox|[from] Hail
|-heal|p2a: Arctozolt|76/100 tox|[from] item: Leftovers
|-damage|p2a: Arctozolt|69/100 tox|[from] psn
|-damage|p1a: Blissey|35/100 tox|[from] psn
|-sideend|p2: Voyager02|move: Aurora Veil
|upkeep
|turn|23
|j| Zenadark
|c|☆BAN MELMETL|sweeet
|l| Zenadark
|inactive|BAN MELMETL has 60 seconds left.
|j| BandedAI
|
|t:|1667955057
|-curestatus|p1a: Blissey|tox|[from] ability: Natural Cure
|switch|p1a: Buzzwole|Buzzwole, shiny|100/100
|move|p2a: Arctozolt|Bolt Beak|p1a: Buzzwole
|-damage|p1a: Buzzwole|66/100
|-damage|p2a: Arctozolt|53/100 tox|[from] item: Rocky Helmet|[of] p1a: Buzzwole
|
|-weather|Hail|[upkeep]
|-damage|p1a: Buzzwole|60/100|[from] Hail
|-heal|p2a: Arctozolt|59/100 tox|[from] item: Leftovers
|-damage|p2a: Arctozolt|47/100 tox|[from] psn
|upkeep
|turn|24
|inactive|BAN MELMETL has 30 seconds left.
|
|t:|1667955075
|switch|p2a: Tornadus|Tornadus-Therian, M|100/100
|switch|p1a: Slowbro|Slowbro, M|74/100
|
|-weather|Hail|[upkeep]
|-damage|p2a: Tornadus|94/100|[from] Hail
|-damage|p1a: Slowbro|68/100|[from] Hail
|upkeep
|turn|25
|
|t:|1667955083
|move|p2a: Tornadus|Knock Off|p1a: Slowbro
|-supereffective|p1a: Slowbro
|-damage|p1a: Slowbro|41/100
|-enditem|p1a: Slowbro|Heavy-Duty Boots|[from] move: Knock Off|[of] p2a: Tornadus
|move|p1a: Slowbro|Future Sight|p2a: Tornadus
|-start|p1a: Slowbro|move: Future Sight
|
|-weather|none
|upkeep
|turn|26
|
|t:|1667955091
|move|p2a: Tornadus|Knock Off|p1a: Slowbro
|-supereffective|p1a: Slowbro
|-damage|p1a: Slowbro|21/100
|move|p1a: Slowbro|Slack Off|p1a: Slowbro
|-heal|p1a: Slowbro|71/100
|
|upkeep
|turn|27
|
|t:|1667955097
|move|p2a: Tornadus|Taunt|p1a: Slowbro
|-start|p1a: Slowbro|move: Taunt
|cant|p1a: Slowbro|move: Taunt|Slack Off
|
|-end|p2a: Tornadus|move: Future Sight
|-damage|p2a: Tornadus|54/100
|upkeep
|turn|28
|
|t:|1667955103
|move|p2a: Tornadus|Knock Off|p1a: Slowbro
|-supereffective|p1a: Slowbro
|-damage|p1a: Slowbro|51/100
|move|p1a: Slowbro|Future Sight|p2a: Tornadus
|-start|p1a: Slowbro|move: Future Sight
|
|upkeep
|turn|29
|j| Kyosuru Jets
|inactive|BAN MELMETL has 60 seconds left.
|
|t:|1667955117
|switch|p1a: Salamence|Salamence, F, shiny|100/100
|-ability|p1a: Salamence|Intimidate|boost
|-unboost|p2a: Tornadus|atk|1
|move|p2a: Tornadus|U-turn|p1a: Salamence
|-resisted|p1a: Salamence
|-crit|p1a: Salamence
|-damage|p1a: Salamence|92/100
|j| El Hueco Mundo
|c| Seniorquake|No hurr?
|
|t:|1667955124
|switch|p2a: Ninetales|Ninetales-Alola, M|100/100|[from]move: U-turn
|-weather|Hail|[from] ability: Snow Warning|[of] p2a: Ninetales
|
|-weather|Hail|[upkeep]
|-damage|p1a: Salamence|86/100|[from] Hail
|upkeep
|turn|30
|j| BLOATED_BAGEL
|inactive|BAN MELMETL has 60 seconds left.
|
|t:|1667955160
|switch|p2a: Volcanion|Volcanion|100/100
|switch|p1a: Blacephalon|Blacephalon, shiny|100/100
|
|-weather|Hail|[upkeep]
|-damage|p1a: Blacephalon|94/100|[from] Hail
|-damage|p2a: Volcanion|95/100|[from] Hail
|-end|p2a: Volcanion|move: Future Sight
|-damage|p2a: Volcanion|42/100
|upkeep
|turn|31
|
|t:|1667955171
|switch|p1a: Slowbro|Slowbro, M|84/100
|move|p2a: Volcanion|Steam Eruption|p1a: Slowbro
|-resisted|p1a: Slowbro
|-damage|p1a: Slowbro|48/100
|
|-weather|Hail|[upkeep]
|-damage|p2a: Volcanion|36/100|[from] Hail
|-damage|p1a: Slowbro|42/100|[from] Hail
|upkeep
|turn|32
|
|t:|1667955182
|move|p2a: Volcanion|Steam Eruption|p1a: Slowbro
|-resisted|p1a: Slowbro
|-damage|p1a: Slowbro|9/100
|move|p1a: Slowbro|Slack Off|p1a: Slowbro
|-heal|p1a: Slowbro|59/100
|
|-weather|Hail|[upkeep]
|-damage|p2a: Volcanion|30/100|[from] Hail
|-damage|p1a: Slowbro|53/100|[from] Hail
|upkeep
|turn|33
|
|t:|1667955191
|switch|p2a: Arctozolt|Arctozolt|47/100 tox
|move|p1a: Slowbro|Future Sight|p2a: Arctozolt
|-start|p1a: Slowbro|move: Future Sight
|
|-weather|Hail|[upkeep]
|-damage|p1a: Slowbro|47/100|[from] Hail
|-heal|p2a: Arctozolt|53/100 tox|[from] item: Leftovers
|-damage|p2a: Arctozolt|47/100 tox|[from] psn
|upkeep
|turn|34
|inactive|BAN MELMETL has 60 seconds left.
|
|t:|1667955208
|switch|p1a: Buzzwole|Buzzwole, shiny|60/100
|move|p2a: Arctozolt|Bolt Beak|p1a: Buzzwole
|-damage|p1a: Buzzwole|24/100
|-damage|p2a: Arctozolt|30/100 tox|[from] item: Rocky Helmet|[of] p1a: Buzzwole
|
|-weather|Hail|[upkeep]
|-damage|p1a: Buzzwole|17/100|[from] Hail
|-heal|p2a: Arctozolt|36/100 tox|[from] item: Leftovers
|-damage|p2a: Arctozolt|24/100 tox|[from] psn
|upkeep
|turn|35
|
|t:|1667955219
|move|p2a: Arctozolt|Blizzard|p1a: Buzzwole
|-damage|p1a: Buzzwole|0 fnt
|faint|p1a: Buzzwole
|
|-weather|Hail|[upkeep]
|-end|p2a: Arctozolt|move: Future Sight
|-damage|p2a: Arctozolt|0 fnt
|faint|p2a: Arctozolt
|upkeep
|inactive|BAN MELMETL has 60 seconds left.
|
|t:|1667955233
|switch|p2a: Tornadus|Tornadus-Therian, M|87/100
|switch|p1a: Mamoswine|Mamoswine, F, shiny|68/100
|turn|36
|inactive|BAN MELMETL has 60 seconds left.
|
|t:|1667955249
|move|p1a: Mamoswine|Ice Shard|p2a: Tornadus
|-supereffective|p2a: Tornadus
|-damage|p2a: Tornadus|4/100
|move|p2a: Tornadus|Heat Wave|p1a: Mamoswine
|-supereffective|p1a: Mamoswine
|-damage|p1a: Mamoswine|31/100
|
|-weather|none
|upkeep
|turn|37
|inactive|BAN MELMETL has 60 seconds left.
|
|t:|1667955266
|switch|p2a: Ninetales|Ninetales-Alola, M|100/100
|-weather|Hail|[from] ability: Snow Warning|[of] p2a: Ninetales
|move|p1a: Mamoswine|Ice Shard|p2a: Ninetales
|-resisted|p2a: Ninetales
|-damage|p2a: Ninetales|80/100
|
|-weather|Hail|[upkeep]
|upkeep
|turn|38
|inactive|BAN MELMETL has 60 seconds left.
|j| spacemeatsheep
|l| Regireaper12
|l| El Hueco Mundo
|l| spacemeatsheep
|j| Rosaism
|j| spacemeatsheep
|inactive|BAN MELMETL has 30 seconds left.
|
|t:|1667955308
|switch|p1a: Blacephalon|Blacephalon, shiny|94/100
|move|p2a: Ninetales|Aurora Veil|p2a: Ninetales
|-sidestart|p2: Voyager02|move: Aurora Veil
|
|-weather|Hail|[upkeep]
|-damage|p1a: Blacephalon|88/100|[from] Hail
|upkeep
|turn|39
|inactive|BAN MELMETL has 30 seconds left.
|
|t:|1667955317
|switch|p2a: Landorus|Landorus-Therian, M|85/100
|-ability|p2a: Landorus|Intimidate|boost
|-unboost|p1a: Blacephalon|atk|1
|move|p1a: Blacephalon|Shadow Ball|p2a: Landorus
|-damage|p2a: Landorus|58/100
|
|-weather|Hail|[upkeep]
|-damage|p1a: Blacephalon|82/100|[from] Hail
|-damage|p2a: Landorus|52/100|[from] Hail
|-heal|p2a: Landorus|58/100|[from] item: Leftovers
|upkeep
|turn|40
|
|t:|1667955330
|switch|p1a: Salamence|Salamence, F, shiny|86/100
|-ability|p1a: Salamence|Intimidate|boost
|-unboost|p2a: Landorus|atk|1
|move|p2a: Landorus|Toxic|p1a: Salamence
|-status|p1a: Salamence|tox
|
|-weather|Hail|[upkeep]
|-damage|p1a: Salamence|80/100 tox|[from] Hail
|-damage|p2a: Landorus|52/100|[from] Hail
|-heal|p2a: Landorus|58/100|[from] item: Leftovers
|-damage|p1a: Salamence|74/100 tox|[from] psn
|upkeep
|turn|41
|
|t:|1667955341
|switch|p2a: Tornadus|Tornadus-Therian, M|37/100
|move|p1a: Salamence|Defog|p2a: Tornadus
|-unboost|p2a: Tornadus|evasion|1
|-sideend|p2: Voyager02|move: Aurora Veil
|
|-weather|Hail|[upkeep]
|-damage|p2a: Tornadus|31/100|[from] Hail
|-damage|p1a: Salamence|68/100 tox|[from] Hail
|-damage|p1a: Salamence|56/100 tox|[from] psn
|upkeep
|turn|42
|
|t:|1667955351
|switch|p1a: Slowbro|Slowbro, M|80/100
|move|p2a: Tornadus|U-turn|p1a: Slowbro
|-supereffective|p1a: Slowbro
|-damage|p1a: Slowbro|57/100
|l| Rosaism
|
|t:|1667955360
|switch|p2a: Landorus|Landorus-Therian, M|58/100|[from]move: U-turn
|-ability|p2a: Landorus|Intimidate|boost
|-unboost|p1a: Slowbro|atk|1
|
|-weather|Hail|[upkeep]
|-damage|p2a: Landorus|52/100|[from] Hail
|-damage|p1a: Slowbro|51/100|[from] Hail
|-heal|p2a: Landorus|58/100|[from] item: Leftovers
|upkeep
|turn|43
|l| ty-tyui↻
|
|t:|1667955368
|move|p2a: Landorus|Toxic|p1a: Slowbro
|-status|p1a: Slowbro|tox
|move|p1a: Slowbro|Scald|p2a: Landorus
|-supereffective|p2a: Landorus
|-damage|p2a: Landorus|16/100
|
|-weather|Hail|[upkeep]
|-damage|p2a: Landorus|10/100|[from] Hail
|-damage|p1a: Slowbro|45/100 tox|[from] Hail
|-heal|p2a: Landorus|16/100|[from] item: Leftovers
|-damage|p1a: Slowbro|39/100 tox|[from] psn
|upkeep
|turn|44
|inactive|BAN MELMETL has 60 seconds left.
|
|t:|1667955391
|switch|p2a: Tornadus|Tornadus-Therian, M|64/100
|switch|p1a: Salamence|Salamence, F, shiny|56/100 tox
|-ability|p1a: Salamence|Intimidate|boost
|-unboost|p2a: Tornadus|atk|1
|
|-weather|none
|-damage|p1a: Salamence|49/100 tox|[from] psn
|upkeep
|turn|45
|
|t:|1667955400
|move|p2a: Tornadus|Knock Off|p1a: Salamence
|-damage|p1a: Salamence|39/100 tox
|-enditem|p1a: Salamence|Heavy-Duty Boots|[from] move: Knock Off|[of] p2a: Tornadus
|move|p1a: Salamence|Flamethrower|p2a: Tornadus
|-damage|p2a: Tornadus|44/100
|
|-damage|p1a: Salamence|26/100 tox|[from] psn
|upkeep
|turn|46
|
|t:|1667955412
|move|p2a: Tornadus|U-turn|p1a: Salamence
|-resisted|p1a: Salamence
|-damage|p1a: Salamence|23/100 tox
|
|t:|1667955417
|switch|p2a: Landorus|Landorus-Therian, M|16/100|[from]move: U-turn
|-ability|p2a: Landorus|Intimidate|boost
|-unboost|p1a: Salamence|atk|1
|move|p1a: Salamence|Flamethrower|p2a: Landorus
|-damage|p2a: Landorus|2/100
|
|-heal|p2a: Landorus|8/100|[from] item: Leftovers
|-damage|p1a: Salamence|5/100 tox|[from] psn
|upkeep
|turn|47
|
|t:|1667955428
|switch|p2a: Tornadus|Tornadus-Therian, M|77/100
|move|p1a: Salamence|Flamethrower|p2a: Tornadus
|-damage|p2a: Tornadus|57/100
|
|-damage|p1a: Salamence|0 fnt|[from] psn
|faint|p1a: Salamence
|upkeep
|
|t:|1667955437
|switch|p1a: Mamoswine|Mamoswine, F, shiny|31/100
|turn|48
|
|t:|1667955441
|switch|p2a: Landorus|Landorus-Therian, M|8/100
|-ability|p2a: Landorus|Intimidate|boost
|-unboost|p1a: Mamoswine|atk|1
|move|p1a: Mamoswine|Ice Shard|p2a: Landorus
|-supereffective|p2a: Landorus
|-damage|p2a: Landorus|0 fnt
|faint|p2a: Landorus
|
|upkeep
|
|t:|1667955449
|switch|p2a: Tornadus|Tornadus-Therian, M|91/100
|turn|49
|inactive|BAN MELMETL has 90 seconds left.
|
|t:|1667955460
|switch|p1a: Blacephalon|Blacephalon, shiny|82/100
|move|p2a: Tornadus|Knock Off|p1a: Blacephalon
|-supereffective|p1a: Blacephalon
|-damage|p1a: Blacephalon|0 fnt
|-enditem|p1a: Blacephalon|Choice Specs|[from] move: Knock Off|[of] p2a: Tornadus
|faint|p1a: Blacephalon
|
|upkeep
|inactive|BAN MELMETL has 90 seconds left.
|
|t:|1667955466
|switch|p1a: Mamoswine|Mamoswine, F, shiny|31/100
|turn|50
|
|t:|1667955484
|switch|p2a: Volcanion|Volcanion|30/100
|move|p1a: Mamoswine|Ice Shard|p2a: Volcanion
|-resisted|p2a: Volcanion
|-damage|p2a: Volcanion|23/100
|
|upkeep
|turn|51
|
|t:|1667955495
|switch|p1a: Slowbro|Slowbro, M|72/100 tox
|move|p2a: Volcanion|Steam Eruption|p1a: Slowbro
|-resisted|p1a: Slowbro
|-damage|p1a: Slowbro|37/100 tox
|
|-damage|p1a: Slowbro|30/100 tox|[from] psn
|upkeep
|turn|52
|inactive|BAN MELMETL has 90 seconds left.
|
|t:|1667955521
|switch|p1a: Mamoswine|Mamoswine, F, shiny|31/100
|move|p2a: Volcanion|Steam Eruption|p1a: Mamoswine
|-supereffective|p1a: Mamoswine
|-damage|p1a: Mamoswine|0 fnt
|faint|p1a: Mamoswine
|
|upkeep
|
|t:|1667955523
|switch|p1a: Blissey|Blissey, F, shiny|35/100
|turn|53
|
|t:|1667955544
|move|p2a: Volcanion|Steam Eruption|p1a: Blissey
|-damage|p1a: Blissey|2/100
|move|p1a: Blissey|Soft-Boiled|p1a: Blissey
|-heal|p1a: Blissey|52/100
|
|upkeep
|turn|54
|c| BandedAI|f
|
|t:|1667955550
|switch|p2a: Tornadus|Tornadus-Therian, M|100/100
|move|p1a: Blissey|Soft-Boiled|p1a: Blissey
|-heal|p1a: Blissey|100/100
|
|upkeep
|turn|55
|c| BandedAI|that roll was not shiesty
|
|t:|1667955558
|move|p2a: Tornadus|Taunt|p1a: Blissey
|-start|p1a: Blissey|move: Taunt
|move|p1a: Blissey|Seismic Toss|p2a: Tornadus
|-damage|p2a: Tornadus|73/100
|
|upkeep
|turn|56
|
|t:|1667955564
|switch|p1a: Slowbro|Slowbro, M|64/100 tox
|move|p2a: Tornadus|U-turn|p1a: Slowbro
|-supereffective|p1a: Slowbro
|-damage|p1a: Slowbro|41/100 tox
|
|t:|1667955569
|switch|p2a: Ninetales|Ninetales-Alola, M|80/100|[from]move: U-turn
|-weather|Hail|[from] ability: Snow Warning|[of] p2a: Ninetales
|
|-weather|Hail|[upkeep]
|-damage|p1a: Slowbro|35/100 tox|[from] Hail
|-damage|p1a: Slowbro|29/100 tox|[from] psn
|upkeep
|turn|57
|c| saucycriminal|havent seen blissety being used in a while
|
|t:|1667955577
|switch|p1a: Blissey|Blissey, F, shiny|100/100
|move|p2a: Ninetales|Freeze-Dry|p1a: Blissey
|-damage|p1a: Blissey|94/100
|
|-weather|Hail|[upkeep]
|-damage|p1a: Blissey|88/100|[from] Hail
|upkeep
|turn|58
|c| BandedAI|yeah because it drains temo
|c| BandedAI|tempo*
|
|t:|1667955589
|move|p2a: Ninetales|Aurora Veil|p2a: Ninetales
|-sidestart|p2: Voyager02|move: Aurora Veil
|move|p1a: Blissey|Stealth Rock|p2a: Ninetales
|-sidestart|p2: Voyager02|move: Stealth Rock
|
|-weather|Hail|[upkeep]
|-damage|p1a: Blissey|82/100|[from] Hail
|upkeep
|turn|59
|j| Pikablu007
|
|t:|1667955605
|switch|p2a: Volcanion|Volcanion|23/100
|-damage|p2a: Volcanion|0 fnt|[from] Stealth Rock
|faint|p2a: Volcanion
|move|p1a: Blissey|Soft-Boiled|p1a: Blissey
|-heal|p1a: Blissey|100/100
|
|-weather|Hail|[upkeep]
|-damage|p1a: Blissey|94/100|[from] Hail
|upkeep
|
|t:|1667955613
|switch|p2a: Tornadus|Tornadus-Therian, M|100/100
|-damage|p2a: Tornadus|76/100|[from] Stealth Rock
|turn|60
|c| saucycriminal|ik henever i see blissey i think "whos that pokemon"
|
|t:|1667955621
|move|p2a: Tornadus|Knock Off|p1a: Blissey
|-damage|p1a: Blissey|82/100
|move|p1a: Blissey|Seismic Toss|p2a: Tornadus
|-damage|p2a: Tornadus|48/100
|
|-weather|Hail|[upkeep]
|-damage|p2a: Tornadus|42/100|[from] Hail
|-damage|p1a: Blissey|76/100|[from] Hail
|upkeep
|turn|61
|c| BandedAI|thats a wrap
|
|t:|1667955632
|switch|p2a: Ninetales|Ninetales-Alola, M|80/100
|-damage|p2a: Ninetales|55/100|[from] Stealth Rock
|move|p1a: Blissey|Seismic Toss|p2a: Ninetales
|-damage|p2a: Ninetales|26/100
|
|-weather|Hail|[upkeep]
|-damage|p1a: Blissey|69/100|[from] Hail
|upkeep
|turn|62
|c| saucycriminal|wild game
|
|t:|1667955640
|move|p2a: Ninetales|Pain Split|p1a: Blissey
|-sethp|p1a: Blissey|41/100|[from] move: Pain Split|[silent]
|-sethp|p2a: Ninetales|82/100|[from] move: Pain Split
|move|p1a: Blissey|Soft-Boiled|p1a: Blissey
|-heal|p1a: Blissey|91/100
|
|-weather|Hail|[upkeep]
|-damage|p1a: Blissey|85/100|[from] Hail
|-sideend|p2: Voyager02|move: Aurora Veil
|upkeep
|turn|63
|c| saucycriminal|oh
|c| BandedAI|nevermind
|c| BandedAI|maybe?
|c| saucycriminal|lmao
|c|☆BAN MELMETL|the tech
|c| BandedAI|pain split
|c| TheLogImusPrime|thats
|c| BandedAI|might actually win
|c| BandedAI|no cap
|c| TheLogImusPrime|wow lmao
|j| SatelliteFifteen
|c| Kyosuru Jets|vs chansey like yea
|c| TheLogImusPrime|ninetales the goat?
|inactive|BAN MELMETL has 120 seconds left.
|c| BandedAI|its a very dangerous game for
|c| saucycriminal|that was a wild split into soft boiled he just gained free ho basically
|c| BandedAI|for the blissey player
|c| Kyosuru Jets|well no doesnt toxic win
|c| Kyosuru Jets|bc
|
|t:|1667955696
|move|p2a: Ninetales|Freeze-Dry|p1a: Blissey
|-damage|p1a: Blissey|78/100
|-status|p1a: Blissey|frz
|-curestatus|p1a: Blissey|frz|[msg]
|move|p1a: Blissey|Seismic Toss|p2a: Ninetales
|-damage|p2a: Ninetales|54/100
|
|-weather|none
|upkeep
|turn|64
|c| natdexfunnn|yea toxic
|c| TheLogImusPrime|LMFAO
|c| Kyosuru Jets|u need max like 16 turns of poison or some shit
|
|t:|1667955709
|move|p2a: Ninetales|Freeze-Dry|p1a: Blissey
|-damage|p1a: Blissey|71/100
|-status|p1a: Blissey|frz
|cant|p1a: Blissey|frz
|
|upkeep
|turn|65
|c| BandedAI|LOL
|c| TheLogImusPrime|bruh
|c| Kyosuru Jets|lmfao
|c| TTarion|lmao
|
|t:|1667955718
|-curestatus|p1a: Blissey|frz|[from] ability: Natural Cure
|switch|p1a: Slowbro|Slowbro, M|62/100 tox
|move|p2a: Ninetales|Freeze-Dry|p1a: Slowbro
|-supereffective|p1a: Slowbro
|-damage|p1a: Slowbro|31/100 tox
|
|-damage|p1a: Slowbro|25/100 tox|[from] psn
|upkeep
|turn|66
|c| BandedAI|aint no way
|c| TheLogImusPrime|what in the world
|c| seelbachariot|Oooooh
|
|t:|1667955726
|switch|p1a: Blissey|Blissey, F, shiny|71/100
|move|p2a: Ninetales|Freeze-Dry|p1a: Blissey
|-damage|p1a: Blissey|64/100
|-status|p1a: Blissey|frz
|
|upkeep
|turn|67
|c| BandedAI|LOL
|c| Kyosuru Jets|LOL
|c| TheLogImusPrime|HUH
|c| TTarion|BRUH
|c| BandedAI|AGAIN
|
|t:|1667955739
|-curestatus|p1a: Blissey|frz|[from] ability: Natural Cure
|switch|p1a: Slowbro|Slowbro, M|59/100 tox
|move|p2a: Ninetales|Freeze-Dry|p1a: Slowbro
|-supereffective|p1a: Slowbro
|-damage|p1a: Slowbro|27/100 tox
|
|-damage|p1a: Slowbro|21/100 tox|[from] psn
|upkeep
|turn|68
|
|t:|1667955747
|switch|p1a: Blissey|Blissey, F, shiny|64/100
|move|p2a: Ninetales|Freeze-Dry|p1a: Blissey
|-damage|p1a: Blissey|57/100
|
|upkeep
|turn|69
|c| BandedAI|AGAIN
|c| Kyosuru Jets|whats the thaw chance
|
|t:|1667955754
|move|p2a: Ninetales|Freeze-Dry|p1a: Blissey
|-damage|p1a: Blissey|50/100
|-status|p1a: Blissey|frz
|cant|p1a: Blissey|frz
|
|upkeep
|turn|70
|c| SatelliteFifteen|33?
|c| BandedAI|iirc
|c| Kyosuru Jets|LOL?
|c| SatelliteFifteen|WTF
|c| BandedAI|20% or 10%
|c| BandedAI|NO
|c| TTarion|Bro
|c| seelbachariot|This may be the worst competitive game in history
|c| BandedAI|AINT NO WAY
|inactive|BAN MELMETL has 120 seconds left.
|c| Georgina Tropicana|what did i come back to
|c| TTarion|4 in the spam of like 6 turns
|
|t:|1667955782
|-curestatus|p1a: Blissey|frz|[from] ability: Natural Cure
|switch|p1a: Slowbro|Slowbro, M|54/100 tox
|move|p2a: Ninetales|Freeze-Dry|p1a: Slowbro
|-supereffective|p1a: Slowbro
|-damage|p1a: Slowbro|20/100 tox
|
|-damage|p1a: Slowbro|14/100 tox|[from] psn
|upkeep
|turn|71
|c| TTarion|span*
|c| Georgina Tropicana|how many turns has this blissey been frozen
|c| TheLogImusPrime|bro this is some lavos ragequit shit
|c| 228i996|https://www.smogon.com/dex/ss/moves/freeze-dry/
|c| TheLogImusPrime|thats the 4th freeze
|
|t:|1667955803
|switch|p1a: Blissey|Blissey, F, shiny|50/100
|move|p2a: Ninetales|Freeze-Dry|p1a: Blissey
|-damage|p1a: Blissey|43/100
|
|upkeep
|turn|72
|c| 228i996|Only 10%
|c| Kyosuru Jets|no i mean
|
|t:|1667955809
|move|p2a: Ninetales|Freeze-Dry|p1a: Blissey
|-damage|p1a: Blissey|35/100
|move|p1a: Blissey|Soft-Boiled|p1a: Blissey
|-heal|p1a: Blissey|85/100
|
|upkeep
|turn|73
|c| Kyosuru Jets|freeze thaw chance
|c| BandedAI|f
|c| SatelliteFifteen|rip
|c| BandedAI|unless bro got lavos'd
|
|t:|1667955821
|move|p2a: Ninetales|Pain Split|p1a: Blissey
|-sethp|p1a: Blissey|56/100|[from] move: Pain Split|[silent]
|-sethp|p2a: Ninetales|100/100|[from] move: Pain Split
|move|p1a: Blissey|Toxic|p2a: Ninetales
|-status|p2a: Ninetales|tox
|
|-damage|p2a: Ninetales|94/100 tox|[from] psn
|upkeep
|turn|74
|c| BandedAI|voy aint gonna win
|c| natdexfunnn|noooooo
|j| averagealt99
|c| 228i996|Oh... Idk for thaw
|
|t:|1667955828
|move|p2a: Ninetales|Heal Bell|p2a: Ninetales
|-activate|p2a: Ninetales|move: Heal Bell
|-curestatus|p2a: Ninetales|tox|[msg]
|move|p1a: Blissey|Soft-Boiled|p1a: Blissey
|-heal|p1a: Blissey|100/100
|
|upkeep
|turn|75
|c| Kyosuru Jets|oh
|c| Kyosuru Jets|i didnt see
|c| Kyosuru Jets|heal bell
|c| Kyosuru Jets|lol
|c| BandedAI|OOOH
|c| natdexfunnn|what is this cteam
|c| BandedAI|NAH
|c| BandedAI|THIS IS SOME CTEAM
|c|☆BAN MELMETL|1 in a million set
|c| TheLogImusPrime|for real
|inactive|BAN MELMETL has 120 seconds left.
|
|t:|1667955857
|move|p2a: Ninetales|Freeze-Dry|p1a: Blissey
|-crit|p1a: Blissey
|-damage|p1a: Blissey|89/100
|move|p1a: Blissey|Toxic|p2a: Ninetales|[miss]
|-miss|p1a: Blissey|p2a: Ninetales
|
|upkeep
|turn|76
|c| SatelliteFifteen|ayo
|c| TheLogImusPrime|the ninetales to piece the heavens
|
|t:|1667955864
|move|p2a: Ninetales|Freeze-Dry|p1a: Blissey
|-damage|p1a: Blissey|82/100
|move|p1a: Blissey|Toxic|p2a: Ninetales
|-status|p2a: Ninetales|tox
|
|-damage|p2a: Ninetales|88/100 tox|[from] psn
|upkeep
|turn|77
|
|t:|1667955871
|switch|p1a: Slowbro|Slowbro, M|47/100 tox
|move|p2a: Ninetales|Freeze-Dry|p1a: Slowbro
|-supereffective|p1a: Slowbro
|-damage|p1a: Slowbro|14/100 tox
|
|-damage|p2a: Ninetales|76/100 tox|[from] psn
|-damage|p1a: Slowbro|8/100 tox|[from] psn
|upkeep
|turn|78
|c| BandedAI|Lavos is watching above
|c| seelbachariot|I think I played voyager earlier with this set didn't even know ninetales had p split
|
|t:|1667955879
|switch|p1a: Blissey|Blissey, F, shiny|82/100
|move|p2a: Ninetales|Freeze-Dry|p1a: Blissey
|-damage|p1a: Blissey|75/100
|
|-damage|p2a: Ninetales|58/100 tox|[from] psn
|upkeep
|turn|79
|c| TheLogImusPrime|i mean
|c| TheLogImusPrime|its honestly great tech
|c| TheLogImusPrime|good healing move
|c| BandedAI|psplit heal bell
|
|t:|1667955909
|move|p2a: Ninetales|Heal Bell|p2a: Ninetales
|-activate|p2a: Ninetales|move: Heal Bell
|-curestatus|p2a: Ninetales|tox|[msg]
|move|p1a: Blissey|Seismic Toss|p2a: Ninetales
|-damage|p2a: Ninetales|30/100
|
|upkeep
|turn|80
|c| TheLogImusPrime|on a mon that has like no healing and is usually gonna be tanking on the merits of aurora veil alone
|inactive|BAN MELMETL has 120 seconds left.
|c| Kyosuru Jets|it is very much so techd in
|c| Kyosuru Jets|lol
|c| Kyosuru Jets|but like word
|c| Kyosuru Jets|its hype
|c| TheLogImusPrime|i got 10 more minutes finish it up
|inactive|BAN MELMETL has 90 seconds left.
|l| gwennedee
|c| TheLogImusPrime|its like
|l| Seniorquake
|c| TheLogImusPrime|damn bro im stealing this set
|c| TheLogImusPrime|i didnt even know ninetales got pain split or heal bell
|
|t:|1667955982
|move|p2a: Ninetales|Freeze-Dry|p1a: Blissey
|-damage|p1a: Blissey|68/100
|move|p1a: Blissey|Toxic|p2a: Ninetales|[miss]
|-miss|p1a: Blissey|p2a: Ninetales
|
|upkeep
|turn|81
|j| Seniorquake
|c| BandedAI|NAH
|c| aursnes|my semi final with voyager was literally more than one hour ago
|c| saucycriminal|why u keep busting out 100 turn games ban melmetl lmao
|
|t:|1667955991
|move|p2a: Ninetales|Pain Split|p1a: Blissey
|-sethp|p1a: Blissey|42/100|[from] move: Pain Split|[silent]
|-sethp|p2a: Ninetales|83/100|[from] move: Pain Split
|move|p1a: Blissey|Toxic|p2a: Ninetales
|-status|p2a: Ninetales|tox
|
|-damage|p2a: Ninetales|77/100 tox|[from] psn
|upkeep
|turn|82
|
|t:|1667955999
|move|p2a: Ninetales|Freeze-Dry|p1a: Blissey
|-damage|p1a: Blissey|34/100
|move|p1a: Blissey|Soft-Boiled|p1a: Blissey
|-heal|p1a: Blissey|84/100
|
|-damage|p2a: Ninetales|65/100 tox|[from] psn
|upkeep
|turn|83
|j| Cra3k
|
|t:|1667956006
|move|p2a: Ninetales|Freeze-Dry|p1a: Blissey
|-damage|p1a: Blissey|77/100
|move|p1a: Blissey|Seismic Toss|p2a: Ninetales
|-damage|p2a: Ninetales|36/100 tox
|
|-damage|p2a: Ninetales|18/100 tox|[from] psn
|upkeep
|turn|84
|c| natdexfunnn|uh oh
|c| BandedAI|this spells troubl
|c| saucycriminal|Oh
|inactive|BAN MELMETL has 60 seconds left.
|c| saucycriminal|just cant get past blissey
|c| saucycriminal|impossible
|c| BandedAI|he needs a ungodly amount of luck
|c| BandedAI|like mchmeghan vs lavos luck
|c| saucycriminal|ya lol
|
|t:|1667956058
|move|p2a: Ninetales|Pain Split|p1a: Blissey
|-sethp|p1a: Blissey|43/100|[from] move: Pain Split|[silent]
|-sethp|p2a: Ninetales|86/100 tox|[from] move: Pain Split
|move|p1a: Blissey|Seismic Toss|p2a: Ninetales
|-damage|p2a: Ninetales|57/100 tox
|
|-damage|p2a: Ninetales|33/100 tox|[from] psn
|upkeep
|turn|85
|c| TheLogImusPrime|i mean he got it
|c| TTarion|Can't even fish for freeze
|c| saucycriminal|oh shit
|inactive|BAN MELMETL has 30 seconds left.
|inactive|BAN MELMETL has 20 seconds left.
|
|t:|1667956081
|switch|p1a: Slowbro|Slowbro, M|41/100 tox
|move|p2a: Ninetales|Heal Bell|p2a: Ninetales
|-activate|p2a: Ninetales|move: Heal Bell
|-curestatus|p2a: Ninetales|tox|[msg]
|
|-damage|p1a: Slowbro|35/100 tox|[from] psn
|upkeep
|turn|86
|inactive|BAN MELMETL has 25 seconds left this turn.
|c| TheLogImusPrime|its just that natural cure is the best anti freeze hax ability in the game
|inactive|BAN MELMETL has 20 seconds left.
|inactive|BAN MELMETL has 15 seconds left.
|c| saucycriminal|clutch bell
|
|t:|1667956094
|switch|p1a: Blissey|Blissey, F, shiny|43/100
|move|p2a: Ninetales|Freeze-Dry|p1a: Blissey
|-damage|p1a: Blissey|36/100
|
|upkeep
|turn|87
|inactive|BAN MELMETL has 20 seconds left this turn.
|inactive|BAN MELMETL has 15 seconds left.
|
|t:|1667956104
|move|p2a: Ninetales|Pain Split|p1a: Blissey
|-sethp|p1a: Blissey|27/100|[from] move: Pain Split|[silent]
|-sethp|p2a: Ninetales|53/100|[from] move: Pain Split
|move|p1a: Blissey|Soft-Boiled|p1a: Blissey
|-heal|p1a: Blissey|77/100
|
|upkeep
|turn|88
|inactive|BAN MELMETL has 20 seconds left this turn.
|
|t:|1667956111
|move|p2a: Ninetales|Pain Split|p1a: Blissey
|-sethp|p1a: Blissey|52/100|[from] move: Pain Split|[silent]
|-sethp|p2a: Ninetales|100/100|[from] move: Pain Split
|move|p1a: Blissey|Toxic|p2a: Ninetales
|-status|p2a: Ninetales|tox
|
|-damage|p2a: Ninetales|94/100 tox|[from] psn
|upkeep
|turn|89
|inactive|BAN MELMETL has 25 seconds left this turn.
|inactive|BAN MELMETL has 20 seconds left.
|
|t:|1667956119
|move|p2a: Ninetales|Freeze-Dry|p1a: Blissey
|-damage|p1a: Blissey|45/100
|move|p1a: Blissey|Soft-Boiled|p1a: Blissey
|-heal|p1a: Blissey|95/100
|
|-damage|p2a: Ninetales|82/100 tox|[from] psn
|upkeep
|turn|90
|inactive|BAN MELMETL has 25 seconds left this turn.
|
|t:|1667956126
|switch|p1a: Slowbro|Slowbro, M|68/100 tox
|move|p2a: Ninetales|Heal Bell|p2a: Ninetales
|-activate|p2a: Ninetales|move: Heal Bell
|-curestatus|p2a: Ninetales|tox|[msg]
|
|-damage|p1a: Slowbro|62/100 tox|[from] psn
|upkeep
|turn|91
|inactive|BAN MELMETL has 30 seconds left this turn.
|c| TTarion|4 more eggs
|
|t:|1667956134
|switch|p1a: Blissey|Blissey, F, shiny|95/100
|move|p2a: Ninetales|Freeze-Dry|p1a: Blissey
|-damage|p1a: Blissey|87/100
|
|upkeep
|turn|92
|inactive|BAN MELMETL has 30 seconds left this turn.
|
|t:|1667956140
|move|p2a: Ninetales|Pain Split|p1a: Blissey
|-sethp|p1a: Blissey|64/100|[from] move: Pain Split|[silent]
|-sethp|p2a: Ninetales|100/100|[from] move: Pain Split
|move|p1a: Blissey|Toxic|p2a: Ninetales
|-status|p2a: Ninetales|tox
|
|-damage|p2a: Ninetales|94/100 tox|[from] psn
|upkeep
|turn|93
|inactive|BAN MELMETL has 30 seconds left this turn.
|c| saucycriminal|pain split is uncommon on ninetales with my personal experiance but in this case its op
|c| BandedAI|wait i just read the slowbro set
|inactive|BAN MELMETL has 20 seconds left.
|c| BandedAI|trick heavy duty boots
|
|t:|1667956152
|switch|p1a: Slowbro|Slowbro, M|95/100 tox
|move|p2a: Ninetales|Pain Split|p1a: Slowbro
|-sethp|p1a: Slowbro|90/100 tox|[from] move: Pain Split|[silent]
|-sethp|p2a: Ninetales|100/100 tox|[from] move: Pain Split
|
|-damage|p2a: Ninetales|88/100 tox|[from] psn
|-damage|p1a: Slowbro|83/100 tox|[from] psn
|upkeep
|turn|94
|inactive|BAN MELMETL has 25 seconds left this turn.
|
|t:|1667956162
|switch|p2a: Tornadus|Tornadus-Therian, M|75/100
|-damage|p2a: Tornadus|50/100|[from] Stealth Rock
|move|p1a: Slowbro|Future Sight|p2a: Tornadus
|-start|p1a: Slowbro|move: Future Sight
|
|-damage|p1a: Slowbro|71/100 tox|[from] psn
|upkeep
|turn|95
|inactive|BAN MELMETL has 30 seconds left this turn.
|c| saucycriminal|wait what trick boots
|c| TheLogImusPrime|it had a scarf
|c| BandedAI|oh
|
|t:|1667956171
|switch|p1a: Blissey|Blissey, F, shiny|64/100
|move|p2a: Tornadus|Knock Off|p1a: Blissey
|-damage|p1a: Blissey|51/100
|
|upkeep
|turn|96
|inactive|BAN MELMETL has 30 seconds left this turn.
|c| TheLogImusPrime|it tricks tornadus' boots
|c| Kyosuru Jets|it grabbed boots
|c| saucycriminal|oh stupid
|c| Kyosuru Jets|then yknow
|
|t:|1667956179
|move|p2a: Tornadus|Taunt|p1a: Blissey
|-start|p1a: Blissey|move: Taunt
|move|p1a: Blissey|Seismic Toss|p2a: Tornadus
|-damage|p2a: Tornadus|23/100
|
|-end|p2a: Tornadus|move: Future Sight
|-damage|p2a: Tornadus|0 fnt
|faint|p2a: Tornadus
|upkeep
|c| TTarion|saucycriminal trick scarf
|c| saucycriminal|im so smart lmao
|
|t:|1667956187
|switch|p2a: Ninetales|Ninetales-Alola, M|88/100 tox
|-damage|p2a: Ninetales|64/100 tox|[from] Stealth Rock
|-weather|Hail|[from] ability: Snow Warning|[of] p2a: Ninetales
|turn|97
|c| Kyosuru Jets|good play
|c| Kyosuru Jets|:D
|inactive|BAN MELMETL has 30 seconds left.
|
|t:|1667956201
|move|p2a: Ninetales|Heal Bell|p2a: Ninetales
|-activate|p2a: Ninetales|move: Heal Bell
|-curestatus|p2a: Ninetales|tox|[msg]
|move|p1a: Blissey|Seismic Toss|p2a: Ninetales
|-damage|p2a: Ninetales|35/100
|
|-weather|Hail|[upkeep]
|-damage|p1a: Blissey|45/100|[from] Hail
|upkeep
|turn|98
|c| natdexfunnn|freeze
|inactive|BAN MELMETL has 30 seconds left.
|c| TheLogImusPrime|3 bells left
|
|t:|1667956214
|switch|p1a: Slowbro|Slowbro, M|100/100 tox
|move|p2a: Ninetales|Pain Split|p1a: Slowbro
|-sethp|p1a: Slowbro|66/100 tox|[from] move: Pain Split|[silent]
|-sethp|p2a: Ninetales|74/100|[from] move: Pain Split
|
|-weather|Hail|[upkeep]
|-damage|p1a: Slowbro|60/100 tox|[from] Hail
|-damage|p1a: Slowbro|54/100 tox|[from] psn
|upkeep
|turn|99
|inactive|BAN MELMETL has 30 seconds left this turn.
|c| saucycriminal|when did tornt die
|inactive|BAN MELMETL has 20 seconds left.
|c| SatelliteFifteen|tossed + fsed
|c| TheLogImusPrime|like 2 turns ago
|inactive|BAN MELMETL has 15 seconds left.
|c| BandedAI|Blissey used Seismic Toss!
|c| BandedAI|(The opposing Tornadus lost 27% of its health!)
|inactive|BAN MELMETL has 10 seconds left.
|c| BandedAI|The opposing Tornadus took the Future Sight attack!
|c| BandedAI|(The opposing Tornadus lost 23% of its health!)
|
|t:|1667956237
|move|p2a: Ninetales|Freeze-Dry|p1a: Slowbro
|-supereffective|p1a: Slowbro
|-damage|p1a: Slowbro|24/100 tox
|move|p1a: Slowbro|Slack Off|p1a: Slowbro
|-heal|p1a: Slowbro|74/100 tox
|
|-weather|Hail|[upkeep]
|-damage|p1a: Slowbro|68/100 tox|[from] Hail
|-damage|p1a: Slowbro|56/100 tox|[from] psn
|upkeep
|turn|100
|inactive|BAN MELMETL has 15 seconds left this turn.
|c| saucycriminal|oh musg have been tpying
|
|t:|1667956248
|switch|p1a: Blissey|Blissey, F, shiny|45/100
|move|p2a: Ninetales|Freeze-Dry|p1a: Blissey
|-damage|p1a: Blissey|37/100
|
|-weather|Hail|[upkeep]
|-damage|p1a: Blissey|31/100|[from] Hail
|upkeep
|turn|101
|inactive|BAN MELMETL has 20 seconds left this turn.
|inactive|BAN MELMETL has 15 seconds left.
|c| SatelliteFifteen|veil worth?
|
|t:|1667956258
|move|p2a: Ninetales|Aurora Veil|p2a: Ninetales
|-sidestart|p2: Voyager02|move: Aurora Veil
|move|p1a: Blissey|Soft-Boiled|p1a: Blissey
|-heal|p1a: Blissey|81/100
|
|-weather|Hail|[upkeep]
|-damage|p1a: Blissey|75/100|[from] Hail
|upkeep
|turn|102
|inactive|BAN MELMETL has 20 seconds left this turn.
|c| TheLogImusPrime|does veil even affect toss
|
|t:|1667956264
|move|p2a: Ninetales|Pain Split|p1a: Blissey
|-sethp|p1a: Blissey|56/100|[from] move: Pain Split|[silent]
|-sethp|p2a: Ninetales|100/100|[from] move: Pain Split
|move|p1a: Blissey|Toxic|p2a: Ninetales
|-status|p2a: Ninetales|tox
|
|-weather|Hail|[upkeep]
|-damage|p1a: Blissey|50/100|[from] Hail
|-damage|p2a: Ninetales|94/100 tox|[from] psn
|upkeep
|turn|103
|inactive|BAN MELMETL has 25 seconds left this turn.
|c| saucycriminal|this hail is his last one so ban stalling here is the play
|c| SatelliteFifteen|it effects fs
|c| BandedAI|fair
|
|t:|1667956277
|switch|p1a: Slowbro|Slowbro, M|89/100 tox
|move|p2a: Ninetales|Freeze-Dry|p1a: Slowbro
|-supereffective|p1a: Slowbro
|-crit|p1a: Slowbro
|-damage|p1a: Slowbro|45/100 tox
|
|-weather|Hail|[upkeep]
|-damage|p1a: Slowbro|39/100 tox|[from] Hail
|-damage|p2a: Ninetales|82/100 tox|[from] psn
|-damage|p1a: Slowbro|33/100 tox|[from] psn
|upkeep
|turn|104
|inactive|BAN MELMETL has 30 seconds left this turn.
|c| TheLogImusPrime|the crit?
|c| saucycriminal|lucky crit
|
|t:|1667956287
|switch|p1a: Blissey|Blissey, F, shiny|50/100
|move|p2a: Ninetales|Freeze-Dry|p1a: Blissey
|-damage|p1a: Blissey|43/100
|-status|p1a: Blissey|frz
|
|-weather|none
|-damage|p2a: Ninetales|64/100 tox|[from] psn
|upkeep
|turn|105
|inactive|BAN MELMETL has 30 seconds left this turn.
|c| saucycriminal|damn
|c| SatelliteFifteen|oh shit
|c| BandedAI|YUH
|c| TheLogImusPrime|THERE IT IS
|c| SatelliteFifteen|another one
|c| natdexfunnn|gg
|c| saucycriminal|NOOO
|c| Kyosuru Jets|lmao
|inactive|Voyager02 has 120 seconds left.
|c| TheLogImusPrime|WE BACK IN THE MINES
|c| saucycriminal|YOOOO
|
|t:|1667956300
|-curestatus|p1a: Blissey|frz|[from] ability: Natural Cure
|switch|p1a: Slowbro|Slowbro, M|66/100 tox
|move|p2a: Ninetales|Freeze-Dry|p1a: Slowbro
|-supereffective|p1a: Slowbro
|-damage|p1a: Slowbro|35/100 tox
|
|-damage|p2a: Ninetales|40/100 tox|[from] psn
|-damage|p1a: Slowbro|29/100 tox|[from] psn
|-sideend|p2: Voyager02|move: Aurora Veil
|upkeep
|turn|106
|inactive|BAN MELMETL has 30 seconds left this turn.
|c| BandedAI|WE IN THISSSS
|inactive|Voyager02 has 120 seconds left.
|c| saucycriminal|OH
|c| TTarion|No freeze is saving you
|
|t:|1667956310
|switch|p1a: Blissey|Blissey, F, shiny|43/100
|move|p2a: Ninetales|Heal Bell|p2a: Ninetales
|-activate|p2a: Ninetales|move: Heal Bell
|-curestatus|p2a: Ninetales|tox|[msg]
|
|upkeep
|turn|107
|inactive|BAN MELMETL has 30 seconds left this turn.
|c| SatelliteFifteen|its not over tho
|c| TheLogImusPrime|naw
|
|t:|1667956316
|move|p2a: Ninetales|Pain Split|p1a: Blissey
|-sethp|p1a: Blissey|32/100|[from] move: Pain Split|[silent]
|-sethp|p2a: Ninetales|63/100|[from] move: Pain Split
|move|p1a: Blissey|Soft-Boiled|p1a: Blissey
|-heal|p1a: Blissey|82/100
|
|upkeep
|turn|108
|c| TheLogImusPrime|its over
|c| saucycriminal|that freeze was hella clutch
|c| BandedAI|agency clutch
|
|t:|1667956323
|move|p2a: Ninetales|Pain Split|p1a: Blissey
|-sethp|p1a: Blissey|57/100|[from] move: Pain Split|[silent]
|-sethp|p2a: Ninetales|100/100|[from] move: Pain Split
|move|p1a: Blissey|Toxic|p2a: Ninetales
|-status|p2a: Ninetales|tox
|
|-damage|p2a: Ninetales|94/100 tox|[from] psn
|upkeep
|turn|109
|c| SatelliteFifteen|wincon is tox misses
|
|t:|1667956331
|move|p2a: Ninetales|Freeze-Dry|p1a: Blissey
|-damage|p1a: Blissey|49/100
|move|p1a: Blissey|Seismic Toss|p2a: Ninetales
|-damage|p2a: Ninetales|66/100 tox
|
|-damage|p2a: Ninetales|54/100 tox|[from] psn
|upkeep
|turn|110
|c| TheLogImusPrime|aight
|c| SatelliteFifteen|a lot of them
|c| saucycriminal|damn
|c| TTarion|No amount of freezes will save you
|c| TheLogImusPrime|ggs but i gotta get going
|c| TheLogImusPrime|this game was terrific lol
|
|t:|1667956345
|move|p2a: Ninetales|Heal Bell|p2a: Ninetales
|-activate|p2a: Ninetales|move: Heal Bell
|-curestatus|p2a: Ninetales|tox|[msg]
|move|p1a: Blissey|Seismic Toss|p2a: Ninetales
|-damage|p2a: Ninetales|25/100
|
|upkeep
|turn|111
|c| SatelliteFifteen|if he misses every toxic after this point he can win
|c| 228i996|1 bell left
|inactive|BAN MELMETL has 30 seconds left.
|
|t:|1667956358
|move|p2a: Ninetales|Pain Split|p1a: Blissey
|-sethp|p1a: Blissey|31/100|[from] move: Pain Split|[silent]
|-sethp|p2a: Ninetales|62/100|[from] move: Pain Split
|move|p1a: Blissey|Toxic|p2a: Ninetales
|-status|p2a: Ninetales|tox
|
|-damage|p2a: Ninetales|56/100 tox|[from] psn
|upkeep
|turn|112
|c| TheLogImusPrime|yeah
|c| BandedAI|f
|j| Angelwingsmygoons
|
|t:|1667956370
|move|p2a: Ninetales|Freeze-Dry|p1a: Blissey
|-damage|p1a: Blissey|24/100
|move|p1a: Blissey|Soft-Boiled|p1a: Blissey
|-heal|p1a: Blissey|74/100
|
|-damage|p2a: Ninetales|44/100 tox|[from] psn
|upkeep
|turn|113
|c| TheLogImusPrime|not over yet copium
|c| TheLogImusPrime|one more bell
|inactive|BAN MELMETL has 30 seconds left.
|
|t:|1667956381
|move|p2a: Ninetales|Heal Bell|p2a: Ninetales
|-activate|p2a: Ninetales|move: Heal Bell
|-curestatus|p2a: Ninetales|tox|[msg]
|move|p1a: Blissey|Seismic Toss|p2a: Ninetales
|-damage|p2a: Ninetales|15/100
|
|upkeep
|turn|114
|c| TheLogImusPrime|one more chance to miss
|inactive|BAN MELMETL has 30 seconds left.
|
|t:|1667956388
|move|p2a: Ninetales|Pain Split|p1a: Blissey
|-sethp|p1a: Blissey|41/100|[from] move: Pain Split|[silent]
|-sethp|p2a: Ninetales|81/100|[from] move: Pain Split
|move|p1a: Blissey|Toxic|p2a: Ninetales
|-status|p2a: Ninetales|tox
|
|-damage|p2a: Ninetales|75/100 tox|[from] psn
|upkeep
|turn|115
|c| BandedAI|4 misses
|c| SatelliteFifteen|game
|inactive|BAN MELMETL has 30 seconds left.
|c| BandedAI|welp
|c| 228i996|It's over!
|c| BandedAI|game
|
|t:|1667956397
|move|p2a: Ninetales|Pain Split|p1a: Blissey
|-sethp|p1a: Blissey|39/100|[from] move: Pain Split|[silent]
|-sethp|p2a: Ninetales|78/100 tox|[from] move: Pain Split
|move|p1a: Blissey|Soft-Boiled|p1a: Blissey
|-heal|p1a: Blissey|89/100
|
|-damage|p2a: Ninetales|66/100 tox|[from] psn
|upkeep
|turn|116
|c| TTarion|It is done
|j| Vukalo
|c| SatelliteFifteen|gg
|c| BandedAI|just /forfeit already
|c| TheLogImusPrime|and only one more soft boiled too
|c| BandedAI|he aint winning
|c| TheLogImusPrime|thats gg tho
|j| CoconutCrabs
|c| BandedAI|WAIT
|c| BandedAI|nvm
|inactive|BAN MELMETL has 30 seconds left.
|c|☆Voyager02|gg
|c| TheLogImusPrime|i mean
|c|☆BAN MELMETL|gg
|-message|Voyager02 forfeited.
|
|win|BAN MELMETL
|n|☆BAN MELMETL|banmelmetl
|n|☆Voyager02|voyager02
|n| Georgina Tropicana|georginatropicana
|n| SetsuStsna|setsustsna
|n| Sleo2123|sleo2123
|n| natdexfunnn|natdexfunnn
|n| aursnes|aursnes
|n| seelbachariot|seelbachariot
|n| Unviabriel|unviabriel
|n| TTarion|ttarion
|n| im coral|imcoral
|n| CherN0ble|chern0ble
|n| 228i996|228i996
|n| TheLogImusPrime|thelogimusprime
|n| TheNewBrends11@!|thenewbrends11
|n| saucycriminal|saucycriminal
|n| BandedAI|bandedai
|n| Kyosuru Jets|kyosurujets
|n| BLOATED_BAGEL|bloatedbagel
|n| spacemeatsheep|spacemeatsheep
|n| Pikablu007|pikablu007
|n| SatelliteFifteen|satellitefifteen
|n| averagealt99|averagealt99
|n| Seniorquake|seniorquake
|n| Cra3k|cra3k
|n| Angelwingsmygoons|angelwingsmygoons
|n| Vukalo|vukalo
|n| CoconutCrabs|coconutcrabs
|c| 228i996|Voyager is done
|l|☆Voyager02
|l| SatelliteFifteen
|l| Pikablu007
|l| im coral
|c| TheLogImusPrime|man would need to hit a freeze i think
|c| TheLogImusPrime|gg
|l| averagealt99
|l| Kyosuru Jets
|l| SetsuStsna
|l| Vukalo
|l| Angelwingsmygoons
|l| TheLogImusPrime
|c| TTarion|No freeze was saving them
|j| im coral
|l| aursnes
|l| im coral
|l| CoconutCrabs
|l| TTarion
|l| 228i996
|l| BandedAI
|l| natdexfunnn
|j|☆Voyager02
|player|p2|Voyager02|lillie-masters
|l|☆Voyager02
|player|p2|
|c| saucycriminal|banger game
|l| saucycriminal
|l|☆BAN MELMETL
|l| Georgina Tropicana
|j| Angelwingsmygoons
|l| Angelwingsmygoons
|l| Sleo2123
|l| Cra3k
|l| BLOATED_BAGEL
