|j|☆georgiethefirst
|j|☆legitteambuilder
|t:|1616423271
|player|p1|georgiethefirst|hiker-gen2|1798
|player|p2|legitteambuilder|lance|1763
|teamsize|p1|6
|teamsize|p2|6
|gametype|singles
|gen|8
|tier|[Gen 8] OU
|rated|
|clearpoke
|poke|p1|Celesteela|
|poke|p1|Tyranitar, F|
|poke|p1|Hydreigon, M|
|poke|p1|Excadrill, F|
|poke|p1|Amoonguss, F|
|poke|p1|Tapu Lele|
|poke|p2|Heatran, M|
|poke|p2|Dragapult, M|
|poke|p2|Corviknight, M|
|poke|p2|Tapu Lele|
|poke|p2|Garchomp, F|
|poke|p2|Ferrothorn, F|
|rule|Sleep Clause Mod: Limit one foe put to sleep
|rule|Species Clause: Limit one of each Pokémon
|rule|OHKO Clause: OHKO moves are banned
|rule|Evasion Moves Clause: Evasion moves are banned
|rule|Endless Battle Clause: Forcing endless battles is banned
|rule|HP Percentage Mod: HP is shown in percentages
|rule|Dynamax Clause: You cannot dynamax
|teampreview
|j| trollorddeedsd
|inactive|Battle timer is ON: inactive players will automatically lose when time's up. (requested by georgiethefirst)
|j| Bulma's Panties
|c|☆legitteambuilder|when the amoongus is sus
|j| imthenewplayer
|c|☆georgiethefirst|u.u
|j| Loege
|
|t:|1616423301
|start
|switch|p1a: Celesteela|Celesteela|100/100
|switch|p2a: Ferrothorn|Ferrothorn, F|100/100
|turn|1
|
|t:|1616423304
|switch|p2a: phrog|Heatran, M, shiny|100/100
|move|p1a: Celesteela|Flamethrower|p2a: phrog
|-start|p2a: phrog|ability: Flash Fire
|
|upkeep
|turn|2
|j| ArnavutCigeri
|
|t:|1616423317
|switch|p1a: Tyranitar|Tyranitar, F|100/100
|-weather|Sandstorm|[from] ability: Sand Stream|[of] p1a: Tyranitar
|move|p2a: phrog|Toxic|p1a: Tyranitar
|-status|p1a: Tyranitar|tox
|
|-weather|Sandstorm|[upkeep]
|-damage|p1a: Tyranitar|94/100 tox|[from] psn
|upkeep
|turn|3
|
|t:|1616423323
|-end|p2a: phrog|ability: Flash Fire|[silent]
|switch|p2a: no zone pls :(|Corviknight, M, shiny|100/100
|-ability|p2a: no zone pls :(|Pressure
|move|p1a: Tyranitar|Stealth Rock|p2a: no zone pls :(
|-sidestart|p2: legitteambuilder|move: Stealth Rock
|
|-weather|Sandstorm|[upkeep]
|-damage|p1a: Tyranitar|82/100 tox|[from] psn
|upkeep
|turn|4
|
|t:|1616423325
|move|p1a: Tyranitar|Fire Blast|p2a: no zone pls :(
|-supereffective|p2a: no zone pls :(
|-damage|p2a: no zone pls :(|54/100
|move|p2a: no zone pls :(|Defog|p1a: Tyranitar
|-unboost|p1a: Tyranitar|evasion|1
|-sideend|p2: legitteambuilder|Stealth Rock|[from] move: Defog|[of] p2a: no zone pls :(
|
|-weather|Sandstorm|[upkeep]
|-heal|p2a: no zone pls :(|60/100|[from] item: Leftovers
|-damage|p1a: Tyranitar|63/100 tox|[from] psn
|upkeep
|turn|5
|
|t:|1616423340
|switch|p1a: Hydreigon|Hydreigon, M|100/100
|move|p2a: no zone pls :(|Roost|p2a: no zone pls :(
|-heal|p2a: no zone pls :(|100/100
|-singleturn|p2a: no zone pls :(|move: Roost
|
|-weather|Sandstorm|[upkeep]
|-damage|p1a: Hydreigon|94/100|[from] Sandstorm
|upkeep
|turn|6
|
|t:|1616423344
|move|p1a: Hydreigon|Dark Pulse|p2a: no zone pls :(
|-damage|p2a: no zone pls :(|52/100
|-damage|p1a: Hydreigon|84/100|[from] item: Life Orb
|move|p2a: no zone pls :(|U-turn|p1a: Hydreigon
|-supereffective|p1a: Hydreigon
|-damage|p1a: Hydreigon|53/100
|
|t:|1616423350
|switch|p2a: draga deez nuts|Dragapult, M, shiny|100/100|[from]move: U-turn
|
|-weather|none
|upkeep
|turn|7
|
|t:|1616423353
|switch|p1a: Amoonguss|Amoonguss, F|100/100
|move|p2a: draga deez nuts|U-turn|p1a: Amoonguss
|-damage|p1a: Amoonguss|87/100
|inactive|legitteambuilder has 120 seconds left.
|c|☆legitteambuilder|impostoorr
|
|t:|1616423402
|switch|p2a: phrog|Heatran, M, shiny|100/100|[from]move: U-turn
|
|upkeep
|turn|8
|
|t:|1616423407
|switch|p1a: Hydreigon|Hydreigon, M|53/100
|move|p2a: phrog|Magma Storm|p1a: Hydreigon|[miss]
|-miss|p2a: phrog|p1a: Hydreigon
|
|upkeep
|turn|9
|inactive|legitteambuilder has 120 seconds left.
|
|t:|1616423422
|switch|p2a: no zone pls :(|Corviknight, M, shiny|52/100
|-ability|p2a: no zone pls :(|Pressure
|move|p1a: Hydreigon|Earth Power|p2a: no zone pls :(
|-immune|p2a: no zone pls :(
|
|-heal|p2a: no zone pls :(|59/100|[from] item: Leftovers
|upkeep
|turn|10
|inactive|legitteambuilder has 120 seconds left.
|
|t:|1616423431
|move|p1a: Hydreigon|Dark Pulse|p2a: no zone pls :(
|-damage|p2a: no zone pls :(|17/100
|-damage|p1a: Hydreigon|43/100|[from] item: Life Orb
|cant|p2a: no zone pls :(|flinch
|
|-heal|p2a: no zone pls :(|23/100|[from] item: Leftovers
|upkeep
|turn|11
|
|t:|1616423436
|move|p1a: Hydreigon|Dark Pulse|p2a: no zone pls :(
|-damage|p2a: no zone pls :(|0 fnt
|-damage|p1a: Hydreigon|33/100|[from] item: Life Orb
|faint|p2a: no zone pls :(
|
|upkeep
|
|t:|1616423437
|switch|p2a: draga deez nuts|Dragapult, M, shiny|100/100
|turn|12
|
|t:|1616423440
|switch|p1a: Amoonguss|Amoonguss, F|100/100
|move|p2a: draga deez nuts|U-turn|p1a: Amoonguss
|-damage|p1a: Amoonguss|86/100
|
|t:|1616423450
|switch|p2a: phrog|Heatran, M, shiny|100/100|[from]move: U-turn
|
|upkeep
|turn|13
|
|t:|1616423453
|switch|p1a: Tyranitar|Tyranitar, F|63/100 tox
|-weather|Sandstorm|[from] ability: Sand Stream|[of] p1a: Tyranitar
|move|p2a: phrog|Magma Storm|p1a: Tyranitar|[miss]
|-miss|p2a: phrog|p1a: Tyranitar
|
|-weather|Sandstorm|[upkeep]
|-damage|p1a: Tyranitar|57/100 tox|[from] psn
|upkeep
|turn|14
|
|t:|1616423465
|move|p2a: phrog|Stealth Rock|p1a: Tyranitar
|-sidestart|p1: georgiethefirst|move: Stealth Rock
|move|p1a: Tyranitar|Earthquake|p2a: phrog
|-supereffective|p2a: phrog
|-damage|p2a: phrog|0 fnt
|faint|p2a: phrog
|
|-weather|Sandstorm|[upkeep]
|-damage|p1a: Tyranitar|44/100 tox|[from] psn
|upkeep
|
|t:|1616423485
|switch|p2a: Garchomp|Garchomp, F|100/100
|turn|15
|
|t:|1616423503
|switch|p1a: Amoonguss|Amoonguss, F|100/100
|-damage|p1a: Amoonguss|88/100|[from] Stealth Rock
|move|p2a: Garchomp|Earthquake|p1a: Amoonguss
|-damage|p1a: Amoonguss|31/100
|-damage|p2a: Garchomp|91/100|[from] item: Life Orb
|
|-weather|Sandstorm|[upkeep]
|-damage|p1a: Amoonguss|25/100|[from] Sandstorm
|upkeep
|turn|16
|
|t:|1616423524
|move|p2a: Garchomp|Earthquake|p1a: Amoonguss
|-damage|p1a: Amoonguss|0 fnt
|-damage|p2a: Garchomp|81/100|[from] item: Life Orb
|faint|p1a: Amoonguss
|
|-weather|Sandstorm|[upkeep]
|upkeep
|
|t:|1616423529
|switch|p1a: Tapu Lele|Tapu Lele|100/100
|-damage|p1a: Tapu Lele|88/100|[from] Stealth Rock
|-fieldstart|move: Psychic Terrain|[from] ability: Psychic Surge|[of] p1a: Tapu Lele
|turn|17
|
|t:|1616423533
|switch|p2a: Ferrothorn|Ferrothorn, F|100/100
|move|p1a: Tapu Lele|Moonblast|p2a: Ferrothorn
|-resisted|p2a: Ferrothorn
|-damage|p2a: Ferrothorn|80/100
|
|-weather|none
|-heal|p2a: Ferrothorn|86/100|[from] item: Leftovers
|upkeep
|turn|18
|l| Bulma's Panties
|
|t:|1616423539
|switch|p1a: Celesteela|Celesteela|100/100
|-damage|p1a: Celesteela|88/100|[from] Stealth Rock
|switch|p2a: draga deez nuts|Dragapult, M, shiny|100/100
|
|-heal|p1a: Celesteela|94/100|[from] item: Leftovers
|upkeep
|turn|19
|j| Coronavirus EUW
|
|t:|1616423543
|move|p1a: Celesteela|Protect|p1a: Celesteela
|-singleturn|p1a: Celesteela|Protect
|move|p2a: draga deez nuts|Fire Blast|p1a: Celesteela
|-activate|p1a: Celesteela|move: Protect
|
|-heal|p1a: Celesteela|99/100|[from] item: Leftovers
|upkeep
|turn|20
|
|t:|1616423550
|move|p2a: draga deez nuts|Fire Blast|p1a: Celesteela
|-supereffective|p1a: Celesteela
|-damage|p1a: Celesteela|61/100
|move|p1a: Celesteela|Leech Seed|p2a: draga deez nuts
|-start|p2a: draga deez nuts|move: Leech Seed
|
|-heal|p1a: Celesteela|68/100|[from] item: Leftovers
|-damage|p2a: draga deez nuts|88/100|[from] Leech Seed|[of] p1a: Celesteela
|-heal|p1a: Celesteela|77/100|[silent]
|upkeep
|turn|21
|l| Coronavirus EUW
|
|t:|1616423559
|switch|p2a: Garchomp|Garchomp, F|81/100
|move|p1a: Celesteela|Leech Seed|p2a: Garchomp
|-start|p2a: Garchomp|move: Leech Seed
|
|-heal|p1a: Celesteela|83/100|[from] item: Leftovers
|-damage|p2a: Garchomp|69/100|[from] Leech Seed|[of] p1a: Celesteela
|-heal|p1a: Celesteela|94/100|[silent]
|-fieldend|move: Psychic Terrain
|upkeep
|turn|22
|
|t:|1616423563
|move|p2a: Garchomp|Swords Dance|p2a: Garchomp
|-boost|p2a: Garchomp|atk|2
|move|p1a: Celesteela|Heavy Slam|p2a: Garchomp
|-damage|p2a: Garchomp|27/100
|-damage|p1a: Celesteela|82/100|[from] ability: Rough Skin|[of] p2a: Garchomp
|
|-heal|p1a: Celesteela|88/100|[from] item: Leftovers
|-damage|p2a: Garchomp|15/100|[from] Leech Seed|[of] p1a: Celesteela
|-heal|p1a: Celesteela|99/100|[silent]
|upkeep
|turn|23
|
|t:|1616423568
|move|p1a: Celesteela|Protect|p1a: Celesteela
|-singleturn|p1a: Celesteela|Protect
|move|p2a: Garchomp|Swords Dance|p2a: Garchomp
|-boost|p2a: Garchomp|atk|2
|
|-heal|p1a: Celesteela|100/100|[from] item: Leftovers
|-damage|p2a: Garchomp|2/100|[from] Leech Seed|[of] p1a: Celesteela
|upkeep
|turn|24
|
|t:|1616423574
|switch|p1a: Hydreigon|Hydreigon, M|33/100
|-damage|p1a: Hydreigon|21/100|[from] Stealth Rock
|move|p2a: Garchomp|Stone Edge|p1a: Hydreigon
|-damage|p1a: Hydreigon|0 fnt
|-damage|p2a: Garchomp|0 fnt|[from] item: Life Orb
|faint|p1a: Hydreigon
|faint|p2a: Garchomp
|
|upkeep
|
|t:|1616423578
|switch|p1a: Celesteela|Celesteela|100/100
|switch|p2a: draga deez nuts|Dragapult, M, shiny|88/100
|-damage|p1a: Celesteela|88/100|[from] Stealth Rock
|turn|25
|c| imthenewplayer|celesteela best player
|
|t:|1616423583
|move|p1a: Celesteela|Protect|p1a: Celesteela
|-singleturn|p1a: Celesteela|Protect
|move|p2a: draga deez nuts|Shadow Ball|p1a: Celesteela
|-activate|p1a: Celesteela|move: Protect
|
|-heal|p1a: Celesteela|94/100|[from] item: Leftovers
|upkeep
|turn|26
|
|t:|1616423588
|move|p2a: draga deez nuts|Shadow Ball|p1a: Celesteela
|-damage|p1a: Celesteela|71/100
|move|p1a: Celesteela|Leech Seed|p2a: draga deez nuts
|-start|p2a: draga deez nuts|move: Leech Seed
|
|-heal|p1a: Celesteela|77/100|[from] item: Leftovers
|-damage|p2a: draga deez nuts|76/100|[from] Leech Seed|[of] p1a: Celesteela
|-heal|p1a: Celesteela|87/100|[silent]
|upkeep
|turn|27
|
|t:|1616423592
|switch|p2a: Ferrothorn|Ferrothorn, F|86/100
|move|p1a: Celesteela|Flamethrower|p2a: Ferrothorn
|-supereffective|p2a: Ferrothorn
|-damage|p2a: Ferrothorn|17/100
|
|-heal|p1a: Celesteela|93/100|[from] item: Leftovers
|-heal|p2a: Ferrothorn|23/100|[from] item: Leftovers
|upkeep
|turn|28
|c|☆legitteambuilder|not very amongus
|-message|legitteambuilder forfeited.
|
|win|georgiethefirst
|l|☆legitteambuilder
|raw|georgiethefirst's rating: 1800 &rarr; <strong>1818</strong><br />(+18 for winning)
|raw|legitteambuilder's rating: 1763 &rarr; <strong>1745</strong><br />(-18 for losing)
