|j|☆hikari-miyako
|j|☆Ferrothornail草钢甲
|t:|1668003161
|gametype|singles
|player|p1|hikari-miyako|cynthia|1698
|player|p2|Ferrothornail草钢甲|lillie|1684
|teamsize|p1|6
|teamsize|p2|6
|gen|8
|tier|[Gen 8] OU
|rated|
|rule|Sleep Clause Mod: Limit one foe put to sleep
|rule|Species Clause: Limit one of each Pokémon
|rule|OHKO Clause: OHKO moves are banned
|rule|Evasion Items Clause: Evasion items are banned
|rule|Evasion Moves Clause: Evasion moves are banned
|rule|Endless Battle Clause: Forcing endless battles is banned
|rule|HP Percentage Mod: HP is shown in percentages
|rule|Dynamax Clause: You cannot dynamax
|clearpoke
|poke|p1|Aegislash, F|
|poke|p1|Bisharp, M|
|poke|p1|Dragapult, F|
|poke|p1|Kartana|
|poke|p1|Thundurus, M|
|poke|p1|Latios, M|
|poke|p2|Hatterene, F|
|poke|p2|Porygon2|
|poke|p2|Cresselia, F|
|poke|p2|Marowak-Alola, F|
|poke|p2|Crawdaunt, F|
|poke|p2|Melmetal|
|teampreview
|inactive|Battle timer is ON: inactive players will automatically lose when time's up. (requested by hikari-miyako)
|
|t:|1668003171
|start
|switch|p1a: Bisharp|Bisharp, M|100/100
|switch|p2a: Hatterene|Hatterene, F|100/100
|turn|1
|
|t:|1668003176
|move|p1a: Bisharp|Iron Head|p2a: Hatterene
|-supereffective|p2a: Hatterene
|-damage|p2a: Hatterene|15/100
|move|p2a: Hatterene|Trick Room|p2a: Hatterene
|-fieldstart|move: Trick Room|[of] p2a: Hatterene
|
|upkeep
|turn|2
|
|t:|1668003180
|move|p1a: Bisharp|Sucker Punch||[still]
|-fail|p1a: Bisharp
|move|p2a: Hatterene|Healing Wish|p2a: Hatterene
|faint|p2a: Hatterene
|
|upkeep
|
|t:|1668003182
|switch|p2a: Crawdaunt|Crawdaunt, F|100/100
|turn|3
|
|t:|1668003184
|move|p2a: Crawdaunt|Swords Dance|p2a: Crawdaunt
|-boost|p2a: Crawdaunt|atk|2
|move|p1a: Bisharp|Stealth Rock|p2a: Crawdaunt
|-sidestart|p2: Ferrothornail草钢甲|move: Stealth Rock
|
|upkeep
|turn|4
|
|t:|1668003186
|move|p2a: Crawdaunt|Knock Off|p1a: Bisharp
|-resisted|p1a: Bisharp
|-enditem|p1a: Bisharp|Focus Sash
|-damage|p1a: Bisharp|1/100
|-damage|p2a: Crawdaunt|90/100|[from] item: Life Orb
|move|p1a: Bisharp|Knock Off|p2a: Crawdaunt
|-resisted|p2a: Crawdaunt
|-damage|p2a: Crawdaunt|60/100
|-enditem|p2a: Crawdaunt|Life Orb|[from] move: Knock Off|[of] p1a: Bisharp
|
|upkeep
|turn|5
|
|t:|1668003194
|switch|p1a: Kartana|Kartana|100/100
|move|p2a: Crawdaunt|Swords Dance|p2a: Crawdaunt
|-boost|p2a: Crawdaunt|atk|2
|
|-fieldend|move: Trick Room
|upkeep
|turn|6
|
|t:|1668003199
|switch|p2a: Melmetal|Melmetal|100/100
|-damage|p2a: Melmetal|94/100|[from] Stealth Rock
|move|p1a: Kartana|Leaf Blade|p2a: Melmetal
|-resisted|p2a: Melmetal
|-damage|p2a: Melmetal|80/100
|
|upkeep
|turn|7
|
|t:|1668003203
|switch|p1a: Bisharp|Bisharp, M|1/100
|move|p2a: Melmetal|Double Iron Bash|p1a: Bisharp
|-resisted|p1a: Bisharp
|-damage|p1a: Bisharp|0 fnt
|faint|p1a: Bisharp
|-hitcount|p1: Bisharp|1
|
|upkeep
|
|t:|1668003204
|switch|p1a: Thundurus|Thundurus, M|100/100
|turn|8
|
|t:|1668003207
|switch|p2a: Porygon2|Porygon2|100/100
|-damage|p2a: Porygon2|88/100|[from] Stealth Rock
|-ability|p2a: Porygon2|Download|boost
|-boost|p2a: Porygon2|atk|1
|move|p1a: Thundurus|Thunderbolt|p2a: Porygon2
|-damage|p2a: Porygon2|63/100
|-damage|p1a: Thundurus|91/100|[from] item: Life Orb
|
|upkeep
|turn|9
|
|t:|1668003209
|move|p1a: Thundurus|Thunder Wave|p2a: Porygon2
|-status|p2a: Porygon2|par
|cant|p2a: Porygon2|par
|
|upkeep
|turn|10
|
|t:|1668003211
|move|p1a: Thundurus|Thunderbolt|p2a: Porygon2
|-damage|p2a: Porygon2|33/100 par
|-damage|p1a: Thundurus|81/100|[from] item: Life Orb
|move|p2a: Porygon2|Trick Room|p2a: Porygon2
|-fieldstart|move: Trick Room|[of] p2a: Porygon2
|
|upkeep
|turn|11
|
|t:|1668003214
|switch|p2a: Crawdaunt|Crawdaunt, F|60/100
|-heal|p2a: Crawdaunt|100/100|[from] move: Healing Wish
|-damage|p2a: Crawdaunt|88/100|[from] Stealth Rock
|move|p1a: Thundurus|Thunderbolt|p2a: Crawdaunt
|-supereffective|p2a: Crawdaunt
|-damage|p2a: Crawdaunt|0 fnt
|faint|p2a: Crawdaunt
|-damage|p1a: Thundurus|71/100|[from] item: Life Orb
|
|upkeep
|
|t:|1668003217
|switch|p2a: Marowak|Marowak-Alola, F|100/100
|-damage|p2a: Marowak|76/100|[from] Stealth Rock
|turn|12
|
|t:|1668003221
|move|p1a: Thundurus|Thunder Wave|p2a: Marowak
|-status|p2a: Marowak|par
|move|p2a: Marowak|Flare Blitz|p1a: Thundurus
|-damage|p1a: Thundurus|0 fnt
|faint|p1a: Thundurus
|
|upkeep
|
|t:|1668003225
|switch|p1a: Aegislash|Aegislash, F|100/100
|turn|13
|
|t:|1668003227
|move|p1a: Aegislash|King's Shield|p1a: Aegislash
|-singleturn|p1a: Aegislash|Protect
|move|p2a: Marowak|Poltergeist|p1a: Aegislash
|-activate|p1a: Aegislash|move: Protect
|
|upkeep
|turn|14
|
|t:|1668003233
|switch|p1a: Dragapult|Dragapult, F|100/100
|cant|p2a: Marowak|par
|
|-fieldend|move: Trick Room
|upkeep
|turn|15
|
|t:|1668003236
|switch|p2a: Porygon2|Porygon2|33/100 par
|-damage|p2a: Porygon2|21/100 par|[from] Stealth Rock
|-ability|p2a: Porygon2|Download|boost
|-boost|p2a: Porygon2|atk|1
|move|p1a: Dragapult|Dragon Darts|p2a: Porygon2
|-crit|p2a: Porygon2
|-damage|p2a: Porygon2|0 fnt
|faint|p2a: Porygon2
|-damage|p1a: Dragapult|91/100|[from] item: Life Orb
|
|upkeep
|
|t:|1668003238
|switch|p2a: Cresselia|Cresselia, F|100/100
|-damage|p2a: Cresselia|88/100|[from] Stealth Rock
|turn|16
|
|t:|1668003240
|move|p1a: Dragapult|Dragon Darts|p2a: Cresselia
|-damage|p2a: Cresselia|72/100
|-anim|p1a: Dragapult|Dragon Darts|p2a: Cresselia
|-damage|p2a: Cresselia|55/100
|-damage|p1a: Dragapult|81/100|[from] item: Life Orb
|move|p2a: Cresselia|Trick Room|p2a: Cresselia
|-fieldstart|move: Trick Room|[of] p2a: Cresselia
|
|upkeep
|turn|17
|
|t:|1668003244
|switch|p2a: Melmetal|Melmetal|80/100
|-damage|p2a: Melmetal|73/100|[from] Stealth Rock
|move|p1a: Dragapult|Dragon Darts|p2a: Melmetal
|-resisted|p2a: Melmetal
|-damage|p2a: Melmetal|65/100
|-anim|p1a: Dragapult|Dragon Darts|p2a: Melmetal
|-resisted|p2a: Melmetal
|-damage|p2a: Melmetal|57/100
|-damage|p1a: Dragapult|71/100|[from] item: Life Orb
|
|upkeep
|turn|18
|
|t:|1668003247
|move|p1a: Dragapult|Sucker Punch|p2a: Melmetal
|-crit|p2a: Melmetal
|-damage|p2a: Melmetal|34/100
|-damage|p1a: Dragapult|61/100|[from] item: Life Orb
|move|p2a: Melmetal|Double Iron Bash|p1a: Dragapult
|-damage|p1a: Dragapult|0 fnt
|faint|p1a: Dragapult
|-hitcount|p1: Dragapult|1
|
|upkeep
|
|t:|1668003251
|switch|p1a: Latios|Latios, M|100/100
|turn|19
|
|t:|1668003252
|move|p2a: Melmetal|Double Iron Bash|p1a: Latios
|-damage|p1a: Latios|14/100
|-damage|p1a: Latios|0 fnt
|faint|p1a: Latios
|-hitcount|p1: Latios|2
|
|upkeep
|
|t:|1668003255
|switch|p1a: Aegislash|Aegislash, F|100/100
|turn|20
|
|t:|1668003257
|switch|p2a: Cresselia|Cresselia, F|55/100
|-damage|p2a: Cresselia|43/100|[from] Stealth Rock
|move|p1a: Aegislash|King's Shield||[still]
|-fail|p1a: Aegislash
|
|-fieldend|move: Trick Room
|upkeep
|turn|21
|
|t:|1668003259
|move|p2a: Cresselia|Moonlight|p2a: Cresselia
|-heal|p2a: Cresselia|93/100
|-formechange|p1a: Aegislash|Aegislash-Blade||[from] ability: Stance Change
|move|p1a: Aegislash|Shadow Ball|p2a: Cresselia
|-supereffective|p2a: Cresselia
|-damage|p2a: Cresselia|35/100
|
|upkeep
|turn|22
|
|t:|1668003267
|move|p2a: Cresselia|Lunar Dance|p2a: Cresselia
|faint|p2a: Cresselia
|move|p1a: Aegislash|Shadow Ball|p2: Cresselia|[notarget]
|-fail|p1a: Aegislash
|
|upkeep
|
|t:|1668003269
|switch|p2a: Melmetal|Melmetal|34/100
|-heal|p2a: Melmetal|100/100|[from] move: Lunar Dance
|-damage|p2a: Melmetal|94/100|[from] Stealth Rock
|turn|23
|l|☆hikari-miyako
|inactive|hikari-miyako disconnected and has a minute to reconnect!
|player|p1|
|
|t:|1668003291
|-formechange|p1a: Aegislash|Aegislash||[from] ability: Stance Change
|move|p1a: Aegislash|King's Shield|p1a: Aegislash
|-singleturn|p1a: Aegislash|Protect
|move|p2a: Melmetal|Double Iron Bash|p1a: Aegislash
|-activate|p1a: Aegislash|move: Protect
|-unboost|p2a: Melmetal|atk|1
|
|upkeep
|turn|24
|j|☆hikari-miyako
|inactive|hikari-miyako reconnected and has 150 seconds left.
|player|p1|hikari-miyako|cynthia
|
|t:|1668003297
|-formechange|p1a: Aegislash|Aegislash-Blade||[from] ability: Stance Change
|move|p1a: Aegislash|Shadow Ball|p2a: Melmetal
|-damage|p2a: Melmetal|49/100
|move|p2a: Melmetal|Double Iron Bash|p1a: Aegislash
|-resisted|p1a: Aegislash
|-damage|p1a: Aegislash|61/100
|-resisted|p1a: Aegislash
|-crit|p1a: Aegislash
|-damage|p1a: Aegislash|0 fnt
|faint|p1a: Aegislash
|-hitcount|p1: Aegislash|2
|
|upkeep
|
|t:|1668003299
|switch|p1a: Kartana|Kartana|100/100
|turn|25
|
|t:|1668003306
|switch|p2a: Marowak|Marowak-Alola, F|76/100 par
|-damage|p2a: Marowak|51/100 par|[from] Stealth Rock
|move|p1a: Kartana|Knock Off|p2a: Marowak
|-supereffective|p2a: Marowak
|-damage|p2a: Marowak|0 fnt
|-enditem|p2a: Marowak|Thick Club|[from] move: Knock Off|[of] p1a: Kartana
|faint|p2a: Marowak
|-ability|p1a: Kartana|Beast Boost|boost
|-boost|p1a: Kartana|atk|1
|
|upkeep
|
|t:|1668003309
|switch|p2a: Melmetal|Melmetal|49/100
|-damage|p2a: Melmetal|43/100|[from] Stealth Rock
|turn|26
|
|t:|1668003310
|move|p1a: Kartana|Knock Off|p2a: Melmetal
|-damage|p2a: Melmetal|11/100
|-enditem|p2a: Melmetal|Choice Band|[from] move: Knock Off|[of] p1a: Kartana
|move|p2a: Melmetal|Superpower|p1a: Kartana
|-supereffective|p1a: Kartana
|-damage|p1a: Kartana|0 fnt
|-unboost|p2a: Melmetal|atk|1
|-unboost|p2a: Melmetal|def|1
|faint|p1a: Kartana
|
|win|Ferrothornail草钢甲
|raw|hikari-miyako's rating: 1698 &rarr; <strong>1677</strong><br />(-21 for losing)
|raw|Ferrothornail草钢甲's rating: 1684 &rarr; <strong>1705</strong><br />(+21 for winning)
|l|☆Ferrothornail草钢甲
