|j|☆med girls
|j|☆Delibird Heart
|t:|1652047008
|gametype|singles
|player|p1|med girls|battlegirl-gen4|1682
|player|p2|Delibird Heart|guitarist-gen4|1776
|teamsize|p1|6
|teamsize|p2|6
|gen|8
|tier|[Gen 8] OU
|rated|
|rule|Sleep Clause Mod: Limit one foe put to sleep
|rule|Species Clause: Limit one of each Pokémon
|rule|OHKO Clause: OHKO moves are banned
|rule|Evasion Moves Clause: Evasion moves are banned
|rule|Endless Battle Clause: Forcing endless battles is banned
|rule|HP Percentage Mod: HP is shown in percentages
|rule|Dynamax Clause: You cannot dynamax
|clearpoke
|poke|p1|Dragonite, M|
|poke|p1|Gengar, M|
|poke|p1|Gastrodon-East, F|
|poke|p1|Clefable, F|
|poke|p1|Chansey, F|
|poke|p1|Magnezone|
|poke|p2|Ninetales-Alola, M|
|poke|p2|Arctozolt|
|poke|p2|Blissey, F|
|poke|p2|Zapdos|
|poke|p2|Garchomp, M|
|poke|p2|Ferrothorn, F|
|teampreview
|inactive|Battle timer is ON: inactive players will automatically lose when time's up. (requested by Delibird Heart)
|
|t:|1652047025
|start
|switch|p1a: Dorada|Dragonite, M|100/100
|switch|p2a: Ninetales|Ninetales-Alola, M|100/100
|-weather|Hail|[from] ability: Snow Warning|[of] p2a: Ninetales
|turn|1
|j| Surgo
|
|t:|1652047036
|switch|p1a: Austral|Chansey, F|100/100
|move|p2a: Ninetales|Blizzard|p1a: Austral
|-damage|p1a: Austral|87/100
|
|-weather|Hail|[upkeep]
|-damage|p1a: Austral|81/100|[from] Hail
|upkeep
|turn|2
|
|t:|1652047042
|move|p2a: Ninetales|Nasty Plot|p2a: Ninetales
|-boost|p2a: Ninetales|spa|2
|move|p1a: Austral|Stealth Rock|p2a: Ninetales
|-sidestart|p2: Delibird Heart|move: Stealth Rock
|
|-weather|Hail|[upkeep]
|-damage|p1a: Austral|75/100|[from] Hail
|upkeep
|turn|3
|
|t:|1652047046
|move|p2a: Ninetales|Encore|p1a: Austral
|-start|p1a: Austral|Encore
|move|p1a: Austral|Stealth Rock||[still]
|-fail|p1a: Austral
|
|-weather|Hail|[upkeep]
|-damage|p1a: Austral|69/100|[from] Hail
|upkeep
|turn|4
|
|t:|1652047049
|switch|p1a: Escudo|Clefable, F|100/100
|move|p2a: Ninetales|Blizzard|p1a: Escudo
|-damage|p1a: Escudo|59/100
|
|-weather|Hail|[upkeep]
|-damage|p1a: Escudo|53/100|[from] Hail
|-heal|p1a: Escudo|59/100|[from] item: Leftovers
|upkeep
|turn|5
|
|t:|1652047053
|move|p2a: Ninetales|Blizzard|p1a: Escudo
|-damage|p1a: Escudo|18/100
|move|p1a: Escudo|Soft-Boiled|p1a: Escudo
|-heal|p1a: Escudo|68/100
|
|-weather|Hail|[upkeep]
|-damage|p1a: Escudo|62/100|[from] Hail
|-heal|p1a: Escudo|68/100|[from] item: Leftovers
|upkeep
|turn|6
|
|t:|1652047057
|move|p2a: Ninetales|Encore|p1a: Escudo
|-start|p1a: Escudo|Encore
|move|p1a: Escudo|Soft-Boiled|p1a: Escudo
|-heal|p1a: Escudo|100/100
|
|-weather|Hail|[upkeep]
|-damage|p1a: Escudo|94/100|[from] Hail
|-heal|p1a: Escudo|100/100|[from] item: Leftovers
|upkeep
|turn|7
|
|t:|1652047067
|switch|p1a: Austral|Chansey, F|69/100
|move|p2a: Ninetales|Moonblast|p1a: Austral
|-damage|p1a: Austral|47/100
|-unboost|p1a: Austral|spa|1
|
|-weather|Hail|[upkeep]
|-damage|p1a: Austral|40/100|[from] Hail
|upkeep
|turn|8
|
|t:|1652047083
|move|p2a: Ninetales|Blizzard|p1a: Austral
|-damage|p1a: Austral|12/100
|move|p1a: Austral|Toxic|p2a: Ninetales
|-status|p2a: Ninetales|tox
|
|-weather|none
|-damage|p2a: Ninetales|95/100 tox|[from] psn
|upkeep
|turn|9
|
|t:|1652047089
|switch|p1a: Escudo|Clefable, F|100/100
|move|p2a: Ninetales|Moonblast|p1a: Escudo
|-damage|p1a: Escudo|67/100
|-unboost|p1a: Escudo|spa|1
|
|-heal|p1a: Escudo|73/100|[from] item: Leftovers
|-damage|p2a: Ninetales|83/100 tox|[from] psn
|upkeep
|turn|10
|
|t:|1652047096
|switch|p2a: Zapdos|Zapdos|100/100
|move|p1a: Escudo|Soft-Boiled|p1a: Escudo
|-heal|p1a: Escudo|100/100
|
|upkeep
|turn|11
|
|t:|1652047106
|switch|p1a: Baltica|Gastrodon-East, F, shiny|100/100
|move|p2a: Zapdos|Defog|p1a: Baltica
|-unboost|p1a: Baltica|evasion|1
|-sideend|p2: Delibird Heart|Stealth Rock|[from] move: Defog|[of] p2a: Zapdos
|
|upkeep
|turn|12
|
|t:|1652047113
|switch|p2a: Ferrothorn|Ferrothorn, F|100/100
|move|p1a: Baltica|Curse|p1a: Baltica
|-unboost|p1a: Baltica|spe|1
|-boost|p1a: Baltica|atk|1
|-boost|p1a: Baltica|def|1
|
|upkeep
|turn|13
|
|t:|1652047124
|switch|p1a: Royal Guard|Magnezone, shiny|100/100
|move|p2a: Ferrothorn|Leech Seed|p1a: Royal Guard
|-start|p1a: Royal Guard|move: Leech Seed
|
|-damage|p1a: Royal Guard|88/100|[from] Leech Seed|[of] p2a: Ferrothorn
|upkeep
|turn|14
|
|t:|1652047127
|move|p1a: Royal Guard|Iron Defense|p1a: Royal Guard
|-boost|p1a: Royal Guard|def|2
|move|p2a: Ferrothorn|Spikes|p1a: Royal Guard
|-sidestart|p1: med girls|Spikes
|
|-heal|p1a: Royal Guard|94/100|[from] item: Leftovers
|-damage|p1a: Royal Guard|82/100|[from] Leech Seed|[of] p2a: Ferrothorn
|upkeep
|turn|15
|
|t:|1652047130
|move|p1a: Royal Guard|Iron Defense|p1a: Royal Guard
|-boost|p1a: Royal Guard|def|2
|move|p2a: Ferrothorn|Spikes|p1a: Royal Guard
|-sidestart|p1: med girls|Spikes
|
|-heal|p1a: Royal Guard|88/100|[from] item: Leftovers
|-damage|p1a: Royal Guard|76/100|[from] Leech Seed|[of] p2a: Ferrothorn
|upkeep
|turn|16
|
|t:|1652047133
|move|p1a: Royal Guard|Iron Defense|p1a: Royal Guard
|-boost|p1a: Royal Guard|def|2
|move|p2a: Ferrothorn|Spikes|p1a: Royal Guard
|-sidestart|p1: med girls|Spikes
|
|-heal|p1a: Royal Guard|82/100|[from] item: Leftovers
|-damage|p1a: Royal Guard|70/100|[from] Leech Seed|[of] p2a: Ferrothorn
|upkeep
|turn|17
|
|t:|1652047135
|move|p1a: Royal Guard|Body Press|p2a: Ferrothorn
|-supereffective|p2a: Ferrothorn
|-damage|p2a: Ferrothorn|0 fnt
|-damage|p1a: Royal Guard|58/100|[from] ability: Iron Barbs|[of] p2a: Ferrothorn
|faint|p2a: Ferrothorn
|
|-heal|p1a: Royal Guard|64/100|[from] item: Leftovers
|upkeep
|
|t:|1652047138
|switch|p2a: Zapdos|Zapdos|100/100
|turn|18
|
|t:|1652047160
|switch|p2a: Ninetales|Ninetales-Alola, M|83/100 tox
|-weather|Hail|[from] ability: Snow Warning|[of] p2a: Ninetales
|switch|p1a: Dorada|Dragonite, M|100/100
|
|-weather|Hail|[upkeep]
|-damage|p1a: Dorada|94/100|[from] Hail
|-damage|p2a: Ninetales|77/100 tox|[from] psn
|upkeep
|turn|19
|inactive|med girls has 120 seconds left.
|
|t:|1652047183
|switch|p1a: Royal Guard|Magnezone, shiny|64/100
|-damage|p1a: Royal Guard|39/100|[from] Spikes
|move|p2a: Ninetales|Blizzard|p1a: Royal Guard
|-resisted|p1a: Royal Guard
|-damage|p1a: Royal Guard|19/100
|
|-weather|Hail|[upkeep]
|-damage|p1a: Royal Guard|12/100|[from] Hail
|-heal|p1a: Royal Guard|19/100|[from] item: Leftovers
|-damage|p2a: Ninetales|65/100 tox|[from] psn
|upkeep
|turn|20
|
|t:|1652047193
|move|p2a: Ninetales|Blizzard|p1a: Royal Guard
|-resisted|p1a: Royal Guard
|-damage|p1a: Royal Guard|0 fnt
|faint|p1a: Royal Guard
|
|-weather|Hail|[upkeep]
|-damage|p2a: Ninetales|47/100 tox|[from] psn
|upkeep
|
|t:|1652047195
|switch|p1a: Escudo|Clefable, F|100/100
|-damage|p1a: Escudo|76/100|[from] Spikes
|turn|21
|
|t:|1652047200
|switch|p2a: Blissey|Blissey, F|100/100
|move|p1a: Escudo|Soft-Boiled|p1a: Escudo
|-heal|p1a: Escudo|100/100
|
|-weather|Hail|[upkeep]
|-damage|p1a: Escudo|94/100|[from] Hail
|-damage|p2a: Blissey|94/100|[from] Hail
|-heal|p1a: Escudo|100/100|[from] item: Leftovers
|upkeep
|turn|22
|
|t:|1652047209
|move|p1a: Escudo|Calm Mind|p1a: Escudo
|-boost|p1a: Escudo|spa|1
|-boost|p1a: Escudo|spd|1
|move|p2a: Blissey|Toxic|p1a: Escudo
|-status|p1a: Escudo|tox
|
|-weather|Hail|[upkeep]
|-damage|p1a: Escudo|94/100 tox|[from] Hail
|-damage|p2a: Blissey|88/100|[from] Hail
|-heal|p1a: Escudo|100/100 tox|[from] item: Leftovers
|-damage|p1a: Escudo|94/100 tox|[from] psn
|upkeep
|turn|23
|
|t:|1652047219
|move|p1a: Escudo|Heal Bell|p1a: Escudo
|-activate|p1a: Escudo|move: Heal Bell
|-curestatus|p1a: Escudo|tox|[msg]
|move|p2a: Blissey|Seismic Toss|p1a: Escudo
|-damage|p1a: Escudo|69/100
|
|-weather|Hail|[upkeep]
|-damage|p1a: Escudo|63/100|[from] Hail
|-damage|p2a: Blissey|82/100|[from] Hail
|-heal|p1a: Escudo|69/100|[from] item: Leftovers
|upkeep
|turn|24
|
|t:|1652047229
|switch|p1a: Dorada|Dragonite, M|94/100
|move|p2a: Blissey|Teleport|p2a: Blissey
|
|t:|1652047234
|switch|p2a: Arctozolt|Arctozolt|100/100|[from]move: Teleport
|
|-weather|Hail|[upkeep]
|-damage|p1a: Dorada|88/100|[from] Hail
|upkeep
|turn|25
|
|t:|1652047251
|switch|p1a: Austral|Chansey, F|12/100
|-damage|p1a: Austral|0 fnt|[from] Spikes
|faint|p1a: Austral
|move|p2a: Arctozolt|Icicle Crash|p1: Austral|[notarget]
|-fail|p2a: Arctozolt
|
|-weather|none
|upkeep
|
|t:|1652047253
|switch|p1a: Baltica|Gastrodon-East, F, shiny|100/100
|-damage|p1a: Baltica|76/100|[from] Spikes
|turn|26
|
|t:|1652047262
|switch|p1a: Dorada|Dragonite, M|88/100
|move|p2a: Arctozolt|Freeze-Dry|p1a: Dorada
|-supereffective|p1a: Dorada
|-damage|p1a: Dorada|0 fnt
|faint|p1a: Dorada
|-damage|p2a: Arctozolt|91/100|[from] item: Life Orb
|
|upkeep
|
|t:|1652047270
|switch|p1a: Escudo|Clefable, F|69/100
|-damage|p1a: Escudo|44/100|[from] Spikes
|turn|27
|
|t:|1652047272
|move|p2a: Arctozolt|Bolt Beak|p1a: Escudo
|-damage|p1a: Escudo|0 fnt
|faint|p1a: Escudo
|-damage|p2a: Arctozolt|81/100|[from] item: Life Orb
|
|upkeep
|-message|med girls forfeited.
|
|win|Delibird Heart
|raw|med girls's rating: 1682 &rarr; <strong>1667</strong><br />(-15 for losing)
|raw|Delibird Heart's rating: 1776 &rarr; <strong>1791</strong><br />(+15 for winning)
|l|☆med girls
|l| Surgo
