|raw|<div class="broadcast-blue"><strong>This battle is required to be public due to a player having a name starting with 'lt94je'.</div>
|j|☆LT94JECRYANDHIDE
|j|☆wish kisser
|t:|1661545039
|gametype|singles
|player|p1|LT94JECRYANDHIDE|sonia-masters|1874
|player|p2|wish kisser|ethan|1928
|teamsize|p1|6
|teamsize|p2|6
|gen|8
|tier|[Gen 8] OU
|rated|
|rule|Sleep Clause Mod: Limit one foe put to sleep
|rule|Species Clause: Limit one of each Pokémon
|rule|OHKO Clause: OHKO moves are banned
|rule|Evasion Items Clause: Evasion items are banned
|rule|Evasion Moves Clause: Evasion moves are banned
|rule|Endless Battle Clause: Forcing endless battles is banned
|rule|HP Percentage Mod: HP is shown in percentages
|rule|Dynamax Clause: You cannot dynamax
|clearpoke
|poke|p1|Cloyster, M|
|poke|p1|Mew|
|poke|p1|Kartana|
|poke|p1|Blacephalon|
|poke|p1|Garchomp, F|
|poke|p1|Volcarona, M|
|poke|p2|Volcarona, M|
|poke|p2|Heatran, M|
|poke|p2|Kartana|
|poke|p2|Rillaboom, M|
|poke|p2|Zapdos|
|poke|p2|Zeraora|
|teampreview
|inactive|Battle timer is ON: inactive players will automatically lose when time's up. (requested by LT94JECRYANDHIDE)
|c|☆wish kisser|hf
|c|☆wish kisser|:)
|
|t:|1661545057
|start
|switch|p1a: Mew|Mew|100/100
|switch|p2a: Byakko|Zapdos, shiny|100/100
|turn|1
|j| Pokemon Hates Me
|j| Bowensonfire
|
|t:|1661545075
|move|p1a: Mew|Stealth Rock|p2a: Byakko
|-sidestart|p2: wish kisser|move: Stealth Rock
|move|p2a: Byakko|Thunderbolt|p1a: Mew
|-damage|p1a: Mew|58/100
|
|upkeep
|turn|2
|
|t:|1661545079
|switch|p1a: Garchomp|Garchomp, F|100/100
|move|p2a: Byakko|Thunderbolt|p1a: Garchomp
|-immune|p1a: Garchomp
|
|upkeep
|turn|3
|
|t:|1661545082
|move|p1a: Garchomp|Swords Dance|p1a: Garchomp
|-boost|p1a: Garchomp|atk|2
|move|p2a: Byakko|Hurricane|p1a: Garchomp
|-damage|p1a: Garchomp|40/100
|
|upkeep
|turn|4
|
|t:|1661545086
|switch|p2a: Deathstroke|Kartana, shiny|100/100
|-damage|p2a: Deathstroke|94/100|[from] Stealth Rock
|move|p1a: Garchomp|Scale Shot|p2a: Deathstroke
|-resisted|p2a: Deathstroke
|-damage|p2a: Deathstroke|78/100
|-resisted|p2a: Deathstroke
|-damage|p2a: Deathstroke|59/100
|-resisted|p2a: Deathstroke
|-damage|p2a: Deathstroke|39/100
|-hitcount|p2a: Deathstroke|3
|-unboost|p1a: Garchomp|def|1
|-boost|p1a: Garchomp|spe|1
|-damage|p1a: Garchomp|30/100|[from] item: Life Orb
|
|upkeep
|turn|5
|
|t:|1661545092
|move|p2a: Deathstroke|Knock Off|p1a: Garchomp
|-damage|p1a: Garchomp|0 fnt
|-damage|p2a: Deathstroke|27/100|[from] ability: Rough Skin|[of] p1a: Garchomp
|-enditem|p1a: Garchomp|Life Orb|[from] move: Knock Off|[of] p2a: Deathstroke
|faint|p1a: Garchomp
|-ability|p2a: Deathstroke|Beast Boost|boost
|-boost|p2a: Deathstroke|atk|1
|
|upkeep
|j| Vader96
|
|t:|1661545100
|switch|p1a: Kartana|Kartana|100/100
|turn|6
|
|t:|1661545105
|switch|p2a: Chaos|Heatran, M, shiny|100/100
|-damage|p2a: Chaos|88/100|[from] Stealth Rock
|move|p1a: Kartana|Knock Off|p2a: Chaos
|-damage|p2a: Chaos|66/100
|-enditem|p2a: Chaos|Leftovers|[from] move: Knock Off|[of] p1a: Kartana
|
|upkeep
|turn|7
|j| tytyui↻
|l| tytyui↻
|j| LT94JE Gray
|j| Wiener thing
|
|t:|1661545117
|switch|p1a: Blacephalon|Blacephalon|100/100
|move|p2a: Chaos|Stealth Rock|p1a: Blacephalon
|-sidestart|p1: LT94JECRYANDHIDE|move: Stealth Rock
|
|upkeep
|turn|8
|
|t:|1661545119
|move|p2a: Chaos|Protect|p2a: Chaos
|-singleturn|p2a: Chaos|Protect
|move|p1a: Blacephalon|Shadow Ball|p2a: Chaos
|-activate|p2a: Chaos|move: Protect
|
|upkeep
|turn|9
|
|t:|1661545124
|move|p1a: Blacephalon|Shadow Ball|p2a: Chaos
|-damage|p2a: Chaos|9/100
|move|p2a: Chaos|Toxic|p1a: Blacephalon
|-status|p1a: Blacephalon|tox
|
|-damage|p1a: Blacephalon|94/100 tox|[from] psn
|upkeep
|turn|10
|
|t:|1661545129
|move|p2a: Chaos|Protect|p2a: Chaos
|-singleturn|p2a: Chaos|Protect
|move|p1a: Blacephalon|Shadow Ball|p2a: Chaos
|-activate|p2a: Chaos|move: Protect
|
|-damage|p1a: Blacephalon|82/100 tox|[from] psn
|upkeep
|turn|11
|
|t:|1661545130
|move|p1a: Blacephalon|Shadow Ball|p2a: Chaos
|-damage|p2a: Chaos|0 fnt
|faint|p2a: Chaos
|-ability|p1a: Blacephalon|Beast Boost|boost
|-boost|p1a: Blacephalon|spa|1
|
|-damage|p1a: Blacephalon|64/100 tox|[from] psn
|upkeep
|
|t:|1661545132
|switch|p2a: Zephyr|Zeraora, shiny|100/100
|turn|12
|j| Venositile
|
|t:|1661545141
|switch|p1a: Cloyster|Cloyster, M|100/100
|-damage|p1a: Cloyster|76/100|[from] Stealth Rock
|move|p2a: Zephyr|Knock Off|p1a: Cloyster
|-damage|p1a: Cloyster|51/100
|-enditem|p1a: Cloyster|Muscle Band|[from] move: Knock Off|[of] p2a: Zephyr
|
|upkeep
|turn|13
|j| LT94JE Herv
|
|t:|1661545160
|move|p2a: Zephyr|Plasma Fists|p1a: Cloyster
|-supereffective|p1a: Cloyster
|-damage|p1a: Cloyster|0 fnt
|-fieldactivate|move: Ion Deluge
|-hint|Normal-type moves become Electric-type after using Plasma Fists.
|faint|p1a: Cloyster
|
|upkeep
|
|t:|1661545171
|switch|p1a: Volcarona|Volcarona, M|100/100
|turn|14
|
|t:|1661545174
|move|p2a: Zephyr|Plasma Fists|p1a: Volcarona
|-damage|p1a: Volcarona|30/100
|-fieldactivate|move: Ion Deluge
|-hint|Normal-type moves become Electric-type after using Plasma Fists.
|move|p1a: Volcarona|Quiver Dance|p1a: Volcarona
|-boost|p1a: Volcarona|spa|1
|-boost|p1a: Volcarona|spd|1
|-boost|p1a: Volcarona|spe|1
|
|upkeep
|turn|15
|
|t:|1661545180
|move|p1a: Volcarona|Flamethrower|p2a: Zephyr
|-damage|p2a: Zephyr|6/100
|-status|p2a: Zephyr|brn
|move|p2a: Zephyr|Plasma Fists|p1a: Volcarona
|-damage|p1a: Volcarona|0 fnt
|-fieldactivate|move: Ion Deluge
|-hint|Normal-type moves become Electric-type after using Plasma Fists.
|faint|p1a: Volcarona
|
|-damage|p2a: Zephyr|0 fnt|[from] brn
|faint|p2a: Zephyr
|upkeep
|c|☆wish kisser|oh
|j| eid celebration
|j| ufjrjtjjtkt
|
|t:|1661545202
|switch|p2a: Kong|Rillaboom, M, shiny|100/100
|switch|p1a: Kartana|Kartana|100/100
|-damage|p1a: Kartana|94/100|[from] Stealth Rock
|-damage|p2a: Kong|88/100|[from] Stealth Rock
|-fieldstart|move: Grassy Terrain|[from] ability: Grassy Surge|[of] p2a: Kong
|turn|16
|
|t:|1661545208
|move|p1a: Kartana|Knock Off|p2a: Kong
|-damage|p2a: Kong|58/100
|-enditem|p2a: Kong|Leftovers|[from] move: Knock Off|[of] p1a: Kartana
|move|p2a: Kong|Swords Dance|p2a: Kong
|-boost|p2a: Kong|atk|2
|
|-heal|p1a: Kartana|100/100|[from] Grassy Terrain
|-heal|p2a: Kong|64/100|[from] Grassy Terrain
|upkeep
|turn|17
|
|t:|1661545215
|switch|p1a: Mew|Mew|58/100
|-damage|p1a: Mew|46/100|[from] Stealth Rock
|move|p2a: Kong|Knock Off|p1a: Mew
|-supereffective|p1a: Mew
|-damage|p1a: Mew|0 fnt
|-enditem|p1a: Mew|Choice Scarf|[from] move: Knock Off|[of] p2a: Kong
|faint|p1a: Mew
|
|-heal|p2a: Kong|70/100|[from] Grassy Terrain
|upkeep
|
|t:|1661545218
|switch|p1a: Kartana|Kartana|100/100
|-damage|p1a: Kartana|94/100|[from] Stealth Rock
|turn|18
|c|☆wish kisser|gg
|
|t:|1661545222
|move|p1a: Kartana|Smart Strike|p2a: Kong
|-damage|p2a: Kong|39/100
|move|p2a: Kong|Superpower|p1a: Kartana
|-supereffective|p1a: Kartana
|-damage|p1a: Kartana|0 fnt
|-unboost|p2a: Kong|atk|1
|-unboost|p2a: Kong|def|1
|faint|p1a: Kartana
|
|-heal|p2a: Kong|45/100|[from] Grassy Terrain
|upkeep
|-message|LT94JECRYANDHIDE forfeited.
|
|win|wish kisser
|raw|LT94JECRYANDHIDE's rating: 1874 &rarr; <strong>1857</strong><br />(-17 for losing)
|raw|wish kisser's rating: 1928 &rarr; <strong>1945</strong><br />(+17 for winning)
|j| Pokemh
|l|☆LT94JECRYANDHIDE
|l| ufjrjtjjtkt
|j| MANNAT
|l| eid celebration
|l| MANNAT
|j| Hippea
|l| Pokemon Hates Me
|l| Hippea
|l| LT94JE Herv
|l| Pokemh
|j| L9BGNXTY
|j| LT94JE PalletHero
||Ladder isn't responding, score probably updated but might not have (Request timeout).
|l| LT94JE PalletHero
|l| Wiener thing
|j| ufjrjtjjtkt
|l| ufjrjtjjtkt
|l| L9BGNXTY
|l| Bowensonfire
|l| Vader96
