|j|☆mooonsun
|j|☆Lenape
|t:|1596042023
|player|p1|mooonsun|waiter|1882
|player|p2|Lenape|102|1857
|teamsize|p1|6
|teamsize|p2|6
|gametype|singles
|gen|8
|tier|[Gen 8] OU
|rated|
|html|<div class="broadcast-blue"><strong>OU is currently suspecting Magearna! For information on how to participate check out the <a href="https://www.smogon.com/forums/threads/3667669/">suspect thread</a>.</strong></div>
|clearpoke
|poke|p1|Urshifu-*, M|
|poke|p1|Mantine, F|
|poke|p1|Amoonguss, F|
|poke|p1|Rhyperior, M|
|poke|p1|Clefable, F|
|poke|p1|Kyurem|
|poke|p2|Cinderace, F|
|poke|p2|Corviknight, M|
|poke|p2|Sylveon, M|
|poke|p2|Rhyperior, M|
|poke|p2|Toxapex, F|
|poke|p2|Umbreon, F|
|rule|Sleep Clause Mod: Limit one foe put to sleep
|rule|Species Clause: Limit one of each Pokémon
|rule|OHKO Clause: OHKO moves are banned
|rule|Evasion Moves Clause: Evasion moves are banned
|rule|Endless Battle Clause: Forcing endless battles is banned
|rule|HP Percentage Mod: HP is shown in percentages
|rule|Dynamax Clause: You cannot dynamax
|teampreview
|inactive|Battle timer is ON: inactive players will automatically lose when time's up. (requested by Lenape)
|
|t:|1596042039
|start
|switch|p1a: Clefable|Clefable, F|100/100
|switch|p2a: Toxapex|Toxapex, F|100/100
|turn|1
|
|t:|1596042043
|switch|p2a: Rhyperior|Rhyperior, M|100/100
|move|p1a: Clefable|Trick|p2a: Rhyperior
|-activate|p1a: Clefable|move: Trick|[of] p2a: Rhyperior
|-item|p2a: Rhyperior|Choice Scarf|[from] move: Trick
|-item|p1a: Clefable|Leftovers|[from] move: Trick
|
|upkeep
|turn|2
|
|t:|1596042077
|switch|p1a: Amoonguss|Amoonguss, F|100/100
|move|p2a: Rhyperior|Heavy Slam|p1a: Amoonguss
|-damage|p1a: Amoonguss|72/100
|
|-heal|p1a: Amoonguss|78/100|[from] item: Black Sludge
|upkeep
|turn|3
|
|t:|1596042083
|switch|p2a: Sylveon|Sylveon, M|100/100
|move|p1a: Amoonguss|Spore|p2a: Sylveon
|-status|p2a: Sylveon|slp|[from] move: Spore
|
|-heal|p1a: Amoonguss|84/100|[from] item: Black Sludge
|upkeep
|turn|4
|j| Accountstolenagain
|
|t:|1596042090
|switch|p2a: Toxapex|Toxapex, F|100/100
|switch|p1a: Rhyperior|Rhyperior, M|100/100
|
|upkeep
|turn|5
|
|t:|1596042092
|move|p1a: Rhyperior|Earthquake|p2a: Toxapex
|-supereffective|p2a: Toxapex
|-damage|p2a: Toxapex|43/100
|move|p2a: Toxapex|Toxic|p1a: Rhyperior
|-status|p1a: Rhyperior|tox
|
|-heal|p2a: Toxapex|49/100|[from] item: Black Sludge
|-damage|p1a: Rhyperior|94/100 tox|[from] psn
|upkeep
|turn|6
|
|t:|1596042096
|switch|p2a: Corviknight|Corviknight, M|100/100
|-ability|p2a: Corviknight|Pressure
|move|p1a: Rhyperior|Stealth Rock|p2a: Corviknight
|-sidestart|p2: Lenape|move: Stealth Rock
|
|-heal|p1a: Rhyperior|100/100 tox|[from] item: Leftovers
|-damage|p1a: Rhyperior|88/100 tox|[from] psn
|upkeep
|turn|7
|
|t:|1596042100
|switch|p1a: Kyurem|Kyurem|100/100
|-ability|p1a: Kyurem|Pressure
|move|p2a: Corviknight|Substitute|p2a: Corviknight
|-start|p2a: Corviknight|Substitute
|-damage|p2a: Corviknight|75/100
|
|-heal|p2a: Corviknight|82/100|[from] item: Leftovers
|upkeep
|turn|8
|
|t:|1596042104
|switch|p1a: Mantine|Mantine, F|100/100
|move|p2a: Corviknight|Brave Bird|p1a: Mantine
|-damage|p1a: Mantine|64/100
|-damage|p2a: Corviknight|70/100|[from] Recoil
|
|-heal|p2a: Corviknight|77/100|[from] item: Leftovers
|upkeep
|turn|9
|
|t:|1596042112
|move|p1a: Mantine|Roost|p1a: Mantine
|-heal|p1a: Mantine|100/100
|-singleturn|p1a: Mantine|move: Roost
|move|p2a: Corviknight|Bulk Up|p2a: Corviknight
|-boost|p2a: Corviknight|atk|1
|-boost|p2a: Corviknight|def|1
|
|-heal|p2a: Corviknight|83/100|[from] item: Leftovers
|upkeep
|turn|10
|
|t:|1596042114
|move|p1a: Mantine|Haze|p1a: Mantine
|-clearallboost
|move|p2a: Corviknight|Brave Bird|p1a: Mantine
|-damage|p1a: Mantine|70/100
|-damage|p2a: Corviknight|73/100|[from] Recoil
|
|-heal|p2a: Corviknight|80/100|[from] item: Leftovers
|upkeep
|turn|11
|
|t:|1596042119
|move|p1a: Mantine|Scald|p2a: Corviknight
|-activate|p2a: Corviknight|move: Substitute|[damage]
|move|p2a: Corviknight|Brave Bird|p1a: Mantine
|-damage|p1a: Mantine|38/100
|-damage|p2a: Corviknight|70/100|[from] Recoil
|
|-heal|p2a: Corviknight|76/100|[from] item: Leftovers
|upkeep
|turn|12
|j| Bopler
|
|t:|1596042124
|move|p1a: Mantine|Roost|p1a: Mantine
|-heal|p1a: Mantine|88/100
|-singleturn|p1a: Mantine|move: Roost
|move|p2a: Corviknight|Substitute|p2a: Corviknight
|-fail|p2a: Corviknight|move: Substitute
|
|-heal|p2a: Corviknight|82/100|[from] item: Leftovers
|upkeep
|turn|13
|
|t:|1596042130
|move|p1a: Mantine|Scald|p2a: Corviknight
|-end|p2a: Corviknight|Substitute
|move|p2a: Corviknight|Substitute|p2a: Corviknight
|-start|p2a: Corviknight|Substitute
|-damage|p2a: Corviknight|57/100
|
|-heal|p2a: Corviknight|64/100|[from] item: Leftovers
|upkeep
|turn|14
|
|t:|1596042138
|move|p1a: Mantine|Scald|p2a: Corviknight
|-activate|p2a: Corviknight|move: Substitute|[damage]
|move|p2a: Corviknight|Bulk Up|p2a: Corviknight
|-boost|p2a: Corviknight|atk|1
|-boost|p2a: Corviknight|def|1
|
|-heal|p2a: Corviknight|70/100|[from] item: Leftovers
|upkeep
|turn|15
|j| oophyte
|
|t:|1596042140
|move|p1a: Mantine|Haze|p1a: Mantine
|-clearallboost
|move|p2a: Corviknight|Brave Bird|p1a: Mantine
|-damage|p1a: Mantine|53/100
|-damage|p2a: Corviknight|59/100|[from] Recoil
|
|-heal|p2a: Corviknight|65/100|[from] item: Leftovers
|upkeep
|turn|16
|
|t:|1596042149
|move|p1a: Mantine|Roost|p1a: Mantine
|-heal|p1a: Mantine|100/100
|-singleturn|p1a: Mantine|move: Roost
|move|p2a: Corviknight|Substitute|p2a: Corviknight
|-fail|p2a: Corviknight|move: Substitute
|
|-heal|p2a: Corviknight|71/100|[from] item: Leftovers
|upkeep
|turn|17
|l| Accountstolenagain
|j| Boub08
|
|t:|1596042171
|switch|p1a: Kyurem|Kyurem|100/100
|-ability|p1a: Kyurem|Pressure
|move|p2a: Corviknight|Substitute|p2a: Corviknight
|-fail|p2a: Corviknight|move: Substitute
|
|-heal|p2a: Corviknight|78/100|[from] item: Leftovers
|upkeep
|turn|18
|
|t:|1596042176
|move|p1a: Kyurem|Ice Beam|p2a: Corviknight
|-end|p2a: Corviknight|Substitute
|move|p2a: Corviknight|Brave Bird|p1a: Kyurem
|-crit|p1a: Kyurem
|-damage|p1a: Kyurem|51/100
|-damage|p2a: Corviknight|62/100|[from] Recoil
|
|-heal|p2a: Corviknight|68/100|[from] item: Leftovers
|upkeep
|turn|19
|
|t:|1596042180
|switch|p2a: Toxapex|Toxapex, F|82/100
|-damage|p2a: Toxapex|70/100|[from] Stealth Rock
|move|p1a: Kyurem|Ice Beam|p2a: Toxapex
|-resisted|p2a: Toxapex
|-damage|p2a: Toxapex|43/100
|-status|p2a: Toxapex|frz
|
|-heal|p2a: Toxapex|49/100 frz|[from] item: Black Sludge
|upkeep
|turn|20
|
|t:|1596042184
|move|p1a: Kyurem|Ice Beam|p2a: Toxapex
|-resisted|p2a: Toxapex
|-damage|p2a: Toxapex|22/100 frz
|-curestatus|p2a: Toxapex|frz|[from] move: Scald
|move|p2a: Toxapex|Scald|p1a: Kyurem
|-resisted|p1a: Kyurem
|-damage|p1a: Kyurem|43/100
|
|-heal|p2a: Toxapex|28/100|[from] item: Black Sludge
|upkeep
|turn|21
|
|t:|1596042191
|move|p2a: Toxapex|Baneful Bunker|p2a: Toxapex
|-singleturn|p2a: Toxapex|move: Protect
|move|p1a: Kyurem|Ice Beam|p2a: Toxapex
|-activate|p2a: Toxapex|move: Protect
|
|-heal|p2a: Toxapex|34/100|[from] item: Black Sludge
|upkeep
|turn|22
|
|t:|1596042204
|move|p1a: Kyurem|Ice Beam|p2a: Toxapex
|-resisted|p2a: Toxapex
|-damage|p2a: Toxapex|2/100
|-status|p2a: Toxapex|frz
|-curestatus|p2a: Toxapex|frz|[msg]
|move|p2a: Toxapex|Recover|p2a: Toxapex
|-heal|p2a: Toxapex|52/100
|
|-heal|p2a: Toxapex|59/100|[from] item: Black Sludge
|upkeep
|turn|23
|
|t:|1596042210
|switch|p1a: Clefable|Clefable, F|100/100
|move|p2a: Toxapex|Toxic|p1a: Clefable
|-status|p1a: Clefable|tox
|
|-heal|p2a: Toxapex|65/100|[from] item: Black Sludge
|upkeep
|turn|24
|
|t:|1596042218
|switch|p2a: Cinderace|Cinderace, F|100/100
|move|p1a: Clefable|Flamethrower|p2a: Cinderace
|-resisted|p2a: Cinderace
|-damage|p2a: Cinderace|87/100
|
|upkeep
|turn|25
|
|t:|1596042223
|switch|p1a: Rhyperior|Rhyperior, M|88/100 tox
|move|p2a: Cinderace|Court Change|p2a: Cinderace
|-start|p2a: Cinderace|typechange|Normal|[from] ability: Libero
|-sideend|p2: Lenape|Stealth Rock|[silent]
|-sidestart|p1: mooonsun|Stealth Rock|[silent]
|-activate|p2a: Cinderace|move: Court Change
|
|-heal|p1a: Rhyperior|94/100 tox|[from] item: Leftovers
|-damage|p1a: Rhyperior|88/100 tox|[from] psn
|upkeep
|turn|26
|
|t:|1596042233
|move|p2a: Cinderace|High Jump Kick|p1a: Rhyperior
|-start|p2a: Cinderace|typechange|Fighting|[from] ability: Libero
|-supereffective|p1a: Rhyperior
|-damage|p1a: Rhyperior|27/100 tox
|move|p1a: Rhyperior|Stealth Rock|p2a: Cinderace
|-sidestart|p2: Lenape|move: Stealth Rock
|
|-heal|p1a: Rhyperior|33/100 tox|[from] item: Leftovers
|-damage|p1a: Rhyperior|20/100 tox|[from] psn
|upkeep
|turn|27
|
|t:|1596042243
|switch|p1a: Mantine|Mantine, F|100/100
|move|p2a: Cinderace|Sucker Punch||[still]
|-fail|p2a: Cinderace
|
|upkeep
|turn|28
|
|t:|1596042250
|switch|p2a: Toxapex|Toxapex, F|98/100
|-damage|p2a: Toxapex|86/100|[from] Stealth Rock
|move|p1a: Mantine|Scald|p2a: Toxapex
|-resisted|p2a: Toxapex
|-damage|p2a: Toxapex|77/100
|-status|p2a: Toxapex|brn
|
|-heal|p2a: Toxapex|83/100 brn|[from] item: Black Sludge
|-damage|p2a: Toxapex|77/100 brn|[from] brn
|upkeep
|turn|29
|
|t:|1596042258
|switch|p1a: Amoonguss|Amoonguss, F|100/100
|-damage|p1a: Amoonguss|88/100|[from] Stealth Rock
|switch|p2a: Umbreon|Umbreon, F|100/100
|-damage|p2a: Umbreon|88/100|[from] Stealth Rock
|
|-heal|p2a: Umbreon|94/100|[from] item: Leftovers
|-heal|p1a: Amoonguss|94/100|[from] item: Black Sludge
|upkeep
|turn|30
|
|t:|1596042268
|move|p2a: Umbreon|Heal Bell|p2a: Umbreon
|-activate|p2a: Umbreon|move: Heal Bell
|-curestatus|p2: Sylveon|slp|[msg]
|-curestatus|p2: Toxapex|brn|[msg]
|move|p1a: Amoonguss|Toxic|p2a: Umbreon
|-status|p2a: Umbreon|tox
|
|-heal|p2a: Umbreon|99/100 tox|[from] item: Leftovers
|-heal|p1a: Amoonguss|99/100|[from] item: Black Sludge
|-damage|p2a: Umbreon|94/100 tox|[from] psn
|upkeep
|turn|31
|
|t:|1596042279
|switch|p2a: Corviknight|Corviknight, M|68/100
|-damage|p2a: Corviknight|56/100|[from] Stealth Rock
|-ability|p2a: Corviknight|Pressure
|move|p1a: Amoonguss|Spore|p2a: Corviknight
|-status|p2a: Corviknight|slp|[from] move: Spore
|
|-heal|p2a: Corviknight|62/100 slp|[from] item: Leftovers
|-heal|p1a: Amoonguss|100/100|[from] item: Black Sludge
|upkeep
|turn|32
|
|t:|1596042282
|switch|p2a: Umbreon|Umbreon, F|94/100 tox
|-damage|p2a: Umbreon|82/100 tox|[from] Stealth Rock
|switch|p1a: Urshifu|Urshifu, M|100/100
|-damage|p1a: Urshifu|94/100|[from] Stealth Rock
|
|-heal|p2a: Umbreon|88/100 tox|[from] item: Leftovers
|-damage|p2a: Umbreon|82/100 tox|[from] psn
|upkeep
|turn|33
|j| ScumGaang
|
|t:|1596042287
|switch|p2a: Toxapex|Toxapex, F|100/100
|-damage|p2a: Toxapex|88/100|[from] Stealth Rock
|move|p1a: Urshifu|Bulk Up|p1a: Urshifu
|-boost|p1a: Urshifu|atk|1
|-boost|p1a: Urshifu|def|1
|
|-heal|p2a: Toxapex|94/100|[from] item: Black Sludge
|upkeep
|turn|34
|l| ScumGaang
|
|t:|1596042289
|move|p1a: Urshifu|Bulk Up|p1a: Urshifu
|-boost|p1a: Urshifu|atk|1
|-boost|p1a: Urshifu|def|1
|move|p2a: Toxapex|Toxic|p1a: Urshifu
|-status|p1a: Urshifu|tox
|
|-heal|p2a: Toxapex|100/100|[from] item: Black Sludge
|-damage|p1a: Urshifu|88/100 tox|[from] psn
|upkeep
|turn|35
|
|t:|1596042299
|switch|p2a: Umbreon|Umbreon, F|82/100 tox
|-damage|p2a: Umbreon|69/100 tox|[from] Stealth Rock
|move|p1a: Urshifu|Wicked Blow|p2a: Umbreon
|-resisted|p2a: Umbreon
|-crit|p2a: Umbreon
|-damage|p2a: Umbreon|28/100 tox
|
|-heal|p2a: Umbreon|34/100 tox|[from] item: Leftovers
|-damage|p1a: Urshifu|76/100 tox|[from] psn
|-damage|p2a: Umbreon|28/100 tox|[from] psn
|upkeep
|turn|36
|
|t:|1596042304
|move|p1a: Urshifu|Wicked Blow|p2a: Umbreon
|-resisted|p2a: Umbreon
|-crit|p2a: Umbreon
|-damage|p2a: Umbreon|0 fnt
|faint|p2a: Umbreon
|
|-damage|p1a: Urshifu|57/100 tox|[from] psn
|upkeep
|
|t:|1596042308
|switch|p2a: Cinderace|Cinderace, F|87/100
|turn|37
|
|t:|1596042311
|move|p2a: Cinderace|High Jump Kick|p1a: Urshifu
|-start|p2a: Cinderace|typechange|Fighting|[from] ability: Libero
|-supereffective|p1a: Urshifu
|-damage|p1a: Urshifu|0 fnt
|faint|p1a: Urshifu
|
|upkeep
|
|t:|1596042316
|switch|p1a: Mantine|Mantine, F|100/100
|turn|38
|
|t:|1596042320
|switch|p2a: Toxapex|Toxapex, F|100/100
|-damage|p2a: Toxapex|88/100|[from] Stealth Rock
|move|p1a: Mantine|Defog|p2a: Toxapex
|-unboost|p2a: Toxapex|evasion|1
|-sideend|p2: Lenape|Stealth Rock|[from] move: Defog|[of] p1a: Mantine
|-sideend|p1: mooonsun|Stealth Rock|[from] move: Defog|[of] p1a: Mantine
|
|-heal|p2a: Toxapex|94/100|[from] item: Black Sludge
|upkeep
|turn|39
|
|t:|1596042329
|switch|p1a: Clefable|Clefable, F|100/100 tox
|move|p2a: Toxapex|Scald|p1a: Clefable
|-damage|p1a: Clefable|85/100 tox
|
|-heal|p1a: Clefable|91/100 tox|[from] item: Leftovers
|-heal|p2a: Toxapex|100/100|[from] item: Black Sludge
|upkeep
|turn|40
|l| Boub08
|
|t:|1596042332
|switch|p2a: Rhyperior|Rhyperior, M|100/100
|move|p1a: Clefable|Flamethrower|p2a: Rhyperior
|-resisted|p2a: Rhyperior
|-damage|p2a: Rhyperior|93/100
|
|-heal|p1a: Clefable|97/100 tox|[from] item: Leftovers
|upkeep
|turn|41
|
|t:|1596042341
|move|p2a: Rhyperior|Stealth Rock|p1a: Clefable
|-sidestart|p1: mooonsun|move: Stealth Rock
|move|p1a: Clefable|Moonblast|p2a: Rhyperior
|-damage|p2a: Rhyperior|69/100
|
|-heal|p1a: Clefable|100/100 tox|[from] item: Leftovers
|upkeep
|turn|42
|
|t:|1596042345
|switch|p2a: Sylveon|Sylveon, M|100/100
|move|p1a: Clefable|Moonblast|p2a: Sylveon
|-damage|p2a: Sylveon|83/100
|-unboost|p2a: Sylveon|spa|1
|
|-heal|p2a: Sylveon|89/100|[from] item: Leftovers
|upkeep
|turn|43
|
|t:|1596042351
|switch|p1a: Amoonguss|Amoonguss, F|100/100
|-damage|p1a: Amoonguss|88/100|[from] Stealth Rock
|move|p2a: Sylveon|Calm Mind|p2a: Sylveon
|-boost|p2a: Sylveon|spa|1
|-boost|p2a: Sylveon|spd|1
|
|-heal|p2a: Sylveon|95/100|[from] item: Leftovers
|-heal|p1a: Amoonguss|94/100|[from] item: Black Sludge
|upkeep
|turn|44
|l| Bopler
|j| A38pa
|
|t:|1596042357
|switch|p2a: Corviknight|Corviknight, M|62/100 slp
|-ability|p2a: Corviknight|Pressure
|move|p1a: Amoonguss|Toxic||[still]
|-fail|p1a: Amoonguss
|
|-heal|p2a: Corviknight|68/100 slp|[from] item: Leftovers
|-heal|p1a: Amoonguss|99/100|[from] item: Black Sludge
|upkeep
|turn|45
|
|t:|1596042361
|switch|p1a: Mantine|Mantine, F|100/100
|cant|p2a: Corviknight|slp
|
|-heal|p2a: Corviknight|74/100 slp|[from] item: Leftovers
|upkeep
|turn|46
|
|t:|1596042363
|move|p1a: Mantine|Defog|p2a: Corviknight
|-unboost|p2a: Corviknight|evasion|1
|-sideend|p1: mooonsun|Stealth Rock|[from] move: Defog|[of] p1a: Mantine
|cant|p2a: Corviknight|slp
|
|-heal|p2a: Corviknight|80/100 slp|[from] item: Leftovers
|upkeep
|turn|47
|
|t:|1596042367
|switch|p1a: Clefable|Clefable, F|100/100 tox
|cant|p2a: Corviknight|slp
|
|-heal|p2a: Corviknight|87/100 slp|[from] item: Leftovers
|upkeep
|turn|48
|
|t:|1596042369
|-curestatus|p2a: Corviknight|slp|[msg]
|move|p2a: Corviknight|Substitute|p2a: Corviknight
|-start|p2a: Corviknight|Substitute
|-damage|p2a: Corviknight|62/100
|move|p1a: Clefable|Flamethrower|p2a: Corviknight
|-supereffective|p2a: Corviknight
|-crit|p2a: Corviknight
|-end|p2a: Corviknight|Substitute
|
|-heal|p2a: Corviknight|68/100|[from] item: Leftovers
|upkeep
|turn|49
|
|t:|1596042374
|move|p2a: Corviknight|Substitute|p2a: Corviknight
|-start|p2a: Corviknight|Substitute
|-damage|p2a: Corviknight|43/100
|move|p1a: Clefable|Flamethrower|p2a: Corviknight
|-supereffective|p2a: Corviknight
|-end|p2a: Corviknight|Substitute
|
|-heal|p2a: Corviknight|49/100|[from] item: Leftovers
|upkeep
|turn|50
|
|t:|1596042377
|move|p2a: Corviknight|Roost|p2a: Corviknight
|-heal|p2a: Corviknight|99/100
|-singleturn|p2a: Corviknight|move: Roost
|move|p1a: Clefable|Flamethrower|p2a: Corviknight
|-supereffective|p2a: Corviknight
|-damage|p2a: Corviknight|64/100
|-status|p2a: Corviknight|brn
|
|-heal|p2a: Corviknight|70/100 brn|[from] item: Leftovers
|-damage|p2a: Corviknight|64/100 brn|[from] brn
|upkeep
|turn|51
|c|☆Lenape|Grats man
|c|☆Lenape|Pure luck win
|
|t:|1596042391
|switch|p2a: Sylveon|Sylveon, M|95/100
|switch|p1a: Mantine|Mantine, F|100/100
|
|-heal|p2a: Sylveon|100/100|[from] item: Leftovers
|upkeep
|turn|52
|
|t:|1596042395
|switch|p1a: Amoonguss|Amoonguss, F|100/100
|move|p2a: Sylveon|Calm Mind|p2a: Sylveon
|-boost|p2a: Sylveon|spa|1
|-boost|p2a: Sylveon|spd|1
|
|upkeep
|turn|53
|j| Enila A
|
|t:|1596042398
|switch|p2a: Corviknight|Corviknight, M|64/100 brn
|-ability|p2a: Corviknight|Pressure
|move|p1a: Amoonguss|Toxic||[still]
|-fail|p1a: Amoonguss
|
|-heal|p2a: Corviknight|70/100 brn|[from] item: Leftovers
|-damage|p2a: Corviknight|64/100 brn|[from] brn
|upkeep
|turn|54
|c|☆mooonsun|where luck
|c|☆mooonsun|other than the
|c|☆mooonsun|inevitable
|c|☆mooonsun|burn from either scald or flame
|c|☆mooonsun|?
|c|☆Lenape|Other than a 10% key burn
|c|☆Lenape|Right
|c|☆Lenape|Okay
|c|☆Lenape|Yeah that didnt matter
|
|t:|1596042420
|switch|p1a: Clefable|Clefable, F|100/100 tox
|move|p2a: Corviknight|Roost|p2a: Corviknight
|-heal|p2a: Corviknight|100/100 brn
|-singleturn|p2a: Corviknight|move: Roost
|
|-damage|p2a: Corviknight|94/100 brn|[from] brn
|upkeep
|turn|55
|c|☆Lenape|At all
|c|☆Lenape|Got it
|j| Greninja Turb0水
|c|☆mooonsun|?
|c|☆mooonsun|u cant beat me with corv
|inactive|mooonsun has 120 seconds left.
|c|☆Lenape|You gonna be dumb about it then just shut up
|
|t:|1596042449
|switch|p2a: Toxapex|Toxapex, F|100/100
|switch|p1a: Kyurem|Kyurem|43/100
|-ability|p1a: Kyurem|Pressure
|
|upkeep
|turn|56
|
|t:|1596042457
|switch|p1a: Amoonguss|Amoonguss, F|100/100
|move|p2a: Toxapex|Baneful Bunker||[still]
|-fail|p2a: Toxapex
|
|upkeep
|turn|57
|
|t:|1596042463
|switch|p2a: Cinderace|Cinderace, F|87/100
|move|p1a: Amoonguss|Spore|p2a: Cinderace
|-status|p2a: Cinderace|slp|[from] move: Spore
|
|upkeep
|turn|58
|
|t:|1596042469
|switch|p2a: Toxapex|Toxapex, F|100/100
|move|p1a: Amoonguss|Sludge Bomb|p2a: Toxapex
|-resisted|p2a: Toxapex
|-damage|p2a: Toxapex|90/100
|
|-heal|p2a: Toxapex|96/100|[from] item: Black Sludge
|upkeep
|turn|59
|
|t:|1596042473
|switch|p1a: Clefable|Clefable, F|100/100 tox
|move|p2a: Toxapex|Scald|p1a: Clefable
|-damage|p1a: Clefable|86/100 tox
|
|-heal|p1a: Clefable|92/100 tox|[from] item: Leftovers
|-heal|p2a: Toxapex|100/100|[from] item: Black Sludge
|upkeep
|turn|60
|
|t:|1596042478
|switch|p1a: Amoonguss|Amoonguss, F|100/100
|switch|p2a: Corviknight|Corviknight, M|94/100 brn
|-ability|p2a: Corviknight|Pressure
|
|-heal|p2a: Corviknight|100/100 brn|[from] item: Leftovers
|-damage|p2a: Corviknight|94/100 brn|[from] brn
|upkeep
|turn|61
|
|t:|1596042483
|switch|p1a: Clefable|Clefable, F|92/100 tox
|move|p2a: Corviknight|Substitute|p2a: Corviknight
|-start|p2a: Corviknight|Substitute
|-damage|p2a: Corviknight|69/100 brn
|
|-heal|p2a: Corviknight|75/100 brn|[from] item: Leftovers
|-heal|p1a: Clefable|98/100 tox|[from] item: Leftovers
|-damage|p2a: Corviknight|69/100 brn|[from] brn
|upkeep
|turn|62
|
|t:|1596042489
|move|p2a: Corviknight|Substitute|p2a: Corviknight
|-fail|p2a: Corviknight|move: Substitute
|move|p1a: Clefable|Flamethrower|p2a: Corviknight
|-supereffective|p2a: Corviknight
|-end|p2a: Corviknight|Substitute
|
|-heal|p2a: Corviknight|75/100 brn|[from] item: Leftovers
|-heal|p1a: Clefable|100/100 tox|[from] item: Leftovers
|-damage|p2a: Corviknight|69/100 brn|[from] brn
|upkeep
|turn|63
|
|t:|1596042493
|move|p2a: Corviknight|Substitute|p2a: Corviknight
|-start|p2a: Corviknight|Substitute
|-damage|p2a: Corviknight|44/100 brn
|move|p1a: Clefable|Flamethrower|p2a: Corviknight
|-supereffective|p2a: Corviknight
|-end|p2a: Corviknight|Substitute
|
|-heal|p2a: Corviknight|50/100 brn|[from] item: Leftovers
|-damage|p2a: Corviknight|44/100 brn|[from] brn
|upkeep
|turn|64
|
|t:|1596042500
|switch|p1a: Mantine|Mantine, F|100/100
|move|p2a: Corviknight|Roost|p2a: Corviknight
|-heal|p2a: Corviknight|94/100 brn
|-singleturn|p2a: Corviknight|move: Roost
|
|-heal|p2a: Corviknight|100/100 brn|[from] item: Leftovers
|-damage|p2a: Corviknight|94/100 brn|[from] brn
|upkeep
|turn|65
|
|t:|1596042502
|move|p1a: Mantine|Scald|p2a: Corviknight
|-damage|p2a: Corviknight|70/100 brn
|move|p2a: Corviknight|Bulk Up|p2a: Corviknight
|-boost|p2a: Corviknight|atk|1
|-boost|p2a: Corviknight|def|1
|
|-heal|p2a: Corviknight|76/100 brn|[from] item: Leftovers
|-damage|p2a: Corviknight|70/100 brn|[from] brn
|upkeep
|turn|66
|j| filippo23
|
|t:|1596042506
|move|p1a: Mantine|Haze|p1a: Mantine
|-clearallboost
|move|p2a: Corviknight|Bulk Up|p2a: Corviknight
|-boost|p2a: Corviknight|atk|1
|-boost|p2a: Corviknight|def|1
|
|-heal|p2a: Corviknight|76/100 brn|[from] item: Leftovers
|-damage|p2a: Corviknight|70/100 brn|[from] brn
|upkeep
|turn|67
|
|t:|1596042509
|move|p1a: Mantine|Haze|p1a: Mantine
|-clearallboost
|move|p2a: Corviknight|Bulk Up|p2a: Corviknight
|-boost|p2a: Corviknight|atk|1
|-boost|p2a: Corviknight|def|1
|
|-heal|p2a: Corviknight|76/100 brn|[from] item: Leftovers
|-damage|p2a: Corviknight|70/100 brn|[from] brn
|upkeep
|turn|68
|
|t:|1596042514
|move|p1a: Mantine|Scald|p2a: Corviknight
|-damage|p2a: Corviknight|48/100 brn
|move|p2a: Corviknight|Bulk Up|p2a: Corviknight
|-boost|p2a: Corviknight|atk|1
|-boost|p2a: Corviknight|def|1
|
|-heal|p2a: Corviknight|54/100 brn|[from] item: Leftovers
|-damage|p2a: Corviknight|48/100 brn|[from] brn
|upkeep
|turn|69
|
|t:|1596042518
|move|p1a: Mantine|Haze|p1a: Mantine
|-clearallboost
|move|p2a: Corviknight|Roost|p2a: Corviknight
|-heal|p2a: Corviknight|98/100 brn
|-singleturn|p2a: Corviknight|move: Roost
|
|-heal|p2a: Corviknight|100/100 brn|[from] item: Leftovers
|-damage|p2a: Corviknight|94/100 brn|[from] brn
|upkeep
|turn|70
|
|t:|1596042523
|move|p1a: Mantine|Defog|p2a: Corviknight
|-unboost|p2a: Corviknight|evasion|1
|move|p2a: Corviknight|Bulk Up|p2a: Corviknight
|-boost|p2a: Corviknight|atk|1
|-boost|p2a: Corviknight|def|1
|
|-heal|p2a: Corviknight|100/100 brn|[from] item: Leftovers
|-damage|p2a: Corviknight|94/100 brn|[from] brn
|upkeep
|turn|71
|
|t:|1596042526
|move|p1a: Mantine|Defog|p2a: Corviknight
|-unboost|p2a: Corviknight|evasion|1
|move|p2a: Corviknight|Brave Bird|p1a: Mantine
|-damage|p1a: Mantine|75/100
|-damage|p2a: Corviknight|86/100 brn|[from] Recoil
|
|-heal|p2a: Corviknight|92/100 brn|[from] item: Leftovers
|-damage|p2a: Corviknight|86/100 brn|[from] brn
|upkeep
|turn|72
|
|t:|1596042529
|move|p1a: Mantine|Scald|p2a: Corviknight
|-damage|p2a: Corviknight|63/100 brn
|move|p2a: Corviknight|Bulk Up|p2a: Corviknight
|-boost|p2a: Corviknight|atk|1
|-boost|p2a: Corviknight|def|1
|
|-heal|p2a: Corviknight|69/100 brn|[from] item: Leftovers
|-damage|p2a: Corviknight|63/100 brn|[from] brn
|upkeep
|turn|73
|
|t:|1596042531
|move|p1a: Mantine|Haze|p1a: Mantine
|-clearallboost
|move|p2a: Corviknight|Brave Bird|p1a: Mantine
|-damage|p1a: Mantine|57/100
|-damage|p2a: Corviknight|57/100 brn|[from] Recoil
|
|-heal|p2a: Corviknight|63/100 brn|[from] item: Leftovers
|-damage|p2a: Corviknight|57/100 brn|[from] brn
|upkeep
|turn|74
|l| filippo23
|
|t:|1596042536
|move|p1a: Mantine|Roost|p1a: Mantine
|-heal|p1a: Mantine|100/100
|-singleturn|p1a: Mantine|move: Roost
|move|p2a: Corviknight|Substitute|p2a: Corviknight
|-start|p2a: Corviknight|Substitute
|-damage|p2a: Corviknight|32/100 brn
|
|-heal|p2a: Corviknight|38/100 brn|[from] item: Leftovers
|-damage|p2a: Corviknight|32/100 brn|[from] brn
|upkeep
|turn|75
|
|t:|1596042539
|switch|p1a: Clefable|Clefable, F|100/100 tox
|move|p2a: Corviknight|Roost|p2a: Corviknight
|-heal|p2a: Corviknight|82/100 brn
|-singleturn|p2a: Corviknight|move: Roost
|
|-heal|p2a: Corviknight|88/100 brn|[from] item: Leftovers
|-damage|p2a: Corviknight|82/100 brn|[from] brn
|upkeep
|turn|76
|
|t:|1596042541
|move|p2a: Corviknight|Bulk Up|p2a: Corviknight
|-boost|p2a: Corviknight|atk|1
|-boost|p2a: Corviknight|def|1
|move|p1a: Clefable|Flamethrower|p2a: Corviknight
|-supereffective|p2a: Corviknight
|-end|p2a: Corviknight|Substitute
|
|-heal|p2a: Corviknight|88/100 brn|[from] item: Leftovers
|-damage|p2a: Corviknight|82/100 brn|[from] brn
|upkeep
|turn|77
|
|t:|1596042544
|move|p2a: Corviknight|Brave Bird|p1a: Clefable
|-damage|p1a: Clefable|79/100 tox
|-damage|p2a: Corviknight|75/100 brn|[from] Recoil
|move|p1a: Clefable|Flamethrower|p2a: Corviknight
|-supereffective|p2a: Corviknight
|-damage|p2a: Corviknight|35/100 brn
|
|-heal|p2a: Corviknight|41/100 brn|[from] item: Leftovers
|-heal|p1a: Clefable|85/100 tox|[from] item: Leftovers
|-damage|p2a: Corviknight|35/100 brn|[from] brn
|upkeep
|turn|78
|
|t:|1596042548
|move|p2a: Corviknight|Roost|p2a: Corviknight
|-heal|p2a: Corviknight|85/100 brn
|-singleturn|p2a: Corviknight|move: Roost
|move|p1a: Clefable|Flamethrower|p2a: Corviknight
|-supereffective|p2a: Corviknight
|-damage|p2a: Corviknight|50/100 brn
|
|-heal|p2a: Corviknight|56/100 brn|[from] item: Leftovers
|-heal|p1a: Clefable|91/100 tox|[from] item: Leftovers
|-damage|p2a: Corviknight|50/100 brn|[from] brn
|upkeep
|turn|79
|j| 2 noob 4 boob 33
|
|t:|1596042554
|switch|p1a: Mantine|Mantine, F|100/100
|move|p2a: Corviknight|Roost|p2a: Corviknight
|-heal|p2a: Corviknight|99/100 brn
|-singleturn|p2a: Corviknight|move: Roost
|
|-heal|p2a: Corviknight|100/100 brn|[from] item: Leftovers
|-damage|p2a: Corviknight|94/100 brn|[from] brn
|upkeep
|turn|80
|
|t:|1596042563
|move|p1a: Mantine|Defog|p2a: Corviknight
|-unboost|p2a: Corviknight|evasion|1
|move|p2a: Corviknight|Bulk Up|p2a: Corviknight
|-boost|p2a: Corviknight|atk|1
|-boost|p2a: Corviknight|def|1
|
|-heal|p2a: Corviknight|100/100 brn|[from] item: Leftovers
|-damage|p2a: Corviknight|94/100 brn|[from] brn
|upkeep
|turn|81
|
|t:|1596042565
|move|p1a: Mantine|Defog|p2a: Corviknight
|-unboost|p2a: Corviknight|evasion|1
|move|p2a: Corviknight|Brave Bird|p1a: Mantine
|-damage|p1a: Mantine|68/100
|-damage|p2a: Corviknight|84/100 brn|[from] Recoil
|
|-heal|p2a: Corviknight|90/100 brn|[from] item: Leftovers
|-damage|p2a: Corviknight|84/100 brn|[from] brn
|upkeep
|turn|82
|
|t:|1596042570
|move|p1a: Mantine|Haze|p1a: Mantine
|-clearallboost
|move|p2a: Corviknight|Brave Bird|p1a: Mantine
|-damage|p1a: Mantine|52/100
|-damage|p2a: Corviknight|79/100 brn|[from] Recoil
|
|-heal|p2a: Corviknight|85/100 brn|[from] item: Leftovers
|-damage|p2a: Corviknight|79/100 brn|[from] brn
|upkeep
|turn|83
|
|t:|1596042572
|move|p1a: Mantine|Roost|p1a: Mantine
|-heal|p1a: Mantine|100/100
|-singleturn|p1a: Mantine|move: Roost
|move|p2a: Corviknight|Bulk Up|p2a: Corviknight
|-boost|p2a: Corviknight|atk|1
|-boost|p2a: Corviknight|def|1
|
|-heal|p2a: Corviknight|85/100 brn|[from] item: Leftovers
|-damage|p2a: Corviknight|79/100 brn|[from] brn
|upkeep
|turn|84
|c|☆Lenape|Right i could have never won with Corv
|
|t:|1596042581
|switch|p1a: Clefable|Clefable, F|91/100 tox
|move|p2a: Corviknight|Brave Bird|p1a: Clefable
|-damage|p1a: Clefable|70/100 tox
|-damage|p2a: Corviknight|72/100 brn|[from] Recoil
|
|-heal|p2a: Corviknight|79/100 brn|[from] item: Leftovers
|-heal|p1a: Clefable|76/100 tox|[from] item: Leftovers
|-damage|p2a: Corviknight|72/100 brn|[from] brn
|upkeep
|turn|85
|c|☆mooonsun|id get a burn
|c|☆Lenape|even though i still doing work against you with a burned Corv
|c|☆mooonsun|eventually dude
|c|☆Lenape|LOL
|c|☆Lenape|LMAO
|c|☆Lenape|No
|l| 2 noob 4 boob 33
|c|☆Lenape|I would have just switch out
|c|☆Lenape|Until you had no PP
|c|☆mooonsun|why didnt you then
|c|☆Lenape|On scaldf
|c|☆mooonsun|stupid or dumb
|j| rickywang
|inactive|Lenape has 120 seconds left.
|c|☆Lenape|Umm
|j| Arnaud Senju vgc
|c|☆Lenape|Because Flamethrower
|c|☆Lenape|Sucks
|c|☆Lenape|For Burn
|c|☆Lenape|And is highly unlikely
|c|☆mooonsun|look what happened
|c|☆Lenape|Are you stupid or Dumb or Just cant maths
|c|☆Lenape|LMAO
|inactive|Lenape has 90 seconds left.
|
|t:|1596042642
|switch|p2a: Toxapex|Toxapex, F|100/100
|move|p1a: Clefable|Flamethrower|p2a: Toxapex
|-resisted|p2a: Toxapex
|-damage|p2a: Toxapex|92/100
|
|-heal|p1a: Clefable|82/100 tox|[from] item: Leftovers
|-heal|p2a: Toxapex|98/100|[from] item: Black Sludge
|upkeep
|turn|86
|j| ScumGaang
|j| Edwinvf
|
|t:|1596042653
|switch|p1a: Amoonguss|Amoonguss, F|100/100
|move|p2a: Toxapex|Scald|p1a: Amoonguss
|-resisted|p1a: Amoonguss
|-damage|p1a: Amoonguss|94/100
|
|-heal|p2a: Toxapex|100/100|[from] item: Black Sludge
|-heal|p1a: Amoonguss|99/100|[from] item: Black Sludge
|upkeep
|turn|87
|
|t:|1596042656
|switch|p1a: Clefable|Clefable, F|82/100 tox
|move|p2a: Toxapex|Scald|p1a: Clefable
|-damage|p1a: Clefable|68/100 tox
|
|-heal|p1a: Clefable|74/100 tox|[from] item: Leftovers
|upkeep
|turn|88
|
|t:|1596042661
|switch|p1a: Amoonguss|Amoonguss, F|100/100
|switch|p2a: Sylveon|Sylveon, M|100/100
|
|upkeep
|turn|89
|
|t:|1596042667
|move|p2a: Sylveon|Calm Mind|p2a: Sylveon
|-boost|p2a: Sylveon|spa|1
|-boost|p2a: Sylveon|spd|1
|move|p1a: Amoonguss|Toxic|p2a: Sylveon
|-status|p2a: Sylveon|tox
|
|-damage|p2a: Sylveon|94/100 tox|[from] psn
|upkeep
|turn|90
|l| ScumGaang
|
|t:|1596042673
|switch|p2a: Toxapex|Toxapex, F|100/100
|move|p1a: Amoonguss|Sludge Bomb|p2a: Toxapex
|-resisted|p2a: Toxapex
|-damage|p2a: Toxapex|90/100
|
|-heal|p2a: Toxapex|97/100|[from] item: Black Sludge
|upkeep
|turn|91
|c|☆Lenape|INfifnite battle it is
|
|t:|1596042683
|switch|p2a: Corviknight|Corviknight, M|72/100 brn
|-ability|p2a: Corviknight|Pressure
|switch|p1a: Clefable|Clefable, F|74/100 tox
|
|-heal|p2a: Corviknight|79/100 brn|[from] item: Leftovers
|-heal|p1a: Clefable|80/100 tox|[from] item: Leftovers
|-damage|p2a: Corviknight|72/100 brn|[from] brn
|upkeep
|turn|92
|
|t:|1596042687
|switch|p2a: Sylveon|Sylveon, M|94/100 tox
|switch|p1a: Amoonguss|Amoonguss, F|100/100
|
|-heal|p2a: Sylveon|100/100 tox|[from] item: Leftovers
|-damage|p2a: Sylveon|94/100 tox|[from] psn
|upkeep
|turn|93
|
|t:|1596042693
|switch|p2a: Corviknight|Corviknight, M|72/100 brn
|-ability|p2a: Corviknight|Pressure
|move|p1a: Amoonguss|Giga Drain|p2a: Corviknight
|-resisted|p2a: Corviknight
|-damage|p2a: Corviknight|67/100 brn
|
|-heal|p2a: Corviknight|74/100 brn|[from] item: Leftovers
|-damage|p2a: Corviknight|67/100 brn|[from] brn
|upkeep
|turn|94
|j| angry noctowls
|c|☆Lenape|Gonna play that stupid infini stall then
|c|☆Lenape|wee can play infini stall
|
|t:|1596042715
|switch|p2a: Toxapex|Toxapex, F|100/100
|switch|p1a: Kyurem|Kyurem|43/100
|-ability|p1a: Kyurem|Pressure
|
|upkeep
|turn|95
|l| Enila A
|
|t:|1596042724
|switch|p1a: Amoonguss|Amoonguss, F|100/100
|move|p2a: Toxapex|Toxic|p1a: Amoonguss
|-immune|p1a: Amoonguss
|
|upkeep
|turn|96
|l| Arnaud Senju vgc
|
|t:|1596042733
|switch|p2a: Corviknight|Corviknight, M|67/100 brn
|-ability|p2a: Corviknight|Pressure
|switch|p1a: Clefable|Clefable, F|80/100 tox
|
|-heal|p2a: Corviknight|74/100 brn|[from] item: Leftovers
|-heal|p1a: Clefable|86/100 tox|[from] item: Leftovers
|-damage|p2a: Corviknight|67/100 brn|[from] brn
|upkeep
|turn|97
|c|☆Lenape|I dont have to move once and you can never win this
|
|t:|1596042749
|switch|p2a: Toxapex|Toxapex, F|100/100
|switch|p1a: Amoonguss|Amoonguss, F|100/100
|
|upkeep
|turn|98
|
|t:|1596042756
|switch|p2a: Corviknight|Corviknight, M|67/100 brn
|-ability|p2a: Corviknight|Pressure
|switch|p1a: Clefable|Clefable, F|86/100 tox
|
|-heal|p2a: Corviknight|74/100 brn|[from] item: Leftovers
|-heal|p1a: Clefable|92/100 tox|[from] item: Leftovers
|-damage|p2a: Corviknight|67/100 brn|[from] brn
|upkeep
|turn|99
|l| angry noctowls
|
|t:|1596042758
|switch|p2a: Toxapex|Toxapex, F|100/100
|switch|p1a: Amoonguss|Amoonguss, F|100/100
|
|upkeep
|turn|100
|
|t:|1596042760
|switch|p2a: Corviknight|Corviknight, M|67/100 brn
|-ability|p2a: Corviknight|Pressure
|switch|p1a: Rhyperior|Rhyperior, M|20/100 tox
|
|-heal|p2a: Corviknight|74/100 brn|[from] item: Leftovers
|-heal|p1a: Rhyperior|27/100 tox|[from] item: Leftovers
|-damage|p2a: Corviknight|67/100 brn|[from] brn
|-damage|p1a: Rhyperior|20/100 tox|[from] psn
|upkeep
|turn|101
|
|t:|1596042764
|switch|p2a: Rhyperior|Rhyperior, M|69/100
|move|p1a: Rhyperior|Stealth Rock|p2a: Rhyperior
|-sidestart|p2: Lenape|move: Stealth Rock
|
|-heal|p1a: Rhyperior|27/100 tox|[from] item: Leftovers
|-damage|p1a: Rhyperior|14/100 tox|[from] psn
|upkeep
|turn|102
|
|t:|1596042769
|switch|p1a: Kyurem|Kyurem|43/100
|-ability|p1a: Kyurem|Pressure
|move|p2a: Rhyperior|Stealth Rock|p1a: Kyurem
|-sidestart|p1: mooonsun|move: Stealth Rock
|
|upkeep
|turn|103
|
|t:|1596042774
|switch|p2a: Toxapex|Toxapex, F|100/100
|-damage|p2a: Toxapex|88/100|[from] Stealth Rock
|move|p1a: Kyurem|Freeze-Dry|p2a: Toxapex
|-supereffective|p2a: Toxapex
|-damage|p2a: Toxapex|0 fnt
|faint|p2a: Toxapex
|
|upkeep
|c|☆mooonsun|gg
|c|☆Lenape|ASsshole
|-message|Lenape forfeited.
|
|win|mooonsun
|l|☆Lenape
||Ladder (probably) updated, but score could not be retrieved (Request timeout).
