|html|<div class="broadcast-blue"><strong>[Gen 8] OU is currently suspecting Melmetal! For information on how to participate check out the <a href="https://www.smogon.com/forums/threads/np-ss-ou-suspect-process-round-12-monster-mash.3709234/">suspect thread</a>.</strong></div>
|j|☆Thedebatablereaper
|j|☆minimax_ai
|t:|1666017030
|gametype|singles
|player|p1|Thedebatablereaper|170|1553
|player|p2|minimax_ai|lusamine-nihilego|1564
|teamsize|p1|6
|teamsize|p2|6
|gen|8
|tier|[Gen 8] OU
|rated|
|rule|Sleep Clause Mod: Limit one foe put to sleep
|rule|Species Clause: Limit one of each Pokémon
|rule|OHKO Clause: OHKO moves are banned
|rule|Evasion Items Clause: Evasion items are banned
|rule|Evasion Moves Clause: Evasion moves are banned
|rule|Endless Battle Clause: Forcing endless battles is banned
|rule|HP Percentage Mod: HP is shown in percentages
|rule|Dynamax Clause: You cannot dynamax
|clearpoke
|poke|p1|Dragapult, M|
|poke|p1|Heatran, M|
|poke|p1|Sharpedo, M|
|poke|p1|Rillaboom, F|
|poke|p1|Landorus-Therian, M|
|poke|p1|Zeraora|
|poke|p2|Rotom-Wash|
|poke|p2|Weavile, M|
|poke|p2|Landorus-Therian, M|
|poke|p2|Heatran, M|
|poke|p2|Tangrowth, M|
|poke|p2|Melmetal|
|teampreview
|c|☆minimax_ai|hf
|inactive|Battle timer is ON: inactive players will automatically lose when time's up. (requested by minimax_ai)
|c|☆Thedebatablereaper|u2
|
|t:|1666017042
|start
|switch|p1a: Sharpedo|Sharpedo, M|100/100
|switch|p2a: Tangrowth|Tangrowth, M|100/100
|turn|1
|
|t:|1666017049
|move|p1a: Sharpedo|Dark Pulse|p2a: Tangrowth
|-crit|p2a: Tangrowth
|-damage|p2a: Tangrowth|0 fnt
|faint|p2a: Tangrowth
|-damage|p1a: Sharpedo|91/100|[from] item: Life Orb
|
|-ability|p1a: Sharpedo|Speed Boost|boost
|-boost|p1a: Sharpedo|spe|1
|upkeep
|
|t:|1666017049
|switch|p2a: Melmetal|Melmetal|100/100
|turn|2
|
|t:|1666017058
|switch|p1a: Landorus|Landorus-Therian, M|100/100
|-ability|p1a: Landorus|Intimidate|boost
|-unboost|p2a: Melmetal|atk|1
|move|p2a: Melmetal|Double Iron Bash|p1a: Landorus
|-damage|p1a: Landorus|83/100
|-damage|p1a: Landorus|64/100
|-hitcount|p1a: Landorus|2
|
|-heal|p1a: Landorus|70/100|[from] item: Leftovers
|upkeep
|turn|3
|
|t:|1666017068
|move|p1a: Landorus|U-turn|p2a: Melmetal
|-resisted|p2a: Melmetal
|-damage|p2a: Melmetal|95/100
|
|t:|1666017070
|switch|p1a: Heatran|Heatran, M|100/100|[from]move: U-turn
|move|p2a: Melmetal|Ice Punch|p1a: Heatran
|-resisted|p1a: Heatran
|-crit|p1a: Heatran
|-damage|p1a: Heatran|90/100
|
|-heal|p1a: Heatran|97/100|[from] item: Leftovers
|upkeep
|turn|4
|
|t:|1666017078
|switch|p1a: Landorus|Landorus-Therian, M|70/100
|-ability|p1a: Landorus|Intimidate|boost
|-unboost|p2a: Melmetal|atk|1
|move|p2a: Melmetal|Earthquake|p1a: Landorus
|-immune|p1a: Landorus
|
|-heal|p1a: Landorus|76/100|[from] item: Leftovers
|upkeep
|turn|5
|
|t:|1666017087
|move|p1a: Landorus|Earthquake|p2a: Melmetal
|-supereffective|p2a: Melmetal
|-damage|p2a: Melmetal|44/100
|move|p2a: Melmetal|Ice Punch|p1a: Landorus
|-supereffective|p1a: Landorus
|-damage|p1a: Landorus|31/100
|
|-heal|p1a: Landorus|37/100|[from] item: Leftovers
|upkeep
|turn|6
|
|t:|1666017104
|switch|p2a: rotomwash|Rotom-Wash|100/100
|move|p1a: Landorus|Toxic|p2a: rotomwash
|-status|p2a: rotomwash|tox
|
|-heal|p1a: Landorus|43/100|[from] item: Leftovers
|-damage|p2a: rotomwash|94/100 tox|[from] psn
|upkeep
|turn|7
|
|t:|1666017112
|switch|p1a: Zeraora|Zeraora|100/100
|move|p2a: rotomwash|Hydro Pump|p1a: Zeraora
|-damage|p1a: Zeraora|43/100
|
|-heal|p2a: rotomwash|100/100 tox|[from] item: Leftovers
|-damage|p2a: rotomwash|88/100 tox|[from] psn
|upkeep
|turn|8
|
|t:|1666017121
|switch|p2a: landorustherian|Landorus-Therian, M|100/100
|-ability|p2a: landorustherian|Intimidate|boost
|-unboost|p1a: Zeraora|atk|1
|move|p1a: Zeraora|Knock Off|p2a: landorustherian
|-crit|p2a: landorustherian
|-damage|p2a: landorustherian|59/100
|-enditem|p2a: landorustherian|Leftovers|[from] move: Knock Off|[of] p1a: Zeraora
|
|upkeep
|turn|9
|
|t:|1666017129
|switch|p1a: Landorus|Landorus-Therian, M|43/100
|-ability|p1a: Landorus|Intimidate|boost
|-unboost|p2a: landorustherian|atk|1
|move|p2a: landorustherian|U-turn|p1a: Landorus
|-resisted|p1a: Landorus
|-damage|p1a: Landorus|37/100
|
|t:|1666017130
|switch|p2a: Weavile|Weavile, M|100/100|[from]move: U-turn
|-ability|p2a: Weavile|Pressure
|
|-heal|p1a: Landorus|43/100|[from] item: Leftovers
|upkeep
|turn|10
|
|t:|1666017143
|move|p2a: Weavile|Knock Off|p1a: Landorus
|-damage|p1a: Landorus|0 fnt
|-enditem|p1a: Landorus|Leftovers|[from] move: Knock Off|[of] p2a: Weavile
|faint|p1a: Landorus
|
|upkeep
|
|t:|1666017160
|switch|p1a: Zeraora|Zeraora|43/100
|turn|11
|inactive|Thedebatablereaper has 120 seconds left.
|
|t:|1666017188
|switch|p2a: landorustherian|Landorus-Therian, M|59/100
|-ability|p2a: landorustherian|Intimidate|boost
|-unboost|p1a: Zeraora|atk|1
|move|p1a: Zeraora|Close Combat|p2a: landorustherian
|-resisted|p2a: landorustherian
|-damage|p2a: landorustherian|48/100
|-unboost|p1a: Zeraora|def|1
|-unboost|p1a: Zeraora|spd|1
|
|upkeep
|turn|12
|inactive|Thedebatablereaper has 120 seconds left.
|
|t:|1666017199
|switch|p1a: Rillaboom|Rillaboom, F|100/100
|-fieldstart|move: Grassy Terrain|[from] ability: Grassy Surge|[of] p1a: Rillaboom
|move|p2a: landorustherian|U-turn|p1a: Rillaboom
|-supereffective|p1a: Rillaboom
|-damage|p1a: Rillaboom|48/100
|
|t:|1666017199
|switch|p2a: Weavile|Weavile, M|100/100|[from]move: U-turn
|-ability|p2a: Weavile|Pressure
|
|-heal|p1a: Rillaboom|54/100|[from] Grassy Terrain
|upkeep
|turn|13
|inactive|Thedebatablereaper has 120 seconds left.
|
|t:|1666017212
|switch|p1a: Heatran|Heatran, M|97/100
|move|p2a: Weavile|Ice Shard|p1a: Heatran
|-resisted|p1a: Heatran
|-damage|p1a: Heatran|91/100
|
|-heal|p1a: Heatran|97/100|[from] Grassy Terrain
|-heal|p1a: Heatran|100/100|[from] item: Leftovers
|upkeep
|turn|14
|
|t:|1666017221
|switch|p2a: Heatran|Heatran, M|100/100
|-item|p2a: Heatran|Air Balloon
|move|p1a: Heatran|Stealth Rock|p2a: Heatran
|-sidestart|p2: minimax_ai|move: Stealth Rock
|
|upkeep
|turn|15
|
|t:|1666017232
|switch|p1a: Zeraora|Zeraora|43/100
|move|p2a: Heatran|Eruption|p1a: Zeraora
|-damage|p1a: Zeraora|0 fnt
|faint|p1a: Zeraora
|
|upkeep
|
|t:|1666017239
|switch|p1a: Sharpedo|Sharpedo, M|91/100
|turn|16
|
|t:|1666017243
|move|p1a: Sharpedo|Hydro Pump|p2a: Heatran|[miss]
|-miss|p1a: Sharpedo|p2a: Heatran
|move|p2a: Heatran|Eruption|p1a: Sharpedo
|-resisted|p1a: Sharpedo
|-damage|p1a: Sharpedo|2/100
|
|-heal|p1a: Sharpedo|8/100|[from] Grassy Terrain
|-fieldend|move: Grassy Terrain
|-ability|p1a: Sharpedo|Speed Boost|boost
|-boost|p1a: Sharpedo|spe|1
|upkeep
|turn|17
|
|t:|1666017253
|move|p1a: Sharpedo|Hydro Pump|p2a: Heatran|[miss]
|-miss|p1a: Sharpedo|p2a: Heatran
|move|p2a: Heatran|Magma Storm|p1a: Sharpedo
|-resisted|p1a: Sharpedo
|-damage|p1a: Sharpedo|0 fnt
|faint|p1a: Sharpedo
|
|upkeep
|
|t:|1666017261
|switch|p1a: Dragapult|Dragapult, M|100/100
|turn|18
|
|t:|1666017267
|move|p1a: Dragapult|Shadow Ball|p2a: Heatran
|-damage|p2a: Heatran|46/100
|-unboost|p2a: Heatran|spd|1
|-enditem|p2a: Heatran|Air Balloon
|move|p2a: Heatran|Magma Storm|p1a: Dragapult|[miss]
|-miss|p2a: Heatran|p1a: Dragapult
|
|upkeep
|turn|19
|
|t:|1666017276
|switch|p2a: Weavile|Weavile, M|100/100
|-damage|p2a: Weavile|76/100|[from] Stealth Rock
|-ability|p2a: Weavile|Pressure
|move|p1a: Dragapult|Shadow Ball|p2a: Weavile
|-resisted|p2a: Weavile
|-damage|p2a: Weavile|37/100
|
|upkeep
|turn|20
|
|t:|1666017284
|move|p1a: Dragapult|Shadow Ball|p2a: Weavile
|-resisted|p2a: Weavile
|-damage|p2a: Weavile|0 fnt
|faint|p2a: Weavile
|
|upkeep
|
|t:|1666017284
|switch|p2a: Melmetal|Melmetal|44/100
|-damage|p2a: Melmetal|38/100|[from] Stealth Rock
|turn|21
|
|t:|1666017292
|switch|p1a: Heatran|Heatran, M|100/100
|move|p2a: Melmetal|Ice Punch|p1a: Heatran
|-resisted|p1a: Heatran
|-damage|p1a: Heatran|93/100
|-status|p1a: Heatran|frz
|
|-heal|p1a: Heatran|99/100 frz|[from] item: Leftovers
|upkeep
|turn|22
|
|t:|1666017304
|cant|p1a: Heatran|frz
|move|p2a: Melmetal|Double Iron Bash|p1a: Heatran
|-resisted|p1a: Heatran
|-damage|p1a: Heatran|92/100 frz
|-resisted|p1a: Heatran
|-damage|p1a: Heatran|83/100 frz
|-hitcount|p1a: Heatran|2
|
|-heal|p1a: Heatran|89/100 frz|[from] item: Leftovers
|upkeep
|turn|23
|
|t:|1666017312
|cant|p1a: Heatran|frz
|move|p2a: Melmetal|Double Iron Bash|p1a: Heatran
|-resisted|p1a: Heatran
|-damage|p1a: Heatran|81/100 frz
|-resisted|p1a: Heatran
|-damage|p1a: Heatran|72/100 frz
|-hitcount|p1a: Heatran|2
|
|-heal|p1a: Heatran|78/100 frz|[from] item: Leftovers
|upkeep
|turn|24
|
|t:|1666017322
|cant|p1a: Heatran|frz
|move|p2a: Melmetal|Double Iron Bash|p1a: Heatran
|-resisted|p1a: Heatran
|-damage|p1a: Heatran|70/100 frz
|-resisted|p1a: Heatran
|-damage|p1a: Heatran|62/100 frz
|-hitcount|p1a: Heatran|2
|
|-heal|p1a: Heatran|68/100 frz|[from] item: Leftovers
|upkeep
|turn|25
|inactive|Thedebatablereaper has 120 seconds left.
|
|t:|1666017369
|cant|p1a: Heatran|frz
|move|p2a: Melmetal|Double Iron Bash|p1a: Heatran
|-resisted|p1a: Heatran
|-damage|p1a: Heatran|60/100 frz
|-resisted|p1a: Heatran
|-damage|p1a: Heatran|51/100 frz
|-hitcount|p1a: Heatran|2
|
|-heal|p1a: Heatran|57/100 frz|[from] item: Leftovers
|upkeep
|turn|26
|
|t:|1666017377
|cant|p1a: Heatran|frz
|move|p2a: Melmetal|Double Iron Bash|p1a: Heatran
|-resisted|p1a: Heatran
|-damage|p1a: Heatran|50/100 frz
|-resisted|p1a: Heatran
|-damage|p1a: Heatran|42/100 frz
|-hitcount|p1a: Heatran|2
|
|-heal|p1a: Heatran|48/100 frz|[from] item: Leftovers
|upkeep
|turn|27
|
|t:|1666017384
|cant|p1a: Heatran|frz
|move|p2a: Melmetal|Double Iron Bash|p1a: Heatran
|-resisted|p1a: Heatran
|-damage|p1a: Heatran|39/100 frz
|-resisted|p1a: Heatran
|-damage|p1a: Heatran|30/100 frz
|-hitcount|p1a: Heatran|2
|
|-heal|p1a: Heatran|37/100 frz|[from] item: Leftovers
|upkeep
|turn|28
|inactive|Thedebatablereaper has 120 seconds left.
|
|t:|1666017393
|cant|p1a: Heatran|frz
|move|p2a: Melmetal|Double Iron Bash|p1a: Heatran
|-resisted|p1a: Heatran
|-damage|p1a: Heatran|29/100 frz
|-resisted|p1a: Heatran
|-damage|p1a: Heatran|20/100 frz
|-hitcount|p1a: Heatran|2
|
|-heal|p1a: Heatran|26/100 frz|[from] item: Leftovers
|upkeep
|turn|29
|
|t:|1666017401
|cant|p1a: Heatran|frz
|move|p2a: Melmetal|Ice Punch|p1a: Heatran
|-resisted|p1a: Heatran
|-damage|p1a: Heatran|19/100 frz
|
|-heal|p1a: Heatran|26/100 frz|[from] item: Leftovers
|upkeep
|turn|30
|
|t:|1666017407
|cant|p1a: Heatran|frz
|move|p2a: Melmetal|Ice Punch|p1a: Heatran
|-resisted|p1a: Heatran
|-damage|p1a: Heatran|19/100 frz
|
|-heal|p1a: Heatran|25/100 frz|[from] item: Leftovers
|upkeep
|turn|31
|
|t:|1666017414
|cant|p1a: Heatran|frz
|move|p2a: Melmetal|Ice Punch|p1a: Heatran
|-resisted|p1a: Heatran
|-damage|p1a: Heatran|18/100 frz
|
|-heal|p1a: Heatran|24/100 frz|[from] item: Leftovers
|upkeep
|turn|32
|
|t:|1666017420
|cant|p1a: Heatran|frz
|move|p2a: Melmetal|Ice Punch|p1a: Heatran
|-resisted|p1a: Heatran
|-damage|p1a: Heatran|17/100 frz
|
|-heal|p1a: Heatran|23/100 frz|[from] item: Leftovers
|upkeep
|turn|33
|
|t:|1666017426
|cant|p1a: Heatran|frz
|move|p2a: Melmetal|Ice Punch|p1a: Heatran
|-resisted|p1a: Heatran
|-crit|p1a: Heatran
|-damage|p1a: Heatran|12/100 frz
|
|-heal|p1a: Heatran|18/100 frz|[from] item: Leftovers
|upkeep
|turn|34
|
|t:|1666017432
|cant|p1a: Heatran|frz
|move|p2a: Melmetal|Ice Punch|p1a: Heatran
|-resisted|p1a: Heatran
|-damage|p1a: Heatran|11/100 frz
|
|-heal|p1a: Heatran|17/100 frz|[from] item: Leftovers
|upkeep
|turn|35
|
|t:|1666017438
|cant|p1a: Heatran|frz
|move|p2a: Melmetal|Ice Punch|p1a: Heatran
|-resisted|p1a: Heatran
|-damage|p1a: Heatran|10/100 frz
|
|-heal|p1a: Heatran|16/100 frz|[from] item: Leftovers
|upkeep
|turn|36
|
|t:|1666017445
|cant|p1a: Heatran|frz
|move|p2a: Melmetal|Ice Punch|p1a: Heatran
|-resisted|p1a: Heatran
|-damage|p1a: Heatran|9/100 frz
|
|-heal|p1a: Heatran|15/100 frz|[from] item: Leftovers
|upkeep
|turn|37
|inactive|Thedebatablereaper has 120 seconds left.
|
|t:|1666017478
|cant|p1a: Heatran|frz
|move|p2a: Melmetal|Ice Punch|p1a: Heatran
|-resisted|p1a: Heatran
|-damage|p1a: Heatran|8/100 frz
|
|-heal|p1a: Heatran|14/100 frz|[from] item: Leftovers
|upkeep
|turn|38
|
|t:|1666017485
|cant|p1a: Heatran|frz
|move|p2a: Melmetal|Ice Punch|p1a: Heatran
|-resisted|p1a: Heatran
|-crit|p1a: Heatran
|-damage|p1a: Heatran|4/100 frz
|
|-heal|p1a: Heatran|10/100 frz|[from] item: Leftovers
|upkeep
|turn|39
|
|t:|1666017492
|cant|p1a: Heatran|frz
|move|p2a: Melmetal|Ice Punch|p1a: Heatran
|-resisted|p1a: Heatran
|-damage|p1a: Heatran|3/100 frz
|
|-heal|p1a: Heatran|9/100 frz|[from] item: Leftovers
|upkeep
|turn|40
|
|t:|1666017498
|cant|p1a: Heatran|frz
|move|p2a: Melmetal|Ice Punch|p1a: Heatran
|-resisted|p1a: Heatran
|-damage|p1a: Heatran|2/100 frz
|
|-heal|p1a: Heatran|8/100 frz|[from] item: Leftovers
|upkeep
|turn|41
|
|t:|1666017504
|cant|p1a: Heatran|frz
|move|p2a: Melmetal|Ice Punch|p1a: Heatran
|-resisted|p1a: Heatran
|-crit|p1a: Heatran
|-damage|p1a: Heatran|0 fnt
|faint|p1a: Heatran
|
|upkeep
|
|t:|1666017514
|switch|p1a: Rillaboom|Rillaboom, F|54/100
|-fieldstart|move: Grassy Terrain|[from] ability: Grassy Surge|[of] p1a: Rillaboom
|turn|42
|
|t:|1666017521
|move|p1a: Rillaboom|Superpower|p2a: Melmetal
|-supereffective|p2a: Melmetal
|-damage|p2a: Melmetal|0 fnt
|-unboost|p1a: Rillaboom|atk|1
|-unboost|p1a: Rillaboom|def|1
|faint|p2a: Melmetal
|-damage|p1a: Rillaboom|44/100|[from] item: Life Orb
|
|-heal|p1a: Rillaboom|50/100|[from] Grassy Terrain
|upkeep
|
|t:|1666017522
|switch|p2a: Heatran|Heatran, M|46/100
|-damage|p2a: Heatran|33/100|[from] Stealth Rock
|turn|43
|
|t:|1666017532
|move|p2a: Heatran|Magma Storm|p1a: Rillaboom
|-supereffective|p1a: Rillaboom
|-damage|p1a: Rillaboom|0 fnt
|faint|p1a: Rillaboom
|
|-heal|p2a: Heatran|40/100|[from] Grassy Terrain
|upkeep
|
|t:|1666017538
|switch|p1a: Dragapult|Dragapult, M|100/100
|turn|44
|
|t:|1666017541
|move|p1a: Dragapult|Shadow Ball|p2a: Heatran
|-damage|p2a: Heatran|0 fnt
|faint|p2a: Heatran
|
|upkeep
|
|t:|1666017541
|switch|p2a: rotomwash|Rotom-Wash|88/100 tox
|-damage|p2a: rotomwash|75/100 tox|[from] Stealth Rock
|turn|45
|
|t:|1666017548
|move|p1a: Dragapult|Shadow Ball|p2a: rotomwash
|-damage|p2a: rotomwash|25/100 tox
|move|p2a: rotomwash|Pain Split|p1a: Dragapult
|-sethp|p1a: Dragapult|62/100|[from] move: Pain Split|[silent]
|-sethp|p2a: rotomwash|65/100 tox|[from] move: Pain Split
|
|-heal|p1a: Dragapult|68/100|[from] Grassy Terrain
|-heal|p2a: rotomwash|71/100 tox|[from] item: Leftovers
|-damage|p2a: rotomwash|65/100 tox|[from] psn
|upkeep
|turn|46
|j| Fog of Mud
|
|t:|1666017558
|move|p1a: Dragapult|Shadow Ball|p2a: rotomwash
|-damage|p2a: rotomwash|13/100 tox
|move|p2a: rotomwash|Pain Split|p1a: Dragapult
|-sethp|p1a: Dragapult|40/100|[from] move: Pain Split|[silent]
|-sethp|p2a: rotomwash|42/100 tox|[from] move: Pain Split
|
|-heal|p1a: Dragapult|46/100|[from] Grassy Terrain
|-heal|p2a: rotomwash|48/100 tox|[from] item: Leftovers
|-damage|p2a: rotomwash|36/100 tox|[from] psn
|-fieldend|move: Grassy Terrain
|upkeep
|turn|47
|
|t:|1666017568
|move|p1a: Dragapult|Shadow Ball|p2a: rotomwash
|-damage|p2a: rotomwash|0 fnt
|faint|p2a: rotomwash
|
|upkeep
|
|t:|1666017568
|switch|p2a: landorustherian|Landorus-Therian, M|48/100
|-damage|p2a: landorustherian|35/100|[from] Stealth Rock
|-ability|p2a: landorustherian|Intimidate|boost
|-unboost|p1a: Dragapult|atk|1
|turn|48
|
|t:|1666017577
|move|p1a: Dragapult|Shadow Ball|p2a: landorustherian
|-damage|p2a: landorustherian|0 fnt
|faint|p2a: landorustherian
|
|win|Thedebatablereaper
|raw|Thedebatablereaper's rating: 1553 &rarr; <strong>1574</strong><br />(+21 for winning)
|raw|minimax_ai's rating: 1564 &rarr; <strong>1543</strong><br />(-21 for losing)
|c|☆minimax_ai|gg
