|html|<div class="broadcast-blue"><strong>[Gen 8] OU is currently suspecting Melmetal! For information on how to participate check out the <a href="https://www.smogon.com/forums/threads/np-ss-ou-suspect-process-round-12-monster-mash.3709234/">suspect thread</a>.</strong></div>
|j|☆gotsnsd
|j|☆minimax_ai
|t:|1666204276
|gametype|singles
|player|p1|gotsnsd|beauty-gen2jp|1545
|player|p2|minimax_ai|lusamine-nihilego|1594
|teamsize|p1|6
|teamsize|p2|6
|gen|8
|tier|[Gen 8] OU
|rated|
|rule|Sleep Clause Mod: Limit one foe put to sleep
|rule|Species Clause: Limit one of each Pokémon
|rule|OHKO Clause: OHKO moves are banned
|rule|Evasion Items Clause: Evasion items are banned
|rule|Evasion Moves Clause: Evasion moves are banned
|rule|Endless Battle Clause: Forcing endless battles is banned
|rule|HP Percentage Mod: HP is shown in percentages
|rule|Dynamax Clause: You cannot dynamax
|clearpoke
|poke|p1|Nidoking, M|
|poke|p1|Rillaboom, F|
|poke|p1|Heatran, F|
|poke|p1|Rotom-Wash|
|poke|p1|Tornadus-Therian, M|
|poke|p1|Melmetal|
|poke|p2|Rotom-Wash|
|poke|p2|Weavile, M|
|poke|p2|Landorus-Therian, M|
|poke|p2|Heatran, M|
|poke|p2|Tangrowth, M|
|poke|p2|Melmetal|
|teampreview
|c|☆minimax_ai|hf
|inactive|Battle timer is ON: inactive players will automatically lose when time's up. (requested by minimax_ai)
|
|t:|1666204282
|start
|switch|p1a: Rillaboom|Rillaboom, F|100/100
|switch|p2a: Heatran|Heatran, M|100/100
|-item|p2a: Heatran|Air Balloon
|-fieldstart|move: Grassy Terrain|[from] ability: Grassy Surge|[of] p1a: Rillaboom
|turn|1
|
|t:|1666204288
|switch|p2a: Tangrowth|Tangrowth, M|100/100
|switch|p1a: Rotom|Rotom-Wash|100/100
|
|upkeep
|turn|2
|
|t:|1666204290
|move|p1a: Rotom|Toxic|p2a: Tangrowth
|-status|p2a: Tangrowth|tox
|move|p2a: Tangrowth|Knock Off|p1a: Rotom
|-crit|p1a: Rotom
|-damage|p1a: Rotom|69/100
|-enditem|p1a: Rotom|Leftovers|[from] move: Knock Off|[of] p2a: Tangrowth
|
|-damage|p2a: Tangrowth|94/100 tox|[from] psn
|upkeep
|turn|3
|
|t:|1666204303
|switch|p1a: Heatran|Heatran, F|100/100
|move|p2a: Tangrowth|Giga Drain|p1a: Heatran
|-resisted|p1a: Heatran
|-damage|p1a: Heatran|95/100
|-heal|p2a: Tangrowth|97/100 tox|[from] drain|[of] p1a: Heatran
|
|-heal|p1a: Heatran|100/100|[from] Grassy Terrain
|-heal|p2a: Tangrowth|100/100 tox|[from] Grassy Terrain
|-damage|p2a: Tangrowth|88/100 tox|[from] psn
|upkeep
|turn|4
|
|t:|1666204305
|switch|p2a: rotomwash|Rotom-Wash|100/100
|move|p1a: Heatran|Stealth Rock|p2a: rotomwash
|-sidestart|p2: minimax_ai|move: Stealth Rock
|
|upkeep
|turn|5
|
|t:|1666204310
|switch|p1a: Rotom|Rotom-Wash|69/100
|move|p2a: rotomwash|Thunderbolt|p1a: Rotom
|-damage|p1a: Rotom|28/100
|
|-fieldend|move: Grassy Terrain
|upkeep
|turn|6
|
|t:|1666204314
|move|p2a: rotomwash|Thunderbolt|p1a: Rotom
|-damage|p1a: Rotom|0 fnt
|faint|p1a: Rotom
|
|upkeep
|
|t:|1666204318
|switch|p1a: Rillaboom|Rillaboom, F|100/100
|-fieldstart|move: Grassy Terrain|[from] ability: Grassy Surge|[of] p1a: Rillaboom
|turn|7
|
|t:|1666204323
|switch|p2a: landorustherian|Landorus-Therian, M|100/100
|-damage|p2a: landorustherian|88/100|[from] Stealth Rock
|-ability|p2a: landorustherian|Intimidate|boost
|-unboost|p1a: Rillaboom|atk|1
|switch|p1a: Tornadus|Tornadus-Therian, M|100/100
|
|-heal|p2a: landorustherian|94/100|[from] item: Leftovers
|upkeep
|turn|8
|
|t:|1666204325
|move|p1a: Tornadus|Taunt|p2a: landorustherian
|-start|p2a: landorustherian|move: Taunt
|cant|p2a: landorustherian|move: Taunt|Defog
|
|-heal|p2a: landorustherian|99/100|[from] item: Leftovers
|upkeep
|turn|9
|
|t:|1666204327
|move|p1a: Tornadus|Knock Off|p2a: landorustherian
|-damage|p2a: landorustherian|81/100
|-enditem|p2a: landorustherian|Leftovers|[from] move: Knock Off|[of] p1a: Tornadus
|move|p2a: landorustherian|U-turn|p1a: Tornadus
|-resisted|p1a: Tornadus
|-damage|p1a: Tornadus|87/100
|
|t:|1666204328
|switch|p2a: Heatran|Heatran, M|100/100|[from]move: U-turn
|-damage|p2a: Heatran|88/100|[from] Stealth Rock
|-item|p2a: Heatran|Air Balloon
|
|upkeep
|turn|10
|
|t:|1666204333
|move|p1a: Tornadus|Taunt|p2a: Heatran
|-start|p2a: Heatran|move: Taunt
|move|p2a: Heatran|Eruption|p1a: Tornadus
|-damage|p1a: Tornadus|18/100
|
|upkeep
|turn|11
|
|t:|1666204337
|switch|p1a: Heatran|Heatran, F|100/100
|move|p2a: Heatran|Eruption|p1a: Heatran
|-start|p1a: Heatran|ability: Flash Fire
|
|-fieldend|move: Grassy Terrain
|upkeep
|turn|12
|
|t:|1666204344
|-end|p1a: Heatran|ability: Flash Fire|[silent]
|switch|p1a: Nidoking|Nidoking, M|100/100
|move|p2a: Heatran|Magma Storm|p1a: Nidoking
|-damage|p1a: Nidoking|30/100
|-activate|p1a: Nidoking|move: Magma Storm|[of] p2a: Heatran
|
|-damage|p1a: Nidoking|18/100|[from] move: Magma Storm|[partiallytrapped]
|-end|p2a: Heatran|move: Taunt
|upkeep
|turn|13
|
|t:|1666204349
|move|p2a: Heatran|Eruption|p1a: Nidoking
|-damage|p1a: Nidoking|0 fnt
|faint|p1a: Nidoking
|
|upkeep
|
|t:|1666204352
|switch|p1a: Tornadus|Tornadus-Therian, M|51/100
|turn|14
|
|t:|1666204354
|move|p1a: Tornadus|Knock Off|p2a: Heatran
|-damage|p2a: Heatran|67/100
|-enditem|p2a: Heatran|Air Balloon
|move|p2a: Heatran|Eruption|p1a: Tornadus
|-damage|p1a: Tornadus|7/100
|
|upkeep
|turn|15
|
|t:|1666204360
|switch|p1a: Heatran|Heatran, F|100/100
|move|p2a: Heatran|Earth Power|p1a: Heatran
|-supereffective|p1a: Heatran
|-damage|p1a: Heatran|17/100
|-unboost|p1a: Heatran|spd|1
|
|-heal|p1a: Heatran|24/100|[from] item: Leftovers
|upkeep
|turn|16
|
|t:|1666204367
|switch|p1a: Tornadus|Tornadus-Therian, M|40/100
|move|p2a: Heatran|Earth Power|p1a: Tornadus
|-immune|p1a: Tornadus
|
|upkeep
|turn|17
|
|t:|1666204369
|switch|p1a: Heatran|Heatran, F|24/100
|move|p2a: Heatran|Earth Power|p1a: Heatran
|-supereffective|p1a: Heatran
|-damage|p1a: Heatran|0 fnt
|faint|p1a: Heatran
|
|upkeep
|
|t:|1666204372
|switch|p1a: Rillaboom|Rillaboom, F|100/100
|-fieldstart|move: Grassy Terrain|[from] ability: Grassy Surge|[of] p1a: Rillaboom
|turn|18
|
|t:|1666204376
|switch|p2a: Tangrowth|Tangrowth, M|100/100 tox
|-damage|p2a: Tangrowth|88/100 tox|[from] Stealth Rock
|move|p1a: Rillaboom|Superpower|p2a: Tangrowth
|-damage|p2a: Tangrowth|61/100 tox
|-unboost|p1a: Rillaboom|atk|1
|-unboost|p1a: Rillaboom|def|1
|-damage|p1a: Rillaboom|84/100|[from] item: Rocky Helmet|[of] p2a: Tangrowth
|-damage|p1a: Rillaboom|74/100|[from] item: Life Orb
|
|-heal|p1a: Rillaboom|80/100|[from] Grassy Terrain
|-heal|p2a: Tangrowth|67/100 tox|[from] Grassy Terrain
|-damage|p2a: Tangrowth|61/100 tox|[from] psn
|upkeep
|turn|19
|
|t:|1666204387
|switch|p2a: landorustherian|Landorus-Therian, M|81/100
|-damage|p2a: landorustherian|69/100|[from] Stealth Rock
|-ability|p2a: landorustherian|Intimidate|boost
|-unboost|p1a: Rillaboom|atk|1
|move|p1a: Rillaboom|Swords Dance|p1a: Rillaboom
|-boost|p1a: Rillaboom|atk|2
|
|-heal|p1a: Rillaboom|86/100|[from] Grassy Terrain
|upkeep
|turn|20
|
|t:|1666204390
|move|p1a: Rillaboom|Swords Dance|p1a: Rillaboom
|-boost|p1a: Rillaboom|atk|2
|move|p2a: landorustherian|U-turn|p1a: Rillaboom
|-supereffective|p1a: Rillaboom
|-damage|p1a: Rillaboom|10/100
|
|t:|1666204390
|switch|p2a: Heatran|Heatran, M|67/100|[from]move: U-turn
|-damage|p2a: Heatran|55/100|[from] Stealth Rock
|
|-heal|p2a: Heatran|61/100|[from] Grassy Terrain
|-heal|p1a: Rillaboom|17/100|[from] Grassy Terrain
|upkeep
|turn|21
|
|t:|1666204394
|move|p2a: Heatran|Eruption|p1a: Rillaboom
|-supereffective|p1a: Rillaboom
|-damage|p1a: Rillaboom|0 fnt
|faint|p1a: Rillaboom
|
|-heal|p2a: Heatran|67/100|[from] Grassy Terrain
|upkeep
|
|t:|1666204398
|switch|p1a: Melmetal|Melmetal|100/100
|turn|22
|
|t:|1666204401
|switch|p2a: rotomwash|Rotom-Wash|100/100
|-damage|p2a: rotomwash|88/100|[from] Stealth Rock
|move|p1a: Melmetal|Superpower|p2a: rotomwash
|-damage|p2a: rotomwash|34/100
|-unboost|p1a: Melmetal|atk|1
|-unboost|p1a: Melmetal|def|1
|
|-heal|p2a: rotomwash|40/100|[from] item: Leftovers
|-fieldend|move: Grassy Terrain
|upkeep
|turn|23
|
|t:|1666204404
|switch|p1a: Tornadus|Tornadus-Therian, M|73/100
|move|p2a: rotomwash|Thunderbolt|p1a: Tornadus
|-supereffective|p1a: Tornadus
|-damage|p1a: Tornadus|12/100
|
|-heal|p2a: rotomwash|46/100|[from] item: Leftovers
|upkeep
|turn|24
|
|t:|1666204407
|switch|p2a: Heatran|Heatran, M|67/100
|-damage|p2a: Heatran|55/100|[from] Stealth Rock
|move|p1a: Tornadus|Knock Off|p2a: Heatran
|-damage|p2a: Heatran|40/100
|
|upkeep
|turn|25
|
|t:|1666204410
|move|p1a: Tornadus|Hurricane|p2a: Heatran
|-resisted|p2a: Heatran
|-damage|p2a: Heatran|18/100
|move|p2a: Heatran|Eruption|p1a: Tornadus
|-damage|p1a: Tornadus|0 fnt
|faint|p1a: Tornadus
|
|upkeep
|
|t:|1666204413
|switch|p1a: Melmetal|Melmetal|100/100
|turn|26
|
|t:|1666204419
|move|p2a: Heatran|Magma Storm|p1a: Melmetal
|-supereffective|p1a: Melmetal
|-damage|p1a: Melmetal|0 fnt
|faint|p1a: Melmetal
|
|win|minimax_ai
|raw|gotsnsd's rating: 1545 &rarr; <strong>1528</strong><br />(-17 for losing)
|raw|minimax_ai's rating: 1594 &rarr; <strong>1611</strong><br />(+17 for winning)
|c|☆minimax_ai|gg
