|j|☆galarian dragapult
|j|☆15mm
|t:|1663904963
|gametype|singles
|player|p1|galarian dragapult|zinzolin|1679
|player|p2|15mm|265|1689
|teamsize|p1|6
|teamsize|p2|6
|gen|8
|tier|[Gen 8] OU
|rated|
|rule|Sleep Clause Mod: Limit one foe put to sleep
|rule|Species Clause: Limit one of each Pokémon
|rule|OHKO Clause: OHKO moves are banned
|rule|Evasion Items Clause: Evasion items are banned
|rule|Evasion Moves Clause: Evasion moves are banned
|rule|Endless Battle Clause: Forcing endless battles is banned
|rule|HP Percentage Mod: HP is shown in percentages
|rule|Dynamax Clause: You cannot dynamax
|clearpoke
|poke|p1|Buzzwole|
|poke|p1|Toxapex, F|
|poke|p1|Aegislash, F|
|poke|p1|Hippowdon, F|
|poke|p1|Tornadus-Therian, M|
|poke|p1|Tapu Lele|
|poke|p2|Blissey, F|
|poke|p2|Rotom-Wash|
|poke|p2|Heatran, M|
|poke|p2|Tornadus-Therian, M|
|poke|p2|Buzzwole|
|poke|p2|Kartana|
|teampreview
|j| wdz999
|inactive|Battle timer is ON: inactive players will automatically lose when time's up. (requested by galarian dragapult)
|
|t:|1663904985
|start
|switch|p1a: Tornadus|Tornadus-Therian, M|100/100
|switch|p2a: Tornadus|Tornadus-Therian, M|100/100
|turn|1
|
|t:|1663904996
|move|p2a: Tornadus|Knock Off|p1a: Tornadus
|-damage|p1a: Tornadus|78/100
|-enditem|p1a: Tornadus|Heavy-Duty Boots|[from] move: Knock Off|[of] p2a: Tornadus
|move|p1a: Tornadus|Knock Off|p2a: Tornadus
|-damage|p2a: Tornadus|75/100
|-enditem|p2a: Tornadus|Heavy-Duty Boots|[from] move: Knock Off|[of] p1a: Tornadus
|
|upkeep
|turn|2
|l| wdz999
|
|t:|1663905004
|move|p2a: Tornadus|Hurricane|p1a: Tornadus|[miss]
|-miss|p2a: Tornadus|p1a: Tornadus
|move|p1a: Tornadus|Hurricane|p2a: Tornadus|[miss]
|-miss|p1a: Tornadus|p2a: Tornadus
|
|upkeep
|turn|3
|
|t:|1663905010
|move|p2a: Tornadus|Hurricane|p1a: Tornadus
|-damage|p1a: Tornadus|40/100
|move|p1a: Tornadus|Hurricane|p2a: Tornadus|[miss]
|-miss|p1a: Tornadus|p2a: Tornadus
|
|upkeep
|turn|4
|
|t:|1663905016
|switch|p1a: Hippowdon|Hippowdon, F|100/100
|-weather|Sandstorm|[from] ability: Sand Stream|[of] p1a: Hippowdon
|move|p2a: Tornadus|Knock Off|p1a: Hippowdon
|-damage|p1a: Hippowdon|86/100
|-enditem|p1a: Hippowdon|Leftovers|[from] move: Knock Off|[of] p2a: Tornadus
|
|-weather|Sandstorm|[upkeep]
|-damage|p2a: Tornadus|69/100|[from] Sandstorm
|upkeep
|turn|5
|
|t:|1663905026
|move|p2a: Tornadus|Taunt|p1a: Hippowdon
|-start|p1a: Hippowdon|move: Taunt
|cant|p1a: Hippowdon|move: Taunt|Stealth Rock
|
|-weather|Sandstorm|[upkeep]
|-damage|p2a: Tornadus|63/100|[from] Sandstorm
|upkeep
|turn|6
|j| baibaiats
|
|t:|1663905042
|switch|p2a: Rotom|Rotom-Wash|100/100
|switch|p1a: Tornadus|Tornadus-Therian, M|73/100
|
|-weather|Sandstorm|[upkeep]
|-damage|p1a: Tornadus|67/100|[from] Sandstorm
|-damage|p2a: Rotom|94/100|[from] Sandstorm
|-heal|p2a: Rotom|100/100|[from] item: Leftovers
|upkeep
|turn|7
|
|t:|1663905052
|move|p1a: Tornadus|U-turn|p2a: Rotom
|-damage|p2a: Rotom|81/100
|
|t:|1663905054
|switch|p1a: Toxapex|Toxapex, F, shiny|100/100|[from]move: U-turn
|move|p2a: Rotom|Nasty Plot|p2a: Rotom
|-boost|p2a: Rotom|spa|2
|
|-weather|Sandstorm|[upkeep]
|-damage|p2a: Rotom|74/100|[from] Sandstorm
|-damage|p1a: Toxapex|95/100|[from] Sandstorm
|-heal|p2a: Rotom|81/100|[from] item: Leftovers
|upkeep
|turn|8
|j| darkrows
|
|t:|1663905063
|switch|p1a: Aegislash|Aegislash, F|100/100
|move|p2a: Rotom|Thunderbolt|p1a: Aegislash
|-damage|p1a: Aegislash|49/100
|
|-weather|none
|-heal|p2a: Rotom|87/100|[from] item: Leftovers
|-heal|p1a: Aegislash|55/100|[from] item: Leftovers
|upkeep
|turn|9
|
|t:|1663905071
|move|p1a: Aegislash|King's Shield|p1a: Aegislash
|-singleturn|p1a: Aegislash|Protect
|move|p2a: Rotom|Hydro Pump|p1a: Aegislash
|-activate|p1a: Aegislash|move: Protect
|
|-heal|p2a: Rotom|93/100|[from] item: Leftovers
|-heal|p1a: Aegislash|61/100|[from] item: Leftovers
|upkeep
|turn|10
|
|t:|1663905079
|move|p2a: Rotom|Hydro Pump|p1a: Aegislash
|-damage|p1a: Aegislash|3/100
|move|p1a: Aegislash|Toxic|p2a: Rotom
|-status|p2a: Rotom|tox
|
|-heal|p2a: Rotom|99/100 tox|[from] item: Leftovers
|-heal|p1a: Aegislash|9/100|[from] item: Leftovers
|-damage|p2a: Rotom|93/100 tox|[from] psn
|upkeep
|turn|11
|
|t:|1663905088
|move|p1a: Aegislash|King's Shield|p1a: Aegislash
|-singleturn|p1a: Aegislash|Protect
|move|p2a: Rotom|Nasty Plot|p2a: Rotom
|-boost|p2a: Rotom|spa|2
|
|-heal|p2a: Rotom|99/100 tox|[from] item: Leftovers
|-heal|p1a: Aegislash|15/100|[from] item: Leftovers
|-damage|p2a: Rotom|87/100 tox|[from] psn
|upkeep
|turn|12
|j| iced out samsung
|
|t:|1663905096
|move|p1a: Aegislash|King's Shield|p1a: Aegislash
|-singleturn|p1a: Aegislash|Protect
|move|p2a: Rotom|Hydro Pump|p1a: Aegislash
|-activate|p1a: Aegislash|move: Protect
|
|-heal|p2a: Rotom|93/100 tox|[from] item: Leftovers
|-heal|p1a: Aegislash|21/100|[from] item: Leftovers
|-damage|p2a: Rotom|74/100 tox|[from] psn
|upkeep
|turn|13
|
|t:|1663905107
|move|p2a: Rotom|Thunderbolt|p1a: Aegislash
|-damage|p1a: Aegislash|0 fnt
|faint|p1a: Aegislash
|
|-heal|p2a: Rotom|81/100 tox|[from] item: Leftovers
|-damage|p2a: Rotom|56/100 tox|[from] psn
|upkeep
|
|t:|1663905109
|switch|p1a: Tapu Lele|Tapu Lele, shiny|100/100
|-fieldstart|move: Psychic Terrain|[from] ability: Psychic Surge|[of] p1a: Tapu Lele
|turn|14
|
|t:|1663905116
|switch|p2a: Heatran|Heatran, M|100/100
|move|p1a: Tapu Lele|Psychic|p2a: Heatran
|-resisted|p2a: Heatran
|-damage|p2a: Heatran|69/100
|
|-heal|p2a: Heatran|75/100|[from] item: Leftovers
|upkeep
|turn|15
|j| Hiriart
|l| Hiriart
|
|t:|1663905133
|move|p1a: Tapu Lele|Psychic|p2a: Heatran
|-resisted|p2a: Heatran
|-damage|p2a: Heatran|43/100
|move|p2a: Heatran|Stealth Rock|p1a: Tapu Lele
|-sidestart|p1: galarian dragapult|move: Stealth Rock
|
|-heal|p2a: Heatran|49/100|[from] item: Leftovers
|upkeep
|turn|16
|
|t:|1663905140
|switch|p2a: Blissey|Blissey, F|100/100
|move|p1a: Tapu Lele|Psychic|p2a: Blissey
|-damage|p2a: Blissey|65/100
|
|-heal|p2a: Blissey|71/100|[from] item: Leftovers
|upkeep
|turn|17
|
|t:|1663905147
|switch|p1a: Tornadus|Tornadus-Therian, M|100/100
|-damage|p1a: Tornadus|76/100|[from] Stealth Rock
|move|p2a: Blissey|Thunder Wave|p1a: Tornadus
|-status|p1a: Tornadus|par
|
|-heal|p2a: Blissey|77/100|[from] item: Leftovers
|upkeep
|turn|18
|
|t:|1663905156
|move|p1a: Tornadus|Defog|p2a: Blissey
|-unboost|p2a: Blissey|evasion|1
|-sideend|p1: galarian dragapult|Stealth Rock|[from] move: Defog|[of] p1a: Tornadus
|-fieldend|move: Psychic Terrain
|move|p2a: Blissey|Wish|p2a: Blissey
|
|-heal|p2a: Blissey|84/100|[from] item: Leftovers
|upkeep
|turn|19
|
|t:|1663905166
|switch|p2a: Rotom|Rotom-Wash|56/100 tox
|move|p1a: Tornadus|U-turn|p2a: Rotom
|-damage|p2a: Rotom|36/100 tox
|
|t:|1663905169
|switch|p1a: Tapu Lele|Tapu Lele, shiny|100/100|[from]move: U-turn
|-fieldstart|move: Psychic Terrain|[from] ability: Psychic Surge|[of] p1a: Tapu Lele
|
|-heal|p2a: Rotom|100/100 tox|[from] move: Wish|[wisher] Blissey
|-damage|p2a: Rotom|94/100 tox|[from] psn
|upkeep
|turn|20
|j| bccahy
|
|t:|1663905179
|switch|p2a: Heatran|Heatran, M|49/100
|move|p1a: Tapu Lele|Psyshock|p2a: Heatran
|-resisted|p2a: Heatran
|-damage|p2a: Heatran|15/100
|
|-heal|p2a: Heatran|21/100|[from] item: Leftovers
|upkeep
|turn|21
|
|t:|1663905188
|move|p1a: Tapu Lele|Psyshock|p2a: Heatran
|-resisted|p2a: Heatran
|-damage|p2a: Heatran|0 fnt
|faint|p2a: Heatran
|
|upkeep
|
|t:|1663905193
|switch|p2a: Kartana|Kartana|100/100
|turn|22
|
|t:|1663905198
|switch|p1a: Buzzwole|Buzzwole, shiny|100/100
|move|p2a: Kartana|Leaf Blade|p1a: Buzzwole
|-resisted|p1a: Buzzwole
|-damage|p1a: Buzzwole|79/100
|
|upkeep
|turn|23
|
|t:|1663905218
|switch|p2a: Tornadus|Tornadus-Therian, M|96/100
|move|p1a: Buzzwole|Ice Punch|p2a: Tornadus
|-supereffective|p2a: Tornadus
|-damage|p2a: Tornadus|42/100
|
|-fieldend|move: Psychic Terrain
|upkeep
|turn|24
|j| LT_Alt1
|
|t:|1663905228
|switch|p2a: Kartana|Kartana|100/100
|switch|p1a: Toxapex|Toxapex, F, shiny|100/100
|
|upkeep
|turn|25
|j| wdz999
|
|t:|1663905236
|move|p2a: Kartana|Knock Off|p1a: Toxapex
|-damage|p1a: Toxapex|60/100
|-enditem|p1a: Toxapex|Shed Shell|[from] move: Knock Off|[of] p2a: Kartana
|move|p1a: Toxapex|Scald|p2a: Kartana
|-resisted|p2a: Kartana
|-damage|p2a: Kartana|77/100
|-status|p2a: Kartana|brn
|
|-damage|p2a: Kartana|71/100 brn|[from] brn
|upkeep
|turn|26
|l| LT_Alt1
|
|t:|1663905248
|switch|p1a: Hippowdon|Hippowdon, F|86/100
|-weather|Sandstorm|[from] ability: Sand Stream|[of] p1a: Hippowdon
|move|p2a: Kartana|Knock Off|p1a: Hippowdon
|-damage|p1a: Hippowdon|70/100
|
|-weather|Sandstorm|[upkeep]
|-damage|p2a: Kartana|65/100 brn|[from] brn
|upkeep
|turn|27
|j| LT_Alt1
|l| wdz999
|l| LT_Alt1
|
|t:|1663905256
|switch|p2a: Rotom|Rotom-Wash|94/100 tox
|move|p1a: Hippowdon|Stealth Rock|p2a: Rotom
|-sidestart|p2: 15mm|move: Stealth Rock
|
|-weather|Sandstorm|[upkeep]
|-damage|p2a: Rotom|88/100 tox|[from] Sandstorm
|-heal|p2a: Rotom|94/100 tox|[from] item: Leftovers
|-damage|p2a: Rotom|88/100 tox|[from] psn
|upkeep
|turn|28
|j| Light DN
|
|t:|1663905267
|switch|p1a: Tapu Lele|Tapu Lele, shiny|100/100
|-fieldstart|move: Psychic Terrain|[from] ability: Psychic Surge|[of] p1a: Tapu Lele
|move|p2a: Rotom|Hydro Pump|p1a: Tapu Lele
|-damage|p1a: Tapu Lele|47/100
|
|-weather|Sandstorm|[upkeep]
|-damage|p2a: Rotom|82/100 tox|[from] Sandstorm
|-damage|p1a: Tapu Lele|41/100|[from] Sandstorm
|-heal|p2a: Rotom|88/100 tox|[from] item: Leftovers
|-damage|p2a: Rotom|76/100 tox|[from] psn
|upkeep
|turn|29
|
|t:|1663905287
|move|p2a: Rotom|Hydro Pump|p1a: Tapu Lele
|-damage|p1a: Tapu Lele|0 fnt
|faint|p1a: Tapu Lele
|
|-weather|Sandstorm|[upkeep]
|-damage|p2a: Rotom|69/100 tox|[from] Sandstorm
|-heal|p2a: Rotom|76/100 tox|[from] item: Leftovers
|-damage|p2a: Rotom|57/100 tox|[from] psn
|upkeep
|-message|galarian dragapult forfeited.
|
|win|15mm
|raw|galarian dragapult's rating: 1679 &rarr; <strong>1660</strong><br />(-19 for losing)
|raw|15mm's rating: 1689 &rarr; <strong>1708</strong><br />(+19 for winning)
|l|☆galarian dragapult
|l|☆15mm
||Ladder isn't responding, score probably updated but might not have (Request timeout).
