|j|☆knexhawk2
|j|☆Polkaa
|inactive|Battle timer is ON: inactive players will automatically lose when time's up.
|t:|1666122406
|gametype|singles
|player|p1|knexhawk2|red-masters|
|player|p2|Polkaa|265|
|teamsize|p1|6
|teamsize|p2|6
|gen|8
|tier|[Gen 8] OU
|rated|Tournament battle
|rule|Sleep Clause Mod: Limit one foe put to sleep
|rule|Species Clause: Limit one of each Pokémon
|rule|OHKO Clause: OHKO moves are banned
|rule|Evasion Items Clause: Evasion items are banned
|rule|Evasion Moves Clause: Evasion moves are banned
|rule|Endless Battle Clause: Forcing endless battles is banned
|rule|HP Percentage Mod: HP is shown in percentages
|rule|Dynamax Clause: You cannot dynamax
|rule|Bonus Type Rule: Pokémon can be nicknamed the name of a type to have that type added onto their current ones.
|clearpoke
|poke|p1|Quagsire, F|
|poke|p1|Skarmory, M|
|poke|p1|Dragonite, M|
|poke|p1|Chansey, F|
|poke|p1|Toxapex, M|
|poke|p1|Slowking-Galar, M|
|poke|p2|Cresselia, F|
|poke|p2|Slowbro, F|
|poke|p2|Porygon2|
|poke|p2|Marowak-Alola, F|
|poke|p2|Melmetal|
|poke|p2|Cursola, M|
|teampreview
|j| cypherstest
|j| blastablasta
|j| Staryy
|j| Suuicunee
|c|☆knexhawk2|gl
|
|t:|1666122422
|start
|switch|p1a: ghost|Chansey, F|100/100
|switch|p2a: ghost|Porygon2|100/100
|-start|p2a: ghost|typechange|Normal/Ghost|[silent]
|-ability|p2a: ghost|Natural Cure|[from] ability: Trace|[of] p1a: ghost
|-start|p1a: ghost|typechange|Normal/Ghost|[silent]
|-start|p1a: ghost|typechange|Normal/Ghost|[silent]
|-start|p2a: ghost|typechange|Normal/Ghost|[silent]
|turn|1
|j| Sarita Choudhury
|
|t:|1666122425
|move|p2a: ghost|Magic Coat|p2a: ghost
|-singleturn|p2a: ghost|move: Magic Coat
|move|p1a: ghost|Stealth Rock|p2a: ghost
|move|p2a: ghost|Stealth Rock|p1a: ghost|[from]Magic Coat
|-sidestart|p1: knexhawk2|move: Stealth Rock
|
|upkeep
|turn|2
|j| Highv0ltag3
|
|t:|1666122429
|switch|p2a: ground|Marowak-Alola, F|100/100
|-start|p2a: ground|typechange|Fire/Ghost/Ground|[silent]
|move|p1a: ghost|Stealth Rock|p2a: ground
|-sidestart|p2: Polkaa|move: Stealth Rock
|
|upkeep
|-start|p2a: ground|typechange|Fire/Ghost/Ground|[silent]
|turn|3
|j| zaung
|j| testingteams888
|j| IllegalGorilla
|
|t:|1666122440
|switch|p1a: no third type|Quagsire, F|100/100
|-start|p1a: no third type|typechange|Water/Ground|[silent]
|-damage|p1a: no third type|94/100|[from] Stealth Rock
|move|p2a: ground|Poltergeist|p1a: no third type
|-activate|p1a: no third type|move: Poltergeist|Leftovers
|-damage|p1a: no third type|36/100
|
|-heal|p1a: no third type|42/100|[from] item: Leftovers
|upkeep
|turn|4
|c| Highv0ltag3|stall vs tr battle of the slow mons
|
|t:|1666122447
|switch|p1a: dark|Toxapex, M|100/100
|-start|p1a: dark|typechange|Poison/Water/Dark|[silent]
|-damage|p1a: dark|88/100|[from] Stealth Rock
|move|p2a: ground|Poltergeist|p1a: dark
|-activate|p1a: dark|move: Poltergeist|Leftovers
|-resisted|p1a: dark
|-crit|p1a: dark
|-damage|p1a: dark|44/100
|
|-heal|p1a: dark|50/100|[from] item: Leftovers
|upkeep
|-start|p1a: dark|typechange|Poison/Water/Dark|[silent]
|turn|5
|
|t:|1666122454
|move|p2a: ground|Bonemerang|p1a: dark
|-supereffective|p1a: dark
|-damage|p1a: dark|0 fnt
|faint|p1a: dark
|-hitcount|p1: dark|1
|
|upkeep
|c|☆knexhawk2|ur not
|c| zaung|holy shit
|c|☆knexhawk2|min speed
|j| Oh So Cynical
|c|☆Polkaa|^^
|c| zaung|not again knex
|c|☆knexhawk2|so
|c|☆knexhawk2|did you forget
|c|☆knexhawk2|or was that intentional
|c|☆Polkaa|nop
|inactive|knexhawk2 has 120 seconds left.
|c|☆knexhawk2|to lose in trick room
|j|%htcl
|c| Highv0ltag3|u ve heard of lechonk but have you ever heard of lechoke?
|
|t:|1666122492
|switch|p1a: Dragon|Skarmory, M|100/100
|-start|p1a: Dragon|typechange|Steel/Flying/Dragon|[silent]
|-damage|p1a: Dragon|88/100|[from] Stealth Rock
|-start|p1a: Dragon|typechange|Steel/Flying/Dragon|[silent]
|turn|6
|c|☆Polkaa|no reason to be mn speed
|c|☆knexhawk2|pex. in trick room
|c|☆knexhawk2|that is the reason
|c| zaung|its a trick room team
|c|☆knexhawk2|out slow melm
|c|☆Polkaa|why would i set tr against stall ?
|
|t:|1666122521
|move|p2a: ground|Flare Blitz|p1a: Dragon
|-damage|p1a: Dragon|33/100
|move|p1a: Dragon|Whirlwind|p2a: ground
|drag|p2a: normal|Slowbro, F|100/100
|-start|p2a: normal|typechange|Water/Psychic/Normal|[silent]
|-damage|p2a: normal|88/100|[from] Stealth Rock
|
|-heal|p1a: Dragon|39/100|[from] item: Leftovers
|upkeep
|-start|p2a: normal|typechange|Water/Psychic/Normal|[silent]
|turn|7
|c|☆knexhawk2|pex is on non stall...
|
|t:|1666122531
|move|p1a: Dragon|Spikes|p2a: normal
|-sidestart|p2: Polkaa|Spikes
|move|p2a: normal|Scald|p1a: Dragon
|-resisted|p1a: Dragon
|-damage|p1a: Dragon|20/100
|
|-heal|p1a: Dragon|26/100|[from] item: Leftovers
|upkeep
|turn|8
|
|t:|1666122533
|move|p1a: Dragon|Roost|p1a: Dragon
|-heal|p1a: Dragon|76/100
|-singleturn|p1a: Dragon|move: Roost
|move|p2a: normal|Scald|p1a: Dragon
|-resisted|p1a: Dragon
|-damage|p1a: Dragon|56/100
|-status|p1a: Dragon|brn
|
|-heal|p1a: Dragon|62/100 brn|[from] item: Leftovers
|-damage|p1a: Dragon|56/100 brn|[from] brn
|upkeep
|turn|9
|c| Highv0ltag3|but he knew he was playing you
|l| Staryy
|c| Highv0ltag3|so he made big brain move
|
|t:|1666122549
|move|p1a: Dragon|Spikes|p2a: normal
|-sidestart|p2: Polkaa|Spikes
|move|p2a: normal|Teleport|p2a: normal
|c|☆knexhawk2|i doubt he changed it
|
|t:|1666122552
|switch|p2a: ice|Cursola, M|100/100|[from]move: Teleport
|-start|p2a: ice|typechange|Ghost/Ice|[silent]
|-damage|p2a: ice|75/100|[from] Stealth Rock
|-damage|p2a: ice|59/100|[from] Spikes
|
|-heal|p1a: Dragon|62/100 brn|[from] item: Leftovers
|-damage|p1a: Dragon|56/100 brn|[from] brn
|upkeep
|-start|p2a: ice|typechange|Ghost/Ice|[silent]
|turn|10
|
|t:|1666122554
|switch|p1a: ghost|Chansey, F|100/100
|-start|p1a: ghost|typechange|Normal/Ghost|[silent]
|-damage|p1a: ghost|88/100|[from] Stealth Rock
|move|p2a: ice|Ice Beam|p1a: ghost
|-damage|p1a: ghost|70/100
|-status|p1a: ghost|frz
|
|upkeep
|-start|p1a: ghost|typechange|Normal/Ghost|[silent]
|turn|11
|
|t:|1666122559
|-curestatus|p1a: ghost|frz|[from] ability: Natural Cure
|switch|p1a: flying|Slowking-Galar, M|100/100
|-start|p1a: flying|typechange|Poison/Psychic/Flying|[silent]
|-damage|p1a: flying|76/100|[from] Stealth Rock
|move|p2a: ice|Meteor Beam||[still]
|-prepare|p2a: ice|Meteor Beam
|-boost|p2a: ice|spa|1
|-enditem|p2a: ice|Power Herb
|-anim|p2a: ice|Meteor Beam|p1a: flying
|-supereffective|p1a: flying
|-damage|p1a: flying|16/100
|
|upkeep
|-start|p1a: flying|typechange|Poison/Psychic/Flying|[silent]
|turn|12
|c| Oh So Cynical|Polkaa I am your fan now
|
|t:|1666122570
|switch|p1a: ghost|Chansey, F|70/100
|-start|p1a: ghost|typechange|Normal/Ghost|[silent]
|-damage|p1a: ghost|58/100|[from] Stealth Rock
|move|p2a: ice|Ice Beam|p1a: ghost
|-damage|p1a: ghost|31/100
|
|upkeep
|-start|p1a: ghost|typechange|Normal/Ghost|[silent]
|turn|13
|c|☆knexhawk2|im so fucked if i get frozen again
|c| Oh So Cynical|win this
|c| zaung|might have switched teams
|
|t:|1666122574
|move|p1a: ghost|Soft-Boiled|p1a: ghost
|-heal|p1a: ghost|81/100
|move|p2a: ice|Ice Beam|p1a: ghost
|-damage|p1a: ghost|56/100
|
|upkeep
|turn|14
|c| zaung|but thats it
|
|t:|1666122578
|move|p1a: ghost|Toxic|p2a: ice
|-status|p2a: ice|tox
|move|p2a: ice|Ice Beam|p1a: ghost
|-damage|p1a: ghost|29/100
|
|-damage|p2a: ice|53/100 tox|[from] psn
|upkeep
|turn|15
|
|t:|1666122593
|switch|p2a: electric|Melmetal|100/100
|-start|p2a: electric|typechange|Steel/Electric|[silent]
|-damage|p2a: electric|94/100|[from] Stealth Rock
|-damage|p2a: electric|78/100|[from] Spikes
|move|p1a: ghost|Soft-Boiled|p1a: ghost
|-heal|p1a: ghost|79/100
|
|upkeep
|-start|p2a: electric|typechange|Steel/Electric|[silent]
|turn|16
|c| zaung|is this where knex dies?
|
|t:|1666122599
|switch|p1a: no third type|Quagsire, F|42/100
|-start|p1a: no third type|typechange|Water/Ground|[silent]
|-damage|p1a: no third type|36/100|[from] Stealth Rock
|move|p2a: electric|Ice Punch|p1a: no third type
|-damage|p1a: no third type|8/100
|
|-heal|p1a: no third type|14/100|[from] item: Leftovers
|upkeep
|turn|17
|c| Highv0ltag3|awak everywhere Hydreigon stonks
|
|t:|1666122603
|switch|p2a: dark|Cresselia, F|100/100
|-start|p2a: dark|typechange|Psychic/Dark|[silent]
|-damage|p2a: dark|88/100|[from] Stealth Rock
|move|p1a: no third type|Recover|p1a: no third type
|-heal|p1a: no third type|64/100
|
|-heal|p1a: no third type|71/100|[from] item: Leftovers
|upkeep
|-start|p2a: dark|typechange|Psychic/Dark|[silent]
|turn|18
|
|t:|1666122606
|move|p2a: dark|Lunar Dance|p2a: dark
|faint|p2a: dark
|move|p1a: no third type|Toxic|p2: dark|[notarget]
|-fail|p1a: no third type
|
|-heal|p1a: no third type|77/100|[from] item: Leftovers
|upkeep
|c| zaung|his rain of terror put to an end?
|j| OUTDLliquidocelalt
|
|t:|1666122623
|switch|p2a: normal|Slowbro, F|100/100
|-heal|p2a: normal|100/100|[from] move: Lunar Dance
|-start|p2a: normal|typechange|Water/Psychic/Normal|[silent]
|-damage|p2a: normal|88/100|[from] Stealth Rock
|-damage|p2a: normal|72/100|[from] Spikes
|-start|p2a: normal|typechange|Water/Psychic/Normal|[silent]
|turn|19
|c|☆knexhawk2|no i can still win this
|
|t:|1666122627
|switch|p1a: Dragon|Skarmory, M|56/100 brn
|-start|p1a: Dragon|typechange|Steel/Flying/Dragon|[silent]
|-damage|p1a: Dragon|43/100 brn|[from] Stealth Rock
|move|p2a: normal|Scald|p1a: Dragon
|-resisted|p1a: Dragon
|-damage|p1a: Dragon|26/100 brn
|
|-heal|p1a: Dragon|32/100 brn|[from] item: Leftovers
|-damage|p1a: Dragon|26/100 brn|[from] brn
|upkeep
|-start|p1a: Dragon|typechange|Steel/Flying/Dragon|[silent]
|turn|20
|
|t:|1666122630
|move|p1a: Dragon|Roost|p1a: Dragon
|-heal|p1a: Dragon|76/100 brn
|-singleturn|p1a: Dragon|move: Roost
|move|p2a: normal|Teleport|p2a: normal
|
|t:|1666122632
|switch|p2a: ice|Cursola, M|53/100 tox|[from]move: Teleport
|-start|p2a: ice|typechange|Ghost/Ice|[silent]
|-damage|p2a: ice|28/100 tox|[from] Stealth Rock
|-damage|p2a: ice|11/100 tox|[from] Spikes
|
|-heal|p1a: Dragon|82/100 brn|[from] item: Leftovers
|-damage|p2a: ice|5/100 tox|[from] psn
|-damage|p1a: Dragon|76/100 brn|[from] brn
|upkeep
|-start|p2a: ice|typechange|Ghost/Ice|[silent]
|turn|21
|
|t:|1666122635
|switch|p1a: ghost|Chansey, F|79/100
|-start|p1a: ghost|typechange|Normal/Ghost|[silent]
|-damage|p1a: ghost|66/100|[from] Stealth Rock
|move|p2a: ice|Ice Beam|p1a: ghost
|-damage|p1a: ghost|49/100
|
|-damage|p2a: ice|0 fnt|[from] psn
|faint|p2a: ice
|upkeep
|
|t:|1666122644
|switch|p2a: electric|Melmetal|78/100
|-start|p2a: electric|typechange|Steel/Electric|[silent]
|-damage|p2a: electric|71/100|[from] Stealth Rock
|-damage|p2a: electric|55/100|[from] Spikes
|-start|p1a: ghost|typechange|Normal/Ghost|[silent]
|-start|p2a: electric|typechange|Steel/Electric|[silent]
|turn|22
|
|t:|1666122653
|switch|p1a: no third type|Quagsire, F|77/100
|-start|p1a: no third type|typechange|Water/Ground|[silent]
|-damage|p1a: no third type|71/100|[from] Stealth Rock
|move|p2a: electric|Ice Punch|p1a: no third type
|-damage|p1a: no third type|43/100
|
|-heal|p1a: no third type|49/100|[from] item: Leftovers
|upkeep
|turn|23
|
|t:|1666122656
|move|p1a: no third type|Recover|p1a: no third type
|-heal|p1a: no third type|99/100
|move|p2a: electric|Ice Punch|p1a: no third type
|-damage|p1a: no third type|73/100
|
|-heal|p1a: no third type|79/100|[from] item: Leftovers
|upkeep
|turn|24
|
|t:|1666122659
|switch|p2a: ghost|Porygon2|100/100
|-start|p2a: ghost|typechange|Normal/Ghost|[silent]
|-damage|p2a: ghost|88/100|[from] Stealth Rock
|-damage|p2a: ghost|72/100|[from] Spikes
|-ability|p2a: ghost|Unaware|[from] ability: Trace|[of] p1a: no third type
|move|p1a: no third type|Earthquake|p2a: ghost
|-damage|p2a: ghost|53/100
|
|-heal|p1a: no third type|85/100|[from] item: Leftovers
|upkeep
|-start|p2a: ghost|typechange|Normal/Ghost|[silent]
|turn|25
|
|t:|1666122666
|switch|p1a: Steel|Dragonite, M|100/100
|-start|p1a: Steel|typechange|Dragon/Flying/Steel|[silent]
|move|p2a: ghost|Trick Room|p2a: ghost
|-fieldstart|move: Trick Room|[of] p2a: ghost
|
|upkeep
|-start|p1a: Steel|typechange|Dragon/Flying/Steel|[silent]
|turn|26
|c| zaung|STOP SWITCHING BRO ☠
|
|t:|1666122670
|move|p1a: Steel|Heal Bell|p1a: Steel
|-activate|p1a: Steel|move: Heal Bell
|-curestatus|p1: Dragon|brn|[msg]
|move|p2a: ghost|Teleport|p2a: ghost
|
|t:|1666122677
|switch|p2a: normal|Slowbro, F|100/100|[from]move: Teleport
|-start|p2a: normal|typechange|Water/Psychic/Normal|[silent]
|-damage|p2a: normal|88/100|[from] Stealth Rock
|-damage|p2a: normal|72/100|[from] Spikes
|
|upkeep
|-start|p2a: normal|typechange|Water/Psychic/Normal|[silent]
|turn|27
|c|☆knexhawk2|keep switch8ng
|
|t:|1666122681
|switch|p1a: Dragon|Skarmory, M|76/100
|-start|p1a: Dragon|typechange|Steel/Flying/Dragon|[silent]
|-damage|p1a: Dragon|64/100|[from] Stealth Rock
|move|p2a: normal|Scald|p1a: Dragon
|-resisted|p1a: Dragon
|-damage|p1a: Dragon|45/100
|-status|p1a: Dragon|brn
|
|-heal|p1a: Dragon|51/100 brn|[from] item: Leftovers
|-damage|p1a: Dragon|45/100 brn|[from] brn
|upkeep
|-start|p1a: Dragon|typechange|Steel/Flying/Dragon|[silent]
|turn|28
|
|t:|1666122685
|move|p2a: normal|Scald|p1a: Dragon
|-resisted|p1a: Dragon
|-damage|p1a: Dragon|26/100 brn
|move|p1a: Dragon|Spikes|p2a: normal
|-sidestart|p2: Polkaa|Spikes
|
|-heal|p1a: Dragon|32/100 brn|[from] item: Leftovers
|-damage|p1a: Dragon|26/100 brn|[from] brn
|upkeep
|turn|29
|c| Highv0ltag3|missed opportunity to name quag "unaware of tour rules"
|
|t:|1666122689
|move|p2a: normal|Scald|p1a: Dragon
|-resisted|p1a: Dragon
|-damage|p1a: Dragon|8/100 brn
|move|p1a: Dragon|Roost|p1a: Dragon
|-heal|p1a: Dragon|58/100 brn
|-singleturn|p1a: Dragon|move: Roost
|
|-heal|p1a: Dragon|64/100 brn|[from] item: Leftovers
|-damage|p1a: Dragon|58/100 brn|[from] brn
|-fieldend|move: Trick Room
|upkeep
|turn|30
|
|t:|1666122692
|move|p1a: Dragon|Roost|p1a: Dragon
|-heal|p1a: Dragon|100/100 brn
|-singleturn|p1a: Dragon|move: Roost
|move|p2a: normal|Scald|p1a: Dragon
|-resisted|p1a: Dragon
|-damage|p1a: Dragon|81/100 brn
|
|-heal|p1a: Dragon|87/100 brn|[from] item: Leftovers
|-damage|p1a: Dragon|81/100 brn|[from] brn
|upkeep
|turn|31
|c|☆knexhawk2|lmao
|c|☆knexhawk2|that is good
|c|☆knexhawk2|sadly its too long
|
|t:|1666122702
|move|p2a: normal|Scald|p1a: Dragon
|-resisted|p1a: Dragon
|-damage|p1a: Dragon|60/100 brn
|move|p1a: Dragon|Whirlwind|p2a: normal
|drag|p2a: ghost|Porygon2|53/100
|-start|p2a: ghost|typechange|Normal/Ghost|[silent]
|-damage|p2a: ghost|41/100|[from] Stealth Rock
|-damage|p2a: ghost|16/100|[from] Spikes
|-ability|p2a: ghost|Sturdy|[from] ability: Trace|[of] p1a: Dragon
|
|-heal|p1a: Dragon|66/100 brn|[from] item: Leftovers
|-damage|p1a: Dragon|60/100 brn|[from] brn
|upkeep
|-start|p2a: ghost|typechange|Normal/Ghost|[silent]
|turn|32
|
|t:|1666122708
|move|p1a: Dragon|Roost|p1a: Dragon
|-heal|p1a: Dragon|100/100 brn
|-singleturn|p1a: Dragon|move: Roost
|move|p2a: ghost|Recover|p2a: ghost
|-heal|p2a: ghost|66/100
|
|-damage|p1a: Dragon|95/100 brn|[from] brn
|upkeep
|turn|33
|
|t:|1666122710
|switch|p1a: ghost|Chansey, F|49/100
|-start|p1a: ghost|typechange|Normal/Ghost|[silent]
|-damage|p1a: ghost|37/100|[from] Stealth Rock
|move|p2a: ghost|Recover|p2a: ghost
|-heal|p2a: ghost|100/100
|
|upkeep
|-start|p1a: ghost|typechange|Normal/Ghost|[silent]
|turn|34
|
|t:|1666122712
|move|p2a: ghost|Magic Coat|p2a: ghost
|-singleturn|p2a: ghost|move: Magic Coat
|move|p1a: ghost|Soft-Boiled|p1a: ghost
|-heal|p1a: ghost|87/100
|
|upkeep
|turn|35
|
|t:|1666122715
|move|p2a: ghost|Magic Coat|p2a: ghost
|-singleturn|p2a: ghost|move: Magic Coat
|move|p1a: ghost|Soft-Boiled|p1a: ghost
|-heal|p1a: ghost|100/100
|
|upkeep
|turn|36
|
|t:|1666122718
|switch|p1a: flying|Slowking-Galar, M|49/100
|-start|p1a: flying|typechange|Poison/Psychic/Flying|[silent]
|-damage|p1a: flying|25/100|[from] Stealth Rock
|move|p2a: ghost|Magic Coat|p2a: ghost
|-singleturn|p2a: ghost|move: Magic Coat
|
|upkeep
|-start|p1a: flying|typechange|Poison/Psychic/Flying|[silent]
|turn|37
|
|t:|1666122722
|switch|p1a: Steel|Dragonite, M|100/100
|-start|p1a: Steel|typechange|Dragon/Flying/Steel|[silent]
|move|p2a: ghost|Teleport|p2a: ghost
|
|t:|1666122725
|switch|p2a: electric|Melmetal|55/100|[from]move: Teleport
|-start|p2a: electric|typechange|Steel/Electric|[silent]
|-damage|p2a: electric|48/100|[from] Stealth Rock
|-damage|p2a: electric|24/100|[from] Spikes
|
|upkeep
|-start|p1a: Steel|typechange|Dragon/Flying/Steel|[silent]
|-start|p2a: electric|typechange|Steel/Electric|[silent]
|turn|38
|
|t:|1666122730
|switch|p1a: no third type|Quagsire, F|85/100
|-start|p1a: no third type|typechange|Water/Ground|[silent]
|-damage|p1a: no third type|79/100|[from] Stealth Rock
|move|p2a: electric|Ice Punch|p1a: no third type
|-damage|p1a: no third type|53/100
|
|-heal|p1a: no third type|59/100|[from] item: Leftovers
|upkeep
|turn|39
|c| zaung|unaware of rules
|
|t:|1666122734
|move|p1a: no third type|Earthquake|p2a: electric
|-supereffective|p2a: electric
|-damage|p2a: electric|0 fnt
|faint|p2a: electric
|
|-heal|p1a: no third type|65/100|[from] item: Leftovers
|upkeep
|
|t:|1666122738
|switch|p2a: ground|Marowak-Alola, F|100/100
|-start|p2a: ground|typechange|Fire/Ghost/Ground|[silent]
|-damage|p2a: ground|88/100|[from] Stealth Rock
|-damage|p2a: ground|63/100|[from] Spikes
|-start|p2a: ground|typechange|Fire/Ghost/Ground|[silent]
|turn|40
|c|☆knexhawk2|simply built different
|
|t:|1666122741
|move|p2a: ground|Poltergeist|p1a: no third type|[miss]
|-miss|p2a: ground|p1a: no third type
|move|p1a: no third type|Earthquake|p2a: ground
|-supereffective|p2a: ground
|-damage|p2a: ground|7/100
|
|-heal|p1a: no third type|71/100|[from] item: Leftovers
|upkeep
|turn|41
|
|t:|1666122747
|move|p2a: ground|Poltergeist|p1a: no third type
|-activate|p1a: no third type|move: Poltergeist|Leftovers
|-crit|p1a: no third type
|-damage|p1a: no third type|0 fnt
|faint|p1a: no third type
|
|upkeep
|c|☆Polkaa|gg
|
|t:|1666122751
|switch|p1a: Dragon|Skarmory, M|95/100 brn
|-start|p1a: Dragon|typechange|Steel/Flying/Dragon|[silent]
|-damage|p1a: Dragon|82/100 brn|[from] Stealth Rock
|-start|p1a: Dragon|typechange|Steel/Flying/Dragon|[silent]
|turn|42
|
|t:|1666122754
|move|p2a: ground|Flare Blitz|p1a: Dragon
|-damage|p1a: Dragon|21/100 brn
|move|p1a: Dragon|Whirlwind|p2a: ground
|drag|p2a: normal|Slowbro, F|100/100
|-start|p2a: normal|typechange|Water/Psychic/Normal|[silent]
|-damage|p2a: normal|88/100|[from] Stealth Rock
|-damage|p2a: normal|63/100|[from] Spikes
|
|-heal|p1a: Dragon|27/100 brn|[from] item: Leftovers
|-damage|p1a: Dragon|21/100 brn|[from] brn
|upkeep
|-start|p2a: normal|typechange|Water/Psychic/Normal|[silent]
|turn|43
|c|☆knexhawk2|fear the god
|
|t:|1666122761
|move|p1a: Dragon|Roost|p1a: Dragon
|-heal|p1a: Dragon|71/100 brn
|-singleturn|p1a: Dragon|move: Roost
|move|p2a: normal|Scald|p1a: Dragon
|-resisted|p1a: Dragon
|-damage|p1a: Dragon|53/100 brn
|
|-heal|p1a: Dragon|59/100 brn|[from] item: Leftovers
|-damage|p1a: Dragon|53/100 brn|[from] brn
|upkeep
|turn|44
|
|t:|1666122764
|move|p1a: Dragon|Roost|p1a: Dragon
|-heal|p1a: Dragon|100/100 brn
|-singleturn|p1a: Dragon|move: Roost
|move|p2a: normal|Scald|p1a: Dragon
|-resisted|p1a: Dragon
|-damage|p1a: Dragon|81/100 brn
|
|-heal|p1a: Dragon|87/100 brn|[from] item: Leftovers
|-damage|p1a: Dragon|81/100 brn|[from] brn
|upkeep
|turn|45
|
|t:|1666122769
|move|p2a: normal|Scald|p1a: Dragon
|-resisted|p1a: Dragon
|-damage|p1a: Dragon|62/100 brn
|move|p1a: Dragon|Whirlwind|p2a: normal
|drag|p2a: ground|Marowak-Alola, F|7/100
|-start|p2a: ground|typechange|Fire/Ghost/Ground|[silent]
|-damage|p2a: ground|0 fnt|[from] Stealth Rock
|faint|p2a: ground
|
|-heal|p1a: Dragon|68/100 brn|[from] item: Leftovers
|-damage|p1a: Dragon|62/100 brn|[from] brn
|upkeep
|c| Highv0ltag3|as a wise man once said
|c| zaung|why are you saying gg?
|c|☆knexhawk2|gg
|
|t:|1666122774
|switch|p2a: normal|Slowbro, F|96/100
|-start|p2a: normal|typechange|Water/Psychic/Normal|[silent]
|-damage|p2a: normal|84/100|[from] Stealth Rock
|-damage|p2a: normal|59/100|[from] Spikes
|-start|p2a: normal|typechange|Water/Psychic/Normal|[silent]
|turn|46
|c| Highv0ltag3|"its ova"
|c| zaung|you are dying
|
|t:|1666122777
|move|p2a: normal|Scald|p1a: Dragon
|-resisted|p1a: Dragon
|-damage|p1a: Dragon|43/100 brn
|move|p1a: Dragon|Whirlwind|p2a: normal
|drag|p2a: ghost|Porygon2|100/100
|-start|p2a: ghost|typechange|Normal/Ghost|[silent]
|-damage|p2a: ghost|88/100|[from] Stealth Rock
|-damage|p2a: ghost|63/100|[from] Spikes
|-ability|p2a: ghost|Sturdy|[from] ability: Trace|[of] p1a: Dragon
|
|-heal|p1a: Dragon|49/100 brn|[from] item: Leftovers
|-damage|p1a: Dragon|43/100 brn|[from] brn
|upkeep
|-start|p2a: ghost|typechange|Normal/Ghost|[silent]
|turn|47
|
|t:|1666122787
|move|p1a: Dragon|Roost|p1a: Dragon
|-heal|p1a: Dragon|93/100 brn
|-singleturn|p1a: Dragon|move: Roost
|move|p2a: ghost|Recover|p2a: ghost
|-heal|p2a: ghost|100/100
|
|-heal|p1a: Dragon|99/100 brn|[from] item: Leftovers
|-damage|p1a: Dragon|93/100 brn|[from] brn
|upkeep
|turn|48
|c| Highv0ltag3|im unaware of the winner tho
|
|t:|1666122793
|switch|p1a: Steel|Dragonite, M|100/100
|-start|p1a: Steel|typechange|Dragon/Flying/Steel|[silent]
|move|p2a: ghost|Magic Coat|p2a: ghost
|-singleturn|p2a: ghost|move: Magic Coat
|
|upkeep
|-start|p1a: Steel|typechange|Dragon/Flying/Steel|[silent]
|turn|49
|
|t:|1666122797
|move|p1a: Steel|Heal Bell|p1a: Steel
|-activate|p1a: Steel|move: Heal Bell
|-curestatus|p1: Dragon|brn|[msg]
|move|p2a: ghost|Teleport|p2a: ghost
|
|t:|1666122799
|switch|p2a: normal|Slowbro, F|92/100|[from]move: Teleport
|-start|p2a: normal|typechange|Water/Psychic/Normal|[silent]
|-damage|p2a: normal|80/100|[from] Stealth Rock
|-damage|p2a: normal|55/100|[from] Spikes
|
|upkeep
|-start|p2a: normal|typechange|Water/Psychic/Normal|[silent]
|turn|50
|
|t:|1666122803
|switch|p1a: flying|Slowking-Galar, M|58/100
|-start|p1a: flying|typechange|Poison/Psychic/Flying|[silent]
|-damage|p1a: flying|33/100|[from] Stealth Rock
|move|p2a: normal|Scald|p1a: flying
|-damage|p1a: flying|22/100
|-status|p1a: flying|brn
|
|-damage|p1a: flying|16/100 brn|[from] brn
|upkeep
|-start|p1a: flying|typechange|Poison/Psychic/Flying|[silent]
|turn|51
|-message|Polkaa forfeited.
|
|win|knexhawk2
|n|☆knexhawk2|knexhawk2
|n|☆Polkaa|polkaa
|n| cypherstest|cypherstest
|n| blastablasta|blastablasta
|n| Suuicunee|suuicunee
|n| Sarita Choudhury|saritachoudhury
|n| Highv0ltag3|highv0ltag3
|n| zaung|zaung
|n| testingteams888|testingteams888
|n| IllegalGorilla|illegalgorilla
|n| Oh So Cynical|ohsocynical
|n| htcl|htcl
|n| OUTDLliquidocelalt|outdlliquidocelalt
