|raw|<div class="broadcast-blue"><strong>This battle is required to be public due to a player having a name starting with 'lt83aq'.</div>
|j|☆Lenape
|j|☆lt83aq fide
|t:|1626897146
|gametype|singles
|player|p1|Lenape|102|1802
|player|p2|lt83aq fide|buck|1858
|teamsize|p1|6
|teamsize|p2|6
|gen|8
|tier|[Gen 8] OU
|rated|
|rule|Sleep Clause Mod: Limit one foe put to sleep
|rule|Species Clause: Limit one of each Pokémon
|rule|OHKO Clause: OHKO moves are banned
|rule|Evasion Moves Clause: Evasion moves are banned
|rule|Endless Battle Clause: Forcing endless battles is banned
|rule|HP Percentage Mod: HP is shown in percentages
|rule|Dynamax Clause: You cannot dynamax
|clearpoke
|poke|p1|Rotom-Heat|
|poke|p1|Corviknight, M|
|poke|p1|Sylveon, F|
|poke|p1|Rhyperior, M|
|poke|p1|Toxapex, F|
|poke|p1|Umbreon, M|
|poke|p2|Heatran, F|
|poke|p2|Buzzwole|
|poke|p2|Ferrothorn, F|
|poke|p2|Weavile, M|
|poke|p2|Slowbro, F|
|poke|p2|Landorus-Therian, M|
|teampreview
|inactive|Battle timer is ON: inactive players will automatically lose when time's up. (requested by Lenape)
|inactive|lt83aq fide has 120 seconds left.
|
|t:|1626897183
|start
|switch|p1a: Rotom|Rotom-Heat|100/100
|switch|p2a: Landorus|Landorus-Therian, M|100/100
|-ability|p2a: Landorus|Intimidate|boost
|-unboost|p1a: Rotom|atk|1
|turn|1
|
|t:|1626897191
|switch|p2a: Heatran|Heatran, F|100/100
|move|p1a: Rotom|Trick|p2a: Heatran
|-activate|p1a: Rotom|move: Trick|[of] p2a: Heatran
|-item|p2a: Heatran|Choice Scarf|[from] move: Trick
|-item|p1a: Rotom|Leftovers|[from] move: Trick
|
|upkeep
|turn|2
|
|t:|1626897198
|move|p2a: Heatran|Stealth Rock|p1a: Rotom
|-sidestart|p1: Lenape|move: Stealth Rock
|move|p1a: Rotom|Discharge|p2a: Heatran
|-damage|p2a: Heatran|81/100
|
|upkeep
|turn|3
|
|t:|1626897207
|switch|p2a: Landorus|Landorus-Therian, M|100/100
|-ability|p2a: Landorus|Intimidate|boost
|-unboost|p1a: Rotom|atk|1
|move|p1a: Rotom|Defog|p2a: Landorus
|-unboost|p2a: Landorus|evasion|1
|-sideend|p1: Lenape|Stealth Rock|[from] move: Defog|[of] p1a: Rotom
|
|upkeep
|turn|4
|
|t:|1626897216
|move|p1a: Rotom|Will-O-Wisp|p2a: Landorus
|-status|p2a: Landorus|brn
|move|p2a: Landorus|Toxic|p1a: Rotom
|-status|p1a: Rotom|tox
|
|-damage|p1a: Rotom|94/100 tox|[from] psn
|-damage|p2a: Landorus|94/100 brn|[from] brn
|upkeep
|turn|5
|
|t:|1626897221
|switch|p1a: Rhyperior|Rhyperior, M|100/100
|move|p2a: Landorus|U-turn|p1a: Rhyperior
|-damage|p1a: Rhyperior|93/100
|
|t:|1626897228
|switch|p2a: Ferrothorn|Ferrothorn, F|100/100|[from]move: U-turn
|
|-heal|p1a: Rhyperior|99/100|[from] item: Leftovers
|upkeep
|turn|6
|
|t:|1626897234
|move|p1a: Rhyperior|Stealth Rock|p2a: Ferrothorn
|-sidestart|p2: lt83aq fide|move: Stealth Rock
|move|p2a: Ferrothorn|Spikes|p1a: Rhyperior
|-sidestart|p1: Lenape|Spikes
|
|-heal|p1a: Rhyperior|100/100|[from] item: Leftovers
|upkeep
|turn|7
|
|t:|1626897240
|switch|p1a: Toxapex|Toxapex, F|100/100
|-damage|p1a: Toxapex|88/100|[from] Spikes
|move|p2a: Ferrothorn|Knock Off|p1a: Toxapex
|-damage|p1a: Toxapex|75/100
|-enditem|p1a: Toxapex|Black Sludge|[from] move: Knock Off|[of] p2a: Ferrothorn
|
|upkeep
|turn|8
|
|t:|1626897247
|switch|p2a: Slowbro|Slowbro, F|100/100
|-damage|p2a: Slowbro|88/100|[from] Stealth Rock
|move|p1a: Toxapex|Scald|p2a: Slowbro
|-resisted|p2a: Slowbro
|-damage|p2a: Slowbro|80/100
|-status|p2a: Slowbro|brn
|
|-damage|p2a: Slowbro|74/100 brn|[from] brn
|upkeep
|turn|9
|
|t:|1626897250
|switch|p1a: Umbreon|Umbreon, M|100/100
|-damage|p1a: Umbreon|88/100|[from] Spikes
|move|p2a: Slowbro|Future Sight|p1a: Umbreon
|-start|p2a: Slowbro|move: Future Sight
|
|-heal|p1a: Umbreon|94/100|[from] item: Leftovers
|-damage|p2a: Slowbro|68/100 brn|[from] brn
|upkeep
|turn|10
|
|t:|1626897254
|switch|p1a: Corviknight|Corviknight, M|100/100
|-ability|p1a: Corviknight|Pressure
|move|p2a: Slowbro|Teleport|p2a: Slowbro
|
|t:|1626897262
|switch|p2a: Heatran|Heatran, F|81/100|[from]move: Teleport
|-damage|p2a: Heatran|69/100|[from] Stealth Rock
|
|upkeep
|turn|11
|
|t:|1626897268
|switch|p1a: Rhyperior|Rhyperior, M|100/100
|-damage|p1a: Rhyperior|88/100|[from] Spikes
|move|p2a: Heatran|Magma Storm|p1a: Rhyperior
|-resisted|p1a: Rhyperior
|-damage|p1a: Rhyperior|72/100
|-activate|p1a: Rhyperior|move: Magma Storm|[of] p2a: Heatran
|
|-end|p1a: Rhyperior|move: Future Sight
|-damage|p1a: Rhyperior|41/100
|-heal|p1a: Rhyperior|47/100|[from] item: Leftovers
|-damage|p1a: Rhyperior|35/100|[from] move: Magma Storm|[partiallytrapped]
|upkeep
|turn|12
|
|t:|1626897283
|switch|p2a: Slowbro|Slowbro, F|100/100 brn
|-damage|p2a: Slowbro|88/100 brn|[from] Stealth Rock
|move|p1a: Rhyperior|Rock Blast|p2a: Slowbro
|-damage|p2a: Slowbro|80/100 brn
|-damage|p2a: Slowbro|73/100 brn
|-damage|p2a: Slowbro|65/100 brn
|-hitcount|p2a: Slowbro|3
|
|-heal|p1a: Rhyperior|41/100|[from] item: Leftovers
|-damage|p2a: Slowbro|59/100 brn|[from] brn
|-end|p1a: Rhyperior|Magma Storm|[partiallytrapped]|[silent]
|upkeep
|turn|13
|
|t:|1626897291
|move|p1a: Rhyperior|Earthquake|p2a: Slowbro
|-damage|p2a: Slowbro|32/100 brn
|move|p2a: Slowbro|Teleport|p2a: Slowbro
|
|t:|1626897297
|switch|p2a: Weavile|Weavile, M|100/100|[from]move: Teleport
|-ability|p2a: Weavile|Pressure
|
|-heal|p1a: Rhyperior|47/100|[from] item: Leftovers
|upkeep
|turn|14
|
|t:|1626897304
|switch|p1a: Toxapex|Toxapex, F|100/100
|-damage|p1a: Toxapex|88/100|[from] Spikes
|move|p2a: Weavile|Triple Axel|p1a: Toxapex
|-resisted|p1a: Toxapex
|-crit|p1a: Toxapex
|-damage|p1a: Toxapex|83/100
|-resisted|p1a: Toxapex
|-damage|p1a: Toxapex|78/100
|-resisted|p1a: Toxapex
|-damage|p1a: Toxapex|68/100
|-hitcount|p1a: Toxapex|3
|
|upkeep
|turn|15
|
|t:|1626897314
|switch|p2a: Slowbro|Slowbro, F|66/100 brn
|-damage|p2a: Slowbro|53/100 brn|[from] Stealth Rock
|switch|p1a: Corviknight|Corviknight, M|100/100
|-ability|p1a: Corviknight|Pressure
|
|-damage|p2a: Slowbro|47/100 brn|[from] brn
|upkeep
|turn|16
|j| LT83AQ Ming
|
|t:|1626897321
|move|p1a: Corviknight|Brave Bird|p2a: Slowbro
|-damage|p2a: Slowbro|0 fnt
|-damage|p1a: Corviknight|84/100|[from] item: Rocky Helmet|[of] p2a: Slowbro
|faint|p2a: Slowbro
|-damage|p1a: Corviknight|69/100|[from] Recoil
|-damage|p1a: Corviknight|59/100|[from] item: Life Orb
|
|upkeep
|c|☆lt83aq fide|what
|c|☆lt83aq fide|lololol
|c|☆Lenape|Just for guys like you
|
|t:|1626897339
|switch|p2a: Ferrothorn|Ferrothorn, F|100/100
|-damage|p2a: Ferrothorn|95/100|[from] Stealth Rock
|turn|17
|
|t:|1626897348
|move|p1a: Corviknight|Substitute|p1a: Corviknight
|-start|p1a: Corviknight|Substitute
|-damage|p1a: Corviknight|34/100
|move|p2a: Ferrothorn|Spikes|p1a: Corviknight
|-sidestart|p1: Lenape|Spikes
|
|-heal|p2a: Ferrothorn|100/100|[from] item: Leftovers
|upkeep
|turn|18
|c|☆Lenape|No but for real i made it to beat all the stall
|
|t:|1626897357
|switch|p2a: Heatran|Heatran, F|69/100
|-damage|p2a: Heatran|56/100|[from] Stealth Rock
|move|p1a: Corviknight|Roost|p1a: Corviknight
|-heal|p1a: Corviknight|84/100
|-singleturn|p1a: Corviknight|move: Roost
|
|upkeep
|turn|19
|
|t:|1626897362
|move|p2a: Heatran|Magma Storm|p1a: Corviknight
|-supereffective|p1a: Corviknight
|-end|p1a: Corviknight|Substitute
|move|p1a: Corviknight|Substitute|p1a: Corviknight
|-start|p1a: Corviknight|Substitute
|-damage|p1a: Corviknight|59/100
|
|upkeep
|turn|20
|
|t:|1626897365
|move|p2a: Heatran|Magma Storm|p1a: Corviknight
|-supereffective|p1a: Corviknight
|-end|p1a: Corviknight|Substitute
|move|p1a: Corviknight|Substitute|p1a: Corviknight
|-start|p1a: Corviknight|Substitute
|-damage|p1a: Corviknight|34/100
|
|upkeep
|turn|21
|
|t:|1626897368
|move|p2a: Heatran|Magma Storm|p1a: Corviknight
|-supereffective|p1a: Corviknight
|-end|p1a: Corviknight|Substitute
|move|p1a: Corviknight|Substitute|p1a: Corviknight
|-start|p1a: Corviknight|Substitute
|-damage|p1a: Corviknight|9/100
|
|upkeep
|turn|22
|
|t:|1626897373
|move|p2a: Heatran|Magma Storm|p1a: Corviknight
|-supereffective|p1a: Corviknight
|-crit|p1a: Corviknight
|-end|p1a: Corviknight|Substitute
|move|p1a: Corviknight|Roost|p1a: Corviknight
|-heal|p1a: Corviknight|59/100
|-singleturn|p1a: Corviknight|move: Roost
|
|upkeep
|turn|23
|
|t:|1626897391
|switch|p2a: Weavile|Weavile, M|100/100
|-ability|p2a: Weavile|Pressure
|move|p1a: Corviknight|Roost|p1a: Corviknight
|-heal|p1a: Corviknight|100/100
|-singleturn|p1a: Corviknight|move: Roost
|
|upkeep
|turn|24
|l| LT83AQ Ming
|
|t:|1626897409
|switch|p1a: Toxapex|Toxapex, F|100/100
|-damage|p1a: Toxapex|84/100|[from] Spikes
|move|p2a: Weavile|Swords Dance|p2a: Weavile
|-boost|p2a: Weavile|atk|2
|
|upkeep
|turn|25
|
|t:|1626897414
|move|p2a: Weavile|Knock Off|p1a: Toxapex
|-damage|p1a: Toxapex|44/100
|move|p1a: Toxapex|Toxic|p2a: Weavile
|-status|p2a: Weavile|tox
|
|-damage|p2a: Weavile|94/100 tox|[from] psn
|upkeep
|turn|26
|
|t:|1626897420
|switch|p2a: Ferrothorn|Ferrothorn, F|100/100
|-damage|p2a: Ferrothorn|95/100|[from] Stealth Rock
|move|p1a: Toxapex|Recover|p1a: Toxapex
|-heal|p1a: Toxapex|94/100
|
|-heal|p2a: Ferrothorn|100/100|[from] item: Leftovers
|upkeep
|turn|27
|
|t:|1626897431
|move|p1a: Toxapex|Scald|p2a: Ferrothorn
|-resisted|p2a: Ferrothorn
|-damage|p2a: Ferrothorn|94/100
|move|p2a: Ferrothorn|Leech Seed|p1a: Toxapex
|-start|p1a: Toxapex|move: Leech Seed
|
|-heal|p2a: Ferrothorn|99/100|[from] item: Leftovers
|-damage|p1a: Toxapex|82/100|[from] Leech Seed|[of] p2a: Ferrothorn
|-heal|p2a: Ferrothorn|100/100|[silent]
|upkeep
|turn|28
|
|t:|1626897437
|switch|p1a: Rotom|Rotom-Heat|94/100 tox
|move|p2a: Ferrothorn|Spikes|p1a: Rotom
|-sidestart|p1: Lenape|Spikes
|
|-heal|p1a: Rotom|100/100 tox|[from] item: Leftovers
|-damage|p1a: Rotom|94/100 tox|[from] psn
|upkeep
|turn|29
|
|t:|1626897450
|switch|p2a: Heatran|Heatran, F|56/100
|-damage|p2a: Heatran|44/100|[from] Stealth Rock
|move|p1a: Rotom|Defog|p2a: Heatran
|-unboost|p2a: Heatran|evasion|1
|-sideend|p2: lt83aq fide|Stealth Rock|[from] move: Defog|[of] p1a: Rotom
|-sideend|p1: Lenape|Spikes|[from] move: Defog|[of] p1a: Rotom
|
|-heal|p1a: Rotom|100/100 tox|[from] item: Leftovers
|-damage|p1a: Rotom|88/100 tox|[from] psn
|upkeep
|turn|30
|
|t:|1626897455
|move|p2a: Heatran|Stealth Rock|p1a: Rotom
|-sidestart|p1: Lenape|move: Stealth Rock
|move|p1a: Rotom|Discharge|p2a: Heatran
|-damage|p2a: Heatran|24/100
|-status|p2a: Heatran|par
|
|-heal|p1a: Rotom|94/100 tox|[from] item: Leftovers
|-damage|p1a: Rotom|75/100 tox|[from] psn
|upkeep
|turn|31
|
|t:|1626897460
|move|p1a: Rotom|Discharge|p2a: Heatran
|-damage|p2a: Heatran|8/100 par
|move|p2a: Heatran|Stealth Rock||[still]
|-fail|p2a: Heatran
|
|-heal|p1a: Rotom|82/100 tox|[from] item: Leftovers
|-damage|p1a: Rotom|57/100 tox|[from] psn
|upkeep
|turn|32
|
|t:|1626897467
|move|p1a: Rotom|Defog|p2a: Heatran
|-unboost|p2a: Heatran|evasion|1
|-sideend|p1: Lenape|Stealth Rock|[from] move: Defog|[of] p1a: Rotom
|move|p2a: Heatran|Stealth Rock|p1a: Rotom
|-sidestart|p1: Lenape|move: Stealth Rock
|
|-heal|p1a: Rotom|63/100 tox|[from] item: Leftovers
|-damage|p1a: Rotom|32/100 tox|[from] psn
|upkeep
|turn|33
|
|t:|1626897469
|move|p1a: Rotom|Defog|p2a: Heatran
|-unboost|p2a: Heatran|evasion|1
|-sideend|p1: Lenape|Stealth Rock|[from] move: Defog|[of] p1a: Rotom
|move|p2a: Heatran|Stealth Rock|p1a: Rotom
|-sidestart|p1: Lenape|move: Stealth Rock
|
|-heal|p1a: Rotom|38/100 tox|[from] item: Leftovers
|-damage|p1a: Rotom|0 fnt|[from] psn
|faint|p1a: Rotom
|upkeep
|
|t:|1626897472
|switch|p1a: Rhyperior|Rhyperior, M|47/100
|-damage|p1a: Rhyperior|41/100|[from] Stealth Rock
|turn|34
|
|t:|1626897479
|switch|p2a: Buzzwole|Buzzwole|100/100
|move|p1a: Rhyperior|Stealth Rock|p2a: Buzzwole
|-sidestart|p2: lt83aq fide|move: Stealth Rock
|
|-heal|p1a: Rhyperior|47/100|[from] item: Leftovers
|upkeep
|turn|35
|
|t:|1626897485
|switch|p1a: Toxapex|Toxapex, F|100/100
|-damage|p1a: Toxapex|88/100|[from] Stealth Rock
|move|p2a: Buzzwole|Close Combat|p1a: Toxapex
|-resisted|p1a: Toxapex
|-damage|p1a: Toxapex|68/100
|-unboost|p2a: Buzzwole|def|1
|-unboost|p2a: Buzzwole|spd|1
|
|upkeep
|turn|36
|
|t:|1626897492
|switch|p2a: Ferrothorn|Ferrothorn, F|100/100
|-damage|p2a: Ferrothorn|95/100|[from] Stealth Rock
|move|p1a: Toxapex|Baneful Bunker||[still]
|-fail|p1a: Toxapex
|
|-heal|p2a: Ferrothorn|100/100|[from] item: Leftovers
|upkeep
|turn|37
|
|t:|1626897497
|move|p1a: Toxapex|Recover|p1a: Toxapex
|-heal|p1a: Toxapex|100/100
|move|p2a: Ferrothorn|Spikes|p1a: Toxapex
|-sidestart|p1: Lenape|Spikes
|
|upkeep
|turn|38
|
|t:|1626897503
|move|p1a: Toxapex|Scald|p2a: Ferrothorn
|-resisted|p2a: Ferrothorn
|-damage|p2a: Ferrothorn|94/100
|-status|p2a: Ferrothorn|brn
|move|p2a: Ferrothorn|Leech Seed|p1a: Toxapex
|-start|p1a: Toxapex|move: Leech Seed
|
|-heal|p2a: Ferrothorn|99/100 brn|[from] item: Leftovers
|-damage|p1a: Toxapex|88/100|[from] Leech Seed|[of] p2a: Ferrothorn
|-heal|p2a: Ferrothorn|100/100 brn|[silent]
|-damage|p2a: Ferrothorn|95/100 brn|[from] brn
|upkeep
|turn|39
|
|t:|1626897509
|switch|p1a: Rhyperior|Rhyperior, M|47/100
|-damage|p1a: Rhyperior|41/100|[from] Stealth Rock
|-damage|p1a: Rhyperior|28/100|[from] Spikes
|move|p2a: Ferrothorn|Spikes|p1a: Rhyperior
|-sidestart|p1: Lenape|Spikes
|
|-heal|p1a: Rhyperior|35/100|[from] item: Leftovers
|-heal|p2a: Ferrothorn|100/100 brn|[from] item: Leftovers
|-damage|p2a: Ferrothorn|95/100 brn|[from] brn
|upkeep
|turn|40
|
|t:|1626897514
|switch|p1a: Toxapex|Toxapex, F|100/100
|-damage|p1a: Toxapex|88/100|[from] Stealth Rock
|-damage|p1a: Toxapex|72/100|[from] Spikes
|move|p2a: Ferrothorn|Leech Seed|p1a: Toxapex
|-start|p1a: Toxapex|move: Leech Seed
|
|-heal|p2a: Ferrothorn|100/100 brn|[from] item: Leftovers
|-damage|p1a: Toxapex|59/100|[from] Leech Seed|[of] p2a: Ferrothorn
|-damage|p2a: Ferrothorn|95/100 brn|[from] brn
|upkeep
|turn|41
|
|t:|1626897517
|move|p1a: Toxapex|Recover|p1a: Toxapex
|-heal|p1a: Toxapex|100/100
|move|p2a: Ferrothorn|Spikes|p1a: Toxapex
|-sidestart|p1: Lenape|Spikes
|
|-heal|p2a: Ferrothorn|100/100 brn|[from] item: Leftovers
|-damage|p1a: Toxapex|88/100|[from] Leech Seed|[of] p2a: Ferrothorn
|-damage|p2a: Ferrothorn|95/100 brn|[from] brn
|upkeep
|turn|42
|
|t:|1626897525
|switch|p1a: Rhyperior|Rhyperior, M|35/100
|-damage|p1a: Rhyperior|28/100|[from] Stealth Rock
|-damage|p1a: Rhyperior|3/100|[from] Spikes
|switch|p2a: Landorus|Landorus-Therian, M|94/100 brn
|-damage|p2a: Landorus|82/100 brn|[from] Stealth Rock
|-ability|p2a: Landorus|Intimidate|boost
|-unboost|p1a: Rhyperior|atk|1
|
|-heal|p2a: Landorus|88/100 brn|[from] item: Leftovers
|-heal|p1a: Rhyperior|10/100|[from] item: Leftovers
|-damage|p2a: Landorus|82/100 brn|[from] brn
|upkeep
|turn|43
|
|t:|1626897533
|move|p2a: Landorus|U-turn|p1a: Rhyperior
|-damage|p1a: Rhyperior|3/100
|
|t:|1626897536
|switch|p2a: Buzzwole|Buzzwole|100/100|[from]move: U-turn
|-damage|p2a: Buzzwole|88/100|[from] Stealth Rock
|move|p1a: Rhyperior|Rock Blast|p2a: Buzzwole
|-damage|p2a: Buzzwole|84/100
|-damage|p2a: Buzzwole|78/100
|-damage|p2a: Buzzwole|73/100
|-damage|p2a: Buzzwole|68/100
|-damage|p2a: Buzzwole|63/100
|-hitcount|p2a: Buzzwole|5
|
|-heal|p1a: Rhyperior|9/100|[from] item: Leftovers
|upkeep
|turn|44
|
|t:|1626897544
|switch|p1a: Toxapex|Toxapex, F|100/100
|-damage|p1a: Toxapex|75/100|[from] Spikes
|-damage|p1a: Toxapex|63/100|[from] Stealth Rock
|move|p2a: Buzzwole|Leech Life|p1a: Toxapex
|-resisted|p1a: Toxapex
|-damage|p1a: Toxapex|51/100
|-heal|p2a: Buzzwole|68/100|[from] drain|[of] p1a: Toxapex
|
|upkeep
|turn|45
|
|t:|1626897549
|switch|p1a: Corviknight|Corviknight, M|100/100
|-damage|p1a: Corviknight|88/100|[from] Stealth Rock
|-ability|p1a: Corviknight|Pressure
|move|p2a: Buzzwole|Earthquake|p1a: Corviknight
|-immune|p1a: Corviknight
|
|upkeep
|turn|46
|
|t:|1626897555
|move|p2a: Buzzwole|Close Combat|p1a: Corviknight
|-damage|p1a: Corviknight|37/100
|-unboost|p2a: Buzzwole|def|1
|-unboost|p2a: Buzzwole|spd|1
|move|p1a: Corviknight|Brave Bird|p2a: Buzzwole
|-supereffective|p2a: Buzzwole
|-damage|p2a: Buzzwole|0 fnt
|-damage|p1a: Corviknight|21/100|[from] item: Rocky Helmet|[of] p2a: Buzzwole
|faint|p2a: Buzzwole
|-damage|p1a: Corviknight|0 fnt|[from] Recoil
|faint|p1a: Corviknight
|
|upkeep
|
|t:|1626897565
|switch|p2a: Landorus|Landorus-Therian, M|82/100 brn
|switch|p1a: Toxapex|Toxapex, F|84/100
|-damage|p2a: Landorus|70/100 brn|[from] Stealth Rock
|-ability|p2a: Landorus|Intimidate|boost
|-unboost|p1a: Toxapex|atk|1
|-damage|p1a: Toxapex|59/100|[from] Spikes
|-damage|p1a: Toxapex|47/100|[from] Stealth Rock
|turn|47
|
|t:|1626897569
|move|p2a: Landorus|Earthquake|p1a: Toxapex
|-supereffective|p1a: Toxapex
|-damage|p1a: Toxapex|20/100
|move|p1a: Toxapex|Recover|p1a: Toxapex
|-heal|p1a: Toxapex|70/100
|
|-heal|p2a: Landorus|76/100 brn|[from] item: Leftovers
|-damage|p2a: Landorus|70/100 brn|[from] brn
|upkeep
|turn|48
|
|t:|1626897572
|move|p2a: Landorus|U-turn|p1a: Toxapex
|-resisted|p1a: Toxapex
|-damage|p1a: Toxapex|67/100
|
|t:|1626897573
|switch|p2a: Ferrothorn|Ferrothorn, F|95/100 brn|[from]move: U-turn
|-damage|p2a: Ferrothorn|89/100 brn|[from] Stealth Rock
|move|p1a: Toxapex|Recover|p1a: Toxapex
|-heal|p1a: Toxapex|100/100
|
|-heal|p2a: Ferrothorn|95/100 brn|[from] item: Leftovers
|-damage|p2a: Ferrothorn|89/100 brn|[from] brn
|upkeep
|turn|49
|
|t:|1626897576
|move|p1a: Toxapex|Baneful Bunker|p1a: Toxapex
|-singleturn|p1a: Toxapex|move: Protect
|move|p2a: Ferrothorn|Leech Seed|p1a: Toxapex
|-activate|p1a: Toxapex|move: Protect
|
|-heal|p2a: Ferrothorn|95/100 brn|[from] item: Leftovers
|-damage|p2a: Ferrothorn|89/100 brn|[from] brn
|upkeep
|turn|50
|
|t:|1626897578
|move|p1a: Toxapex|Baneful Bunker||[still]
|-fail|p1a: Toxapex
|move|p2a: Ferrothorn|Leech Seed|p1a: Toxapex
|-start|p1a: Toxapex|move: Leech Seed
|
|-heal|p2a: Ferrothorn|95/100 brn|[from] item: Leftovers
|-damage|p1a: Toxapex|88/100|[from] Leech Seed|[of] p2a: Ferrothorn
|-heal|p2a: Ferrothorn|100/100 brn|[silent]
|-damage|p2a: Ferrothorn|95/100 brn|[from] brn
|upkeep
|turn|51
|
|t:|1626897586
|switch|p1a: Umbreon|Umbreon, M|94/100
|-damage|p1a: Umbreon|69/100|[from] Spikes
|-damage|p1a: Umbreon|57/100|[from] Stealth Rock
|switch|p2a: Weavile|Weavile, M|94/100 tox
|-ability|p2a: Weavile|Pressure
|
|-heal|p1a: Umbreon|63/100|[from] item: Leftovers
|-damage|p2a: Weavile|88/100 tox|[from] psn
|upkeep
|turn|52
|
|t:|1626897592
|move|p2a: Weavile|Triple Axel|p1a: Umbreon
|-damage|p1a: Umbreon|57/100
|-damage|p1a: Umbreon|46/100
|-damage|p1a: Umbreon|29/100
|-hitcount|p1a: Umbreon|3
|move|p1a: Umbreon|Foul Play|p2a: Weavile
|-resisted|p2a: Weavile
|-damage|p2a: Weavile|48/100 tox
|
|-heal|p1a: Umbreon|35/100|[from] item: Leftovers
|-damage|p2a: Weavile|36/100 tox|[from] psn
|upkeep
|turn|53
|j| lt83AQ blweirhwe
|
|t:|1626897610
|switch|p2a: Ferrothorn|Ferrothorn, F|95/100 brn
|-damage|p2a: Ferrothorn|89/100 brn|[from] Stealth Rock
|move|p1a: Umbreon|Wish|p1a: Umbreon
|
|-heal|p1a: Umbreon|41/100|[from] item: Leftovers
|-heal|p2a: Ferrothorn|95/100 brn|[from] item: Leftovers
|-damage|p2a: Ferrothorn|89/100 brn|[from] brn
|upkeep
|turn|54
|
|t:|1626897616
|move|p1a: Umbreon|Protect|p1a: Umbreon
|-singleturn|p1a: Umbreon|Protect
|move|p2a: Ferrothorn|Power Whip|p1a: Umbreon
|-activate|p1a: Umbreon|move: Protect
|
|-heal|p1a: Umbreon|91/100|[from] move: Wish|[wisher] Umbreon
|-heal|p1a: Umbreon|97/100|[from] item: Leftovers
|-heal|p2a: Ferrothorn|95/100 brn|[from] item: Leftovers
|-damage|p2a: Ferrothorn|89/100 brn|[from] brn
|upkeep
|turn|55
|
|t:|1626897621
|move|p1a: Umbreon|Wish|p1a: Umbreon
|move|p2a: Ferrothorn|Knock Off|p1a: Umbreon
|-resisted|p1a: Umbreon
|-damage|p1a: Umbreon|95/100
|-enditem|p1a: Umbreon|Leftovers|[from] move: Knock Off|[of] p2a: Ferrothorn
|
|-heal|p2a: Ferrothorn|95/100 brn|[from] item: Leftovers
|-damage|p2a: Ferrothorn|89/100 brn|[from] brn
|upkeep
|turn|56
|
|t:|1626897625
|move|p1a: Umbreon|Protect|p1a: Umbreon
|-singleturn|p1a: Umbreon|Protect
|move|p2a: Ferrothorn|Leech Seed|p1a: Umbreon
|-activate|p1a: Umbreon|move: Protect
|
|-heal|p1a: Umbreon|100/100|[from] move: Wish|[wisher] Umbreon
|-heal|p2a: Ferrothorn|95/100 brn|[from] item: Leftovers
|-damage|p2a: Ferrothorn|89/100 brn|[from] brn
|upkeep
|turn|57
|
|t:|1626897627
|move|p1a: Umbreon|Wish|p1a: Umbreon
|move|p2a: Ferrothorn|Leech Seed|p1a: Umbreon
|-start|p1a: Umbreon|move: Leech Seed
|
|-heal|p2a: Ferrothorn|95/100 brn|[from] item: Leftovers
|-damage|p1a: Umbreon|88/100|[from] Leech Seed|[of] p2a: Ferrothorn
|-heal|p2a: Ferrothorn|100/100 brn|[silent]
|-damage|p2a: Ferrothorn|95/100 brn|[from] brn
|upkeep
|turn|58
|
|t:|1626897634
|switch|p1a: Toxapex|Toxapex, F|100/100
|-damage|p1a: Toxapex|88/100|[from] Stealth Rock
|-damage|p1a: Toxapex|63/100|[from] Spikes
|move|p2a: Ferrothorn|Leech Seed|p1a: Toxapex
|-start|p1a: Toxapex|move: Leech Seed
|
|-heal|p1a: Toxapex|100/100|[from] move: Wish|[wisher] Umbreon
|-heal|p2a: Ferrothorn|100/100 brn|[from] item: Leftovers
|-damage|p1a: Toxapex|88/100|[from] Leech Seed|[of] p2a: Ferrothorn
|-damage|p2a: Ferrothorn|95/100 brn|[from] brn
|upkeep
|turn|59
|
|t:|1626897642
|switch|p1a: Umbreon|Umbreon, M|88/100
|-damage|p1a: Umbreon|76/100|[from] Stealth Rock
|-damage|p1a: Umbreon|51/100|[from] Spikes
|switch|p2a: Weavile|Weavile, M|36/100 tox
|-ability|p2a: Weavile|Pressure
|
|-damage|p2a: Weavile|30/100 tox|[from] psn
|upkeep
|turn|60
|
|t:|1626897648
|switch|p2a: Ferrothorn|Ferrothorn, F|95/100 brn
|-damage|p2a: Ferrothorn|89/100 brn|[from] Stealth Rock
|move|p1a: Umbreon|Foul Play|p2a: Ferrothorn
|-damage|p2a: Ferrothorn|70/100 brn
|-damage|p1a: Umbreon|38/100|[from] ability: Iron Barbs|[of] p2a: Ferrothorn
|
|-heal|p2a: Ferrothorn|76/100 brn|[from] item: Leftovers
|-damage|p2a: Ferrothorn|70/100 brn|[from] brn
|upkeep
|turn|61
|
|t:|1626897653
|move|p1a: Umbreon|Protect|p1a: Umbreon
|-singleturn|p1a: Umbreon|Protect
|move|p2a: Ferrothorn|Power Whip|p1a: Umbreon
|-activate|p1a: Umbreon|move: Protect
|
|-heal|p2a: Ferrothorn|76/100 brn|[from] item: Leftovers
|-damage|p2a: Ferrothorn|70/100 brn|[from] brn
|upkeep
|turn|62
|
|t:|1626897660
|move|p1a: Umbreon|Wish|p1a: Umbreon
|move|p2a: Ferrothorn|Leech Seed|p1a: Umbreon|[miss]
|-miss|p2a: Ferrothorn|p1a: Umbreon
|
|-heal|p2a: Ferrothorn|76/100 brn|[from] item: Leftovers
|-damage|p2a: Ferrothorn|70/100 brn|[from] brn
|upkeep
|turn|63
|-message|lt83aq fide forfeited.
|
|win|Lenape
|l|☆lt83aq fide
|raw|Lenape's rating: 1801 &rarr; <strong>1824</strong><br />(+23 for winning)
|raw|lt83aq fide's rating: 1858 &rarr; <strong>1835</strong><br />(-23 for losing)
|l|☆Lenape
||Ladder isn't responding, score probably updated but might not have (Request timeout).
