|j|☆Bloody Busybody
|j|☆xxholderoftehhaxxx
|t:|1658476326
|gametype|singles
|player|p1|Bloody Busybody|bugcatcher|1713
|player|p2|xxholderoftehhaxxx|harlequin|1667
|teamsize|p1|6
|teamsize|p2|6
|gen|8
|tier|[Gen 8] OU
|rated|
|rule|Sleep Clause Mod: Limit one foe put to sleep
|rule|Species Clause: Limit one of each Pokémon
|rule|OHKO Clause: OHKO moves are banned
|rule|Evasion Moves Clause: Evasion moves are banned
|rule|Endless Battle Clause: Forcing endless battles is banned
|rule|HP Percentage Mod: HP is shown in percentages
|rule|Dynamax Clause: You cannot dynamax
|clearpoke
|poke|p1|Volcanion|
|poke|p1|Corviknight, M|
|poke|p1|Mamoswine, F|
|poke|p1|Blissey, F|
|poke|p1|Rillaboom, M|
|poke|p1|Hydreigon, M|
|poke|p2|Lycanroc-Dusk, F|
|poke|p2|Malamar, F|
|poke|p2|Pyukumuku, F|
|poke|p2|Silvally-*|
|poke|p2|Rillaboom, M|
|poke|p2|Buzzwole|
|teampreview
|inactive|Battle timer is ON: inactive players will automatically lose when time's up. (requested by Bloody Busybody)
|
|t:|1658476336
|start
|switch|p1a: Rillaboom|Rillaboom, M|100/100
|switch|p2a: Silvally|Silvally-Fairy|100/100
|-fieldstart|move: Grassy Terrain|[from] ability: Grassy Surge|[of] p1a: Rillaboom
|turn|1
|
|t:|1658476343
|move|p1a: Rillaboom|U-turn|p2a: Silvally
|-resisted|p2a: Silvally
|-damage|p2a: Silvally|84/100
|
|t:|1658476346
|switch|p1a: Volcanion|Volcanion|100/100|[from]move: U-turn
|move|p2a: Silvally|Flamethrower|p1a: Volcanion
|-resisted|p1a: Volcanion
|-damage|p1a: Volcanion|94/100
|
|-heal|p2a: Silvally|90/100|[from] Grassy Terrain
|-heal|p1a: Volcanion|99/100|[from] Grassy Terrain
|upkeep
|turn|2
|
|t:|1658476349
|move|p2a: Silvally|Thunderbolt|p1a: Volcanion
|-supereffective|p1a: Volcanion
|-damage|p1a: Volcanion|45/100
|move|p1a: Volcanion|Sludge Wave|p2a: Silvally
|-supereffective|p2a: Silvally
|-damage|p2a: Silvally|0 fnt
|faint|p2a: Silvally
|
|-heal|p1a: Volcanion|51/100|[from] Grassy Terrain
|upkeep
|
|t:|1658476353
|switch|p2a: Malamar|Malamar, F|100/100
|turn|3
|
|t:|1658476358
|switch|p1a: Corviknight|Corviknight, M|100/100
|-ability|p1a: Corviknight|Pressure
|move|p2a: Malamar|Superpower|p1a: Corviknight
|-damage|p1a: Corviknight|84/100
|-boost|p2a: Malamar|atk|1
|-boost|p2a: Malamar|def|1
|-damage|p2a: Malamar|84/100|[from] item: Rocky Helmet|[of] p1a: Corviknight
|
|-heal|p2a: Malamar|90/100|[from] Grassy Terrain
|-heal|p2a: Malamar|96/100|[from] item: Leftovers
|upkeep
|turn|4
|
|t:|1658476360
|move|p2a: Malamar|Superpower|p1a: Corviknight
|-damage|p1a: Corviknight|63/100
|-boost|p2a: Malamar|atk|1
|-boost|p2a: Malamar|def|1
|-damage|p2a: Malamar|80/100|[from] item: Rocky Helmet|[of] p1a: Corviknight
|move|p1a: Corviknight|U-turn|p2a: Malamar
|-supereffective|p2a: Malamar
|-crit|p2a: Malamar
|-damage|p2a: Malamar|0 fnt
|faint|p2a: Malamar
|c|☆xxholderoftehhaxxx|annoying
|c|☆Bloody Busybody|to be 4x weak to u turn is annoying yes
|
|t:|1658476385
|switch|p1a: Blissey|Blissey, F|100/100|[from]move: U-turn
|
|upkeep
|c|☆xxholderoftehhaxxx|dont get smart
|
|t:|1658476400
|switch|p2a: Buzzwole|Buzzwole|100/100
|turn|5
|c|☆Bloody Busybody|I am smart
|
|t:|1658476408
|switch|p1a: Corviknight|Corviknight, M|63/100
|-ability|p1a: Corviknight|Pressure
|move|p2a: Buzzwole|Dynamic Punch|p1a: Corviknight
|-damage|p1a: Corviknight|31/100
|-start|p1a: Corviknight|confusion
|-damage|p2a: Buzzwole|84/100|[from] item: Rocky Helmet|[of] p1a: Corviknight
|
|-heal|p2a: Buzzwole|90/100|[from] Grassy Terrain
|-fieldend|move: Grassy Terrain
|upkeep
|turn|6
|c|☆Bloody Busybody|woah
|c|☆xxholderoftehhaxxx|then outsmart this.
|c|☆Bloody Busybody|omg
|
|t:|1658476437
|move|p2a: Buzzwole|Dynamic Punch|p1a: Corviknight|[miss]
|-miss|p2a: Buzzwole|p1a: Corviknight
|-enditem|p2a: Buzzwole|Blunder Policy
|-boost|p2a: Buzzwole|spe|2
|-activate|p1a: Corviknight|confusion
|-damage|p1a: Corviknight|27/100|[from] confusion
|
|upkeep
|turn|7
|inactive|Bloody Busybody has 120 seconds left.
|
|t:|1658476453
|move|p2a: Buzzwole|Dynamic Punch|p1a: Corviknight
|-damage|p1a: Corviknight|0 fnt
|-damage|p2a: Buzzwole|73/100|[from] item: Rocky Helmet|[of] p1a: Corviknight
|faint|p1a: Corviknight
|-ability|p2a: Buzzwole|Beast Boost|boost
|-boost|p2a: Buzzwole|atk|1
|
|upkeep
|inactive|Bloody Busybody has 120 seconds left.
|
|t:|1658476459
|switch|p1a: Volcanion|Volcanion|51/100
|turn|8
|
|t:|1658476462
|move|p2a: Buzzwole|Earthquake|p1a: Volcanion
|-supereffective|p1a: Volcanion
|-damage|p1a: Volcanion|0 fnt
|faint|p1a: Volcanion
|-ability|p2a: Buzzwole|Beast Boost|boost
|-boost|p2a: Buzzwole|atk|1
|
|upkeep
|c|☆Bloody Busybody|wp man wp
|
|t:|1658476472
|switch|p1a: Mamoswine|Mamoswine, F|100/100
|turn|9
|c|☆xxholderoftehhaxxx|lol
|
|t:|1658476479
|move|p2a: Buzzwole|Leech Life|p1a: Mamoswine
|-enditem|p1a: Mamoswine|Focus Sash
|-damage|p1a: Mamoswine|1/100
|-heal|p2a: Buzzwole|100/100|[from] drain|[of] p1a: Mamoswine
|move|p1a: Mamoswine|Icicle Crash|p2a: Buzzwole|[miss]
|-miss|p1a: Mamoswine|p2a: Buzzwole
|
|upkeep
|turn|10
|
|t:|1658476488
|move|p2a: Buzzwole|Leech Life|p1a: Mamoswine
|-damage|p1a: Mamoswine|0 fnt
|faint|p1a: Mamoswine
|-ability|p2a: Buzzwole|Beast Boost|boost
|-boost|p2a: Buzzwole|atk|1
|
|upkeep
|c|☆Bloody Busybody|gg
|c|☆xxholderoftehhaxxx|gg
|-message|Bloody Busybody forfeited.
|
|win|xxholderoftehhaxxx
|raw|Bloody Busybody's rating: 1713 &rarr; <strong>1690</strong><br />(-23 for losing)
|raw|xxholderoftehhaxxx's rating: 1667 &rarr; <strong>1690</strong><br />(+23 for winning)
|l|☆Bloody Busybody
