|j|☆eeraa
|j|☆Commando 55
|t:|1599102026
|player|p1|eeraa|birdkeeper-gen4dp|1893
|player|p2|Commando 55|iris-gen5bw2|1803
|teamsize|p1|6
|teamsize|p2|6
|gametype|singles
|gen|8
|tier|[Gen 8] OU
|rated|
|clearpoke
|poke|p1|Comfey, M|
|poke|p1|Magnezone|
|poke|p1|Clefable, F|
|poke|p1|Corviknight, M|
|poke|p1|Toxapex, M|
|poke|p1|Rillaboom, M|
|poke|p2|Mew|
|poke|p2|Clefable, M|
|poke|p2|Kyurem|
|poke|p2|Urshifu-*, M|
|poke|p2|Mandibuzz, F|
|poke|p2|Blissey, F|
|rule|Sleep Clause Mod: Limit one foe put to sleep
|rule|Species Clause: Limit one of each Pokémon
|rule|OHKO Clause: OHKO moves are banned
|rule|Evasion Moves Clause: Evasion moves are banned
|rule|Endless Battle Clause: Forcing endless battles is banned
|rule|HP Percentage Mod: HP is shown in percentages
|rule|Dynamax Clause: You cannot dynamax
|teampreview
|inactive|Battle timer is ON: inactive players will automatically lose when time's up. (requested by Commando 55)
|
|t:|1599102038
|start
|switch|p1a: Toxapex|Toxapex, M|100/100
|switch|p2a: Kyurem|Kyurem|100/100
|-ability|p2a: Kyurem|Pressure
|turn|1
|
|t:|1599102044
|move|p2a: Kyurem|Freeze-Dry|p1a: Toxapex
|-supereffective|p1a: Toxapex
|-damage|p1a: Toxapex|18/100
|move|p1a: Toxapex|Knock Off|p2a: Kyurem
|-damage|p2a: Kyurem|87/100
|-enditem|p2a: Kyurem|Choice Specs|[from] move: Knock Off|[of] p1a: Toxapex
|
|-heal|p1a: Toxapex|24/100|[from] item: Black Sludge
|upkeep
|turn|2
|
|t:|1599102051
|switch|p1a: Clefable|Clefable, F|100/100
|move|p2a: Kyurem|Ice Beam|p1a: Clefable
|-damage|p1a: Clefable|55/100
|
|upkeep
|turn|3
|
|t:|1599102056
|move|p2a: Kyurem|Ice Beam|p1a: Clefable
|-damage|p1a: Clefable|7/100
|move|p1a: Clefable|Soft-Boiled|p1a: Clefable
|-heal|p1a: Clefable|57/100
|
|upkeep
|turn|4
|
|t:|1599102059
|move|p2a: Kyurem|Ice Beam|p1a: Clefable
|-damage|p1a: Clefable|9/100
|move|p1a: Clefable|Soft-Boiled|p1a: Clefable
|-heal|p1a: Clefable|59/100
|
|upkeep
|turn|5
|
|t:|1599102063
|switch|p2a: Urshifu|Urshifu-Rapid-Strike, M|100/100
|move|p1a: Clefable|Soft-Boiled|p1a: Clefable
|-heal|p1a: Clefable|100/100
|
|upkeep
|turn|6
|
|t:|1599102078
|move|p2a: Urshifu|U-turn|p1a: Clefable
|-resisted|p1a: Clefable
|-damage|p1a: Clefable|86/100
|
|t:|1599102081
|switch|p2a: Blissey|Blissey, F|100/100|[from]move: U-turn
|move|p1a: Clefable|Trick|p2a: Blissey
|-activate|p1a: Clefable|move: Trick|[of] p2a: Blissey
|-item|p2a: Blissey|Sticky Barb|[from] move: Trick
|-item|p1a: Clefable|Heavy-Duty Boots|[from] move: Trick
|
|-damage|p2a: Blissey|88/100|[from] item: Sticky Barb
|upkeep
|turn|7
|
|t:|1599102084
|move|p1a: Clefable|Stealth Rock|p2a: Blissey
|-sidestart|p2: Commando 55|move: Stealth Rock
|move|p2a: Blissey|Thunder Wave|p1a: Clefable
|-status|p1a: Clefable|par
|
|-damage|p2a: Blissey|76/100|[from] item: Sticky Barb
|upkeep
|turn|8
|
|t:|1599102091
|switch|p1a: Magnezone|Magnezone|100/100
|move|p2a: Blissey|Teleport|p2a: Blissey
|
|t:|1599102095
|switch|p2a: Urshifu|Urshifu-Rapid-Strike, M|100/100|[from]move: Teleport
|-damage|p2a: Urshifu|94/100|[from] Stealth Rock
|
|upkeep
|turn|9
|
|t:|1599102102
|switch|p1a: Corviknight|Corviknight, M|100/100
|-ability|p1a: Corviknight|Pressure
|move|p2a: Urshifu|Close Combat|p1a: Corviknight
|-crit|p1a: Corviknight
|-damage|p1a: Corviknight|3/100
|-unboost|p2a: Urshifu|def|1
|-unboost|p2a: Urshifu|spd|1
|-damage|p2a: Urshifu|78/100|[from] item: Rocky Helmet|[of] p1a: Corviknight
|
|upkeep
|turn|10
|j| Gaymiss
|
|t:|1599102108
|switch|p1a: Comfey|Comfey, M, shiny|100/100
|move|p2a: Urshifu|Close Combat|p1a: Comfey
|-resisted|p1a: Comfey
|-damage|p1a: Comfey|50/100
|-unboost|p2a: Urshifu|def|1
|-unboost|p2a: Urshifu|spd|1
|
|-heal|p1a: Comfey|56/100|[from] item: Leftovers
|upkeep
|turn|11
|
|t:|1599102117
|switch|p2a: Blissey|Blissey, F|76/100
|-damage|p2a: Blissey|63/100|[from] Stealth Rock
|move|p1a: Comfey|Calm Mind|p1a: Comfey
|-boost|p1a: Comfey|spa|1
|-boost|p1a: Comfey|spd|1
|
|-heal|p1a: Comfey|62/100|[from] item: Leftovers
|-damage|p2a: Blissey|51/100|[from] item: Sticky Barb
|upkeep
|turn|12
|
|t:|1599102122
|move|p1a: Comfey|Taunt|p2a: Blissey
|-start|p2a: Blissey|move: Taunt
|cant|p2a: Blissey|move: Taunt|Thunder Wave
|
|-heal|p1a: Comfey|68/100|[from] item: Leftovers
|-damage|p2a: Blissey|38/100|[from] item: Sticky Barb
|upkeep
|turn|13
|j| yiyue
|
|t:|1599102131
|move|p1a: Comfey|Calm Mind|p1a: Comfey
|-boost|p1a: Comfey|spa|1
|-boost|p1a: Comfey|spd|1
|move|p2a: Blissey|Seismic Toss|p1a: Comfey
|-damage|p1a: Comfey|36/100
|
|-heal|p1a: Comfey|42/100|[from] item: Leftovers
|-damage|p2a: Blissey|26/100|[from] item: Sticky Barb
|upkeep
|turn|14
|
|t:|1599102134
|move|p1a: Comfey|Draining Kiss|p2a: Blissey
|-damage|p2a: Blissey|13/100
|-heal|p1a: Comfey|64/100|[from] drain|[of] p2a: Blissey
|move|p2a: Blissey|Seismic Toss|p1a: Comfey
|-damage|p1a: Comfey|32/100
|
|-heal|p1a: Comfey|38/100|[from] item: Leftovers
|-end|p2a: Blissey|move: Taunt
|-damage|p2a: Blissey|1/100|[from] item: Sticky Barb
|upkeep
|turn|15
|
|t:|1599102137
|move|p1a: Comfey|Draining Kiss|p2a: Blissey
|-damage|p2a: Blissey|0 fnt
|-heal|p1a: Comfey|38/100|[from] drain|[of] p2a: Blissey
|faint|p2a: Blissey
|
|-heal|p1a: Comfey|44/100|[from] item: Leftovers
|upkeep
|
|t:|1599102140
|switch|p2a: Mew|Mew, shiny|100/100
|-damage|p2a: Mew|88/100|[from] Stealth Rock
|turn|16
|
|t:|1599102147
|move|p1a: Comfey|Draining Kiss|p2a: Mew
|-damage|p2a: Mew|50/100
|-heal|p1a: Comfey|76/100|[from] drain|[of] p2a: Mew
|move|p2a: Mew|Psychic Fangs|p1a: Comfey
|-damage|p1a: Comfey|24/100
|-damage|p2a: Mew|40/100|[from] item: Life Orb
|
|-heal|p1a: Comfey|30/100|[from] item: Leftovers
|upkeep
|turn|17
|
|t:|1599102154
|move|p1a: Comfey|Draining Kiss|p2a: Mew
|-damage|p2a: Mew|2/100
|-heal|p1a: Comfey|62/100|[from] drain|[of] p2a: Mew
|move|p2a: Mew|Psychic Fangs|p1a: Comfey
|-damage|p1a: Comfey|15/100
|-damage|p2a: Mew|0 fnt|[from] item: Life Orb
|faint|p2a: Mew
|
|-heal|p1a: Comfey|21/100|[from] item: Leftovers
|upkeep
|
|t:|1599102158
|switch|p2a: Urshifu|Urshifu-Rapid-Strike, M|78/100
|-damage|p2a: Urshifu|72/100|[from] Stealth Rock
|turn|18
|
|t:|1599102164
|switch|p2a: Clefable|Clefable, M|100/100
|move|p1a: Comfey|Draining Kiss|p2a: Clefable
|-damage|p2a: Clefable|68/100
|-heal|p1a: Comfey|52/100|[from] drain|[of] p2a: Clefable
|
|-heal|p1a: Comfey|59/100|[from] item: Leftovers
|-heal|p2a: Clefable|74/100|[from] item: Leftovers
|upkeep
|turn|19
|
|t:|1599102167
|move|p1a: Comfey|Calm Mind|p1a: Comfey
|-boost|p1a: Comfey|spa|1
|-boost|p1a: Comfey|spd|1
|move|p2a: Clefable|Moonblast|p1a: Comfey
|-damage|p1a: Comfey|46/100
|-unboost|p1a: Comfey|spa|1
|
|-heal|p1a: Comfey|52/100|[from] item: Leftovers
|-heal|p2a: Clefable|80/100|[from] item: Leftovers
|upkeep
|turn|20
|
|t:|1599102170
|move|p1a: Comfey|Taunt|p2a: Clefable
|-start|p2a: Clefable|move: Taunt
|move|p2a: Clefable|Moonblast|p1a: Comfey
|-damage|p1a: Comfey|38/100
|
|-heal|p1a: Comfey|44/100|[from] item: Leftovers
|-heal|p2a: Clefable|87/100|[from] item: Leftovers
|upkeep
|turn|21
|
|t:|1599102172
|move|p1a: Comfey|Calm Mind|p1a: Comfey
|-boost|p1a: Comfey|spa|1
|-boost|p1a: Comfey|spd|1
|move|p2a: Clefable|Moonblast|p1a: Comfey
|-damage|p1a: Comfey|33/100
|
|-heal|p1a: Comfey|39/100|[from] item: Leftovers
|-heal|p2a: Clefable|93/100|[from] item: Leftovers
|upkeep
|turn|22
|
|t:|1599102175
|move|p1a: Comfey|Draining Kiss|p2a: Clefable
|-damage|p2a: Clefable|52/100
|-heal|p1a: Comfey|79/100|[from] drain|[of] p2a: Clefable
|move|p2a: Clefable|Moonblast|p1a: Comfey
|-damage|p1a: Comfey|68/100
|
|-heal|p1a: Comfey|75/100|[from] item: Leftovers
|-heal|p2a: Clefable|58/100|[from] item: Leftovers
|-end|p2a: Clefable|move: Taunt
|upkeep
|turn|23
|j| nonvicious
|-message|Commando 55 forfeited.
|
|win|eeraa
|l|☆Commando 55
|raw|eeraa's rating: 1893 &rarr; <strong>1908</strong><br />(+15 for winning)
|raw|Commando 55's rating: 1803 &rarr; <strong>1788</strong><br />(-15 for losing)
|l| nonvicious
|l| yiyue
