|j|☆4funaccount
|j|☆Peewee McGee XXX
|player|p1|4funaccount|volkner|1721
|player|p2|Peewee McGee XXX|170|1709
|teamsize|p1|6
|teamsize|p2|6
|gametype|singles
|gen|8
|tier|[Gen 8] OU
|rated|
|clearpoke
|poke|p1|Toxapex, M|
|poke|p1|Hydreigon, F|
|poke|p1|Clefable, F|
|poke|p1|Quagsire, F|
|poke|p1|Ferrothorn, F|
|poke|p1|Rotom-Heat|
|poke|p2|Amoonguss, M|
|poke|p2|Mandibuzz, F|
|poke|p2|Kommo-o, M|
|poke|p2|Magearna|
|poke|p2|Cinderace, M|
|poke|p2|Urshifu-*, M|
|rule|Sleep Clause Mod: Limit one foe put to sleep
|rule|Species Clause: Limit one of each Pokémon
|rule|OHKO Clause: OHKO moves are banned
|rule|Evasion Moves Clause: Evasion moves are banned
|rule|Endless Battle Clause: Forcing endless battles is banned
|rule|HP Percentage Mod: HP is shown in percentages
|rule|Dynamax Clause: You cannot dynamax
|teampreview
|inactive|Battle timer is ON: inactive players will automatically lose when time's up. (requested by 4funaccount)
|
|start
|switch|p1a: Clefable|Clefable, F|100/100
|switch|p2a: Magearna|Magearna|100/100
|turn|1
|
|switch|p1a: Toxapex|Toxapex, M|100/100
|move|p2a: Magearna|Trick|p1a: Toxapex
|-activate|p2a: Magearna|move: Trick|[of] p1a: Toxapex
|-item|p1a: Toxapex|Choice Scarf|[from] move: Trick
|-item|p2a: Magearna|Black Sludge|[from] move: Trick
|
|-damage|p2a: Magearna|88/100|[from] item: Black Sludge
|upkeep
|turn|2
|
|move|p2a: Magearna|Volt Switch|p1a: Toxapex
|-supereffective|p1a: Toxapex
|-damage|p1a: Toxapex|62/100
|
|switch|p2a: Mandibuzz|Mandibuzz, F|100/100|[from]move: Volt Switch
|move|p1a: Toxapex|Scald|p2a: Mandibuzz
|-damage|p2a: Mandibuzz|89/100
|
|upkeep
|turn|3
|
|move|p2a: Mandibuzz|U-turn|p1a: Toxapex
|-resisted|p1a: Toxapex
|-damage|p1a: Toxapex|58/100
|
|switch|p2a: Amoonguss|Amoonguss, M|100/100|[from]move: U-turn
|move|p1a: Toxapex|Scald|p2a: Amoonguss
|-resisted|p2a: Amoonguss
|-damage|p2a: Amoonguss|94/100
|
|-heal|p2a: Amoonguss|99/100|[from] item: Black Sludge
|upkeep
|turn|4
|
|switch|p1a: Ferrothorn|Ferrothorn, F|100/100
|switch|p2a: Cinderace|Cinderace, M|100/100
|
|upkeep
|turn|5
|
|switch|p1a: Toxapex|Toxapex, M|91/100
|move|p2a: Cinderace|Bulk Up|p2a: Cinderace
|-start|p2a: Cinderace|typechange|Fighting|[from] ability: Libero
|-boost|p2a: Cinderace|atk|1
|-boost|p2a: Cinderace|def|1
|
|upkeep
|turn|6
|
|switch|p1a: Quagsire|Quagsire, F|100/100
|move|p2a: Cinderace|Zen Headbutt|p1a: Quagsire
|-start|p2a: Cinderace|typechange|Psychic|[from] ability: Libero
|-damage|p1a: Quagsire|72/100
|
|-heal|p1a: Quagsire|78/100|[from] item: Leftovers
|upkeep
|turn|7
|
|switch|p2a: Magearna|Magearna|88/100
|move|p1a: Quagsire|Recover|p1a: Quagsire
|-heal|p1a: Quagsire|100/100
|
|-damage|p2a: Magearna|76/100|[from] item: Black Sludge
|upkeep
|turn|8
|
|switch|p1a: Toxapex|Toxapex, M|100/100
|move|p2a: Magearna|Trick|p1a: Toxapex
|-activate|p2a: Magearna|move: Trick|[of] p1a: Toxapex
|-item|p1a: Toxapex|Black Sludge|[from] move: Trick
|-item|p2a: Magearna|Choice Scarf|[from] move: Trick
|
|upkeep
|turn|9
|
|move|p2a: Magearna|Trick|p1a: Toxapex
|-activate|p2a: Magearna|move: Trick|[of] p1a: Toxapex
|-item|p1a: Toxapex|Choice Scarf|[from] move: Trick
|-item|p2a: Magearna|Black Sludge|[from] move: Trick
|move|p1a: Toxapex|Scald|p2a: Magearna
|-damage|p2a: Magearna|62/100
|-status|p2a: Magearna|brn
|
|-damage|p2a: Magearna|50/100 brn|[from] item: Black Sludge
|-damage|p2a: Magearna|44/100 brn|[from] brn
|upkeep
|turn|10
|
|switch|p1a: Quagsire|Quagsire, F|100/100
|move|p2a: Magearna|Trick|p1a: Quagsire
|-activate|p2a: Magearna|move: Trick|[of] p1a: Quagsire
|-item|p1a: Quagsire|Black Sludge|[from] move: Trick
|-item|p2a: Magearna|Leftovers|[from] move: Trick
|
|-heal|p2a: Magearna|50/100 brn|[from] item: Leftovers
|-damage|p1a: Quagsire|88/100|[from] item: Black Sludge
|-damage|p2a: Magearna|44/100 brn|[from] brn
|upkeep
|turn|11
|
|switch|p1a: Toxapex|Toxapex, M|100/100
|move|p2a: Magearna|Fleur Cannon|p1a: Toxapex
|-resisted|p1a: Toxapex
|-damage|p1a: Toxapex|71/100
|-unboost|p2a: Magearna|spa|2
|
|-heal|p2a: Magearna|50/100 brn|[from] item: Leftovers
|-damage|p2a: Magearna|44/100 brn|[from] brn
|upkeep
|turn|12
|
|move|p2a: Magearna|Volt Switch|p1a: Toxapex
|-supereffective|p1a: Toxapex
|-damage|p1a: Toxapex|51/100
|
|switch|p2a: Mandibuzz|Mandibuzz, F|89/100|[from]move: Volt Switch
|move|p1a: Toxapex|Toxic Spikes|p2a: Mandibuzz
|-sidestart|p2: Peewee McGee XXX|move: Toxic Spikes
|
|upkeep
|turn|13
|
|switch|p1a: Clefable|Clefable, F|100/100
|move|p2a: Mandibuzz|U-turn|p1a: Clefable
|-resisted|p1a: Clefable
|-damage|p1a: Clefable|95/100
|
|switch|p2a: Amoonguss|Amoonguss, M|100/100|[from]move: U-turn
|-sideend|p2: Peewee McGee XXX|move: Toxic Spikes|[of] p2a: Amoonguss
|
|-heal|p1a: Clefable|100/100|[from] item: Leftovers
|upkeep
|turn|14
|
|switch|p1a: Ferrothorn|Ferrothorn, F|100/100
|move|p2a: Amoonguss|Spore|p1a: Ferrothorn
|-immune|p1a: Ferrothorn
|
|upkeep
|turn|15
|
|switch|p2a: Kommo-o|Kommo-o, M|100/100
|move|p1a: Ferrothorn|Stealth Rock|p2a: Kommo-o
|-sidestart|p2: Peewee McGee XXX|move: Stealth Rock
|
|upkeep
|turn|16
|
|switch|p1a: Clefable|Clefable, F|100/100
|move|p2a: Kommo-o|Stealth Rock|p1a: Clefable
|-sidestart|p1: 4funaccount|move: Stealth Rock
|
|upkeep
|turn|17
|
|move|p2a: Kommo-o|Toxic|p1a: Clefable|[miss]
|-miss|p2a: Kommo-o|p1a: Clefable
|move|p1a: Clefable|Knock Off|p2a: Kommo-o
|-resisted|p2a: Kommo-o
|-damage|p2a: Kommo-o|96/100
|-enditem|p2a: Kommo-o|Leftovers|[from] move: Knock Off|[of] p1a: Clefable
|
|upkeep
|turn|18
|
|move|p2a: Kommo-o|Toxic|p1a: Clefable
|-status|p1a: Clefable|tox
|move|p1a: Clefable|Knock Off|p2a: Kommo-o
|-resisted|p2a: Kommo-o
|-damage|p2a: Kommo-o|93/100
|
|upkeep
|turn|19
|
|switch|p2a: Mandibuzz|Mandibuzz, F|89/100
|move|p1a: Clefable|Knock Off|p2a: Mandibuzz
|-resisted|p2a: Mandibuzz
|-damage|p2a: Mandibuzz|83/100
|-enditem|p2a: Mandibuzz|Heavy-Duty Boots|[from] move: Knock Off|[of] p1a: Clefable
|
|upkeep
|turn|20
|
|switch|p1a: Toxapex|Toxapex, M|85/100
|-damage|p1a: Toxapex|72/100|[from] Stealth Rock
|move|p2a: Mandibuzz|U-turn|p1a: Toxapex
|-resisted|p1a: Toxapex
|-damage|p1a: Toxapex|69/100
|
|switch|p2a: Cinderace|Cinderace, M|100/100|[from]move: U-turn
|
|upkeep
|turn|21
|
|move|p2a: Cinderace|Bulk Up|p2a: Cinderace
|-start|p2a: Cinderace|typechange|Fighting|[from] ability: Libero
|-boost|p2a: Cinderace|atk|1
|-boost|p2a: Cinderace|def|1
|move|p1a: Toxapex|Scald|p2a: Cinderace
|-damage|p2a: Cinderace|78/100
|
|upkeep
|turn|22
|
|switch|p1a: Quagsire|Quagsire, F|88/100
|-damage|p1a: Quagsire|82/100|[from] Stealth Rock
|move|p2a: Cinderace|Zen Headbutt|p1a: Quagsire
|-start|p2a: Cinderace|typechange|Psychic|[from] ability: Libero
|-damage|p1a: Quagsire|52/100
|
|-damage|p1a: Quagsire|40/100|[from] item: Black Sludge
|upkeep
|turn|23
|
|move|p2a: Cinderace|Zen Headbutt|p1a: Quagsire
|-crit|p1a: Quagsire
|-damage|p1a: Quagsire|0 fnt
|faint|p1a: Quagsire
|
|upkeep
|
|switch|p1a: Toxapex|Toxapex, M|100/100
|-damage|p1a: Toxapex|88/100|[from] Stealth Rock
|turn|24
|
|move|p2a: Cinderace|Bulk Up|p2a: Cinderace
|-start|p2a: Cinderace|typechange|Fighting|[from] ability: Libero
|-boost|p2a: Cinderace|atk|1
|-boost|p2a: Cinderace|def|1
|move|p1a: Toxapex|Scald|p2a: Cinderace
|-damage|p2a: Cinderace|56/100
|-status|p2a: Cinderace|brn
|
|-damage|p2a: Cinderace|50/100 brn|[from] brn
|upkeep
|turn|25
|
|move|p2a: Cinderace|Zen Headbutt|p1a: Toxapex
|-start|p2a: Cinderace|typechange|Psychic|[from] ability: Libero
|-supereffective|p1a: Toxapex
|-damage|p1a: Toxapex|41/100
|move|p1a: Toxapex|Scald|p2a: Cinderace
|-damage|p2a: Cinderace|27/100 brn
|
|-damage|p2a: Cinderace|21/100 brn|[from] brn
|upkeep
|turn|26
|
|switch|p1a: Clefable|Clefable, F|100/100 tox
|move|p2a: Cinderace|Bulk Up|p2a: Cinderace
|-start|p2a: Cinderace|typechange|Fighting|[from] ability: Libero
|-boost|p2a: Cinderace|atk|1
|-boost|p2a: Cinderace|def|1
|
|-damage|p2a: Cinderace|15/100 brn|[from] brn
|upkeep
|turn|27
|
|move|p2a: Cinderace|Zen Headbutt|p1a: Clefable
|-start|p2a: Cinderace|typechange|Psychic|[from] ability: Libero
|-damage|p1a: Clefable|45/100 tox
|move|p1a: Clefable|Soft-Boiled|p1a: Clefable
|-heal|p1a: Clefable|95/100 tox
|
|-heal|p1a: Clefable|100/100 tox|[from] item: Leftovers
|-damage|p2a: Cinderace|9/100 brn|[from] brn
|upkeep
|turn|28
|
|move|p2a: Cinderace|Zen Headbutt|p1a: Clefable
|-damage|p1a: Clefable|44/100 tox
|cant|p1a: Clefable|flinch
|
|-heal|p1a: Clefable|50/100 tox|[from] item: Leftovers
|-damage|p2a: Cinderace|3/100 brn|[from] brn
|upkeep
|turn|29
|
|switch|p1a: Toxapex|Toxapex, M|75/100
|-damage|p1a: Toxapex|62/100|[from] Stealth Rock
|move|p2a: Cinderace|Pyro Ball|p1a: Toxapex
|-start|p2a: Cinderace|typechange|Fire|[from] ability: Libero
|-resisted|p1a: Toxapex
|-damage|p1a: Toxapex|38/100
|
|-damage|p2a: Cinderace|0 fnt|[from] brn
|faint|p2a: Cinderace
|upkeep
|
|switch|p2a: Urshifu|Urshifu, M|100/100
|-damage|p2a: Urshifu|94/100|[from] Stealth Rock
|turn|30
|
|switch|p1a: Hydreigon|Hydreigon, F|100/100
|-damage|p1a: Hydreigon|88/100|[from] Stealth Rock
|move|p2a: Urshifu|Wicked Blow|p1a: Hydreigon
|-resisted|p1a: Hydreigon
|-crit|p1a: Hydreigon
|-damage|p1a: Hydreigon|27/100
|
|upkeep
|turn|31
|
|switch|p2a: Mandibuzz|Mandibuzz, F|83/100
|-damage|p2a: Mandibuzz|59/100|[from] Stealth Rock
|move|p1a: Hydreigon|Roost|p1a: Hydreigon
|-heal|p1a: Hydreigon|77/100
|-singleturn|p1a: Hydreigon|move: Roost
|
|upkeep
|turn|32
|
|move|p1a: Hydreigon|Draco Meteor|p2a: Mandibuzz
|-damage|p2a: Mandibuzz|0 fnt
|-unboost|p1a: Hydreigon|spa|2
|-damage|p1a: Hydreigon|68/100|[from] item: Life Orb
|faint|p2a: Mandibuzz
|
|upkeep
|
|switch|p2a: Urshifu|Urshifu, M|94/100
|-damage|p2a: Urshifu|88/100|[from] Stealth Rock
|turn|33
|
|switch|p1a: Toxapex|Toxapex, M|72/100
|-damage|p1a: Toxapex|59/100|[from] Stealth Rock
|move|p2a: Urshifu|Wicked Blow|p1a: Toxapex
|-crit|p1a: Toxapex
|-damage|p1a: Toxapex|0 fnt
|faint|p1a: Toxapex
|
|upkeep
|
|switch|p1a: Hydreigon|Hydreigon, F|68/100
|-damage|p1a: Hydreigon|55/100|[from] Stealth Rock
|turn|34
|
|switch|p2a: Amoonguss|Amoonguss, M|100/100
|-damage|p2a: Amoonguss|88/100|[from] Stealth Rock
|move|p1a: Hydreigon|Roost|p1a: Hydreigon
|-heal|p1a: Hydreigon|100/100
|-singleturn|p1a: Hydreigon|move: Roost
|
|-heal|p2a: Amoonguss|94/100|[from] item: Black Sludge
|upkeep
|turn|35
|
|switch|p1a: Ferrothorn|Ferrothorn, F|100/100
|-damage|p1a: Ferrothorn|94/100|[from] Stealth Rock
|move|p2a: Amoonguss|Toxic|p1a: Ferrothorn
|-immune|p1a: Ferrothorn
|
|-heal|p2a: Amoonguss|99/100|[from] item: Black Sludge
|-heal|p1a: Ferrothorn|100/100|[from] item: Leftovers
|upkeep
|turn|36
|
|switch|p2a: Magearna|Magearna|44/100 brn
|-damage|p2a: Magearna|38/100 brn|[from] Stealth Rock
|switch|p1a: Hydreigon|Hydreigon, F|100/100
|-damage|p1a: Hydreigon|88/100|[from] Stealth Rock
|
|-heal|p2a: Magearna|44/100 brn|[from] item: Leftovers
|-damage|p2a: Magearna|38/100 brn|[from] brn
|upkeep
|turn|37
|
|move|p1a: Hydreigon|Fire Blast|p2a: Magearna
|-supereffective|p2a: Magearna
|-damage|p2a: Magearna|0 fnt
|-damage|p1a: Hydreigon|78/100|[from] item: Life Orb
|faint|p2a: Magearna
|
|upkeep
|
|switch|p2a: Urshifu|Urshifu, M|88/100
|-damage|p2a: Urshifu|82/100|[from] Stealth Rock
|turn|38
|
|move|p1a: Hydreigon|Draco Meteor|p2a: Urshifu
|-damage|p2a: Urshifu|0 fnt
|-unboost|p1a: Hydreigon|spa|2
|-damage|p1a: Hydreigon|68/100|[from] item: Life Orb
|faint|p2a: Urshifu
|
|upkeep
|
|switch|p2a: Kommo-o|Kommo-o, M|93/100
|-damage|p2a: Kommo-o|87/100|[from] Stealth Rock
|turn|39
|-message|Peewee McGee XXX forfeited.
|
|win|4funaccount
|l|☆Peewee McGee XXX
||Ladder (probably) updated, but score could not be retrieved (Request timeout).
