|raw|<div class="broadcast-blue"><strong>This battle is required to be public due to a player having a name starting with 'lt92pf'.</div>
|j|☆lt92pf gray
|j|☆Lenape
|t:|1660139096
|gametype|singles
|player|p1|lt92pf gray|2|1842
|player|p2|Lenape|1|1779
|teamsize|p1|6
|teamsize|p2|6
|gen|8
|tier|[Gen 8] OU
|rated|
|rule|Sleep Clause Mod: Limit one foe put to sleep
|rule|Species Clause: Limit one of each Pokémon
|rule|OHKO Clause: OHKO moves are banned
|rule|Evasion Items Clause: Evasion items are banned
|rule|Evasion Moves Clause: Evasion moves are banned
|rule|Endless Battle Clause: Forcing endless battles is banned
|rule|HP Percentage Mod: HP is shown in percentages
|rule|Dynamax Clause: You cannot dynamax
|clearpoke
|poke|p1|Garchomp, M|
|poke|p1|Blaziken, F|
|poke|p1|Heatran, M|
|poke|p1|Dragapult, M|
|poke|p1|Ninetales-Alola, F|
|poke|p1|Arctozolt|
|poke|p2|Rhyperior, M|
|poke|p2|Toxapex, M|
|poke|p2|Corviknight, M|
|poke|p2|Umbreon, F|
|poke|p2|Sylveon, F|
|poke|p2|Rotom-Heat|
|teampreview
|inactive|Battle timer is ON: inactive players will automatically lose when time's up. (requested by Lenape)
|
|t:|1660139118
|start
|switch|p1a: Garchomp|Garchomp, M|100/100
|switch|p2a: Rotom|Rotom-Heat|100/100
|turn|1
|
|t:|1660139123
|switch|p1a: Heatran|Heatran, M|100/100
|-item|p1a: Heatran|Air Balloon
|move|p2a: Rotom|Trick|p1a: Heatran
|-activate|p2a: Rotom|move: Trick|[of] p1a: Heatran
|-item|p1a: Heatran|Choice Scarf|[from] move: Trick
|-item|p2a: Rotom|Air Balloon
|-item|p2a: Rotom|Air Balloon|[from] move: Trick
|
|upkeep
|turn|2
|
|t:|1660139127
|move|p1a: Heatran|Stealth Rock|p2a: Rotom
|-sidestart|p2: Lenape|move: Stealth Rock
|move|p2a: Rotom|Discharge|p1a: Heatran
|-damage|p1a: Heatran|79/100
|
|upkeep
|turn|3
|
|t:|1660139130
|switch|p1a: Garchomp|Garchomp, M|100/100
|move|p2a: Rotom|Defog|p1a: Garchomp
|-unboost|p1a: Garchomp|evasion|1
|-sideend|p2: Lenape|Stealth Rock|[from] move: Defog|[of] p2a: Rotom
|
|upkeep
|turn|4
|
|t:|1660139134
|move|p1a: Garchomp|Swords Dance|p1a: Garchomp
|-boost|p1a: Garchomp|atk|2
|move|p2a: Rotom|Will-O-Wisp|p1a: Garchomp
|-status|p1a: Garchomp|brn
|
|-damage|p1a: Garchomp|94/100 brn|[from] brn
|upkeep
|turn|5
|
|t:|1660139139
|switch|p2a: Umbreon|Umbreon, F|100/100
|move|p1a: Garchomp|Swords Dance|p1a: Garchomp
|-boost|p1a: Garchomp|atk|2
|
|-damage|p1a: Garchomp|88/100 brn|[from] brn
|upkeep
|turn|6
|
|t:|1660139148
|move|p1a: Garchomp|Earthquake|p2a: Umbreon
|-damage|p2a: Umbreon|55/100
|move|p2a: Umbreon|Foul Play|p1a: Garchomp
|-damage|p1a: Garchomp|0 fnt
|-damage|p2a: Umbreon|43/100|[from] ability: Rough Skin|[of] p1a: Garchomp
|faint|p1a: Garchomp
|
|-heal|p2a: Umbreon|49/100|[from] item: Leftovers
|upkeep
|
|t:|1660139150
|switch|p1a: Blaziken|Blaziken, F|100/100
|-item|p1a: Blaziken|Air Balloon
|turn|7
|
|t:|1660139155
|move|p1a: Blaziken|Close Combat|p2a: Umbreon
|-supereffective|p2a: Umbreon
|-damage|p2a: Umbreon|0 fnt
|-unboost|p1a: Blaziken|def|1
|-unboost|p1a: Blaziken|spd|1
|faint|p2a: Umbreon
|
|-ability|p1a: Blaziken|Speed Boost|boost
|-boost|p1a: Blaziken|spe|1
|upkeep
|
|t:|1660139160
|switch|p2a: Toxapex|Toxapex, M|100/100
|turn|8
|
|t:|1660139164
|switch|p1a: Ninetales|Ninetales-Alola, F|100/100
|-weather|Hail|[from] ability: Snow Warning|[of] p1a: Ninetales
|move|p2a: Toxapex|Toxic|p1a: Ninetales
|-status|p1a: Ninetales|tox
|
|-weather|Hail|[upkeep]
|-damage|p2a: Toxapex|94/100|[from] Hail
|-heal|p2a: Toxapex|100/100|[from] item: Black Sludge
|-damage|p1a: Ninetales|94/100 tox|[from] psn
|upkeep
|turn|9
|
|t:|1660139168
|move|p1a: Ninetales|Hypnosis|p2a: Toxapex
|-status|p2a: Toxapex|slp|[from] move: Hypnosis
|cant|p2a: Toxapex|slp
|
|-weather|Hail|[upkeep]
|-damage|p2a: Toxapex|94/100 slp|[from] Hail
|-heal|p2a: Toxapex|100/100 slp|[from] item: Black Sludge
|-damage|p1a: Ninetales|82/100 tox|[from] psn
|upkeep
|turn|10
|
|t:|1660139175
|switch|p1a: Arctozolt|Arctozolt|100/100
|switch|p2a: Sylveon|Sylveon, F|100/100
|
|-weather|Hail|[upkeep]
|-damage|p2a: Sylveon|94/100|[from] Hail
|-heal|p2a: Sylveon|100/100|[from] item: Leftovers
|upkeep
|turn|11
|
|t:|1660139178
|switch|p2a: Rhyperior|Rhyperior, M|100/100
|move|p1a: Arctozolt|Bolt Beak|p2a: Rhyperior
|-immune|p2a: Rhyperior
|
|-weather|Hail|[upkeep]
|-damage|p2a: Rhyperior|94/100|[from] Hail
|-heal|p2a: Rhyperior|100/100|[from] item: Leftovers
|upkeep
|turn|12
|j| yop on the flux
|j| CiumpoLumpo
|
|t:|1660139185
|switch|p1a: Heatran|Heatran, M|79/100
|move|p2a: Rhyperior|Earthquake|p1a: Heatran
|-supereffective|p1a: Heatran
|-damage|p1a: Heatran|0 fnt
|faint|p1a: Heatran
|
|-weather|Hail|[upkeep]
|-damage|p2a: Rhyperior|94/100|[from] Hail
|-heal|p2a: Rhyperior|100/100|[from] item: Leftovers
|upkeep
|
|t:|1660139190
|switch|p1a: Blaziken|Blaziken, F|100/100
|-item|p1a: Blaziken|Air Balloon
|turn|13
|
|t:|1660139193
|move|p1a: Blaziken|Swords Dance|p1a: Blaziken
|-boost|p1a: Blaziken|atk|2
|move|p2a: Rhyperior|Rock Blast|p1a: Blaziken
|-damage|p1a: Blaziken|83/100
|-enditem|p1a: Blaziken|Air Balloon
|-damage|p1a: Blaziken|65/100
|-damage|p1a: Blaziken|47/100
|-hitcount|p1a: Blaziken|3
|
|-weather|Hail|[upkeep]
|-damage|p1a: Blaziken|41/100|[from] Hail
|-damage|p2a: Rhyperior|94/100|[from] Hail
|-heal|p2a: Rhyperior|100/100|[from] item: Leftovers
|-ability|p1a: Blaziken|Speed Boost|boost
|-boost|p1a: Blaziken|spe|1
|upkeep
|turn|14
|
|t:|1660139197
|switch|p2a: Toxapex|Toxapex, M|100/100 slp
|move|p1a: Blaziken|Close Combat|p2a: Toxapex
|-resisted|p2a: Toxapex
|-damage|p2a: Toxapex|64/100 slp
|-unboost|p1a: Blaziken|def|1
|-unboost|p1a: Blaziken|spd|1
|
|-weather|Hail|[upkeep]
|-damage|p1a: Blaziken|35/100|[from] Hail
|-damage|p2a: Toxapex|58/100 slp|[from] Hail
|-heal|p2a: Toxapex|64/100 slp|[from] item: Black Sludge
|-ability|p1a: Blaziken|Speed Boost|boost
|-boost|p1a: Blaziken|spe|1
|upkeep
|turn|15
|
|t:|1660139200
|-curestatus|p2a: Toxapex|slp|[msg]
|move|p2a: Toxapex|Baneful Bunker|p2a: Toxapex
|-singleturn|p2a: Toxapex|move: Protect
|move|p1a: Blaziken|Thunder Punch|p2a: Toxapex
|-activate|p2a: Toxapex|move: Protect
|-status|p1a: Blaziken|psn
|
|-weather|none
|-heal|p2a: Toxapex|70/100|[from] item: Black Sludge
|-damage|p1a: Blaziken|23/100 psn|[from] psn
|-ability|p1a: Blaziken|Speed Boost|boost
|-boost|p1a: Blaziken|spe|1
|upkeep
|turn|16
|
|t:|1660139205
|switch|p2a: Rotom|Rotom-Heat|100/100
|-item|p2a: Rotom|Air Balloon
|move|p1a: Blaziken|Close Combat|p2a: Rotom
|-damage|p2a: Rotom|0 fnt
|-unboost|p1a: Blaziken|def|1
|-unboost|p1a: Blaziken|spd|1
|-enditem|p2a: Rotom|Air Balloon
|faint|p2a: Rotom
|
|-damage|p1a: Blaziken|10/100 psn|[from] psn
|-ability|p1a: Blaziken|Speed Boost|boost
|-boost|p1a: Blaziken|spe|1
|upkeep
|
|t:|1660139209
|switch|p2a: Toxapex|Toxapex, M|100/100
|turn|17
|
|t:|1660139211
|switch|p1a: Arctozolt|Arctozolt|100/100
|move|p2a: Toxapex|Recover||[still]
|-fail|p2a: Toxapex|heal
|
|upkeep
|turn|18
|
|t:|1660139215
|switch|p1a: Ninetales|Ninetales-Alola, F|82/100 tox
|-weather|Hail|[from] ability: Snow Warning|[of] p1a: Ninetales
|switch|p2a: Rhyperior|Rhyperior, M|100/100
|
|-weather|Hail|[upkeep]
|-damage|p2a: Rhyperior|94/100|[from] Hail
|-heal|p2a: Rhyperior|100/100|[from] item: Leftovers
|-damage|p1a: Ninetales|76/100 tox|[from] psn
|upkeep
|turn|19
|
|t:|1660139225
|switch|p2a: Corviknight|Corviknight, M|100/100
|-ability|p2a: Corviknight|Pressure
|move|p1a: Ninetales|Hypnosis|p2a: Corviknight
|-status|p2a: Corviknight|slp|[from] move: Hypnosis
|
|-weather|Hail|[upkeep]
|-damage|p2a: Corviknight|94/100 slp|[from] Hail
|-heal|p2a: Corviknight|100/100 slp|[from] item: Leftovers
|-damage|p1a: Ninetales|64/100 tox|[from] psn
|upkeep
|turn|20
|
|t:|1660139231
|switch|p1a: Arctozolt|Arctozolt|100/100
|switch|p2a: Sylveon|Sylveon, F|100/100
|
|-weather|Hail|[upkeep]
|-damage|p2a: Sylveon|94/100|[from] Hail
|-heal|p2a: Sylveon|100/100|[from] item: Leftovers
|upkeep
|turn|21
|
|t:|1660139235
|switch|p2a: Rhyperior|Rhyperior, M|100/100
|move|p1a: Arctozolt|Bolt Beak|p2a: Rhyperior
|-immune|p2a: Rhyperior
|
|-weather|Hail|[upkeep]
|-damage|p2a: Rhyperior|94/100|[from] Hail
|-heal|p2a: Rhyperior|100/100|[from] item: Leftovers
|upkeep
|turn|22
|l| CiumpoLumpo
|
|t:|1660139242
|switch|p1a: Dragapult|Dragapult, M|100/100
|move|p2a: Rhyperior|Earthquake|p1a: Dragapult
|-damage|p1a: Dragapult|41/100
|
|-weather|Hail|[upkeep]
|-damage|p1a: Dragapult|35/100|[from] Hail
|-damage|p2a: Rhyperior|94/100|[from] Hail
|-heal|p2a: Rhyperior|100/100|[from] item: Leftovers
|upkeep
|turn|23
|
|t:|1660139246
|switch|p2a: Sylveon|Sylveon, F|100/100
|move|p1a: Dragapult|Phantom Force||[still]
|-prepare|p1a: Dragapult|Phantom Force
|
|-weather|Hail|[upkeep]
|-damage|p1a: Dragapult|29/100|[from] Hail
|-damage|p2a: Sylveon|94/100|[from] Hail
|-heal|p2a: Sylveon|100/100|[from] item: Leftovers
|upkeep
|turn|24
|
|t:|1660139253
|move|p1a: Dragapult|Phantom Force|p2a: Sylveon|[from]lockedmove
|-damage|p2a: Sylveon|16/100
|move|p2a: Sylveon|Wish|p2a: Sylveon
|
|-weather|Hail|[upkeep]
|-damage|p1a: Dragapult|23/100|[from] Hail
|-damage|p2a: Sylveon|10/100|[from] Hail
|-heal|p2a: Sylveon|16/100|[from] item: Leftovers
|upkeep
|turn|25
|
|t:|1660139267
|move|p1a: Dragapult|Phantom Force||[still]
|-prepare|p1a: Dragapult|Phantom Force
|move|p2a: Sylveon|Hyper Voice|p1a: Dragapult|[miss]
|-miss|p2a: Sylveon|p1a: Dragapult
|
|-weather|none
|-heal|p2a: Sylveon|66/100|[from] move: Wish|[wisher] Sylveon
|-heal|p2a: Sylveon|73/100|[from] item: Leftovers
|upkeep
|turn|26
|
|t:|1660139270
|switch|p2a: Toxapex|Toxapex, M|100/100
|move|p1a: Dragapult|Phantom Force|p2a: Toxapex|[from]lockedmove
|-damage|p2a: Toxapex|59/100
|
|-heal|p2a: Toxapex|65/100|[from] item: Black Sludge
|upkeep
|turn|27
|
|t:|1660139275
|switch|p1a: Ninetales|Ninetales-Alola, F|64/100 tox
|-weather|Hail|[from] ability: Snow Warning|[of] p1a: Ninetales
|switch|p2a: Rhyperior|Rhyperior, M|100/100
|
|-weather|Hail|[upkeep]
|-damage|p2a: Rhyperior|94/100|[from] Hail
|-heal|p2a: Rhyperior|100/100|[from] item: Leftovers
|-damage|p1a: Ninetales|58/100 tox|[from] psn
|upkeep
|turn|28
|j| BBW Stacy
|
|t:|1660139280
|move|p1a: Ninetales|Freeze-Dry|p2a: Rhyperior
|-supereffective|p2a: Rhyperior
|-damage|p2a: Rhyperior|77/100
|move|p2a: Rhyperior|Stealth Rock|p1a: Ninetales
|-sidestart|p1: lt92pf gray|move: Stealth Rock
|
|-weather|Hail|[upkeep]
|-damage|p2a: Rhyperior|71/100|[from] Hail
|-heal|p2a: Rhyperior|77/100|[from] item: Leftovers
|-damage|p1a: Ninetales|45/100 tox|[from] psn
|upkeep
|turn|29
|
|t:|1660139284
|move|p1a: Ninetales|Freeze-Dry|p2a: Rhyperior
|-supereffective|p2a: Rhyperior
|-damage|p2a: Rhyperior|52/100
|move|p2a: Rhyperior|Heavy Slam|p1a: Ninetales
|-supereffective|p1a: Ninetales
|-damage|p1a: Ninetales|0 fnt
|faint|p1a: Ninetales
|
|-weather|Hail|[upkeep]
|-damage|p2a: Rhyperior|46/100|[from] Hail
|-heal|p2a: Rhyperior|52/100|[from] item: Leftovers
|upkeep
|
|t:|1660139288
|switch|p1a: Arctozolt|Arctozolt|100/100
|turn|30
|
|t:|1660139292
|move|p1a: Arctozolt|Blizzard|p2a: Rhyperior
|-supereffective|p2a: Rhyperior
|-damage|p2a: Rhyperior|11/100
|move|p2a: Rhyperior|Earthquake|p1a: Arctozolt
|-supereffective|p1a: Arctozolt
|-damage|p1a: Arctozolt|0 fnt
|faint|p1a: Arctozolt
|
|-weather|Hail|[upkeep]
|-damage|p2a: Rhyperior|4/100|[from] Hail
|-heal|p2a: Rhyperior|11/100|[from] item: Leftovers
|upkeep
|
|t:|1660139300
|switch|p1a: Dragapult|Dragapult, M|23/100
|-damage|p1a: Dragapult|11/100|[from] Stealth Rock
|turn|31
|-message|lt92pf gray forfeited.
|
|win|Lenape
|raw|lt92pf gray's rating: 1842 &rarr; <strong>1818</strong><br />(-24 for losing)
|raw|Lenape's rating: 1779 &rarr; <strong>1803</strong><br />(+24 for winning)
|l|☆lt92pf gray
