|html|<div class="broadcast-blue"><strong>[Gen 8] OU is currently suspecting Melmetal! For information on how to participate check out the <a href="https://www.smogon.com/forums/threads/np-ss-ou-suspect-process-round-12-monster-mash.3709234/">suspect thread</a>.</strong></div>
|j|☆DepartamentoBasado
|j|☆Mamaw31180
|t:|1666744211
|gametype|singles
|player|p1|DepartamentoBasado|dancer|1841
|player|p2|Mamaw31180|lucas|1827
|teamsize|p1|6
|teamsize|p2|6
|gen|8
|tier|[Gen 8] OU
|rated|
|rule|Sleep Clause Mod: Limit one foe put to sleep
|rule|Species Clause: Limit one of each Pokémon
|rule|OHKO Clause: OHKO moves are banned
|rule|Evasion Items Clause: Evasion items are banned
|rule|Evasion Moves Clause: Evasion moves are banned
|rule|Endless Battle Clause: Forcing endless battles is banned
|rule|HP Percentage Mod: HP is shown in percentages
|rule|Dynamax Clause: You cannot dynamax
|clearpoke
|poke|p1|Hydreigon, M|
|poke|p1|Buzzwole|
|poke|p1|Hippowdon, M|
|poke|p1|Dracozolt|
|poke|p1|Slowking-Galar, F|
|poke|p1|Clefable, F|
|poke|p2|Kartana|
|poke|p2|Blacephalon|
|poke|p2|Landorus-Therian, M|
|poke|p2|Slowbro, F|
|poke|p2|Zapdos|
|poke|p2|Tyranitar, M|
|teampreview
|inactive|Battle timer is ON: inactive players will automatically lose when time's up. (requested by Mamaw31180)
|
|t:|1666744231
|start
|switch|p1a: Trans Rights|Clefable, F|100/100
|switch|p2a: Kartana|Kartana|100/100
|turn|1
|
|t:|1666744240
|switch|p2a: Slowbro|Slowbro, F|100/100
|switch|p1a: Bouncer|Buzzwole|100/100
|
|upkeep
|turn|2
|
|t:|1666744243
|move|p1a: Bouncer|Toxic|p2a: Slowbro
|-status|p2a: Slowbro|tox
|move|p2a: Slowbro|Teleport|p2a: Slowbro
|
|t:|1666744246
|switch|p2a: Blacephalon|Blacephalon|100/100|[from]move: Teleport
|
|upkeep
|turn|3
|
|t:|1666744251
|switch|p1a: Mastermind|Slowking-Galar, F|100/100
|move|p2a: Blacephalon|Overheat|p1a: Mastermind
|-damage|p1a: Mastermind|55/100
|-unboost|p2a: Blacephalon|spa|2
|
|upkeep
|turn|4
|
|t:|1666744260
|switch|p2a: Tyranitar|Tyranitar, M|100/100
|-weather|Sandstorm|[from] ability: Sand Stream|[of] p2a: Tyranitar
|move|p1a: Mastermind|Scald|p2a: Tyranitar
|-supereffective|p2a: Tyranitar
|-damage|p2a: Tyranitar|69/100
|
|-weather|Sandstorm|[upkeep]
|-damage|p1a: Mastermind|49/100|[from] Sandstorm
|upkeep
|turn|5
|
|t:|1666744266
|switch|p2a: Slowbro|Slowbro, F|100/100 tox
|switch|p1a: Bouncer|Buzzwole|100/100
|
|-weather|Sandstorm|[upkeep]
|-damage|p1a: Bouncer|94/100|[from] Sandstorm
|-damage|p2a: Slowbro|94/100 tox|[from] Sandstorm
|-damage|p2a: Slowbro|88/100 tox|[from] psn
|upkeep
|turn|6
|
|t:|1666744269
|switch|p1a: Triple Threat|Hydreigon, M|100/100
|move|p2a: Slowbro|Teleport|p2a: Slowbro
|
|t:|1666744274
|switch|p2a: Landorus|Landorus-Therian, M|100/100|[from]move: Teleport
|-ability|p2a: Landorus|Intimidate|boost
|-unboost|p1a: Triple Threat|atk|1
|
|-weather|Sandstorm|[upkeep]
|-damage|p1a: Triple Threat|94/100|[from] Sandstorm
|upkeep
|turn|7
|
|t:|1666744276
|switch|p1a: Bouncer|Buzzwole|94/100
|move|p2a: Landorus|Stealth Rock|p1a: Bouncer
|-sidestart|p1: DepartamentoBasado|move: Stealth Rock
|
|-weather|Sandstorm|[upkeep]
|-damage|p1a: Bouncer|88/100|[from] Sandstorm
|upkeep
|turn|8
|
|t:|1666744282
|switch|p2a: Slowbro|Slowbro, F|100/100 tox
|move|p1a: Bouncer|Ice Punch|p2a: Slowbro
|-resisted|p2a: Slowbro
|-damage|p2a: Slowbro|94/100 tox
|
|-weather|none
|-damage|p2a: Slowbro|88/100 tox|[from] psn
|upkeep
|turn|9
|
|t:|1666744285
|switch|p1a: Triple Threat|Hydreigon, M|94/100
|-damage|p1a: Triple Threat|82/100|[from] Stealth Rock
|move|p2a: Slowbro|Teleport|p2a: Slowbro
|
|t:|1666744288
|switch|p2a: Landorus|Landorus-Therian, M|100/100|[from]move: Teleport
|-ability|p2a: Landorus|Intimidate|boost
|-unboost|p1a: Triple Threat|atk|1
|
|upkeep
|turn|10
|
|t:|1666744291
|move|p1a: Triple Threat|Defog|p2a: Landorus
|-unboost|p2a: Landorus|evasion|1
|-sideend|p1: DepartamentoBasado|Stealth Rock|[from] move: Defog|[of] p1a: Triple Threat
|move|p2a: Landorus|U-turn|p1a: Triple Threat
|-supereffective|p1a: Triple Threat
|-damage|p1a: Triple Threat|32/100
|inactive|Mamaw31180 has 120 seconds left.
|
|t:|1666744322
|switch|p2a: Tyranitar|Tyranitar, M|69/100|[from]move: U-turn
|-weather|Sandstorm|[from] ability: Sand Stream|[of] p2a: Tyranitar
|
|-weather|Sandstorm|[upkeep]
|-damage|p1a: Triple Threat|26/100|[from] Sandstorm
|upkeep
|turn|11
|
|t:|1666744324
|switch|p1a: Bouncer|Buzzwole|88/100
|move|p2a: Tyranitar|Stone Edge|p1a: Bouncer|[miss]
|-miss|p2a: Tyranitar|p1a: Bouncer
|
|-weather|Sandstorm|[upkeep]
|-damage|p1a: Bouncer|82/100|[from] Sandstorm
|upkeep
|turn|12
|j| Woody Fox
|
|t:|1666744329
|switch|p1a: Triple Threat|Hydreigon, M|26/100
|switch|p2a: Slowbro|Slowbro, F|100/100 tox
|
|-weather|Sandstorm|[upkeep]
|-damage|p1a: Triple Threat|20/100|[from] Sandstorm
|-damage|p2a: Slowbro|94/100 tox|[from] Sandstorm
|-damage|p2a: Slowbro|88/100 tox|[from] psn
|upkeep
|turn|13
|
|t:|1666744332
|move|p1a: Triple Threat|Roost|p1a: Triple Threat
|-heal|p1a: Triple Threat|70/100
|-singleturn|p1a: Triple Threat|move: Roost
|move|p2a: Slowbro|Ice Beam|p1a: Triple Threat
|-supereffective|p1a: Triple Threat
|-damage|p1a: Triple Threat|20/100
|
|-weather|Sandstorm|[upkeep]
|-damage|p1a: Triple Threat|14/100|[from] Sandstorm
|-damage|p2a: Slowbro|82/100 tox|[from] Sandstorm
|-damage|p2a: Slowbro|70/100 tox|[from] psn
|upkeep
|turn|14
|
|t:|1666744336
|move|p1a: Triple Threat|Roost|p1a: Triple Threat
|-heal|p1a: Triple Threat|64/100
|-singleturn|p1a: Triple Threat|move: Roost
|move|p2a: Slowbro|Ice Beam|p1a: Triple Threat
|-supereffective|p1a: Triple Threat
|-damage|p1a: Triple Threat|20/100
|
|-weather|none
|-damage|p2a: Slowbro|52/100 tox|[from] psn
|upkeep
|turn|15
|
|t:|1666744345
|move|p1a: Triple Threat|Dark Pulse|p2a: Slowbro
|-supereffective|p2a: Slowbro
|-enditem|p2a: Slowbro|Colbur Berry|[eat]
|-enditem|p2a: Slowbro|Colbur Berry|[weaken]
|-damage|p2a: Slowbro|1/100 tox
|-damage|p1a: Triple Threat|11/100|[from] item: Life Orb
|move|p2a: Slowbro|Ice Beam|p1a: Triple Threat
|-supereffective|p1a: Triple Threat
|-damage|p1a: Triple Threat|0 fnt
|faint|p1a: Triple Threat
|
|-damage|p2a: Slowbro|0 fnt|[from] psn
|faint|p2a: Slowbro
|upkeep
|
|t:|1666744353
|switch|p1a: Trans Rights|Clefable, F|100/100
|switch|p2a: Blacephalon|Blacephalon|100/100
|turn|16
|
|t:|1666744361
|switch|p2a: Zapdos|Zapdos|100/100
|switch|p1a: Dust Bowl|Hippowdon, M|100/100
|-weather|Sandstorm|[from] ability: Sand Stream|[of] p1a: Dust Bowl
|
|-weather|Sandstorm|[upkeep]
|-damage|p2a: Zapdos|94/100|[from] Sandstorm
|upkeep
|turn|17
|
|t:|1666744366
|switch|p2a: Kartana|Kartana|100/100
|move|p1a: Dust Bowl|Stealth Rock|p2a: Kartana
|-sidestart|p2: Mamaw31180|move: Stealth Rock
|
|-weather|Sandstorm|[upkeep]
|upkeep
|turn|18
|
|t:|1666744371
|switch|p2a: Blacephalon|Blacephalon|100/100
|-damage|p2a: Blacephalon|76/100|[from] Stealth Rock
|switch|p1a: Bouncer|Buzzwole|82/100
|
|-weather|Sandstorm|[upkeep]
|-damage|p2a: Blacephalon|70/100|[from] Sandstorm
|-damage|p1a: Bouncer|76/100|[from] Sandstorm
|upkeep
|turn|19
|j| Jongruenwald
|
|t:|1666744376
|switch|p1a: Mastermind|Slowking-Galar, F|82/100
|move|p2a: Blacephalon|Shadow Ball|p1a: Mastermind
|-supereffective|p1a: Mastermind
|-damage|p1a: Mastermind|24/100
|-unboost|p1a: Mastermind|spd|1
|
|-weather|Sandstorm|[upkeep]
|-damage|p2a: Blacephalon|64/100|[from] Sandstorm
|-damage|p1a: Mastermind|18/100|[from] Sandstorm
|upkeep
|turn|20
|
|t:|1666744379
|switch|p1a: Dust Bowl|Hippowdon, M|100/100
|move|p2a: Blacephalon|Shadow Ball|p1a: Dust Bowl
|-damage|p1a: Dust Bowl|46/100
|
|-weather|Sandstorm|[upkeep]
|-damage|p2a: Blacephalon|58/100|[from] Sandstorm
|upkeep
|turn|21
|
|t:|1666744387
|switch|p1a: Trans Rights|Clefable, F|100/100
|move|p2a: Blacephalon|Shadow Ball|p1a: Trans Rights
|-damage|p1a: Trans Rights|30/100
|-unboost|p1a: Trans Rights|spd|1
|
|-weather|Sandstorm|[upkeep]
|-damage|p2a: Blacephalon|52/100|[from] Sandstorm
|-heal|p1a: Trans Rights|36/100|[from] item: Leftovers
|upkeep
|turn|22
|
|t:|1666744390
|move|p2a: Blacephalon|Shadow Ball|p1a: Trans Rights
|-damage|p1a: Trans Rights|0 fnt
|faint|p1a: Trans Rights
|-ability|p2a: Blacephalon|Beast Boost|boost
|-boost|p2a: Blacephalon|spa|1
|
|-weather|Sandstorm|[upkeep]
|-damage|p2a: Blacephalon|45/100|[from] Sandstorm
|upkeep
|
|t:|1666744391
|switch|p1a: The Reckoning|Dracozolt|100/100
|turn|23
|
|t:|1666744400
|switch|p2a: Zapdos|Zapdos|94/100
|move|p1a: The Reckoning|Dragon Rush|p2a: Zapdos|[miss]
|-miss|p1a: The Reckoning|p2a: Zapdos
|
|-weather|none
|upkeep
|turn|24
|
|t:|1666744406
|switch|p2a: Kartana|Kartana|100/100
|-damage|p2a: Kartana|94/100|[from] Stealth Rock
|move|p1a: The Reckoning|Bolt Beak|p2a: Kartana
|-resisted|p2a: Kartana
|-damage|p2a: Kartana|42/100
|-damage|p1a: The Reckoning|91/100|[from] item: Life Orb
|
|upkeep
|turn|25
|
|t:|1666744410
|switch|p2a: Landorus|Landorus-Therian, M|100/100
|-damage|p2a: Landorus|88/100|[from] Stealth Rock
|-ability|p2a: Landorus|Intimidate|boost
|-unboost|p1a: The Reckoning|atk|1
|switch|p1a: Bouncer|Buzzwole|76/100
|
|-heal|p2a: Landorus|94/100|[from] item: Leftovers
|upkeep
|turn|26
|
|t:|1666744414
|switch|p2a: Zapdos|Zapdos|94/100
|move|p1a: Bouncer|Ice Punch|p2a: Zapdos
|-supereffective|p2a: Zapdos
|-damage|p2a: Zapdos|59/100
|-status|p1a: Bouncer|par|[from] ability: Static|[of] p2a: Zapdos
|
|upkeep
|turn|27
|
|t:|1666744419
|switch|p2a: Tyranitar|Tyranitar, M|69/100
|-damage|p2a: Tyranitar|57/100|[from] Stealth Rock
|-weather|Sandstorm|[from] ability: Sand Stream|[of] p2a: Tyranitar
|switch|p1a: Dust Bowl|Hippowdon, M|46/100
|
|-weather|Sandstorm|[upkeep]
|upkeep
|turn|28
|
|t:|1666744423
|move|p2a: Tyranitar|Crunch|p1a: Dust Bowl
|-damage|p1a: Dust Bowl|0 fnt
|faint|p1a: Dust Bowl
|
|-weather|Sandstorm|[upkeep]
|upkeep
|
|t:|1666744427
|switch|p1a: The Reckoning|Dracozolt|91/100
|turn|29
|
|t:|1666744429
|move|p1a: The Reckoning|Dragon Rush|p2a: Tyranitar
|-damage|p2a: Tyranitar|0 fnt
|faint|p2a: Tyranitar
|-damage|p1a: The Reckoning|81/100|[from] item: Life Orb
|
|-weather|Sandstorm|[upkeep]
|upkeep
|
|t:|1666744434
|switch|p2a: Landorus|Landorus-Therian, M|94/100
|-damage|p2a: Landorus|82/100|[from] Stealth Rock
|-ability|p2a: Landorus|Intimidate|boost
|-unboost|p1a: The Reckoning|atk|1
|turn|30
|
|t:|1666744439
|move|p1a: The Reckoning|Dragon Rush|p2a: Landorus
|-damage|p2a: Landorus|48/100
|-damage|p1a: The Reckoning|71/100|[from] item: Life Orb
|move|p2a: Landorus|Earthquake|p1a: The Reckoning
|-supereffective|p1a: The Reckoning
|-damage|p1a: The Reckoning|0 fnt
|faint|p1a: The Reckoning
|
|-weather|Sandstorm|[upkeep]
|-heal|p2a: Landorus|54/100|[from] item: Leftovers
|upkeep
|-message|DepartamentoBasado forfeited.
|
|win|Mamaw31180
|raw|DepartamentoBasado's rating: 1841 &rarr; <strong>1820</strong><br />(-21 for losing)
|raw|Mamaw31180's rating: 1827 &rarr; <strong>1848</strong><br />(+21 for winning)
|l|☆DepartamentoBasado
||Ladder isn't responding, score probably updated but might not have (Request timeout).
