|j|☆Old McBruh
|j|☆xyz anxiety
|inactive|Battle timer is ON: inactive players will automatically lose when time's up.
|t:|1663766972
|gametype|singles
|player|p1|Old McBruh|emmet|
|player|p2|xyz anxiety|scubadiver|
|teamsize|p1|6
|teamsize|p2|6
|gen|8
|tier|[Gen 8] OU
|rated|Tournament battle
|rule|Sleep Clause Mod: Limit one foe put to sleep
|rule|Species Clause: Limit one of each Pokémon
|rule|OHKO Clause: OHKO moves are banned
|rule|Evasion Items Clause: Evasion items are banned
|rule|Evasion Moves Clause: Evasion moves are banned
|rule|Endless Battle Clause: Forcing endless battles is banned
|rule|HP Percentage Mod: HP is shown in percentages
|rule|Dynamax Clause: You cannot dynamax
|clearpoke
|poke|p1|Darmanitan, M|
|poke|p1|Mew|
|poke|p1|Weavile, M|
|poke|p1|Polteageist-Antique|
|poke|p1|Galvantula, M|
|poke|p1|Volcarona, M|
|poke|p2|Mew|
|poke|p2|Dragapult, M|
|poke|p2|Blaziken, F|
|poke|p2|Weavile, M|
|poke|p2|Kartana|
|poke|p2|Landorus-Therian, M|
|teampreview
|inactive|xyz anxiety also wants the timer to be on.
|
|t:|1663766980
|start
|switch|p1a: Spyder|Galvantula, M|100/100
|switch|p2a: Mew|Mew|100/100
|turn|1
|
|t:|1663766985
|move|p1a: Spyder|Bug Buzz|p2a: Mew
|-supereffective|p2a: Mew
|-damage|p2a: Mew|35/100
|-unboost|p2a: Mew|spd|1
|move|p2a: Mew|Stealth Rock|p1a: Spyder
|-sidestart|p1: Old McBruh|move: Stealth Rock
|
|upkeep
|turn|2
|
|t:|1663767000
|move|p1a: Spyder|Sticky Web|p2a: Mew
|-sidestart|p2: xyz anxiety|move: Sticky Web
|move|p2a: Mew|Spikes|p1a: Spyder
|-sidestart|p1: Old McBruh|Spikes
|
|upkeep
|turn|3
|
|t:|1663767005
|move|p1a: Spyder|Bug Buzz|p2a: Mew
|-supereffective|p2a: Mew
|-damage|p2a: Mew|0 fnt
|faint|p2a: Mew
|
|upkeep
|
|t:|1663767006
|switch|p2a: Landorus|Landorus-Therian, M|100/100
|-ability|p2a: Landorus|Intimidate|boost
|-unboost|p1a: Spyder|atk|1
|turn|4
|
|t:|1663767013
|move|p1a: Spyder|Bug Buzz|p2a: Landorus
|-resisted|p2a: Landorus
|-damage|p2a: Landorus|79/100
|move|p2a: Landorus|Earthquake|p1a: Spyder
|-damage|p1a: Spyder|2/100
|
|upkeep
|turn|5
|
|t:|1663767029
|move|p1a: Spyder|Bug Buzz|p2a: Landorus
|-resisted|p2a: Landorus
|-damage|p2a: Landorus|56/100
|move|p2a: Landorus|Earthquake|p1a: Spyder
|-damage|p1a: Spyder|0 fnt
|faint|p1a: Spyder
|
|upkeep
|
|t:|1663767034
|switch|p1a: Weavile|Weavile, M|100/100
|-damage|p1a: Weavile|76/100|[from] Stealth Rock
|-damage|p1a: Weavile|63/100|[from] Spikes
|turn|6
|
|t:|1663767047
|move|p1a: Weavile|Ice Shard|p2a: Landorus
|-supereffective|p2a: Landorus
|-damage|p2a: Landorus|0 fnt
|faint|p2a: Landorus
|
|upkeep
|
|t:|1663767054
|switch|p2a: Blaziken|Blaziken, F|100/100
|-item|p2a: Blaziken|Air Balloon
|turn|7
|
|t:|1663767067
|move|p1a: Weavile|Swords Dance|p1a: Weavile
|-boost|p1a: Weavile|atk|2
|move|p2a: Blaziken|Swords Dance|p2a: Blaziken
|-boost|p2a: Blaziken|atk|2
|
|-ability|p2a: Blaziken|Speed Boost|boost
|-boost|p2a: Blaziken|spe|1
|upkeep
|turn|8
|
|t:|1663767079
|move|p1a: Weavile|Ice Shard|p2a: Blaziken
|-resisted|p2a: Blaziken
|-damage|p2a: Blaziken|69/100
|-enditem|p2a: Blaziken|Air Balloon
|move|p2a: Blaziken|Close Combat|p1a: Weavile
|-supereffective|p1a: Weavile
|-damage|p1a: Weavile|0 fnt
|-unboost|p2a: Blaziken|def|1
|-unboost|p2a: Blaziken|spd|1
|faint|p1a: Weavile
|
|-ability|p2a: Blaziken|Speed Boost|boost
|-boost|p2a: Blaziken|spe|1
|upkeep
|
|t:|1663767085
|switch|p1a: KABOOM?|Mew, shiny|100/100
|-damage|p1a: KABOOM?|88/100|[from] Stealth Rock
|-damage|p1a: KABOOM?|76/100|[from] Spikes
|turn|9
|
|t:|1663767088
|move|p2a: Blaziken|Flare Blitz|p1a: KABOOM?
|-damage|p1a: KABOOM?|0 fnt
|faint|p1a: KABOOM?
|-damage|p2a: Blaziken|36/100|[from] Recoil
|
|-ability|p2a: Blaziken|Speed Boost|boost
|-boost|p2a: Blaziken|spe|1
|upkeep
|
|t:|1663767092
|switch|p1a: Game over Monke|Darmanitan, M, shiny|100/100
|-damage|p1a: Game over Monke|76/100|[from] Stealth Rock
|-damage|p1a: Game over Monke|63/100|[from] Spikes
|turn|10
|
|t:|1663767095
|move|p2a: Blaziken|Close Combat|p1a: Game over Monke
|-damage|p1a: Game over Monke|0 fnt
|-unboost|p2a: Blaziken|def|1
|-unboost|p2a: Blaziken|spd|1
|faint|p1a: Game over Monke
|
|-ability|p2a: Blaziken|Speed Boost|boost
|-boost|p2a: Blaziken|spe|1
|upkeep
|
|t:|1663767100
|switch|p1a: Gen 5 PTSD|Volcarona, M|100/100
|turn|11
|
|t:|1663767109
|move|p2a: Blaziken|Flare Blitz|p1a: Gen 5 PTSD
|-damage|p1a: Gen 5 PTSD|0 fnt
|faint|p1a: Gen 5 PTSD
|-damage|p2a: Blaziken|2/100|[from] Recoil
|
|-ability|p2a: Blaziken|Speed Boost|boost
|-boost|p2a: Blaziken|spe|1
|upkeep
|c|☆Old McBruh|wlp
|c|☆Old McBruh|gg
|c|☆xyz anxiety|gg
|
|t:|1663767120
|switch|p1a: Polteageist|Polteageist-Antique, shiny|100/100
|-damage|p1a: Polteageist|88/100|[from] Stealth Rock
|-damage|p1a: Polteageist|76/100|[from] Spikes
|turn|12
|
|t:|1663767122
|move|p2a: Blaziken|Dual Chop|p1a: Polteageist
|-damage|p1a: Polteageist|20/100
|-ability|p1a: Polteageist|Weak Armor|boost
|-unboost|p1a: Polteageist|def|1
|-boost|p1a: Polteageist|spe|2
|-damage|p1a: Polteageist|0 fnt
|faint|p1a: Polteageist
|-hitcount|p1: Polteageist|2
|
|win|xyz anxiety
|n|☆Old McBruh|oldmcbruh
|n|☆xyz anxiety|xyzanxiety
