|j|☆savage14455
|j|☆tyler van dyke
|t:|1646279362
|gametype|singles
|player|p1|savage14455|169|1658
|player|p2|tyler van dyke|harlequin|1834
|teamsize|p1|6
|teamsize|p2|6
|gen|8
|tier|[Gen 8] OU
|rated|
|rule|Sleep Clause Mod: Limit one foe put to sleep
|rule|Species Clause: Limit one of each Pokémon
|rule|OHKO Clause: OHKO moves are banned
|rule|Evasion Moves Clause: Evasion moves are banned
|rule|Endless Battle Clause: Forcing endless battles is banned
|rule|HP Percentage Mod: HP is shown in percentages
|rule|Dynamax Clause: You cannot dynamax
|clearpoke
|poke|p1|Necrozma|
|poke|p1|Scolipede, M|
|poke|p1|Cloyster, F|
|poke|p1|Turtonator, M|
|poke|p1|Stakataka|
|poke|p1|Sharpedo, M|
|poke|p2|Toxtricity, F|
|poke|p2|Blacephalon|
|poke|p2|Landorus-Therian, M|
|poke|p2|Dragapult, F|
|poke|p2|Tyranitar, F|
|poke|p2|Corviknight, M|
|teampreview
|inactive|Battle timer is ON: inactive players will automatically lose when time's up. (requested by tyler van dyke)
|
|t:|1646279370
|start
|switch|p1a: Scolipede|Scolipede, M, shiny|100/100
|switch|p2a: Dragapult|Dragapult, F|100/100
|turn|1
|
|t:|1646279374
|move|p2a: Dragapult|Shadow Ball|p1a: Scolipede
|-damage|p1a: Scolipede|19/100
|move|p1a: Scolipede|Throat Chop|p2a: Dragapult
|-supereffective|p2a: Dragapult
|-damage|p2a: Dragapult|56/100
|-start|p2a: Dragapult|Throat Chop|[silent]
|
|-ability|p1a: Scolipede|Speed Boost|boost
|-boost|p1a: Scolipede|spe|1
|upkeep
|turn|2
|
|t:|1646279380
|move|p1a: Scolipede|Throat Chop|p2a: Dragapult
|-supereffective|p2a: Dragapult
|-damage|p2a: Dragapult|7/100
|move|p2a: Dragapult|Shadow Ball|p1a: Scolipede
|-damage|p1a: Scolipede|0 fnt
|faint|p1a: Scolipede
|
|-end|p2a: Dragapult|Throat Chop|[silent]
|upkeep
|
|t:|1646279383
|switch|p1a: Sharpedo|Sharpedo, M, shiny|100/100
|turn|3
|j| death with dignity
|
|t:|1646279386
|move|p1a: Sharpedo|Protect|p1a: Sharpedo
|-singleturn|p1a: Sharpedo|Protect
|move|p2a: Dragapult|Shadow Ball|p1a: Sharpedo
|-activate|p1a: Sharpedo|move: Protect
|
|-ability|p1a: Sharpedo|Speed Boost|boost
|-boost|p1a: Sharpedo|spe|1
|upkeep
|turn|4
|
|t:|1646279391
|switch|p2a: Corviknight|Corviknight, M|100/100
|-ability|p2a: Corviknight|Pressure
|move|p1a: Sharpedo|Waterfall|p2a: Corviknight
|-damage|p2a: Corviknight|68/100
|-damage|p1a: Sharpedo|84/100|[from] item: Rocky Helmet|[of] p2a: Corviknight
|-damage|p1a: Sharpedo|74/100|[from] item: Life Orb
|
|-ability|p1a: Sharpedo|Speed Boost|boost
|-boost|p1a: Sharpedo|spe|1
|upkeep
|turn|5
|
|t:|1646279395
|switch|p1a: Cloyster|Cloyster, F, shiny|100/100
|move|p2a: Corviknight|U-turn|p1a: Cloyster
|-damage|p1a: Cloyster|88/100
|
|t:|1646279402
|switch|p2a: Blacephalon|Blacephalon|100/100|[from]move: U-turn
|
|upkeep
|turn|6
|
|t:|1646279404
|move|p2a: Blacephalon|Shadow Ball|p1a: Cloyster
|-crit|p1a: Cloyster
|-damage|p1a: Cloyster|0 fnt
|faint|p1a: Cloyster
|-ability|p2a: Blacephalon|Beast Boost|boost
|-boost|p2a: Blacephalon|spa|1
|
|upkeep
|
|t:|1646279410
|switch|p1a: Sharpedo|Sharpedo, M, shiny|74/100
|turn|7
|
|t:|1646279415
|move|p2a: Blacephalon|Shadow Ball|p1a: Sharpedo
|-resisted|p1a: Sharpedo
|-damage|p1a: Sharpedo|0 fnt
|faint|p1a: Sharpedo
|-ability|p2a: Blacephalon|Beast Boost|boost
|-boost|p2a: Blacephalon|spa|1
|
|upkeep
|
|t:|1646279418
|switch|p1a: Stakataka|Stakataka|100/100
|-item|p1a: Stakataka|Air Balloon
|turn|8
|
|t:|1646279421
|move|p2a: Blacephalon|Shadow Ball|p1a: Stakataka
|-damage|p1a: Stakataka|0 fnt
|-enditem|p1a: Stakataka|Air Balloon
|faint|p1a: Stakataka
|-ability|p2a: Blacephalon|Beast Boost|boost
|-boost|p2a: Blacephalon|spa|1
|
|upkeep
|-message|savage14455 forfeited.
|
|win|tyler van dyke
|raw|savage14455's rating: 1658 &rarr; <strong>1647</strong><br />(-11 for losing)
|raw|tyler van dyke's rating: 1834 &rarr; <strong>1845</strong><br />(+11 for winning)
|l|☆savage14455
|l| death with dignity
||Ladder isn't responding, score probably updated but might not have (Request timeout).
