|html|<div class="broadcast-blue"><strong>[Gen 8] OU is currently suspecting Melmetal! For information on how to participate check out the <a href="https://www.smogon.com/forums/threads/np-ss-ou-suspect-process-round-12-monster-mash.3709234/">suspect thread</a>.</strong></div>
|j|☆minimax_ai
|j|‽hypervortexreturns
|t:|1666166364
|gametype|singles
|player|p1|minimax_ai|lusamine-nihilego|1633
|player|p2|hypervortexreturns|265|1906
|teamsize|p1|6
|teamsize|p2|6
|gen|8
|tier|[Gen 8] OU
|rated|
|rule|Sleep Clause Mod: Limit one foe put to sleep
|rule|Species Clause: Limit one of each Pokémon
|rule|OHKO Clause: OHKO moves are banned
|rule|Evasion Items Clause: Evasion items are banned
|rule|Evasion Moves Clause: Evasion moves are banned
|rule|Endless Battle Clause: Forcing endless battles is banned
|rule|HP Percentage Mod: HP is shown in percentages
|rule|Dynamax Clause: You cannot dynamax
|clearpoke
|poke|p1|Rotom-Wash|
|poke|p1|Weavile, M|
|poke|p1|Landorus-Therian, M|
|poke|p1|Heatran, M|
|poke|p1|Tangrowth, F|
|poke|p1|Melmetal|
|poke|p2|Hydreigon, F|
|poke|p2|Zapdos|
|poke|p2|Tangrowth, M|
|poke|p2|Corviknight, F|
|poke|p2|Excadrill, F|
|poke|p2|Azumarill, F|
|teampreview
|c|☆minimax_ai|hf
|inactive|Battle timer is ON: inactive players will automatically lose when time's up. (requested by minimax_ai)
|
|t:|1666166371
|start
|switch|p1a: landorustherian|Landorus-Therian, M|100/100
|switch|p2a: Tangrowth|Tangrowth, M|100/100
|-ability|p1a: landorustherian|Intimidate|boost
|-unboost|p2a: Tangrowth|atk|1
|turn|1
|
|t:|1666166379
|move|p1a: landorustherian|U-turn|p2a: Tangrowth
|-supereffective|p2a: Tangrowth
|-damage|p2a: Tangrowth|75/100
|-damage|p1a: landorustherian|84/100|[from] item: Rocky Helmet|[of] p2a: Tangrowth
|
|t:|1666166380
|switch|p1a: Heatran|Heatran, M|100/100|[from]move: U-turn
|-item|p1a: Heatran|Air Balloon
|move|p2a: Tangrowth|Knock Off|p1a: Heatran
|-damage|p1a: Heatran|85/100
|-enditem|p1a: Heatran|Air Balloon
|
|upkeep
|turn|2
|
|t:|1666166396
|switch|p2a: Hydreigon|Hydreigon, F|100/100
|move|p1a: Heatran|Magma Storm|p2a: Hydreigon
|-resisted|p2a: Hydreigon
|-damage|p2a: Hydreigon|74/100
|-activate|p2a: Hydreigon|move: Magma Storm|[of] p1a: Heatran
|
|-heal|p2a: Hydreigon|80/100|[from] item: Leftovers
|-damage|p2a: Hydreigon|68/100|[from] move: Magma Storm|[partiallytrapped]
|upkeep
|turn|3
|
|t:|1666166412
|switch|p1a: Melmetal|Melmetal|100/100
|move|p2a: Hydreigon|Dark Pulse|p1a: Melmetal
|-damage|p1a: Melmetal|83/100
|
|-heal|p2a: Hydreigon|74/100|[from] item: Leftovers
|-end|p2a: Hydreigon|Magma Storm|[partiallytrapped]|[silent]
|upkeep
|turn|4
|
|t:|1666166427
|switch|p2a: Tangrowth|Tangrowth, M|100/100
|move|p1a: Melmetal|Ice Punch|p2a: Tangrowth
|-supereffective|p2a: Tangrowth
|-damage|p2a: Tangrowth|66/100
|-damage|p1a: Melmetal|66/100|[from] item: Rocky Helmet|[of] p2a: Tangrowth
|
|upkeep
|turn|5
|j| Palladiawa A
|
|t:|1666166439
|move|p2a: Tangrowth|Sleep Powder|p1a: Melmetal
|-status|p1a: Melmetal|slp|[from] move: Sleep Powder
|cant|p1a: Melmetal|slp
|
|upkeep
|turn|6
|
|t:|1666166446
|move|p2a: Tangrowth|Knock Off|p1a: Melmetal
|-damage|p1a: Melmetal|53/100 slp
|-enditem|p1a: Melmetal|Assault Vest|[from] move: Knock Off|[of] p2a: Tangrowth
|cant|p1a: Melmetal|slp
|
|upkeep
|turn|7
|
|t:|1666166455
|move|p2a: Tangrowth|Focus Blast|p1a: Melmetal|[miss]
|-miss|p2a: Tangrowth|p1a: Melmetal
|-curestatus|p1a: Melmetal|slp|[msg]
|move|p1a: Melmetal|Ice Punch|p2a: Tangrowth
|-supereffective|p2a: Tangrowth
|-damage|p2a: Tangrowth|28/100
|-damage|p1a: Melmetal|36/100|[from] item: Rocky Helmet|[of] p2a: Tangrowth
|
|upkeep
|turn|8
|
|t:|1666166472
|move|p2a: Tangrowth|Sleep Powder|p1a: Melmetal
|-status|p1a: Melmetal|slp|[from] move: Sleep Powder
|cant|p1a: Melmetal|slp
|
|upkeep
|turn|9
|
|t:|1666166490
|switch|p2a: Excadrill|Excadrill, F|100/100
|-ability|p2a: Excadrill|Mold Breaker
|cant|p1a: Melmetal|slp
|
|upkeep
|turn|10
|
|t:|1666166501
|switch|p1a: landorustherian|Landorus-Therian, M|84/100
|-ability|p1a: landorustherian|Intimidate|boost
|-unboost|p2a: Excadrill|atk|1
|move|p2a: Excadrill|Stealth Rock|p1a: landorustherian
|-sidestart|p1: minimax_ai|move: Stealth Rock
|
|-heal|p1a: landorustherian|90/100|[from] item: Leftovers
|upkeep
|turn|11
|inactive|hypervortexreturns has 120 seconds left.
|
|t:|1666166519
|switch|p2a: Zapdos|Zapdos|100/100
|move|p1a: landorustherian|Defog|p2a: Zapdos
|-unboost|p2a: Zapdos|evasion|1
|-sideend|p1: minimax_ai|Stealth Rock|[from] move: Defog|[of] p1a: landorustherian
|
|-heal|p1a: landorustherian|96/100|[from] item: Leftovers
|upkeep
|turn|12
|inactive|hypervortexreturns has 120 seconds left.
|
|t:|1666166533
|move|p2a: Zapdos|Hurricane|p1a: landorustherian
|-damage|p1a: landorustherian|64/100
|move|p1a: landorustherian|Toxic|p2a: Zapdos
|-status|p2a: Zapdos|tox
|
|-heal|p1a: landorustherian|70/100|[from] item: Leftovers
|-damage|p2a: Zapdos|94/100 tox|[from] psn
|upkeep
|turn|13
|inactive|hypervortexreturns has 120 seconds left.
|
|t:|1666166547
|move|p2a: Zapdos|Toxic|p1a: landorustherian
|-status|p1a: landorustherian|tox
|move|p1a: landorustherian|Earthquake|p2a: Zapdos
|-immune|p2a: Zapdos
|
|-heal|p1a: landorustherian|76/100 tox|[from] item: Leftovers
|-damage|p2a: Zapdos|82/100 tox|[from] psn
|-damage|p1a: landorustherian|70/100 tox|[from] psn
|upkeep
|turn|14
|inactive|hypervortexreturns has 120 seconds left.
|
|t:|1666166559
|switch|p1a: Weavile|Weavile, M|100/100
|-ability|p1a: Weavile|Pressure
|move|p2a: Zapdos|Hurricane|p1a: Weavile
|-damage|p1a: Weavile|34/100
|-start|p1a: Weavile|confusion
|
|-damage|p2a: Zapdos|63/100 tox|[from] psn
|upkeep
|turn|15
|inactive|hypervortexreturns has 120 seconds left.
|c| Palladiawa A|what are you predicting
|
|t:|1666166571
|-activate|p1a: Weavile|confusion
|move|p1a: Weavile|Ice Shard|p2a: Zapdos
|-supereffective|p2a: Zapdos
|-damage|p2a: Zapdos|0 fnt
|faint|p2a: Zapdos
|
|upkeep
|inactive|hypervortexreturns has 120 seconds left.
|
|t:|1666166584
|switch|p2a: Excadrill|Excadrill, F|100/100
|-ability|p2a: Excadrill|Mold Breaker
|turn|16
|j| yuwenhu
|c| Palladiawa A|to earthquake
|inactive|hypervortexreturns has 120 seconds left.
|
|t:|1666166591
|switch|p1a: Tangrowth|Tangrowth, F|100/100
|move|p2a: Excadrill|Stealth Rock|p1a: Tangrowth
|-sidestart|p1: minimax_ai|move: Stealth Rock
|
|upkeep
|turn|17
|inactive|hypervortexreturns has 120 seconds left.
|
|t:|1666166610
|switch|p2a: Corviknight|Corviknight, F|100/100
|-ability|p2a: Corviknight|Pressure
|move|p1a: Tangrowth|Focus Blast|p2a: Corviknight
|-damage|p2a: Corviknight|78/100
|-unboost|p2a: Corviknight|spd|1
|
|-heal|p2a: Corviknight|85/100|[from] item: Leftovers
|upkeep
|turn|18
|inactive|hypervortexreturns has 120 seconds left.
|
|t:|1666166621
|move|p2a: Corviknight|Taunt|p1a: Tangrowth
|-start|p1a: Tangrowth|move: Taunt
|move|p1a: Tangrowth|Focus Blast|p2a: Corviknight
|-crit|p2a: Corviknight
|-damage|p2a: Corviknight|40/100
|
|-heal|p2a: Corviknight|46/100|[from] item: Leftovers
|upkeep
|turn|19
|inactive|hypervortexreturns has 120 seconds left.
|
|t:|1666166631
|move|p2a: Corviknight|Roost|p2a: Corviknight
|-heal|p2a: Corviknight|96/100
|-singleturn|p2a: Corviknight|move: Roost
|move|p1a: Tangrowth|Focus Blast|p2a: Corviknight
|-supereffective|p2a: Corviknight
|-damage|p2a: Corviknight|36/100
|
|-heal|p2a: Corviknight|42/100|[from] item: Leftovers
|upkeep
|turn|20
|inactive|hypervortexreturns has 120 seconds left.
|
|t:|1666166641
|move|p2a: Corviknight|Roost|p2a: Corviknight
|-heal|p2a: Corviknight|92/100
|-singleturn|p2a: Corviknight|move: Roost
|move|p1a: Tangrowth|Focus Blast|p2a: Corviknight
|-supereffective|p2a: Corviknight
|-damage|p2a: Corviknight|34/100
|
|-heal|p2a: Corviknight|40/100|[from] item: Leftovers
|-end|p1a: Tangrowth|move: Taunt
|upkeep
|turn|21
|inactive|hypervortexreturns has 120 seconds left.
|
|t:|1666166654
|move|p2a: Corviknight|Taunt|p1a: Tangrowth
|-start|p1a: Tangrowth|move: Taunt
|move|p1a: Tangrowth|Knock Off|p2a: Corviknight
|-damage|p2a: Corviknight|23/100
|-enditem|p2a: Corviknight|Leftovers|[from] move: Knock Off|[of] p1a: Tangrowth
|
|upkeep
|turn|22
|
|t:|1666166662
|switch|p1a: landorustherian|Landorus-Therian, M|70/100 tox
|-damage|p1a: landorustherian|58/100 tox|[from] Stealth Rock
|-ability|p1a: landorustherian|Intimidate|boost
|-unboost|p2a: Corviknight|atk|1
|move|p2a: Corviknight|Roost|p2a: Corviknight
|-heal|p2a: Corviknight|73/100
|-singleturn|p2a: Corviknight|move: Roost
|
|-heal|p1a: landorustherian|64/100 tox|[from] item: Leftovers
|-damage|p1a: landorustherian|58/100 tox|[from] psn
|upkeep
|turn|23
|
|t:|1666166675
|move|p1a: landorustherian|Defog|p2a: Corviknight
|-unboost|p2a: Corviknight|evasion|1
|-sideend|p1: minimax_ai|Stealth Rock|[from] move: Defog|[of] p1a: landorustherian
|move|p2a: Corviknight|Brave Bird|p1a: landorustherian
|-damage|p1a: landorustherian|33/100 tox
|-damage|p2a: Corviknight|65/100|[from] Recoil
|
|-heal|p1a: landorustherian|39/100 tox|[from] item: Leftovers
|-damage|p1a: landorustherian|26/100 tox|[from] psn
|upkeep
|turn|24
|
|t:|1666166690
|move|p1a: landorustherian|U-turn|p2a: Corviknight
|-resisted|p2a: Corviknight
|-damage|p2a: Corviknight|61/100
|
|t:|1666166691
|switch|p1a: Heatran|Heatran, M|85/100|[from]move: U-turn
|move|p2a: Corviknight|Brave Bird|p1a: Heatran
|-resisted|p1a: Heatran
|-damage|p1a: Heatran|73/100
|-damage|p2a: Corviknight|58/100|[from] Recoil
|
|upkeep
|turn|25
|
|t:|1666166705
|switch|p2a: Hydreigon|Hydreigon, F|74/100
|move|p1a: Heatran|Stealth Rock|p2a: Hydreigon
|-sidestart|p2: hypervortexreturns|move: Stealth Rock
|
|-heal|p2a: Hydreigon|80/100|[from] item: Leftovers
|upkeep
|turn|26
|
|t:|1666166715
|switch|p1a: rotomwash|Rotom-Wash|100/100
|move|p2a: Hydreigon|Earth Power|p1a: rotomwash
|-immune|p1a: rotomwash|[from] ability: Levitate
|
|-heal|p2a: Hydreigon|86/100|[from] item: Leftovers
|upkeep
|turn|27
|
|t:|1666166724
|move|p2a: Hydreigon|Dark Pulse|p1a: rotomwash
|-damage|p1a: rotomwash|65/100
|move|p1a: rotomwash|Nasty Plot|p1a: rotomwash
|-boost|p1a: rotomwash|spa|2
|
|-heal|p2a: Hydreigon|93/100|[from] item: Leftovers
|-heal|p1a: rotomwash|71/100|[from] item: Leftovers
|upkeep
|turn|28
|
|t:|1666166736
|move|p2a: Hydreigon|Nasty Plot|p2a: Hydreigon
|-boost|p2a: Hydreigon|spa|2
|move|p1a: rotomwash|Pain Split|p2a: Hydreigon
|-sethp|p2a: Hydreigon|74/100|[from] move: Pain Split|[silent]
|-sethp|p1a: rotomwash|94/100|[from] move: Pain Split
|
|-heal|p2a: Hydreigon|81/100|[from] item: Leftovers
|-heal|p1a: rotomwash|99/100|[from] item: Leftovers
|upkeep
|turn|29
|
|t:|1666166746
|switch|p1a: Melmetal|Melmetal|36/100 slp
|move|p2a: Hydreigon|Dark Pulse|p1a: Melmetal
|-damage|p1a: Melmetal|0 fnt
|faint|p1a: Melmetal
|
|-heal|p2a: Hydreigon|87/100|[from] item: Leftovers
|upkeep
|
|t:|1666166746
|switch|p1a: Weavile|Weavile, M|34/100
|-ability|p1a: Weavile|Pressure
|turn|30
|l| yuwenhu
|inactive|hypervortexreturns has 120 seconds left.
|
|t:|1666166803
|switch|p2a: Tangrowth|Tangrowth, M|61/100
|-damage|p2a: Tangrowth|49/100|[from] Stealth Rock
|move|p1a: Weavile|Triple Axel|p2a: Tangrowth
|-supereffective|p2a: Tangrowth
|-damage|p2a: Tangrowth|32/100
|-damage|p1a: Weavile|18/100|[from] item: Rocky Helmet|[of] p2a: Tangrowth
|-supereffective|p2a: Tangrowth
|-damage|p2a: Tangrowth|0 fnt
|-damage|p1a: Weavile|1/100|[from] item: Rocky Helmet|[of] p2a: Tangrowth
|faint|p2a: Tangrowth
|-hitcount|p2: Tangrowth|2
|
|upkeep
|inactive|hypervortexreturns has 90 seconds left.
|
|t:|1666166838
|switch|p2a: Azumarill|Azumarill, F|100/100
|-damage|p2a: Azumarill|88/100|[from] Stealth Rock
|turn|31
|
|t:|1666166848
|move|p1a: Weavile|Triple Axel|p2a: Azumarill
|-resisted|p2a: Azumarill
|-damage|p2a: Azumarill|79/100
|-resisted|p2a: Azumarill
|-crit|p2a: Azumarill
|-damage|p2a: Azumarill|51/100
|-resisted|p2a: Azumarill
|-damage|p2a: Azumarill|26/100
|-enditem|p2a: Azumarill|Sitrus Berry|[eat]
|-heal|p2a: Azumarill|51/100|[from] item: Sitrus Berry
|-hitcount|p2a: Azumarill|3
|move|p2a: Azumarill|Knock Off|p1a: Weavile
|-resisted|p1a: Weavile
|-damage|p1a: Weavile|0 fnt
|-enditem|p1a: Weavile|Choice Band|[from] move: Knock Off|[of] p2a: Azumarill
|faint|p1a: Weavile
|
|upkeep
|
|t:|1666166848
|switch|p1a: Tangrowth|Tangrowth, F|100/100
|turn|32
|
|t:|1666166869
|switch|p2a: Corviknight|Corviknight, F|58/100
|-damage|p2a: Corviknight|45/100|[from] Stealth Rock
|-ability|p2a: Corviknight|Pressure
|move|p1a: Tangrowth|Sleep Powder|p2a: Corviknight
|-status|p2a: Corviknight|slp|[from] move: Sleep Powder
|
|upkeep
|turn|33
|inactive|hypervortexreturns has 60 seconds left.
|
|t:|1666166884
|switch|p2a: Hydreigon|Hydreigon, F|87/100
|-damage|p2a: Hydreigon|74/100|[from] Stealth Rock
|move|p1a: Tangrowth|Knock Off|p2a: Hydreigon
|-resisted|p2a: Hydreigon
|-damage|p2a: Hydreigon|64/100
|-enditem|p2a: Hydreigon|Leftovers|[from] move: Knock Off|[of] p1a: Tangrowth
|
|upkeep
|turn|34
|inactive|hypervortexreturns has 60 seconds left.
|
|t:|1666166896
|move|p2a: Hydreigon|Nasty Plot|p2a: Hydreigon
|-boost|p2a: Hydreigon|spa|2
|move|p1a: Tangrowth|Giga Drain|p2a: Hydreigon
|-resisted|p2a: Hydreigon
|-damage|p2a: Hydreigon|49/100
|
|upkeep
|turn|35
|
|t:|1666166904
|switch|p1a: landorustherian|Landorus-Therian, M|26/100 tox
|-ability|p1a: landorustherian|Intimidate|boost
|-unboost|p2a: Hydreigon|atk|1
|move|p2a: Hydreigon|Roost|p2a: Hydreigon
|-heal|p2a: Hydreigon|99/100
|-singleturn|p2a: Hydreigon|move: Roost
|
|-heal|p1a: landorustherian|33/100 tox|[from] item: Leftovers
|-damage|p1a: landorustherian|26/100 tox|[from] psn
|upkeep
|turn|36
|
|t:|1666166915
|move|p2a: Hydreigon|Dark Pulse|p1a: landorustherian
|-damage|p1a: landorustherian|0 fnt
|faint|p1a: landorustherian
|
|upkeep
|
|t:|1666166915
|switch|p1a: rotomwash|Rotom-Wash|99/100
|turn|37
|
|t:|1666166923
|move|p2a: Hydreigon|Dark Pulse|p1a: rotomwash
|-damage|p1a: rotomwash|26/100
|move|p1a: rotomwash|Thunderbolt|p2a: Hydreigon
|-resisted|p2a: Hydreigon
|-damage|p2a: Hydreigon|82/100
|
|-heal|p1a: rotomwash|32/100|[from] item: Leftovers
|upkeep
|turn|38
|
|t:|1666166932
|move|p2a: Hydreigon|Dark Pulse|p1a: rotomwash
|-damage|p1a: rotomwash|0 fnt
|faint|p1a: rotomwash
|
|upkeep
|
|t:|1666166932
|switch|p1a: Tangrowth|Tangrowth, F|100/100
|turn|39
|inactive|hypervortexreturns has 90 seconds left.
|j| 654654m
|
|t:|1666166939
|switch|p1a: Heatran|Heatran, M|73/100
|move|p2a: Hydreigon|Dark Pulse|p1a: Heatran
|-crit|p1a: Heatran
|-damage|p1a: Heatran|0 fnt
|faint|p1a: Heatran
|
|upkeep
|
|t:|1666166939
|switch|p1a: Tangrowth|Tangrowth, F|100/100
|turn|40
|l| Palladiawa A
|
|t:|1666166949
|move|p2a: Hydreigon|Dark Pulse|p1a: Tangrowth
|-damage|p1a: Tangrowth|11/100
|move|p1a: Tangrowth|Giga Drain|p2a: Hydreigon
|-resisted|p2a: Hydreigon
|-damage|p2a: Hydreigon|68/100
|-heal|p1a: Tangrowth|17/100|[from] drain|[of] p2a: Hydreigon
|
|upkeep
|turn|41
|
|t:|1666166957
|move|p2a: Hydreigon|Dark Pulse|p1a: Tangrowth
|-damage|p1a: Tangrowth|0 fnt
|faint|p1a: Tangrowth
|
|win|hypervortexreturns
|raw|minimax_ai's rating: 1633 &rarr; <strong>1626</strong><br />(-7 for losing)
|raw|hypervortexreturns's rating: 1906 &rarr; <strong>1913</strong><br />(+7 for winning)
|c|☆minimax_ai|gg
