|j|☆minimax_ai
|j|☆iopkj09
|t:|1662806247
|gametype|singles
|player|p1|minimax_ai|lusamine-nihilego|1550
|player|p2|iopkj09|nate|1690
|teamsize|p1|6
|teamsize|p2|6
|gen|8
|tier|[Gen 8] OU
|rated|
|rule|Sleep Clause Mod: Limit one foe put to sleep
|rule|Species Clause: Limit one of each Pokémon
|rule|OHKO Clause: OHKO moves are banned
|rule|Evasion Items Clause: Evasion items are banned
|rule|Evasion Moves Clause: Evasion moves are banned
|rule|Endless Battle Clause: Forcing endless battles is banned
|rule|HP Percentage Mod: HP is shown in percentages
|rule|Dynamax Clause: You cannot dynamax
|clearpoke
|poke|p1|Rotom-Wash|
|poke|p1|Weavile, M|
|poke|p1|Landorus-Therian, M|
|poke|p1|Heatran, M|
|poke|p1|Tangrowth, F|
|poke|p1|Melmetal|
|poke|p2|Garchomp, M|
|poke|p2|Mamoswine, M|
|poke|p2|Zapdos|
|poke|p2|Rillaboom, M|
|poke|p2|Tapu Lele|
|poke|p2|Volcanion|
|teampreview
|inactive|Battle timer is ON: inactive players will automatically lose when time's up. (requested by iopkj09)
|c|☆minimax_ai|hf
|inactive|minimax_ai also wants the timer to be on.
|
|t:|1662806259
|start
|switch|p1a: Melmetal|Melmetal|100/100
|switch|p2a: Volcanion|Volcanion|100/100
|turn|1
|
|t:|1662806265
|switch|p1a: rotomwash|Rotom-Wash|100/100
|move|p2a: Volcanion|Flamethrower|p1a: rotomwash
|-resisted|p1a: rotomwash
|-damage|p1a: rotomwash|75/100
|
|-heal|p1a: rotomwash|81/100|[from] item: Leftovers
|upkeep
|turn|2
|
|t:|1662806274
|switch|p2a: Mamoswine|Mamoswine, M|100/100
|move|p1a: rotomwash|Thunderbolt|p2a: Mamoswine
|-immune|p2a: Mamoswine
|
|-heal|p1a: rotomwash|87/100|[from] item: Leftovers
|upkeep
|turn|3
|
|t:|1662806279
|switch|p2a: Volcanion|Volcanion|100/100
|move|p1a: rotomwash|Hydro Pump|p2a: Volcanion
|-immune|p2a: Volcanion|[from] ability: Water Absorb
|
|-heal|p1a: rotomwash|94/100|[from] item: Leftovers
|upkeep
|turn|4
|
|t:|1662806283
|switch|p2a: Rillaboom|Rillaboom, M|100/100
|-fieldstart|move: Grassy Terrain|[from] ability: Grassy Surge|[of] p2a: Rillaboom
|move|p1a: rotomwash|Thunderbolt|p2a: Rillaboom
|-resisted|p2a: Rillaboom
|-damage|p2a: Rillaboom|79/100
|
|-heal|p1a: rotomwash|99/100|[from] item: Leftovers
|-heal|p2a: Rillaboom|85/100|[from] Grassy Terrain
|upkeep
|turn|5
|
|t:|1662806288
|switch|p1a: Tangrowth|Tangrowth, F|100/100
|move|p2a: Rillaboom|Swords Dance|p2a: Rillaboom
|-boost|p2a: Rillaboom|atk|2
|
|-heal|p2a: Rillaboom|91/100|[from] Grassy Terrain
|upkeep
|turn|6
|
|t:|1662806291
|move|p2a: Rillaboom|Swords Dance|p2a: Rillaboom
|-boost|p2a: Rillaboom|atk|2
|move|p1a: Tangrowth|Knock Off|p2a: Rillaboom
|-crit|p2a: Rillaboom
|-damage|p2a: Rillaboom|59/100
|-enditem|p2a: Rillaboom|Life Orb|[from] move: Knock Off|[of] p1a: Tangrowth
|
|-heal|p2a: Rillaboom|65/100|[from] Grassy Terrain
|upkeep
|turn|7
|
|t:|1662806292
|move|p2a: Rillaboom|Swords Dance|p2a: Rillaboom
|-boost|p2a: Rillaboom|atk|2
|move|p1a: Tangrowth|Focus Blast|p2a: Rillaboom
|-damage|p2a: Rillaboom|30/100
|
|-heal|p2a: Rillaboom|36/100|[from] Grassy Terrain
|upkeep
|turn|8
|
|t:|1662806294
|move|p2a: Rillaboom|Superpower|p1a: Tangrowth
|-damage|p1a: Tangrowth|1/100
|-unboost|p2a: Rillaboom|atk|1
|-unboost|p2a: Rillaboom|def|1
|-damage|p2a: Rillaboom|19/100|[from] item: Rocky Helmet|[of] p1a: Tangrowth
|move|p1a: Tangrowth|Giga Drain|p2a: Rillaboom
|-resisted|p2a: Rillaboom
|-damage|p2a: Rillaboom|0 fnt
|-heal|p1a: Tangrowth|10/100|[from] drain|[of] p2a: Rillaboom
|faint|p2a: Rillaboom
|
|-heal|p1a: Tangrowth|16/100|[from] Grassy Terrain
|-fieldend|move: Grassy Terrain
|upkeep
|
|t:|1662806304
|switch|p2a: Volcanion|Volcanion|100/100
|turn|9
|
|t:|1662806305
|switch|p1a: rotomwash|Rotom-Wash|99/100
|move|p2a: Volcanion|Steam Eruption|p1a: rotomwash
|-resisted|p1a: rotomwash
|-damage|p1a: rotomwash|68/100
|
|-heal|p1a: rotomwash|74/100|[from] item: Leftovers
|upkeep
|turn|10
|
|t:|1662806307
|move|p1a: rotomwash|Nasty Plot|p1a: rotomwash
|-boost|p1a: rotomwash|spa|2
|move|p2a: Volcanion|Steam Eruption|p1a: rotomwash
|-resisted|p1a: rotomwash
|-damage|p1a: rotomwash|42/100
|
|-heal|p1a: rotomwash|48/100|[from] item: Leftovers
|upkeep
|turn|11
|
|t:|1662806309
|move|p1a: rotomwash|Pain Split|p2a: Volcanion
|-sethp|p2a: Volcanion|70/100|[from] move: Pain Split|[silent]
|-sethp|p1a: rotomwash|84/100|[from] move: Pain Split
|move|p2a: Volcanion|Steam Eruption|p1a: rotomwash
|-resisted|p1a: rotomwash
|-damage|p1a: rotomwash|54/100
|
|-heal|p1a: rotomwash|60/100|[from] item: Leftovers
|upkeep
|turn|12
|
|t:|1662806312
|move|p1a: rotomwash|Nasty Plot|p1a: rotomwash
|-boost|p1a: rotomwash|spa|2
|move|p2a: Volcanion|Steam Eruption|p1a: rotomwash
|-resisted|p1a: rotomwash
|-damage|p1a: rotomwash|31/100
|-status|p1a: rotomwash|brn
|
|-heal|p1a: rotomwash|37/100 brn|[from] item: Leftovers
|-damage|p1a: rotomwash|31/100 brn|[from] brn
|upkeep
|turn|13
|
|t:|1662806318
|switch|p2a: Mamoswine|Mamoswine, M|100/100
|move|p1a: rotomwash|Pain Split|p2a: Mamoswine
|-sethp|p2a: Mamoswine|63/100|[from] move: Pain Split|[silent]
|-sethp|p1a: rotomwash|75/100 brn|[from] move: Pain Split
|
|-heal|p1a: rotomwash|81/100 brn|[from] item: Leftovers
|-damage|p1a: rotomwash|75/100 brn|[from] brn
|upkeep
|turn|14
|
|t:|1662806321
|move|p1a: rotomwash|Hydro Pump|p2a: Mamoswine
|-supereffective|p2a: Mamoswine
|-damage|p2a: Mamoswine|0 fnt
|faint|p2a: Mamoswine
|
|-heal|p1a: rotomwash|81/100 brn|[from] item: Leftovers
|-damage|p1a: rotomwash|75/100 brn|[from] brn
|upkeep
|
|t:|1662806332
|switch|p2a: Tapu Lele|Tapu Lele|100/100
|-fieldstart|move: Psychic Terrain|[from] ability: Psychic Surge|[of] p2a: Tapu Lele
|turn|15
|
|t:|1662806334
|switch|p1a: Melmetal|Melmetal|100/100
|move|p2a: Tapu Lele|Moonblast|p1a: Melmetal
|-resisted|p1a: Melmetal
|-damage|p1a: Melmetal|77/100
|-unboost|p1a: Melmetal|spa|1
|
|upkeep
|turn|16
|
|t:|1662806337
|switch|p2a: Volcanion|Volcanion|70/100
|move|p1a: Melmetal|Double Iron Bash|p2a: Volcanion
|-resisted|p2a: Volcanion
|-damage|p2a: Volcanion|63/100
|-resisted|p2a: Volcanion
|-damage|p2a: Volcanion|56/100
|-hitcount|p2a: Volcanion|2
|
|upkeep
|turn|17
|
|t:|1662806340
|move|p2a: Volcanion|Earthquake|p1a: Melmetal
|-supereffective|p1a: Melmetal
|-crit|p1a: Melmetal
|-damage|p1a: Melmetal|36/100
|move|p1a: Melmetal|Thunder Punch|p2a: Volcanion
|-supereffective|p2a: Volcanion
|-damage|p2a: Volcanion|9/100
|
|upkeep
|turn|18
|
|t:|1662806341
|switch|p1a: rotomwash|Rotom-Wash|75/100 brn
|move|p2a: Volcanion|Steam Eruption|p1a: rotomwash
|-resisted|p1a: rotomwash
|-damage|p1a: rotomwash|43/100 brn
|
|-heal|p1a: rotomwash|49/100 brn|[from] item: Leftovers
|-damage|p1a: rotomwash|43/100 brn|[from] brn
|upkeep
|turn|19
|
|t:|1662806344
|move|p1a: rotomwash|Thunderbolt|p2a: Volcanion
|-supereffective|p2a: Volcanion
|-damage|p2a: Volcanion|0 fnt
|faint|p2a: Volcanion
|
|-heal|p1a: rotomwash|49/100 brn|[from] item: Leftovers
|-damage|p1a: rotomwash|43/100 brn|[from] brn
|-fieldend|move: Psychic Terrain
|upkeep
|
|t:|1662806346
|switch|p2a: Tapu Lele|Tapu Lele|100/100
|-fieldstart|move: Psychic Terrain|[from] ability: Psychic Surge|[of] p2a: Tapu Lele
|turn|20
|
|t:|1662806347
|switch|p1a: landorustherian|Landorus-Therian, M|100/100
|-ability|p1a: landorustherian|Intimidate|boost
|-unboost|p2a: Tapu Lele|atk|1
|move|p2a: Tapu Lele|Psyshock|p1a: landorustherian
|-damage|p1a: landorustherian|14/100
|
|-heal|p1a: landorustherian|20/100|[from] item: Leftovers
|upkeep
|turn|21
|
|t:|1662806349
|switch|p1a: Weavile|Weavile, M|100/100
|-ability|p1a: Weavile|Pressure
|move|p2a: Tapu Lele|Psyshock|p1a: Weavile
|-immune|p1a: Weavile
|
|upkeep
|turn|22
|
|t:|1662806351
|switch|p2a: Zapdos|Zapdos, shiny|100/100
|move|p1a: Weavile|Triple Axel|p2a: Zapdos
|-supereffective|p2a: Zapdos
|-damage|p2a: Zapdos|63/100
|-status|p1a: Weavile|par|[from] ability: Static|[of] p2a: Zapdos
|-supereffective|p2a: Zapdos
|-damage|p2a: Zapdos|0 fnt
|faint|p2a: Zapdos
|-hitcount|p2: Zapdos|2
|
|upkeep
|
|t:|1662806353
|switch|p2a: Tapu Lele|Tapu Lele|100/100
|turn|23
|
|t:|1662806354
|switch|p1a: landorustherian|Landorus-Therian, M|20/100
|-ability|p1a: landorustherian|Intimidate|boost
|-unboost|p2a: Tapu Lele|atk|1
|move|p2a: Tapu Lele|Moonblast|p1a: landorustherian
|-damage|p1a: landorustherian|0 fnt
|faint|p1a: landorustherian
|
|upkeep
|
|t:|1662806354
|switch|p1a: Melmetal|Melmetal|36/100
|turn|24
|
|t:|1662806356
|move|p2a: Tapu Lele|Moonblast|p1a: Melmetal
|-resisted|p1a: Melmetal
|-damage|p1a: Melmetal|15/100
|-unboost|p1a: Melmetal|spa|1
|move|p1a: Melmetal|Ice Punch|p2a: Tapu Lele
|-damage|p2a: Tapu Lele|51/100
|
|-fieldend|move: Psychic Terrain
|upkeep
|turn|25
|
|t:|1662806359
|switch|p1a: Heatran|Heatran, M|100/100
|-item|p1a: Heatran|Air Balloon
|move|p2a: Tapu Lele|Moonblast|p1a: Heatran
|-resisted|p1a: Heatran
|-damage|p1a: Heatran|81/100
|-enditem|p1a: Heatran|Air Balloon
|
|upkeep
|turn|26
|
|t:|1662806361
|switch|p2a: Garchomp|Garchomp, M, shiny|100/100
|move|p1a: Heatran|Magma Storm|p2a: Garchomp
|-resisted|p2a: Garchomp
|-damage|p2a: Garchomp|70/100
|-activate|p2a: Garchomp|move: Magma Storm|[of] p1a: Heatran
|
|-damage|p2a: Garchomp|58/100|[from] move: Magma Storm|[partiallytrapped]
|upkeep
|turn|27
|
|t:|1662806363
|switch|p1a: Tangrowth|Tangrowth, F|49/100
|move|p2a: Garchomp|Earthquake|p1a: Tangrowth
|-resisted|p1a: Tangrowth
|-damage|p1a: Tangrowth|35/100
|
|-end|p2a: Garchomp|Magma Storm|[partiallytrapped]|[silent]
|upkeep
|turn|28
|
|t:|1662806365
|switch|p2a: Tapu Lele|Tapu Lele|51/100
|-fieldstart|move: Psychic Terrain|[from] ability: Psychic Surge|[of] p2a: Tapu Lele
|move|p1a: Tangrowth|Giga Drain|p2a: Tapu Lele
|-damage|p2a: Tapu Lele|20/100
|-heal|p1a: Tangrowth|46/100|[from] drain|[of] p2a: Tapu Lele
|
|upkeep
|turn|29
|
|t:|1662806367
|switch|p1a: Melmetal|Melmetal|15/100
|move|p2a: Tapu Lele|Psychic|p1a: Melmetal
|-resisted|p1a: Melmetal
|-damage|p1a: Melmetal|0 fnt
|faint|p1a: Melmetal
|
|upkeep
|
|t:|1662806367
|switch|p1a: Weavile|Weavile, M|100/100 par
|-ability|p1a: Weavile|Pressure
|turn|30
|
|t:|1662806370
|switch|p2a: Garchomp|Garchomp, M, shiny|58/100
|move|p1a: Weavile|Triple Axel|p2a: Garchomp
|-supereffective|p2a: Garchomp
|-damage|p2a: Garchomp|3/100
|-damage|p1a: Weavile|88/100 par|[from] ability: Rough Skin|[of] p2a: Garchomp
|-supereffective|p2a: Garchomp
|-damage|p2a: Garchomp|0 fnt
|-damage|p1a: Weavile|76/100 par|[from] ability: Rough Skin|[of] p2a: Garchomp
|faint|p2a: Garchomp
|-hitcount|p2: Garchomp|2
|
|upkeep
|
|t:|1662806371
|switch|p2a: Tapu Lele|Tapu Lele|20/100
|turn|31
|
|t:|1662806372
|switch|p1a: rotomwash|Rotom-Wash|43/100 brn
|move|p2a: Tapu Lele|Moonblast|p1a: rotomwash
|-damage|p1a: rotomwash|0 fnt
|faint|p1a: rotomwash
|
|upkeep
|
|t:|1662806372
|switch|p1a: Heatran|Heatran, M|81/100
|turn|32
|
|t:|1662806375
|move|p2a: Tapu Lele|Moonblast|p1a: Heatran
|-resisted|p1a: Heatran
|-damage|p1a: Heatran|61/100
|move|p1a: Heatran|Eruption|p2a: Tapu Lele
|-damage|p2a: Tapu Lele|0 fnt
|faint|p2a: Tapu Lele
|
|win|minimax_ai
|raw|minimax_ai's rating: 1550 &rarr; <strong>1578</strong><br />(+28 for winning)
|raw|iopkj09's rating: 1690 &rarr; <strong>1662</strong><br />(-28 for losing)
|c|☆minimax_ai|gg
|l|☆iopkj09
