|j|☆swumpy mumpus
|j|☆Huskothy
|t:|1664983826
|gametype|singles
|player|p1|swumpy mumpus|medium|1576
|player|p2|Huskothy|lucas|1596
|teamsize|p1|6
|teamsize|p2|6
|gen|8
|tier|[Gen 8] OU
|rated|
|rule|Sleep Clause Mod: Limit one foe put to sleep
|rule|Species Clause: Limit one of each Pokémon
|rule|OHKO Clause: OHKO moves are banned
|rule|Evasion Items Clause: Evasion items are banned
|rule|Evasion Moves Clause: Evasion moves are banned
|rule|Endless Battle Clause: Forcing endless battles is banned
|rule|HP Percentage Mod: HP is shown in percentages
|rule|Dynamax Clause: You cannot dynamax
|clearpoke
|poke|p1|Rillaboom, M|
|poke|p1|Mandibuzz, F|
|poke|p1|Blaziken, M|
|poke|p1|Dracozolt|
|poke|p1|Dragonite, F|
|poke|p1|Bronzong|
|poke|p2|Sirfetch’d, F|
|poke|p2|Rillaboom, F|
|poke|p2|Hydreigon, M|
|poke|p2|Seismitoad, F|
|poke|p2|Zapdos|
|poke|p2|Copperajah, F|
|teampreview
|c|☆swumpy mumpus|fire team
|c|☆Huskothy|u2
|
|t:|1664983842
|start
|switch|p1a: Bronzong|Bronzong|100/100
|switch|p2a: Rillaboom|Rillaboom, F|100/100
|-fieldstart|move: Grassy Terrain|[from] ability: Grassy Surge|[of] p2a: Rillaboom
|turn|1
|
|t:|1664983847
|move|p2a: Rillaboom|Knock Off|p1a: Bronzong
|-supereffective|p1a: Bronzong
|-damage|p1a: Bronzong|25/100
|-enditem|p1a: Bronzong|Leftovers|[from] move: Knock Off|[of] p2a: Rillaboom
|move|p1a: Bronzong|Stealth Rock|p2a: Rillaboom
|-sidestart|p2: Huskothy|move: Stealth Rock
|
|upkeep
|turn|2
|
|t:|1664983853
|move|p2a: Rillaboom|Knock Off|p1a: Bronzong
|-supereffective|p1a: Bronzong
|-damage|p1a: Bronzong|0 fnt
|faint|p1a: Bronzong
|
|upkeep
|
|t:|1664983856
|switch|p1a: Blaziken|Blaziken, M|100/100
|turn|3
|
|t:|1664983867
|switch|p2a: Seismitoad|Seismitoad, F|100/100
|-damage|p2a: Seismitoad|94/100|[from] Stealth Rock
|move|p1a: Blaziken|Swords Dance|p1a: Blaziken
|-boost|p1a: Blaziken|atk|2
|
|-heal|p2a: Seismitoad|100/100|[from] Grassy Terrain
|-ability|p1a: Blaziken|Speed Boost|boost
|-boost|p1a: Blaziken|spe|1
|upkeep
|turn|4
|j| Ran Kob
|
|t:|1664983888
|switch|p2a: Zapdos|Zapdos|100/100
|move|p1a: Blaziken|Close Combat|p2a: Zapdos
|-resisted|p2a: Zapdos
|-damage|p2a: Zapdos|49/100
|-unboost|p1a: Blaziken|def|1
|-unboost|p1a: Blaziken|spd|1
|
|-ability|p1a: Blaziken|Speed Boost|boost
|-boost|p1a: Blaziken|spe|1
|upkeep
|turn|5
|
|t:|1664983893
|move|p1a: Blaziken|Flare Blitz|p2a: Zapdos
|-damage|p2a: Zapdos|0 fnt
|faint|p2a: Zapdos
|-damage|p1a: Blaziken|82/100|[from] Recoil
|
|-heal|p1a: Blaziken|88/100|[from] Grassy Terrain
|-heal|p1a: Blaziken|95/100|[from] item: Leftovers
|-fieldend|move: Grassy Terrain
|-ability|p1a: Blaziken|Speed Boost|boost
|-boost|p1a: Blaziken|spe|1
|upkeep
|
|t:|1664983900
|switch|p2a: Rillaboom|Rillaboom, F|100/100
|-damage|p2a: Rillaboom|88/100|[from] Stealth Rock
|-fieldstart|move: Grassy Terrain|[from] ability: Grassy Surge|[of] p2a: Rillaboom
|turn|6
|
|t:|1664983905
|move|p2a: Rillaboom|Grassy Glide|p1a: Blaziken
|-resisted|p1a: Blaziken
|-damage|p1a: Blaziken|14/100
|move|p1a: Blaziken|Close Combat|p2a: Rillaboom
|-damage|p2a: Rillaboom|0 fnt
|-unboost|p1a: Blaziken|def|1
|-unboost|p1a: Blaziken|spd|1
|faint|p2a: Rillaboom
|
|-heal|p1a: Blaziken|20/100|[from] Grassy Terrain
|-heal|p1a: Blaziken|26/100|[from] item: Leftovers
|-ability|p1a: Blaziken|Speed Boost|boost
|-boost|p1a: Blaziken|spe|1
|upkeep
|
|t:|1664983908
|switch|p2a: Sirfetch’d|Sirfetch’d, F|100/100
|-damage|p2a: Sirfetch’d|94/100|[from] Stealth Rock
|turn|7
|
|t:|1664983913
|move|p1a: Blaziken|Protect|p1a: Blaziken
|-singleturn|p1a: Blaziken|Protect
|move|p2a: Sirfetch’d|Swords Dance|p2a: Sirfetch’d
|-boost|p2a: Sirfetch’d|atk|2
|
|-heal|p1a: Blaziken|32/100|[from] Grassy Terrain
|-heal|p1a: Blaziken|38/100|[from] item: Leftovers
|-heal|p2a: Sirfetch’d|100/100|[from] Grassy Terrain
|-ability|p1a: Blaziken|Speed Boost|boost
|-boost|p1a: Blaziken|spe|1
|upkeep
|turn|8
|
|t:|1664983922
|move|p2a: Sirfetch’d|Grassy Glide|p1a: Blaziken
|-resisted|p1a: Blaziken
|-damage|p1a: Blaziken|0 fnt
|faint|p1a: Blaziken
|-damage|p2a: Sirfetch’d|91/100|[from] item: Life Orb
|
|-heal|p2a: Sirfetch’d|97/100|[from] Grassy Terrain
|upkeep
|
|t:|1664983929
|switch|p1a: Dracozolt|Dracozolt|100/100
|turn|9
|
|t:|1664983936
|move|p2a: Sirfetch’d|Grassy Glide|p1a: Dracozolt
|-resisted|p1a: Dracozolt
|-damage|p1a: Dracozolt|66/100
|-damage|p2a: Sirfetch’d|87/100|[from] item: Life Orb
|move|p1a: Dracozolt|Thunder Wave|p2a: Sirfetch’d
|-status|p2a: Sirfetch’d|par
|
|-heal|p1a: Dracozolt|73/100|[from] Grassy Terrain
|-heal|p1a: Dracozolt|79/100|[from] item: Leftovers
|-heal|p2a: Sirfetch’d|93/100 par|[from] Grassy Terrain
|upkeep
|turn|10
|
|t:|1664983939
|move|p1a: Dracozolt|Bolt Beak|p2a: Sirfetch’d
|-damage|p2a: Sirfetch’d|13/100 par
|move|p2a: Sirfetch’d|Close Combat|p1a: Dracozolt
|-damage|p1a: Dracozolt|0 fnt
|-unboost|p2a: Sirfetch’d|def|1
|-unboost|p2a: Sirfetch’d|spd|1
|faint|p1a: Dracozolt
|-damage|p2a: Sirfetch’d|3/100 par|[from] item: Life Orb
|
|-heal|p2a: Sirfetch’d|9/100 par|[from] Grassy Terrain
|-fieldend|move: Grassy Terrain
|upkeep
|
|t:|1664983946
|switch|p1a: Dragonite|Dragonite, F|100/100
|turn|11
|
|t:|1664983949
|move|p1a: Dragonite|Earthquake|p2a: Sirfetch’d
|-damage|p2a: Sirfetch’d|0 fnt
|faint|p2a: Sirfetch’d
|
|upkeep
|
|t:|1664983953
|switch|p2a: Seismitoad|Seismitoad, F|100/100
|-damage|p2a: Seismitoad|94/100|[from] Stealth Rock
|turn|12
|
|t:|1664983959
|switch|p1a: Mandibuzz|Mandibuzz, F|100/100
|move|p2a: Seismitoad|Toxic|p1a: Mandibuzz
|-status|p1a: Mandibuzz|tox
|
|-heal|p2a: Seismitoad|100/100|[from] item: Leftovers
|-damage|p1a: Mandibuzz|94/100 tox|[from] psn
|upkeep
|turn|13
|
|t:|1664983963
|move|p1a: Mandibuzz|Foul Play|p2a: Seismitoad
|-damage|p2a: Seismitoad|77/100
|move|p2a: Seismitoad|Stealth Rock|p1a: Mandibuzz
|-sidestart|p1: swumpy mumpus|move: Stealth Rock
|
|-heal|p2a: Seismitoad|83/100|[from] item: Leftovers
|-damage|p1a: Mandibuzz|82/100 tox|[from] psn
|upkeep
|turn|14
|
|t:|1664983967
|move|p1a: Mandibuzz|Foul Play|p2a: Seismitoad
|-damage|p2a: Seismitoad|56/100
|move|p2a: Seismitoad|Toxic|p1a: Mandibuzz
|-fail|p1a: Mandibuzz|tox
|
|-heal|p2a: Seismitoad|62/100|[from] item: Leftovers
|-damage|p1a: Mandibuzz|64/100 tox|[from] psn
|upkeep
|turn|15
|
|t:|1664983973
|switch|p2a: Hydreigon|Hydreigon, M|100/100
|-damage|p2a: Hydreigon|88/100|[from] Stealth Rock
|move|p1a: Mandibuzz|Defog|p2a: Hydreigon
|-unboost|p2a: Hydreigon|evasion|1
|-sideend|p2: Huskothy|Stealth Rock|[from] move: Defog|[of] p1a: Mandibuzz
|-sideend|p1: swumpy mumpus|Stealth Rock|[from] move: Defog|[of] p1a: Mandibuzz
|
|-heal|p2a: Hydreigon|94/100|[from] item: Leftovers
|-damage|p1a: Mandibuzz|39/100 tox|[from] psn
|upkeep
|turn|16
|
|t:|1664983977
|move|p2a: Hydreigon|Nasty Plot|p2a: Hydreigon
|-boost|p2a: Hydreigon|spa|2
|move|p1a: Mandibuzz|U-turn|p2a: Hydreigon
|-supereffective|p2a: Hydreigon
|-damage|p2a: Hydreigon|66/100
|
|t:|1664983980
|switch|p1a: Dragonite|Dragonite, F|100/100|[from]move: U-turn
|
|-heal|p2a: Hydreigon|72/100|[from] item: Leftovers
|upkeep
|turn|17
|
|t:|1664983983
|switch|p1a: Mandibuzz|Mandibuzz, F|39/100 tox
|move|p2a: Hydreigon|Draco Meteor|p1a: Mandibuzz
|-damage|p1a: Mandibuzz|0 fnt
|-unboost|p2a: Hydreigon|spa|2
|faint|p1a: Mandibuzz
|
|-heal|p2a: Hydreigon|78/100|[from] item: Leftovers
|upkeep
|
|t:|1664983985
|switch|p1a: Dragonite|Dragonite, F|100/100
|turn|18
|
|t:|1664983987
|switch|p2a: Seismitoad|Seismitoad, F|62/100
|move|p1a: Dragonite|Dragon Dance|p1a: Dragonite
|-boost|p1a: Dragonite|atk|1
|-boost|p1a: Dragonite|spe|1
|
|-heal|p2a: Seismitoad|68/100|[from] item: Leftovers
|upkeep
|turn|19
|
|t:|1664983989
|move|p1a: Dragonite|Dual Wingbeat|p2a: Seismitoad|[miss]
|-miss|p1a: Dragonite|p2a: Seismitoad
|move|p2a: Seismitoad|Toxic|p1a: Dragonite
|-status|p1a: Dragonite|tox
|
|-heal|p2a: Seismitoad|74/100|[from] item: Leftovers
|-damage|p1a: Dragonite|94/100 tox|[from] psn
|upkeep
|turn|20
|l| Ran Kob
|
|t:|1664983994
|switch|p2a: Copperajah|Copperajah, F|100/100
|move|p1a: Dragonite|Dragon Dance|p1a: Dragonite
|-boost|p1a: Dragonite|atk|1
|-boost|p1a: Dragonite|spe|1
|
|-damage|p1a: Dragonite|82/100 tox|[from] psn
|upkeep
|turn|21
|
|t:|1664983997
|switch|p2a: Hydreigon|Hydreigon, M|78/100
|move|p1a: Dragonite|Earthquake|p2a: Hydreigon
|-immune|p2a: Hydreigon|[from] ability: Levitate
|
|-heal|p2a: Hydreigon|84/100|[from] item: Leftovers
|-damage|p1a: Dragonite|63/100 tox|[from] psn
|upkeep
|turn|22
|
|t:|1664984002
|switch|p2a: Seismitoad|Seismitoad, F|74/100
|move|p1a: Dragonite|Earthquake|p2a: Seismitoad
|-damage|p2a: Seismitoad|7/100
|
|-heal|p2a: Seismitoad|13/100|[from] item: Leftovers
|-damage|p1a: Dragonite|38/100 tox|[from] psn
|upkeep
|turn|23
|
|t:|1664984007
|move|p1a: Dragonite|Dual Wingbeat|p2a: Seismitoad
|-damage|p2a: Seismitoad|0 fnt
|faint|p2a: Seismitoad
|-hitcount|p2: Seismitoad|1
|
|-damage|p1a: Dragonite|7/100 tox|[from] psn
|upkeep
|
|t:|1664984012
|switch|p2a: Hydreigon|Hydreigon, M|84/100
|turn|24
|
|t:|1664984022
|switch|p2a: Copperajah|Copperajah, F|100/100
|move|p1a: Dragonite|Earthquake|p2a: Copperajah
|-supereffective|p2a: Copperajah
|-damage|p2a: Copperajah|0 fnt
|faint|p2a: Copperajah
|
|-damage|p1a: Dragonite|0 fnt|[from] psn
|faint|p1a: Dragonite
|upkeep
|
|t:|1664984025
|switch|p1a: Rillaboom|Rillaboom, M|100/100
|switch|p2a: Hydreigon|Hydreigon, M|84/100
|-fieldstart|move: Grassy Terrain|[from] ability: Grassy Surge|[of] p1a: Rillaboom
|turn|25
|
|t:|1664984034
|move|p2a: Hydreigon|Nasty Plot|p2a: Hydreigon
|-boost|p2a: Hydreigon|spa|2
|move|p1a: Rillaboom|Drain Punch|p2a: Hydreigon
|-supereffective|p2a: Hydreigon
|-damage|p2a: Hydreigon|25/100
|
|-heal|p2a: Hydreigon|31/100|[from] item: Leftovers
|upkeep
|turn|26
|
|t:|1664984037
|move|p1a: Rillaboom|Grassy Glide|p2a: Hydreigon
|-resisted|p2a: Hydreigon
|-damage|p2a: Hydreigon|3/100
|move|p2a: Hydreigon|Draco Meteor|p1a: Rillaboom
|-damage|p1a: Rillaboom|0 fnt
|-unboost|p2a: Hydreigon|spa|2
|faint|p1a: Rillaboom
|
|win|Huskothy
|raw|swumpy mumpus's rating: 1576 &rarr; <strong>1557</strong><br />(-19 for losing)
|raw|Huskothy's rating: 1596 &rarr; <strong>1615</strong><br />(+19 for winning)
|c|☆swumpy mumpus|gg
|c|☆Huskothy|gg
|l|☆swumpy mumpus
||Ladder isn't responding, score probably updated but might not have (Request timeout).
