|html|<div class="broadcast-blue"><strong>[Gen 8] OU is currently suspecting Melmetal! For information on how to participate check out the <a href="https://www.smogon.com/forums/threads/np-ss-ou-suspect-process-round-12-monster-mash.3709234/">suspect thread</a>.</strong></div>
|j|☆whocanunravelme
|j|☆JooshP
|t:|1666001422
|gametype|singles
|player|p1|whocanunravelme|steven|1605
|player|p2|JooshP|red|1791
|teamsize|p1|6
|teamsize|p2|6
|gen|8
|tier|[Gen 8] OU
|rated|
|rule|Sleep Clause Mod: Limit one foe put to sleep
|rule|Species Clause: Limit one of each Pokémon
|rule|OHKO Clause: OHKO moves are banned
|rule|Evasion Items Clause: Evasion items are banned
|rule|Evasion Moves Clause: Evasion moves are banned
|rule|Endless Battle Clause: Forcing endless battles is banned
|rule|HP Percentage Mod: HP is shown in percentages
|rule|Dynamax Clause: You cannot dynamax
|clearpoke
|poke|p1|Clefable, F|
|poke|p1|Reuniclus, M|
|poke|p1|Scizor, M|
|poke|p1|Skarmory, M|
|poke|p1|Toxapex, M|
|poke|p1|Zeraora|
|poke|p2|Ferrothorn, F|
|poke|p2|Garchomp, F|
|poke|p2|Melmetal|
|poke|p2|Tapu Fini|
|poke|p2|Blacephalon|
|poke|p2|Zapdos|
|teampreview
|inactive|Battle timer is ON: inactive players will automatically lose when time's up. (requested by whocanunravelme)
|
|t:|1666001448
|start
|switch|p1a: Clefable|Clefable, F|100/100
|switch|p2a: Tapu Fini|Tapu Fini|100/100
|-fieldstart|move: Misty Terrain|[from] ability: Misty Surge|[of] p2a: Tapu Fini
|turn|1
|j| wdz999
|
|t:|1666001454
|switch|p1a: Toxapex|Toxapex, M|100/100
|move|p2a: Tapu Fini|Knock Off|p1a: Toxapex
|-damage|p1a: Toxapex|90/100
|-enditem|p1a: Toxapex|Shed Shell|[from] move: Knock Off|[of] p2a: Tapu Fini
|
|upkeep
|turn|2
|j| ggnhax
|
|t:|1666001458
|switch|p2a: Ferrothorn|Ferrothorn, F|100/100
|switch|p1a: Scizor|Scizor, M|100/100
|
|upkeep
|turn|3
|
|t:|1666001461
|switch|p1a: Reuniclus|Reuniclus, M|100/100
|move|p2a: Ferrothorn|Knock Off|p1a: Reuniclus
|-supereffective|p1a: Reuniclus
|-damage|p1a: Reuniclus|62/100
|-enditem|p1a: Reuniclus|Life Orb|[from] move: Knock Off|[of] p2a: Ferrothorn
|
|upkeep
|turn|4
|
|t:|1666001467
|move|p1a: Reuniclus|Recover|p1a: Reuniclus
|-heal|p1a: Reuniclus|100/100
|move|p2a: Ferrothorn|Spikes|p1a: Reuniclus
|-sidestart|p1: whocanunravelme|Spikes
|
|upkeep
|turn|5
|
|t:|1666001470
|switch|p2a: Melmetal|Melmetal|100/100
|move|p1a: Reuniclus|Focus Blast|p2a: Melmetal|[miss]
|-miss|p1a: Reuniclus|p2a: Melmetal
|
|-fieldend|Misty Terrain
|upkeep
|turn|6
|
|t:|1666001475
|switch|p1a: Scizor|Scizor, M|100/100
|move|p2a: Melmetal|Thunder Punch|p1a: Scizor
|-damage|p1a: Scizor|72/100
|
|upkeep
|turn|7
|
|t:|1666001480
|switch|p2a: Zapdos|Zapdos|100/100
|move|p1a: Scizor|Knock Off|p2a: Zapdos
|-damage|p2a: Zapdos|66/100
|-status|p1a: Scizor|par|[from] ability: Static|[of] p2a: Zapdos
|-enditem|p2a: Zapdos|Choice Specs|[from] move: Knock Off|[of] p1a: Scizor
|
|upkeep
|turn|8
|
|t:|1666001488
|switch|p1a: Zeraora|Zeraora|100/100
|move|p2a: Zapdos|Thunderbolt|p1a: Zeraora
|-immune|p1a: Zeraora|[from] ability: Volt Absorb
|
|upkeep
|turn|9
|
|t:|1666001491
|move|p1a: Zeraora|Plasma Fists|p2a: Zapdos
|-damage|p2a: Zapdos|7/100
|-fieldactivate|move: Ion Deluge
|-hint|Normal-type moves become Electric-type after using Plasma Fists.
|move|p2a: Zapdos|Heat Wave|p1a: Zeraora
|-damage|p1a: Zeraora|56/100
|
|upkeep
|turn|10
|
|t:|1666001495
|switch|p2a: Garchomp|Garchomp, F|100/100
|move|p1a: Zeraora|Knock Off|p2a: Garchomp
|-damage|p2a: Garchomp|70/100
|-damage|p1a: Zeraora|44/100|[from] ability: Rough Skin|[of] p2a: Garchomp
|-enditem|p2a: Garchomp|Leftovers|[from] move: Knock Off|[of] p1a: Zeraora
|
|upkeep
|turn|11
|
|t:|1666001499
|switch|p1a: Clefable|Clefable, F|100/100
|switch|p2a: Zapdos|Zapdos|7/100
|
|upkeep
|turn|12
|
|t:|1666001504
|move|p2a: Zapdos|Hurricane|p1a: Clefable
|-damage|p1a: Clefable|51/100
|move|p1a: Clefable|Stealth Rock|p2a: Zapdos
|-sidestart|p2: JooshP|move: Stealth Rock
|
|upkeep
|turn|13
|
|t:|1666001508
|move|p2a: Zapdos|Hurricane|p1a: Clefable|[miss]
|-miss|p2a: Zapdos|p1a: Clefable
|move|p1a: Clefable|Soft-Boiled|p1a: Clefable
|-heal|p1a: Clefable|100/100
|
|upkeep
|turn|14
|
|t:|1666001510
|move|p2a: Zapdos|Hurricane|p1a: Clefable
|-damage|p1a: Clefable|45/100
|move|p1a: Clefable|Moonblast|p2a: Zapdos
|-damage|p2a: Zapdos|0 fnt
|faint|p2a: Zapdos
|
|upkeep
|
|t:|1666001518
|switch|p2a: Melmetal|Melmetal|100/100
|-damage|p2a: Melmetal|94/100|[from] Stealth Rock
|turn|15
|
|t:|1666001521
|switch|p1a: Skarmory|Skarmory, M|100/100
|switch|p2a: Blacephalon|Blacephalon|100/100
|-damage|p2a: Blacephalon|76/100|[from] Stealth Rock
|
|upkeep
|turn|16
|
|t:|1666001532
|switch|p1a: Toxapex|Toxapex, M|100/100
|-damage|p1a: Toxapex|88/100|[from] Spikes
|move|p2a: Blacephalon|Shadow Ball|p1a: Toxapex
|-damage|p1a: Toxapex|55/100
|
|upkeep
|turn|17
|
|t:|1666001536
|switch|p2a: Tapu Fini|Tapu Fini|100/100
|-damage|p2a: Tapu Fini|88/100|[from] Stealth Rock
|-fieldstart|move: Misty Terrain|[from] ability: Misty Surge|[of] p2a: Tapu Fini
|move|p1a: Toxapex|Scald|p2a: Tapu Fini
|-resisted|p2a: Tapu Fini
|-damage|p2a: Tapu Fini|82/100
|
|-heal|p2a: Tapu Fini|89/100|[from] item: Leftovers
|upkeep
|turn|18
|
|t:|1666001545
|switch|p2a: Garchomp|Garchomp, F|70/100
|-damage|p2a: Garchomp|64/100|[from] Stealth Rock
|switch|p1a: Reuniclus|Reuniclus, M|100/100
|
|upkeep
|turn|19
|
|t:|1666001550
|switch|p1a: Skarmory|Skarmory, M|100/100
|move|p2a: Garchomp|Swords Dance|p2a: Garchomp
|-boost|p2a: Garchomp|atk|2
|
|upkeep
|turn|20
|
|t:|1666001553
|move|p2a: Garchomp|Stone Edge|p1a: Skarmory
|-damage|p1a: Skarmory|62/100
|move|p1a: Skarmory|Whirlwind|p2a: Garchomp
|drag|p2a: Melmetal|Melmetal|94/100
|-damage|p2a: Melmetal|88/100|[from] Stealth Rock
|
|upkeep
|turn|21
|
|t:|1666001559
|switch|p2a: Tapu Fini|Tapu Fini|89/100
|-damage|p2a: Tapu Fini|76/100|[from] Stealth Rock
|move|p1a: Skarmory|Spikes|p2a: Tapu Fini
|-sidestart|p2: JooshP|Spikes
|
|-heal|p2a: Tapu Fini|82/100|[from] item: Leftovers
|-fieldend|Misty Terrain
|upkeep
|turn|22
|inactive|whocanunravelme has 120 seconds left.
|
|t:|1666001594
|switch|p1a: Reuniclus|Reuniclus, M|100/100
|move|p2a: Tapu Fini|Knock Off|p1a: Reuniclus
|-supereffective|p1a: Reuniclus
|-damage|p1a: Reuniclus|80/100
|
|-heal|p2a: Tapu Fini|89/100|[from] item: Leftovers
|upkeep
|turn|23
|
|t:|1666001603
|move|p2a: Tapu Fini|Defog|p1a: Reuniclus
|-unboost|p1a: Reuniclus|evasion|1
|-sideend|p1: whocanunravelme|Spikes|[from] move: Defog|[of] p2a: Tapu Fini
|-sideend|p2: JooshP|Spikes|[from] move: Defog|[of] p2a: Tapu Fini
|-sideend|p2: JooshP|Stealth Rock|[from] move: Defog|[of] p2a: Tapu Fini
|move|p1a: Reuniclus|Calm Mind|p1a: Reuniclus
|-boost|p1a: Reuniclus|spa|1
|-boost|p1a: Reuniclus|spd|1
|
|-heal|p2a: Tapu Fini|95/100|[from] item: Leftovers
|upkeep
|turn|24
|
|t:|1666001606
|switch|p2a: Melmetal|Melmetal|88/100
|move|p1a: Reuniclus|Focus Blast|p2a: Melmetal
|-supereffective|p2a: Melmetal
|-damage|p2a: Melmetal|41/100
|
|upkeep
|turn|25
|
|t:|1666001614
|switch|p1a: Skarmory|Skarmory, M|62/100
|move|p2a: Melmetal|Double Iron Bash|p1a: Skarmory
|-resisted|p1a: Skarmory
|-damage|p1a: Skarmory|50/100
|-damage|p2a: Melmetal|24/100|[from] item: Rocky Helmet|[of] p1a: Skarmory
|-resisted|p1a: Skarmory
|-damage|p1a: Skarmory|39/100
|-damage|p2a: Melmetal|8/100|[from] item: Rocky Helmet|[of] p1a: Skarmory
|-hitcount|p1a: Skarmory|2
|
|upkeep
|turn|26
|
|t:|1666001617
|move|p1a: Skarmory|Roost|p1a: Skarmory
|-heal|p1a: Skarmory|89/100
|-singleturn|p1a: Skarmory|move: Roost
|move|p2a: Melmetal|Earthquake|p1a: Skarmory
|-supereffective|p1a: Skarmory
|-damage|p1a: Skarmory|46/100
|
|upkeep
|turn|27
|
|t:|1666001623
|switch|p2a: Ferrothorn|Ferrothorn, F|100/100
|move|p1a: Skarmory|Roost|p1a: Skarmory
|-heal|p1a: Skarmory|96/100
|-singleturn|p1a: Skarmory|move: Roost
|
|upkeep
|turn|28
|
|t:|1666001626
|switch|p1a: Reuniclus|Reuniclus, M|80/100
|move|p2a: Ferrothorn|Spikes|p1a: Reuniclus
|-sidestart|p1: whocanunravelme|Spikes
|
|upkeep
|turn|29
|
|t:|1666001632
|switch|p2a: Melmetal|Melmetal|8/100
|move|p1a: Reuniclus|Psyshock|p2a: Melmetal
|-resisted|p2a: Melmetal
|-damage|p2a: Melmetal|0 fnt
|faint|p2a: Melmetal
|
|upkeep
|
|t:|1666001638
|switch|p2a: Blacephalon|Blacephalon|76/100
|turn|30
|
|t:|1666001643
|switch|p1a: Toxapex|Toxapex, M|88/100
|-damage|p1a: Toxapex|76/100|[from] Spikes
|move|p2a: Blacephalon|Shadow Ball|p1a: Toxapex
|-damage|p1a: Toxapex|37/100
|
|upkeep
|turn|31
|inactive|whocanunravelme has 120 seconds left.
|
|t:|1666001673
|switch|p1a: Clefable|Clefable, F|45/100
|move|p2a: Blacephalon|Shadow Ball|p1a: Clefable
|-damage|p1a: Clefable|4/100
|-unboost|p1a: Clefable|spd|1
|
|upkeep
|turn|32
|
|t:|1666001678
|move|p2a: Blacephalon|Shadow Ball|p1a: Clefable
|-damage|p1a: Clefable|0 fnt
|faint|p1a: Clefable
|-ability|p2a: Blacephalon|Beast Boost|boost
|-boost|p2a: Blacephalon|spa|1
|
|upkeep
|
|t:|1666001686
|switch|p1a: Scizor|Scizor, M|72/100 par
|turn|33
|inactive|JooshP has 120 seconds left.
|
|t:|1666001731
|switch|p2a: Ferrothorn|Ferrothorn, F|100/100
|move|p1a: Scizor|Knock Off|p2a: Ferrothorn
|-damage|p2a: Ferrothorn|83/100
|-damage|p1a: Scizor|60/100 par|[from] ability: Iron Barbs|[of] p2a: Ferrothorn
|-enditem|p2a: Ferrothorn|Leftovers|[from] move: Knock Off|[of] p1a: Scizor
|
|upkeep
|turn|34
|
|t:|1666001748
|switch|p1a: Toxapex|Toxapex, M|70/100
|-damage|p1a: Toxapex|58/100|[from] Spikes
|move|p2a: Ferrothorn|Spikes|p1a: Toxapex
|-sidestart|p1: whocanunravelme|Spikes
|
|upkeep
|turn|35
|
|t:|1666001754
|move|p1a: Toxapex|Light Screen|p1a: Toxapex
|-sidestart|p1: whocanunravelme|move: Light Screen
|move|p2a: Ferrothorn|Leech Seed|p1a: Toxapex
|-start|p1a: Toxapex|move: Leech Seed
|
|-damage|p1a: Toxapex|45/100|[from] Leech Seed|[of] p2a: Ferrothorn
|-heal|p2a: Ferrothorn|94/100|[silent]
|upkeep
|turn|36
|
|t:|1666001758
|switch|p2a: Garchomp|Garchomp, F|64/100
|move|p1a: Toxapex|Recover|p1a: Toxapex
|-heal|p1a: Toxapex|95/100
|
|-damage|p1a: Toxapex|83/100|[from] Leech Seed|[of] p2a: Garchomp
|-heal|p2a: Garchomp|74/100|[silent]
|upkeep
|turn|37
|
|t:|1666001763
|switch|p1a: Skarmory|Skarmory, M|96/100
|move|p2a: Garchomp|Swords Dance|p2a: Garchomp
|-boost|p2a: Garchomp|atk|2
|
|upkeep
|turn|38
|
|t:|1666001768
|move|p2a: Garchomp|Stone Edge|p1a: Skarmory
|-damage|p1a: Skarmory|58/100
|move|p1a: Skarmory|Whirlwind|p2a: Garchomp
|drag|p2a: Tapu Fini|Tapu Fini|95/100
|-fieldstart|move: Misty Terrain|[from] ability: Misty Surge|[of] p2a: Tapu Fini
|
|-heal|p2a: Tapu Fini|100/100|[from] item: Leftovers
|upkeep
|turn|39
|
|t:|1666001774
|move|p2a: Tapu Fini|Scald|p1a: Skarmory
|-damage|p1a: Skarmory|40/100
|move|p1a: Skarmory|Spikes|p2a: Tapu Fini
|-sidestart|p2: JooshP|Spikes
|
|-sideend|p1: whocanunravelme|move: Light Screen
|upkeep
|turn|40
|
|t:|1666001781
|switch|p2a: Blacephalon|Blacephalon|76/100
|-damage|p2a: Blacephalon|64/100|[from] Spikes
|move|p1a: Skarmory|Roost|p1a: Skarmory
|-heal|p1a: Skarmory|90/100
|-singleturn|p1a: Skarmory|move: Roost
|
|upkeep
|turn|41
|
|t:|1666001785
|switch|p1a: Toxapex|Toxapex, M|100/100
|-damage|p1a: Toxapex|84/100|[from] Spikes
|move|p2a: Blacephalon|Shadow Ball|p1a: Toxapex
|-damage|p1a: Toxapex|47/100
|
|upkeep
|turn|42
|
|t:|1666001795
|switch|p2a: Garchomp|Garchomp, F|74/100
|-damage|p2a: Garchomp|62/100|[from] Spikes
|move|p1a: Toxapex|Recover|p1a: Toxapex
|-heal|p1a: Toxapex|97/100
|
|-fieldend|Misty Terrain
|upkeep
|turn|43
|
|t:|1666001799
|switch|p1a: Skarmory|Skarmory, M|90/100
|move|p2a: Garchomp|Earthquake|p1a: Skarmory
|-immune|p1a: Skarmory
|
|upkeep
|turn|44
|
|t:|1666001804
|move|p2a: Garchomp|Stealth Rock|p1a: Skarmory
|-sidestart|p1: whocanunravelme|move: Stealth Rock
|move|p1a: Skarmory|Spikes|p2a: Garchomp
|-sidestart|p2: JooshP|Spikes
|
|upkeep
|turn|45
|
|t:|1666001806
|switch|p2a: Blacephalon|Blacephalon|64/100
|-damage|p2a: Blacephalon|47/100|[from] Spikes
|move|p1a: Skarmory|Whirlwind|p2a: Blacephalon
|drag|p2a: Ferrothorn|Ferrothorn, F|94/100
|-damage|p2a: Ferrothorn|77/100|[from] Spikes
|
|upkeep
|turn|46
|
|t:|1666001810
|switch|p1a: Reuniclus|Reuniclus, M|80/100
|switch|p2a: Blacephalon|Blacephalon|47/100
|-damage|p2a: Blacephalon|30/100|[from] Spikes
|
|upkeep
|turn|47
|
|t:|1666001813
|switch|p1a: Toxapex|Toxapex, M|100/100
|-damage|p1a: Toxapex|84/100|[from] Spikes
|-damage|p1a: Toxapex|72/100|[from] Stealth Rock
|move|p2a: Blacephalon|Shadow Ball|p1a: Toxapex
|-damage|p1a: Toxapex|36/100
|
|upkeep
|turn|48
|
|t:|1666001824
|move|p2a: Blacephalon|Shadow Ball|p1a: Toxapex
|-damage|p1a: Toxapex|3/100
|move|p1a: Toxapex|Scald|p2a: Blacephalon
|-supereffective|p2a: Blacephalon
|-damage|p2a: Blacephalon|0 fnt
|faint|p2a: Blacephalon
|
|upkeep
|
|t:|1666001828
|switch|p2a: Garchomp|Garchomp, F|62/100
|-damage|p2a: Garchomp|46/100|[from] Spikes
|turn|49
|
|t:|1666001857
|move|p2a: Garchomp|Earthquake|p1a: Toxapex
|-supereffective|p1a: Toxapex
|-damage|p1a: Toxapex|0 fnt
|faint|p1a: Toxapex
|
|upkeep
|
|t:|1666001861
|switch|p1a: Skarmory|Skarmory, M|90/100
|-damage|p1a: Skarmory|78/100|[from] Stealth Rock
|turn|50
|
|t:|1666001864
|move|p2a: Garchomp|Swords Dance|p2a: Garchomp
|-boost|p2a: Garchomp|atk|2
|move|p1a: Skarmory|Body Press|p2a: Garchomp
|-damage|p2a: Garchomp|14/100
|-damage|p1a: Skarmory|66/100|[from] ability: Rough Skin|[of] p2a: Garchomp
|
|upkeep
|turn|51
|
|t:|1666001870
|move|p2a: Garchomp|Stone Edge|p1a: Skarmory
|-damage|p1a: Skarmory|26/100
|move|p1a: Skarmory|Body Press|p2a: Garchomp
|-damage|p2a: Garchomp|0 fnt
|-damage|p1a: Skarmory|14/100|[from] ability: Rough Skin|[of] p2a: Garchomp
|faint|p2a: Garchomp
|
|upkeep
|
|t:|1666001874
|switch|p2a: Tapu Fini|Tapu Fini|100/100
|-damage|p2a: Tapu Fini|84/100|[from] Spikes
|-fieldstart|move: Misty Terrain|[from] ability: Misty Surge|[of] p2a: Tapu Fini
|turn|52
|
|t:|1666001882
|move|p2a: Tapu Fini|Scald|p1a: Skarmory
|-damage|p1a: Skarmory|0 fnt
|faint|p1a: Skarmory
|
|-heal|p2a: Tapu Fini|90/100|[from] item: Leftovers
|upkeep
|
|t:|1666001885
|switch|p1a: Reuniclus|Reuniclus, M|80/100
|turn|53
|
|t:|1666001887
|move|p2a: Tapu Fini|Moonblast|p1a: Reuniclus
|-damage|p1a: Reuniclus|59/100
|move|p1a: Reuniclus|Calm Mind|p1a: Reuniclus
|-boost|p1a: Reuniclus|spa|1
|-boost|p1a: Reuniclus|spd|1
|
|-heal|p2a: Tapu Fini|96/100|[from] item: Leftovers
|upkeep
|turn|54
|
|t:|1666001891
|move|p2a: Tapu Fini|Moonblast|p1a: Reuniclus
|-damage|p1a: Reuniclus|44/100
|move|p1a: Reuniclus|Recover|p1a: Reuniclus
|-heal|p1a: Reuniclus|94/100
|
|-heal|p2a: Tapu Fini|100/100|[from] item: Leftovers
|upkeep
|turn|55
|
|t:|1666001894
|move|p2a: Tapu Fini|Moonblast|p1a: Reuniclus
|-damage|p1a: Reuniclus|80/100
|move|p1a: Reuniclus|Calm Mind|p1a: Reuniclus
|-boost|p1a: Reuniclus|spa|1
|-boost|p1a: Reuniclus|spd|1
|
|upkeep
|turn|56
|
|t:|1666001898
|move|p2a: Tapu Fini|Moonblast|p1a: Reuniclus
|-damage|p1a: Reuniclus|68/100
|-unboost|p1a: Reuniclus|spa|1
|move|p1a: Reuniclus|Calm Mind|p1a: Reuniclus
|-boost|p1a: Reuniclus|spa|1
|-boost|p1a: Reuniclus|spd|1
|
|-fieldend|Misty Terrain
|upkeep
|turn|57
|
|t:|1666001900
|move|p2a: Tapu Fini|Moonblast|p1a: Reuniclus
|-damage|p1a: Reuniclus|59/100
|-unboost|p1a: Reuniclus|spa|1
|move|p1a: Reuniclus|Recover|p1a: Reuniclus
|-heal|p1a: Reuniclus|100/100
|
|upkeep
|turn|58
|
|t:|1666001902
|move|p2a: Tapu Fini|Moonblast|p1a: Reuniclus
|-damage|p1a: Reuniclus|91/100
|move|p1a: Reuniclus|Psyshock|p2a: Tapu Fini
|-damage|p2a: Tapu Fini|59/100
|
|-heal|p2a: Tapu Fini|65/100|[from] item: Leftovers
|upkeep
|turn|59
|
|t:|1666001905
|switch|p2a: Ferrothorn|Ferrothorn, F|77/100
|-damage|p2a: Ferrothorn|61/100|[from] Spikes
|move|p1a: Reuniclus|Psyshock|p2a: Ferrothorn
|-resisted|p2a: Ferrothorn
|-damage|p2a: Ferrothorn|47/100
|
|upkeep
|turn|60
|
|t:|1666001907
|move|p1a: Reuniclus|Focus Blast|p2a: Ferrothorn|[miss]
|-miss|p1a: Reuniclus|p2a: Ferrothorn
|move|p2a: Ferrothorn|Spikes|p1a: Reuniclus
|-sidestart|p1: whocanunravelme|Spikes
|
|upkeep
|turn|61
|j| tyrantkingdad
|
|t:|1666001910
|move|p1a: Reuniclus|Focus Blast|p2a: Ferrothorn|[miss]
|-miss|p1a: Reuniclus|p2a: Ferrothorn
|move|p2a: Ferrothorn|Gyro Ball|p1a: Reuniclus
|-damage|p1a: Reuniclus|72/100
|
|upkeep
|turn|62
|
|t:|1666001913
|switch|p2a: Tapu Fini|Tapu Fini|65/100
|-damage|p2a: Tapu Fini|49/100|[from] Spikes
|-fieldstart|move: Misty Terrain|[from] ability: Misty Surge|[of] p2a: Tapu Fini
|move|p1a: Reuniclus|Focus Blast|p2a: Tapu Fini
|-resisted|p2a: Tapu Fini
|-damage|p2a: Tapu Fini|33/100
|
|-heal|p2a: Tapu Fini|40/100|[from] item: Leftovers
|upkeep
|turn|63
|
|t:|1666001915
|move|p2a: Tapu Fini|Moonblast|p1a: Reuniclus
|-damage|p1a: Reuniclus|64/100
|move|p1a: Reuniclus|Psyshock|p2a: Tapu Fini
|-damage|p2a: Tapu Fini|0 fnt
|faint|p2a: Tapu Fini
|
|upkeep
|
|t:|1666001925
|switch|p2a: Ferrothorn|Ferrothorn, F|47/100
|-damage|p2a: Ferrothorn|31/100|[from] Spikes
|turn|64
|
|t:|1666001927
|move|p1a: Reuniclus|Psyshock|p2a: Ferrothorn
|-resisted|p2a: Ferrothorn
|-damage|p2a: Ferrothorn|17/100
|move|p2a: Ferrothorn|Gyro Ball|p1a: Reuniclus
|-damage|p1a: Reuniclus|46/100
|
|upkeep
|turn|65
|
|t:|1666001933
|move|p1a: Reuniclus|Calm Mind|p1a: Reuniclus
|-boost|p1a: Reuniclus|spa|1
|-boost|p1a: Reuniclus|spd|1
|move|p2a: Ferrothorn|Leech Seed|p1a: Reuniclus
|-start|p1a: Reuniclus|move: Leech Seed
|
|upkeep
|turn|66
|
|t:|1666001934
|move|p1a: Reuniclus|Psyshock|p2a: Ferrothorn
|-resisted|p2a: Ferrothorn
|-damage|p2a: Ferrothorn|0 fnt
|faint|p2a: Ferrothorn
|
|win|whocanunravelme
|raw|whocanunravelme's rating: 1605 &rarr; <strong>1635</strong><br />(+30 for winning)
|raw|JooshP's rating: 1791 &rarr; <strong>1761</strong><br />(-30 for losing)
|l|☆JooshP
