|j|☆Ferrothornail草钢甲
|j|☆AquaRotom
|t:|1662949218
|gametype|singles
|player|p1|Ferrothornail草钢甲|lillie|1810
|player|p2|AquaRotom|clover|1704
|teamsize|p1|6
|teamsize|p2|6
|gen|8
|tier|[Gen 8] OU
|rated|
|rule|Sleep Clause Mod: Limit one foe put to sleep
|rule|Species Clause: Limit one of each Pokémon
|rule|OHKO Clause: OHKO moves are banned
|rule|Evasion Items Clause: Evasion items are banned
|rule|Evasion Moves Clause: Evasion moves are banned
|rule|Endless Battle Clause: Forcing endless battles is banned
|rule|HP Percentage Mod: HP is shown in percentages
|rule|Dynamax Clause: You cannot dynamax
|clearpoke
|poke|p1|Hatterene, F|
|poke|p1|Porygon2|
|poke|p1|Cresselia, F|
|poke|p1|Marowak-Alola, F|
|poke|p1|Crawdaunt, M|
|poke|p1|Melmetal|
|poke|p2|Tyranitar, M|
|poke|p2|Excadrill, M|
|poke|p2|Ferrothorn, M|
|poke|p2|Zapdos|
|poke|p2|Urshifu-*, M|
|poke|p2|Tapu Lele|
|teampreview
|inactive|Battle timer is ON: inactive players will automatically lose when time's up. (requested by AquaRotom)
|c|☆AquaRotom|哈哈
|c|☆AquaRotom|我这不好打空间
|inactive|Ferrothornail草钢甲 has 120 seconds left.
|inactive|AquaRotom has 120 seconds left.
|c|☆Ferrothornail草钢甲|我好害怕啊
|c|☆Ferrothornail草钢甲|这个分段要掉大分
|
|t:|1662949270
|start
|switch|p1a: Hatterene|Hatterene, F|100/100
|switch|p2a: Excadrill|Excadrill, M, shiny|100/100
|turn|1
|
|t:|1662949275
|move|p2a: Excadrill|Iron Head|p1a: Hatterene
|-supereffective|p1a: Hatterene
|-enditem|p1a: Hatterene|Focus Sash
|-damage|p1a: Hatterene|1/100
|move|p1a: Hatterene|Trick Room|p1a: Hatterene
|-fieldstart|move: Trick Room|[of] p1a: Hatterene
|
|upkeep
|turn|2
|
|t:|1662949294
|switch|p2a: Zapdos|Zapdos|100/100
|move|p1a: Hatterene|Healing Wish|p1a: Hatterene
|faint|p1a: Hatterene
|
|upkeep
|
|t:|1662949298
|switch|p1a: Marowak|Marowak-Alola, F|100/100
|turn|3
|j| chicago slime
|
|t:|1662949323
|move|p1a: Marowak|Swords Dance|p1a: Marowak
|-boost|p1a: Marowak|atk|2
|move|p2a: Zapdos|Hurricane|p1a: Marowak
|-damage|p1a: Marowak|41/100
|
|upkeep
|turn|4
|
|t:|1662949334
|switch|p2a: Tyranitar|Tyranitar, M|100/100
|-weather|Sandstorm|[from] ability: Sand Stream|[of] p2a: Tyranitar
|move|p1a: Marowak|Flare Blitz|p2a: Tyranitar
|-resisted|p2a: Tyranitar
|-damage|p2a: Tyranitar|10/100
|
|-weather|Sandstorm|[upkeep]
|-damage|p1a: Marowak|35/100|[from] Sandstorm
|upkeep
|turn|5
|j| cqnb
|j| fggsdfgsd
|inactive|AquaRotom has 120 seconds left.
|j| aaaaaqwq
|
|t:|1662949361
|switch|p2a: Urshifu|Urshifu-Rapid-Strike, M|100/100
|move|p1a: Marowak|Flare Blitz|p2a: Urshifu
|-resisted|p2a: Urshifu
|-damage|p2a: Urshifu|9/100
|
|-weather|Sandstorm|[upkeep]
|-damage|p1a: Marowak|29/100|[from] Sandstorm
|-damage|p2a: Urshifu|3/100|[from] Sandstorm
|-fieldend|move: Trick Room
|upkeep
|turn|6
|
|t:|1662949385
|move|p2a: Urshifu|U-turn|p1a: Marowak
|-resisted|p1a: Marowak
|-damage|p1a: Marowak|23/100
|
|t:|1662949397
|switch|p2a: Tyranitar|Tyranitar, M|10/100|[from]move: U-turn
|move|p1a: Marowak|Flare Blitz|p2a: Tyranitar
|-resisted|p2a: Tyranitar
|-damage|p2a: Tyranitar|0 fnt
|faint|p2a: Tyranitar
|
|-weather|Sandstorm|[upkeep]
|-damage|p1a: Marowak|17/100|[from] Sandstorm
|upkeep
|
|t:|1662949412
|switch|p2a: Urshifu|Urshifu-Rapid-Strike, M|3/100
|turn|7
|
|t:|1662949415
|switch|p1a: Cresselia|Cresselia, F|100/100
|move|p2a: Urshifu|Surging Strikes|p1a: Cresselia
|-crit|p1a: Cresselia
|-damage|p1a: Cresselia|91/100
|-crit|p1a: Cresselia
|-damage|p1a: Cresselia|80/100
|-crit|p1a: Cresselia
|-damage|p1a: Cresselia|70/100
|-hitcount|p1a: Cresselia|3
|
|-weather|Sandstorm|[upkeep]
|-damage|p2a: Urshifu|0 fnt|[from] Sandstorm
|-damage|p1a: Cresselia|64/100|[from] Sandstorm
|faint|p2a: Urshifu
|upkeep
|
|t:|1662949421
|switch|p2a: Excadrill|Excadrill, M, shiny|100/100
|turn|8
|
|t:|1662949424
|move|p2a: Excadrill|Iron Head|p1a: Cresselia
|-damage|p1a: Cresselia|30/100
|move|p1a: Cresselia|Trick Room|p1a: Cresselia
|-fieldstart|move: Trick Room|[of] p1a: Cresselia
|
|-weather|none
|upkeep
|turn|9
|j| h9gh
|
|t:|1662949439
|switch|p1a: Crawdaunt|Crawdaunt, M|100/100
|switch|p2a: Ferrothorn|Ferrothorn, M|100/100
|
|upkeep
|turn|10
|
|t:|1662949445
|switch|p1a: Marowak|Marowak-Alola, F|17/100
|-heal|p1a: Marowak|100/100|[from] move: Healing Wish
|move|p2a: Ferrothorn|Body Press|p1a: Marowak
|-immune|p1a: Marowak
|
|upkeep
|turn|11
|j| cityfolk
|
|t:|1662949449
|move|p2a: Ferrothorn|Knock Off|p1a: Marowak
|-supereffective|p1a: Marowak
|-damage|p1a: Marowak|61/100
|-enditem|p1a: Marowak|Thick Club|[from] move: Knock Off|[of] p2a: Ferrothorn
|move|p1a: Marowak|Flare Blitz|p2a: Ferrothorn
|-supereffective|p2a: Ferrothorn
|-damage|p2a: Ferrothorn|0 fnt
|-damage|p1a: Marowak|48/100|[from] ability: Iron Barbs|[of] p2a: Ferrothorn
|faint|p2a: Ferrothorn
|
|upkeep
|
|t:|1662949456
|switch|p2a: Zapdos|Zapdos|100/100
|turn|12
|
|t:|1662949459
|move|p1a: Marowak|Flare Blitz|p2a: Zapdos
|-damage|p2a: Zapdos|66/100
|-status|p1a: Marowak|par|[from] ability: Static|[of] p2a: Zapdos
|move|p2a: Zapdos|Hurricane|p1a: Marowak
|-crit|p1a: Marowak
|-damage|p1a: Marowak|0 fnt
|faint|p1a: Marowak
|
|-fieldend|move: Trick Room
|upkeep
|
|t:|1662949462
|switch|p1a: Porygon2|Porygon2|100/100
|-ability|p1a: Porygon2|Download|boost
|-boost|p1a: Porygon2|spa|1
|turn|13
|
|t:|1662949466
|move|p2a: Zapdos|Volt Switch|p1a: Porygon2
|-damage|p1a: Porygon2|87/100
|
|t:|1662949477
|switch|p2a: Excadrill|Excadrill, M, shiny|100/100|[from]move: Volt Switch
|move|p1a: Porygon2|Trick Room|p1a: Porygon2
|-fieldstart|move: Trick Room|[of] p1a: Porygon2
|
|upkeep
|turn|14
|j| KakunaBR
|
|t:|1662949480
|move|p2a: Excadrill|Iron Head|p1a: Porygon2
|-damage|p1a: Porygon2|43/100
|move|p1a: Porygon2|Teleport|p1a: Porygon2
|
|t:|1662949484
|switch|p1a: Crawdaunt|Crawdaunt, M|100/100|[from]move: Teleport
|
|upkeep
|turn|15
|j| xiaolinyo
|
|t:|1662949490
|move|p1a: Crawdaunt|Knock Off|p2a: Excadrill
|-damage|p2a: Excadrill|0 fnt
|-enditem|p2a: Excadrill|Choice Band|[from] move: Knock Off|[of] p1a: Crawdaunt
|faint|p2a: Excadrill
|-damage|p1a: Crawdaunt|90/100|[from] item: Life Orb
|
|upkeep
|-message|AquaRotom forfeited.
|
|win|Ferrothornail草钢甲
|raw|Ferrothornail草钢甲's rating: 1810 &rarr; <strong>1824</strong><br />(+14 for winning)
|raw|AquaRotom's rating: 1704 &rarr; <strong>1690</strong><br />(-14 for losing)
|l|☆AquaRotom
|l| xiaolinyo
|j| xiaolinyo
||Ladder isn't responding, score probably updated but might not have (Request timeout).
