|j|☆madness10
|j|☆Qilson
|player|p1|madness10|265|1500
|player|p2|Qilson|1|1455
|teamsize|p1|6
|teamsize|p2|6
|gametype|singles
|gen|8
|tier|[Gen 8] OU
|rated|
|clearpoke
|poke|p1|Dragapult, M|
|poke|p1|Seismitoad, M|
|poke|p1|Darmanitan, M|
|poke|p1|Sylveon, M|
|poke|p1|Rotom-Mow|
|poke|p1|Corviknight, M|
|poke|p2|Kommo-o, F|
|poke|p2|Gengar, F|
|poke|p2|Mew|
|poke|p2|Terrakion|
|poke|p2|Mimikyu, F|
|poke|p2|Obstagoon, M|
|rule|Sleep Clause Mod: Limit one foe put to sleep
|rule|Species Clause: Limit one of each Pokémon
|rule|OHKO Clause: OHKO moves are banned
|rule|Evasion Moves Clause: Evasion moves are banned
|rule|Endless Battle Clause: Forcing endless battles is banned
|rule|HP Percentage Mod: HP is shown in percentages
|rule|Dynamax Clause: You cannot dynamax
|teampreview
|inactive|Battle timer is ON: inactive players will automatically lose when time's up. (requested by Qilson)
|
|start
|switch|p1a: Corviknight|Corviknight, M, shiny|100/100
|switch|p2a: Mew|Mew|100/100
|-ability|p1a: Corviknight|Pressure
|turn|1
|inactive|Qilson has 120 seconds left.
|
|move|p2a: Mew|Stealth Rock|p1a: Corviknight
|-sidestart|p1: madness10|move: Stealth Rock
|move|p1a: Corviknight|U-turn|p2a: Mew
|-supereffective|p2a: Mew
|-damage|p2a: Mew|71/100
|-enditem|p2a: Mew|Red Card|[of] p1a: Corviknight
|drag|p1a: Rotom|Rotom-Mow, shiny|100/100
|-damage|p1a: Rotom|88/100|[from] Stealth Rock
|
|-heal|p1a: Rotom|94/100|[from] item: Leftovers
|upkeep
|turn|2
|
|move|p2a: Mew|Spikes|p1a: Rotom
|-sidestart|p1: madness10|Spikes
|move|p1a: Rotom|Substitute|p1a: Rotom
|-start|p1a: Rotom|Substitute
|-damage|p1a: Rotom|69/100
|
|-heal|p1a: Rotom|75/100|[from] item: Leftovers
|upkeep
|turn|3
|
|move|p2a: Mew|Spikes|p1a: Rotom
|-sidestart|p1: madness10|Spikes
|move|p1a: Rotom|Nasty Plot|p1a: Rotom
|-boost|p1a: Rotom|spa|2
|
|-heal|p1a: Rotom|82/100|[from] item: Leftovers
|upkeep
|turn|4
|
|move|p2a: Mew|Self-Destruct|p1a: Rotom
|-end|p1a: Rotom|Substitute
|faint|p2a: Mew
|move|p1a: Rotom|Discharge|p2: Mew|[notarget]
|-fail|p1a: Rotom
|
|-heal|p1a: Rotom|88/100|[from] item: Leftovers
|upkeep
|
|switch|p2a: Gengar|Gengar, F|100/100
|turn|5
|l|☆Qilson
|inactive|Qilson disconnected and has a minute to reconnect!
|player|p2|
|j|☆Qilson
|inactive|Qilson reconnected and has 110 seconds left.
|player|p2|Qilson|1
|
|move|p2a: Gengar|Sludge Wave|p1a: Rotom
|-supereffective|p1a: Rotom
|-damage|p1a: Rotom|0 fnt
|faint|p1a: Rotom
|
|upkeep
|
|switch|p1a: Corviknight|Corviknight, M, shiny|100/100
|-damage|p1a: Corviknight|88/100|[from] Stealth Rock
|-ability|p1a: Corviknight|Pressure
|turn|6
|
|move|p2a: Gengar|Taunt|p1a: Corviknight
|-start|p1a: Corviknight|move: Taunt
|cant|p1a: Corviknight|move: Taunt|Defog
|
|upkeep
|turn|7
|
|move|p2a: Gengar|Shadow Ball|p1a: Corviknight
|-damage|p1a: Corviknight|45/100
|-unboost|p1a: Corviknight|spd|1
|move|p1a: Corviknight|Brave Bird|p2a: Gengar
|-damage|p2a: Gengar|32/100
|-start|p1a: Corviknight|Disable|Brave Bird|[from] ability: Cursed Body|[of] p2a: Gengar
|-damage|p1a: Corviknight|30/100|[from] Recoil
|
|upkeep
|turn|8
|
|move|p2a: Gengar|Shadow Ball|p1a: Corviknight
|-damage|p1a: Corviknight|0 fnt
|faint|p1a: Corviknight
|
|upkeep
|
|switch|p1a: Seismitoad|Seismitoad, M|100/100
|-damage|p1a: Seismitoad|84/100|[from] Spikes
|-damage|p1a: Seismitoad|78/100|[from] Stealth Rock
|turn|9
|
|move|p2a: Gengar|Shadow Ball|p1a: Seismitoad
|-damage|p1a: Seismitoad|31/100
|move|p1a: Seismitoad|Stealth Rock|p2a: Gengar
|-sidestart|p2: Qilson|move: Stealth Rock
|
|-heal|p1a: Seismitoad|37/100|[from] item: Leftovers
|upkeep
|turn|10
|
|move|p2a: Gengar|Shadow Ball|p1a: Seismitoad
|-damage|p1a: Seismitoad|0 fnt
|faint|p1a: Seismitoad
|
|upkeep
|
|switch|p1a: Dragapult|Dragapult, M, shiny|100/100
|-damage|p1a: Dragapult|84/100|[from] Spikes
|-damage|p1a: Dragapult|72/100|[from] Stealth Rock
|turn|11
|
|move|p1a: Dragapult|Shadow Ball|p2a: Gengar
|-supereffective|p2a: Gengar
|-damage|p2a: Gengar|0 fnt
|faint|p2a: Gengar
|
|upkeep
|
|switch|p2a: Obstagoon|Obstagoon, M|100/100
|-damage|p2a: Obstagoon|88/100|[from] Stealth Rock
|turn|12
|
|switch|p1a: Sylveon|Sylveon, M, shiny|100/100
|-damage|p1a: Sylveon|88/100|[from] Stealth Rock
|-damage|p1a: Sylveon|71/100|[from] Spikes
|move|p2a: Obstagoon|Knock Off|p1a: Sylveon
|-resisted|p1a: Sylveon
|-damage|p1a: Sylveon|46/100
|-enditem|p1a: Sylveon|Leftovers|[from] move: Knock Off|[of] p2a: Obstagoon
|
|-status|p2a: Obstagoon|brn|[from] item: Flame Orb
|upkeep
|turn|13
|
|switch|p1a: Dragapult|Dragapult, M, shiny|72/100
|-damage|p1a: Dragapult|55/100|[from] Spikes
|-damage|p1a: Dragapult|43/100|[from] Stealth Rock
|move|p2a: Obstagoon|Facade|p1a: Dragapult
|-immune|p1a: Dragapult
|
|-damage|p2a: Obstagoon|82/100 brn|[from] brn
|upkeep
|turn|14
|
|move|p1a: Dragapult|Draco Meteor|p2a: Obstagoon
|-damage|p2a: Obstagoon|0 fnt
|-unboost|p1a: Dragapult|spa|2
|faint|p2a: Obstagoon
|
|upkeep
|
|switch|p2a: Mimikyu|Mimikyu, F|100/100
|-damage|p2a: Mimikyu|88/100|[from] Stealth Rock
|turn|15
|
|switch|p1a: Sylveon|Sylveon, M, shiny|46/100
|-damage|p1a: Sylveon|29/100|[from] Spikes
|-damage|p1a: Sylveon|17/100|[from] Stealth Rock
|move|p2a: Mimikyu|Swords Dance|p2a: Mimikyu
|-boost|p2a: Mimikyu|atk|2
|
|upkeep
|turn|16
|
|move|p2a: Mimikyu|Shadow Claw|p1a: Sylveon
|-damage|p1a: Sylveon|0 fnt
|-damage|p2a: Mimikyu|78/100|[from] item: Life Orb
|faint|p1a: Sylveon
|
|upkeep
|
|switch|p1a: Darmanitan|Darmanitan, M, shiny|100/100
|-damage|p1a: Darmanitan|84/100|[from] Spikes
|-damage|p1a: Darmanitan|59/100|[from] Stealth Rock
|turn|17
|
|move|p1a: Darmanitan|Earthquake|p2a: Mimikyu
|-activate|p2a: Mimikyu|ability: Disguise
|-damage|p2a: Mimikyu|78/100
|detailschange|p2a: Mimikyu|Mimikyu-Busted, F
|-damage|p2a: Mimikyu|66/100|[from] pokemon: mimikyubusted
|move|p2a: Mimikyu|Shadow Claw|p1a: Darmanitan
|-damage|p1a: Darmanitan|0 fnt
|-damage|p2a: Mimikyu|56/100|[from] item: Life Orb
|faint|p1a: Darmanitan
|
|upkeep
|-message|madness10 forfeited.
|
|win|Qilson
|l|☆madness10
|raw|madness10's rating: 1500 &rarr; <strong>1477</strong><br />(-23 for losing)
|raw|Qilson's rating: 1455 &rarr; <strong>1477</strong><br />(+22 for winning)
