|html|<div class="broadcast-blue"><strong>[Gen 8] OU is currently suspecting Spectrier! For information on how to participate check out the <a href="https://www.smogon.com/forums/threads/np-ss-ou-suspect-process-round-9-old-town-road.3676744/">suspect thread</a>.</strong></div>
|j|☆PB373373
|j|☆roboPOKE
|t:|1611565473
|player|p1|PB373373|34|1702
|player|p2|roboPOKE|101|1707
|teamsize|p1|6
|teamsize|p2|6
|gametype|singles
|gen|8
|tier|[Gen 8] OU
|rated|
|clearpoke
|poke|p1|Bronzong|
|poke|p1|Marowak-Alola, M|
|poke|p1|Melmetal|
|poke|p1|Cresselia, F|
|poke|p1|Crawdaunt, F|
|poke|p1|Porygon2|
|poke|p2|Cinderace, F|
|poke|p2|Slowbro, F|
|poke|p2|Eiscue, M|
|poke|p2|Abomasnow, F|
|poke|p2|Garchomp, M|
|poke|p2|Mandibuzz, F|
|rule|Sleep Clause Mod: Limit one foe put to sleep
|rule|Species Clause: Limit one of each Pokémon
|rule|OHKO Clause: OHKO moves are banned
|rule|Evasion Moves Clause: Evasion moves are banned
|rule|Endless Battle Clause: Forcing endless battles is banned
|rule|HP Percentage Mod: HP is shown in percentages
|rule|Dynamax Clause: You cannot dynamax
|teampreview
|inactive|Battle timer is ON: inactive players will automatically lose when time's up. (requested by PB373373)
|j| pq2005
|j| WellnessA
|j| bleach is tr4sh
|
|t:|1611565492
|start
|switch|p1a: Bronzong|Bronzong|100/100
|switch|p2a: Garchomp|Garchomp, M|100/100
|turn|1
|l| bleach is tr4sh
|inactive|PB373373 has 120 seconds left.
|
|t:|1611565536
|move|p2a: Garchomp|Stealth Rock|p1a: Bronzong
|-sidestart|p1: PB373373|move: Stealth Rock
|move|p1a: Bronzong|Trick Room|p1a: Bronzong
|-fieldstart|move: Trick Room|[of] p1a: Bronzong
|
|upkeep
|turn|2
|
|t:|1611565550
|switch|p2a: Abomasnow|Abomasnow, F|100/100
|-weather|Hail|[from] ability: Snow Warning|[of] p2a: Abomasnow
|move|p1a: Bronzong|Stealth Rock|p2a: Abomasnow
|-sidestart|p2: roboPOKE|move: Stealth Rock
|
|-weather|Hail|[upkeep]
|-damage|p1a: Bronzong|94/100|[from] Hail
|upkeep
|turn|3
|
|t:|1611565557
|switch|p2a: Slowbro|Slowbro, F|100/100
|move|p1a: Bronzong|Explosion|p2a: Slowbro
|-damage|p2a: Slowbro|57/100
|faint|p1a: Bronzong
|
|-weather|Hail|[upkeep]
|-damage|p2a: Slowbro|51/100|[from] Hail
|upkeep
|inactive|PB373373 has 120 seconds left.
|
|t:|1611565563
|switch|p1a: Crawdaunt|Crawdaunt, F|100/100
|-damage|p1a: Crawdaunt|88/100|[from] Stealth Rock
|turn|4
|
|t:|1611565565
|switch|p2a: Eiscue|Eiscue, M|100/100
|-damage|p2a: Eiscue|76/100|[from] Stealth Rock
|move|p1a: Crawdaunt|Knock Off|p2a: Eiscue
|-activate|p2a: Eiscue|ability: Ice Face
|-damage|p2a: Eiscue|76/100
|-damage|p1a: Crawdaunt|71/100|[from] item: Rocky Helmet|[of] p2a: Eiscue
|-enditem|p2a: Eiscue|Rocky Helmet|[from] move: Knock Off|[of] p1a: Crawdaunt
|detailschange|p2a: Eiscue|Eiscue-Noice, M
|-damage|p1a: Crawdaunt|61/100|[from] item: Life Orb
|
|-weather|Hail|[upkeep]
|-damage|p1a: Crawdaunt|55/100|[from] Hail
|upkeep
|turn|5
|
|t:|1611565573
|move|p2a: Eiscue|Protect|p2a: Eiscue
|-singleturn|p2a: Eiscue|Protect
|move|p1a: Crawdaunt|Crabhammer|p2a: Eiscue
|-activate|p2a: Eiscue|move: Protect
|
|-weather|Hail|[upkeep]
|-damage|p1a: Crawdaunt|49/100|[from] Hail
|-fieldend|move: Trick Room
|upkeep
|turn|6
|inactive|roboPOKE has 120 seconds left.
|j| Alucard.sasor
|
|t:|1611565611
|switch|p1a: Melmetal|Melmetal|100/100
|-damage|p1a: Melmetal|94/100|[from] Stealth Rock
|move|p2a: Eiscue|Freeze-Dry|p1a: Melmetal
|-resisted|p1a: Melmetal
|-damage|p1a: Melmetal|86/100
|
|-weather|Hail|[upkeep]
|-damage|p1a: Melmetal|80/100|[from] Hail
|upkeep
|turn|7
|inactive|roboPOKE has 120 seconds left.
|
|t:|1611565618
|switch|p2a: Slowbro|Slowbro, F|84/100
|move|p1a: Melmetal|Double Iron Bash|p2a: Slowbro
|-resisted|p2a: Slowbro
|-damage|p2a: Slowbro|68/100
|-resisted|p2a: Slowbro
|-damage|p2a: Slowbro|51/100
|-hitcount|p2a: Slowbro|2
|-damage|p1a: Melmetal|70/100|[from] item: Life Orb
|
|-weather|Hail|[upkeep]
|-damage|p2a: Slowbro|45/100|[from] Hail
|-damage|p1a: Melmetal|64/100|[from] Hail
|upkeep
|turn|8
|
|t:|1611565625
|move|p2a: Slowbro|Slack Off|p2a: Slowbro
|-heal|p2a: Slowbro|95/100
|move|p1a: Melmetal|Thunder Punch|p2a: Slowbro
|-supereffective|p2a: Slowbro
|-damage|p2a: Slowbro|35/100
|-status|p2a: Slowbro|par
|-damage|p1a: Melmetal|54/100|[from] item: Life Orb
|
|-weather|Hail|[upkeep]
|-damage|p1a: Melmetal|48/100|[from] Hail
|-damage|p2a: Slowbro|29/100 par|[from] Hail
|upkeep
|turn|9
|inactive|roboPOKE has 120 seconds left.
|
|t:|1611565642
|switch|p2a: Mandibuzz|Mandibuzz, F|100/100
|move|p1a: Melmetal|Thunder Punch|p2a: Mandibuzz
|-supereffective|p2a: Mandibuzz
|-damage|p2a: Mandibuzz|43/100
|-damage|p1a: Melmetal|38/100|[from] item: Life Orb
|
|-weather|none
|upkeep
|turn|10
|
|t:|1611565645
|move|p2a: Mandibuzz|Roost|p2a: Mandibuzz
|-heal|p2a: Mandibuzz|93/100
|-singleturn|p2a: Mandibuzz|move: Roost
|move|p1a: Melmetal|Double Iron Bash|p2a: Mandibuzz
|-damage|p2a: Mandibuzz|57/100
|-damage|p2a: Mandibuzz|19/100
|-hitcount|p2a: Mandibuzz|2
|-damage|p1a: Melmetal|28/100|[from] item: Life Orb
|
|upkeep
|turn|11
|
|t:|1611565651
|move|p2a: Mandibuzz|Defog|p1a: Melmetal
|-unboost|p1a: Melmetal|evasion|1
|-sideend|p1: PB373373|Stealth Rock|[from] move: Defog|[of] p2a: Mandibuzz
|-sideend|p2: roboPOKE|Stealth Rock|[from] move: Defog|[of] p2a: Mandibuzz
|move|p1a: Melmetal|Double Iron Bash|p2a: Mandibuzz
|-damage|p2a: Mandibuzz|0 fnt
|-hitcount|p2a: Mandibuzz|1
|-damage|p1a: Melmetal|18/100|[from] item: Life Orb
|faint|p2a: Mandibuzz
|
|upkeep
|
|t:|1611565656
|switch|p2a: Abomasnow|Abomasnow, F|100/100
|-weather|Hail|[from] ability: Snow Warning|[of] p2a: Abomasnow
|turn|12
|
|t:|1611565670
|switch|p1a: Porygon2|Porygon2|100/100
|-ability|p1a: Porygon2|Download|boost
|-boost|p1a: Porygon2|atk|1
|move|p2a: Abomasnow|Earthquake|p1a: Porygon2
|-damage|p1a: Porygon2|87/100
|
|-weather|Hail|[upkeep]
|-damage|p1a: Porygon2|81/100|[from] Hail
|upkeep
|turn|13
|
|t:|1611565674
|switch|p2a: Eiscue|Eiscue-Noice, M|76/100
|-activate|p2a: Eiscue|ability: Ice Face
|detailschange|p2a: Eiscue|Eiscue, M
|move|p1a: Porygon2|Trick Room|p1a: Porygon2
|-fieldstart|move: Trick Room|[of] p1a: Porygon2
|
|-weather|Hail|[upkeep]
|-damage|p1a: Porygon2|75/100|[from] Hail
|upkeep
|turn|14
|
|t:|1611565681
|move|p2a: Eiscue|Aurora Veil|p2a: Eiscue
|-sidestart|p2: roboPOKE|move: Aurora Veil
|move|p1a: Porygon2|Teleport|p1a: Porygon2
|
|t:|1611565684
|switch|p1a: Marowak|Marowak-Alola, M|100/100|[from]move: Teleport
|
|-weather|Hail|[upkeep]
|-damage|p1a: Marowak|94/100|[from] Hail
|upkeep
|turn|15
|
|t:|1611565690
|move|p1a: Marowak|Flare Blitz|p2a: Eiscue
|-activate|p2a: Eiscue|ability: Ice Face
|-damage|p2a: Eiscue|76/100
|detailschange|p2a: Eiscue|Eiscue-Noice, M
|move|p2a: Eiscue|Whirlpool|p1a: Marowak
|-supereffective|p1a: Marowak
|-crit|p1a: Marowak
|-damage|p1a: Marowak|73/100
|-activate|p1a: Marowak|move: Whirlpool|[of] p2a: Eiscue
|
|-weather|Hail|[upkeep]
|-damage|p1a: Marowak|66/100|[from] Hail
|-damage|p1a: Marowak|54/100|[from] move: Whirlpool|[partiallytrapped]
|upkeep
|turn|16
|
|t:|1611565698
|switch|p2a: Slowbro|Slowbro, F|62/100 par
|move|p1a: Marowak|Flare Blitz|p2a: Slowbro
|-resisted|p2a: Slowbro
|-damage|p2a: Slowbro|47/100 par
|
|-weather|Hail|[upkeep]
|-damage|p2a: Slowbro|41/100 par|[from] Hail
|-damage|p1a: Marowak|48/100|[from] Hail
|-end|p1a: Marowak|Whirlpool|[partiallytrapped]|[silent]
|upkeep
|turn|17
|
|t:|1611565708
|cant|p2a: Slowbro|par
|move|p1a: Marowak|Poltergeist|p2a: Slowbro
|-activate|p2a: Slowbro|move: Poltergeist|Heavy-Duty Boots
|-supereffective|p2a: Slowbro
|-damage|p2a: Slowbro|0 fnt
|faint|p2a: Slowbro
|
|-weather|Hail|[upkeep]
|-damage|p1a: Marowak|42/100|[from] Hail
|-fieldend|move: Trick Room
|upkeep
|
|t:|1611565719
|switch|p2a: Garchomp|Garchomp, M|100/100
|turn|18
|
|t:|1611565724
|switch|p1a: Porygon2|Porygon2|75/100
|-ability|p1a: Porygon2|Download|boost
|-boost|p1a: Porygon2|spa|1
|move|p2a: Garchomp|Stealth Rock|p1a: Porygon2
|-sidestart|p1: PB373373|move: Stealth Rock
|
|-weather|Hail|[upkeep]
|-damage|p2a: Garchomp|94/100|[from] Hail
|-damage|p1a: Porygon2|68/100|[from] Hail
|-heal|p2a: Garchomp|100/100|[from] item: Leftovers
|-sideend|p2: roboPOKE|move: Aurora Veil
|upkeep
|turn|19
|
|t:|1611565728
|move|p2a: Garchomp|Earthquake|p1a: Porygon2
|-damage|p1a: Porygon2|43/100
|move|p1a: Porygon2|Trick Room|p1a: Porygon2
|-fieldstart|move: Trick Room|[of] p1a: Porygon2
|
|-weather|none
|upkeep
|turn|20
|
|t:|1611565739
|switch|p2a: Abomasnow|Abomasnow, F|100/100
|-weather|Hail|[from] ability: Snow Warning|[of] p2a: Abomasnow
|move|p1a: Porygon2|Tri Attack|p2a: Abomasnow
|-damage|p2a: Abomasnow|60/100
|
|-weather|Hail|[upkeep]
|-damage|p1a: Porygon2|37/100|[from] Hail
|upkeep
|turn|21
|
|t:|1611565743
|move|p2a: Abomasnow|Swords Dance|p2a: Abomasnow
|-boost|p2a: Abomasnow|atk|2
|move|p1a: Porygon2|Teleport|p1a: Porygon2
|
|t:|1611565746
|switch|p1a: Marowak|Marowak-Alola, M|42/100|[from]move: Teleport
|-damage|p1a: Marowak|17/100|[from] Stealth Rock
|
|-weather|Hail|[upkeep]
|-damage|p1a: Marowak|11/100|[from] Hail
|upkeep
|turn|22
|
|t:|1611565751
|move|p2a: Abomasnow|Ice Shard|p1a: Marowak
|-resisted|p1a: Marowak
|-damage|p1a: Marowak|0 fnt
|faint|p1a: Marowak
|
|-weather|Hail|[upkeep]
|upkeep
|
|t:|1611565755
|switch|p1a: Crawdaunt|Crawdaunt, F|49/100
|-damage|p1a: Crawdaunt|37/100|[from] Stealth Rock
|turn|23
|
|t:|1611565759
|switch|p2a: Eiscue|Eiscue-Noice, M|76/100
|-activate|p2a: Eiscue|ability: Ice Face
|detailschange|p2a: Eiscue|Eiscue, M
|move|p1a: Crawdaunt|Knock Off|p2a: Eiscue
|-activate|p2a: Eiscue|ability: Ice Face
|-damage|p2a: Eiscue|76/100
|detailschange|p2a: Eiscue|Eiscue-Noice, M
|-damage|p1a: Crawdaunt|27/100|[from] item: Life Orb
|
|-weather|Hail|[upkeep]
|-damage|p1a: Crawdaunt|21/100|[from] Hail
|-fieldend|move: Trick Room
|upkeep
|turn|24
|
|t:|1611565776
|move|p1a: Crawdaunt|Aqua Jet|p2a: Eiscue
|-damage|p2a: Eiscue|42/100
|-damage|p1a: Crawdaunt|11/100|[from] item: Life Orb
|move|p2a: Eiscue|Aurora Veil|p2a: Eiscue
|-sidestart|p2: roboPOKE|move: Aurora Veil
|
|-weather|Hail|[upkeep]
|-damage|p1a: Crawdaunt|5/100|[from] Hail
|upkeep
|turn|25
|
|t:|1611565784
|switch|p1a: Porygon2|Porygon2|37/100
|-damage|p1a: Porygon2|24/100|[from] Stealth Rock
|-ability|p1a: Porygon2|Download|boost
|-boost|p1a: Porygon2|spa|1
|move|p2a: Eiscue|Freeze-Dry|p1a: Porygon2
|-damage|p1a: Porygon2|14/100
|
|-weather|Hail|[upkeep]
|-damage|p1a: Porygon2|8/100|[from] Hail
|upkeep
|turn|26
|
|t:|1611565789
|move|p2a: Eiscue|Freeze-Dry|p1a: Porygon2
|-damage|p1a: Porygon2|0 fnt
|faint|p1a: Porygon2
|
|-weather|Hail|[upkeep]
|upkeep
|
|t:|1611565812
|switch|p1a: Cresselia|Cresselia, F|100/100
|-damage|p1a: Cresselia|88/100|[from] Stealth Rock
|turn|27
|l| Alucard.sasor
|
|t:|1611565819
|move|p2a: Eiscue|Whirlpool|p1a: Cresselia
|-damage|p1a: Cresselia|85/100
|-activate|p1a: Cresselia|move: Whirlpool|[of] p2a: Eiscue
|move|p1a: Cresselia|Trick Room|p1a: Cresselia
|-fieldstart|move: Trick Room|[of] p1a: Cresselia
|
|-weather|none
|-damage|p1a: Cresselia|72/100|[from] move: Whirlpool|[partiallytrapped]
|upkeep
|turn|28
|
|t:|1611565843
|switch|p2a: Abomasnow|Abomasnow, F|60/100
|-weather|Hail|[from] ability: Snow Warning|[of] p2a: Abomasnow
|move|p1a: Cresselia|Psychic|p2a: Abomasnow
|-damage|p2a: Abomasnow|47/100
|
|-weather|Hail|[upkeep]
|-damage|p1a: Cresselia|66/100|[from] Hail
|-end|p1a: Cresselia|Whirlpool|[partiallytrapped]|[silent]
|-sideend|p2: roboPOKE|move: Aurora Veil
|upkeep
|turn|29
|
|t:|1611565849
|move|p1a: Cresselia|Psychic|p2a: Abomasnow
|-damage|p2a: Abomasnow|20/100
|move|p2a: Abomasnow|Swords Dance|p2a: Abomasnow
|-boost|p2a: Abomasnow|atk|2
|
|-weather|Hail|[upkeep]
|-damage|p1a: Cresselia|60/100|[from] Hail
|upkeep
|turn|30
|
|t:|1611565859
|move|p2a: Abomasnow|Ice Shard|p1a: Cresselia
|-damage|p1a: Cresselia|42/100
|move|p1a: Cresselia|Psychic|p2a: Abomasnow
|-damage|p2a: Abomasnow|0 fnt
|faint|p2a: Abomasnow
|
|-weather|Hail|[upkeep]
|-damage|p1a: Cresselia|36/100|[from] Hail
|upkeep
|
|t:|1611565865
|switch|p2a: Cinderace|Cinderace, F|100/100
|turn|31
|
|t:|1611565871
|move|p1a: Cresselia|Psychic|p2a: Cinderace
|-damage|p2a: Cinderace|62/100
|move|p2a: Cinderace|Pyro Ball|p1a: Cresselia
|-damage|p1a: Cresselia|3/100
|
|-weather|Hail|[upkeep]
|-damage|p1a: Cresselia|0 fnt|[from] Hail
|-damage|p2a: Cinderace|56/100|[from] Hail
|faint|p1a: Cresselia
|-fieldend|move: Trick Room
|upkeep
|c| pq2005|this thing is god damn anti-TR
|-message|PB373373 forfeited.
|
|win|roboPOKE
|l|☆PB373373
