|j|☆Corumba
|j|☆flygonisdragon
|t:|1633213937
|gametype|singles
|player|p1|Corumba|schoolkid-gen4|1722
|player|p2|flygonisdragon|ninjaboy|1768
|teamsize|p1|6
|teamsize|p2|6
|gen|8
|tier|[Gen 8] OU
|rated|
|rule|Sleep Clause Mod: Limit one foe put to sleep
|rule|Species Clause: Limit one of each Pokémon
|rule|OHKO Clause: OHKO moves are banned
|rule|Evasion Moves Clause: Evasion moves are banned
|rule|Endless Battle Clause: Forcing endless battles is banned
|rule|HP Percentage Mod: HP is shown in percentages
|rule|Dynamax Clause: You cannot dynamax
|clearpoke
|poke|p1|Heatran, F|
|poke|p1|Landorus-Therian, M|
|poke|p1|Mew|
|poke|p1|Tapu Fini|
|poke|p1|Tornadus-Therian, M|
|poke|p1|Weavile, M|
|poke|p2|Dragapult, M|
|poke|p2|Swampert, M|
|poke|p2|Zapdos-Galar|
|poke|p2|Melmetal|
|poke|p2|Mamoswine, M|
|poke|p2|Hatterene, F|
|teampreview
|
|t:|1633213950
|start
|switch|p1a: Heatran|Heatran, F|100/100
|switch|p2a: Mamoswine|Mamoswine, M|100/100
|turn|1
|
|t:|1633213955
|switch|p1a: Tapu Fini|Tapu Fini|100/100
|-fieldstart|move: Misty Terrain|[from] ability: Misty Surge|[of] p1a: Tapu Fini
|move|p2a: Mamoswine|Earthquake|p1a: Tapu Fini
|-damage|p1a: Tapu Fini|56/100
|
|-heal|p1a: Tapu Fini|63/100|[from] item: Leftovers
|upkeep
|turn|2
|
|t:|1633213963
|switch|p2a: Swampert|Swampert, M|100/100
|move|p1a: Tapu Fini|Scald|p2a: Swampert
|-crit|p2a: Swampert
|-damage|p2a: Swampert|72/100
|
|-heal|p1a: Tapu Fini|69/100|[from] item: Leftovers
|-heal|p2a: Swampert|78/100|[from] item: Leftovers
|upkeep
|turn|3
|
|t:|1633213973
|move|p1a: Tapu Fini|Calm Mind|p1a: Tapu Fini
|-boost|p1a: Tapu Fini|spa|1
|-boost|p1a: Tapu Fini|spd|1
|move|p2a: Swampert|Stealth Rock|p1a: Tapu Fini
|-sidestart|p1: Corumba|move: Stealth Rock
|
|-heal|p1a: Tapu Fini|75/100|[from] item: Leftovers
|-heal|p2a: Swampert|85/100|[from] item: Leftovers
|upkeep
|turn|4
|
|t:|1633213979
|move|p1a: Tapu Fini|Draining Kiss|p2a: Swampert
|-damage|p2a: Swampert|67/100
|-heal|p1a: Tapu Fini|90/100|[from] drain|[of] p2a: Swampert
|move|p2a: Swampert|Earthquake|p1a: Tapu Fini
|-damage|p1a: Tapu Fini|64/100
|
|-heal|p1a: Tapu Fini|70/100|[from] item: Leftovers
|-heal|p2a: Swampert|74/100|[from] item: Leftovers
|upkeep
|turn|5
|
|t:|1633213983
|move|p1a: Tapu Fini|Calm Mind|p1a: Tapu Fini
|-boost|p1a: Tapu Fini|spa|1
|-boost|p1a: Tapu Fini|spd|1
|move|p2a: Swampert|Earthquake|p1a: Tapu Fini
|-damage|p1a: Tapu Fini|43/100
|
|-heal|p1a: Tapu Fini|49/100|[from] item: Leftovers
|-heal|p2a: Swampert|80/100|[from] item: Leftovers
|-fieldend|Misty Terrain
|upkeep
|turn|6
|
|t:|1633213985
|move|p1a: Tapu Fini|Draining Kiss|p2a: Swampert
|-damage|p2a: Swampert|57/100
|-heal|p1a: Tapu Fini|69/100|[from] drain|[of] p2a: Swampert
|move|p2a: Swampert|Yawn|p1a: Tapu Fini
|-start|p1a: Tapu Fini|move: Yawn|[of] p2a: Swampert
|
|-heal|p1a: Tapu Fini|75/100|[from] item: Leftovers
|-heal|p2a: Swampert|63/100|[from] item: Leftovers
|upkeep
|turn|7
|
|t:|1633213992
|move|p1a: Tapu Fini|Scald|p2a: Swampert
|-damage|p2a: Swampert|27/100
|move|p2a: Swampert|Earthquake|p1a: Tapu Fini
|-damage|p1a: Tapu Fini|51/100
|
|-heal|p1a: Tapu Fini|57/100|[from] item: Leftovers
|-heal|p2a: Swampert|33/100|[from] item: Leftovers
|-end|p1a: Tapu Fini|move: Yawn|[silent]
|-status|p1a: Tapu Fini|slp
|upkeep
|turn|8
|
|t:|1633213996
|cant|p1a: Tapu Fini|slp
|move|p2a: Swampert|Flip Turn|p1a: Tapu Fini
|-resisted|p1a: Tapu Fini
|-damage|p1a: Tapu Fini|48/100 slp
|
|t:|1633214000
|switch|p2a: Zapdos|Zapdos-Galar|100/100|[from]move: Flip Turn
|
|-heal|p1a: Tapu Fini|54/100 slp|[from] item: Leftovers
|upkeep
|turn|9
|
|t:|1633214005
|switch|p1a: Heatran|Heatran, F|100/100
|-damage|p1a: Heatran|88/100|[from] Stealth Rock
|move|p2a: Zapdos|Brave Bird|p1a: Heatran
|-resisted|p1a: Heatran
|-damage|p1a: Heatran|49/100
|-damage|p2a: Zapdos|85/100|[from] Recoil
|
|-heal|p1a: Heatran|55/100|[from] item: Leftovers
|upkeep
|turn|10
|
|t:|1633214009
|switch|p2a: Swampert|Swampert, M|33/100
|move|p1a: Heatran|Stealth Rock|p2a: Swampert
|-sidestart|p2: flygonisdragon|move: Stealth Rock
|
|-heal|p1a: Heatran|62/100|[from] item: Leftovers
|-heal|p2a: Swampert|39/100|[from] item: Leftovers
|upkeep
|turn|11
|
|t:|1633214014
|switch|p1a: Mew|Mew|100/100
|-damage|p1a: Mew|88/100|[from] Stealth Rock
|move|p2a: Swampert|Flip Turn|p1a: Mew
|-damage|p1a: Mew|69/100
|
|t:|1633214020
|switch|p2a: Hatterene|Hatterene, F|100/100|[from]move: Flip Turn
|-damage|p2a: Hatterene|88/100|[from] Stealth Rock
|
|-heal|p1a: Mew|75/100|[from] item: Leftovers
|-heal|p2a: Hatterene|94/100|[from] item: Leftovers
|upkeep
|turn|12
|
|t:|1633214025
|move|p1a: Mew|Night Shade|p2a: Hatterene
|-damage|p2a: Hatterene|63/100
|move|p2a: Hatterene|Calm Mind|p2a: Hatterene
|-boost|p2a: Hatterene|spa|1
|-boost|p2a: Hatterene|spd|1
|
|-heal|p1a: Mew|82/100|[from] item: Leftovers
|-heal|p2a: Hatterene|69/100|[from] item: Leftovers
|upkeep
|turn|13
|
|t:|1633214029
|switch|p1a: Heatran|Heatran, F|62/100
|-damage|p1a: Heatran|49/100|[from] Stealth Rock
|move|p2a: Hatterene|Calm Mind|p2a: Hatterene
|-boost|p2a: Hatterene|spa|1
|-boost|p2a: Hatterene|spd|1
|
|-heal|p1a: Heatran|55/100|[from] item: Leftovers
|-heal|p2a: Hatterene|75/100|[from] item: Leftovers
|upkeep
|turn|14
|
|t:|1633214033
|move|p1a: Heatran|Magma Storm|p2a: Hatterene|[miss]
|-miss|p1a: Heatran|p2a: Hatterene
|move|p2a: Hatterene|Calm Mind|p2a: Hatterene
|-boost|p2a: Hatterene|spa|1
|-boost|p2a: Hatterene|spd|1
|
|-heal|p1a: Heatran|62/100|[from] item: Leftovers
|-heal|p2a: Hatterene|81/100|[from] item: Leftovers
|upkeep
|turn|15
|
|t:|1633214035
|move|p1a: Heatran|Magma Storm|p2a: Hatterene|[miss]
|-miss|p1a: Heatran|p2a: Hatterene
|move|p2a: Hatterene|Calm Mind|p2a: Hatterene
|-boost|p2a: Hatterene|spa|1
|-boost|p2a: Hatterene|spd|1
|
|-heal|p1a: Heatran|68/100|[from] item: Leftovers
|-heal|p2a: Hatterene|87/100|[from] item: Leftovers
|upkeep
|turn|16
|
|t:|1633214039
|move|p1a: Heatran|Magma Storm|p2a: Hatterene
|-damage|p2a: Hatterene|70/100
|-activate|p2a: Hatterene|move: Magma Storm|[of] p1a: Heatran
|move|p2a: Hatterene|Psyshock|p1a: Heatran
|-resisted|p1a: Heatran
|-damage|p1a: Heatran|20/100
|
|-heal|p1a: Heatran|26/100|[from] item: Leftovers
|-heal|p2a: Hatterene|76/100|[from] item: Leftovers
|-damage|p2a: Hatterene|64/100|[from] move: Magma Storm|[partiallytrapped]
|upkeep
|turn|17
|
|t:|1633214045
|move|p1a: Heatran|Magma Storm|p2a: Hatterene
|-damage|p2a: Hatterene|49/100
|move|p2a: Hatterene|Psyshock|p1a: Heatran
|-resisted|p1a: Heatran
|-damage|p1a: Heatran|0 fnt
|faint|p1a: Heatran
|
|-heal|p2a: Hatterene|55/100|[from] item: Leftovers
|-end|p2a: Hatterene|Magma Storm|[partiallytrapped]|[silent]
|upkeep
|
|t:|1633214052
|switch|p1a: Weavile|Weavile, M|100/100
|-ability|p1a: Weavile|Pressure
|turn|18
|
|t:|1633214056
|move|p1a: Weavile|Triple Axel|p2a: Hatterene
|-damage|p2a: Hatterene|46/100
|-damage|p2a: Hatterene|29/100
|-damage|p2a: Hatterene|5/100
|-hitcount|p2a: Hatterene|3
|move|p2a: Hatterene|Draining Kiss|p1a: Weavile
|-supereffective|p1a: Weavile
|-damage|p1a: Weavile|0 fnt
|-heal|p2a: Hatterene|72/100|[from] drain|[of] p1a: Weavile
|faint|p1a: Weavile
|
|-heal|p2a: Hatterene|78/100|[from] item: Leftovers
|upkeep
|-message|Corumba forfeited.
|
|win|flygonisdragon
|raw|Corumba's rating: 1722 &rarr; <strong>1705</strong><br />(-17 for losing)
|raw|flygonisdragon's rating: 1768 &rarr; <strong>1785</strong><br />(+17 for winning)
|l|☆Corumba
