|j|☆gaenisalbino
|j|☆battlebottest
|t:|1630151021
|gametype|singles
|player|p1|gaenisalbino|101|1563
|player|p2|battlebottest|12|1561
|teamsize|p1|6
|teamsize|p2|6
|gen|8
|tier|[Gen 8] OU
|rated|
|rule|Sleep Clause Mod: Limit one foe put to sleep
|rule|Species Clause: Limit one of each Pokémon
|rule|OHKO Clause: OHKO moves are banned
|rule|Evasion Moves Clause: Evasion moves are banned
|rule|Endless Battle Clause: Forcing endless battles is banned
|rule|HP Percentage Mod: HP is shown in percentages
|rule|Dynamax Clause: You cannot dynamax
|clearpoke
|poke|p1|Dragonite, M|
|poke|p1|Mew|
|poke|p1|Landorus-Therian, M|
|poke|p1|Magnezone|
|poke|p1|Weavile, M|
|poke|p1|Scizor, M|
|poke|p2|Magnezone|
|poke|p2|Swampert, M|
|poke|p2|Tapu Fini|
|poke|p2|Whimsicott, F|
|poke|p2|Dragonite, M|
|poke|p2|Melmetal|
|teampreview
|inactive|Battle timer is ON: inactive players will automatically lose when time's up. (requested by battlebottest)
|
|t:|1630151048
|start
|switch|p1a: Mew|Mew|100/100
|switch|p2a: Melmetal|Melmetal|100/100
|turn|1
|
|t:|1630151060
|move|p1a: Mew|Super Fang|p2a: Melmetal
|-damage|p2a: Melmetal|50/100
|move|p2a: Melmetal|Earthquake|p1a: Mew
|-damage|p1a: Mew|46/100
|
|-heal|p1a: Mew|52/100|[from] item: Leftovers
|upkeep
|turn|2
|
|t:|1630151069
|move|p1a: Mew|Soft-Boiled|p1a: Mew
|-heal|p1a: Mew|100/100
|move|p2a: Melmetal|Earthquake|p1a: Mew
|-damage|p1a: Mew|50/100
|
|-heal|p1a: Mew|56/100|[from] item: Leftovers
|upkeep
|turn|3
|
|t:|1630151076
|move|p1a: Mew|Night Shade|p2a: Melmetal
|-damage|p2a: Melmetal|27/100
|move|p2a: Melmetal|Earthquake|p1a: Mew
|-damage|p1a: Mew|1/100
|
|-heal|p1a: Mew|7/100|[from] item: Leftovers
|upkeep
|turn|4
|
|t:|1630151088
|move|p1a: Mew|Soft-Boiled|p1a: Mew
|-heal|p1a: Mew|57/100
|move|p2a: Melmetal|Earthquake|p1a: Mew
|-damage|p1a: Mew|7/100
|
|-heal|p1a: Mew|13/100|[from] item: Leftovers
|upkeep
|turn|5
|
|t:|1630151090
|move|p1a: Mew|Soft-Boiled|p1a: Mew
|-heal|p1a: Mew|63/100
|move|p2a: Melmetal|Earthquake|p1a: Mew
|-damage|p1a: Mew|8/100
|
|-heal|p1a: Mew|14/100|[from] item: Leftovers
|upkeep
|turn|6
|
|t:|1630151104
|move|p1a: Mew|Soft-Boiled|p1a: Mew
|-heal|p1a: Mew|64/100
|move|p2a: Melmetal|Earthquake|p1a: Mew
|-damage|p1a: Mew|9/100
|
|-heal|p1a: Mew|15/100|[from] item: Leftovers
|upkeep
|turn|7
|
|t:|1630151105
|move|p1a: Mew|Soft-Boiled|p1a: Mew
|-heal|p1a: Mew|65/100
|move|p2a: Melmetal|Earthquake|p1a: Mew
|-damage|p1a: Mew|11/100
|
|-heal|p1a: Mew|17/100|[from] item: Leftovers
|upkeep
|turn|8
|
|t:|1630151107
|move|p1a: Mew|Soft-Boiled|p1a: Mew
|-heal|p1a: Mew|67/100
|move|p2a: Melmetal|Earthquake|p1a: Mew
|-damage|p1a: Mew|18/100
|
|-heal|p1a: Mew|24/100|[from] item: Leftovers
|upkeep
|turn|9
|
|t:|1630151108
|move|p1a: Mew|Soft-Boiled|p1a: Mew
|-heal|p1a: Mew|74/100
|move|p2a: Melmetal|Earthquake|p1a: Mew
|-damage|p1a: Mew|22/100
|
|-heal|p1a: Mew|28/100|[from] item: Leftovers
|upkeep
|turn|10
|
|t:|1630151111
|move|p1a: Mew|Soft-Boiled|p1a: Mew
|-heal|p1a: Mew|78/100
|move|p2a: Melmetal|Earthquake|p1a: Mew
|-damage|p1a: Mew|24/100
|
|-heal|p1a: Mew|30/100|[from] item: Leftovers
|upkeep
|turn|11
|
|t:|1630151112
|move|p1a: Mew|Soft-Boiled|p1a: Mew
|-heal|p1a: Mew|80/100
|move|p2a: Melmetal|Earthquake|p1a: Mew
|-damage|p1a: Mew|29/100
|
|-heal|p1a: Mew|35/100|[from] item: Leftovers
|upkeep
|turn|12
|
|t:|1630151115
|move|p1a: Mew|Soft-Boiled|p1a: Mew
|-heal|p1a: Mew|85/100
|move|p2a: Melmetal|Earthquake|p1a: Mew
|-damage|p1a: Mew|36/100
|
|-heal|p1a: Mew|42/100|[from] item: Leftovers
|upkeep
|turn|13
|
|t:|1630151118
|move|p1a: Mew|Soft-Boiled|p1a: Mew
|-heal|p1a: Mew|92/100
|move|p2a: Melmetal|Earthquake|p1a: Mew
|-damage|p1a: Mew|44/100
|
|-heal|p1a: Mew|50/100|[from] item: Leftovers
|upkeep
|turn|14
|
|t:|1630151120
|move|p1a: Mew|Soft-Boiled|p1a: Mew
|-heal|p1a: Mew|99/100
|move|p2a: Melmetal|Earthquake|p1a: Mew
|-damage|p1a: Mew|45/100
|
|-heal|p1a: Mew|51/100|[from] item: Leftovers
|upkeep
|turn|15
|
|t:|1630151124
|move|p1a: Mew|Soft-Boiled|p1a: Mew
|-heal|p1a: Mew|100/100
|move|p2a: Melmetal|Earthquake|p1a: Mew
|-damage|p1a: Mew|46/100
|
|-heal|p1a: Mew|52/100|[from] item: Leftovers
|upkeep
|turn|16
|
|t:|1630151129
|move|p1a: Mew|Soft-Boiled|p1a: Mew
|-heal|p1a: Mew|100/100
|move|p2a: Melmetal|Earthquake|p1a: Mew
|-damage|p1a: Mew|50/100
|
|-heal|p1a: Mew|56/100|[from] item: Leftovers
|upkeep
|turn|17
|c|☆battlebottest|i never get crits
|c|☆battlebottest|stilol foolish of you to risk it
|inactive|battlebottest has 120 seconds left.
|
|t:|1630151163
|switch|p2a: Whimsicott|Whimsicott, F, shiny|100/100
|move|p1a: Mew|Super Fang|p2a: Whimsicott
|-damage|p2a: Whimsicott|51/100
|
|-heal|p2a: Whimsicott|57/100|[from] item: Leftovers
|-heal|p1a: Mew|62/100|[from] item: Leftovers
|upkeep
|turn|18
|c|☆gaenisalbino|No
|c|☆gaenisalbino|You played stupid
|c|☆gaenisalbino|That's all
|
|t:|1630151177
|move|p2a: Whimsicott|Toxic|p1a: Mew
|-status|p1a: Mew|tox
|-activate|p1a: Mew|ability: Synchronize
|-status|p2a: Whimsicott|tox
|move|p1a: Mew|Night Shade|p2a: Whimsicott
|-damage|p2a: Whimsicott|19/100 tox
|
|-heal|p2a: Whimsicott|25/100 tox|[from] item: Leftovers
|-heal|p1a: Mew|69/100 tox|[from] item: Leftovers
|-damage|p2a: Whimsicott|19/100 tox|[from] psn
|-damage|p1a: Mew|62/100 tox|[from] psn
|upkeep
|turn|19
|
|t:|1630151190
|move|p2a: Whimsicott|Encore|p1a: Mew
|-start|p1a: Mew|Encore
|move|p1a: Mew|Night Shade|p2a: Whimsicott
|-damage|p2a: Whimsicott|0 fnt
|faint|p2a: Whimsicott
|
|-heal|p1a: Mew|69/100 tox|[from] item: Leftovers
|-damage|p1a: Mew|56/100 tox|[from] psn
|upkeep
|
|t:|1630151195
|switch|p2a: Swampert|Swampert, M|100/100
|turn|20
|
|t:|1630151204
|switch|p1a: Scizor|Scizor, M|100/100
|move|p2a: Swampert|Substitute|p2a: Swampert
|-start|p2a: Swampert|Substitute
|-damage|p2a: Swampert|75/100
|
|-heal|p2a: Swampert|82/100|[from] item: Leftovers
|upkeep
|turn|21
|
|t:|1630151208
|move|p1a: Scizor|Swords Dance|p1a: Scizor
|-boost|p1a: Scizor|atk|2
|move|p2a: Swampert|Bulk Up|p2a: Swampert
|-boost|p2a: Swampert|atk|1
|-boost|p2a: Swampert|def|1
|
|-heal|p2a: Swampert|88/100|[from] item: Leftovers
|upkeep
|turn|22
|
|t:|1630151212
|move|p1a: Scizor|Knock Off|p2a: Swampert
|-end|p2a: Swampert|Substitute
|-damage|p1a: Scizor|91/100|[from] item: Life Orb
|move|p2a: Swampert|Bulk Up|p2a: Swampert
|-boost|p2a: Swampert|atk|1
|-boost|p2a: Swampert|def|1
|
|-heal|p2a: Swampert|94/100|[from] item: Leftovers
|upkeep
|turn|23
|
|t:|1630151218
|move|p1a: Scizor|Swords Dance|p1a: Scizor
|-boost|p1a: Scizor|atk|2
|move|p2a: Swampert|Earthquake|p1a: Scizor
|-damage|p1a: Scizor|0 fnt
|faint|p1a: Scizor
|
|-heal|p2a: Swampert|99/100|[from] item: Leftovers
|upkeep
|
|t:|1630151223
|switch|p1a: Mew|Mew|56/100 tox
|turn|24
|
|t:|1630151230
|move|p1a: Mew|Super Fang|p2a: Swampert|[miss]
|-miss|p1a: Mew|p2a: Swampert
|move|p2a: Swampert|Earthquake|p1a: Mew
|-damage|p1a: Mew|0 fnt
|faint|p1a: Mew
|
|-heal|p2a: Swampert|100/100|[from] item: Leftovers
|upkeep
|
|t:|1630151236
|switch|p1a: Dragonite|Dragonite, M|100/100
|turn|25
|
|t:|1630151239
|move|p1a: Dragonite|Dragon Dance|p1a: Dragonite
|-boost|p1a: Dragonite|atk|1
|-boost|p1a: Dragonite|spe|1
|move|p2a: Swampert|Ice Punch|p1a: Dragonite
|-supereffective|p1a: Dragonite
|-damage|p1a: Dragonite|34/100
|
|upkeep
|turn|26
|
|t:|1630151243
|move|p1a: Dragonite|Dual Wingbeat|p2a: Swampert
|-damage|p2a: Swampert|85/100
|-damage|p2a: Swampert|71/100
|-hitcount|p2a: Swampert|2
|move|p2a: Swampert|Ice Punch|p1a: Dragonite
|-supereffective|p1a: Dragonite
|-damage|p1a: Dragonite|0 fnt
|faint|p1a: Dragonite
|
|-heal|p2a: Swampert|77/100|[from] item: Leftovers
|upkeep
|
|t:|1630151251
|switch|p1a: Weavile|Weavile, M|100/100
|-ability|p1a: Weavile|Pressure
|turn|27
|
|t:|1630151253
|move|p1a: Weavile|Triple Axel|p2a: Swampert
|-damage|p2a: Swampert|70/100
|-hitcount|p2a: Swampert|1
|-damage|p1a: Weavile|91/100|[from] item: Life Orb
|move|p2a: Swampert|Earthquake|p1a: Weavile
|-damage|p1a: Weavile|0 fnt
|faint|p1a: Weavile
|
|-heal|p2a: Swampert|76/100|[from] item: Leftovers
|upkeep
|-message|gaenisalbino forfeited.
|
|win|battlebottest
|raw|gaenisalbino's rating: 1563 &rarr; <strong>1543</strong><br />(-20 for losing)
|raw|battlebottest's rating: 1561 &rarr; <strong>1581</strong><br />(+20 for winning)
|l|☆gaenisalbino
