|j|☆cump3
|j|☆idkSRW
|t:|1630440539
|gametype|singles
|player|p1|cump3|1|1533
|player|p2|idkSRW|waitress-gen4|1496
|teamsize|p1|6
|teamsize|p2|6
|gen|8
|tier|[Gen 8] OU
|rated|
|rule|Sleep Clause Mod: Limit one foe put to sleep
|rule|Species Clause: Limit one of each Pokémon
|rule|OHKO Clause: OHKO moves are banned
|rule|Evasion Moves Clause: Evasion moves are banned
|rule|Endless Battle Clause: Forcing endless battles is banned
|rule|HP Percentage Mod: HP is shown in percentages
|rule|Dynamax Clause: You cannot dynamax
|clearpoke
|poke|p1|Landorus-Therian, M|
|poke|p1|Urshifu-*, M|
|poke|p1|Tapu Lele|
|poke|p1|Dragapult, F|
|poke|p1|Volcarona, F|
|poke|p1|Kartana|
|poke|p2|Magnezone|
|poke|p2|Tapu Lele|
|poke|p2|Kartana|
|poke|p2|Volcarona, F|
|poke|p2|Dragonite, M|
|poke|p2|Landorus-Therian, M|
|teampreview
|inactive|Battle timer is ON: inactive players will automatically lose when time's up. (requested by idkSRW)
|
|t:|1630440548
|start
|switch|p1a: Landorus|Landorus-Therian, M|100/100
|switch|p2a: Tapu Lele|Tapu Lele|100/100
|-fieldstart|move: Psychic Terrain|[from] ability: Psychic Surge|[of] p2a: Tapu Lele
|-ability|p1a: Landorus|Intimidate|boost
|-unboost|p2a: Tapu Lele|atk|1
|turn|1
|
|t:|1630440553
|move|p2a: Tapu Lele|Psychic|p1a: Landorus
|-damage|p1a: Landorus|22/100
|-unboost|p1a: Landorus|spd|1
|move|p1a: Landorus|Stealth Rock|p2a: Tapu Lele
|-sidestart|p2: idkSRW|move: Stealth Rock
|
|upkeep
|turn|2
|
|t:|1630440555
|move|p2a: Tapu Lele|Psychic|p1a: Landorus
|-damage|p1a: Landorus|0 fnt
|faint|p1a: Landorus
|
|upkeep
|
|t:|1630440561
|switch|p1a: Kartana|Kartana, shiny|100/100
|turn|3
|
|t:|1630440564
|switch|p2a: Landorus|Landorus-Therian, M|100/100
|-damage|p2a: Landorus|88/100|[from] Stealth Rock
|-ability|p2a: Landorus|Intimidate|boost
|-unboost|p1a: Kartana|atk|1
|move|p1a: Kartana|Leaf Blade|p2a: Landorus
|-damage|p2a: Landorus|54/100
|
|-heal|p2a: Landorus|60/100|[from] item: Leftovers
|upkeep
|turn|4
|
|t:|1630440568
|switch|p1a: Urshifu|Urshifu-Rapid-Strike, M, shiny|100/100
|move|p2a: Landorus|U-turn|p1a: Urshifu
|-resisted|p1a: Urshifu
|-damage|p1a: Urshifu|90/100
|
|t:|1630440571
|switch|p2a: Tapu Lele|Tapu Lele|100/100|[from]move: U-turn
|-damage|p2a: Tapu Lele|88/100|[from] Stealth Rock
|
|upkeep
|turn|5
|
|t:|1630440581
|switch|p1a: Tapu Lele|Tapu Lele, shiny|100/100
|move|p2a: Tapu Lele|Psychic|p1a: Tapu Lele
|-resisted|p1a: Tapu Lele
|-damage|p1a: Tapu Lele|80/100
|-unboost|p1a: Tapu Lele|spd|1
|
|-fieldend|move: Psychic Terrain
|upkeep
|turn|6
|
|t:|1630440585
|switch|p2a: Magnezone|Magnezone|100/100
|-damage|p2a: Magnezone|94/100|[from] Stealth Rock
|move|p1a: Tapu Lele|Moonblast|p2a: Magnezone
|-resisted|p2a: Magnezone
|-damage|p2a: Magnezone|77/100
|
|upkeep
|turn|7
|
|t:|1630440594
|move|p1a: Tapu Lele|Focus Blast|p2a: Magnezone
|-supereffective|p2a: Magnezone
|-damage|p2a: Magnezone|18/100
|-unboost|p2a: Magnezone|spd|1
|move|p2a: Magnezone|Volt Switch|p1a: Tapu Lele
|-damage|p1a: Tapu Lele|39/100
|
|t:|1630440601
|switch|p2a: Tapu Lele|Tapu Lele|88/100|[from]move: Volt Switch
|-damage|p2a: Tapu Lele|76/100|[from] Stealth Rock
|-fieldstart|move: Psychic Terrain|[from] ability: Psychic Surge|[of] p2a: Tapu Lele
|
|upkeep
|turn|8
|
|t:|1630440606
|switch|p1a: Volcarona|Volcarona, F, shiny|100/100
|move|p2a: Tapu Lele|Psychic|p1a: Volcarona
|-damage|p1a: Volcarona|49/100
|
|upkeep
|turn|9
|
|t:|1630440609
|move|p2a: Tapu Lele|Psychic|p1a: Volcarona
|-damage|p1a: Volcarona|0 fnt
|faint|p1a: Volcarona
|
|upkeep
|
|t:|1630440612
|switch|p1a: Kartana|Kartana, shiny|100/100
|turn|10
|
|t:|1630440615
|switch|p2a: Dragonite|Dragonite, M|100/100
|move|p1a: Kartana|Leaf Blade|p2a: Dragonite
|-resisted|p2a: Dragonite
|-crit|p2a: Dragonite
|-damage|p2a: Dragonite|90/100
|
|upkeep
|turn|11
|
|t:|1630440618
|switch|p1a: Dragapult|Dragapult, F, shiny|100/100
|switch|p2a: Tapu Lele|Tapu Lele|76/100
|-damage|p2a: Tapu Lele|63/100|[from] Stealth Rock
|
|-fieldend|move: Psychic Terrain
|upkeep
|turn|12
|
|t:|1630440621
|move|p2a: Tapu Lele|Moonblast|p1a: Dragapult
|-supereffective|p1a: Dragapult
|-crit|p1a: Dragapult
|-damage|p1a: Dragapult|0 fnt
|faint|p1a: Dragapult
|
|upkeep
|
|t:|1630440625
|switch|p1a: Kartana|Kartana, shiny|100/100
|turn|13
|
|t:|1630440628
|switch|p2a: Volcarona|Volcarona, F|100/100
|move|p1a: Kartana|Knock Off|p2a: Volcarona
|-damage|p2a: Volcarona|57/100
|-enditem|p2a: Volcarona|Heavy-Duty Boots|[from] move: Knock Off|[of] p1a: Kartana
|
|upkeep
|turn|14
|
|t:|1630440632
|switch|p1a: Urshifu|Urshifu-Rapid-Strike, M, shiny|90/100
|move|p2a: Volcarona|Roost|p2a: Volcarona
|-heal|p2a: Volcarona|100/100
|-singleturn|p2a: Volcarona|move: Roost
|
|upkeep
|turn|15
|
|t:|1630440635
|switch|p2a: Magnezone|Magnezone|18/100
|-damage|p2a: Magnezone|12/100|[from] Stealth Rock
|move|p1a: Urshifu|Surging Strikes|p2a: Magnezone
|-crit|p2a: Magnezone
|-damage|p2a: Magnezone|0 fnt
|faint|p2a: Magnezone
|-hitcount|p2: Magnezone|1
|
|upkeep
|
|t:|1630440637
|switch|p2a: Tapu Lele|Tapu Lele|63/100
|-damage|p2a: Tapu Lele|51/100|[from] Stealth Rock
|-fieldstart|move: Psychic Terrain|[from] ability: Psychic Surge|[of] p2a: Tapu Lele
|turn|16
|
|t:|1630440638
|move|p2a: Tapu Lele|Psychic|p1a: Urshifu
|-supereffective|p1a: Urshifu
|-damage|p1a: Urshifu|0 fnt
|faint|p1a: Urshifu
|
|upkeep
|
|t:|1630440641
|switch|p1a: Kartana|Kartana, shiny|100/100
|turn|17
|
|t:|1630440647
|switch|p2a: Landorus|Landorus-Therian, M|60/100
|-damage|p2a: Landorus|47/100|[from] Stealth Rock
|-ability|p2a: Landorus|Intimidate|boost
|-unboost|p1a: Kartana|atk|1
|move|p1a: Kartana|Knock Off|p2a: Landorus
|-damage|p2a: Landorus|24/100
|-enditem|p2a: Landorus|Leftovers|[from] move: Knock Off|[of] p1a: Kartana
|
|upkeep
|turn|18
|
|t:|1630440653
|move|p1a: Kartana|Knock Off|p2a: Landorus
|-damage|p2a: Landorus|9/100
|move|p2a: Landorus|U-turn|p1a: Kartana
|-damage|p1a: Kartana|75/100
|
|t:|1630440659
|switch|p2a: Kartana|Kartana|100/100|[from]move: U-turn
|-damage|p2a: Kartana|94/100|[from] Stealth Rock
|
|upkeep
|turn|19
|
|t:|1630440661
|switch|p1a: Tapu Lele|Tapu Lele, shiny|39/100
|move|p2a: Kartana|Knock Off|p1a: Tapu Lele
|-damage|p1a: Tapu Lele|0 fnt
|-enditem|p1a: Tapu Lele|Assault Vest|[from] move: Knock Off|[of] p2a: Kartana
|faint|p1a: Tapu Lele
|-ability|p2a: Kartana|Beast Boost|boost
|-boost|p2a: Kartana|atk|1
|
|upkeep
|
|t:|1630440663
|switch|p1a: Kartana|Kartana, shiny|75/100
|turn|20
|
|t:|1630440664
|move|p1a: Kartana|Knock Off|p2a: Kartana
|-damage|p2a: Kartana|47/100
|-enditem|p2a: Kartana|Shed Shell|[from] move: Knock Off|[of] p1a: Kartana
|move|p2a: Kartana|Knock Off|p1a: Kartana
|-damage|p1a: Kartana|7/100
|-enditem|p1a: Kartana|Choice Scarf|[from] move: Knock Off|[of] p2a: Kartana
|
|-fieldend|move: Psychic Terrain
|upkeep
|turn|21
|
|t:|1630440667
|move|p2a: Kartana|Knock Off|p1a: Kartana
|-damage|p1a: Kartana|0 fnt
|faint|p1a: Kartana
|
|win|idkSRW
|raw|cump3's rating: 1533 &rarr; <strong>1511</strong><br />(-22 for losing)
|raw|idkSRW's rating: 1496 &rarr; <strong>1518</strong><br />(+22 for winning)
|l|☆cump3
||Ladder isn't responding, score probably updated but might not have (Request timeout).
