|j|☆Commando 55
|j|☆afakedugong
|t:|1603454849
|player|p1|Commando 55|iris-gen5bw2|1885
|player|p2|afakedugong|lucas|1736
|teamsize|p1|6
|teamsize|p2|6
|gametype|singles
|gen|8
|tier|[Gen 8] OU
|rated|
|clearpoke
|poke|p1|Regieleki|
|poke|p1|Pelipper, M|
|poke|p1|Blissey, F|
|poke|p1|Kingdra, F|
|poke|p1|Urshifu-*, M|
|poke|p1|Ferrothorn, M|
|poke|p2|Pheromosa|
|poke|p2|Tapu Lele|
|poke|p2|Genesect-*|
|poke|p2|Clefable, F|
|poke|p2|Rotom-Wash|
|poke|p2|Garchomp, F|
|rule|Sleep Clause Mod: Limit one foe put to sleep
|rule|Species Clause: Limit one of each Pokémon
|rule|OHKO Clause: OHKO moves are banned
|rule|Evasion Moves Clause: Evasion moves are banned
|rule|Endless Battle Clause: Forcing endless battles is banned
|rule|HP Percentage Mod: HP is shown in percentages
|rule|Dynamax Clause: You cannot dynamax
|teampreview
|j| Amens
|j| shadolid
|inactive|Battle timer is ON: inactive players will automatically lose when time's up. (requested by Commando 55)
|
|t:|1603454870
|start
|switch|p1a: Urshifu|Urshifu-Rapid-Strike, M|100/100
|switch|p2a: Genesect|Genesect|100/100
|-ability|p2a: Genesect|Download|boost
|-boost|p2a: Genesect|spa|1
|turn|1
|j| OUTY 3iz
|
|t:|1603454886
|move|p2a: Genesect|Thunderbolt|p1a: Urshifu
|-supereffective|p1a: Urshifu
|-damage|p1a: Urshifu|0 fnt
|faint|p1a: Urshifu
|
|upkeep
|j| dfluxwkhsbdfsbhnd
|j| ocaraeolucao
|j| Cervixknight
|
|t:|1603454901
|switch|p1a: Blissey|Blissey, F|100/100
|turn|2
|
|t:|1603454912
|switch|p2a: Clefable|Clefable, F|100/100
|move|p1a: Blissey|Teleport|p1a: Blissey
|
|t:|1603454917
|switch|p1a: Pelipper|Pelipper, M|100/100|[from]move: Teleport
|-weather|RainDance|[from] ability: Drizzle|[of] p1a: Pelipper
|
|-weather|RainDance|[upkeep]
|upkeep
|turn|3
|j| vhkv
|
|t:|1603454925
|switch|p1a: Blissey|Blissey, F|100/100
|move|p2a: Clefable|Stealth Rock|p1a: Blissey
|-sidestart|p1: Commando 55|move: Stealth Rock
|
|-weather|RainDance|[upkeep]
|upkeep
|turn|4
|j| Pissog
|inactive|afakedugong has 120 seconds left.
|j| YuNg CuCkY bEatS
|
|t:|1603454976
|switch|p2a: Rotom|Rotom-Wash|100/100
|move|p1a: Blissey|Teleport|p1a: Blissey
|l| YuNg CuCkY bEatS
|
|t:|1603454991
|switch|p1a: Regieleki|Regieleki|100/100|[from]move: Teleport
|-damage|p1a: Regieleki|88/100|[from] Stealth Rock
|
|-weather|RainDance|[upkeep]
|upkeep
|turn|5
|l| Cervixknight
|
|t:|1603454998
|switch|p2a: Garchomp|Garchomp, F|100/100
|move|p1a: Regieleki|Rapid Spin|p2a: Garchomp
|-damage|p2a: Garchomp|92/100
|-boost|p1a: Regieleki|spe|1
|-damage|p1a: Regieleki|76/100|[from] ability: Rough Skin|[of] p2a: Garchomp
|-sideend|p1: Commando 55|Stealth Rock|[from] move: Rapid Spin|[of] p1a: Regieleki
|
|-weather|RainDance|[upkeep]
|upkeep
|turn|6
|inactive|afakedugong has 120 seconds left.
|
|t:|1603455008
|switch|p1a: Kingdra|Kingdra, F|100/100
|move|p2a: Garchomp|Stone Edge|p1a: Kingdra|[miss]
|-miss|p2a: Garchomp|p1a: Kingdra
|
|-weather|RainDance|[upkeep]
|upkeep
|turn|7
|inactive|afakedugong has 120 seconds left.
|
|t:|1603455016
|switch|p2a: Clefable|Clefable, F|100/100
|move|p1a: Kingdra|Hydro Pump|p2a: Clefable
|-crit|p2a: Clefable
|-damage|p2a: Clefable|0 fnt
|faint|p2a: Clefable
|
|-weather|RainDance|[upkeep]
|upkeep
|inactive|afakedugong has 120 seconds left.
|
|t:|1603455027
|switch|p2a: Rotom|Rotom-Wash|100/100
|turn|8
|
|t:|1603455038
|move|p1a: Kingdra|Hydro Pump|p2a: Rotom|[miss]
|-miss|p1a: Kingdra|p2a: Rotom
|move|p2a: Rotom|Volt Switch|p1a: Kingdra
|-damage|p1a: Kingdra|69/100
|j| TKODATRUTH
|j| dNeon
|inactive|afakedugong has 120 seconds left.
|j| Eepsilon
|
|t:|1603455072
|switch|p2a: Tapu Lele|Tapu Lele|100/100|[from]move: Volt Switch
|-fieldstart|move: Psychic Terrain|[from] ability: Psychic Surge|[of] p2a: Tapu Lele
|
|-weather|RainDance|[upkeep]
|upkeep
|turn|9
|inactive|afakedugong has 90 seconds left.
|
|t:|1603455095
|switch|p2a: Rotom|Rotom-Wash|100/100
|move|p1a: Kingdra|Hydro Pump|p2a: Rotom
|-resisted|p2a: Rotom
|-damage|p2a: Rotom|36/100
|
|-weather|none
|-heal|p2a: Rotom|42/100|[from] item: Leftovers
|upkeep
|turn|10
|
|t:|1603455114
|switch|p1a: Regieleki|Regieleki|76/100
|move|p2a: Rotom|Volt Switch|p1a: Regieleki
|-resisted|p1a: Regieleki
|-damage|p1a: Regieleki|56/100
|
|t:|1603455119
|switch|p2a: Garchomp|Garchomp, F|92/100|[from]move: Volt Switch
|
|upkeep
|turn|11
|
|t:|1603455127
|switch|p1a: Pelipper|Pelipper, M|100/100
|-weather|RainDance|[from] ability: Drizzle|[of] p1a: Pelipper
|move|p2a: Garchomp|Swords Dance|p2a: Garchomp
|-boost|p2a: Garchomp|atk|2
|
|-weather|RainDance|[upkeep]
|upkeep
|turn|12
|
|t:|1603455149
|switch|p1a: Ferrothorn|Ferrothorn, M|100/100
|move|p2a: Garchomp|Stone Edge|p1a: Ferrothorn
|-resisted|p1a: Ferrothorn
|-damage|p1a: Ferrothorn|80/100
|
|-weather|RainDance|[upkeep]
|-fieldend|move: Psychic Terrain
|upkeep
|turn|13
|j| Rtyuuu
|l| Rtyuuu
|j| unicunicorn
|j| Sweet Shalquoir
|
|t:|1603455163
|move|p2a: Garchomp|Earthquake|p1a: Ferrothorn
|-damage|p1a: Ferrothorn|19/100
|move|p1a: Ferrothorn|Stealth Rock|p2a: Garchomp
|-sidestart|p2: afakedugong|move: Stealth Rock
|
|-weather|RainDance|[upkeep]
|upkeep
|turn|14
|j| Bloub
|j| Mos D.
|l| Bloub
|l| ocaraeolucao
|j| AnimaticLunatic
|inactive|afakedugong has 90 seconds left.
|l| AnimaticLunatic
|
|t:|1603455194
|move|p2a: Garchomp|Earthquake|p1a: Ferrothorn
|-damage|p1a: Ferrothorn|0 fnt
|faint|p1a: Ferrothorn
|
|-weather|RainDance|[upkeep]
|upkeep
|
|t:|1603455197
|switch|p1a: Kingdra|Kingdra, F|69/100
|turn|15
|l| shadolid
|
|t:|1603455212
|switch|p2a: Rotom|Rotom-Wash|42/100
|-damage|p2a: Rotom|30/100|[from] Stealth Rock
|move|p1a: Kingdra|Surf|p2a: Rotom
|-resisted|p2a: Rotom
|-damage|p2a: Rotom|0 fnt
|faint|p2a: Rotom
|
|-weather|RainDance|[upkeep]
|upkeep
|j| Jahkxun
|j| kohake
|j| crucially
|inactive|afakedugong has 90 seconds left.
|j| cage the bird
|j| Caillou_TV
|j| YuNg CuCkY bEatS
|j| Vivien le zinzin
|j| vepp
|j| Firelord0zaii
|j| lazatron
|l| YuNg CuCkY bEatS
|j| Klatsat
|l| dfluxwkhsbdfsbhnd
|inactive|afakedugong has 60 seconds left.
|j| anpawo_test
|
|t:|1603455266
|switch|p2a: Genesect|Genesect|100/100
|-damage|p2a: Genesect|88/100|[from] Stealth Rock
|-ability|p2a: Genesect|Download|boost
|-boost|p2a: Genesect|spa|1
|turn|16
|inactive|afakedugong has 60 seconds left.
|
|t:|1603455282
|move|p1a: Kingdra|Surf|p2a: Genesect
|-damage|p2a: Genesect|0 fnt
|faint|p2a: Genesect
|
|-weather|RainDance|[upkeep]
|upkeep
|
|t:|1603455291
|switch|p2a: Tapu Lele|Tapu Lele|100/100
|-damage|p2a: Tapu Lele|88/100|[from] Stealth Rock
|-fieldstart|move: Psychic Terrain|[from] ability: Psychic Surge|[of] p2a: Tapu Lele
|turn|17
|
|t:|1603455295
|move|p1a: Kingdra|Surf|p2a: Tapu Lele
|-damage|p2a: Tapu Lele|0 fnt
|faint|p2a: Tapu Lele
|
|-weather|RainDance|[upkeep]
|upkeep
|
|t:|1603455298
|switch|p2a: Pheromosa|Pheromosa|100/100
|turn|18
|
|t:|1603455302
|move|p1a: Kingdra|Surf|p2a: Pheromosa
|-damage|p2a: Pheromosa|0 fnt
|faint|p2a: Pheromosa
|
|-weather|none
|upkeep
|c|☆afakedugong|gg
|c|☆Commando 55|Gg
|-message|afakedugong forfeited.
|
|win|Commando 55
|l|☆afakedugong
|l| unicunicorn
|l| Vivien le zinzin
|raw|Commando 55's rating: 1885 &rarr; <strong>1897</strong><br />(+12 for winning)
|raw|afakedugong's rating: 1736 &rarr; <strong>1724</strong><br />(-12 for losing)
|l| Sweet Shalquoir
|l| lazatron
|l| Klatsat
|l|☆Commando 55
|l| vhkv
|l| anpawo_test
|l| vepp
|l| Eepsilon
|l| OUTY 3iz
|l| TKODATRUTH
|l| crucially
|l| Mos D.
|j| MVStrega Varana
|l| MVStrega Varana
|l| kohake
