|j|☆Wheezer
|j|☆Foolish Shogun
|t:|1639694805
|gametype|singles
|player|p1|Wheezer|petrel|1606
|player|p2|Foolish Shogun|ghetsis-gen5bw|1625
|teamsize|p1|6
|teamsize|p2|6
|gen|8
|tier|[Gen 8] OU
|rated|
|rule|Sleep Clause Mod: Limit one foe put to sleep
|rule|Species Clause: Limit one of each Pokémon
|rule|OHKO Clause: OHKO moves are banned
|rule|Evasion Moves Clause: Evasion moves are banned
|rule|Endless Battle Clause: Forcing endless battles is banned
|rule|HP Percentage Mod: HP is shown in percentages
|rule|Dynamax Clause: You cannot dynamax
|clearpoke
|poke|p1|Celesteela|
|poke|p1|Skarmory, M|
|poke|p1|Hippowdon, M|
|poke|p1|Eldegoss, F|
|poke|p1|Zapdos-Galar|
|poke|p1|Slowking, F|
|poke|p2|Araquanid, M|
|poke|p2|Nidoking, M|
|poke|p2|Urshifu-*, M|
|poke|p2|Zapdos-Galar|
|poke|p2|Heatran, M|
|poke|p2|Dragapult, M|
|teampreview
|
|t:|1639694835
|start
|switch|p1a: Slowking|Slowking, F|100/100
|switch|p2a: Dragapult|Dragapult, M|100/100
|turn|1
|
|t:|1639694840
|switch|p1a: Hippowdon|Hippowdon, M|100/100
|-weather|Sandstorm|[from] ability: Sand Stream|[of] p1a: Hippowdon
|move|p2a: Dragapult|Shadow Ball|p1a: Hippowdon
|-damage|p1a: Hippowdon|60/100
|
|-weather|Sandstorm|[upkeep]
|-damage|p2a: Dragapult|95/100|[from] Sandstorm
|-heal|p1a: Hippowdon|67/100|[from] item: Leftovers
|upkeep
|turn|2
|
|t:|1639694844
|switch|p2a: Araquanid|Araquanid, M|100/100
|move|p1a: Hippowdon|Slack Off|p1a: Hippowdon
|-heal|p1a: Hippowdon|100/100
|
|-weather|Sandstorm|[upkeep]
|-damage|p2a: Araquanid|94/100|[from] Sandstorm
|upkeep
|turn|3
|
|t:|1639694849
|switch|p1a: Skarmory|Skarmory, M|100/100
|move|p2a: Araquanid|Liquidation|p1a: Skarmory
|-damage|p1a: Skarmory|42/100
|-damage|p2a: Araquanid|78/100|[from] item: Rocky Helmet|[of] p1a: Skarmory
|
|-weather|Sandstorm|[upkeep]
|-damage|p2a: Araquanid|72/100|[from] Sandstorm
|upkeep
|turn|4
|
|t:|1639694855
|switch|p1a: Eldegoss|Eldegoss, F|100/100
|move|p2a: Araquanid|Liquidation|p1a: Eldegoss
|-resisted|p1a: Eldegoss
|-damage|p1a: Eldegoss|58/100
|-unboost|p1a: Eldegoss|def|1
|
|-weather|Sandstorm|[upkeep]
|-damage|p1a: Eldegoss|52/100|[from] Sandstorm
|-damage|p2a: Araquanid|65/100|[from] Sandstorm
|upkeep
|turn|5
|
|t:|1639694865
|switch|p1a: Slowking|Slowking, F|100/100
|move|p2a: Araquanid|Liquidation|p1a: Slowking
|-resisted|p1a: Slowking
|-damage|p1a: Slowking|53/100
|
|-weather|none
|upkeep
|turn|6
|
|t:|1639694869
|move|p2a: Araquanid|Liquidation|p1a: Slowking
|-resisted|p1a: Slowking
|-damage|p1a: Slowking|3/100
|move|p1a: Slowking|Trick|p2a: Araquanid
|-activate|p1a: Slowking|move: Trick|[of] p2a: Araquanid
|-item|p2a: Araquanid|Choice Scarf|[from] move: Trick
|-item|p1a: Slowking|Choice Band|[from] move: Trick
|
|upkeep
|turn|7
|
|t:|1639694873
|switch|p1a: Eldegoss|Eldegoss, F|85/100
|move|p2a: Araquanid|Liquidation|p1a: Eldegoss
|-resisted|p1a: Eldegoss
|-damage|p1a: Eldegoss|61/100
|-unboost|p1a: Eldegoss|def|1
|
|upkeep
|turn|8
|
|t:|1639694876
|move|p2a: Araquanid|Liquidation|p1a: Eldegoss
|-resisted|p1a: Eldegoss
|-damage|p1a: Eldegoss|21/100
|-unboost|p1a: Eldegoss|def|1
|move|p1a: Eldegoss|Leech Seed|p2a: Araquanid
|-start|p2a: Araquanid|move: Leech Seed
|
|-damage|p2a: Araquanid|53/100|[from] Leech Seed|[of] p1a: Eldegoss
|-heal|p1a: Eldegoss|33/100|[silent]
|upkeep
|turn|9
|
|t:|1639694885
|switch|p1a: Skarmory|Skarmory, M|42/100
|move|p2a: Araquanid|Liquidation|p1a: Skarmory
|-damage|p1a: Skarmory|4/100
|-damage|p2a: Araquanid|36/100|[from] item: Rocky Helmet|[of] p1a: Skarmory
|
|-damage|p2a: Araquanid|24/100|[from] Leech Seed|[of] p1a: Skarmory
|-heal|p1a: Skarmory|16/100|[silent]
|upkeep
|turn|10
|
|t:|1639694888
|move|p2a: Araquanid|Liquidation|p1a: Skarmory
|-damage|p1a: Skarmory|0 fnt
|-damage|p2a: Araquanid|7/100|[from] item: Rocky Helmet|[of] p1a: Skarmory
|faint|p1a: Skarmory
|
|upkeep
|
|t:|1639694892
|switch|p1a: Zapdos|Zapdos-Galar|100/100
|turn|11
|
|t:|1639694898
|move|p1a: Zapdos|Bulk Up|p1a: Zapdos
|-boost|p1a: Zapdos|atk|1
|-boost|p1a: Zapdos|def|1
|move|p2a: Araquanid|Liquidation|p1a: Zapdos
|-damage|p1a: Zapdos|51/100
|
|-heal|p1a: Zapdos|57/100|[from] item: Leftovers
|-damage|p2a: Araquanid|0 fnt|[from] Leech Seed|[of] p1a: Zapdos
|-heal|p1a: Zapdos|64/100|[silent]
|faint|p2a: Araquanid
|upkeep
|
|t:|1639694901
|switch|p2a: Dragapult|Dragapult, M|95/100
|turn|12
|
|t:|1639694908
|switch|p1a: Celesteela|Celesteela|100/100
|move|p2a: Dragapult|Shadow Ball|p1a: Celesteela
|-damage|p1a: Celesteela|66/100
|
|-heal|p1a: Celesteela|72/100|[from] item: Leftovers
|upkeep
|turn|13
|
|t:|1639694918
|switch|p2a: Heatran|Heatran, M|100/100
|move|p1a: Celesteela|Leech Seed|p2a: Heatran
|-start|p2a: Heatran|move: Leech Seed
|
|-heal|p1a: Celesteela|78/100|[from] item: Leftovers
|-damage|p2a: Heatran|88/100|[from] Leech Seed|[of] p1a: Celesteela
|-heal|p1a: Celesteela|90/100|[silent]
|upkeep
|turn|14
|
|t:|1639694946
|switch|p2a: Urshifu|Urshifu-Rapid-Strike, M|100/100
|switch|p1a: Slowking|Slowking, F|37/100
|
|upkeep
|turn|15
|
|t:|1639694957
|switch|p1a: Eldegoss|Eldegoss, F|67/100
|move|p2a: Urshifu|Surging Strikes|p1a: Eldegoss
|-resisted|p1a: Eldegoss
|-crit|p1a: Eldegoss
|-damage|p1a: Eldegoss|55/100
|-resisted|p1a: Eldegoss
|-crit|p1a: Eldegoss
|-damage|p1a: Eldegoss|42/100
|-resisted|p1a: Eldegoss
|-crit|p1a: Eldegoss
|-damage|p1a: Eldegoss|30/100
|-hitcount|p1a: Eldegoss|3
|
|upkeep
|turn|16
|
|t:|1639694967
|move|p2a: Urshifu|Surging Strikes|p1a: Eldegoss
|-resisted|p1a: Eldegoss
|-crit|p1a: Eldegoss
|-damage|p1a: Eldegoss|19/100
|-resisted|p1a: Eldegoss
|-crit|p1a: Eldegoss
|-damage|p1a: Eldegoss|7/100
|-resisted|p1a: Eldegoss
|-crit|p1a: Eldegoss
|-damage|p1a: Eldegoss|0 fnt
|faint|p1a: Eldegoss
|-hitcount|p1: Eldegoss|3
|
|upkeep
|
|t:|1639694973
|switch|p1a: Zapdos|Zapdos-Galar|64/100
|turn|17
|
|t:|1639694980
|switch|p2a: Heatran|Heatran, M|88/100
|move|p1a: Zapdos|Brave Bird|p2a: Heatran
|-resisted|p2a: Heatran
|-damage|p2a: Heatran|61/100
|-damage|p1a: Zapdos|53/100|[from] Recoil
|
|-heal|p1a: Zapdos|60/100|[from] item: Leftovers
|-heal|p2a: Heatran|67/100|[from] item: Leftovers
|upkeep
|turn|18
|
|t:|1639694985
|switch|p2a: Zapdos|Zapdos-Galar|100/100
|move|p1a: Zapdos|Close Combat|p2a: Zapdos
|-resisted|p2a: Zapdos
|-damage|p2a: Zapdos|59/100
|-unboost|p1a: Zapdos|def|1
|-unboost|p1a: Zapdos|spd|1
|
|-heal|p1a: Zapdos|66/100|[from] item: Leftovers
|upkeep
|turn|19
|
|t:|1639694989
|move|p2a: Zapdos|Brave Bird|p1a: Zapdos
|-supereffective|p1a: Zapdos
|-damage|p1a: Zapdos|0 fnt
|faint|p1a: Zapdos
|-damage|p2a: Zapdos|38/100|[from] Recoil
|
|upkeep
|-message|Wheezer forfeited.
|
|win|Foolish Shogun
|raw|Wheezer's rating: 1606 &rarr; <strong>1587</strong><br />(-19 for losing)
|raw|Foolish Shogun's rating: 1625 &rarr; <strong>1644</strong><br />(+19 for winning)
|l|☆Wheezer
||Ladder isn't responding, score probably updated but might not have (Request timeout).
