|j|☆ljxp
|j|☆JoeyOwesMeMoney
|player|p1|ljxp|1|1838
|player|p2|JoeyOwesMeMoney|170|1786
|teamsize|p1|6
|teamsize|p2|6
|gametype|singles
|gen|8
|tier|[Gen 8] OU
|rated|
|html|<div class="broadcast-blue"><strong>OU is currently suspecting Dracovish! For information on how to participate check out the <a href="https://www.smogon.com/forums/threads/3664521/">suspect thread</a>.</strong></div>
|clearpoke
|poke|p1|Pelipper, F|
|poke|p1|Ludicolo, F|
|poke|p1|Barraskewda, F|
|poke|p1|Seismitoad, F|
|poke|p1|Hydreigon, F|
|poke|p1|Aegislash, F|
|poke|p2|Toxapex, M|
|poke|p2|Ferrothorn, F|
|poke|p2|Seismitoad, M|
|poke|p2|Tyranitar, M|
|poke|p2|Clefable, F|
|poke|p2|Corviknight, M|
|rule|Sleep Clause Mod: Limit one foe put to sleep
|rule|Species Clause: Limit one of each Pokémon
|rule|OHKO Clause: OHKO moves are banned
|rule|Evasion Moves Clause: Evasion moves are banned
|rule|Endless Battle Clause: Forcing endless battles is banned
|rule|HP Percentage Mod: HP is shown in percentages
|rule|Dynamax Clause: You cannot dynamax
|teampreview
|
|start
|switch|p1a: Seismitoad|Seismitoad, F|100/100
|switch|p2a: Toxapex|Toxapex, M|100/100
|turn|1
|
|move|p1a: Seismitoad|Stealth Rock|p2a: Toxapex
|-sidestart|p2: JoeyOwesMeMoney|move: Stealth Rock
|move|p2a: Toxapex|Toxic Spikes|p1a: Seismitoad
|-sidestart|p1: ljxp|move: Toxic Spikes
|
|upkeep
|turn|2
|
|move|p1a: Seismitoad|Earth Power|p2a: Toxapex
|-supereffective|p2a: Toxapex
|-damage|p2a: Toxapex|36/100
|move|p2a: Toxapex|Knock Off|p1a: Seismitoad
|-damage|p1a: Seismitoad|83/100
|-enditem|p1a: Seismitoad|Focus Sash|[from] move: Knock Off|[of] p2a: Toxapex
|
|-heal|p2a: Toxapex|42/100|[from] item: Black Sludge
|upkeep
|turn|3
|j| Arnaud senju vgc
|
|switch|p2a: Ferrothorn|Ferrothorn, F|100/100
|-damage|p2a: Ferrothorn|95/100|[from] Stealth Rock
|move|p1a: Seismitoad|Earth Power|p2a: Ferrothorn
|-damage|p2a: Ferrothorn|69/100
|
|-heal|p2a: Ferrothorn|75/100|[from] item: Leftovers
|upkeep
|turn|4
|
|move|p2a: Ferrothorn|Protect|p2a: Ferrothorn
|-singleturn|p2a: Ferrothorn|Protect
|move|p1a: Seismitoad|Earth Power|p2a: Ferrothorn
|-activate|p2a: Ferrothorn|move: Protect
|
|-heal|p2a: Ferrothorn|81/100|[from] item: Leftovers
|upkeep
|turn|5
|
|move|p1a: Seismitoad|Scald|p2a: Ferrothorn
|-resisted|p2a: Ferrothorn
|-damage|p2a: Ferrothorn|70/100
|-status|p2a: Ferrothorn|brn
|move|p2a: Ferrothorn|Leech Seed|p1a: Seismitoad
|-start|p1a: Seismitoad|move: Leech Seed
|
|-heal|p2a: Ferrothorn|76/100 brn|[from] item: Leftovers
|-damage|p1a: Seismitoad|70/100|[from] Leech Seed|[of] p2a: Ferrothorn
|-heal|p2a: Ferrothorn|89/100 brn|[silent]
|-damage|p2a: Ferrothorn|83/100 brn|[from] brn
|upkeep
|turn|6
|
|switch|p1a: Pelipper|Pelipper, F|100/100
|-weather|RainDance|[from] ability: Drizzle|[of] p1a: Pelipper
|move|p2a: Ferrothorn|Spikes|p1a: Pelipper
|-sidestart|p1: ljxp|Spikes
|
|-weather|RainDance|[upkeep]
|-heal|p2a: Ferrothorn|89/100 brn|[from] item: Leftovers
|-damage|p2a: Ferrothorn|83/100 brn|[from] brn
|upkeep
|turn|7
|j| golisopd
|
|move|p2a: Ferrothorn|Protect|p2a: Ferrothorn
|-singleturn|p2a: Ferrothorn|Protect
|move|p1a: Pelipper|Knock Off|p2a: Ferrothorn
|-activate|p2a: Ferrothorn|move: Protect
|
|-weather|RainDance|[upkeep]
|-heal|p2a: Ferrothorn|89/100 brn|[from] item: Leftovers
|-damage|p2a: Ferrothorn|83/100 brn|[from] brn
|upkeep
|turn|8
|c| golisopd|OHH LOOK TOXAPEX AND CLED ON THE SAME TEAM IN A HIGH RANK MATCH
|inactive|Battle timer is ON: inactive players will automatically lose when time's up. (requested by ljxp)
|
|switch|p2a: Tyranitar|Tyranitar, M|100/100
|-damage|p2a: Tyranitar|88/100|[from] Stealth Rock
|-weather|Sandstorm|[from] ability: Sand Stream|[of] p2a: Tyranitar
|move|p1a: Pelipper|Knock Off|p2a: Tyranitar
|-resisted|p2a: Tyranitar
|-damage|p2a: Tyranitar|84/100
|-enditem|p2a: Tyranitar|Assault Vest|[from] move: Knock Off|[of] p1a: Pelipper
|
|-weather|Sandstorm|[upkeep]
|-damage|p1a: Pelipper|94/100|[from] Sandstorm
|upkeep
|turn|9
|
|move|p1a: Pelipper|U-turn|p2a: Tyranitar
|-supereffective|p2a: Tyranitar
|-damage|p2a: Tyranitar|70/100
|
|switch|p1a: Seismitoad|Seismitoad, F|70/100|[from]move: U-turn
|-damage|p1a: Seismitoad|58/100|[from] Spikes
|-status|p1a: Seismitoad|psn
|move|p2a: Tyranitar|Dragon Tail|p1a: Seismitoad
|-damage|p1a: Seismitoad|38/100 psn
|drag|p1a: Hydreigon|Hydreigon, F|100/100
|
|-weather|Sandstorm|[upkeep]
|-damage|p1a: Hydreigon|94/100|[from] Sandstorm
|-heal|p1a: Hydreigon|100/100|[from] item: Leftovers
|upkeep
|turn|10
|
|switch|p1a: Pelipper|Pelipper, F|94/100
|-weather|RainDance|[from] ability: Drizzle|[of] p1a: Pelipper
|move|p2a: Tyranitar|Stone Edge|p1a: Pelipper
|-supereffective|p1a: Pelipper
|-crit|p1a: Pelipper
|-damage|p1a: Pelipper|0 fnt
|faint|p1a: Pelipper
|
|-weather|RainDance|[upkeep]
|upkeep
|
|switch|p1a: Aegislash|Aegislash, F|100/100
|-damage|p1a: Aegislash|88/100|[from] Spikes
|turn|11
|j| HeavenStar
|
|move|p1a: Aegislash|Swords Dance|p1a: Aegislash
|-boost|p1a: Aegislash|atk|2
|move|p2a: Tyranitar|Dragon Tail|p1a: Aegislash
|-resisted|p1a: Aegislash
|-damage|p1a: Aegislash|81/100
|drag|p1a: Barraskewda|Barraskewda, F|100/100
|-damage|p1a: Barraskewda|88/100|[from] Spikes
|-status|p1a: Barraskewda|psn
|
|-weather|RainDance|[upkeep]
|-damage|p1a: Barraskewda|76/100 psn|[from] psn
|upkeep
|turn|12
|j| GlobalWarmingDoom
|j| RS ArqueroAzul
|
|switch|p2a: Toxapex|Toxapex, M|76/100
|-damage|p2a: Toxapex|64/100|[from] Stealth Rock
|move|p1a: Barraskewda|Close Combat|p2a: Toxapex
|-resisted|p2a: Toxapex
|-damage|p2a: Toxapex|46/100
|-unboost|p1a: Barraskewda|def|1
|-unboost|p1a: Barraskewda|spd|1
|-damage|p1a: Barraskewda|66/100 psn|[from] item: Life Orb
|
|-weather|RainDance|[upkeep]
|-heal|p2a: Toxapex|52/100|[from] item: Black Sludge
|-damage|p1a: Barraskewda|54/100 psn|[from] psn
|upkeep
|turn|13
|
|switch|p2a: Corviknight|Corviknight, M|100/100
|-damage|p2a: Corviknight|88/100|[from] Stealth Rock
|-ability|p2a: Corviknight|Pressure
|move|p1a: Barraskewda|Psychic Fangs|p2a: Corviknight
|-resisted|p2a: Corviknight
|-damage|p2a: Corviknight|76/100
|-damage|p1a: Barraskewda|38/100 psn|[from] item: Rocky Helmet|[of] p2a: Corviknight
|-damage|p1a: Barraskewda|28/100 psn|[from] item: Life Orb
|
|-weather|RainDance|[upkeep]
|-damage|p1a: Barraskewda|16/100 psn|[from] psn
|upkeep
|turn|14
|
|move|p1a: Barraskewda|Liquidation|p2a: Corviknight
|-damage|p2a: Corviknight|24/100
|-damage|p1a: Barraskewda|0 fnt|[from] item: Rocky Helmet|[of] p2a: Corviknight
|faint|p1a: Barraskewda
|move|p2a: Corviknight|Roost|p2a: Corviknight
|-heal|p2a: Corviknight|74/100
|-singleturn|p2a: Corviknight|move: Roost
|
|-weather|RainDance|[upkeep]
|upkeep
|
|switch|p1a: Hydreigon|Hydreigon, F|100/100
|turn|15
|
|move|p1a: Hydreigon|Nasty Plot|p1a: Hydreigon
|-boost|p1a: Hydreigon|spa|2
|move|p2a: Corviknight|Body Press|p1a: Hydreigon
|-supereffective|p1a: Hydreigon
|-damage|p1a: Hydreigon|44/100
|
|-weather|RainDance|[upkeep]
|-heal|p1a: Hydreigon|51/100|[from] item: Leftovers
|upkeep
|turn|16
|
|move|p1a: Hydreigon|Dark Pulse|p2a: Corviknight
|-damage|p2a: Corviknight|0 fnt
|faint|p2a: Corviknight
|
|-weather|RainDance|[upkeep]
|-heal|p1a: Hydreigon|57/100|[from] item: Leftovers
|upkeep
|
|switch|p2a: Tyranitar|Tyranitar, M|70/100
|-damage|p2a: Tyranitar|58/100|[from] Stealth Rock
|-weather|Sandstorm|[from] ability: Sand Stream|[of] p2a: Tyranitar
|turn|17
|j| hell yeah! HYper
|
|move|p1a: Hydreigon|Flash Cannon|p2a: Tyranitar
|-supereffective|p2a: Tyranitar
|-damage|p2a: Tyranitar|13/100
|move|p2a: Tyranitar|Superpower|p1a: Hydreigon
|-supereffective|p1a: Hydreigon
|-damage|p1a: Hydreigon|0 fnt
|-unboost|p2a: Tyranitar|atk|1
|-unboost|p2a: Tyranitar|def|1
|faint|p1a: Hydreigon
|
|-weather|Sandstorm|[upkeep]
|upkeep
|l| RS ArqueroAzul
|
|switch|p1a: Seismitoad|Seismitoad, F|38/100 psn
|-damage|p1a: Seismitoad|26/100 psn|[from] Spikes
|turn|18
|l| GlobalWarmingDoom
|
|move|p1a: Seismitoad|Earth Power|p2a: Tyranitar
|-supereffective|p2a: Tyranitar
|-damage|p2a: Tyranitar|0 fnt
|faint|p2a: Tyranitar
|
|-weather|Sandstorm|[upkeep]
|-damage|p1a: Seismitoad|13/100 psn|[from] psn
|upkeep
|
|switch|p2a: Clefable|Clefable, F|100/100
|-damage|p2a: Clefable|88/100|[from] Stealth Rock
|turn|19
|
|move|p1a: Seismitoad|Toxic|p2a: Clefable
|-status|p2a: Clefable|tox
|move|p2a: Clefable|Wish|p2a: Clefable
|
|-weather|Sandstorm|[upkeep]
|-damage|p2a: Clefable|82/100 tox|[from] Sandstorm
|-heal|p2a: Clefable|88/100 tox|[from] item: Leftovers
|-damage|p1a: Seismitoad|1/100 psn|[from] psn
|-damage|p2a: Clefable|82/100 tox|[from] psn
|upkeep
|turn|20
|
|switch|p2a: Ferrothorn|Ferrothorn, F|83/100 brn
|-damage|p2a: Ferrothorn|77/100 brn|[from] Stealth Rock
|move|p1a: Seismitoad|Earth Power|p2a: Ferrothorn
|-damage|p2a: Ferrothorn|53/100 brn
|
|-weather|Sandstorm|[upkeep]
|-heal|p2a: Ferrothorn|100/100 brn|[from] move: Wish|[wisher] Clefable
|-damage|p1a: Seismitoad|0 fnt|[from] psn
|faint|p1a: Seismitoad
|-damage|p2a: Ferrothorn|95/100 brn|[from] brn
|upkeep
|j| hakwonyong
|j| OilyBootySpex
|
|switch|p1a: Ludicolo|Ludicolo, F|100/100
|-status|p1a: Ludicolo|psn
|-damage|p1a: Ludicolo|88/100 psn|[from] Spikes
|turn|21
|
|move|p2a: Ferrothorn|Protect|p2a: Ferrothorn
|-singleturn|p2a: Ferrothorn|Protect
|move|p1a: Ludicolo|Focus Blast|p2a: Ferrothorn
|-activate|p2a: Ferrothorn|move: Protect
|
|-weather|none
|-heal|p2a: Ferrothorn|100/100 brn|[from] item: Leftovers
|-damage|p1a: Ludicolo|76/100 psn|[from] psn
|-damage|p2a: Ferrothorn|95/100 brn|[from] brn
|upkeep
|turn|22
|
|switch|p2a: Toxapex|Toxapex, M|86/100
|-damage|p2a: Toxapex|73/100|[from] Stealth Rock
|move|p1a: Ludicolo|Surf|p2a: Toxapex
|-resisted|p2a: Toxapex
|-damage|p2a: Toxapex|58/100
|
|-heal|p2a: Toxapex|64/100|[from] item: Black Sludge
|-damage|p1a: Ludicolo|64/100 psn|[from] psn
|upkeep
|turn|23
|
|move|p1a: Ludicolo|Giga Drain|p2a: Toxapex
|-damage|p2a: Toxapex|37/100
|-heal|p1a: Ludicolo|77/100 psn|[from] drain|[of] p2a: Toxapex
|move|p2a: Toxapex|Knock Off|p1a: Ludicolo
|-damage|p1a: Ludicolo|54/100 psn
|-enditem|p1a: Ludicolo|Assault Vest|[from] move: Knock Off|[of] p2a: Toxapex
|
|-heal|p2a: Toxapex|43/100|[from] item: Black Sludge
|-damage|p1a: Ludicolo|42/100 psn|[from] psn
|upkeep
|turn|24
|inactive|JoeyOwesMeMoney has 120 seconds left.
|
|move|p1a: Ludicolo|Giga Drain|p2a: Toxapex
|-damage|p2a: Toxapex|14/100
|-heal|p1a: Ludicolo|57/100 psn|[from] drain|[of] p2a: Toxapex
|move|p2a: Toxapex|Knock Off|p1a: Ludicolo
|-damage|p1a: Ludicolo|40/100 psn
|
|-heal|p2a: Toxapex|20/100|[from] item: Black Sludge
|-damage|p1a: Ludicolo|27/100 psn|[from] psn
|upkeep
|turn|25
|c| golisopd|U LOST TO CLEF AND PEX
|c| golisopd|THE 2 MOST BROKEN MONS IN THE GAME
|
|move|p1a: Ludicolo|Giga Drain|p2a: Toxapex
|-damage|p2a: Toxapex|0 fnt
|-heal|p1a: Ludicolo|37/100 psn|[from] drain|[of] p2a: Toxapex
|faint|p2a: Toxapex
|
|-damage|p1a: Ludicolo|25/100 psn|[from] psn
|upkeep
|
|switch|p2a: Clefable|Clefable, F|82/100 tox
|-damage|p2a: Clefable|69/100 tox|[from] Stealth Rock
|turn|26
|c| golisopd|THAT WILL NEVER GET BANNED
|
|switch|p1a: Aegislash|Aegislash, F|81/100
|-damage|p1a: Aegislash|68/100|[from] Spikes
|move|p2a: Clefable|Wish|p2a: Clefable
|
|-heal|p2a: Clefable|76/100 tox|[from] item: Leftovers
|-damage|p2a: Clefable|69/100 tox|[from] psn
|upkeep
|turn|27
|c| golisopd|THEY HAVE THE HIGHEST USAGE
|l| hakwonyong
|inactive|JoeyOwesMeMoney has 120 seconds left.
|c| golisopd|STALL OUT GAMES FOR 100+ TURNS
|
|switch|p2a: Seismitoad|Seismitoad, M|100/100
|-damage|p2a: Seismitoad|94/100|[from] Stealth Rock
|move|p1a: Aegislash|Swords Dance|p1a: Aegislash
|-boost|p1a: Aegislash|atk|2
|
|-heal|p2a: Seismitoad|100/100|[from] move: Wish|[wisher] Clefable
|upkeep
|turn|28
|inactive|JoeyOwesMeMoney has 120 seconds left.
|c| golisopd|BUT WILL NEVER GET BANNED
|
|move|p2a: Seismitoad|Knock Off|p1a: Aegislash
|-supereffective|p1a: Aegislash
|-damage|p1a: Aegislash|31/100
|-enditem|p1a: Aegislash|Weakness Policy
|-boost|p1a: Aegislash|atk|2|[from] item: Weakness Policy
|-boost|p1a: Aegislash|spa|2|[from] item: Weakness Policy
|-formechange|p1a: Aegislash|Aegislash-Blade||[from] ability: Stance Change
|move|p1a: Aegislash|Close Combat|p2a: Seismitoad
|-damage|p2a: Seismitoad|1/100
|-unboost|p1a: Aegislash|def|1
|-unboost|p1a: Aegislash|spd|1
|
|-heal|p2a: Seismitoad|7/100|[from] item: Leftovers
|upkeep
|turn|29
|inactive|JoeyOwesMeMoney has 120 seconds left.
|
|move|p1a: Aegislash|Shadow Sneak|p2a: Seismitoad
|-damage|p2a: Seismitoad|0 fnt
|faint|p2a: Seismitoad
|
|upkeep
|c| golisopd|THIS GAME IS BACKWARD AS F
|inactive|JoeyOwesMeMoney has 120 seconds left.
|inactive|JoeyOwesMeMoney has 90 seconds left.
|c| golisopd|STAT BONLY WEAK NO LIFE NERDS USE STALL
|c| golisopd|ITS A EASY WIN
|
|switch|p2a: Clefable|Clefable, F|69/100 tox
|-damage|p2a: Clefable|57/100 tox|[from] Stealth Rock
|turn|30
|inactive|JoeyOwesMeMoney has 90 seconds left.
|c| golisopd|U RANK UP THE LADDER QUICK WITH STALL
|c| golisopd|COS PPL RAGE QUIT JUST BY LOOKING AT IT
|
|move|p1a: Aegislash|Iron Head|p2a: Clefable
|-supereffective|p2a: Clefable
|-damage|p2a: Clefable|0 fnt
|faint|p2a: Clefable
|
|upkeep
|j| Binacle Pinnacle
|j| Shellnuts
|inactive|JoeyOwesMeMoney has 60 seconds left.
|l| Shellnuts
|c| golisopd|THE ONLY REASON U WON IS COS U GOT LUCKY WITH SOWRDS DANCE
|inactive|JoeyOwesMeMoney has 30 seconds left.
|c| golisopd|PURE LUCK
|inactive|JoeyOwesMeMoney has 20 seconds left.
|inactive|JoeyOwesMeMoney has 15 seconds left.
|inactive|JoeyOwesMeMoney has 10 seconds left.
|c|☆ljxp|fuck
|inactive|JoeyOwesMeMoney has 5 seconds left.
|-message|JoeyOwesMeMoney lost due to inactivity.
|
|win|ljxp
|c| golisopd|STALL IS A RELIABLE WIN CONDITION THAT IS BROKEN AND SHOULD BANNED AND REMOVED FROM THE GAME
|raw|ljxp's rating: 1839 &rarr; <strong>1856</strong><br />(+17 for winning)
|raw|JoeyOwesMeMoney's rating: 1786 &rarr; <strong>1769</strong><br />(-17 for losing)
|l|☆ljxp
|j|@Ransei
|l| OilyBootySpex
|l| Arnaud senju vgc
|l| HeavenStar
|l|☆JoeyOwesMeMoney
|c|@Ransei|/log golisopd was warned by Ransei. (Chill. You don't need to be rude over a playstyle. Use hardcore breakers if you hate stall this much.)
|unlink|golisopd
|l|@Ransei
|l| hell yeah! HYper
|j| BigConns
|l| BigConns
|n| Fubfugfetnfs|binaclepinnacle
|n| Bhgjnft|fubfugfetnfs
|n| Binacle Pinnacle|bhgjnft
|j| HeavenStar
