|raw|<div class="broadcast-blue"><strong>This battle is required to be public due to a player having a name starting with 'lt91bb'.</div>
|j|☆lt91bb Light
|j|☆mekki the poison
|t:|1658976298
|gametype|singles
|player|p1|lt91bb Light|gloria|1768
|player|p2|mekki the poison|gambler|1695
|teamsize|p1|6
|teamsize|p2|6
|gen|8
|tier|[Gen 8] OU
|rated|
|rule|Sleep Clause Mod: Limit one foe put to sleep
|rule|Species Clause: Limit one of each Pokémon
|rule|OHKO Clause: OHKO moves are banned
|rule|Evasion Moves Clause: Evasion moves are banned
|rule|Endless Battle Clause: Forcing endless battles is banned
|rule|HP Percentage Mod: HP is shown in percentages
|rule|Dynamax Clause: You cannot dynamax
|clearpoke
|poke|p1|Ferrothorn, M|
|poke|p1|Heliolisk, M|
|poke|p1|Seismitoad, M|
|poke|p1|Tornadus-Therian, M|
|poke|p1|Pelipper, M|
|poke|p1|Barraskewda, M|
|poke|p2|Tapu Koko|
|poke|p2|Silvally-*|
|poke|p2|Raichu-Alola, F|
|poke|p2|Garchomp, F|
|poke|p2|Corviknight, M|
|poke|p2|Tapu Fini|
|teampreview
|inactive|Battle timer is ON: inactive players will automatically lose when time's up. (requested by lt91bb Light)
|
|t:|1658976317
|start
|switch|p1a: Messenger|Pelipper, M, shiny|100/100
|switch|p2a: Garchomp|Garchomp, F|100/100
|-weather|RainDance|[from] ability: Drizzle|[of] p1a: Messenger
|turn|1
|
|t:|1658976329
|switch|p1a: Temple|Ferrothorn, M, shiny|100/100
|move|p2a: Garchomp|Stealth Rock|p1a: Temple
|-sidestart|p1: lt91bb Light|move: Stealth Rock
|
|-weather|RainDance|[upkeep]
|upkeep
|turn|2
|
|t:|1658976338
|switch|p2a: Corviknight|Corviknight, M|100/100
|-ability|p2a: Corviknight|Pressure
|move|p1a: Temple|Stealth Rock|p2a: Corviknight
|-sidestart|p2: mekki the poison|move: Stealth Rock
|
|-weather|RainDance|[upkeep]
|upkeep
|turn|3
|
|t:|1658976341
|move|p2a: Corviknight|Body Press|p1a: Temple
|-supereffective|p1a: Temple
|-damage|p1a: Temple|70/100
|-damage|p2a: Corviknight|88/100|[from] ability: Iron Barbs|[of] p1a: Temple
|-damage|p2a: Corviknight|72/100|[from] item: Rocky Helmet|[of] p1a: Temple
|move|p1a: Temple|Leech Seed|p2a: Corviknight
|-start|p2a: Corviknight|move: Leech Seed
|
|-weather|RainDance|[upkeep]
|-damage|p2a: Corviknight|59/100|[from] Leech Seed|[of] p1a: Temple
|-heal|p1a: Temple|84/100|[silent]
|upkeep
|turn|4
|
|t:|1658976345
|move|p2a: Corviknight|Roost|p2a: Corviknight
|-heal|p2a: Corviknight|100/100
|-singleturn|p2a: Corviknight|move: Roost
|move|p1a: Temple|Body Press|p2a: Corviknight
|-supereffective|p2a: Corviknight
|-damage|p2a: Corviknight|62/100
|-damage|p1a: Temple|67/100|[from] item: Rocky Helmet|[of] p2a: Corviknight
|
|-weather|RainDance|[upkeep]
|-damage|p2a: Corviknight|50/100|[from] Leech Seed|[of] p1a: Temple
|-heal|p1a: Temple|81/100|[silent]
|upkeep
|turn|5
|
|t:|1658976349
|switch|p1a: Electrolysis|Heliolisk, M, shiny|100/100
|-damage|p1a: Electrolysis|88/100|[from] Stealth Rock
|move|p2a: Corviknight|Roost|p2a: Corviknight
|-heal|p2a: Corviknight|99/100
|-singleturn|p2a: Corviknight|move: Roost
|
|-weather|RainDance|[upkeep]
|-heal|p1a: Electrolysis|100/100|[from] ability: Dry Skin
|-damage|p2a: Corviknight|87/100|[from] Leech Seed|[of] p1a: Electrolysis
|upkeep
|turn|6
|
|t:|1658976353
|switch|p2a: Garchomp|Garchomp, F|100/100
|-damage|p2a: Garchomp|94/100|[from] Stealth Rock
|move|p1a: Electrolysis|Surf|p2a: Garchomp
|-damage|p2a: Garchomp|59/100
|-damage|p1a: Electrolysis|91/100|[from] item: Life Orb
|
|-weather|RainDance|[upkeep]
|-heal|p1a: Electrolysis|100/100|[from] ability: Dry Skin
|-heal|p2a: Garchomp|65/100|[from] item: Leftovers
|upkeep
|turn|7
|
|t:|1658976362
|switch|p1a: Fujin|Tornadus-Therian, M, shiny|100/100
|move|p2a: Garchomp|Earthquake|p1a: Fujin
|-immune|p1a: Fujin
|
|-weather|RainDance|[upkeep]
|-heal|p2a: Garchomp|71/100|[from] item: Leftovers
|upkeep
|turn|8
|
|t:|1658976369
|move|p2a: Garchomp|Protect|p2a: Garchomp
|-singleturn|p2a: Garchomp|Protect
|move|p1a: Fujin|Nasty Plot|p1a: Fujin
|-boost|p1a: Fujin|spa|2
|
|-weather|none
|-heal|p2a: Garchomp|77/100|[from] item: Leftovers
|upkeep
|turn|9
|
|t:|1658976371
|switch|p2a: Tapu Koko|Tapu Koko|100/100
|-damage|p2a: Tapu Koko|88/100|[from] Stealth Rock
|-fieldstart|move: Electric Terrain|[from] ability: Electric Surge|[of] p2a: Tapu Koko
|move|p1a: Fujin|Hurricane|p2a: Tapu Koko|[miss]
|-miss|p1a: Fujin|p2a: Tapu Koko
|
|upkeep
|turn|10
|j| LT91BB 69
|
|t:|1658976376
|switch|p1a: Temple|Ferrothorn, M, shiny|81/100
|-damage|p1a: Temple|75/100|[from] Stealth Rock
|move|p2a: Tapu Koko|Nature's Madness|p1a: Temple
|-damage|p1a: Temple|38/100
|
|upkeep
|turn|11
|
|t:|1658976379
|move|p2a: Tapu Koko|Taunt|p1a: Temple
|-start|p1a: Temple|move: Taunt
|move|p1a: Temple|Gyro Ball|p2a: Tapu Koko
|-damage|p2a: Tapu Koko|24/100
|
|upkeep
|turn|12
|
|t:|1658976391
|switch|p1a: Messenger|Pelipper, M, shiny|100/100
|-damage|p1a: Messenger|76/100|[from] Stealth Rock
|-weather|RainDance|[from] ability: Drizzle|[of] p1a: Messenger
|move|p2a: Tapu Koko|Volt Switch|p1a: Messenger
|-supereffective|p1a: Messenger
|-damage|p1a: Messenger|0 fnt
|faint|p1a: Messenger
|
|t:|1658976404
|switch|p2a: Garchomp|Garchomp, F|77/100|[from]move: Volt Switch
|-damage|p2a: Garchomp|71/100|[from] Stealth Rock
|
|-weather|RainDance|[upkeep]
|-heal|p2a: Garchomp|77/100|[from] item: Leftovers
|upkeep
|
|t:|1658976406
|switch|p1a: Predator|Barraskewda, M, shiny|100/100
|-damage|p1a: Predator|88/100|[from] Stealth Rock
|turn|13
|j| Xurem
|
|t:|1658976408
|move|p2a: Garchomp|Protect|p2a: Garchomp
|-singleturn|p2a: Garchomp|Protect
|move|p1a: Predator|Liquidation|p2a: Garchomp
|-activate|p2a: Garchomp|move: Protect
|
|-weather|RainDance|[upkeep]
|-heal|p2a: Garchomp|84/100|[from] item: Leftovers
|upkeep
|turn|14
|
|t:|1658976410
|switch|p2a: Tapu Fini|Tapu Fini|100/100
|-damage|p2a: Tapu Fini|88/100|[from] Stealth Rock
|-fieldstart|move: Misty Terrain|[from] ability: Misty Surge|[of] p2a: Tapu Fini
|move|p1a: Predator|Liquidation|p2a: Tapu Fini
|-resisted|p2a: Tapu Fini
|-damage|p2a: Tapu Fini|46/100
|
|-weather|RainDance|[upkeep]
|-heal|p2a: Tapu Fini|52/100|[from] item: Leftovers
|upkeep
|turn|15
|l| Xurem
|
|t:|1658976413
|switch|p1a: Temple|Ferrothorn, M, shiny|38/100
|-damage|p1a: Temple|32/100|[from] Stealth Rock
|move|p2a: Tapu Fini|Moonblast|p1a: Temple
|-resisted|p1a: Temple
|-damage|p1a: Temple|18/100
|
|-weather|RainDance|[upkeep]
|-heal|p2a: Tapu Fini|58/100|[from] item: Leftovers
|upkeep
|turn|16
|j| catgirl meows
|
|t:|1658976419
|move|p2a: Tapu Fini|Taunt|p1a: Temple
|-start|p1a: Temple|move: Taunt
|cant|p1a: Temple|move: Taunt|Leech Seed
|
|-weather|RainDance|[upkeep]
|-heal|p2a: Tapu Fini|64/100|[from] item: Leftovers
|upkeep
|turn|17
|
|t:|1658976422
|move|p2a: Tapu Fini|Scald|p1a: Temple
|-resisted|p1a: Temple
|-damage|p1a: Temple|0 fnt
|faint|p1a: Temple
|
|-weather|RainDance|[upkeep]
|-heal|p2a: Tapu Fini|71/100|[from] item: Leftovers
|upkeep
|
|t:|1658976425
|switch|p1a: Electrolysis|Heliolisk, M, shiny|100/100
|-damage|p1a: Electrolysis|88/100|[from] Stealth Rock
|turn|18
|
|t:|1658976433
|switch|p2a: Garchomp|Garchomp, F|84/100
|-damage|p2a: Garchomp|77/100|[from] Stealth Rock
|move|p1a: Electrolysis|Thunder|p2a: Garchomp
|-immune|p2a: Garchomp
|
|-weather|RainDance|[upkeep]
|-heal|p1a: Electrolysis|100/100|[from] ability: Dry Skin
|-heal|p2a: Garchomp|84/100|[from] item: Leftovers
|-fieldend|Misty Terrain
|upkeep
|turn|19
|
|t:|1658976437
|move|p1a: Electrolysis|Hyper Voice|p2a: Garchomp
|-damage|p2a: Garchomp|49/100
|-damage|p1a: Electrolysis|91/100|[from] item: Life Orb
|move|p2a: Garchomp|Toxic|p1a: Electrolysis
|-status|p1a: Electrolysis|tox
|
|-weather|none
|-heal|p2a: Garchomp|56/100|[from] item: Leftovers
|-damage|p1a: Electrolysis|85/100 tox|[from] psn
|upkeep
|turn|20
|
|t:|1658976440
|switch|p1a: Fujin|Tornadus-Therian, M, shiny|100/100
|move|p2a: Garchomp|Toxic|p1a: Fujin
|-status|p1a: Fujin|tox
|
|-heal|p2a: Garchomp|62/100|[from] item: Leftovers
|-damage|p1a: Fujin|95/100 tox|[from] psn
|upkeep
|turn|21
|
|t:|1658976446
|move|p2a: Garchomp|Protect|p2a: Garchomp
|-singleturn|p2a: Garchomp|Protect
|move|p1a: Fujin|Hurricane|p2a: Garchomp
|-activate|p2a: Garchomp|move: Protect
|
|-heal|p2a: Garchomp|68/100|[from] item: Leftovers
|-damage|p1a: Fujin|83/100 tox|[from] psn
|upkeep
|turn|22
|
|t:|1658976449
|switch|p2a: Corviknight|Corviknight, M|87/100
|-damage|p2a: Corviknight|75/100|[from] Stealth Rock
|-ability|p2a: Corviknight|Pressure
|move|p1a: Fujin|Hurricane|p2a: Corviknight
|-resisted|p2a: Corviknight
|-damage|p2a: Corviknight|48/100
|
|-damage|p1a: Fujin|65/100 tox|[from] psn
|upkeep
|turn|23
|
|t:|1658976452
|move|p1a: Fujin|Taunt|p2a: Corviknight
|-start|p2a: Corviknight|move: Taunt
|cant|p2a: Corviknight|move: Taunt|Roost
|
|-damage|p1a: Fujin|41/100 tox|[from] psn
|upkeep
|turn|24
|
|t:|1658976457
|move|p1a: Fujin|Hurricane|p2a: Corviknight
|-resisted|p2a: Corviknight
|-damage|p2a: Corviknight|24/100
|move|p2a: Corviknight|U-turn|p1a: Fujin
|-resisted|p1a: Fujin
|-damage|p1a: Fujin|31/100 tox
|
|t:|1658976459
|switch|p2a: Tapu Koko|Tapu Koko|24/100|[from]move: U-turn
|-damage|p2a: Tapu Koko|12/100|[from] Stealth Rock
|-fieldstart|move: Electric Terrain|[from] ability: Electric Surge|[of] p2a: Tapu Koko
|
|-damage|p1a: Fujin|1/100 tox|[from] psn
|upkeep
|turn|25
|
|t:|1658976462
|switch|p1a: Globox|Seismitoad, M, shiny|100/100
|-damage|p1a: Globox|95/100|[from] Stealth Rock
|move|p2a: Tapu Koko|Roost|p2a: Tapu Koko
|-heal|p2a: Tapu Koko|62/100
|-singleturn|p2a: Tapu Koko|move: Roost
|
|upkeep
|turn|26
|
|t:|1658976470
|switch|p2a: Corviknight|Corviknight, M|24/100
|-damage|p2a: Corviknight|12/100|[from] Stealth Rock
|-ability|p2a: Corviknight|Pressure
|move|p1a: Globox|Earth Power|p2a: Corviknight
|-immune|p2a: Corviknight
|
|upkeep
|turn|27
|
|t:|1658976472
|switch|p1a: Electrolysis|Heliolisk, M, shiny|85/100 tox
|-damage|p1a: Electrolysis|72/100 tox|[from] Stealth Rock
|move|p2a: Corviknight|U-turn|p1a: Electrolysis
|-damage|p1a: Electrolysis|43/100 tox
|
|t:|1658976474
|switch|p2a: Raichu|Raichu-Alola, F|100/100|[from]move: U-turn
|-damage|p2a: Raichu|88/100|[from] Stealth Rock
|
|-damage|p1a: Electrolysis|37/100 tox|[from] psn
|upkeep
|turn|28
|
|t:|1658976478
|switch|p1a: Fujin|Tornadus-Therian, M, shiny|35/100 tox
|move|p2a: Raichu|Psyshock|p1a: Fujin
|-damage|p1a: Fujin|0 fnt
|faint|p1a: Fujin
|-damage|p2a: Raichu|78/100|[from] item: Life Orb
|
|upkeep
|
|t:|1658976480
|switch|p1a: Predator|Barraskewda, M, shiny|88/100
|-damage|p1a: Predator|76/100|[from] Stealth Rock
|turn|29
|
|t:|1658976483
|switch|p1a: Globox|Seismitoad, M, shiny|95/100
|-damage|p1a: Globox|89/100|[from] Stealth Rock
|move|p2a: Raichu|Rising Voltage|p1a: Globox
|-immune|p1a: Globox
|
|upkeep
|turn|30
|
|t:|1658976487
|move|p2a: Raichu|Grass Knot|p1a: Globox
|-supereffective|p1a: Globox
|-damage|p1a: Globox|0 fnt
|faint|p1a: Globox
|-damage|p2a: Raichu|68/100|[from] item: Life Orb
|
|upkeep
|-message|lt91bb Light forfeited.
|
|win|mekki the poison
|raw|lt91bb Light's rating: 1768 &rarr; <strong>1744</strong><br />(-24 for losing)
|raw|mekki the poison's rating: 1695 &rarr; <strong>1719</strong><br />(+24 for winning)
|l|☆lt91bb Light
