|j|☆Fusien
|j|☆samohi0
|t:|1661294845
|gametype|singles
|player|p1|Fusien|yellow|1629
|player|p2|samohi0|1|1636
|teamsize|p1|6
|teamsize|p2|6
|gen|8
|tier|[Gen 8] OU
|rated|
|rule|Sleep Clause Mod: Limit one foe put to sleep
|rule|Species Clause: Limit one of each Pokémon
|rule|OHKO Clause: OHKO moves are banned
|rule|Evasion Items Clause: Evasion items are banned
|rule|Evasion Moves Clause: Evasion moves are banned
|rule|Endless Battle Clause: Forcing endless battles is banned
|rule|HP Percentage Mod: HP is shown in percentages
|rule|Dynamax Clause: You cannot dynamax
|clearpoke
|poke|p1|Necrozma|
|poke|p1|Tapu Lele|
|poke|p1|Urshifu-*, F|
|poke|p1|Tornadus-Therian, M|
|poke|p1|Landorus-Therian, M|
|poke|p1|Ferrothorn, M|
|poke|p2|Tapu Koko|
|poke|p2|Zapdos|
|poke|p2|Raichu-Alola, M|
|poke|p2|Garchomp, M|
|poke|p2|Corviknight, F|
|poke|p2|Tapu Fini|
|teampreview
|c|☆Fusien|Hf
|
|t:|1661294870
|start
|switch|p1a: Necrozma|Necrozma|100/100
|switch|p2a: Tapu Koko|Tapu Koko|100/100
|-fieldstart|move: Electric Terrain|[from] ability: Electric Surge|[of] p2a: Tapu Koko
|turn|1
|
|t:|1661294879
|move|p2a: Tapu Koko|Taunt|p1a: Necrozma
|-start|p1a: Necrozma|move: Taunt
|move|p1a: Necrozma|Photon Geyser|p2a: Tapu Koko
|-damage|p2a: Tapu Koko|0 fnt
|faint|p2a: Tapu Koko
|
|upkeep
|
|t:|1661294886
|switch|p2a: Corviknight|Corviknight, F|100/100
|-ability|p2a: Corviknight|Pressure
|turn|2
|
|t:|1661294887
|move|p1a: Necrozma|Photon Geyser|p2a: Corviknight
|-resisted|p2a: Corviknight
|-damage|p2a: Corviknight|59/100
|move|p2a: Corviknight|U-turn|p1a: Necrozma
|-supereffective|p1a: Necrozma
|-damage|p1a: Necrozma|81/100
|
|t:|1661294895
|switch|p2a: Raichu|Raichu-Alola, M|100/100|[from]move: U-turn
|
|upkeep
|turn|3
|
|t:|1661294899
|switch|p1a: Landorus|Landorus-Therian, M|100/100
|-ability|p1a: Landorus|Intimidate|boost
|-unboost|p2a: Raichu|atk|1
|move|p2a: Raichu|Rising Voltage|p1a: Landorus
|-immune|p1a: Landorus
|
|upkeep
|turn|4
|
|t:|1661294901
|switch|p2a: Corviknight|Corviknight, F|59/100
|-ability|p2a: Corviknight|Pressure
|move|p1a: Landorus|U-turn|p2a: Corviknight
|-resisted|p2a: Corviknight
|-crit|p2a: Corviknight
|-damage|p2a: Corviknight|54/100
|-damage|p1a: Landorus|84/100|[from] item: Rocky Helmet|[of] p2a: Corviknight
|
|t:|1661294904
|switch|p1a: Necrozma|Necrozma|81/100|[from]move: U-turn
|
|upkeep
|turn|5
|
|t:|1661294907
|move|p1a: Necrozma|Heat Wave|p2a: Corviknight
|-supereffective|p2a: Corviknight
|-damage|p2a: Corviknight|0 fnt
|faint|p2a: Corviknight
|
|upkeep
|
|t:|1661294910
|switch|p2a: Tapu Fini|Tapu Fini|100/100
|-fieldstart|move: Misty Terrain|[from] ability: Misty Surge|[of] p2a: Tapu Fini
|turn|6
|
|t:|1661294912
|switch|p1a: Tornadus|Tornadus-Therian, M|100/100
|move|p2a: Tapu Fini|Nature's Madness|p1a: Tornadus
|-damage|p1a: Tornadus|50/100
|
|upkeep
|turn|7
|
|t:|1661294915
|move|p1a: Tornadus|Knock Off|p2a: Tapu Fini
|-resisted|p2a: Tapu Fini
|-damage|p2a: Tapu Fini|93/100
|-enditem|p2a: Tapu Fini|Leftovers|[from] move: Knock Off|[of] p1a: Tornadus
|move|p2a: Tapu Fini|Moonblast|p1a: Tornadus
|-damage|p1a: Tornadus|30/100
|
|upkeep
|turn|8
|
|t:|1661294918
|move|p1a: Tornadus|Hurricane|p2a: Tapu Fini
|-damage|p2a: Tapu Fini|66/100
|move|p2a: Tapu Fini|Taunt|p1a: Tornadus
|-start|p1a: Tornadus|move: Taunt
|
|upkeep
|turn|9
|
|t:|1661294922
|move|p1a: Tornadus|Hurricane|p2a: Tapu Fini|[miss]
|-miss|p1a: Tornadus|p2a: Tapu Fini
|move|p2a: Tapu Fini|Moonblast|p1a: Tornadus
|-damage|p1a: Tornadus|8/100
|
|upkeep
|turn|10
|
|t:|1661294924
|move|p1a: Tornadus|U-turn|p2a: Tapu Fini
|-resisted|p2a: Tapu Fini
|-damage|p2a: Tapu Fini|61/100
|
|t:|1661294927
|switch|p1a: Ferrothorn|Ferrothorn, M|100/100|[from]move: U-turn
|move|p2a: Tapu Fini|Scald|p1a: Ferrothorn
|-resisted|p1a: Ferrothorn
|-damage|p1a: Ferrothorn|89/100
|
|-heal|p1a: Ferrothorn|95/100|[from] item: Leftovers
|-fieldend|Misty Terrain
|upkeep
|turn|11
|
|t:|1661294934
|move|p2a: Tapu Fini|Taunt|p1a: Ferrothorn
|-start|p1a: Ferrothorn|move: Taunt
|cant|p1a: Ferrothorn|move: Taunt|Stealth Rock
|
|-heal|p1a: Ferrothorn|100/100|[from] item: Leftovers
|upkeep
|turn|12
|
|t:|1661294938
|move|p2a: Tapu Fini|Nature's Madness|p1a: Ferrothorn
|-damage|p1a: Ferrothorn|50/100
|move|p1a: Ferrothorn|Iron Head|p2a: Tapu Fini
|-damage|p2a: Tapu Fini|39/100
|
|-heal|p1a: Ferrothorn|57/100|[from] item: Leftovers
|upkeep
|turn|13
|
|t:|1661294943
|move|p2a: Tapu Fini|Nature's Madness|p1a: Ferrothorn|[miss]
|-miss|p2a: Tapu Fini|p1a: Ferrothorn
|move|p1a: Ferrothorn|Iron Head|p2a: Tapu Fini
|-damage|p2a: Tapu Fini|16/100
|
|-heal|p1a: Ferrothorn|63/100|[from] item: Leftovers
|-end|p1a: Ferrothorn|move: Taunt
|upkeep
|turn|14
|
|t:|1661294946
|switch|p2a: Zapdos|Zapdos|100/100
|switch|p1a: Tapu Lele|Tapu Lele|100/100
|-fieldstart|move: Psychic Terrain|[from] ability: Psychic Surge|[of] p1a: Tapu Lele
|
|upkeep
|turn|15
|
|t:|1661294951
|switch|p2a: Tapu Fini|Tapu Fini|16/100
|-fieldstart|move: Misty Terrain|[from] ability: Misty Surge|[of] p2a: Tapu Fini
|move|p1a: Tapu Lele|Moonblast|p2a: Tapu Fini
|-damage|p2a: Tapu Fini|0 fnt
|faint|p2a: Tapu Fini
|
|upkeep
|
|t:|1661294954
|switch|p2a: Raichu|Raichu-Alola, M|100/100
|turn|16
|
|t:|1661294956
|move|p1a: Tapu Lele|Moonblast|p2a: Raichu
|-damage|p2a: Raichu|17/100
|-unboost|p2a: Raichu|spa|1
|move|p2a: Raichu|Rising Voltage|p1a: Tapu Lele
|-damage|p1a: Tapu Lele|73/100
|-damage|p2a: Raichu|7/100|[from] item: Life Orb
|
|upkeep
|turn|17
|
|t:|1661294958
|move|p1a: Tapu Lele|Moonblast|p2a: Raichu
|-damage|p2a: Raichu|0 fnt
|faint|p2a: Raichu
|
|upkeep
|
|t:|1661294960
|switch|p2a: Zapdos|Zapdos|100/100
|turn|18
|
|t:|1661294962
|move|p1a: Tapu Lele|Moonblast|p2a: Zapdos
|-damage|p2a: Zapdos|51/100
|-unboost|p2a: Zapdos|spa|1
|move|p2a: Zapdos|Hurricane|p1a: Tapu Lele
|-crit|p1a: Tapu Lele
|-damage|p1a: Tapu Lele|0 fnt
|faint|p1a: Tapu Lele
|
|upkeep
|
|t:|1661294964
|switch|p1a: Necrozma|Necrozma|81/100
|turn|19
|
|t:|1661294981
|switch|p2a: Garchomp|Garchomp, M|100/100
|move|p1a: Necrozma|Photon Geyser|p2a: Garchomp
|-damage|p2a: Garchomp|44/100
|
|-heal|p2a: Garchomp|50/100|[from] item: Leftovers
|-fieldend|Misty Terrain
|upkeep
|turn|20
|
|t:|1661294985
|move|p2a: Garchomp|Protect|p2a: Garchomp
|-singleturn|p2a: Garchomp|Protect
|move|p1a: Necrozma|Photon Geyser|p2a: Garchomp
|-activate|p2a: Garchomp|move: Protect
|
|-heal|p2a: Garchomp|56/100|[from] item: Leftovers
|upkeep
|turn|21
|
|t:|1661294987
|move|p2a: Garchomp|Earthquake|p1a: Necrozma
|-damage|p1a: Necrozma|38/100
|move|p1a: Necrozma|Photon Geyser|p2a: Garchomp
|-damage|p2a: Garchomp|1/100
|
|-heal|p2a: Garchomp|7/100|[from] item: Leftovers
|upkeep
|turn|22
|
|t:|1661294990
|move|p2a: Garchomp|Earthquake|p1a: Necrozma
|-damage|p1a: Necrozma|0 fnt
|faint|p1a: Necrozma
|
|-heal|p2a: Garchomp|13/100|[from] item: Leftovers
|upkeep
|
|t:|1661294992
|switch|p1a: Urshifu|Urshifu-Rapid-Strike, F|100/100
|turn|23
|
|t:|1661294994
|move|p1a: Urshifu|Surging Strikes|p2a: Garchomp
|-crit|p2a: Garchomp
|-damage|p2a: Garchomp|0 fnt
|-damage|p1a: Urshifu|88/100|[from] ability: Rough Skin|[of] p2a: Garchomp
|faint|p2a: Garchomp
|-hitcount|p2: Garchomp|1
|
|upkeep
|
|t:|1661294996
|switch|p2a: Zapdos|Zapdos|51/100
|turn|24
|
|t:|1661294999
|move|p1a: Urshifu|Surging Strikes|p2a: Zapdos
|-crit|p2a: Zapdos
|-damage|p2a: Zapdos|19/100
|-crit|p2a: Zapdos
|-damage|p2a: Zapdos|0 fnt
|faint|p2a: Zapdos
|-hitcount|p2: Zapdos|2
|
|win|Fusien
|raw|Fusien's rating: 1629 &rarr; <strong>1649</strong><br />(+20 for winning)
|raw|samohi0's rating: 1636 &rarr; <strong>1616</strong><br />(-20 for losing)
|c|☆Fusien|Gg
|n| LT91JE Fuse|fusien
||Ladder isn't responding, score probably updated but might not have (Request timeout).
|n| LT94JE Fuse|lt91jefuse
