|j|☆ldailey19
|j|‽minimax_ai
|t:|1667338511
|gametype|singles
|player|p1|ldailey19|lance|1555
|player|p2|minimax_ai|266|1628
|teamsize|p1|6
|teamsize|p2|6
|gen|8
|tier|[Gen 8] OU
|rated|
|rule|Sleep Clause Mod: Limit one foe put to sleep
|rule|Species Clause: Limit one of each Pokémon
|rule|OHKO Clause: OHKO moves are banned
|rule|Evasion Items Clause: Evasion items are banned
|rule|Evasion Moves Clause: Evasion moves are banned
|rule|Endless Battle Clause: Forcing endless battles is banned
|rule|HP Percentage Mod: HP is shown in percentages
|rule|Dynamax Clause: You cannot dynamax
|clearpoke
|poke|p1|Magnezone|
|poke|p1|Weavile, M|
|poke|p1|Urshifu-*, M|
|poke|p1|Heatran, M|
|poke|p1|Landorus-Therian, M|
|poke|p1|Dragapult, F|
|poke|p2|Rotom-Wash|
|poke|p2|Weavile, M|
|poke|p2|Landorus-Therian, M|
|poke|p2|Heatran, M|
|poke|p2|Tangrowth, F|
|poke|p2|Melmetal|
|teampreview
|inactive|Battle timer is ON: inactive players will automatically lose when time's up. (requested by ldailey19)
|inactive|minimax_ai also wants the timer to be on.
|
|t:|1667338529
|start
|switch|p1a: Weavile|Weavile, M|100/100
|switch|p2a: Rotom|Rotom-Wash|100/100
|-ability|p1a: Weavile|Pressure
|turn|1
|
|t:|1667338532
|move|p1a: Weavile|Knock Off|p2a: Rotom
|-damage|p2a: Rotom|27/100
|-enditem|p2a: Rotom|Leftovers|[from] move: Knock Off|[of] p1a: Weavile
|move|p2a: Rotom|Thunderbolt|p1a: Weavile
|-damage|p1a: Weavile|47/100
|
|upkeep
|turn|2
|
|t:|1667338538
|switch|p2a: Tangrowth|Tangrowth, F|100/100
|move|p1a: Weavile|Knock Off|p2a: Tangrowth
|-crit|p2a: Tangrowth
|-damage|p2a: Tangrowth|41/100
|-damage|p1a: Weavile|31/100|[from] item: Rocky Helmet|[of] p2a: Tangrowth
|-enditem|p2a: Tangrowth|Rocky Helmet|[from] move: Knock Off|[of] p1a: Weavile
|
|upkeep
|turn|3
|
|t:|1667338549
|switch|p1a: Magnezone|Magnezone, shiny|100/100
|move|p2a: Tangrowth|Giga Drain|p1a: Magnezone
|-resisted|p1a: Magnezone
|-damage|p1a: Magnezone|89/100
|-heal|p2a: Tangrowth|46/100|[from] drain|[of] p1a: Magnezone
|
|upkeep
|turn|4
|
|t:|1667338553
|switch|p2a: Melmetal|Melmetal|100/100
|move|p1a: Magnezone|Flash Cannon|p2a: Melmetal
|-resisted|p2a: Melmetal
|-damage|p2a: Melmetal|84/100
|-unboost|p2a: Melmetal|spd|1
|
|upkeep
|turn|5
|
|t:|1667338556
|move|p1a: Magnezone|Volt Switch|p2a: Melmetal
|-damage|p2a: Melmetal|50/100
|
|t:|1667338559
|switch|p1a: Landorus|Landorus-Therian, M|100/100|[from]move: Volt Switch
|-ability|p1a: Landorus|Intimidate|boost
|-unboost|p2a: Melmetal|atk|1
|move|p2a: Melmetal|Earthquake|p1a: Landorus
|-immune|p1a: Landorus
|
|upkeep
|turn|6
|
|t:|1667338563
|switch|p2a: Landorus|Landorus-Therian, M|100/100
|-ability|p2a: Landorus|Intimidate|boost
|-unboost|p1a: Landorus|atk|1
|move|p1a: Landorus|Stealth Rock|p2a: Landorus
|-sidestart|p2: minimax_ai|move: Stealth Rock
|
|upkeep
|turn|7
|
|t:|1667338565
|move|p1a: Landorus|Knock Off|p2a: Landorus
|-damage|p2a: Landorus|79/100
|-enditem|p2a: Landorus|Leftovers|[from] move: Knock Off|[of] p1a: Landorus
|move|p2a: Landorus|Earthquake|p1a: Landorus
|-immune|p1a: Landorus
|
|upkeep
|turn|8
|
|t:|1667338571
|move|p1a: Landorus|Knock Off|p2a: Landorus
|-damage|p2a: Landorus|66/100
|move|p2a: Landorus|Earthquake|p1a: Landorus
|-immune|p1a: Landorus
|
|upkeep
|turn|9
|
|t:|1667338576
|move|p1a: Landorus|Knock Off|p2a: Landorus
|-damage|p2a: Landorus|53/100
|move|p2a: Landorus|Earthquake|p1a: Landorus
|-immune|p1a: Landorus
|
|upkeep
|turn|10
|
|t:|1667338583
|move|p1a: Landorus|Knock Off|p2a: Landorus
|-damage|p2a: Landorus|40/100
|move|p2a: Landorus|Earthquake|p1a: Landorus
|-immune|p1a: Landorus
|
|upkeep
|turn|11
|
|t:|1667338590
|move|p1a: Landorus|Knock Off|p2a: Landorus
|-damage|p2a: Landorus|27/100
|move|p2a: Landorus|Earthquake|p1a: Landorus
|-immune|p1a: Landorus
|
|upkeep
|turn|12
|
|t:|1667338595
|move|p1a: Landorus|Knock Off|p2a: Landorus
|-damage|p2a: Landorus|13/100
|move|p2a: Landorus|Defog|p1a: Landorus
|-unboost|p1a: Landorus|evasion|1
|-sideend|p2: minimax_ai|Stealth Rock|[from] move: Defog|[of] p2a: Landorus
|
|upkeep
|turn|13
|
|t:|1667338599
|move|p1a: Landorus|Knock Off|p2a: Landorus
|-damage|p2a: Landorus|0 fnt
|faint|p2a: Landorus
|
|upkeep
|
|t:|1667338599
|switch|p2a: Heatran|Heatran, M|100/100
|-item|p2a: Heatran|Air Balloon
|turn|14
|
|t:|1667338610
|switch|p1a: Urshifu|Urshifu-Rapid-Strike, M|100/100
|move|p2a: Heatran|Eruption|p1a: Urshifu
|-resisted|p1a: Urshifu
|-crit|p1a: Urshifu
|-damage|p1a: Urshifu|6/100
|
|upkeep
|turn|15
|
|t:|1667338616
|switch|p2a: Tangrowth|Tangrowth, F|79/100
|move|p1a: Urshifu|Close Combat|p2a: Tangrowth
|-damage|p2a: Tangrowth|48/100
|-unboost|p1a: Urshifu|def|1
|-unboost|p1a: Urshifu|spd|1
|
|upkeep
|turn|16
|
|t:|1667338633
|switch|p1a: Magnezone|Magnezone, shiny|89/100
|move|p2a: Tangrowth|Sleep Powder|p1a: Magnezone
|-status|p1a: Magnezone|slp|[from] move: Sleep Powder
|
|upkeep
|turn|17
|
|t:|1667338637
|cant|p1a: Magnezone|slp
|move|p2a: Tangrowth|Focus Blast|p1a: Magnezone
|-supereffective|p1a: Magnezone
|-damage|p1a: Magnezone|45/100 slp
|
|upkeep
|turn|18
|
|t:|1667338644
|switch|p1a: Dragapult|Dragapult, F, shiny|100/100
|move|p2a: Tangrowth|Focus Blast|p1a: Dragapult
|-immune|p1a: Dragapult
|
|upkeep
|turn|19
|
|t:|1667338651
|switch|p2a: Heatran|Heatran, M|100/100
|-item|p2a: Heatran|Air Balloon
|move|p1a: Dragapult|U-turn|p2a: Heatran
|-resisted|p2a: Heatran
|-damage|p2a: Heatran|95/100
|-enditem|p2a: Heatran|Air Balloon
|
|t:|1667338654
|switch|p1a: Heatran|Heatran, M, shiny|100/100|[from]move: U-turn
|-item|p1a: Heatran|Air Balloon
|
|upkeep
|turn|20
|
|t:|1667338662
|switch|p2a: Melmetal|Melmetal|50/100
|move|p1a: Heatran|Toxic|p2a: Melmetal
|-immune|p2a: Melmetal
|
|upkeep
|turn|21
|
|t:|1667338665
|switch|p2a: Rotom|Rotom-Wash|27/100
|move|p1a: Heatran|Flamethrower|p2a: Rotom
|-resisted|p2a: Rotom
|-damage|p2a: Rotom|7/100
|
|upkeep
|turn|22
|
|t:|1667338672
|switch|p2a: Heatran|Heatran, M|95/100
|move|p1a: Heatran|Flamethrower|p2a: Heatran
|-start|p2a: Heatran|ability: Flash Fire
|
|upkeep
|turn|23
|
|t:|1667338676
|move|p2a: Heatran|Magma Storm|p1a: Heatran
|-start|p1a: Heatran|ability: Flash Fire
|move|p1a: Heatran|Earth Power|p2a: Heatran
|-supereffective|p2a: Heatran
|-damage|p2a: Heatran|0 fnt
|faint|p2a: Heatran
|
|upkeep
|
|t:|1667338676
|switch|p2a: Weavile|Weavile, M|100/100
|-ability|p2a: Weavile|Pressure
|turn|24
|
|t:|1667338682
|move|p1a: Heatran|Protect|p1a: Heatran
|-singleturn|p1a: Heatran|Protect
|move|p2a: Weavile|Low Kick|p1a: Heatran
|-activate|p1a: Heatran|move: Protect
|
|upkeep
|turn|25
|
|t:|1667338685
|-end|p1a: Heatran|ability: Flash Fire|[silent]
|switch|p1a: Dragapult|Dragapult, F, shiny|100/100
|move|p2a: Weavile|Low Kick|p1a: Dragapult
|-immune|p1a: Dragapult
|
|upkeep
|turn|26
|
|t:|1667338689
|switch|p2a: Tangrowth|Tangrowth, F|81/100
|move|p1a: Dragapult|Dragon Darts|p2a: Tangrowth
|-damage|p2a: Tangrowth|67/100
|-anim|p1a: Dragapult|Dragon Darts|p2a: Tangrowth
|-damage|p2a: Tangrowth|52/100
|
|upkeep
|turn|27
|
|t:|1667338693
|move|p1a: Dragapult|Flamethrower|p2a: Tangrowth
|-supereffective|p2a: Tangrowth
|-damage|p2a: Tangrowth|0 fnt
|faint|p2a: Tangrowth
|
|upkeep
|
|t:|1667338693
|switch|p2a: Melmetal|Melmetal|50/100
|turn|28
|
|t:|1667338701
|move|p1a: Dragapult|U-turn|p2a: Melmetal
|-resisted|p2a: Melmetal
|-damage|p2a: Melmetal|43/100
|
|t:|1667338704
|switch|p1a: Landorus|Landorus-Therian, M|100/100|[from]move: U-turn
|-ability|p1a: Landorus|Intimidate|boost
|-unboost|p2a: Melmetal|atk|1
|move|p2a: Melmetal|Double Iron Bash|p1a: Landorus
|-damage|p1a: Landorus|81/100
|-damage|p2a: Melmetal|27/100|[from] item: Rocky Helmet|[of] p1a: Landorus
|-damage|p1a: Landorus|62/100
|-damage|p2a: Melmetal|10/100|[from] item: Rocky Helmet|[of] p1a: Landorus
|-hitcount|p1a: Landorus|2
|
|upkeep
|turn|29
|
|t:|1667338715
|move|p1a: Landorus|Knock Off|p2a: Melmetal
|-damage|p2a: Melmetal|0 fnt
|-enditem|p2a: Melmetal|Assault Vest|[from] move: Knock Off|[of] p1a: Landorus
|faint|p2a: Melmetal
|
|upkeep
|
|t:|1667338715
|switch|p2a: Rotom|Rotom-Wash|7/100
|turn|30
|
|t:|1667338722
|switch|p1a: Magnezone|Magnezone, shiny|45/100 slp
|move|p2a: Rotom|Hydro Pump|p1a: Magnezone|[miss]
|-miss|p2a: Rotom|p1a: Magnezone
|
|upkeep
|turn|31
|
|t:|1667338725
|move|p2a: Rotom|Thunderbolt|p1a: Magnezone
|-resisted|p1a: Magnezone
|-damage|p1a: Magnezone|32/100 slp
|cant|p1a: Magnezone|slp
|
|upkeep
|turn|32
|
|t:|1667338727
|move|p2a: Rotom|Thunderbolt|p1a: Magnezone
|-resisted|p1a: Magnezone
|-damage|p1a: Magnezone|19/100 slp
|-curestatus|p1a: Magnezone|slp|[msg]
|move|p1a: Magnezone|Thunderbolt|p2a: Rotom
|-crit|p2a: Rotom
|-damage|p2a: Rotom|0 fnt
|faint|p2a: Rotom
|
|upkeep
|
|t:|1667338727
|switch|p2a: Weavile|Weavile, M|100/100
|-ability|p2a: Weavile|Pressure
|turn|33
|
|t:|1667338732
|move|p2a: Weavile|Knock Off|p1a: Magnezone
|-damage|p1a: Magnezone|0 fnt
|-enditem|p1a: Magnezone|Assault Vest|[from] move: Knock Off|[of] p2a: Weavile
|faint|p1a: Magnezone
|
|upkeep
|inactive|ldailey19 has 120 seconds left.
|
|t:|1667338768
|switch|p1a: Landorus|Landorus-Therian, M|62/100
|-ability|p1a: Landorus|Intimidate|boost
|-unboost|p2a: Weavile|atk|1
|turn|34
|inactive|ldailey19 has 120 seconds left.
|
|t:|1667338776
|move|p2a: Weavile|Knock Off|p1a: Landorus
|-damage|p1a: Landorus|28/100
|-damage|p2a: Weavile|84/100|[from] item: Rocky Helmet|[of] p1a: Landorus
|-enditem|p1a: Landorus|Rocky Helmet|[from] move: Knock Off|[of] p2a: Weavile
|move|p1a: Landorus|Earthquake|p2a: Weavile
|-damage|p2a: Weavile|3/100
|
|upkeep
|turn|35
|
|t:|1667338784
|move|p2a: Weavile|Knock Off|p1a: Landorus
|-damage|p1a: Landorus|7/100
|move|p1a: Landorus|Knock Off|p2a: Weavile
|-resisted|p2a: Weavile
|-damage|p2a: Weavile|0 fnt
|-enditem|p2a: Weavile|Choice Band|[from] move: Knock Off|[of] p1a: Landorus
|faint|p2a: Weavile
|
|win|ldailey19
|raw|ldailey19's rating: 1555 &rarr; <strong>1579</strong><br />(+24 for winning)
|raw|minimax_ai's rating: 1628 &rarr; <strong>1604</strong><br />(-24 for losing)
