|j|☆PedroGreg
|j|☆Dlinknotgood
|t:|1661703983
|gametype|singles
|player|p1|PedroGreg|#wcop2022brazil|
|player|p2|Dlinknotgood|giovanni|
|teamsize|p1|6
|teamsize|p2|6
|gen|8
|tier|[Gen 8] OU
|rule|Sleep Clause Mod: Limit one foe put to sleep
|rule|Species Clause: Limit one of each Pokémon
|rule|OHKO Clause: OHKO moves are banned
|rule|Evasion Items Clause: Evasion items are banned
|rule|Evasion Moves Clause: Evasion moves are banned
|rule|Endless Battle Clause: Forcing endless battles is banned
|rule|HP Percentage Mod: HP is shown in percentages
|rule|Dynamax Clause: You cannot dynamax
|clearpoke
|poke|p1|Tapu Koko|
|poke|p1|Garchomp, F|
|poke|p1|Tornadus-Therian, M|
|poke|p1|Urshifu-*, F|
|poke|p1|Blissey, F|
|poke|p1|Melmetal|
|poke|p2|Nihilego|
|poke|p2|Zapdos-Galar|
|poke|p2|Kartana|
|poke|p2|Celesteela|
|poke|p2|Garchomp, M|
|poke|p2|Slowking-Galar, F|
|teampreview
|inactive|Battle timer is ON: inactive players will automatically lose when time's up. (requested by PedroGreg)
|c|☆Dlinknotgood|boa sorte
|c|☆PedroGreg|hf
|
|t:|1661704004
|start
|switch|p1a: Tornadus|Tornadus-Therian, M|100/100
|switch|p2a: Zapdos|Zapdos-Galar|100/100
|turn|1
|
|t:|1661704012
|switch|p2a: Slowking|Slowking-Galar, F|100/100
|move|p1a: Tornadus|Knock Off|p2a: Slowking
|-supereffective|p2a: Slowking
|-damage|p2a: Slowking|55/100
|-enditem|p2a: Slowking|Assault Vest|[from] move: Knock Off|[of] p1a: Tornadus
|
|upkeep
|turn|2
|
|t:|1661704019
|move|p1a: Tornadus|U-turn|p2a: Slowking
|-damage|p2a: Slowking|41/100
|
|t:|1661704022
|switch|p1a: Melmetal|Melmetal|100/100|[from]move: U-turn
|move|p2a: Slowking|Sludge Bomb|p1a: Melmetal
|-immune|p1a: Melmetal
|
|upkeep
|turn|3
|
|t:|1661704026
|switch|p2a: Garchomp|Garchomp, M|100/100
|move|p1a: Melmetal|Double Iron Bash|p2a: Garchomp
|-damage|p2a: Garchomp|66/100
|-damage|p1a: Melmetal|88/100|[from] ability: Rough Skin|[of] p2a: Garchomp
|-damage|p1a: Melmetal|72/100|[from] item: Rocky Helmet|[of] p2a: Garchomp
|-damage|p2a: Garchomp|27/100
|-damage|p1a: Melmetal|59/100|[from] ability: Rough Skin|[of] p2a: Garchomp
|-damage|p1a: Melmetal|43/100|[from] item: Rocky Helmet|[of] p2a: Garchomp
|-hitcount|p2a: Garchomp|2
|
|-heal|p1a: Melmetal|49/100|[from] item: Leftovers
|upkeep
|turn|4
|
|t:|1661704033
|move|p2a: Garchomp|Stealth Rock|p1a: Melmetal
|-sidestart|p1: PedroGreg|move: Stealth Rock
|move|p1a: Melmetal|Earthquake|p2a: Garchomp
|-damage|p2a: Garchomp|0 fnt
|faint|p2a: Garchomp
|
|-heal|p1a: Melmetal|55/100|[from] item: Leftovers
|upkeep
|
|t:|1661704039
|switch|p2a: Zapdos|Zapdos-Galar|100/100
|turn|5
|
|t:|1661704041
|move|p1a: Melmetal|Protect|p1a: Melmetal
|-singleturn|p1a: Melmetal|Protect
|move|p2a: Zapdos|Thunderous Kick|p1a: Melmetal
|-activate|p1a: Melmetal|move: Protect
|
|-heal|p1a: Melmetal|61/100|[from] item: Leftovers
|upkeep
|turn|6
|
|t:|1661704048
|move|p2a: Zapdos|Thunderous Kick|p1a: Melmetal
|-supereffective|p1a: Melmetal
|-damage|p1a: Melmetal|0 fnt
|faint|p1a: Melmetal
|
|upkeep
|
|t:|1661704051
|switch|p1a: Tornadus|Tornadus-Therian, M|100/100
|turn|7
|
|t:|1661704055
|move|p1a: Tornadus|Hurricane|p2a: Zapdos|[miss]
|-miss|p1a: Tornadus|p2a: Zapdos
|move|p2a: Zapdos|Thunderous Kick|p1a: Tornadus
|-resisted|p1a: Tornadus
|-damage|p1a: Tornadus|61/100
|-unboost|p1a: Tornadus|def|1
|
|upkeep
|turn|8
|
|t:|1661704061
|switch|p2a: Celesteela|Celesteela|100/100
|move|p1a: Tornadus|Defog|p2a: Celesteela
|-unboost|p2a: Celesteela|evasion|1
|-sideend|p1: PedroGreg|Stealth Rock|[from] move: Defog|[of] p1a: Tornadus
|
|upkeep
|turn|9
|
|t:|1661704065
|move|p1a: Tornadus|U-turn|p2a: Celesteela
|-resisted|p2a: Celesteela
|-damage|p2a: Celesteela|97/100
|
|t:|1661704069
|switch|p1a: Blissey|Blissey, F|100/100|[from]move: U-turn
|move|p2a: Celesteela|Autotomize|p2a: Celesteela
|-boost|p2a: Celesteela|spe|2
|-start|p2a: Celesteela|Autotomize
|
|upkeep
|turn|10
|
|t:|1661704073
|switch|p2a: Zapdos|Zapdos-Galar|100/100
|move|p1a: Blissey|Seismic Toss|p2a: Zapdos
|-damage|p2a: Zapdos|69/100
|
|upkeep
|turn|11
|
|t:|1661704080
|switch|p1a: Tornadus|Tornadus-Therian, M|94/100
|move|p2a: Zapdos|Brave Bird|p1a: Tornadus
|-damage|p1a: Tornadus|0 fnt
|faint|p1a: Tornadus
|-damage|p2a: Zapdos|35/100|[from] Recoil
|
|upkeep
|
|t:|1661704083
|switch|p1a: Tapu Koko|Tapu Koko|100/100
|-fieldstart|move: Electric Terrain|[from] ability: Electric Surge|[of] p1a: Tapu Koko
|turn|12
|
|t:|1661704085
|switch|p2a: Slowking|Slowking-Galar, F|74/100
|move|p1a: Tapu Koko|Volt Switch|p2a: Slowking
|-damage|p2a: Slowking|39/100
|
|t:|1661704090
|switch|p1a: Garchomp|Garchomp, F|100/100|[from]move: Volt Switch
|
|upkeep
|turn|13
|
|t:|1661704098
|move|p1a: Garchomp|Earthquake|p2a: Slowking
|-supereffective|p2a: Slowking
|-damage|p2a: Slowking|0 fnt
|faint|p2a: Slowking
|-damage|p1a: Garchomp|91/100|[from] item: Life Orb
|
|upkeep
|
|t:|1661704107
|switch|p2a: Celesteela|Celesteela|97/100
|turn|14
|
|t:|1661704111
|move|p1a: Garchomp|Fire Blast|p2a: Celesteela
|-supereffective|p2a: Celesteela
|-damage|p2a: Celesteela|19/100
|-damage|p1a: Garchomp|81/100|[from] item: Life Orb
|move|p2a: Celesteela|Meteor Beam||[still]
|-prepare|p2a: Celesteela|Meteor Beam
|-boost|p2a: Celesteela|spa|1
|-enditem|p2a: Celesteela|Power Herb
|-anim|p2a: Celesteela|Meteor Beam|p1a: Garchomp
|-resisted|p1a: Garchomp
|-damage|p1a: Garchomp|50/100
|
|upkeep
|turn|15
|
|t:|1661704126
|move|p1a: Garchomp|Stealth Rock|p2a: Celesteela
|-sidestart|p2: Dlinknotgood|move: Stealth Rock
|move|p2a: Celesteela|Air Slash|p1a: Garchomp
|-damage|p1a: Garchomp|0 fnt
|faint|p1a: Garchomp
|-ability|p2a: Celesteela|Beast Boost|boost
|-boost|p2a: Celesteela|spa|1
|
|upkeep
|
|t:|1661704136
|switch|p1a: Tapu Koko|Tapu Koko|100/100
|turn|16
|
|t:|1661704139
|move|p1a: Tapu Koko|Thunderbolt|p2a: Celesteela
|-supereffective|p2a: Celesteela
|-damage|p2a: Celesteela|0 fnt
|faint|p2a: Celesteela
|
|-fieldend|move: Electric Terrain
|upkeep
|inactive|Dlinknotgood has 270 seconds left.
|
|t:|1661704189
|switch|p2a: Kartana|Kartana|100/100
|-damage|p2a: Kartana|94/100|[from] Stealth Rock
|turn|17
|
|t:|1661704191
|move|p2a: Kartana|Leaf Blade|p1a: Tapu Koko
|-damage|p1a: Tapu Koko|13/100
|move|p1a: Tapu Koko|Thunderbolt|p2a: Kartana
|-resisted|p2a: Kartana
|-damage|p2a: Kartana|1/100
|
|upkeep
|turn|18
|
|t:|1661704202
|move|p2a: Kartana|Leaf Blade|p1a: Tapu Koko
|-damage|p1a: Tapu Koko|0 fnt
|faint|p1a: Tapu Koko
|-ability|p2a: Kartana|Beast Boost|boost
|-boost|p2a: Kartana|atk|1
|
|upkeep
|
|t:|1661704207
|switch|p1a: Urshifu|Urshifu-Rapid-Strike, F|100/100
|turn|19
|
|t:|1661704211
|move|p1a: Urshifu|Aqua Jet|p2a: Kartana
|-resisted|p2a: Kartana
|-damage|p2a: Kartana|0 fnt
|faint|p2a: Kartana
|
|upkeep
|
|t:|1661704218
|switch|p2a: Nihilego|Nihilego|100/100
|-damage|p2a: Nihilego|88/100|[from] Stealth Rock
|turn|20
|inactive|PedroGreg has 270 seconds left.
|
|t:|1661704276
|switch|p2a: Zapdos|Zapdos-Galar|35/100
|-damage|p2a: Zapdos|22/100|[from] Stealth Rock
|switch|p1a: Blissey|Blissey, F|100/100
|
|upkeep
|turn|21
|
|t:|1661704283
|move|p2a: Zapdos|Thunderous Kick|p1a: Blissey
|-supereffective|p1a: Blissey
|-damage|p1a: Blissey|0 fnt
|faint|p1a: Blissey
|
|upkeep
|
|t:|1661704285
|switch|p1a: Urshifu|Urshifu-Rapid-Strike, F|100/100
|turn|22
|
|t:|1661704288
|move|p1a: Urshifu|Aqua Jet|p2a: Zapdos
|-damage|p2a: Zapdos|0 fnt
|faint|p2a: Zapdos
|
|upkeep
|
|t:|1661704290
|switch|p2a: Nihilego|Nihilego|88/100
|-damage|p2a: Nihilego|76/100|[from] Stealth Rock
|turn|23
|
|t:|1661704294
|move|p1a: Urshifu|Aqua Jet|p2a: Nihilego
|-supereffective|p2a: Nihilego
|-damage|p2a: Nihilego|17/100
|move|p2a: Nihilego|Grass Knot|p1a: Urshifu
|-supereffective|p1a: Urshifu
|-damage|p1a: Urshifu|0 fnt
|faint|p1a: Urshifu
|
|win|Dlinknotgood
|c|☆PedroGreg|gg
|l|☆PedroGreg
|c|☆Dlinknotgood|gg
