|j|☆displacement force
|j|☆Tirkys
|t:|1639573557
|gametype|singles
|player|p1|displacement force|preschooler|1418
|player|p2|Tirkys|hilda|1356
|teamsize|p1|6
|teamsize|p2|6
|gen|8
|tier|[Gen 8] OU
|rated|
|rule|Sleep Clause Mod: Limit one foe put to sleep
|rule|Species Clause: Limit one of each Pokémon
|rule|OHKO Clause: OHKO moves are banned
|rule|Evasion Moves Clause: Evasion moves are banned
|rule|Endless Battle Clause: Forcing endless battles is banned
|rule|HP Percentage Mod: HP is shown in percentages
|rule|Dynamax Clause: You cannot dynamax
|clearpoke
|poke|p1|Carracosta, M|
|poke|p1|Hatterene, F|
|poke|p1|Tornadus-Therian, M|
|poke|p1|Kartana|
|poke|p1|Archeops, M|
|poke|p1|Seismitoad, M|
|poke|p2|Mienshao, F|
|poke|p2|Volcarona, M|
|poke|p2|Ninetales-Alola, M|
|poke|p2|Xatu, M|
|poke|p2|Scolipede, F|
|poke|p2|Mantine, F|
|teampreview
|inactive|Battle timer is ON: inactive players will automatically lose when time's up. (requested by Tirkys)
|
|t:|1639573566
|start
|switch|p1a: Archeops|Archeops, M|100/100
|switch|p2a: WhiteAlbum|Ninetales-Alola, M|100/100
|-weather|Hail|[from] ability: Snow Warning|[of] p2a: WhiteAlbum
|turn|1
|
|t:|1639573573
|move|p2a: WhiteAlbum|Blizzard|p1a: Archeops
|-supereffective|p1a: Archeops
|-enditem|p1a: Archeops|Focus Sash
|-damage|p1a: Archeops|1/100
|move|p1a: Archeops|Head Smash|p2a: WhiteAlbum|[miss]
|-miss|p1a: Archeops|p2a: WhiteAlbum
|
|-weather|Hail|[upkeep]
|-damage|p1a: Archeops|0 fnt|[from] Hail
|faint|p1a: Archeops
|upkeep
|j| zxCSDFVbgtnhyj
|l| zxCSDFVbgtnhyj
|
|t:|1639573587
|switch|p1a: Kartana|Kartana|100/100
|turn|2
|
|t:|1639573589
|switch|p2a: Magician'sRed|Volcarona, M|100/100
|move|p1a: Kartana|Swords Dance|p1a: Kartana
|-boost|p1a: Kartana|atk|2
|
|-weather|Hail|[upkeep]
|-damage|p1a: Kartana|94/100|[from] Hail
|-damage|p2a: Magician'sRed|94/100|[from] Hail
|-heal|p2a: Magician'sRed|100/100|[from] item: Leftovers
|upkeep
|turn|3
|
|t:|1639573592
|move|p1a: Kartana|Knock Off|p2a: Magician'sRed
|-damage|p2a: Magician'sRed|40/100
|-enditem|p2a: Magician'sRed|Leftovers|[from] move: Knock Off|[of] p1a: Kartana
|move|p2a: Magician'sRed|Fiery Dance|p1a: Kartana
|-supereffective|p1a: Kartana
|-damage|p1a: Kartana|0 fnt
|faint|p1a: Kartana
|
|-weather|Hail|[upkeep]
|-damage|p2a: Magician'sRed|34/100|[from] Hail
|upkeep
|
|t:|1639573596
|switch|p1a: Tornadus|Tornadus-Therian, M|100/100
|turn|4
|
|t:|1639573600
|switch|p2a: Mantine|Mantine, F|100/100
|move|p1a: Tornadus|Hurricane|p2a: Mantine
|-damage|p2a: Mantine|66/100
|-damage|p1a: Tornadus|91/100|[from] item: Life Orb
|
|-weather|Hail|[upkeep]
|-damage|p1a: Tornadus|85/100|[from] Hail
|-damage|p2a: Mantine|60/100|[from] Hail
|-heal|p2a: Mantine|66/100|[from] item: Leftovers
|upkeep
|turn|5
|
|t:|1639573604
|move|p1a: Tornadus|Nasty Plot|p1a: Tornadus
|-boost|p1a: Tornadus|spa|2
|move|p2a: Mantine|Scald|p1a: Tornadus
|-damage|p1a: Tornadus|58/100
|-status|p1a: Tornadus|brn
|
|-weather|none
|-heal|p2a: Mantine|72/100|[from] item: Leftovers
|-damage|p1a: Tornadus|52/100 brn|[from] brn
|upkeep
|turn|6
|
|t:|1639573607
|move|p1a: Tornadus|Hurricane|p2a: Mantine
|-damage|p2a: Mantine|0 fnt
|faint|p2a: Mantine
|-damage|p1a: Tornadus|43/100 brn|[from] item: Life Orb
|
|-damage|p1a: Tornadus|37/100 brn|[from] brn
|upkeep
|
|t:|1639573610
|switch|p2a: WhiteAlbum|Ninetales-Alola, M|100/100
|-weather|Hail|[from] ability: Snow Warning|[of] p2a: WhiteAlbum
|turn|7
|
|t:|1639573616
|switch|p1a: OP FODDER|Seismitoad, M|100/100
|move|p2a: WhiteAlbum|Freeze-Dry|p1a: OP FODDER
|-supereffective|p1a: OP FODDER
|-damage|p1a: OP FODDER|0 fnt
|faint|p1a: OP FODDER
|
|-weather|Hail|[upkeep]
|upkeep
|
|t:|1639573622
|switch|p1a: Hatterene|Hatterene, F|100/100
|turn|8
|
|t:|1639573626
|switch|p2a: Magician'sRed|Volcarona, M|34/100
|move|p1a: Hatterene|Calm Mind|p1a: Hatterene
|-boost|p1a: Hatterene|spa|1
|-boost|p1a: Hatterene|spd|1
|
|-weather|Hail|[upkeep]
|-damage|p2a: Magician'sRed|28/100|[from] Hail
|-damage|p1a: Hatterene|95/100|[from] Hail
|-heal|p1a: Hatterene|100/100|[from] item: Leftovers
|upkeep
|turn|9
|
|t:|1639573629
|move|p2a: Magician'sRed|Fiery Dance|p1a: Hatterene
|-damage|p1a: Hatterene|78/100
|-boost|p2a: Magician'sRed|spa|1
|move|p1a: Hatterene|Psyshock|p2a: Magician'sRed
|-damage|p2a: Magician'sRed|0 fnt
|faint|p2a: Magician'sRed
|
|-weather|Hail|[upkeep]
|-damage|p1a: Hatterene|72/100|[from] Hail
|-heal|p1a: Hatterene|78/100|[from] item: Leftovers
|upkeep
|
|t:|1639573634
|switch|p2a: KingNothing|Mienshao, F|100/100
|turn|10
|
|t:|1639573637
|move|p2a: KingNothing|Fake Out|p1a: Hatterene
|-damage|p1a: Hatterene|62/100
|-damage|p2a: KingNothing|91/100|[from] item: Life Orb
|cant|p1a: Hatterene|flinch
|
|-weather|Hail|[upkeep]
|-damage|p2a: KingNothing|85/100|[from] Hail
|-damage|p1a: Hatterene|56/100|[from] Hail
|-heal|p1a: Hatterene|62/100|[from] item: Leftovers
|upkeep
|turn|11
|
|t:|1639573642
|switch|p2a: ManInTheMirror|Xatu, M|100/100
|move|p1a: Hatterene|Draining Kiss|p2a: ManInTheMirror
|-damage|p2a: ManInTheMirror|53/100
|-heal|p1a: Hatterene|99/100|[from] drain|[of] p2a: ManInTheMirror
|-damage|p1a: Hatterene|83/100|[from] item: Rocky Helmet|[of] p2a: ManInTheMirror
|
|-weather|none
|-heal|p1a: Hatterene|89/100|[from] item: Leftovers
|upkeep
|turn|12
|
|t:|1639573646
|move|p2a: ManInTheMirror|Heat Wave|p1a: Hatterene
|-damage|p1a: Hatterene|73/100
|move|p1a: Hatterene|Calm Mind|p1a: Hatterene
|-boost|p1a: Hatterene|spa|1
|-boost|p1a: Hatterene|spd|1
|
|-heal|p1a: Hatterene|78/100|[from] item: Leftovers
|upkeep
|turn|13
|
|t:|1639573651
|move|p2a: ManInTheMirror|Heat Wave|p1a: Hatterene
|-damage|p1a: Hatterene|67/100
|-status|p1a: Hatterene|brn
|move|p1a: Hatterene|Draining Kiss|p2a: ManInTheMirror
|-damage|p2a: ManInTheMirror|0 fnt
|-heal|p1a: Hatterene|100/100 brn|[from] drain|[of] p2a: ManInTheMirror
|-damage|p1a: Hatterene|84/100 brn|[from] item: Rocky Helmet|[of] p2a: ManInTheMirror
|faint|p2a: ManInTheMirror
|
|-heal|p1a: Hatterene|90/100 brn|[from] item: Leftovers
|-damage|p1a: Hatterene|84/100 brn|[from] brn
|upkeep
|
|t:|1639573653
|switch|p2a: PurpleHaze|Scolipede, F|100/100
|turn|14
|
|t:|1639573658
|move|p2a: PurpleHaze|Swords Dance|p2a: PurpleHaze
|-boost|p2a: PurpleHaze|atk|2
|move|p1a: Hatterene|Psyshock|p2a: PurpleHaze
|-supereffective|p2a: PurpleHaze
|-enditem|p2a: PurpleHaze|Focus Sash
|-damage|p2a: PurpleHaze|1/100
|
|-heal|p1a: Hatterene|90/100 brn|[from] item: Leftovers
|-damage|p1a: Hatterene|84/100 brn|[from] brn
|-ability|p2a: PurpleHaze|Speed Boost|boost
|-boost|p2a: PurpleHaze|spe|1
|upkeep
|turn|15
|
|t:|1639573663
|switch|p1a: Tornadus|Tornadus-Therian, M|70/100 brn
|move|p2a: PurpleHaze|Poison Jab|p1a: Tornadus
|-damage|p1a: Tornadus|0 fnt
|faint|p1a: Tornadus
|
|-ability|p2a: PurpleHaze|Speed Boost|boost
|-boost|p2a: PurpleHaze|spe|1
|upkeep
|
|t:|1639573666
|switch|p1a: Bail Out|Carracosta, M|100/100
|turn|16
|
|t:|1639573670
|move|p2a: PurpleHaze|Earthquake|p1a: Bail Out
|-supereffective|p1a: Bail Out
|-ability|p1a: Bail Out|Sturdy
|-damage|p1a: Bail Out|1/100
|move|p1a: Bail Out|Earthquake|p2a: PurpleHaze
|-damage|p2a: PurpleHaze|0 fnt
|faint|p2a: PurpleHaze
|
|upkeep
|
|t:|1639573674
|switch|p2a: KingNothing|Mienshao, F|100/100
|turn|17
|
|t:|1639573678
|move|p2a: KingNothing|Fake Out|p1a: Bail Out
|-resisted|p1a: Bail Out
|-damage|p1a: Bail Out|0 fnt
|faint|p1a: Bail Out
|-damage|p2a: KingNothing|91/100|[from] item: Life Orb
|
|upkeep
|
|t:|1639573680
|switch|p1a: Hatterene|Hatterene, F|84/100 brn
|turn|18
|
|t:|1639573683
|move|p2a: KingNothing|Knock Off|p1a: Hatterene
|-damage|p1a: Hatterene|47/100 brn
|-enditem|p1a: Hatterene|Leftovers|[from] move: Knock Off|[of] p2a: KingNothing
|-damage|p2a: KingNothing|81/100|[from] item: Life Orb
|move|p1a: Hatterene|Draining Kiss|p2a: KingNothing
|-supereffective|p2a: KingNothing
|-damage|p2a: KingNothing|1/100
|-heal|p1a: Hatterene|98/100 brn|[from] drain|[of] p2a: KingNothing
|
|-damage|p1a: Hatterene|92/100 brn|[from] brn
|upkeep
|turn|19
|
|t:|1639573692
|move|p2a: KingNothing|Stone Edge|p1a: Hatterene
|-damage|p1a: Hatterene|56/100 brn
|-damage|p2a: KingNothing|0 fnt|[from] item: Life Orb
|faint|p2a: KingNothing
|move|p1a: Hatterene|Draining Kiss|p2: KingNothing|[notarget]
|-fail|p1a: Hatterene
|
|-damage|p1a: Hatterene|50/100 brn|[from] brn
|upkeep
|
|t:|1639573695
|switch|p2a: WhiteAlbum|Ninetales-Alola, M|100/100
|-weather|Hail|[from] ability: Snow Warning|[of] p2a: WhiteAlbum
|turn|20
|
|t:|1639573697
|move|p2a: WhiteAlbum|Blizzard|p1a: Hatterene
|-damage|p1a: Hatterene|9/100 brn
|move|p1a: Hatterene|Mystical Fire|p2a: WhiteAlbum
|-supereffective|p2a: WhiteAlbum
|-damage|p2a: WhiteAlbum|51/100
|-unboost|p2a: WhiteAlbum|spa|1
|
|-weather|Hail|[upkeep]
|-damage|p1a: Hatterene|3/100 brn|[from] Hail
|-damage|p1a: Hatterene|0 fnt|[from] brn
|faint|p1a: Hatterene
|
|win|Tirkys
|upkeep
|raw|displacement force's rating: 1418 &rarr; <strong>1394</strong><br />(-24 for losing)
|raw|Tirkys's rating: 1356 &rarr; <strong>1380</strong><br />(+24 for winning)
|l|☆displacement force
|j|☆displacement force
|player|p1|displacement force|preschooler
