|j|☆Rheinmetal
|j|☆garbage weeb
|player|p1|Rheinmetal|cynthia|1302
|player|p2|garbage weeb|253|1353
|teamsize|p1|6
|teamsize|p2|6
|gametype|singles
|gen|8
|tier|[Gen 8] OU
|rated|
|rule|Sleep Clause Mod: Limit one foe put to sleep
|rule|Species Clause: Limit one of each Pokémon
|rule|OHKO Clause: OHKO moves are banned
|rule|Evasion Moves Clause: Evasion moves are banned
|rule|Endless Battle Clause: Forcing endless battles is banned
|rule|HP Percentage Mod: HP is shown in percentages
|clearpoke
|poke|p1|Pelipper, M|
|poke|p1|Ferrothorn, F|
|poke|p1|Barraskewda, M|
|poke|p1|Dracovish|
|poke|p1|Dracozolt|
|poke|p1|Seismitoad, F|
|poke|p2|Dracovish|
|poke|p2|Pelipper, M|
|poke|p2|Drednaw, F|
|poke|p2|Crawdaunt, M|
|poke|p2|Seismitoad, M|
|poke|p2|Ferrothorn, M|
|teampreview
|inactive|Battle timer is ON: inactive players will automatically lose when time's up. (requested by garbage weeb)
|
|start
|switch|p1a: Dracozolt|Dracozolt|100/100
|switch|p2a: Drednaw|Drednaw, F|100/100
|turn|1
|
|switch|p2a: Seismitoad|Seismitoad, M|100/100
|move|p1a: Dracozolt|Bolt Beak|p2a: Seismitoad
|-immune|p2a: Seismitoad
|
|upkeep
|turn|2
|inactive|Rheinmetal has 120 seconds left.
|
|switch|p1a: Pelipper|Pelipper, M|100/100
|-weather|RainDance|[from] ability: Drizzle|[of] p1a: Pelipper
|move|p2a: Seismitoad|Stealth Rock|p1a: Pelipper
|-sidestart|p1: Rheinmetal|move: Stealth Rock
|
|-weather|RainDance|[upkeep]
|upkeep
|turn|3
|
|switch|p2a: Dracovish|Dracovish|100/100
|move|p1a: Pelipper|U-turn|p2a: Dracovish
|-damage|p2a: Dracovish|92/100
|inactive|Rheinmetal has 120 seconds left.
|
|switch|p1a: Seismitoad|Seismitoad, F|100/100|[from]move: U-turn
|-damage|p1a: Seismitoad|95/100|[from] Stealth Rock
|
|-weather|RainDance|[upkeep]
|upkeep
|turn|4
|
|move|p1a: Seismitoad|Earth Power|p2a: Dracovish
|-damage|p2a: Dracovish|34/100
|-damage|p1a: Seismitoad|85/100|[from] item: Life Orb
|move|p2a: Dracovish|Fishious Rend|p1a: Seismitoad
|-damage|p1a: Seismitoad|0 fnt
|faint|p1a: Seismitoad
|
|-weather|RainDance|[upkeep]
|upkeep
|
|switch|p1a: Barraskewda|Barraskewda, M|100/100
|-damage|p1a: Barraskewda|88/100|[from] Stealth Rock
|turn|5
|inactive|Rheinmetal has 120 seconds left.
|
|switch|p2a: Pelipper|Pelipper, M|100/100
|-start|p1a: Barraskewda|Dynamax
|-heal|p1a: Barraskewda|88/100|[silent]
|move|p1a: Barraskewda|Max Knuckle|p2a: Pelipper
|-resisted|p2a: Pelipper
|-damage|p2a: Pelipper|88/100
|-boost|p1a: Barraskewda|atk|1
|
|-weather|RainDance|[upkeep]
|upkeep
|turn|6
|
|move|p1a: Barraskewda|Max Mindstorm|p2a: Pelipper
|-damage|p2a: Pelipper|34/100
|-fieldstart|move: Psychic Terrain
|move|p2a: Pelipper|Roost|p2a: Pelipper
|-heal|p2a: Pelipper|84/100
|-singleturn|p2a: Pelipper|move: Roost
|
|-weather|RainDance|[upkeep]
|upkeep
|turn|7
|
|move|p1a: Barraskewda|Max Airstream|p2a: Pelipper
|-damage|p2a: Pelipper|27/100
|-boost|p1a: Barraskewda|spe|1
|move|p2a: Pelipper|Roost|p2a: Pelipper
|-heal|p2a: Pelipper|77/100
|-singleturn|p2a: Pelipper|move: Roost
|
|-weather|RainDance|[upkeep]
|-end|p1a: Barraskewda|Dynamax
|-heal|p1a: Barraskewda|88/100|[silent]
|upkeep
|turn|8
|inactive|Rheinmetal has 120 seconds left.
|
|move|p1a: Barraskewda|Liquidation|p2a: Pelipper
|-resisted|p2a: Pelipper
|-damage|p2a: Pelipper|16/100
|move|p2a: Pelipper|Knock Off|p1a: Barraskewda
|-damage|p1a: Barraskewda|64/100
|-enditem|p1a: Barraskewda|Choice Band|[from] move: Knock Off|[of] p2a: Pelipper
|
|-weather|RainDance|[upkeep]
|upkeep
|turn|9
|
|switch|p2a: Ferrothorn|Ferrothorn, M|100/100
|move|p1a: Barraskewda|Close Combat|p2a: Ferrothorn
|-supereffective|p2a: Ferrothorn
|-enditem|p2a: Ferrothorn|Chople Berry|[eat]
|-enditem|p2a: Ferrothorn|Chople Berry|[weaken]
|-damage|p2a: Ferrothorn|61/100
|-damage|p1a: Barraskewda|52/100|[from] ability: Iron Barbs|[of] p2a: Ferrothorn
|-unboost|p1a: Barraskewda|def|1
|-unboost|p1a: Barraskewda|spd|1
|
|-weather|none
|upkeep
|turn|10
|
|switch|p2a: Pelipper|Pelipper, M|16/100
|-weather|RainDance|[from] ability: Drizzle|[of] p2a: Pelipper
|move|p1a: Barraskewda|Close Combat|p2a: Pelipper
|-resisted|p2a: Pelipper
|-damage|p2a: Pelipper|0 fnt
|-unboost|p1a: Barraskewda|def|1
|-unboost|p1a: Barraskewda|spd|1
|faint|p2a: Pelipper
|
|-weather|RainDance|[upkeep]
|-fieldend|move: Psychic Terrain
|upkeep
|
|switch|p2a: Crawdaunt|Crawdaunt, M|100/100
|turn|11
|
|switch|p1a: Dracovish|Dracovish|100/100
|-damage|p1a: Dracovish|88/100|[from] Stealth Rock
|move|p2a: Crawdaunt|Aqua Jet|p1a: Dracovish
|-resisted|p1a: Dracovish
|-damage|p1a: Dracovish|71/100
|
|-weather|RainDance|[upkeep]
|upkeep
|turn|12
|
|switch|p2a: Dracovish|Dracovish|34/100
|move|p1a: Dracovish|Fishious Rend|p2a: Dracovish
|-resisted|p2a: Dracovish
|-damage|p2a: Dracovish|0 fnt
|faint|p2a: Dracovish
|
|-weather|RainDance|[upkeep]
|upkeep
|
|switch|p2a: Seismitoad|Seismitoad, M|100/100
|turn|13
|j| HiIm7ft3
|
|move|p2a: Seismitoad|Earth Power|p1a: Dracovish
|-crit|p1a: Dracovish
|-damage|p1a: Dracovish|0 fnt
|-damage|p2a: Seismitoad|91/100|[from] item: Life Orb
|faint|p1a: Dracovish
|
|-weather|RainDance|[upkeep]
|upkeep
|
|switch|p1a: Ferrothorn|Ferrothorn, F|100/100
|-damage|p1a: Ferrothorn|94/100|[from] Stealth Rock
|turn|14
|
|move|p2a: Seismitoad|Focus Blast|p1a: Ferrothorn|[miss]
|-miss|p2a: Seismitoad|p1a: Ferrothorn
|move|p1a: Ferrothorn|Power Whip|p2a: Seismitoad
|-supereffective|p2a: Seismitoad
|-damage|p2a: Seismitoad|0 fnt
|faint|p2a: Seismitoad
|
|-weather|RainDance|[upkeep]
|upkeep
|
|switch|p2a: Ferrothorn|Ferrothorn, M|61/100
|turn|15
|c|☆garbage weeb|damn
|inactive|Rheinmetal has 120 seconds left.
|inactive|Rheinmetal has 90 seconds left.
|
|switch|p1a: Dracozolt|Dracozolt|100/100
|-damage|p1a: Dracozolt|88/100|[from] Stealth Rock
|move|p2a: Ferrothorn|Spikes|p1a: Dracozolt
|-sidestart|p1: Rheinmetal|Spikes
|
|-weather|RainDance|[upkeep]
|upkeep
|turn|16
|inactive|Rheinmetal has 60 seconds left.
|
|move|p1a: Dracozolt|Low Kick|p2a: Ferrothorn
|-supereffective|p2a: Ferrothorn
|-damage|p2a: Ferrothorn|0 fnt
|-damage|p1a: Dracozolt|76/100|[from] ability: Iron Barbs|[of] p2a: Ferrothorn
|faint|p2a: Ferrothorn
|
|-weather|RainDance|[upkeep]
|upkeep
|
|switch|p2a: Drednaw|Drednaw, F|100/100
|turn|17
|inactive|Rheinmetal has 60 seconds left.
|
|switch|p1a: Ferrothorn|Ferrothorn, F|94/100
|-damage|p1a: Ferrothorn|88/100|[from] Stealth Rock
|-damage|p1a: Ferrothorn|75/100|[from] Spikes
|move|p2a: Drednaw|Stone Edge|p1a: Ferrothorn
|-resisted|p1a: Ferrothorn
|-damage|p1a: Ferrothorn|56/100
|-damage|p2a: Drednaw|91/100|[from] item: Life Orb
|
|-weather|none
|upkeep
|turn|18
|
|move|p2a: Drednaw|Superpower|p1a: Ferrothorn
|-supereffective|p1a: Ferrothorn
|-enditem|p1a: Ferrothorn|Chople Berry|[eat]
|-enditem|p1a: Ferrothorn|Chople Berry|[weaken]
|-damage|p1a: Ferrothorn|27/100
|-damage|p2a: Drednaw|78/100|[from] ability: Iron Barbs|[of] p1a: Ferrothorn
|-unboost|p2a: Drednaw|atk|1
|-unboost|p2a: Drednaw|def|1
|-damage|p2a: Drednaw|68/100|[from] item: Life Orb
|move|p1a: Ferrothorn|Power Whip|p2a: Drednaw
|-supereffective|p2a: Drednaw
|-damage|p2a: Drednaw|0 fnt
|faint|p2a: Drednaw
|
|upkeep
|
|switch|p2a: Crawdaunt|Crawdaunt, M|100/100
|turn|19
|
|-start|p2a: Crawdaunt|Dynamax
|-heal|p2a: Crawdaunt|100/100|[silent]
|move|p2a: Crawdaunt|Max Knuckle|p1a: Ferrothorn
|-supereffective|p1a: Ferrothorn
|-damage|p1a: Ferrothorn|0 fnt
|-boost|p2a: Crawdaunt|atk|1
|faint|p1a: Ferrothorn
|
|upkeep
|l| HiIm7ft3
|inactive|Rheinmetal has 60 seconds left.
|
|switch|p1a: Dracozolt|Dracozolt|76/100
|-damage|p1a: Dracozolt|63/100|[from] Stealth Rock
|-damage|p1a: Dracozolt|51/100|[from] Spikes
|turn|20
|
|move|p1a: Dracozolt|Bolt Beak|p2a: Crawdaunt|[miss]
|-miss|p1a: Dracozolt|p2a: Crawdaunt
|move|p2a: Crawdaunt|Max Knuckle|p1a: Dracozolt
|-damage|p1a: Dracozolt|0 fnt
|-boost|p2a: Crawdaunt|atk|1
|faint|p1a: Dracozolt
|
|upkeep
|
|switch|p1a: Pelipper|Pelipper, M|100/100
|-damage|p1a: Pelipper|76/100|[from] Stealth Rock
|-weather|RainDance|[from] ability: Drizzle|[of] p1a: Pelipper
|turn|21
|
|move|p1a: Pelipper|Hurricane|p2a: Crawdaunt
|-damage|p2a: Crawdaunt|69/100
|move|p2a: Crawdaunt|Max Darkness|p1a: Pelipper
|-damage|p1a: Pelipper|0 fnt
|faint|p1a: Pelipper
|
|-weather|RainDance|[upkeep]
|-end|p2a: Crawdaunt|Dynamax
|-heal|p2a: Crawdaunt|70/100|[silent]
|upkeep
|
|switch|p1a: Barraskewda|Barraskewda, M|52/100
|-damage|p1a: Barraskewda|40/100|[from] Stealth Rock
|-damage|p1a: Barraskewda|28/100|[from] Spikes
|turn|22
|
|move|p2a: Crawdaunt|Aqua Jet|p1a: Barraskewda
|-resisted|p1a: Barraskewda
|-damage|p1a: Barraskewda|0 fnt
|faint|p1a: Barraskewda
|
|win|garbage weeb
|l|☆Rheinmetal
|c|☆garbage weeb|ez
|raw|Rheinmetal's rating: 1323 &rarr; <strong>1305</strong><br />(-18 for losing)
|raw|garbage weeb's rating: 1353 &rarr; <strong>1371</strong><br />(+18 for winning)
