|j|☆Soaring Souls
|j|☆I'm back from Mars
|t:|1667393280
|gametype|singles
|player|p1|Soaring Souls|102|1670
|player|p2|I'm back from Mars|lucas|1845
|teamsize|p1|6
|teamsize|p2|6
|gen|8
|tier|[Gen 8] OU
|rated|
|rule|Sleep Clause Mod: Limit one foe put to sleep
|rule|Species Clause: Limit one of each Pokémon
|rule|OHKO Clause: OHKO moves are banned
|rule|Evasion Items Clause: Evasion items are banned
|rule|Evasion Moves Clause: Evasion moves are banned
|rule|Endless Battle Clause: Forcing endless battles is banned
|rule|HP Percentage Mod: HP is shown in percentages
|rule|Dynamax Clause: You cannot dynamax
|clearpoke
|poke|p1|Corviknight, M|
|poke|p1|Tornadus-Therian, M|
|poke|p1|Audino, M|
|poke|p1|Shedinja|
|poke|p1|Clefable, M|
|poke|p1|Garchomp, M|
|poke|p2|Jirachi|
|poke|p2|Skarmory, F|
|poke|p2|Gastrodon, F|
|poke|p2|Toxapex, M|
|poke|p2|Clefable, F|
|poke|p2|Hydreigon, M|
|teampreview
|
|t:|1667393294
|start
|switch|p1a: Audino|Audino, M|100/100
|switch|p2a: Toxapex|Toxapex, M|100/100
|turn|1
|
|t:|1667393301
|move|p1a: Audino|Knock Off|p2a: Toxapex
|-damage|p2a: Toxapex|92/100
|-damage|p1a: Audino|84/100|[from] item: Rocky Helmet|[of] p2a: Toxapex
|-enditem|p2a: Toxapex|Rocky Helmet|[from] move: Knock Off|[of] p1a: Audino
|move|p2a: Toxapex|Toxic|p1a: Audino
|-status|p1a: Audino|tox
|
|-damage|p1a: Audino|78/100 tox|[from] psn
|upkeep
|turn|2
|
|t:|1667393311
|switch|p1a: Garchomp|Garchomp, M|100/100
|move|p2a: Toxapex|Knock Off|p1a: Garchomp
|-damage|p1a: Garchomp|88/100
|-damage|p2a: Toxapex|79/100|[from] ability: Rough Skin|[of] p1a: Garchomp
|-enditem|p1a: Garchomp|Leftovers|[from] move: Knock Off|[of] p2a: Toxapex
|
|upkeep
|turn|3
|
|t:|1667393317
|switch|p2a: Skarmory|Skarmory, F|100/100
|move|p1a: Garchomp|Whirlpool|p2a: Skarmory
|-damage|p2a: Skarmory|93/100
|-activate|p2a: Skarmory|move: Whirlpool|[of] p1a: Garchomp
|
|-damage|p2a: Skarmory|80/100|[from] move: Whirlpool|[partiallytrapped]
|upkeep
|turn|4
|
|t:|1667393325
|switch|p2a: Clefable|Clefable, F|100/100
|move|p1a: Garchomp|Fire Fang|p2a: Clefable
|-damage|p2a: Clefable|82/100
|
|-heal|p2a: Clefable|88/100|[from] item: Leftovers
|upkeep
|turn|5
|
|t:|1667393338
|switch|p1a: Corviknight|Corviknight, M|100/100
|-ability|p1a: Corviknight|Pressure
|switch|p2a: Skarmory|Skarmory, F|80/100
|
|upkeep
|turn|6
|
|t:|1667393343
|switch|p2a: Toxapex|Toxapex, M|100/100
|move|p1a: Corviknight|U-turn|p2a: Toxapex
|-resisted|p2a: Toxapex
|-damage|p2a: Toxapex|96/100
|
|t:|1667393347
|switch|p1a: Garchomp|Garchomp, M|88/100|[from]move: U-turn
|
|upkeep
|turn|7
|
|t:|1667393352
|switch|p2a: Clefable|Clefable, F|88/100
|move|p1a: Garchomp|Fire Fang|p2a: Clefable
|-damage|p2a: Clefable|67/100
|
|-heal|p2a: Clefable|73/100|[from] item: Leftovers
|upkeep
|turn|8
|
|t:|1667393358
|move|p1a: Garchomp|Whirlpool|p2a: Clefable
|-damage|p2a: Clefable|67/100
|-activate|p2a: Clefable|move: Whirlpool|[of] p1a: Garchomp
|move|p2a: Clefable|Soft-Boiled|p2a: Clefable
|-heal|p2a: Clefable|100/100
|
|-damage|p2a: Clefable|88/100|[from] move: Whirlpool|[partiallytrapped]
|upkeep
|turn|9
|
|t:|1667393361
|move|p1a: Garchomp|Earthquake|p2a: Clefable
|-damage|p2a: Clefable|42/100
|move|p2a: Clefable|Calm Mind|p2a: Clefable
|-boost|p2a: Clefable|spa|1
|-boost|p2a: Clefable|spd|1
|
|-heal|p2a: Clefable|48/100|[from] item: Leftovers
|-damage|p2a: Clefable|36/100|[from] move: Whirlpool|[partiallytrapped]
|upkeep
|turn|10
|-message|I'm back from Mars forfeited.
|
|win|Soaring Souls
|raw|Soaring Souls's rating: 1670 &rarr; <strong>1699</strong><br />(+29 for winning)
|raw|I&apos;m back from Mars's rating: 1845 &rarr; <strong>1816</strong><br />(-29 for losing)
