|j|☆Wraks2
|j|☆Chikami
|t:|1646178399
|gametype|singles
|player|p1|Wraks2|1|1723
|player|p2|Chikami|ethan|1726
|teamsize|p1|6
|teamsize|p2|6
|gen|8
|tier|[Gen 8] OU
|rated|
|rule|Sleep Clause Mod: Limit one foe put to sleep
|rule|Species Clause: Limit one of each Pokémon
|rule|OHKO Clause: OHKO moves are banned
|rule|Evasion Moves Clause: Evasion moves are banned
|rule|Endless Battle Clause: Forcing endless battles is banned
|rule|HP Percentage Mod: HP is shown in percentages
|rule|Dynamax Clause: You cannot dynamax
|clearpoke
|poke|p1|Zapdos|
|poke|p1|Buzzwole|
|poke|p1|Heatran, F|
|poke|p1|Slowking, F|
|poke|p1|Kartana|
|poke|p1|Landorus-Therian, M|
|poke|p2|Mew|
|poke|p2|Ninetales-Alola, M|
|poke|p2|Garchomp, F|
|poke|p2|Regieleki|
|poke|p2|Kartana|
|poke|p2|Zapdos-Galar|
|teampreview
|j| RayDalio
|inactive|Battle timer is ON: inactive players will automatically lose when time's up. (requested by Wraks2)
|j| Yusuke Urameshi x
|
|t:|1646178419
|start
|switch|p1a: Kartana|Kartana|100/100
|switch|p2a: Mew|Mew|100/100
|turn|1
|
|t:|1646178426
|switch|p1a: Heatran|Heatran, F|100/100
|move|p2a: Mew|Thunder Wave|p1a: Heatran
|-status|p1a: Heatran|par
|
|upkeep
|turn|2
|
|t:|1646178436
|move|p2a: Mew|Taunt|p1a: Heatran
|-start|p1a: Heatran|move: Taunt
|move|p1a: Heatran|Magma Storm|p2a: Mew
|-damage|p2a: Mew|54/100
|-activate|p2a: Mew|move: Magma Storm|[of] p1a: Heatran
|
|-damage|p2a: Mew|41/100|[from] move: Magma Storm|[partiallytrapped]
|upkeep
|turn|3
|
|t:|1646178442
|move|p2a: Mew|Stealth Rock|p1a: Heatran
|-sidestart|p1: Wraks2|move: Stealth Rock
|move|p1a: Heatran|Magma Storm|p2a: Mew
|-damage|p2a: Mew|0 fnt
|faint|p2a: Mew
|
|upkeep
|j| LT_Alt1
|
|t:|1646178456
|switch|p2a: Garchomp|Garchomp, F|100/100
|turn|4
|
|t:|1646178470
|switch|p1a: Buzzwole|Buzzwole|100/100
|move|p2a: Garchomp|Swords Dance|p2a: Garchomp
|-boost|p2a: Garchomp|atk|2
|
|upkeep
|turn|5
|
|t:|1646178474
|move|p2a: Garchomp|Fire Fang|p1a: Buzzwole
|-supereffective|p1a: Buzzwole
|-damage|p1a: Buzzwole|46/100
|move|p1a: Buzzwole|Ice Punch|p2a: Garchomp
|-supereffective|p2a: Garchomp
|-damage|p2a: Garchomp|0 fnt
|-damage|p1a: Buzzwole|34/100|[from] ability: Rough Skin|[of] p2a: Garchomp
|faint|p2a: Garchomp
|-ability|p1a: Buzzwole|Beast Boost|boost
|-boost|p1a: Buzzwole|atk|1
|
|upkeep
|
|t:|1646178489
|switch|p2a: Zapdos|Zapdos-Galar|100/100
|turn|6
|j| BabyPigsAreLaughin
|
|t:|1646178499
|switch|p1a: Zapdos|Zapdos|100/100
|move|p2a: Zapdos|Brave Bird|p1a: Zapdos
|-resisted|p1a: Zapdos
|-damage|p1a: Zapdos|61/100
|-damage|p2a: Zapdos|87/100|[from] Recoil
|
|upkeep
|turn|7
|
|t:|1646178510
|switch|p2a: Ninetales|Ninetales-Alola, M|100/100
|-weather|Hail|[from] ability: Snow Warning|[of] p2a: Ninetales
|move|p1a: Zapdos|Roost|p1a: Zapdos
|-heal|p1a: Zapdos|100/100
|-singleturn|p1a: Zapdos|move: Roost
|
|-weather|Hail|[upkeep]
|-damage|p1a: Zapdos|94/100|[from] Hail
|upkeep
|turn|8
|
|t:|1646178518
|switch|p1a: Slowking|Slowking, F|100/100
|move|p2a: Ninetales|Freeze-Dry|p1a: Slowking
|-supereffective|p1a: Slowking
|-damage|p1a: Slowking|78/100
|
|-weather|Hail|[upkeep]
|-damage|p1a: Slowking|72/100|[from] Hail
|upkeep
|turn|9
|
|t:|1646178527
|move|p2a: Ninetales|Aurora Veil|p2a: Ninetales
|-sidestart|p2: Chikami|move: Aurora Veil
|move|p1a: Slowking|Future Sight|p2a: Ninetales
|-start|p1a: Slowking|move: Future Sight
|
|-weather|Hail|[upkeep]
|-damage|p1a: Slowking|65/100|[from] Hail
|upkeep
|turn|10
|
|t:|1646178538
|move|p2a: Ninetales|Freeze-Dry|p1a: Slowking
|-supereffective|p1a: Slowking
|-damage|p1a: Slowking|42/100
|move|p1a: Slowking|Teleport|p1a: Slowking
|
|t:|1646178544
|switch|p1a: Kartana|Kartana|100/100|[from]move: Teleport
|-damage|p1a: Kartana|94/100|[from] Stealth Rock
|
|-weather|Hail|[upkeep]
|-damage|p1a: Kartana|88/100|[from] Hail
|upkeep
|turn|11
|
|t:|1646178556
|switch|p1a: Slowking|Slowking, F|75/100
|move|p2a: Ninetales|Freeze-Dry|p1a: Slowking
|-supereffective|p1a: Slowking
|-damage|p1a: Slowking|50/100
|
|-weather|none
|-end|p2a: Ninetales|move: Future Sight
|-damage|p2a: Ninetales|80/100
|upkeep
|turn|12
|
|t:|1646178564
|switch|p2a: Kartana|Kartana|100/100
|move|p1a: Slowking|Future Sight|p2a: Kartana
|-start|p1a: Slowking|move: Future Sight
|
|upkeep
|turn|13
|
|t:|1646178577
|move|p2a: Kartana|Knock Off|p1a: Slowking
|-supereffective|p1a: Slowking
|-damage|p1a: Slowking|0 fnt
|-enditem|p1a: Slowking|Heavy-Duty Boots|[from] move: Knock Off|[of] p2a: Kartana
|faint|p1a: Slowking
|-ability|p2a: Kartana|Beast Boost|boost
|-boost|p2a: Kartana|atk|1
|-damage|p2a: Kartana|91/100|[from] item: Life Orb
|
|upkeep
|j| GT Thunder
|inactive|Wraks2 has 120 seconds left.
|
|t:|1646178613
|switch|p1a: Landorus|Landorus-Therian, M|100/100
|-damage|p1a: Landorus|88/100|[from] Stealth Rock
|-ability|p1a: Landorus|Intimidate|boost
|-unboost|p2a: Kartana|atk|1
|turn|14
|
|t:|1646178624
|move|p2a: Kartana|Leaf Blade|p1a: Landorus
|-damage|p1a: Landorus|15/100
|-damage|p2a: Kartana|81/100|[from] item: Life Orb
|move|p1a: Landorus|Earthquake|p2a: Kartana
|-damage|p2a: Kartana|56/100
|
|-end|p2a: Kartana|move: Future Sight
|-resisted|p2a: Kartana
|-damage|p2a: Kartana|24/100
|-heal|p1a: Landorus|21/100|[from] item: Leftovers
|upkeep
|turn|15
|
|t:|1646178639
|switch|p1a: Heatran|Heatran, F|100/100 par
|-damage|p1a: Heatran|88/100 par|[from] Stealth Rock
|move|p2a: Kartana|Knock Off|p1a: Heatran
|-damage|p1a: Heatran|41/100 par
|-enditem|p1a: Heatran|Leftovers|[from] move: Knock Off|[of] p2a: Kartana
|-damage|p2a: Kartana|15/100|[from] item: Life Orb
|
|upkeep
|turn|16
|
|t:|1646178661
|switch|p1a: Buzzwole|Buzzwole|34/100
|move|p2a: Kartana|Sacred Sword|p1a: Buzzwole
|-resisted|p1a: Buzzwole
|-damage|p1a: Buzzwole|19/100
|-damage|p2a: Kartana|5/100|[from] item: Life Orb
|
|-sideend|p2: Chikami|move: Aurora Veil
|upkeep
|turn|17
|
|t:|1646178668
|move|p2a: Kartana|Leaf Blade|p1a: Buzzwole
|-resisted|p1a: Buzzwole
|-damage|p1a: Buzzwole|0 fnt
|faint|p1a: Buzzwole
|-ability|p2a: Kartana|Beast Boost|boost
|-boost|p2a: Kartana|atk|1
|-damage|p2a: Kartana|0 fnt|[from] item: Life Orb
|faint|p2a: Kartana
|
|upkeep
|inactive|Wraks2 has 120 seconds left.
|inactive|Wraks2 has 90 seconds left.
|
|t:|1646178710
|switch|p2a: Zapdos|Zapdos-Galar|87/100
|switch|p1a: Zapdos|Zapdos|94/100
|turn|18
|inactive|Wraks2 has 90 seconds left.
|
|t:|1646178720
|move|p2a: Zapdos|U-turn|p1a: Zapdos
|-resisted|p1a: Zapdos
|-damage|p1a: Zapdos|79/100
|-status|p2a: Zapdos|par|[from] ability: Static|[of] p1a: Zapdos
|
|t:|1646178724
|switch|p2a: Ninetales|Ninetales-Alola, M|80/100|[from]move: U-turn
|-weather|Hail|[from] ability: Snow Warning|[of] p2a: Ninetales
|move|p1a: Zapdos|Defog|p2a: Ninetales
|-unboost|p2a: Ninetales|evasion|1
|-sideend|p1: Wraks2|Stealth Rock|[from] move: Defog|[of] p1a: Zapdos
|
|-weather|Hail|[upkeep]
|-damage|p1a: Zapdos|73/100|[from] Hail
|upkeep
|turn|19
|
|t:|1646178735
|switch|p1a: Heatran|Heatran, F|41/100 par
|move|p2a: Ninetales|Freeze-Dry|p1a: Heatran
|-resisted|p1a: Heatran
|-damage|p1a: Heatran|38/100 par
|
|-weather|Hail|[upkeep]
|-damage|p1a: Heatran|32/100 par|[from] Hail
|upkeep
|turn|20
|
|t:|1646178742
|move|p2a: Ninetales|Aurora Veil|p2a: Ninetales
|-sidestart|p2: Chikami|move: Aurora Veil
|move|p1a: Heatran|Magma Storm|p2a: Ninetales
|-supereffective|p2a: Ninetales
|-damage|p2a: Ninetales|37/100
|-activate|p2a: Ninetales|move: Magma Storm|[of] p1a: Heatran
|
|-weather|Hail|[upkeep]
|-damage|p1a: Heatran|26/100 par|[from] Hail
|-damage|p2a: Ninetales|24/100|[from] move: Magma Storm|[partiallytrapped]
|upkeep
|turn|21
|
|t:|1646178749
|move|p2a: Ninetales|Freeze-Dry|p1a: Heatran
|-resisted|p1a: Heatran
|-damage|p1a: Heatran|23/100 par
|cant|p1a: Heatran|par
|
|-weather|Hail|[upkeep]
|-damage|p1a: Heatran|17/100 par|[from] Hail
|-damage|p2a: Ninetales|12/100|[from] move: Magma Storm|[partiallytrapped]
|upkeep
|turn|22
|
|t:|1646178753
|move|p2a: Ninetales|Freeze-Dry|p1a: Heatran
|-resisted|p1a: Heatran
|-damage|p1a: Heatran|14/100 par
|move|p1a: Heatran|Earth Power|p2a: Ninetales
|-damage|p2a: Ninetales|0 fnt
|faint|p2a: Ninetales
|
|-weather|none
|upkeep
|
|t:|1646178765
|switch|p2a: Regieleki|Regieleki|100/100
|turn|23
|
|t:|1646178770
|move|p2a: Regieleki|Rapid Spin|p1a: Heatran
|-resisted|p1a: Heatran
|-damage|p1a: Heatran|9/100 par
|-boost|p2a: Regieleki|spe|1
|move|p1a: Heatran|Earth Power|p2a: Regieleki
|-supereffective|p2a: Regieleki
|-damage|p2a: Regieleki|41/100
|
|upkeep
|turn|24
|
|t:|1646178774
|move|p2a: Regieleki|Thunderbolt|p1a: Heatran
|-damage|p1a: Heatran|0 fnt
|faint|p1a: Heatran
|
|upkeep
|inactive|Wraks2 has 120 seconds left.
|
|t:|1646178831
|switch|p1a: Landorus|Landorus-Therian, M|21/100
|-ability|p1a: Landorus|Intimidate|boost
|-unboost|p2a: Regieleki|atk|1
|turn|25
|
|t:|1646178838
|switch|p2a: Zapdos|Zapdos-Galar|87/100 par
|move|p1a: Landorus|Earthquake|p2a: Zapdos
|-immune|p2a: Zapdos
|
|-heal|p1a: Landorus|27/100|[from] item: Leftovers
|upkeep
|turn|26
|
|t:|1646178842
|switch|p1a: Zapdos|Zapdos|73/100
|move|p2a: Zapdos|Thunderous Kick|p1a: Zapdos
|-resisted|p1a: Zapdos
|-damage|p1a: Zapdos|45/100
|-unboost|p1a: Zapdos|def|1
|
|upkeep
|turn|27
|j| Nesnot
|
|t:|1646178857
|move|p1a: Zapdos|Volt Switch|p2a: Zapdos
|-supereffective|p2a: Zapdos
|-damage|p2a: Zapdos|43/100 par
|
|t:|1646178861
|switch|p1a: Kartana|Kartana|88/100|[from]move: Volt Switch
|cant|p2a: Zapdos|par
|
|-sideend|p2: Chikami|move: Aurora Veil
|upkeep
|turn|28
|
|t:|1646178868
|move|p1a: Kartana|Smart Strike|p2a: Zapdos
|-crit|p2a: Zapdos
|-damage|p2a: Zapdos|0 fnt
|faint|p2a: Zapdos
|-ability|p1a: Kartana|Beast Boost|boost
|-boost|p1a: Kartana|atk|1
|
|upkeep
|l| Yusuke Urameshi x
|
|t:|1646178870
|switch|p2a: Regieleki|Regieleki|41/100
|turn|29
|
|t:|1646178873
|move|p2a: Regieleki|Thunderbolt|p1a: Kartana
|-resisted|p1a: Kartana
|-damage|p1a: Kartana|0 fnt
|faint|p1a: Kartana
|
|upkeep
|
|t:|1646178878
|switch|p1a: Landorus|Landorus-Therian, M|27/100
|-ability|p1a: Landorus|Intimidate|boost
|-unboost|p2a: Regieleki|atk|1
|turn|30
|
|t:|1646178882
|move|p2a: Regieleki|Rapid Spin|p1a: Landorus
|-damage|p1a: Landorus|19/100
|-boost|p2a: Regieleki|spe|1
|move|p1a: Landorus|Earthquake|p2a: Regieleki
|-supereffective|p2a: Regieleki
|-damage|p2a: Regieleki|0 fnt
|faint|p2a: Regieleki
|
|win|Wraks2
|raw|Wraks2's rating: 1723 &rarr; <strong>1743</strong><br />(+20 for winning)
|raw|Chikami's rating: 1726 &rarr; <strong>1706</strong><br />(-20 for losing)
|l|☆Chikami
|c|☆Wraks2|gg
