|j|☆LECH24
|j|☆alien ass farm
|t:|1654882077
|gametype|singles
|player|p1|LECH24|266|1609
|player|p2|alien ass farm|petrel|1599
|teamsize|p1|6
|teamsize|p2|6
|gen|8
|tier|[Gen 8] OU
|rated|
|rule|Sleep Clause Mod: Limit one foe put to sleep
|rule|Species Clause: Limit one of each Pokémon
|rule|OHKO Clause: OHKO moves are banned
|rule|Evasion Moves Clause: Evasion moves are banned
|rule|Endless Battle Clause: Forcing endless battles is banned
|rule|HP Percentage Mod: HP is shown in percentages
|rule|Dynamax Clause: You cannot dynamax
|clearpoke
|poke|p1|Kartana|
|poke|p1|Latios, M|
|poke|p1|Blacephalon|
|poke|p1|Corviknight, M|
|poke|p1|Blissey, F|
|poke|p1|Zeraora|
|poke|p2|Ninetales-Alola, F|
|poke|p2|Arctozolt|
|poke|p2|Kommo-o, M|
|poke|p2|Mandibuzz, F|
|poke|p2|Urshifu-*, F|
|poke|p2|Landorus-Therian, M|
|teampreview
|
|t:|1654882104
|start
|switch|p1a: Blacephalon|Blacephalon|100/100
|switch|p2a: my albino friend|Ninetales-Alola, F|100/100
|-weather|Hail|[from] ability: Snow Warning|[of] p2a: my albino friend
|turn|1
|j| Karkl
|
|t:|1654882117
|switch|p2a: Mother Grizzly|Urshifu-Rapid-Strike, F|100/100
|move|p1a: Blacephalon|Overheat|p2a: Mother Grizzly
|-resisted|p2a: Mother Grizzly
|-damage|p2a: Mother Grizzly|13/100
|-unboost|p1a: Blacephalon|spa|2
|
|-weather|Hail|[upkeep]
|-damage|p1a: Blacephalon|94/100|[from] Hail
|-damage|p2a: Mother Grizzly|7/100|[from] Hail
|upkeep
|turn|2
|
|t:|1654882130
|move|p1a: Blacephalon|Overheat|p2a: Mother Grizzly|[miss]
|-miss|p1a: Blacephalon|p2a: Mother Grizzly
|move|p2a: Mother Grizzly|U-turn|p1a: Blacephalon
|-resisted|p1a: Blacephalon
|-damage|p1a: Blacephalon|73/100
|j| CoronaVarus EUW
|
|t:|1654882138
|switch|p2a: Kommowo|Kommo-o, M|100/100|[from]move: U-turn
|
|-weather|Hail|[upkeep]
|-damage|p1a: Blacephalon|67/100|[from] Hail
|upkeep
|turn|3
|c|☆LECH24|Truly hate this game
|
|t:|1654882155
|switch|p1a: Latios|Latios, M|100/100
|move|p2a: Kommowo|Clangorous Soul|p2a: Kommowo
|-boost|p2a: Kommowo|atk|1
|-boost|p2a: Kommowo|def|1
|-boost|p2a: Kommowo|spa|1
|-boost|p2a: Kommowo|spd|1
|-boost|p2a: Kommowo|spe|1
|-damage|p2a: Kommowo|68/100
|-enditem|p2a: Kommowo|Throat Spray
|-boost|p2a: Kommowo|spa|1|[from] item: Throat Spray
|
|-weather|Hail|[upkeep]
|-damage|p1a: Latios|95/100|[from] Hail
|upkeep
|turn|4
|
|t:|1654882171
|move|p1a: Latios|Trick|p2a: Kommowo
|-activate|p1a: Latios|move: Trick|[of] p2a: Kommowo
|-item|p2a: Kommowo|Choice Scarf|[from] move: Trick
|-enditem|p1a: Latios|Choice Scarf|[silent]|[from] move: Trick
|move|p2a: Kommowo|Clanging Scales|p1a: Latios
|-supereffective|p1a: Latios
|-damage|p1a: Latios|0 fnt
|faint|p1a: Latios
|-unboost|p2a: Kommowo|def|1
|
|-weather|Hail|[upkeep]
|upkeep
|
|t:|1654882174
|switch|p1a: Blissey|Blissey, F|100/100
|turn|5
|
|t:|1654882181
|move|p2a: Kommowo|Clanging Scales|p1a: Blissey
|-damage|p1a: Blissey|64/100
|-unboost|p2a: Kommowo|def|1
|move|p1a: Blissey|Seismic Toss|p2a: Kommowo
|-damage|p2a: Kommowo|33/100
|
|-weather|Hail|[upkeep]
|-damage|p1a: Blissey|58/100|[from] Hail
|upkeep
|turn|6
|
|t:|1654882193
|switch|p2a: hail satan|Arctozolt|100/100
|move|p1a: Blissey|Soft-Boiled|p1a: Blissey
|-heal|p1a: Blissey|100/100
|
|-weather|Hail|[upkeep]
|-damage|p1a: Blissey|94/100|[from] Hail
|upkeep
|turn|7
|
|t:|1654882205
|move|p2a: hail satan|Stomping Tantrum|p1a: Blissey
|-damage|p1a: Blissey|69/100
|-damage|p2a: hail satan|91/100|[from] item: Life Orb
|move|p1a: Blissey|Stealth Rock|p2a: hail satan
|-sidestart|p2: alien ass farm|move: Stealth Rock
|
|-weather|Hail|[upkeep]
|-damage|p1a: Blissey|63/100|[from] Hail
|upkeep
|turn|8
|
|t:|1654882213
|switch|p1a: Zeraora|Zeraora|100/100
|move|p2a: hail satan|Stomping Tantrum|p1a: Zeraora
|-supereffective|p1a: Zeraora
|-damage|p1a: Zeraora|18/100
|-damage|p2a: hail satan|81/100|[from] item: Life Orb
|
|-weather|none
|upkeep
|turn|9
|
|t:|1654882222
|switch|p2a: kitten mittons|Landorus-Therian, M|100/100
|-damage|p2a: kitten mittons|88/100|[from] Stealth Rock
|-ability|p2a: kitten mittons|Intimidate|boost
|-unboost|p1a: Zeraora|atk|1
|move|p1a: Zeraora|Knock Off|p2a: kitten mittons
|-damage|p2a: kitten mittons|66/100
|-enditem|p2a: kitten mittons|Choice Scarf|[from] move: Knock Off|[of] p1a: Zeraora
|
|upkeep
|turn|10
|
|t:|1654882231
|switch|p1a: Blacephalon|Blacephalon|67/100
|move|p2a: kitten mittons|U-turn|p1a: Blacephalon
|-resisted|p1a: Blacephalon
|-damage|p1a: Blacephalon|52/100
|
|t:|1654882239
|switch|p2a: Vulture Culture|Mandibuzz, F|100/100|[from]move: U-turn
|
|upkeep
|turn|11
|
|t:|1654882247
|switch|p1a: Corviknight|Corviknight, M|100/100
|-ability|p1a: Corviknight|Pressure
|move|p2a: Vulture Culture|Defog|p1a: Corviknight
|-unboost|p1a: Corviknight|evasion|1
|-sideend|p2: alien ass farm|Stealth Rock|[from] move: Defog|[of] p2a: Vulture Culture
|
|upkeep
|turn|12
|
|t:|1654882255
|switch|p2a: my albino friend|Ninetales-Alola, F|100/100
|-weather|Hail|[from] ability: Snow Warning|[of] p2a: my albino friend
|move|p1a: Corviknight|U-turn|p2a: my albino friend
|-resisted|p2a: my albino friend
|-damage|p2a: my albino friend|89/100
|
|t:|1654882258
|switch|p1a: Blacephalon|Blacephalon|52/100|[from]move: U-turn
|
|-weather|Hail|[upkeep]
|-damage|p1a: Blacephalon|46/100|[from] Hail
|upkeep
|turn|13
|
|t:|1654882275
|switch|p2a: kitten mittons|Landorus-Therian, M|66/100
|-ability|p2a: kitten mittons|Intimidate|boost
|-unboost|p1a: Blacephalon|atk|1
|move|p1a: Blacephalon|Flamethrower|p2a: kitten mittons
|-damage|p2a: kitten mittons|0 fnt
|faint|p2a: kitten mittons
|-ability|p1a: Blacephalon|Beast Boost|boost
|-boost|p1a: Blacephalon|spa|1
|
|-weather|Hail|[upkeep]
|-damage|p1a: Blacephalon|40/100|[from] Hail
|upkeep
|inactive|Battle timer is ON: inactive players will automatically lose when time's up. (requested by LECH24)
|
|t:|1654882338
|switch|p2a: hail satan|Arctozolt|81/100
|turn|14
|
|t:|1654882352
|switch|p1a: Corviknight|Corviknight, M|100/100
|-ability|p1a: Corviknight|Pressure
|move|p2a: hail satan|Bolt Beak|p1a: Corviknight
|-supereffective|p1a: Corviknight
|-damage|p1a: Corviknight|0 fnt
|faint|p1a: Corviknight
|-damage|p2a: hail satan|71/100|[from] item: Life Orb
|
|-weather|Hail|[upkeep]
|upkeep
|
|t:|1654882359
|switch|p1a: Kartana|Kartana|100/100
|turn|15
|
|t:|1654882369
|move|p2a: hail satan|Blizzard|p1a: Kartana
|-damage|p1a: Kartana|0 fnt
|faint|p1a: Kartana
|-damage|p2a: hail satan|61/100|[from] item: Life Orb
|
|-weather|Hail|[upkeep]
|upkeep
|
|t:|1654882372
|switch|p1a: Blacephalon|Blacephalon|40/100
|turn|16
|-message|LECH24 forfeited.
|
|win|alien ass farm
|raw|LECH24's rating: 1609 &rarr; <strong>1588</strong><br />(-21 for losing)
|raw|alien ass farm's rating: 1599 &rarr; <strong>1620</strong><br />(+21 for winning)
|l|☆LECH24
|l| Karkl
||Ladder isn't responding, score probably updated but might not have (Request timeout).
