|raw|<div class="broadcast-blue"><strong>This battle is required to be public due to a player having a name starting with 'lt84jm'.</div>
|j|☆LT84JM Yves.
|j|☆kazt 5
|t:|1627421673
|gametype|singles
|player|p1|LT84JM Yves.|steven-gen3|1636
|player|p2|kazt 5|dawn|1677
|teamsize|p1|6
|teamsize|p2|6
|gen|8
|tier|[Gen 8] OU
|rated|
|rule|Sleep Clause Mod: Limit one foe put to sleep
|rule|Species Clause: Limit one of each Pokémon
|rule|OHKO Clause: OHKO moves are banned
|rule|Evasion Moves Clause: Evasion moves are banned
|rule|Endless Battle Clause: Forcing endless battles is banned
|rule|HP Percentage Mod: HP is shown in percentages
|rule|Dynamax Clause: You cannot dynamax
|clearpoke
|poke|p1|Slowking-Galar, F|
|poke|p1|Weavile, F|
|poke|p1|Magnezone|
|poke|p1|Garchomp, M|
|poke|p1|Corviknight, M|
|poke|p1|Urshifu-*, M|
|poke|p2|Weavile, F|
|poke|p2|Landorus-Therian, M|
|poke|p2|Tapu Koko|
|poke|p2|Skarmory, M|
|poke|p2|Toxapex, F|
|poke|p2|Heatran, F|
|teampreview
|inactive|Battle timer is ON: inactive players will automatically lose when time's up. (requested by kazt 5)
|
|t:|1627421703
|start
|switch|p1a: Urshifu|Urshifu-Rapid-Strike, M|100/100
|switch|p2a: Tapu Koko|Tapu Koko|100/100
|-fieldstart|move: Electric Terrain|[from] ability: Electric Surge|[of] p2a: Tapu Koko
|turn|1
|
|t:|1627421716
|switch|p1a: Slowking|Slowking-Galar, F, shiny|100/100
|move|p2a: Tapu Koko|U-turn|p1a: Slowking
|-damage|p1a: Slowking|82/100
|
|t:|1627421718
|switch|p2a: Heatran|Heatran, F|100/100|[from]move: U-turn
|
|upkeep
|turn|2
|
|t:|1627421726
|switch|p1a: Garchomp|Garchomp, M, shiny|100/100
|move|p2a: Heatran|Magma Storm|p1a: Garchomp
|-resisted|p1a: Garchomp
|-crit|p1a: Garchomp
|-damage|p1a: Garchomp|71/100
|-activate|p1a: Garchomp|move: Magma Storm|[of] p2a: Heatran
|
|-heal|p1a: Garchomp|77/100|[from] item: Leftovers
|-damage|p1a: Garchomp|65/100|[from] move: Magma Storm|[partiallytrapped]
|upkeep
|turn|3
|
|t:|1627421733
|switch|p2a: Landorus|Landorus-Therian, M|100/100
|-ability|p2a: Landorus|Intimidate|boost
|-unboost|p1a: Garchomp|atk|1
|move|p1a: Garchomp|Stealth Rock|p2a: Landorus
|-sidestart|p2: kazt 5|move: Stealth Rock
|
|-heal|p1a: Garchomp|71/100|[from] item: Leftovers
|-end|p1a: Garchomp|Magma Storm|[partiallytrapped]|[silent]
|upkeep
|turn|4
|
|t:|1627421745
|switch|p1a: Corviknight|Corviknight, M, shiny|100/100
|-ability|p1a: Corviknight|Pressure
|move|p2a: Landorus|Knock Off|p1a: Corviknight
|-damage|p1a: Corviknight|82/100
|-damage|p2a: Landorus|84/100|[from] item: Rocky Helmet|[of] p1a: Corviknight
|-enditem|p1a: Corviknight|Rocky Helmet|[from] move: Knock Off|[of] p2a: Landorus
|
|-heal|p2a: Landorus|90/100|[from] item: Leftovers
|upkeep
|turn|5
|j| HomelessEmporer
|
|t:|1627421753
|move|p2a: Landorus|Stealth Rock|p1a: Corviknight
|-sidestart|p1: LT84JM Yves.|move: Stealth Rock
|move|p1a: Corviknight|U-turn|p2a: Landorus
|-resisted|p2a: Landorus
|-damage|p2a: Landorus|85/100
|
|t:|1627421757
|switch|p1a: Urshifu|Urshifu-Rapid-Strike, M|100/100|[from]move: U-turn
|-damage|p1a: Urshifu|94/100|[from] Stealth Rock
|
|-heal|p2a: Landorus|91/100|[from] item: Leftovers
|-fieldend|move: Electric Terrain
|upkeep
|turn|6
|
|t:|1627421762
|switch|p2a: Toxapex|Toxapex, F|100/100
|-damage|p2a: Toxapex|88/100|[from] Stealth Rock
|move|p1a: Urshifu|U-turn|p2a: Toxapex
|-resisted|p2a: Toxapex
|-damage|p2a: Toxapex|73/100
|
|t:|1627421775
|switch|p1a: Slowking|Slowking-Galar, F, shiny|100/100|[from]move: U-turn
|-damage|p1a: Slowking|88/100|[from] Stealth Rock
|
|-heal|p2a: Toxapex|79/100|[from] item: Black Sludge
|upkeep
|turn|7
|
|t:|1627421778
|move|p2a: Toxapex|Knock Off|p1a: Slowking
|-supereffective|p1a: Slowking
|-damage|p1a: Slowking|55/100
|-enditem|p1a: Slowking|Assault Vest|[from] move: Knock Off|[of] p2a: Toxapex
|move|p1a: Slowking|Future Sight|p2a: Toxapex
|-start|p1a: Slowking|move: Future Sight
|
|-heal|p2a: Toxapex|86/100|[from] item: Black Sludge
|upkeep
|turn|8
|
|t:|1627421794
|switch|p2a: Tapu Koko|Tapu Koko|100/100
|-fieldstart|move: Electric Terrain|[from] ability: Electric Surge|[of] p2a: Tapu Koko
|switch|p1a: Urshifu|Urshifu-Rapid-Strike, M|94/100
|-damage|p1a: Urshifu|88/100|[from] Stealth Rock
|
|upkeep
|turn|9
|
|t:|1627421803
|switch|p1a: Slowking|Slowking-Galar, F, shiny|88/100
|-damage|p1a: Slowking|76/100|[from] Stealth Rock
|move|p2a: Tapu Koko|Thunderbolt|p1a: Slowking
|-damage|p1a: Slowking|37/100
|
|-end|p2a: Tapu Koko|move: Future Sight
|-damage|p2a: Tapu Koko|12/100
|upkeep
|turn|10
|l| HomelessEmporer
|
|t:|1627421824
|move|p2a: Tapu Koko|Thunderbolt|p1a: Slowking
|-damage|p1a: Slowking|0 fnt
|faint|p1a: Slowking
|
|upkeep
|
|t:|1627421830
|switch|p1a: Magnezone|Magnezone|100/100
|-damage|p1a: Magnezone|94/100|[from] Stealth Rock
|turn|11
|
|t:|1627421842
|move|p2a: Tapu Koko|U-turn|p1a: Magnezone
|-resisted|p1a: Magnezone
|-damage|p1a: Magnezone|87/100
|
|t:|1627421844
|switch|p2a: Heatran|Heatran, F|100/100|[from]move: U-turn
|-damage|p2a: Heatran|88/100|[from] Stealth Rock
|move|p1a: Magnezone|Body Press|p2a: Heatran
|-supereffective|p2a: Heatran
|-damage|p2a: Heatran|40/100
|
|-heal|p2a: Heatran|47/100|[from] item: Leftovers
|upkeep
|turn|12
|
|t:|1627421854
|switch|p1a: Garchomp|Garchomp, M, shiny|71/100
|-damage|p1a: Garchomp|65/100|[from] Stealth Rock
|move|p2a: Heatran|Earth Power|p1a: Garchomp
|-damage|p1a: Garchomp|40/100
|-unboost|p1a: Garchomp|spd|1
|
|-heal|p1a: Garchomp|46/100|[from] item: Leftovers
|-heal|p2a: Heatran|53/100|[from] item: Leftovers
|-fieldend|move: Electric Terrain
|upkeep
|turn|13
|
|t:|1627421864
|switch|p2a: Skarmory|Skarmory, M|100/100
|-damage|p2a: Skarmory|88/100|[from] Stealth Rock
|move|p1a: Garchomp|Earthquake|p2a: Skarmory
|-immune|p2a: Skarmory
|
|-heal|p1a: Garchomp|53/100|[from] item: Leftovers
|upkeep
|turn|14
|
|t:|1627421871
|switch|p2a: Landorus|Landorus-Therian, M|91/100
|-damage|p2a: Landorus|79/100|[from] Stealth Rock
|-ability|p2a: Landorus|Intimidate|boost
|-unboost|p1a: Garchomp|atk|1
|move|p1a: Garchomp|Toxic|p2a: Landorus
|-status|p2a: Landorus|tox
|
|-heal|p1a: Garchomp|59/100|[from] item: Leftovers
|-heal|p2a: Landorus|85/100 tox|[from] item: Leftovers
|-damage|p2a: Landorus|79/100 tox|[from] psn
|upkeep
|turn|15
|
|t:|1627421901
|move|p1a: Garchomp|Protect|p1a: Garchomp
|-singleturn|p1a: Garchomp|Protect
|move|p2a: Landorus|U-turn|p1a: Garchomp
|-activate|p1a: Garchomp|move: Protect
|
|-heal|p1a: Garchomp|65/100|[from] item: Leftovers
|-heal|p2a: Landorus|85/100 tox|[from] item: Leftovers
|-damage|p2a: Landorus|73/100 tox|[from] psn
|upkeep
|turn|16
|inactive|LT84JM Yves. has 120 seconds left.
|
|t:|1627421916
|move|p1a: Garchomp|Protect|p1a: Garchomp
|-singleturn|p1a: Garchomp|Protect
|move|p2a: Landorus|Earthquake|p1a: Garchomp
|-activate|p1a: Garchomp|move: Protect
|
|-heal|p1a: Garchomp|71/100|[from] item: Leftovers
|-heal|p2a: Landorus|79/100 tox|[from] item: Leftovers
|-damage|p2a: Landorus|61/100 tox|[from] psn
|upkeep
|turn|17
|inactive|LT84JM Yves. has 120 seconds left.
|
|t:|1627421930
|switch|p1a: Urshifu|Urshifu-Rapid-Strike, M|88/100
|-damage|p1a: Urshifu|82/100|[from] Stealth Rock
|move|p2a: Landorus|U-turn|p1a: Urshifu
|-resisted|p1a: Urshifu
|-damage|p1a: Urshifu|71/100
|
|t:|1627421934
|switch|p2a: Tapu Koko|Tapu Koko|12/100|[from]move: U-turn
|-fieldstart|move: Electric Terrain|[from] ability: Electric Surge|[of] p2a: Tapu Koko
|
|upkeep
|turn|18
|inactive|LT84JM Yves. has 120 seconds left.
|
|t:|1627421951
|switch|p2a: Skarmory|Skarmory, M|88/100
|-damage|p2a: Skarmory|76/100|[from] Stealth Rock
|move|p1a: Urshifu|Aqua Jet|p2a: Skarmory
|-damage|p2a: Skarmory|59/100
|-damage|p1a: Urshifu|54/100|[from] item: Rocky Helmet|[of] p2a: Skarmory
|
|upkeep
|turn|19
|
|t:|1627421961
|switch|p1a: Magnezone|Magnezone|87/100
|-damage|p1a: Magnezone|81/100|[from] Stealth Rock
|switch|p2a: Toxapex|Toxapex, F|100/100
|-damage|p2a: Toxapex|88/100|[from] Stealth Rock
|
|-heal|p2a: Toxapex|94/100|[from] item: Black Sludge
|upkeep
|turn|20
|inactive|LT84JM Yves. has 120 seconds left.
|
|t:|1627421979
|switch|p2a: Landorus|Landorus-Therian, M|61/100 tox
|-damage|p2a: Landorus|49/100 tox|[from] Stealth Rock
|-ability|p2a: Landorus|Intimidate|boost
|-unboost|p1a: Magnezone|atk|1
|move|p1a: Magnezone|Thunderbolt|p2a: Landorus
|-immune|p2a: Landorus
|
|-heal|p2a: Landorus|55/100 tox|[from] item: Leftovers
|-damage|p2a: Landorus|49/100 tox|[from] psn
|upkeep
|turn|21
|
|t:|1627421984
|switch|p1a: Corviknight|Corviknight, M, shiny|82/100
|-damage|p1a: Corviknight|69/100|[from] Stealth Rock
|-ability|p1a: Corviknight|Pressure
|move|p2a: Landorus|Earthquake|p1a: Corviknight
|-immune|p1a: Corviknight
|
|-heal|p2a: Landorus|55/100 tox|[from] item: Leftovers
|-damage|p2a: Landorus|43/100 tox|[from] psn
|-fieldend|move: Electric Terrain
|upkeep
|turn|22
|
|t:|1627421991
|move|p2a: Landorus|U-turn|p1a: Corviknight
|-resisted|p1a: Corviknight
|-damage|p1a: Corviknight|66/100
|
|t:|1627421993
|switch|p2a: Heatran|Heatran, F|53/100|[from]move: U-turn
|-damage|p2a: Heatran|40/100|[from] Stealth Rock
|move|p1a: Corviknight|U-turn|p2a: Heatran
|-resisted|p2a: Heatran
|-damage|p2a: Heatran|37/100
|
|t:|1627422000
|switch|p1a: Urshifu|Urshifu-Rapid-Strike, M|54/100|[from]move: U-turn
|-damage|p1a: Urshifu|48/100|[from] Stealth Rock
|
|-heal|p2a: Heatran|44/100|[from] item: Leftovers
|upkeep
|turn|23
|
|t:|1627422008
|switch|p2a: Landorus|Landorus-Therian, M|43/100 tox
|-damage|p2a: Landorus|30/100 tox|[from] Stealth Rock
|-ability|p2a: Landorus|Intimidate|boost
|-unboost|p1a: Urshifu|atk|1
|move|p1a: Urshifu|Close Combat|p2a: Landorus
|-resisted|p2a: Landorus
|-damage|p2a: Landorus|9/100 tox
|-unboost|p1a: Urshifu|def|1
|-unboost|p1a: Urshifu|spd|1
|
|-heal|p2a: Landorus|15/100 tox|[from] item: Leftovers
|-damage|p2a: Landorus|9/100 tox|[from] psn
|upkeep
|turn|24
|
|t:|1627422026
|switch|p1a: Garchomp|Garchomp, M, shiny|71/100
|-damage|p1a: Garchomp|65/100|[from] Stealth Rock
|move|p2a: Landorus|U-turn|p1a: Garchomp
|-damage|p1a: Garchomp|49/100
|-damage|p2a: Landorus|0 fnt|[from] ability: Rough Skin|[of] p1a: Garchomp
|faint|p2a: Landorus
|
|-heal|p1a: Garchomp|55/100|[from] item: Leftovers
|upkeep
|
|t:|1627422029
|switch|p2a: Tapu Koko|Tapu Koko|12/100
|-fieldstart|move: Electric Terrain|[from] ability: Electric Surge|[of] p2a: Tapu Koko
|turn|25
|
|t:|1627422052
|move|p2a: Tapu Koko|Dazzling Gleam|p1a: Garchomp
|-supereffective|p1a: Garchomp
|-damage|p1a: Garchomp|0 fnt
|faint|p1a: Garchomp
|
|upkeep
|
|t:|1627422059
|switch|p1a: Weavile|Weavile, F|100/100
|-ability|p1a: Weavile|Pressure
|turn|26
|
|t:|1627422073
|switch|p2a: Toxapex|Toxapex, F|100/100
|-damage|p2a: Toxapex|88/100|[from] Stealth Rock
|move|p1a: Weavile|Ice Shard|p2a: Toxapex
|-resisted|p2a: Toxapex
|-damage|p2a: Toxapex|80/100
|
|-heal|p2a: Toxapex|86/100|[from] item: Black Sludge
|upkeep
|turn|27
|
|t:|1627422083
|switch|p1a: Corviknight|Corviknight, M, shiny|66/100
|-damage|p1a: Corviknight|54/100|[from] Stealth Rock
|-ability|p1a: Corviknight|Pressure
|move|p2a: Toxapex|Liquidation|p1a: Corviknight
|-damage|p1a: Corviknight|41/100
|
|-heal|p2a: Toxapex|93/100|[from] item: Black Sludge
|upkeep
|turn|28
|
|t:|1627422088
|switch|p2a: Tapu Koko|Tapu Koko|12/100
|move|p1a: Corviknight|Roost|p1a: Corviknight
|-heal|p1a: Corviknight|91/100
|-singleturn|p1a: Corviknight|move: Roost
|
|upkeep
|turn|29
|
|t:|1627422094
|move|p2a: Tapu Koko|Roost|p2a: Tapu Koko
|-heal|p2a: Tapu Koko|62/100
|-singleturn|p2a: Tapu Koko|move: Roost
|move|p1a: Corviknight|Brave Bird|p2a: Tapu Koko
|-resisted|p2a: Tapu Koko
|-damage|p2a: Tapu Koko|38/100
|-damage|p1a: Corviknight|86/100|[from] Recoil
|
|-fieldend|move: Electric Terrain
|upkeep
|turn|30
|
|t:|1627422097
|move|p2a: Tapu Koko|Roost|p2a: Tapu Koko
|-heal|p2a: Tapu Koko|88/100
|-singleturn|p2a: Tapu Koko|move: Roost
|move|p1a: Corviknight|U-turn|p2a: Tapu Koko
|-resisted|p2a: Tapu Koko
|-damage|p2a: Tapu Koko|79/100
|
|t:|1627422104
|switch|p1a: Magnezone|Magnezone|81/100|[from]move: U-turn
|-damage|p1a: Magnezone|75/100|[from] Stealth Rock
|
|upkeep
|turn|31
|
|t:|1627422112
|move|p2a: Tapu Koko|U-turn|p1a: Magnezone
|-resisted|p1a: Magnezone
|-damage|p1a: Magnezone|68/100
|
|t:|1627422118
|switch|p2a: Toxapex|Toxapex, F|100/100|[from]move: U-turn
|-damage|p2a: Toxapex|88/100|[from] Stealth Rock
|move|p1a: Magnezone|Thunderbolt|p2a: Toxapex
|-supereffective|p2a: Toxapex
|-damage|p2a: Toxapex|32/100
|
|-heal|p2a: Toxapex|38/100|[from] item: Black Sludge
|upkeep
|turn|32
|
|t:|1627422135
|move|p1a: Magnezone|Body Press|p2a: Toxapex
|-resisted|p2a: Toxapex
|-damage|p2a: Toxapex|27/100
|move|p2a: Toxapex|Knock Off|p1a: Magnezone
|-damage|p1a: Magnezone|56/100
|-enditem|p1a: Magnezone|Chople Berry|[from] move: Knock Off|[of] p2a: Toxapex
|
|-heal|p2a: Toxapex|33/100|[from] item: Black Sludge
|upkeep
|turn|33
|
|t:|1627422143
|move|p1a: Magnezone|Body Press|p2a: Toxapex
|-resisted|p2a: Toxapex
|-damage|p2a: Toxapex|22/100
|move|p2a: Toxapex|Recover|p2a: Toxapex
|-heal|p2a: Toxapex|72/100
|
|-heal|p2a: Toxapex|78/100|[from] item: Black Sludge
|upkeep
|turn|34
|
|t:|1627422147
|move|p1a: Magnezone|Thunderbolt|p2a: Toxapex
|-supereffective|p2a: Toxapex
|-damage|p2a: Toxapex|25/100
|move|p2a: Toxapex|Recover|p2a: Toxapex
|-heal|p2a: Toxapex|75/100
|
|-heal|p2a: Toxapex|81/100|[from] item: Black Sludge
|upkeep
|turn|35
|
|t:|1627422151
|move|p1a: Magnezone|Thunderbolt|p2a: Toxapex
|-supereffective|p2a: Toxapex
|-damage|p2a: Toxapex|25/100
|move|p2a: Toxapex|Recover|p2a: Toxapex
|-heal|p2a: Toxapex|75/100
|
|-heal|p2a: Toxapex|81/100|[from] item: Black Sludge
|upkeep
|turn|36
|
|t:|1627422156
|move|p1a: Magnezone|Thunderbolt|p2a: Toxapex
|-supereffective|p2a: Toxapex
|-damage|p2a: Toxapex|24/100
|-status|p2a: Toxapex|par
|move|p2a: Toxapex|Liquidation|p1a: Magnezone
|-damage|p1a: Magnezone|40/100
|
|-heal|p2a: Toxapex|30/100 par|[from] item: Black Sludge
|upkeep
|turn|37
|
|t:|1627422166
|move|p1a: Magnezone|Thunderbolt|p2a: Toxapex
|-supereffective|p2a: Toxapex
|-damage|p2a: Toxapex|0 fnt
|faint|p2a: Toxapex
|
|upkeep
|
|t:|1627422169
|switch|p2a: Heatran|Heatran, F|44/100
|-damage|p2a: Heatran|31/100|[from] Stealth Rock
|turn|38
|j| fdsadsadfsaaa
|
|t:|1627422176
|switch|p1a: Corviknight|Corviknight, M, shiny|86/100
|-damage|p1a: Corviknight|73/100|[from] Stealth Rock
|-ability|p1a: Corviknight|Pressure
|move|p2a: Heatran|Earth Power|p1a: Corviknight
|-immune|p1a: Corviknight
|
|-heal|p2a: Heatran|37/100|[from] item: Leftovers
|upkeep
|turn|39
|
|t:|1627422183
|move|p2a: Heatran|Magma Storm|p1a: Corviknight|[miss]
|-miss|p2a: Heatran|p1a: Corviknight
|move|p1a: Corviknight|U-turn|p2a: Heatran
|-resisted|p2a: Heatran
|-damage|p2a: Heatran|34/100
|
|t:|1627422186
|switch|p1a: Urshifu|Urshifu-Rapid-Strike, M|48/100|[from]move: U-turn
|-damage|p1a: Urshifu|42/100|[from] Stealth Rock
|
|-heal|p2a: Heatran|40/100|[from] item: Leftovers
|upkeep
|turn|40
|
|t:|1627422198
|switch|p1a: Magnezone|Magnezone|40/100
|-damage|p1a: Magnezone|34/100|[from] Stealth Rock
|switch|p2a: Skarmory|Skarmory, M|59/100
|-damage|p2a: Skarmory|47/100|[from] Stealth Rock
|
|upkeep
|turn|41
|
|t:|1627422204
|move|p1a: Magnezone|Thunderbolt|p2a: Skarmory
|-supereffective|p2a: Skarmory
|-damage|p2a: Skarmory|0 fnt
|faint|p2a: Skarmory
|
|upkeep
|
|t:|1627422208
|switch|p2a: Heatran|Heatran, F|40/100
|-damage|p2a: Heatran|28/100|[from] Stealth Rock
|turn|42
|
|t:|1627422222
|switch|p1a: Corviknight|Corviknight, M, shiny|73/100
|-damage|p1a: Corviknight|61/100|[from] Stealth Rock
|-ability|p1a: Corviknight|Pressure
|move|p2a: Heatran|Earth Power|p1a: Corviknight
|-immune|p1a: Corviknight
|
|-heal|p2a: Heatran|34/100|[from] item: Leftovers
|upkeep
|turn|43
|
|t:|1627422226
|move|p2a: Heatran|Magma Storm|p1a: Corviknight
|-supereffective|p1a: Corviknight
|-damage|p1a: Corviknight|0 fnt
|faint|p1a: Corviknight
|
|-heal|p2a: Heatran|40/100|[from] item: Leftovers
|upkeep
|
|t:|1627422229
|switch|p1a: Urshifu|Urshifu-Rapid-Strike, M|42/100
|-damage|p1a: Urshifu|36/100|[from] Stealth Rock
|turn|44
|
|t:|1627422237
|move|p1a: Urshifu|Surging Strikes|p2a: Heatran
|-supereffective|p2a: Heatran
|-crit|p2a: Heatran
|-damage|p2a: Heatran|0 fnt
|faint|p2a: Heatran
|-hitcount|p2: Heatran|1
|
|upkeep
|
|t:|1627422242
|switch|p2a: Tapu Koko|Tapu Koko|79/100
|-fieldstart|move: Electric Terrain|[from] ability: Electric Surge|[of] p2a: Tapu Koko
|turn|45
|
|t:|1627422248
|move|p2a: Tapu Koko|Thunderbolt|p1a: Urshifu
|-supereffective|p1a: Urshifu
|-damage|p1a: Urshifu|0 fnt
|faint|p1a: Urshifu
|
|upkeep
|
|t:|1627422251
|switch|p1a: Magnezone|Magnezone|34/100
|-damage|p1a: Magnezone|28/100|[from] Stealth Rock
|turn|46
|
|t:|1627422274
|move|p2a: Tapu Koko|Thunderbolt|p1a: Magnezone
|-resisted|p1a: Magnezone
|-damage|p1a: Magnezone|0 fnt
|faint|p1a: Magnezone
|
|upkeep
|c|☆kazt 5|gg
|c|☆kazt 5|wp
|c|☆LT84JM Yves.|gg
|
|t:|1627422302
|switch|p1a: Weavile|Weavile, F|100/100
|-ability|p1a: Weavile|Pressure
|turn|47
|
|t:|1627422306
|move|p2a: Tapu Koko|Dazzling Gleam|p1a: Weavile
|-supereffective|p1a: Weavile
|-damage|p1a: Weavile|10/100
|move|p1a: Weavile|Triple Axel|p2a: Tapu Koko
|-damage|p2a: Tapu Koko|64/100
|-damage|p2a: Tapu Koko|32/100
|-damage|p2a: Tapu Koko|0 fnt
|faint|p2a: Tapu Koko
|-hitcount|p2: Tapu Koko|3
|
|upkeep
|
|t:|1627422309
|switch|p2a: Weavile|Weavile, F|100/100
|-ability|p2a: Weavile|Pressure
|turn|48
|
|t:|1627422313
|move|p2a: Weavile|Ice Shard|p1a: Weavile
|-resisted|p1a: Weavile
|-damage|p1a: Weavile|0 fnt
|faint|p1a: Weavile
|
|win|kazt 5
|raw|LT84JM Yves.'s rating: 1636 &rarr; <strong>1618</strong><br />(-18 for losing)
|raw|kazt 5's rating: 1677 &rarr; <strong>1695</strong><br />(+18 for winning)
|l|☆LT84JM Yves.
||Ladder isn't responding, score probably updated but might not have (Request timeout).
