|html|<div class="broadcast-blue"><strong>[Gen 8] OU is currently suspecting Melmetal! For information on how to participate check out the <a href="https://www.smogon.com/forums/threads/np-ss-ou-suspect-process-round-12-monster-mash.3709234/">suspect thread</a>.</strong></div>
|j|☆njhjj
|j|☆ChandosH
|t:|1665961591
|gametype|singles
|player|p1|njhjj|170|1571
|player|p2|ChandosH|n-masters|1537
|teamsize|p1|6
|teamsize|p2|6
|gen|8
|tier|[Gen 8] OU
|rated|
|rule|Sleep Clause Mod: Limit one foe put to sleep
|rule|Species Clause: Limit one of each Pokémon
|rule|OHKO Clause: OHKO moves are banned
|rule|Evasion Items Clause: Evasion items are banned
|rule|Evasion Moves Clause: Evasion moves are banned
|rule|Endless Battle Clause: Forcing endless battles is banned
|rule|HP Percentage Mod: HP is shown in percentages
|rule|Dynamax Clause: You cannot dynamax
|clearpoke
|poke|p1|Dragalge, F|
|poke|p1|Gyarados, F|
|poke|p1|Excadrill, F|
|poke|p1|Volcarona, M|
|poke|p1|Ninetales-Alola, M|
|poke|p1|Kartana|
|poke|p2|Keldeo-Resolute|
|poke|p2|Tapu Lele|
|poke|p2|Dragapult, M|
|poke|p2|Ferrothorn, M|
|poke|p2|Landorus-Therian, M|
|poke|p2|Heatran, M|
|teampreview
|c|☆njhjj|glhf
|inactive|Battle timer is ON: inactive players will automatically lose when time's up. (requested by njhjj)
|c|☆ChandosH|u too
|
|t:|1665961614
|start
|switch|p1a: Dragalge|Dragalge, F|100/100
|switch|p2a: Dragapult|Dragapult, M|100/100
|turn|1
|
|t:|1665961619
|switch|p1a: Ninetales|Ninetales-Alola, M|100/100
|-weather|Hail|[from] ability: Snow Warning|[of] p1a: Ninetales
|move|p2a: Dragapult|U-turn|p1a: Ninetales
|-resisted|p1a: Ninetales
|-damage|p1a: Ninetales|75/100
|
|t:|1665961626
|switch|p2a: Heatran|Heatran, M|100/100|[from]move: U-turn
|
|-weather|Hail|[upkeep]
|-damage|p2a: Heatran|94/100|[from] Hail
|-heal|p2a: Heatran|100/100|[from] item: Leftovers
|upkeep
|turn|2
|
|t:|1665961631
|move|p1a: Ninetales|Aurora Veil|p1a: Ninetales
|-sidestart|p1: njhjj|move: Aurora Veil
|move|p2a: Heatran|Stealth Rock|p1a: Ninetales
|-sidestart|p1: njhjj|move: Stealth Rock
|
|-weather|Hail|[upkeep]
|-damage|p2a: Heatran|94/100|[from] Hail
|-heal|p2a: Heatran|100/100|[from] item: Leftovers
|upkeep
|turn|3
|
|t:|1665961637
|move|p1a: Ninetales|Moonblast|p2a: Heatran
|-resisted|p2a: Heatran
|-damage|p2a: Heatran|94/100
|-unboost|p2a: Heatran|spa|1
|move|p2a: Heatran|Magma Storm|p1a: Ninetales
|-supereffective|p1a: Ninetales
|-damage|p1a: Ninetales|40/100
|-activate|p1a: Ninetales|move: Magma Storm|[of] p2a: Heatran
|
|-weather|Hail|[upkeep]
|-damage|p2a: Heatran|88/100|[from] Hail
|-heal|p2a: Heatran|94/100|[from] item: Leftovers
|-damage|p1a: Ninetales|28/100|[from] move: Magma Storm|[partiallytrapped]
|upkeep
|turn|4
|
|t:|1665961646
|move|p1a: Ninetales|Moonblast|p2a: Heatran
|-resisted|p2a: Heatran
|-damage|p2a: Heatran|87/100
|move|p2a: Heatran|Earth Power|p1a: Ninetales
|-damage|p1a: Ninetales|18/100
|
|-weather|Hail|[upkeep]
|-damage|p2a: Heatran|81/100|[from] Hail
|-heal|p2a: Heatran|87/100|[from] item: Leftovers
|-damage|p1a: Ninetales|6/100|[from] move: Magma Storm|[partiallytrapped]
|upkeep
|turn|5
|
|t:|1665961654
|move|p1a: Ninetales|Moonblast|p2a: Heatran
|-resisted|p2a: Heatran
|-damage|p2a: Heatran|80/100
|move|p2a: Heatran|Taunt|p1a: Ninetales
|-start|p1a: Ninetales|move: Taunt
|
|-weather|none
|-heal|p2a: Heatran|87/100|[from] item: Leftovers
|-damage|p1a: Ninetales|0 fnt|[from] move: Magma Storm|[partiallytrapped]
|faint|p1a: Ninetales
|upkeep
|
|t:|1665961662
|switch|p1a: Gyarados|Gyarados, F|100/100
|-damage|p1a: Gyarados|76/100|[from] Stealth Rock
|turn|6
|
|t:|1665961678
|switch|p2a: Ferrothorn|Ferrothorn, M|100/100
|move|p1a: Gyarados|Taunt|p2a: Ferrothorn
|-start|p2a: Ferrothorn|move: Taunt
|
|upkeep
|turn|7
|
|t:|1665961684
|move|p1a: Gyarados|Dragon Dance|p1a: Gyarados
|-boost|p1a: Gyarados|atk|1
|-boost|p1a: Gyarados|spe|1
|move|p2a: Ferrothorn|Knock Off|p1a: Gyarados
|-damage|p1a: Gyarados|63/100
|-enditem|p1a: Gyarados|Lum Berry|[from] move: Knock Off|[of] p2a: Ferrothorn
|
|upkeep
|turn|8
|
|t:|1665961691
|move|p1a: Gyarados|Dragon Dance|p1a: Gyarados
|-boost|p1a: Gyarados|atk|1
|-boost|p1a: Gyarados|spe|1
|move|p2a: Ferrothorn|Power Whip|p1a: Gyarados
|-damage|p1a: Gyarados|37/100
|
|-end|p2a: Ferrothorn|move: Taunt
|upkeep
|turn|9
|
|t:|1665961701
|move|p1a: Gyarados|Earthquake|p2a: Ferrothorn
|-damage|p2a: Ferrothorn|48/100
|move|p2a: Ferrothorn|Leech Seed|p1a: Gyarados|[miss]
|-miss|p2a: Ferrothorn|p1a: Gyarados
|
|-heal|p2a: Ferrothorn|54/100|[from] item: Leftovers
|-sideend|p1: njhjj|move: Aurora Veil
|upkeep
|turn|10
|
|t:|1665961714
|move|p1a: Gyarados|Waterfall|p2a: Ferrothorn
|-resisted|p2a: Ferrothorn
|-damage|p2a: Ferrothorn|24/100
|-damage|p1a: Gyarados|25/100|[from] ability: Iron Barbs|[of] p2a: Ferrothorn
|move|p2a: Ferrothorn|Power Whip|p1a: Gyarados
|-damage|p1a: Gyarados|0 fnt
|faint|p1a: Gyarados
|
|-heal|p2a: Ferrothorn|30/100|[from] item: Leftovers
|upkeep
|
|t:|1665961733
|switch|p1a: Kartana|Kartana|100/100
|-damage|p1a: Kartana|94/100|[from] Stealth Rock
|turn|11
|inactive|ChandosH has 120 seconds left.
|
|t:|1665961791
|switch|p2a: Landorus|Landorus-Therian, M|100/100
|-ability|p2a: Landorus|Intimidate|boost
|-unboost|p1a: Kartana|atk|1
|move|p1a: Kartana|Swords Dance|p1a: Kartana
|-boost|p1a: Kartana|atk|2
|
|upkeep
|turn|12
|inactive|njhjj has 120 seconds left.
|
|t:|1665961816
|move|p1a: Kartana|Swords Dance|p1a: Kartana
|-boost|p1a: Kartana|atk|2
|move|p2a: Landorus|U-turn|p1a: Kartana
|-damage|p1a: Kartana|72/100
|
|t:|1665961824
|switch|p2a: Dragapult|Dragapult, M|100/100|[from]move: U-turn
|
|upkeep
|turn|13
|
|t:|1665961837
|move|p2a: Dragapult|Fire Blast|p1a: Kartana
|-supereffective|p1a: Kartana
|-crit|p1a: Kartana
|-damage|p1a: Kartana|0 fnt
|faint|p1a: Kartana
|
|upkeep
|
|t:|1665961845
|switch|p1a: Volcarona|Volcarona, M|100/100
|turn|14
|
|t:|1665961849
|switch|p2a: Tapu Lele|Tapu Lele|100/100
|-fieldstart|move: Psychic Terrain|[from] ability: Psychic Surge|[of] p2a: Tapu Lele
|move|p1a: Volcarona|Quiver Dance|p1a: Volcarona
|-boost|p1a: Volcarona|spa|1
|-boost|p1a: Volcarona|spd|1
|-boost|p1a: Volcarona|spe|1
|
|upkeep
|turn|15
|inactive|njhjj has 120 seconds left.
|
|t:|1665961879
|move|p2a: Tapu Lele|Psyshock|p1a: Volcarona
|-damage|p1a: Volcarona|21/100
|move|p1a: Volcarona|Fiery Dance|p2a: Tapu Lele
|-damage|p2a: Tapu Lele|28/100
|
|upkeep
|turn|16
|
|t:|1665961885
|move|p2a: Tapu Lele|Psyshock|p1a: Volcarona
|-damage|p1a: Volcarona|0 fnt
|faint|p1a: Volcarona
|
|upkeep
|inactive|njhjj has 120 seconds left.
|
|t:|1665961903
|switch|p1a: Excadrill|Excadrill, F|100/100
|-damage|p1a: Excadrill|98/100|[from] Stealth Rock
|turn|17
|inactive|njhjj has 120 seconds left.
|inactive|ChandosH has 120 seconds left.
|
|t:|1665961938
|switch|p2a: Landorus|Landorus-Therian, M|100/100
|-ability|p2a: Landorus|Intimidate|boost
|-unboost|p1a: Excadrill|atk|1
|move|p1a: Excadrill|Rapid Spin|p2a: Landorus
|-damage|p2a: Landorus|87/100
|-boost|p1a: Excadrill|spe|1
|-sideend|p1: njhjj|Stealth Rock|[from] move: Rapid Spin|[of] p1a: Excadrill
|
|-heal|p2a: Landorus|93/100|[from] item: Leftovers
|upkeep
|turn|18
|inactive|njhjj has 120 seconds left.
|
|t:|1665961958
|move|p1a: Excadrill|Iron Head|p2a: Landorus
|-damage|p2a: Landorus|62/100
|move|p2a: Landorus|Earthquake|p1a: Excadrill
|-supereffective|p1a: Excadrill
|-damage|p1a: Excadrill|0 fnt
|faint|p1a: Excadrill
|
|-heal|p2a: Landorus|68/100|[from] item: Leftovers
|-fieldend|move: Psychic Terrain
|upkeep
|
|t:|1665961965
|switch|p1a: Dragalge|Dragalge, F|100/100
|turn|19
|c|☆ChandosH|Gg
|
|t:|1665961969
|move|p2a: Landorus|Earthquake|p1a: Dragalge
|-supereffective|p1a: Dragalge
|-damage|p1a: Dragalge|0 fnt
|faint|p1a: Dragalge
|
|win|ChandosH
|raw|njhjj's rating: 1571 &rarr; <strong>1549</strong><br />(-22 for losing)
|raw|ChandosH's rating: 1537 &rarr; <strong>1559</strong><br />(+22 for winning)
|c|☆njhjj|gg
||Ladder isn't responding, score probably updated but might not have (Request timeout).
