|j|☆gaijineagle
|j|☆Laburel
|t:|1596382796
|player|p1|gaijineagle|2|1170
|player|p2|Laburel|clown|1208
|teamsize|p1|6
|teamsize|p2|6
|gametype|singles
|gen|8
|tier|[Gen 8] OU
|rated|
|html|<div class="broadcast-blue"><strong>OU is currently suspecting Magearna! For information on how to participate check out the <a href="https://www.smogon.com/forums/threads/3667669/">suspect thread</a>.</strong></div>
|clearpoke
|poke|p1|Shuckle, M|
|poke|p1|Urshifu-*, M|
|poke|p1|Lycanroc-Dusk, F|
|poke|p1|Alakazam, M|
|poke|p1|Cinderace, M|
|poke|p1|Dragapult, F|
|poke|p2|Shedinja|
|poke|p2|Shuckle, M|
|poke|p2|Excadrill, M|
|poke|p2|Gyarados, M|
|poke|p2|Hatterene, F|
|poke|p2|Rotom-Heat|
|rule|Sleep Clause Mod: Limit one foe put to sleep
|rule|Species Clause: Limit one of each Pokémon
|rule|OHKO Clause: OHKO moves are banned
|rule|Evasion Moves Clause: Evasion moves are banned
|rule|Endless Battle Clause: Forcing endless battles is banned
|rule|HP Percentage Mod: HP is shown in percentages
|rule|Dynamax Clause: You cannot dynamax
|teampreview
|inactive|Battle timer is ON: inactive players will automatically lose when time's up. (requested by gaijineagle)
|
|t:|1596382826
|start
|switch|p1a: Shuckle|Shuckle, M|100/100
|switch|p2a: Poseur|Shuckle, M|100/100
|turn|1
|
|t:|1596382836
|switch|p2a: Geraldine|Hatterene, F|100/100
|move|p1a: Shuckle|Encore|p2a: Geraldine
|move|p2a: Geraldine|Encore||[from]Magic Bounce|[still]
|-fail|p2a: Geraldine
|
|upkeep
|turn|2
|inactive|gaijineagle has 120 seconds left.
|
|t:|1596382876
|switch|p1a: Cinderace|Cinderace, M|100/100
|move|p2a: Geraldine|Dazzling Gleam|p1a: Cinderace
|-resisted|p1a: Cinderace
|-damage|p1a: Cinderace|70/100
|
|upkeep
|turn|3
|
|t:|1596382882
|switch|p2a: Poseur|Shuckle, M|100/100
|move|p1a: Cinderace|Pyro Ball|p2a: Poseur
|-damage|p2a: Poseur|63/100
|-status|p2a: Poseur|brn
|-enditem|p2a: Poseur|Red Card|[of] p1a: Cinderace
|drag|p1a: Lycanroc|Lycanroc-Dusk, F|100/100
|
|-damage|p2a: Poseur|57/100 brn|[from] brn
|upkeep
|turn|4
|inactive|gaijineagle has 120 seconds left.
|
|t:|1596382902
|move|p1a: Lycanroc|Accelerock|p2a: Poseur
|-supereffective|p2a: Poseur
|-damage|p2a: Poseur|18/100 brn
|-damage|p1a: Lycanroc|91/100|[from] item: Life Orb
|move|p2a: Poseur|Sticky Web|p1a: Lycanroc
|-sidestart|p1: gaijineagle|move: Sticky Web
|
|-damage|p2a: Poseur|12/100 brn|[from] brn
|upkeep
|turn|5
|inactive|gaijineagle has 120 seconds left.
|
|t:|1596382920
|move|p1a: Lycanroc|Accelerock|p2a: Poseur
|-supereffective|p2a: Poseur
|-damage|p2a: Poseur|0 fnt
|-damage|p1a: Lycanroc|81/100|[from] item: Life Orb
|faint|p2a: Poseur
|
|upkeep
|
|t:|1596382928
|switch|p2a: Larry|Excadrill, M|100/100
|-ability|p2a: Larry|Mold Breaker
|turn|6
|inactive|gaijineagle has 120 seconds left.
|
|t:|1596382957
|switch|p1a: Shuckle|Shuckle, M|100/100
|-activate|p1a: Shuckle|move: Sticky Web
|-unboost|p1a: Shuckle|spe|1
|move|p2a: Larry|Earthquake|p1a: Shuckle
|-damage|p1a: Shuckle|66/100
|
|upkeep
|turn|7
|
|t:|1596382965
|switch|p2a: Geraldine|Hatterene, F|100/100
|move|p1a: Shuckle|Sticky Web|p2a: Geraldine
|move|p2a: Geraldine|Sticky Web||[from]Magic Bounce|[still]
|-fail|p2a: Geraldine
|
|upkeep
|turn|8
|
|t:|1596382974
|move|p2a: Geraldine|Psychic|p1a: Shuckle
|-damage|p1a: Shuckle|36/100
|move|p1a: Shuckle|Final Gambit|p2a: Geraldine
|-damage|p2a: Geraldine|73/100
|faint|p1a: Shuckle
|
|upkeep
|inactive|gaijineagle has 120 seconds left.
|
|t:|1596382987
|switch|p1a: Dragapult|Dragapult, F|100/100
|-activate|p1a: Dragapult|move: Sticky Web
|-fail|p1a: Dragapult|unboost|[from] ability: Clear Body|[of] p1a: Dragapult
|turn|9
|
|t:|1596382989
|move|p1a: Dragapult|Phantom Force||[still]
|-prepare|p1a: Dragapult|Phantom Force
|move|p2a: Geraldine|Dazzling Gleam|p1a: Dragapult|[miss]
|-miss|p2a: Geraldine|p1a: Dragapult
|
|upkeep
|turn|10
|
|t:|1596382994
|move|p1a: Dragapult|Phantom Force|p2a: Geraldine|[from]lockedmove
|-supereffective|p2a: Geraldine
|-damage|p2a: Geraldine|0 fnt
|-damage|p1a: Dragapult|91/100|[from] item: Life Orb
|faint|p2a: Geraldine
|
|upkeep
|
|t:|1596382999
|switch|p2a: Roger|Gyarados, M|100/100
|turn|11
|
|t:|1596383009
|move|p1a: Dragapult|Dragon Darts|p2a: Roger
|-damage|p2a: Roger|54/100
|-anim|p1a: Dragapult|Dragon Darts|p2a: Roger
|-damage|p2a: Roger|7/100
|-damage|p1a: Dragapult|81/100|[from] item: Life Orb
|move|p2a: Roger|Dragon Dance|p2a: Roger
|-boost|p2a: Roger|atk|1
|-boost|p2a: Roger|spe|1
|
|upkeep
|turn|12
|
|t:|1596383015
|move|p2a: Roger|Ice Fang|p1a: Dragapult
|-supereffective|p1a: Dragapult
|-damage|p1a: Dragapult|0 fnt
|-damage|p2a: Roger|0 fnt|[from] item: Life Orb
|faint|p1a: Dragapult
|faint|p2a: Roger
|
|upkeep
|inactive|gaijineagle has 120 seconds left.
|
|t:|1596383065
|switch|p1a: Urshifu|Urshifu, M|100/100
|switch|p2a: Larry|Excadrill, M|100/100
|-activate|p1a: Urshifu|move: Sticky Web
|-unboost|p1a: Urshifu|spe|1
|-ability|p2a: Larry|Mold Breaker
|turn|13
|
|t:|1596383070
|move|p2a: Larry|Earthquake|p1a: Urshifu
|-damage|p1a: Urshifu|48/100
|move|p1a: Urshifu|Wicked Blow|p2a: Larry
|-crit|p2a: Larry
|-damage|p2a: Larry|0 fnt
|-damage|p1a: Urshifu|38/100|[from] item: Life Orb
|faint|p2a: Larry
|
|upkeep
|
|t:|1596383075
|switch|p2a: Helmut|Rotom-Heat|100/100
|turn|14
|inactive|gaijineagle has 120 seconds left.
|
|t:|1596383098
|switch|p1a: Lycanroc|Lycanroc-Dusk, F|81/100
|-activate|p1a: Lycanroc|move: Sticky Web
|-unboost|p1a: Lycanroc|spe|1
|move|p2a: Helmut|Thunderbolt|p1a: Lycanroc
|-damage|p1a: Lycanroc|13/100
|
|upkeep
|turn|15
|
|t:|1596383105
|move|p1a: Lycanroc|Accelerock|p2a: Helmut
|-supereffective|p2a: Helmut
|-crit|p2a: Helmut
|-damage|p2a: Helmut|0 fnt
|-damage|p1a: Lycanroc|3/100|[from] item: Life Orb
|faint|p2a: Helmut
|
|upkeep
|
|t:|1596383108
|switch|p2a: Taha|Shedinja|100/100
|turn|16
|inactive|gaijineagle has 120 seconds left.
|
|t:|1596383120
|move|p1a: Lycanroc|Accelerock|p2a: Taha
|-supereffective|p2a: Taha
|-damage|p2a: Taha|0 fnt
|-damage|p1a: Lycanroc|0 fnt|[from] item: Life Orb
|faint|p2a: Taha
|faint|p1a: Lycanroc
|
|win|gaijineagle
|l|☆Laburel
|c|☆gaijineagle|gg
|raw|gaijineagle's rating: 1170 &rarr; <strong>1198</strong><br />(+28 for winning)
|raw|Laburel's rating: 1208 &rarr; <strong>1180</strong><br />(-28 for losing)
