|raw|<div class="broadcast-blue"><strong>This battle is required to be public due to a player having a name starting with 'lt84jm'.</div>
|j|☆lt84jm cryinghard
|j|☆Coach Jones 6fifth
|t:|1627822508
|gametype|singles
|player|p1|lt84jm cryinghard|lass-gen4dp|1980
|player|p2|Coach Jones 6fifth|lusamine-nihilego|1950
|teamsize|p1|6
|teamsize|p2|6
|gen|8
|tier|[Gen 8] OU
|rated|
|rule|Sleep Clause Mod: Limit one foe put to sleep
|rule|Species Clause: Limit one of each Pokémon
|rule|OHKO Clause: OHKO moves are banned
|rule|Evasion Moves Clause: Evasion moves are banned
|rule|Endless Battle Clause: Forcing endless battles is banned
|rule|HP Percentage Mod: HP is shown in percentages
|rule|Dynamax Clause: You cannot dynamax
|clearpoke
|poke|p1|Volcanion|
|poke|p1|Seismitoad, M|
|poke|p1|Pelipper, M|
|poke|p1|Tapu Lele|
|poke|p1|Barraskewda, M|
|poke|p1|Melmetal|
|poke|p2|Heatran, F|
|poke|p2|Rillaboom, M|
|poke|p2|Zapdos|
|poke|p2|Slowbro, F|
|poke|p2|Landorus-Therian, M|
|poke|p2|Dragapult, F|
|teampreview
|inactive|Battle timer is ON: inactive players will automatically lose when time's up. (requested by lt84jm cryinghard)
|j| LT84JM Black Lotus
|j| LT84JM Dasmer
|j| lt84jm HatemySelfA
|j| helpinghansVIB
|j| skimmythegod
|j| LT84JM croo
|j| LT84JM Stall
|
|t:|1627822532
|start
|switch|p1a: Pelipper|Pelipper, M|100/100
|switch|p2a: Dragapult|Dragapult, F, shiny|100/100
|-weather|RainDance|[from] ability: Drizzle|[of] p1a: Pelipper
|turn|1
|j| YoruNoxx
|j| WildZacian
|j| lil tjay fn
|
|t:|1627822548
|switch|p1a: Melmetal|Melmetal|100/100
|move|p2a: Dragapult|Shadow Ball|p1a: Melmetal
|-damage|p1a: Melmetal|75/100
|
|-weather|RainDance|[upkeep]
|upkeep
|turn|2
|
|t:|1627822555
|switch|p2a: Slowbro|Slowbro, F|100/100
|switch|p1a: Volcanion|Volcanion|100/100
|
|-weather|RainDance|[upkeep]
|upkeep
|turn|3
|
|t:|1627822557
|move|p1a: Volcanion|Steam Eruption|p2a: Slowbro
|-resisted|p2a: Slowbro
|-damage|p2a: Slowbro|30/100
|move|p2a: Slowbro|Teleport|p2a: Slowbro
|
|t:|1627822560
|switch|p2a: Dragapult|Dragapult, F, shiny|100/100|[from]move: Teleport
|
|-weather|RainDance|[upkeep]
|upkeep
|turn|4
|
|t:|1627822569
|switch|p1a: Tapu Lele|Tapu Lele|100/100
|-fieldstart|move: Psychic Terrain|[from] ability: Psychic Surge|[of] p1a: Tapu Lele
|move|p2a: Dragapult|Shadow Ball|p1a: Tapu Lele
|-supereffective|p1a: Tapu Lele
|-damage|p1a: Tapu Lele|0 fnt
|faint|p1a: Tapu Lele
|
|-weather|RainDance|[upkeep]
|upkeep
|l| LT84JM Stall
|
|t:|1627822575
|switch|p1a: Volcanion|Volcanion|100/100
|turn|5
|
|t:|1627822584
|switch|p2a: Heatran|Heatran, F|100/100
|move|p1a: Volcanion|Steam Eruption|p2a: Heatran
|-supereffective|p2a: Heatran
|-damage|p2a: Heatran|0 fnt
|faint|p2a: Heatran
|
|-weather|RainDance|[upkeep]
|upkeep
|
|t:|1627822586
|switch|p2a: Dragapult|Dragapult, F, shiny|100/100
|turn|6
|
|t:|1627822589
|switch|p1a: Melmetal|Melmetal|75/100
|move|p2a: Dragapult|Shadow Ball|p1a: Melmetal
|-damage|p1a: Melmetal|49/100
|-unboost|p1a: Melmetal|spd|1
|
|-weather|RainDance|[upkeep]
|upkeep
|turn|7
|j| LT84JM Stall
|j| Zephyr2007
|j| Nezloe
|
|t:|1627822599
|switch|p2a: Zapdos|Zapdos|100/100
|switch|p1a: Volcanion|Volcanion|100/100
|
|-weather|RainDance|[upkeep]
|upkeep
|turn|8
|
|t:|1627822601
|move|p2a: Zapdos|Volt Switch|p1a: Volcanion
|-supereffective|p1a: Volcanion
|-crit|p1a: Volcanion
|-damage|p1a: Volcanion|0 fnt
|faint|p1a: Volcanion
|
|t:|1627822603
|switch|p2a: Dragapult|Dragapult, F, shiny|100/100|[from]move: Volt Switch
|
|-weather|none
|-fieldend|move: Psychic Terrain
|upkeep
|c|☆lt84jm cryinghard|..
|
|t:|1627822611
|switch|p1a: Pelipper|Pelipper, M|100/100
|-weather|RainDance|[from] ability: Drizzle|[of] p1a: Pelipper
|turn|9
|c|☆Coach Jones 6fifth|no reason to risk
|
|t:|1627822632
|move|p2a: Dragapult|Shadow Ball|p1a: Pelipper
|-damage|p1a: Pelipper|27/100
|move|p1a: Pelipper|U-turn|p2a: Dragapult
|-resisted|p2a: Dragapult
|-damage|p2a: Dragapult|95/100
|
|t:|1627822634
|switch|p1a: Barraskewda|Barraskewda, M|100/100|[from]move: U-turn
|
|-weather|RainDance|[upkeep]
|upkeep
|turn|10
|
|t:|1627822636
|switch|p2a: Slowbro|Slowbro, F|63/100
|move|p1a: Barraskewda|Liquidation|p2a: Slowbro
|-resisted|p2a: Slowbro
|-damage|p2a: Slowbro|30/100
|
|-weather|RainDance|[upkeep]
|upkeep
|turn|11
|
|t:|1627822640
|switch|p2a: Landorus|Landorus-Therian, M|100/100
|-ability|p2a: Landorus|Intimidate|boost
|-unboost|p1a: Barraskewda|atk|1
|move|p1a: Barraskewda|Liquidation|p2a: Landorus
|-supereffective|p2a: Landorus
|-damage|p2a: Landorus|0 fnt
|faint|p2a: Landorus
|
|-weather|RainDance|[upkeep]
|upkeep
|
|t:|1627822642
|switch|p2a: Slowbro|Slowbro, F|63/100
|turn|12
|
|t:|1627822644
|switch|p1a: Seismitoad|Seismitoad, M|100/100
|move|p2a: Slowbro|Slack Off|p2a: Slowbro
|-heal|p2a: Slowbro|100/100
|
|-weather|RainDance|[upkeep]
|upkeep
|turn|13
|
|t:|1627822652
|move|p1a: Seismitoad|Earth Power|p2a: Slowbro
|-damage|p2a: Slowbro|45/100
|-damage|p1a: Seismitoad|91/100|[from] item: Life Orb
|move|p2a: Slowbro|Teleport|p2a: Slowbro
|
|t:|1627822654
|switch|p2a: Rillaboom|Rillaboom, M|100/100|[from]move: Teleport
|-fieldstart|move: Grassy Terrain|[from] ability: Grassy Surge|[of] p2a: Rillaboom
|
|-weather|RainDance|[upkeep]
|-heal|p1a: Seismitoad|97/100|[from] Grassy Terrain
|upkeep
|turn|14
|
|t:|1627822661
|switch|p1a: Barraskewda|Barraskewda, M|100/100
|move|p2a: Rillaboom|Grassy Glide|p1a: Barraskewda
|-supereffective|p1a: Barraskewda
|-damage|p1a: Barraskewda|0 fnt
|faint|p1a: Barraskewda
|
|-weather|RainDance|[upkeep]
|upkeep
|
|t:|1627822664
|switch|p1a: Melmetal|Melmetal|49/100
|turn|15
|j| WZWZ
|
|t:|1627822671
|switch|p2a: Slowbro|Slowbro, F|78/100
|switch|p1a: Seismitoad|Seismitoad, M|97/100
|
|-weather|RainDance|[upkeep]
|-heal|p1a: Seismitoad|100/100|[from] Grassy Terrain
|-heal|p2a: Slowbro|84/100|[from] Grassy Terrain
|upkeep
|turn|16
|
|t:|1627822675
|move|p1a: Seismitoad|Hydro Pump|p2a: Slowbro
|-resisted|p2a: Slowbro
|-damage|p2a: Slowbro|38/100
|-damage|p1a: Seismitoad|91/100|[from] item: Life Orb
|move|p2a: Slowbro|Teleport|p2a: Slowbro
|
|t:|1627822677
|switch|p2a: Dragapult|Dragapult, F, shiny|95/100|[from]move: Teleport
|
|-weather|none
|-heal|p1a: Seismitoad|97/100|[from] Grassy Terrain
|-heal|p2a: Dragapult|100/100|[from] Grassy Terrain
|upkeep
|turn|17
|
|t:|1627822682
|switch|p1a: Pelipper|Pelipper, M|27/100
|-weather|RainDance|[from] ability: Drizzle|[of] p1a: Pelipper
|move|p2a: Dragapult|Draco Meteor|p1a: Pelipper
|-damage|p1a: Pelipper|0 fnt
|-unboost|p2a: Dragapult|spa|2
|faint|p1a: Pelipper
|
|-weather|RainDance|[upkeep]
|-fieldend|move: Grassy Terrain
|upkeep
|
|t:|1627822683
|switch|p1a: Melmetal|Melmetal|49/100
|turn|18
|j| 55th doge
|
|t:|1627822687
|switch|p2a: Zapdos|Zapdos|100/100
|move|p1a: Melmetal|Ice Punch|p2a: Zapdos
|-supereffective|p2a: Zapdos
|-damage|p2a: Zapdos|57/100
|-status|p2a: Zapdos|frz
|-status|p1a: Melmetal|par|[from] ability: Static|[of] p2a: Zapdos
|
|-weather|RainDance|[upkeep]
|upkeep
|turn|19
|
|t:|1627822690
|cant|p2a: Zapdos|frz
|cant|p1a: Melmetal|par
|
|-weather|RainDance|[upkeep]
|upkeep
|turn|20
|
|t:|1627822693
|-curestatus|p2a: Zapdos|frz|[msg]
|move|p2a: Zapdos|Heat Wave|p1a: Melmetal
|-supereffective|p1a: Melmetal
|-damage|p1a: Melmetal|36/100 par
|move|p1a: Melmetal|Ice Punch|p2a: Zapdos
|-supereffective|p2a: Zapdos
|-damage|p2a: Zapdos|16/100
|
|-weather|RainDance|[upkeep]
|upkeep
|turn|21
|
|t:|1627822694
|move|p2a: Zapdos|Heat Wave|p1a: Melmetal
|-supereffective|p1a: Melmetal
|-damage|p1a: Melmetal|22/100 par
|move|p1a: Melmetal|Ice Punch|p2a: Zapdos
|-supereffective|p2a: Zapdos
|-damage|p2a: Zapdos|0 fnt
|faint|p2a: Zapdos
|
|-weather|RainDance|[upkeep]
|upkeep
|
|t:|1627822698
|switch|p2a: Dragapult|Dragapult, F, shiny|100/100
|turn|22
|j| storm zone
|
|t:|1627822700
|move|p2a: Dragapult|Shadow Ball|p1a: Melmetal
|-damage|p1a: Melmetal|0 fnt
|faint|p1a: Melmetal
|
|-weather|RainDance|[upkeep]
|upkeep
|-message|lt84jm cryinghard forfeited.
|
|win|Coach Jones 6fifth
|raw|lt84jm cryinghard's rating: 1980 &rarr; <strong>1958</strong><br />(-22 for losing)
|raw|Coach Jones 6fifth's rating: 1950 &rarr; <strong>1972</strong><br />(+22 for winning)
|l|☆lt84jm cryinghard
|j| Cosinandolagrasi
|l| lt84jm HatemySelfA
|l| YoruNoxx
|l| skimmythegod
|l| 55th doge
|j| skyspine
|j| LT84JM Veritas
|l|☆Coach Jones 6fifth
|l| LT84JM croo
|l| helpinghansVIB
|l| Cosinandolagrasi
|l| LT84JM Black Lotus
|l| Nezloe
|l| skyspine
|j| helpinghansVIB
|l| helpinghansVIB
|j| YoruNoxx
|l| YoruNoxx
|j| TheHonch7
|j| ibleachyourskin
|l| LT84JM Dasmer
|l| LT84JM Stall
|l| WildZacian
|l| TheHonch7
|l| WZWZ
|j| jey2
|l| jey2
|j| Flex OKLM
|l| LT84JM Veritas
|l| Flex OKLM
|j|☆Coach Jones 6fifth
|player|p2|Coach Jones 6fifth|lusamine-nihilego
