|j|☆Draco09876
|j|☆Ou make me yawn
|t:|1621705824
|gametype|singles
|player|p1|Draco09876|2|1735
|player|p2|Ou make me yawn|nate|1751
|teamsize|p1|6
|teamsize|p2|6
|gen|8
|tier|[Gen 8] OU
|rated|
|rule|Sleep Clause Mod: Limit one foe put to sleep
|rule|Species Clause: Limit one of each Pokémon
|rule|OHKO Clause: OHKO moves are banned
|rule|Evasion Moves Clause: Evasion moves are banned
|rule|Endless Battle Clause: Forcing endless battles is banned
|rule|HP Percentage Mod: HP is shown in percentages
|rule|Dynamax Clause: You cannot dynamax
|clearpoke
|poke|p1|Weavile, F|
|poke|p1|Dragapult, M|
|poke|p1|Swampert, M|
|poke|p1|Slowking-Galar, F|
|poke|p1|Ferrothorn, F|
|poke|p1|Mandibuzz, F|
|poke|p2|Volcarona, F|
|poke|p2|Toxapex, M|
|poke|p2|Zapdos|
|poke|p2|Clefable, F|
|poke|p2|Garchomp, M|
|poke|p2|Reuniclus, M|
|teampreview
|inactive|Battle timer is ON: inactive players will automatically lose when time's up. (requested by Ou make me yawn)
|inactive|Draco09876 has 120 seconds left.
|
|t:|1621705873
|start
|switch|p1a: Dragapult|Dragapult, M|100/100
|switch|p2a: Toxapex|Toxapex, M|100/100
|turn|1
|j| Rggggggg
|
|t:|1621705876
|move|p1a: Dragapult|U-turn|p2a: Toxapex
|-resisted|p2a: Toxapex
|-damage|p2a: Toxapex|96/100
|-damage|p1a: Dragapult|84/100|[from] item: Rocky Helmet|[of] p2a: Toxapex
|
|t:|1621705880
|switch|p1a: Ferrothorn|Ferrothorn, F|100/100|[from]move: U-turn
|move|p2a: Toxapex|Toxic Spikes|p1a: Ferrothorn
|-sidestart|p1: Draco09876|move: Toxic Spikes
|
|upkeep
|turn|2
|
|t:|1621705886
|switch|p2a: Garchomp|Garchomp, M|100/100
|move|p1a: Ferrothorn|Knock Off|p2a: Garchomp
|-damage|p2a: Garchomp|82/100
|-damage|p1a: Ferrothorn|88/100|[from] ability: Rough Skin|[of] p2a: Garchomp
|-enditem|p2a: Garchomp|Leftovers|[from] move: Knock Off|[of] p1a: Ferrothorn
|
|upkeep
|turn|3
|
|t:|1621705895
|switch|p2a: Reuniclus|Reuniclus, M|100/100
|move|p1a: Ferrothorn|Stealth Rock|p2a: Reuniclus
|-sidestart|p2: Ou make me yawn|move: Stealth Rock
|
|upkeep
|turn|4
|
|t:|1621705905
|switch|p2a: Toxapex|Toxapex, M|100/100
|-damage|p2a: Toxapex|88/100|[from] Stealth Rock
|move|p1a: Ferrothorn|Knock Off|p2a: Toxapex
|-damage|p2a: Toxapex|75/100
|-damage|p1a: Ferrothorn|72/100|[from] item: Rocky Helmet|[of] p2a: Toxapex
|-enditem|p2a: Toxapex|Rocky Helmet|[from] move: Knock Off|[of] p1a: Ferrothorn
|
|upkeep
|turn|5
|
|t:|1621705909
|move|p2a: Toxapex|Scald|p1a: Ferrothorn
|-resisted|p1a: Ferrothorn
|-damage|p1a: Ferrothorn|66/100
|-status|p1a: Ferrothorn|brn
|move|p1a: Ferrothorn|Leech Seed|p2a: Toxapex|[miss]
|-miss|p1a: Ferrothorn|p2a: Toxapex
|
|-damage|p1a: Ferrothorn|60/100 brn|[from] brn
|upkeep
|turn|6
|
|t:|1621705919
|switch|p2a: Zapdos|Zapdos|100/100
|-ability|p2a: Zapdos|Pressure
|switch|p1a: Slowking|Slowking-Galar, F|100/100
|-sideend|p1: Draco09876|move: Toxic Spikes|[of] p1a: Slowking
|
|upkeep
|turn|7
|j| climax HUNTER
|
|t:|1621705926
|switch|p2a: Reuniclus|Reuniclus, M|100/100
|-damage|p2a: Reuniclus|88/100|[from] Stealth Rock
|move|p1a: Slowking|Sludge Bomb|p2a: Reuniclus
|-crit|p2a: Reuniclus
|-damage|p2a: Reuniclus|59/100
|-status|p2a: Reuniclus|psn
|
|-damage|p2a: Reuniclus|47/100 psn|[from] psn
|upkeep
|turn|8
|
|t:|1621705937
|switch|p2a: Garchomp|Garchomp, M|82/100
|-damage|p2a: Garchomp|76/100|[from] Stealth Rock
|move|p1a: Slowking|Future Sight|p2a: Garchomp
|-start|p1a: Slowking|move: Future Sight
|
|upkeep
|turn|9
|
|t:|1621705953
|switch|p1a: Mandibuzz|Mandibuzz, F|100/100
|move|p2a: Garchomp|Earthquake|p1a: Mandibuzz
|-immune|p1a: Mandibuzz
|
|upkeep
|turn|10
|j| Aaryan1
|inactive|Draco09876 has 120 seconds left.
|j| ChallengeNoms
|
|t:|1621705999
|move|p2a: Garchomp|Toxic|p1a: Mandibuzz
|-status|p1a: Mandibuzz|tox
|move|p1a: Mandibuzz|Whirlwind|p2a: Garchomp
|drag|p2a: Clefable|Clefable, F|100/100
|
|-end|p2a: Clefable|move: Future Sight
|-damage|p2a: Clefable|39/100
|-damage|p1a: Mandibuzz|94/100 tox|[from] psn
|upkeep
|turn|11
|c|☆Ou make me yawn|love the combo
|
|t:|1621706012
|switch|p1a: Slowking|Slowking-Galar, F|100/100
|move|p2a: Clefable|Soft-Boiled|p2a: Clefable
|-heal|p2a: Clefable|89/100
|
|upkeep
|turn|12
|
|t:|1621706026
|move|p2a: Clefable|Heal Bell|p2a: Clefable
|-activate|p2a: Clefable|move: Heal Bell
|-curestatus|p2: Reuniclus|psn|[msg]
|move|p1a: Slowking|Future Sight|p2a: Clefable
|-start|p1a: Slowking|move: Future Sight
|
|upkeep
|turn|13
|c|☆Draco09876|thanks. picked it up against blisseys
|
|t:|1621706034
|switch|p2a: Toxapex|Toxapex, M|100/100
|-damage|p2a: Toxapex|88/100|[from] Stealth Rock
|move|p1a: Slowking|Sludge Bomb|p2a: Toxapex
|-resisted|p2a: Toxapex
|-damage|p2a: Toxapex|69/100
|
|upkeep
|turn|14
|
|t:|1621706040
|switch|p2a: Reuniclus|Reuniclus, M|80/100
|-damage|p2a: Reuniclus|68/100|[from] Stealth Rock
|move|p1a: Slowking|Sludge Bomb|p2a: Reuniclus
|-damage|p2a: Reuniclus|48/100
|
|-end|p2a: Reuniclus|move: Future Sight
|-resisted|p2a: Reuniclus
|-damage|p2a: Reuniclus|34/100
|upkeep
|turn|15
|
|t:|1621706052
|switch|p1a: Dragapult|Dragapult, M|84/100
|switch|p2a: Garchomp|Garchomp, M|76/100
|-damage|p2a: Garchomp|70/100|[from] Stealth Rock
|
|upkeep
|turn|16
|
|t:|1621706057
|switch|p2a: Toxapex|Toxapex, M|100/100
|-damage|p2a: Toxapex|88/100|[from] Stealth Rock
|move|p1a: Dragapult|Shadow Ball|p2a: Toxapex
|-damage|p2a: Toxapex|44/100
|-unboost|p2a: Toxapex|spd|1
|
|upkeep
|turn|17
|c|☆Draco09876|somethings gotta die
|inactive|Ou make me yawn has 120 seconds left.
|j| Staygency
|inactive|Ou make me yawn has 90 seconds left.
|c| ChallengeNoms|that team is suck
|c| ChallengeNoms|sick
|j| Forte Couille
|inactive|Ou make me yawn has 60 seconds left.
|c| ChallengeNoms|bad typo xd
|j| Pichu Popsicle
|
|t:|1621706175
|switch|p2a: Volcarona|Volcarona, F|100/100
|move|p1a: Dragapult|Shadow Ball|p2a: Volcarona
|-damage|p2a: Volcarona|51/100
|
|upkeep
|turn|18
|j| Chaky456
|
|t:|1621706190
|move|p1a: Dragapult|Shadow Ball|p2a: Volcarona
|-damage|p2a: Volcarona|8/100
|move|p2a: Volcarona|Roost|p2a: Volcarona
|-heal|p2a: Volcarona|58/100
|-singleturn|p2a: Volcarona|move: Roost
|
|upkeep
|turn|19
|
|t:|1621706194
|move|p1a: Dragapult|Shadow Ball|p2a: Volcarona
|-damage|p2a: Volcarona|12/100
|move|p2a: Volcarona|Roost|p2a: Volcarona
|-heal|p2a: Volcarona|62/100
|-singleturn|p2a: Volcarona|move: Roost
|
|upkeep
|turn|20
|
|t:|1621706197
|move|p1a: Dragapult|Shadow Ball|p2a: Volcarona
|-damage|p2a: Volcarona|17/100
|-unboost|p2a: Volcarona|spd|1
|move|p2a: Volcarona|Roost|p2a: Volcarona
|-heal|p2a: Volcarona|67/100
|-singleturn|p2a: Volcarona|move: Roost
|
|upkeep
|turn|21
|inactive|Ou make me yawn has 60 seconds left.
|c|☆Draco09876|haha, no worries
|inactive|Ou make me yawn has 30 seconds left.
|inactive|Ou make me yawn has 20 seconds left.
|
|t:|1621706250
|switch|p2a: Garchomp|Garchomp, M|70/100
|-damage|p2a: Garchomp|63/100|[from] Stealth Rock
|move|p1a: Dragapult|Shadow Ball|p2a: Garchomp
|-damage|p2a: Garchomp|24/100
|
|upkeep
|turn|22
|inactive|Ou make me yawn has 30 seconds left this turn.
|c|☆Draco09876|having lots of fun playing the team. Trying to see if I can get back to top 100
|
|t:|1621706254
|move|p1a: Dragapult|Shadow Ball|p2a: Garchomp
|-damage|p2a: Garchomp|0 fnt
|faint|p2a: Garchomp
|
|upkeep
|
|t:|1621706256
|switch|p2a: Clefable|Clefable, F|89/100
|turn|23
|
|t:|1621706266
|switch|p1a: Slowking|Slowking-Galar, F|100/100
|switch|p2a: Volcarona|Volcarona, F|67/100
|
|upkeep
|turn|24
|
|t:|1621706271
|switch|p1a: Swampert|Swampert, M|100/100
|move|p2a: Volcarona|Roost|p2a: Volcarona
|-heal|p2a: Volcarona|100/100
|-singleturn|p2a: Volcarona|move: Roost
|
|upkeep
|turn|25
|
|t:|1621706281
|switch|p2a: Clefable|Clefable, F|89/100
|move|p1a: Swampert|Yawn|p2a: Clefable
|-start|p2a: Clefable|move: Yawn|[of] p1a: Swampert
|
|upkeep
|turn|26
|
|t:|1621706293
|switch|p2a: Reuniclus|Reuniclus, M|67/100
|-damage|p2a: Reuniclus|55/100|[from] Stealth Rock
|move|p1a: Swampert|Flip Turn|p2a: Reuniclus
|-damage|p2a: Reuniclus|30/100
|
|t:|1621706296
|switch|p1a: Dragapult|Dragapult, M|84/100|[from]move: Flip Turn
|
|upkeep
|turn|27
|inactive|Ou make me yawn has 60 seconds left.
|j| ULTBG7V PokeDuels
|l| Forte Couille
|inactive|Ou make me yawn has 30 seconds left.
|
|t:|1621706338
|switch|p2a: Volcarona|Volcarona, F|100/100
|move|p1a: Dragapult|Shadow Ball|p2a: Volcarona
|-damage|p2a: Volcarona|56/100
|
|upkeep
|turn|28
|inactive|Draco09876 has 120 seconds left.
|l| ULTBG7V PokeDuels
|l| Chaky456
|inactive|Draco09876 has 90 seconds left.
|
|t:|1621706399
|move|p1a: Dragapult|Shadow Ball|p2a: Volcarona
|-damage|p2a: Volcarona|9/100
|-unboost|p2a: Volcarona|spd|1
|move|p2a: Volcarona|Roost|p2a: Volcarona
|-heal|p2a: Volcarona|59/100
|-singleturn|p2a: Volcarona|move: Roost
|
|upkeep
|turn|29
|inactive|Ou make me yawn has 30 seconds left.
|c| ChallengeNoms|dang these spdef drops
|
|t:|1621706416
|switch|p2a: Zapdos|Zapdos|100/100
|-ability|p2a: Zapdos|Pressure
|move|p1a: Dragapult|Shadow Ball|p2a: Zapdos
|-crit|p2a: Zapdos
|-damage|p2a: Zapdos|25/100
|
|upkeep
|turn|30
|c|☆Draco09876|sorry
|c| ChallengeNoms|THE RNG
|
|t:|1621706425
|move|p1a: Dragapult|Shadow Ball|p2a: Zapdos
|-damage|p2a: Zapdos|0 fnt
|faint|p2a: Zapdos
|
|upkeep
|
|t:|1621706428
|switch|p2a: Reuniclus|Reuniclus, M|63/100
|-damage|p2a: Reuniclus|51/100|[from] Stealth Rock
|turn|31
|c|☆Draco09876|tis the game
|
|t:|1621706432
|move|p1a: Dragapult|Shadow Ball|p2a: Reuniclus
|-supereffective|p2a: Reuniclus
|-damage|p2a: Reuniclus|5/100
|move|p2a: Reuniclus|Knock Off|p1a: Dragapult
|-supereffective|p1a: Dragapult
|-damage|p1a: Dragapult|39/100
|-enditem|p1a: Dragapult|Choice Specs|[from] move: Knock Off|[of] p2a: Reuniclus
|
|upkeep
|turn|32
|
|t:|1621706437
|switch|p2a: Clefable|Clefable, F|89/100
|move|p1a: Dragapult|Shadow Ball|p2a: Clefable
|-damage|p2a: Clefable|56/100
|
|upkeep
|turn|33
|
|t:|1621706440
|move|p1a: Dragapult|U-turn|p2a: Clefable
|-resisted|p2a: Clefable
|-damage|p2a: Clefable|49/100
|
|t:|1621706442
|switch|p1a: Slowking|Slowking-Galar, F|100/100|[from]move: U-turn
|move|p2a: Clefable|Soft-Boiled|p2a: Clefable
|-heal|p2a: Clefable|99/100
|
|upkeep
|turn|34
|j| lengmu
|c|☆Ou make me yawn|the crit posion on reuni was the big problem
|
|t:|1621706472
|switch|p2a: Volcarona|Volcarona, F|59/100
|move|p1a: Slowking|Sludge Bomb|p2a: Volcarona
|-damage|p2a: Volcarona|19/100
|
|upkeep
|turn|35
|
|t:|1621706476
|move|p2a: Volcarona|Roost|p2a: Volcarona
|-heal|p2a: Volcarona|69/100
|-singleturn|p2a: Volcarona|move: Roost
|move|p1a: Slowking|Sludge Bomb|p2a: Volcarona
|-damage|p2a: Volcarona|29/100
|
|upkeep
|turn|36
|
|t:|1621706478
|move|p2a: Volcarona|Roost|p2a: Volcarona
|-heal|p2a: Volcarona|79/100
|-singleturn|p2a: Volcarona|move: Roost
|move|p1a: Slowking|Sludge Bomb|p2a: Volcarona
|-damage|p2a: Volcarona|42/100
|-status|p2a: Volcarona|psn
|
|-damage|p2a: Volcarona|29/100 psn|[from] psn
|upkeep
|turn|37
|
|t:|1621706481
|move|p2a: Volcarona|Roost|p2a: Volcarona
|-heal|p2a: Volcarona|79/100 psn
|-singleturn|p2a: Volcarona|move: Roost
|move|p1a: Slowking|Scald|p2a: Volcarona
|-supereffective|p2a: Volcarona
|-damage|p2a: Volcarona|31/100 psn
|
|-damage|p2a: Volcarona|18/100 psn|[from] psn
|upkeep
|turn|38
|
|t:|1621706485
|move|p2a: Volcarona|Roost|p2a: Volcarona
|-heal|p2a: Volcarona|68/100 psn
|-singleturn|p2a: Volcarona|move: Roost
|move|p1a: Slowking|Scald|p2a: Volcarona
|-supereffective|p2a: Volcarona
|-damage|p2a: Volcarona|17/100 psn
|
|-damage|p2a: Volcarona|5/100 psn|[from] psn
|upkeep
|turn|39
|
|t:|1621706491
|switch|p2a: Reuniclus|Reuniclus, M|39/100
|-damage|p2a: Reuniclus|27/100|[from] Stealth Rock
|move|p1a: Slowking|Scald|p2a: Reuniclus
|-damage|p2a: Reuniclus|14/100
|
|upkeep
|turn|40
|
|t:|1621706495
|switch|p1a: Weavile|Weavile, F|100/100
|-ability|p1a: Weavile|Pressure
|switch|p2a: Toxapex|Toxapex, M|77/100
|-damage|p2a: Toxapex|64/100|[from] Stealth Rock
|
|upkeep
|turn|41
|
|t:|1621706500
|switch|p1a: Slowking|Slowking-Galar, F|100/100
|move|p2a: Toxapex|Toxic Spikes|p1a: Slowking
|-sidestart|p1: Draco09876|move: Toxic Spikes
|
|upkeep
|turn|42
|
|t:|1621706502
|switch|p2a: Reuniclus|Reuniclus, M|48/100
|-damage|p2a: Reuniclus|35/100|[from] Stealth Rock
|move|p1a: Slowking|Future Sight|p2a: Reuniclus
|-start|p1a: Slowking|move: Future Sight
|
|upkeep
|turn|43
|
|t:|1621706508
|switch|p1a: Mandibuzz|Mandibuzz, F|94/100 tox
|switch|p2a: Toxapex|Toxapex, M|98/100
|-damage|p2a: Toxapex|85/100|[from] Stealth Rock
|
|-damage|p1a: Mandibuzz|88/100 tox|[from] psn
|upkeep
|turn|44
|
|t:|1621706514
|switch|p2a: Clefable|Clefable, F|99/100
|move|p1a: Mandibuzz|Knock Off|p2a: Clefable
|-resisted|p2a: Clefable
|-damage|p2a: Clefable|89/100
|-enditem|p2a: Clefable|Heavy-Duty Boots|[from] move: Knock Off|[of] p1a: Mandibuzz
|
|-end|p2a: Clefable|move: Future Sight
|-damage|p2a: Clefable|32/100
|-damage|p1a: Mandibuzz|76/100 tox|[from] psn
|upkeep
|turn|45
|
|t:|1621706522
|switch|p1a: Slowking|Slowking-Galar, F|100/100
|-sideend|p1: Draco09876|move: Toxic Spikes|[of] p1a: Slowking
|move|p2a: Clefable|Soft-Boiled|p2a: Clefable
|-heal|p2a: Clefable|82/100
|
|upkeep
|turn|46
|
|t:|1621706537
|switch|p2a: Reuniclus|Reuniclus, M|69/100
|-damage|p2a: Reuniclus|56/100|[from] Stealth Rock
|move|p1a: Slowking|Future Sight|p2a: Reuniclus
|-start|p1a: Slowking|move: Future Sight
|
|upkeep
|turn|47
|
|t:|1621706540
|switch|p1a: Weavile|Weavile, F|100/100
|-ability|p1a: Weavile|Pressure
|move|p2a: Reuniclus|Infestation|p1a: Weavile
|-supereffective|p1a: Weavile
|-damage|p1a: Weavile|85/100
|-activate|p1a: Weavile|move: Infestation|[of] p2a: Reuniclus
|
|-damage|p1a: Weavile|72/100|[from] move: Infestation|[partiallytrapped]
|upkeep
|turn|48
|
|t:|1621706546
|switch|p2a: Volcarona|Volcarona, F|5/100 psn
|move|p1a: Weavile|Knock Off|p2a: Volcarona
|-damage|p2a: Volcarona|0 fnt
|-enditem|p2a: Volcarona|Heavy-Duty Boots|[from] move: Knock Off|[of] p1a: Weavile
|faint|p2a: Volcarona
|
|-hint|Future Sight did not hit because the target is fainted.
|-end|p1a: Weavile|Infestation|[partiallytrapped]|[silent]
|upkeep
|
|t:|1621706551
|switch|p2a: Toxapex|Toxapex, M|100/100
|-damage|p2a: Toxapex|88/100|[from] Stealth Rock
|turn|49
|
|t:|1621706558
|switch|p1a: Slowking|Slowking-Galar, F|100/100
|move|p2a: Toxapex|Scald|p1a: Slowking
|-damage|p1a: Slowking|92/100
|-status|p1a: Slowking|brn
|
|-damage|p1a: Slowking|86/100 brn|[from] brn
|upkeep
|turn|50
|
|t:|1621706561
|switch|p2a: Reuniclus|Reuniclus, M|90/100
|-damage|p2a: Reuniclus|77/100|[from] Stealth Rock
|move|p1a: Slowking|Future Sight|p2a: Reuniclus
|-start|p1a: Slowking|move: Future Sight
|
|-damage|p1a: Slowking|80/100 brn|[from] brn
|upkeep
|turn|51
|j| Erayy
|j| Cervixknight
|
|t:|1621706570
|switch|p1a: Mandibuzz|Mandibuzz, F|76/100 tox
|switch|p2a: Toxapex|Toxapex, M|100/100
|-damage|p2a: Toxapex|88/100|[from] Stealth Rock
|
|-damage|p1a: Mandibuzz|70/100 tox|[from] psn
|upkeep
|turn|52
|
|t:|1621706575
|move|p2a: Toxapex|Recover|p2a: Toxapex
|-heal|p2a: Toxapex|100/100
|move|p1a: Mandibuzz|Whirlwind|p2a: Toxapex
|drag|p2a: Reuniclus|Reuniclus, M|100/100
|-damage|p2a: Reuniclus|88/100|[from] Stealth Rock
|
|-end|p2a: Reuniclus|move: Future Sight
|-resisted|p2a: Reuniclus
|-damage|p2a: Reuniclus|74/100
|-damage|p1a: Mandibuzz|57/100 tox|[from] psn
|upkeep
|turn|53
|j| Mz_786
|
|t:|1621706591
|switch|p1a: Swampert|Swampert, M|100/100
|switch|p2a: Toxapex|Toxapex, M|100/100
|-damage|p2a: Toxapex|88/100|[from] Stealth Rock
|
|upkeep
|turn|54
|
|t:|1621706594
|move|p1a: Swampert|Earthquake|p2a: Toxapex
|-supereffective|p2a: Toxapex
|-damage|p2a: Toxapex|41/100
|move|p2a: Toxapex|Scald|p1a: Swampert
|-damage|p1a: Swampert|91/100
|
|-heal|p1a: Swampert|97/100|[from] item: Leftovers
|upkeep
|turn|55
|
|t:|1621706602
|switch|p2a: Clefable|Clefable, F|82/100
|-damage|p2a: Clefable|70/100|[from] Stealth Rock
|move|p1a: Swampert|Earthquake|p2a: Clefable
|-damage|p2a: Clefable|39/100
|
|-heal|p1a: Swampert|100/100|[from] item: Leftovers
|upkeep
|turn|56
|
|t:|1621706605
|move|p2a: Clefable|Soft-Boiled|p2a: Clefable
|-heal|p2a: Clefable|89/100
|move|p1a: Swampert|Earthquake|p2a: Clefable
|-damage|p2a: Clefable|62/100
|
|upkeep
|turn|57
|
|t:|1621706610
|move|p2a: Clefable|Soft-Boiled|p2a: Clefable
|-heal|p2a: Clefable|100/100
|move|p1a: Swampert|Toxic|p2a: Clefable
|-status|p2a: Clefable|tox
|
|-damage|p2a: Clefable|94/100 tox|[from] psn
|upkeep
|turn|58
|c|☆Ou make me yawn|well
|c|☆Ou make me yawn|you know what they say
|
|t:|1621706628
|move|p1a: Swampert|Yawn||[still]
|-fail|p1a: Swampert
|move|p2a: Clefable|Heal Bell|p2a: Clefable
|-activate|p2a: Clefable|move: Heal Bell
|-curestatus|p2a: Clefable|tox|[msg]
|
|upkeep
|turn|59
|
|t:|1621706635
|move|p1a: Swampert|Yawn|p2a: Clefable
|-start|p2a: Clefable|move: Yawn|[of] p1a: Swampert
|move|p2a: Clefable|Calm Mind|p2a: Clefable
|-boost|p2a: Clefable|spa|1
|-boost|p2a: Clefable|spd|1
|
|upkeep
|turn|60
|
|t:|1621706640
|switch|p2a: Toxapex|Toxapex, M|74/100
|-damage|p2a: Toxapex|61/100|[from] Stealth Rock
|move|p1a: Swampert|Flip Turn|p2a: Toxapex
|-resisted|p2a: Toxapex
|-damage|p2a: Toxapex|55/100
|
|t:|1621706644
|switch|p1a: Slowking|Slowking-Galar, F|100/100 brn|[from]move: Flip Turn
|
|-damage|p1a: Slowking|94/100 brn|[from] brn
|upkeep
|turn|61
|
|t:|1621706651
|move|p2a: Toxapex|Toxic Spikes|p1a: Slowking
|-sidestart|p1: Draco09876|move: Toxic Spikes
|move|p1a: Slowking|Future Sight|p2a: Toxapex
|-start|p1a: Slowking|move: Future Sight
|
|-damage|p1a: Slowking|88/100 brn|[from] brn
|upkeep
|turn|62
|
|t:|1621706657
|switch|p1a: Mandibuzz|Mandibuzz, F|57/100 tox
|move|p2a: Toxapex|Recover|p2a: Toxapex
|-heal|p2a: Toxapex|100/100
|
|-damage|p1a: Mandibuzz|51/100 tox|[from] psn
|upkeep
|turn|63
|
|t:|1621706678
|move|p1a: Mandibuzz|Roost|p1a: Mandibuzz
|-heal|p1a: Mandibuzz|100/100 tox
|-singleturn|p1a: Mandibuzz|move: Roost
|move|p2a: Toxapex|Recover||[still]
|-fail|p2a: Toxapex|heal
|
|-end|p2a: Toxapex|move: Future Sight
|-supereffective|p2a: Toxapex
|-damage|p2a: Toxapex|0 fnt
|faint|p2a: Toxapex
|-damage|p1a: Mandibuzz|88/100 tox|[from] psn
|upkeep
|
|t:|1621706685
|switch|p2a: Clefable|Clefable, F|94/100
|-damage|p2a: Clefable|82/100|[from] Stealth Rock
|turn|64
|
|t:|1621706689
|switch|p1a: Slowking|Slowking-Galar, F|100/100 brn
|-sideend|p1: Draco09876|move: Toxic Spikes|[of] p1a: Slowking
|move|p2a: Clefable|Calm Mind|p2a: Clefable
|-boost|p2a: Clefable|spa|1
|-boost|p2a: Clefable|spd|1
|
|-damage|p1a: Slowking|94/100 brn|[from] brn
|upkeep
|turn|65
|
|t:|1621706691
|move|p2a: Clefable|Calm Mind|p2a: Clefable
|-boost|p2a: Clefable|spa|1
|-boost|p2a: Clefable|spd|1
|move|p1a: Slowking|Sludge Bomb|p2a: Clefable
|-supereffective|p2a: Clefable
|-damage|p2a: Clefable|39/100
|
|-damage|p1a: Slowking|88/100 brn|[from] brn
|upkeep
|turn|66
|
|t:|1621706695
|switch|p1a: Swampert|Swampert, M|100/100
|move|p2a: Clefable|Calm Mind|p2a: Clefable
|-boost|p2a: Clefable|spa|1
|-boost|p2a: Clefable|spd|1
|
|upkeep
|turn|67
|l| Cervixknight
|
|t:|1621706705
|move|p1a: Swampert|Yawn|p2a: Clefable
|-start|p2a: Clefable|move: Yawn|[of] p1a: Swampert
|move|p2a: Clefable|Moonblast|p1a: Swampert
|-damage|p1a: Swampert|50/100
|
|-heal|p1a: Swampert|56/100|[from] item: Leftovers
|upkeep
|turn|68
|
|t:|1621706709
|switch|p1a: Slowking|Slowking-Galar, F|100/100 brn
|move|p2a: Clefable|Soft-Boiled|p2a: Clefable
|-heal|p2a: Clefable|89/100
|
|-damage|p1a: Slowking|94/100 brn|[from] brn
|-end|p2a: Clefable|move: Yawn|[silent]
|-status|p2a: Clefable|slp
|upkeep
|turn|69
|
|t:|1621706711
|cant|p2a: Clefable|slp
|move|p1a: Slowking|Sludge Bomb|p2a: Clefable
|-supereffective|p2a: Clefable
|-damage|p2a: Clefable|52/100 slp
|
|-damage|p1a: Slowking|88/100 brn|[from] brn
|upkeep
|turn|70
|
|t:|1621706714
|-curestatus|p2a: Clefable|slp|[msg]
|move|p2a: Clefable|Soft-Boiled|p2a: Clefable
|-heal|p2a: Clefable|100/100
|move|p1a: Slowking|Sludge Bomb|p2a: Clefable
|-supereffective|p2a: Clefable
|-damage|p2a: Clefable|67/100
|-status|p2a: Clefable|psn
|
|-damage|p2a: Clefable|55/100 psn|[from] psn
|-damage|p1a: Slowking|82/100 brn|[from] brn
|upkeep
|turn|71
|l| lengmu
|j| man why u suck
|
|t:|1621706722
|move|p2a: Clefable|Calm Mind|p2a: Clefable
|-boost|p2a: Clefable|spa|1
|-boost|p2a: Clefable|spd|1
|move|p1a: Slowking|Sludge Bomb|p2a: Clefable
|-supereffective|p2a: Clefable
|-damage|p2a: Clefable|25/100 psn
|
|-damage|p2a: Clefable|13/100 psn|[from] psn
|-damage|p1a: Slowking|76/100 brn|[from] brn
|upkeep
|turn|72
|
|t:|1621706725
|move|p2a: Clefable|Soft-Boiled|p2a: Clefable
|-heal|p2a: Clefable|63/100 psn
|move|p1a: Slowking|Sludge Bomb|p2a: Clefable
|-supereffective|p2a: Clefable
|-damage|p2a: Clefable|33/100 psn
|
|-damage|p2a: Clefable|21/100 psn|[from] psn
|-damage|p1a: Slowking|70/100 brn|[from] brn
|upkeep
|turn|73
|
|t:|1621706729
|move|p2a: Clefable|Soft-Boiled|p2a: Clefable
|-heal|p2a: Clefable|71/100 psn
|move|p1a: Slowking|Sludge Bomb|p2a: Clefable
|-supereffective|p2a: Clefable
|-damage|p2a: Clefable|40/100 psn
|
|-damage|p2a: Clefable|28/100 psn|[from] psn
|-damage|p1a: Slowking|64/100 brn|[from] brn
|upkeep
|turn|74
|
|t:|1621706731
|move|p2a: Clefable|Soft-Boiled|p2a: Clefable
|-heal|p2a: Clefable|78/100 psn
|move|p1a: Slowking|Sludge Bomb|p2a: Clefable
|-supereffective|p2a: Clefable
|-damage|p2a: Clefable|50/100 psn
|
|-damage|p2a: Clefable|38/100 psn|[from] psn
|-damage|p1a: Slowking|58/100 brn|[from] brn
|upkeep
|turn|75
|
|t:|1621706737
|switch|p1a: Weavile|Weavile, F|72/100
|-ability|p1a: Weavile|Pressure
|move|p2a: Clefable|Soft-Boiled|p2a: Clefable
|-heal|p2a: Clefable|88/100 psn
|
|-damage|p2a: Clefable|75/100 psn|[from] psn
|upkeep
|turn|76
|
|t:|1621706742
|move|p1a: Weavile|Icicle Crash|p2a: Clefable
|-damage|p2a: Clefable|46/100 psn
|move|p2a: Clefable|Moonblast|p1a: Weavile
|-supereffective|p1a: Weavile
|-damage|p1a: Weavile|0 fnt
|faint|p1a: Weavile
|
|-damage|p2a: Clefable|33/100 psn|[from] psn
|upkeep
|
|t:|1621706754
|switch|p1a: Mandibuzz|Mandibuzz, F|88/100 tox
|turn|77
|
|t:|1621706759
|switch|p1a: Slowking|Slowking-Galar, F|91/100 brn
|move|p2a: Clefable|Moonblast|p1a: Slowking
|-resisted|p1a: Slowking
|-damage|p1a: Slowking|68/100 brn
|
|-damage|p2a: Clefable|21/100 psn|[from] psn
|-damage|p1a: Slowking|61/100 brn|[from] brn
|upkeep
|turn|78
|
|t:|1621706765
|switch|p1a: Swampert|Swampert, M|56/100
|move|p2a: Clefable|Soft-Boiled|p2a: Clefable
|-heal|p2a: Clefable|71/100 psn
|
|-heal|p1a: Swampert|62/100|[from] item: Leftovers
|-damage|p2a: Clefable|59/100 psn|[from] psn
|upkeep
|turn|79
|
|t:|1621706777
|switch|p1a: Slowking|Slowking-Galar, F|95/100 brn
|move|p2a: Clefable|Heal Bell|p2a: Clefable
|-activate|p2a: Clefable|move: Heal Bell
|-curestatus|p2a: Clefable|psn|[msg]
|
|-damage|p1a: Slowking|89/100 brn|[from] brn
|upkeep
|turn|80
|
|t:|1621706783
|move|p2a: Clefable|Calm Mind|p2a: Clefable
|-boost|p2a: Clefable|spa|1
|-boost|p2a: Clefable|spd|1
|move|p1a: Slowking|Future Sight|p2a: Clefable
|-start|p1a: Slowking|move: Future Sight
|
|-damage|p1a: Slowking|82/100 brn|[from] brn
|upkeep
|turn|81
|
|t:|1621706793
|move|p2a: Clefable|Soft-Boiled|p2a: Clefable
|-heal|p2a: Clefable|100/100
|move|p1a: Slowking|Sludge Bomb|p2a: Clefable
|-supereffective|p2a: Clefable
|-damage|p2a: Clefable|73/100
|-status|p2a: Clefable|psn
|
|-damage|p2a: Clefable|61/100 psn|[from] psn
|-damage|p1a: Slowking|76/100 brn|[from] brn
|upkeep
|turn|82
|inactive|Ou make me yawn has 120 seconds left.
|
|t:|1621706824
|move|p2a: Clefable|Heal Bell|p2a: Clefable
|-activate|p2a: Clefable|move: Heal Bell
|-curestatus|p2a: Clefable|psn|[msg]
|move|p1a: Slowking|Sludge Bomb|p2a: Clefable
|-supereffective|p2a: Clefable
|-damage|p2a: Clefable|35/100
|
|-end|p2a: Clefable|move: Future Sight
|-damage|p2a: Clefable|19/100
|-damage|p1a: Slowking|70/100 brn|[from] brn
|upkeep
|turn|83
|
|t:|1621706830
|switch|p1a: Swampert|Swampert, M|62/100
|move|p2a: Clefable|Soft-Boiled|p2a: Clefable
|-heal|p2a: Clefable|69/100
|
|-heal|p1a: Swampert|68/100|[from] item: Leftovers
|upkeep
|turn|84
|
|t:|1621706833
|move|p1a: Swampert|Yawn|p2a: Clefable
|-start|p2a: Clefable|move: Yawn|[of] p1a: Swampert
|move|p2a: Clefable|Moonblast|p1a: Swampert
|-damage|p1a: Swampert|0 fnt
|faint|p1a: Swampert
|
|upkeep
|
|t:|1621706835
|switch|p1a: Slowking|Slowking-Galar, F|100/100 brn
|turn|85
|inactive|Ou make me yawn has 120 seconds left.
|
|t:|1621706870
|switch|p1a: Ferrothorn|Ferrothorn, F|60/100 brn
|move|p2a: Clefable|Calm Mind|p2a: Clefable
|-boost|p2a: Clefable|spa|1
|-boost|p2a: Clefable|spd|1
|
|-damage|p1a: Ferrothorn|54/100 brn|[from] brn
|-end|p2a: Clefable|move: Yawn|[silent]
|-status|p2a: Clefable|slp
|upkeep
|turn|86
|
|t:|1621706873
|switch|p1a: Mandibuzz|Mandibuzz, F|88/100 tox
|cant|p2a: Clefable|slp
|
|-damage|p1a: Mandibuzz|82/100 tox|[from] psn
|upkeep
|turn|87
|
|t:|1621706876
|cant|p2a: Clefable|slp
|move|p1a: Mandibuzz|Whirlwind|p2a: Clefable
|drag|p2a: Reuniclus|Reuniclus, M|100/100
|-damage|p2a: Reuniclus|88/100|[from] Stealth Rock
|
|-damage|p1a: Mandibuzz|70/100 tox|[from] psn
|upkeep
|turn|88
|
|t:|1621706893
|switch|p1a: Dragapult|Dragapult, M|39/100
|move|p2a: Reuniclus|Infestation|p1a: Dragapult
|-resisted|p1a: Dragapult
|-damage|p1a: Dragapult|35/100
|-activate|p1a: Dragapult|move: Infestation|[of] p2a: Reuniclus
|
|-damage|p1a: Dragapult|23/100|[from] move: Infestation|[partiallytrapped]
|upkeep
|turn|89
|
|t:|1621706896
|move|p1a: Dragapult|Shadow Ball|p2a: Reuniclus
|-supereffective|p2a: Reuniclus
|-damage|p2a: Reuniclus|56/100
|move|p2a: Reuniclus|Knock Off|p1a: Dragapult
|-supereffective|p1a: Dragapult
|-damage|p1a: Dragapult|0 fnt
|faint|p1a: Dragapult
|
|upkeep
|j| Beginner_PS
|
|t:|1621706904
|switch|p1a: Mandibuzz|Mandibuzz, F|70/100 tox
|turn|90
|
|t:|1621706908
|switch|p2a: Clefable|Clefable, F|69/100 slp
|-damage|p2a: Clefable|56/100 slp|[from] Stealth Rock
|move|p1a: Mandibuzz|Knock Off|p2a: Clefable
|-resisted|p2a: Clefable
|-damage|p2a: Clefable|50/100 slp
|
|-damage|p1a: Mandibuzz|64/100 tox|[from] psn
|upkeep
|turn|91
|
|t:|1621706913
|switch|p1a: Slowking|Slowking-Galar, F|100/100 brn
|cant|p2a: Clefable|slp
|
|-damage|p1a: Slowking|94/100 brn|[from] brn
|upkeep
|turn|92
|
|t:|1621706918
|switch|p2a: Reuniclus|Reuniclus, M|89/100
|-damage|p2a: Reuniclus|77/100|[from] Stealth Rock
|move|p1a: Slowking|Future Sight|p2a: Reuniclus
|-start|p1a: Slowking|move: Future Sight
|
|-damage|p1a: Slowking|88/100 brn|[from] brn
|upkeep
|turn|93
|
|t:|1621706921
|switch|p1a: Mandibuzz|Mandibuzz, F|64/100 tox
|move|p2a: Reuniclus|Infestation|p1a: Mandibuzz
|-damage|p1a: Mandibuzz|59/100 tox
|-activate|p1a: Mandibuzz|move: Infestation|[of] p2a: Reuniclus
|
|-damage|p1a: Mandibuzz|53/100 tox|[from] psn
|-damage|p1a: Mandibuzz|40/100 tox|[from] move: Infestation|[partiallytrapped]
|upkeep
|turn|94
|
|t:|1621706928
|move|p1a: Mandibuzz|Roost|p1a: Mandibuzz
|-heal|p1a: Mandibuzz|91/100 tox
|-singleturn|p1a: Mandibuzz|move: Roost
|move|p2a: Reuniclus|Knock Off|p1a: Mandibuzz
|-resisted|p1a: Mandibuzz
|-damage|p1a: Mandibuzz|86/100 tox
|-enditem|p1a: Mandibuzz|Heavy-Duty Boots|[from] move: Knock Off|[of] p2a: Reuniclus
|
|-end|p2a: Reuniclus|move: Future Sight
|-resisted|p2a: Reuniclus
|-damage|p2a: Reuniclus|64/100
|-damage|p1a: Mandibuzz|74/100 tox|[from] psn
|-damage|p1a: Mandibuzz|61/100 tox|[from] move: Infestation|[partiallytrapped]
|upkeep
|turn|95
|
|t:|1621706934
|move|p2a: Reuniclus|Knock Off|p1a: Mandibuzz
|-resisted|p1a: Mandibuzz
|-damage|p1a: Mandibuzz|58/100 tox
|move|p1a: Mandibuzz|Whirlwind|p2a: Reuniclus
|drag|p2a: Clefable|Clefable, F|50/100 slp
|-damage|p2a: Clefable|38/100 slp|[from] Stealth Rock
|
|-damage|p1a: Mandibuzz|40/100 tox|[from] psn
|-end|p1a: Mandibuzz|Infestation|[partiallytrapped]|[silent]
|upkeep
|turn|96
|
|t:|1621706942
|-curestatus|p2a: Clefable|slp|[msg]
|move|p2a: Clefable|Soft-Boiled|p2a: Clefable
|-heal|p2a: Clefable|88/100
|move|p1a: Mandibuzz|Whirlwind|p2a: Clefable
|drag|p2a: Reuniclus|Reuniclus, M|97/100
|-damage|p2a: Reuniclus|85/100|[from] Stealth Rock
|
|-damage|p1a: Mandibuzz|15/100 tox|[from] psn
|upkeep
|turn|97
|l| Pichu Popsicle
|
|t:|1621706948
|switch|p1a: Ferrothorn|Ferrothorn, F|54/100 brn
|move|p2a: Reuniclus|Infestation|p1a: Ferrothorn
|-damage|p1a: Ferrothorn|49/100 brn
|-activate|p1a: Ferrothorn|move: Infestation|[of] p2a: Reuniclus
|-damage|p2a: Reuniclus|72/100|[from] ability: Iron Barbs|[of] p1a: Ferrothorn
|-damage|p2a: Reuniclus|56/100|[from] item: Rocky Helmet|[of] p1a: Ferrothorn
|
|-damage|p1a: Ferrothorn|43/100 brn|[from] brn
|-damage|p1a: Ferrothorn|30/100 brn|[from] move: Infestation|[partiallytrapped]
|upkeep
|turn|98
|inactive|Ou make me yawn has 120 seconds left.
|l| Mz_786
|l| man why u suck
|
|t:|1621706993
|move|p2a: Reuniclus|Psyshock|p1a: Ferrothorn
|-resisted|p1a: Ferrothorn
|-damage|p1a: Ferrothorn|20/100 brn
|move|p1a: Ferrothorn|Leech Seed|p2a: Reuniclus
|-start|p2a: Reuniclus|move: Leech Seed
|
|-damage|p2a: Reuniclus|44/100|[from] Leech Seed|[of] p1a: Ferrothorn
|-heal|p1a: Ferrothorn|35/100 brn|[silent]
|-damage|p1a: Ferrothorn|29/100 brn|[from] brn
|-damage|p1a: Ferrothorn|17/100 brn|[from] move: Infestation|[partiallytrapped]
|upkeep
|turn|99
|
|t:|1621707011
|move|p2a: Reuniclus|Psyshock|p1a: Ferrothorn
|-resisted|p1a: Ferrothorn
|-crit|p1a: Ferrothorn
|-damage|p1a: Ferrothorn|2/100 brn
|move|p1a: Ferrothorn|Leech Seed||[still]
|-fail|p1a: Ferrothorn
|
|-damage|p2a: Reuniclus|31/100|[from] Leech Seed|[of] p1a: Ferrothorn
|-heal|p1a: Ferrothorn|16/100 brn|[silent]
|-damage|p1a: Ferrothorn|10/100 brn|[from] brn
|-damage|p1a: Ferrothorn|0 fnt|[from] move: Infestation|[partiallytrapped]
|faint|p1a: Ferrothorn
|upkeep
|
|t:|1621707018
|switch|p1a: Slowking|Slowking-Galar, F|100/100 brn
|turn|100
|inactive|Ou make me yawn has 90 seconds left.
|c|☆Ou make me yawn|this is why
|c|☆Ou make me yawn|we are supposed
|c|☆Ou make me yawn|to have 157 speed
|c|☆Ou make me yawn|on clef
|inactive|Ou make me yawn has 60 seconds left.
|
|t:|1621707085
|move|p1a: Slowking|Future Sight|p2a: Reuniclus
|-start|p1a: Slowking|move: Future Sight
|move|p2a: Reuniclus|Knock Off|p1a: Slowking
|-supereffective|p1a: Slowking
|-damage|p1a: Slowking|67/100 brn
|-enditem|p1a: Slowking|Assault Vest|[from] move: Knock Off|[of] p2a: Reuniclus
|
|-damage|p2a: Reuniclus|19/100|[from] Leech Seed|[of] p1a: Slowking
|-heal|p1a: Slowking|80/100 brn|[silent]
|-damage|p1a: Slowking|74/100 brn|[from] brn
|upkeep
|turn|101
|inactive|Ou make me yawn has 30 seconds left.
|c| Aaryan1|157 speed ?
|c|☆Ou make me yawn|it won me the game
|
|t:|1621707120
|switch|p2a: Clefable|Clefable, F|88/100
|-damage|p2a: Clefable|75/100|[from] Stealth Rock
|move|p1a: Slowking|Scald|p2a: Clefable
|-damage|p2a: Clefable|48/100
|
|-damage|p1a: Slowking|68/100 brn|[from] brn
|upkeep
|turn|102
|inactive|Ou make me yawn has 30 seconds left this turn.
|c|☆Draco09876|too outspeed swamp i gues
|j| Meyong
|inactive|Ou make me yawn has 20 seconds left.
|j| andrethagiiant
|j| Ngres
|inactive|Ou make me yawn has 15 seconds left.
|inactive|Ou make me yawn has 10 seconds left.
|c|☆Ou make me yawn|to out speed pert and other clef's
|inactive|Ou make me yawn has 5 seconds left.
|
|t:|1621707145
|switch|p2a: Reuniclus|Reuniclus, M|52/100
|-damage|p2a: Reuniclus|40/100|[from] Stealth Rock
|move|p1a: Slowking|Future Sight||[still]
|-fail|p1a: Slowking
|
|-end|p2a: Reuniclus|move: Future Sight
|-resisted|p2a: Reuniclus
|-damage|p2a: Reuniclus|26/100
|-damage|p1a: Slowking|62/100 brn|[from] brn
|upkeep
|turn|103
|inactive|Ou make me yawn has 10 seconds left this turn.
|inactive|Ou make me yawn has 5 seconds left.
|
|t:|1621707151
|move|p1a: Slowking|Scald|p2a: Reuniclus
|-damage|p2a: Reuniclus|13/100
|move|p2a: Reuniclus|Infestation|p1a: Slowking
|-damage|p1a: Slowking|57/100 brn
|-activate|p1a: Slowking|move: Infestation|[of] p2a: Reuniclus
|
|-damage|p1a: Slowking|51/100 brn|[from] brn
|-damage|p1a: Slowking|39/100 brn|[from] move: Infestation|[partiallytrapped]
|upkeep
|turn|104
|inactive|Ou make me yawn has 10 seconds left this turn.
|inactive|Ou make me yawn has 5 seconds left.
|
|t:|1621707160
|move|p1a: Slowking|Scald|p2a: Reuniclus
|-damage|p2a: Reuniclus|0 fnt
|faint|p2a: Reuniclus
|
|-damage|p1a: Slowking|32/100 brn|[from] brn
|-end|p1a: Slowking|Infestation|[partiallytrapped]|[silent]
|upkeep
|inactive|Ou make me yawn has 10 seconds left this turn.
|j| BabyPigsAreLaughin
|
|t:|1621707163
|switch|p2a: Clefable|Clefable, F|48/100
|-damage|p2a: Clefable|36/100|[from] Stealth Rock
|turn|105
|inactive|Ou make me yawn has 15 seconds left this turn.
|inactive|Ou make me yawn has 10 seconds left.
|
|t:|1621707170
|move|p2a: Clefable|Soft-Boiled|p2a: Clefable
|-heal|p2a: Clefable|86/100
|move|p1a: Slowking|Sludge Bomb|p2a: Clefable
|-supereffective|p2a: Clefable
|-damage|p2a: Clefable|5/100
|-status|p2a: Clefable|psn
|
|-damage|p2a: Clefable|0 fnt|[from] psn
|faint|p2a: Clefable
|
|win|Draco09876
|upkeep
|inactive|Ou make me yawn has 15 seconds left this turn.
|raw|Draco09876's rating: 1735 &rarr; <strong>1756</strong><br />(+21 for winning)
|raw|Ou make me yawn's rating: 1751 &rarr; <strong>1730</strong><br />(-21 for losing)
|c|☆Draco09876|gg
|l|☆Ou make me yawn
|l|☆Draco09876
|l| Aaryan1
|l| Beginner_PS
|l| climax HUNTER
|l| Meyong
|l| Rggggggg
||Ladder isn't responding, score probably updated but might not have (Request timeout).
|l| BabyPigsAreLaughin
|c| ChallengeNoms|everyone take notes
|l|challengenoms
|j| DarkNoms Official
