|j|☆romv
|j|☆Maitredouard2
|t:|1652179704
|gametype|singles
|player|p1|romv|benga|1584
|player|p2|Maitredouard2|lance|1675
|teamsize|p1|6
|teamsize|p2|6
|gen|8
|tier|[Gen 8] OU
|rated|
|rule|Sleep Clause Mod: Limit one foe put to sleep
|rule|Species Clause: Limit one of each Pokémon
|rule|OHKO Clause: OHKO moves are banned
|rule|Evasion Moves Clause: Evasion moves are banned
|rule|Endless Battle Clause: Forcing endless battles is banned
|rule|HP Percentage Mod: HP is shown in percentages
|rule|Dynamax Clause: You cannot dynamax
|clearpoke
|poke|p1|Ferrothorn, M|
|poke|p1|Landorus-Therian, M|
|poke|p1|Urshifu-*, F|
|poke|p1|Heatran, F|
|poke|p1|Dragonite, F|
|poke|p1|Tapu Koko|
|poke|p2|Mandibuzz, F|
|poke|p2|Landorus-Therian, M|
|poke|p2|Blissey, F|
|poke|p2|Heatran, M|
|poke|p2|Toxapex, F|
|poke|p2|Tapu Lele|
|teampreview
|inactive|Battle timer is ON: inactive players will automatically lose when time's up. (requested by romv)
|
|t:|1652179720
|start
|switch|p1a: Landorus|Landorus-Therian, M|100/100
|switch|p2a: Tapu Lele|Tapu Lele|100/100
|-fieldstart|move: Psychic Terrain|[from] ability: Psychic Surge|[of] p2a: Tapu Lele
|-ability|p1a: Landorus|Intimidate|boost
|-unboost|p2a: Tapu Lele|atk|1
|turn|1
|
|t:|1652179732
|switch|p1a: Heatran|Heatran, F|100/100
|move|p2a: Tapu Lele|Psyshock|p1a: Heatran
|-resisted|p1a: Heatran
|-damage|p1a: Heatran|67/100
|
|-heal|p1a: Heatran|73/100|[from] item: Leftovers
|upkeep
|turn|2
|j| bozo jeffery
|
|t:|1652179742
|move|p2a: Tapu Lele|Psyshock|p1a: Heatran
|-resisted|p1a: Heatran
|-damage|p1a: Heatran|41/100
|move|p1a: Heatran|Toxic|p2a: Tapu Lele
|-status|p2a: Tapu Lele|tox
|
|-heal|p1a: Heatran|47/100|[from] item: Leftovers
|-damage|p2a: Tapu Lele|94/100 tox|[from] psn
|upkeep
|turn|3
|
|t:|1652179751
|switch|p2a: Heatran|Heatran, M|100/100
|-item|p2a: Heatran|Air Balloon
|switch|p1a: Ferrothorn|Ferrothorn, M|100/100
|
|upkeep
|turn|4
|
|t:|1652179762
|switch|p1a: Urshifu|Urshifu-Rapid-Strike, F|100/100
|move|p2a: Heatran|Toxic|p1a: Urshifu
|-status|p1a: Urshifu|tox
|
|-damage|p1a: Urshifu|94/100 tox|[from] psn
|upkeep
|turn|5
|
|t:|1652179770
|switch|p2a: Toxapex|Toxapex, F|100/100
|move|p1a: Urshifu|U-turn|p2a: Toxapex
|-resisted|p2a: Toxapex
|-damage|p2a: Toxapex|90/100
|-damage|p1a: Urshifu|78/100 tox|[from] item: Rocky Helmet|[of] p2a: Toxapex
|
|t:|1652179790
|switch|p1a: Tapu Koko|Tapu Koko|100/100|[from]move: U-turn
|-fieldstart|move: Electric Terrain|[from] ability: Electric Surge|[of] p1a: Tapu Koko
|
|upkeep
|turn|6
|
|t:|1652179805
|switch|p2a: Landorus|Landorus-Therian, M|100/100
|-ability|p2a: Landorus|Intimidate|boost
|-unboost|p1a: Tapu Koko|atk|1
|move|p1a: Tapu Koko|U-turn|p2a: Landorus
|-resisted|p2a: Landorus
|-damage|p2a: Landorus|94/100
|
|t:|1652179808
|switch|p1a: Urshifu|Urshifu-Rapid-Strike, F|78/100 tox|[from]move: U-turn
|
|-damage|p1a: Urshifu|72/100 tox|[from] psn
|upkeep
|turn|7
|
|t:|1652179818
|switch|p2a: Toxapex|Toxapex, F|100/100
|move|p1a: Urshifu|U-turn|p2a: Toxapex
|-resisted|p2a: Toxapex
|-damage|p2a: Toxapex|90/100
|-damage|p1a: Urshifu|55/100 tox|[from] item: Rocky Helmet|[of] p2a: Toxapex
|
|t:|1652179823
|switch|p1a: Landorus|Landorus-Therian, M|100/100|[from]move: U-turn
|-ability|p1a: Landorus|Intimidate|boost
|-unboost|p2a: Toxapex|atk|1
|
|upkeep
|turn|8
|
|t:|1652179830
|move|p1a: Landorus|Knock Off|p2a: Toxapex
|-damage|p2a: Toxapex|72/100
|-damage|p1a: Landorus|84/100|[from] item: Rocky Helmet|[of] p2a: Toxapex
|-enditem|p2a: Toxapex|Rocky Helmet|[from] move: Knock Off|[of] p1a: Landorus
|move|p2a: Toxapex|Scald|p1a: Landorus
|-supereffective|p1a: Landorus
|-damage|p1a: Landorus|46/100
|
|-heal|p1a: Landorus|52/100|[from] item: Leftovers
|upkeep
|turn|9
|
|t:|1652179840
|move|p1a: Landorus|Stealth Rock|p2a: Toxapex
|-sidestart|p2: Maitredouard2|move: Stealth Rock
|move|p2a: Toxapex|Scald|p1a: Landorus
|-supereffective|p1a: Landorus
|-damage|p1a: Landorus|14/100
|-status|p1a: Landorus|brn
|
|-heal|p1a: Landorus|20/100 brn|[from] item: Leftovers
|-damage|p1a: Landorus|14/100 brn|[from] brn
|-fieldend|move: Electric Terrain
|upkeep
|turn|10
|
|t:|1652179850
|move|p1a: Landorus|U-turn|p2a: Toxapex
|-resisted|p2a: Toxapex
|-crit|p2a: Toxapex
|-damage|p2a: Toxapex|67/100
|
|t:|1652179853
|switch|p1a: Ferrothorn|Ferrothorn, M|100/100|[from]move: U-turn
|move|p2a: Toxapex|Scald|p1a: Ferrothorn
|-resisted|p1a: Ferrothorn
|-damage|p1a: Ferrothorn|94/100
|
|-heal|p1a: Ferrothorn|99/100|[from] item: Leftovers
|upkeep
|turn|11
|
|t:|1652179864
|switch|p2a: Heatran|Heatran, M|100/100
|-damage|p2a: Heatran|88/100|[from] Stealth Rock
|-item|p2a: Heatran|Air Balloon
|move|p1a: Ferrothorn|Leech Seed|p2a: Heatran
|-start|p2a: Heatran|move: Leech Seed
|
|-heal|p1a: Ferrothorn|100/100|[from] item: Leftovers
|-damage|p2a: Heatran|76/100|[from] Leech Seed|[of] p1a: Ferrothorn
|upkeep
|turn|12
|
|t:|1652179889
|move|p2a: Heatran|Magma Storm|p1a: Ferrothorn|[miss]
|-miss|p2a: Heatran|p1a: Ferrothorn
|move|p1a: Ferrothorn|Body Press|p2a: Heatran
|-supereffective|p2a: Heatran
|-damage|p2a: Heatran|21/100
|-enditem|p2a: Heatran|Air Balloon
|
|-damage|p2a: Heatran|9/100|[from] Leech Seed|[of] p1a: Ferrothorn
|upkeep
|turn|13
|
|t:|1652179899
|switch|p1a: Heatran|Heatran, F|47/100
|move|p2a: Heatran|Magma Storm|p1a: Heatran
|-start|p1a: Heatran|ability: Flash Fire
|
|-heal|p1a: Heatran|54/100|[from] item: Leftovers
|-damage|p2a: Heatran|0 fnt|[from] Leech Seed|[of] p1a: Heatran
|-heal|p1a: Heatran|62/100|[silent]
|faint|p2a: Heatran
|upkeep
|
|t:|1652179911
|switch|p2a: Landorus|Landorus-Therian, M|94/100
|-damage|p2a: Landorus|81/100|[from] Stealth Rock
|-ability|p2a: Landorus|Intimidate|boost
|-unboost|p1a: Heatran|atk|1
|turn|14
|
|t:|1652179920
|-end|p1a: Heatran|ability: Flash Fire|[silent]
|switch|p1a: Landorus|Landorus-Therian, M|14/100 brn
|-ability|p1a: Landorus|Intimidate|boost
|-unboost|p2a: Landorus|atk|1
|move|p2a: Landorus|Earthquake|p1a: Landorus
|-immune|p1a: Landorus
|
|-heal|p1a: Landorus|20/100 brn|[from] item: Leftovers
|-damage|p1a: Landorus|14/100 brn|[from] brn
|upkeep
|turn|15
|
|t:|1652179931
|switch|p2a: Toxapex|Toxapex, F|99/100
|-damage|p2a: Toxapex|88/100|[from] Stealth Rock
|move|p1a: Landorus|U-turn|p2a: Toxapex
|-resisted|p2a: Toxapex
|-damage|p2a: Toxapex|85/100
|
|t:|1652179938
|switch|p1a: Tapu Koko|Tapu Koko|100/100|[from]move: U-turn
|-fieldstart|move: Electric Terrain|[from] ability: Electric Surge|[of] p1a: Tapu Koko
|
|upkeep
|turn|16
|
|t:|1652179945
|move|p1a: Tapu Koko|U-turn|p2a: Toxapex
|-resisted|p2a: Toxapex
|-damage|p2a: Toxapex|80/100
|
|t:|1652179968
|switch|p1a: Ferrothorn|Ferrothorn, M|100/100|[from]move: U-turn
|move|p2a: Toxapex|Scald|p1a: Ferrothorn
|-resisted|p1a: Ferrothorn
|-damage|p1a: Ferrothorn|94/100
|
|-heal|p1a: Ferrothorn|99/100|[from] item: Leftovers
|upkeep
|turn|17
|
|t:|1652179980
|switch|p1a: Tapu Koko|Tapu Koko|100/100
|move|p2a: Toxapex|Scald|p1a: Tapu Koko
|-damage|p1a: Tapu Koko|72/100
|-status|p1a: Tapu Koko|brn
|
|-damage|p1a: Tapu Koko|66/100 brn|[from] brn
|upkeep
|turn|18
|
|t:|1652179990
|switch|p2a: Blissey|Blissey, F|100/100
|move|p1a: Tapu Koko|U-turn|p2a: Blissey
|-damage|p2a: Blissey|93/100
|
|t:|1652179994
|switch|p1a: Heatran|Heatran, F|62/100|[from]move: U-turn
|
|-heal|p1a: Heatran|68/100|[from] item: Leftovers
|upkeep
|turn|19
|
|t:|1652180000
|move|p1a: Heatran|Magma Storm|p2a: Blissey
|-damage|p2a: Blissey|78/100
|-activate|p2a: Blissey|move: Magma Storm|[of] p1a: Heatran
|move|p2a: Blissey|Seismic Toss|p1a: Heatran
|-damage|p1a: Heatran|42/100
|
|-heal|p1a: Heatran|48/100|[from] item: Leftovers
|-damage|p2a: Blissey|66/100|[from] move: Magma Storm|[partiallytrapped]
|-fieldend|move: Electric Terrain
|upkeep
|turn|20
|
|t:|1652180010
|move|p1a: Heatran|Taunt|p2a: Blissey
|-start|p2a: Blissey|move: Taunt
|move|p2a: Blissey|Seismic Toss|p1a: Heatran
|-damage|p1a: Heatran|23/100
|
|-heal|p1a: Heatran|29/100|[from] item: Leftovers
|-damage|p2a: Blissey|53/100|[from] move: Magma Storm|[partiallytrapped]
|upkeep
|turn|21
|
|t:|1652180019
|move|p1a: Heatran|Toxic|p2a: Blissey|[miss]
|-miss|p1a: Heatran|p2a: Blissey
|move|p2a: Blissey|Seismic Toss|p1a: Heatran
|-damage|p1a: Heatran|3/100
|
|-heal|p1a: Heatran|9/100|[from] item: Leftovers
|-damage|p2a: Blissey|41/100|[from] move: Magma Storm|[partiallytrapped]
|upkeep
|turn|22
|
|t:|1652180028
|move|p1a: Heatran|Magma Storm|p2a: Blissey
|-damage|p2a: Blissey|24/100
|move|p2a: Blissey|Seismic Toss|p1a: Heatran
|-damage|p1a: Heatran|0 fnt
|faint|p1a: Heatran
|
|-end|p2a: Blissey|Magma Storm|[partiallytrapped]|[silent]
|-end|p2a: Blissey|move: Taunt
|upkeep
|
|t:|1652180037
|switch|p1a: Landorus|Landorus-Therian, M|14/100 brn
|-ability|p1a: Landorus|Intimidate|boost
|-unboost|p2a: Blissey|atk|1
|turn|23
|
|t:|1652180042
|move|p1a: Landorus|Knock Off|p2a: Blissey
|-damage|p2a: Blissey|12/100
|-enditem|p2a: Blissey|Heavy-Duty Boots|[from] move: Knock Off|[of] p1a: Landorus
|move|p2a: Blissey|Soft-Boiled|p2a: Blissey
|-heal|p2a: Blissey|62/100
|
|-heal|p1a: Landorus|20/100 brn|[from] item: Leftovers
|-damage|p1a: Landorus|14/100 brn|[from] brn
|upkeep
|turn|24
|
|t:|1652180052
|move|p1a: Landorus|U-turn|p2a: Blissey
|-damage|p2a: Blissey|52/100
|
|t:|1652180055
|switch|p1a: Urshifu|Urshifu-Rapid-Strike, F|55/100 tox|[from]move: U-turn
|move|p2a: Blissey|Soft-Boiled|p2a: Blissey
|-heal|p2a: Blissey|100/100
|
|-damage|p1a: Urshifu|49/100 tox|[from] psn
|upkeep
|turn|25
|
|t:|1652180064
|move|p1a: Urshifu|U-turn|p2a: Blissey
|-damage|p2a: Blissey|68/100
|
|t:|1652180066
|switch|p1a: Ferrothorn|Ferrothorn, M|99/100|[from]move: U-turn
|move|p2a: Blissey|Seismic Toss|p1a: Ferrothorn
|-damage|p1a: Ferrothorn|72/100
|-damage|p2a: Blissey|56/100|[from] ability: Iron Barbs|[of] p1a: Ferrothorn
|
|-heal|p1a: Ferrothorn|78/100|[from] item: Leftovers
|upkeep
|turn|26
|
|t:|1652180077
|move|p1a: Ferrothorn|Leech Seed|p2a: Blissey
|-start|p2a: Blissey|move: Leech Seed
|move|p2a: Blissey|Teleport|p2a: Blissey
|
|t:|1652180080
|switch|p2a: Tapu Lele|Tapu Lele|94/100 tox|[from]move: Teleport
|-damage|p2a: Tapu Lele|82/100 tox|[from] Stealth Rock
|-fieldstart|move: Psychic Terrain|[from] ability: Psychic Surge|[of] p2a: Tapu Lele
|
|-heal|p1a: Ferrothorn|84/100|[from] item: Leftovers
|-damage|p2a: Tapu Lele|76/100 tox|[from] psn
|upkeep
|turn|27
|
|t:|1652180090
|switch|p1a: Landorus|Landorus-Therian, M|14/100 brn
|-ability|p1a: Landorus|Intimidate|boost
|-unboost|p2a: Tapu Lele|atk|1
|move|p2a: Tapu Lele|Focus Blast|p1a: Landorus
|-resisted|p1a: Landorus
|-damage|p1a: Landorus|0 fnt
|faint|p1a: Landorus
|
|-damage|p2a: Tapu Lele|64/100 tox|[from] psn
|upkeep
|
|t:|1652180094
|switch|p1a: Dragonite|Dragonite, F|100/100
|turn|28
|
|t:|1652180103
|switch|p2a: Mandibuzz|Mandibuzz, F|100/100
|move|p1a: Dragonite|Dragon Dance|p1a: Dragonite
|-boost|p1a: Dragonite|atk|1
|-boost|p1a: Dragonite|spe|1
|
|upkeep
|turn|29
|
|t:|1652180110
|move|p1a: Dragonite|Dragon Dance|p1a: Dragonite
|-boost|p1a: Dragonite|atk|1
|-boost|p1a: Dragonite|spe|1
|move|p2a: Mandibuzz|Toxic|p1a: Dragonite
|-status|p1a: Dragonite|tox
|
|-damage|p1a: Dragonite|94/100 tox|[from] psn
|upkeep
|turn|30
|
|t:|1652180118
|move|p1a: Dragonite|Dual Wingbeat|p2a: Mandibuzz
|-damage|p2a: Mandibuzz|67/100
|-damage|p2a: Mandibuzz|37/100
|-hitcount|p2a: Mandibuzz|2
|move|p2a: Mandibuzz|Foul Play|p1a: Dragonite
|-damage|p1a: Dragonite|0 fnt
|faint|p1a: Dragonite
|
|-fieldend|move: Psychic Terrain
|upkeep
|
|t:|1652180129
|switch|p1a: Tapu Koko|Tapu Koko|66/100 brn
|-fieldstart|move: Electric Terrain|[from] ability: Electric Surge|[of] p1a: Tapu Koko
|turn|31
|
|t:|1652180136
|switch|p2a: Landorus|Landorus-Therian, M|81/100
|-damage|p2a: Landorus|69/100|[from] Stealth Rock
|-ability|p2a: Landorus|Intimidate|boost
|-unboost|p1a: Tapu Koko|atk|1
|move|p1a: Tapu Koko|Dazzling Gleam|p2a: Landorus
|-damage|p2a: Landorus|7/100
|
|-damage|p1a: Tapu Koko|60/100 brn|[from] brn
|upkeep
|turn|32
|
|t:|1652180146
|move|p2a: Landorus|Earthquake|p1a: Tapu Koko
|-supereffective|p1a: Tapu Koko
|-damage|p1a: Tapu Koko|0 fnt
|faint|p1a: Tapu Koko
|
|upkeep
|
|t:|1652180151
|switch|p1a: Urshifu|Urshifu-Rapid-Strike, F|49/100 tox
|turn|33
|
|t:|1652180155
|move|p2a: Landorus|Earthquake|p1a: Urshifu
|-damage|p1a: Urshifu|0 fnt
|faint|p1a: Urshifu
|
|upkeep
|
|t:|1652180157
|switch|p1a: Ferrothorn|Ferrothorn, M|84/100
|turn|34
|-message|romv forfeited.
|
|win|Maitredouard2
|raw|romv's rating: 1584 &rarr; <strong>1569</strong><br />(-15 for losing)
|raw|Maitredouard2's rating: 1675 &rarr; <strong>1690</strong><br />(+15 for winning)
|l|☆romv
|l| bozo jeffery
|l|☆Maitredouard2
