|raw|<div class="broadcast-blue"><strong>This battle is required to be public due to a player having a name starting with 'lt91bb'.</div>
|j|☆LT91BB rrm
|j|☆not mb
|t:|1659134137
|gametype|singles
|player|p1|LT91BB rrm|lady|1733
|player|p2|not mb|flannery|1704
|teamsize|p1|6
|teamsize|p2|6
|gen|8
|tier|[Gen 8] OU
|rated|
|rule|Sleep Clause Mod: Limit one foe put to sleep
|rule|Species Clause: Limit one of each Pokémon
|rule|OHKO Clause: OHKO moves are banned
|rule|Evasion Moves Clause: Evasion moves are banned
|rule|Endless Battle Clause: Forcing endless battles is banned
|rule|HP Percentage Mod: HP is shown in percentages
|rule|Dynamax Clause: You cannot dynamax
|clearpoke
|poke|p1|Tapu Lele|
|poke|p1|Blissey, F|
|poke|p1|Urshifu-*, M|
|poke|p1|Landorus-Therian, M|
|poke|p1|Heatran, F|
|poke|p1|Slowbro, M|
|poke|p2|Dragapult, M|
|poke|p2|Tapu Fini|
|poke|p2|Blacephalon|
|poke|p2|Tapu Lele|
|poke|p2|Landorus-Therian, M|
|poke|p2|Melmetal|
|teampreview
|j| lRustyX
|
|t:|1659134154
|start
|switch|p1a: Tapu Lele|Tapu Lele|100/100
|switch|p2a: Tapu Fini|Tapu Fini|100/100
|-fieldstart|move: Psychic Terrain|[from] ability: Psychic Surge|[of] p1a: Tapu Lele
|-fieldstart|move: Misty Terrain|[from] ability: Misty Surge|[of] p2a: Tapu Fini
|turn|1
|
|t:|1659134156
|move|p1a: Tapu Lele|Psychic|p2a: Tapu Fini
|-damage|p2a: Tapu Fini|47/100
|move|p2a: Tapu Fini|Knock Off|p1a: Tapu Lele
|-damage|p1a: Tapu Lele|77/100
|-enditem|p1a: Tapu Lele|Choice Specs|[from] move: Knock Off|[of] p2a: Tapu Fini
|
|-heal|p2a: Tapu Fini|53/100|[from] item: Leftovers
|upkeep
|turn|2
|
|t:|1659134166
|move|p1a: Tapu Lele|Focus Blast|p2a: Tapu Fini
|-resisted|p2a: Tapu Fini
|-crit|p2a: Tapu Fini
|-damage|p2a: Tapu Fini|30/100
|move|p2a: Tapu Fini|Moonblast|p1a: Tapu Lele
|-damage|p1a: Tapu Lele|40/100
|-unboost|p1a: Tapu Lele|spa|1
|
|-heal|p2a: Tapu Fini|36/100|[from] item: Leftovers
|upkeep
|turn|3
|inactive|Battle timer is ON: inactive players will automatically lose when time's up. (requested by not mb)
|
|t:|1659134186
|switch|p2a: Landorus|Landorus-Therian, M|100/100
|-ability|p2a: Landorus|Intimidate|boost
|-unboost|p1a: Tapu Lele|atk|1
|move|p1a: Tapu Lele|Psyshock|p2a: Landorus
|-damage|p2a: Landorus|71/100
|
|-heal|p2a: Landorus|77/100|[from] item: Leftovers
|upkeep
|turn|4
|
|t:|1659134189
|switch|p1a: Slowbro|Slowbro, M|100/100
|move|p2a: Landorus|Stealth Rock|p1a: Slowbro
|-sidestart|p1: LT91BB rrm|move: Stealth Rock
|
|-heal|p2a: Landorus|83/100|[from] item: Leftovers
|upkeep
|turn|5
|
|t:|1659134191
|move|p2a: Landorus|Toxic|p1a: Slowbro
|-activate|p1a: Slowbro|move: Misty Terrain
|move|p1a: Slowbro|Ice Beam|p2a: Landorus
|-supereffective|p2a: Landorus
|-damage|p2a: Landorus|26/100
|
|-heal|p2a: Landorus|32/100|[from] item: Leftovers
|-fieldend|Misty Terrain
|upkeep
|turn|6
|j| Ima Bout To Smak U
|c|☆not mb|o
|c|☆not mb|i forgot
|c|☆not mb|jesus
|
|t:|1659134208
|switch|p2a: Tapu Fini|Tapu Fini|36/100
|-fieldstart|move: Misty Terrain|[from] ability: Misty Surge|[of] p2a: Tapu Fini
|move|p1a: Slowbro|Teleport|p1a: Slowbro
|
|t:|1659134212
|switch|p1a: Tapu Lele|Tapu Lele|40/100|[from]move: Teleport
|-damage|p1a: Tapu Lele|28/100|[from] Stealth Rock
|-fieldstart|move: Psychic Terrain|[from] ability: Psychic Surge|[of] p1a: Tapu Lele
|
|-heal|p2a: Tapu Fini|42/100|[from] item: Leftovers
|upkeep
|turn|7
|
|t:|1659134216
|switch|p2a: Tapu Lele|Tapu Lele|100/100
|move|p1a: Tapu Lele|Psychic|p2a: Tapu Lele
|-resisted|p2a: Tapu Lele
|-damage|p2a: Tapu Lele|70/100
|-unboost|p2a: Tapu Lele|spd|1
|
|upkeep
|turn|8
|
|t:|1659134221
|switch|p1a: Heatran|Heatran, F|100/100
|-damage|p1a: Heatran|88/100|[from] Stealth Rock
|move|p2a: Tapu Lele|Moonblast|p1a: Heatran
|-resisted|p1a: Heatran
|-damage|p1a: Heatran|80/100
|
|-heal|p1a: Heatran|86/100|[from] item: Leftovers
|upkeep
|turn|9
|
|t:|1659134224
|switch|p2a: Landorus|Landorus-Therian, M|32/100
|-ability|p2a: Landorus|Intimidate|boost
|-unboost|p1a: Heatran|atk|1
|move|p1a: Heatran|Stealth Rock|p2a: Landorus
|-sidestart|p2: not mb|move: Stealth Rock
|
|-heal|p1a: Heatran|92/100|[from] item: Leftovers
|-heal|p2a: Landorus|38/100|[from] item: Leftovers
|upkeep
|turn|10
|
|t:|1659134227
|switch|p1a: Slowbro|Slowbro, M|100/100
|-damage|p1a: Slowbro|88/100|[from] Stealth Rock
|move|p2a: Landorus|Earthquake|p1a: Slowbro
|-damage|p1a: Slowbro|58/100
|
|-heal|p2a: Landorus|44/100|[from] item: Leftovers
|-fieldend|move: Psychic Terrain
|upkeep
|turn|11
|
|t:|1659134231
|move|p2a: Landorus|U-turn|p1a: Slowbro
|-supereffective|p1a: Slowbro
|-damage|p1a: Slowbro|30/100
|-damage|p2a: Landorus|28/100|[from] item: Rocky Helmet|[of] p1a: Slowbro
|
|t:|1659134233
|switch|p2a: Dragapult|Dragapult, M|100/100|[from]move: U-turn
|-damage|p2a: Dragapult|88/100|[from] Stealth Rock
|move|p1a: Slowbro|Ice Beam|p2a: Dragapult
|-supereffective|p2a: Dragapult
|-damage|p2a: Dragapult|35/100
|-status|p2a: Dragapult|frz
|
|upkeep
|turn|12
|c|☆LT91BB rrm|sry
|
|t:|1659134240
|switch|p1a: Blissey|Blissey, F|100/100
|-curestatus|p2a: Dragapult|frz|[msg]
|move|p2a: Dragapult|Draco Meteor|p1a: Blissey
|-damage|p1a: Blissey|69/100
|-unboost|p2a: Dragapult|spa|2
|
|upkeep
|turn|13
|
|t:|1659134244
|switch|p2a: Melmetal|Melmetal|100/100
|-damage|p2a: Melmetal|94/100|[from] Stealth Rock
|move|p1a: Blissey|Teleport|p1a: Blissey
|
|t:|1659134247
|switch|p1a: Landorus|Landorus-Therian, M|100/100|[from]move: Teleport
|-damage|p1a: Landorus|88/100|[from] Stealth Rock
|-ability|p1a: Landorus|Intimidate|boost
|-unboost|p2a: Melmetal|atk|1
|
|-heal|p1a: Landorus|94/100|[from] item: Leftovers
|-heal|p2a: Melmetal|100/100|[from] item: Leftovers
|upkeep
|turn|14
|
|t:|1659134250
|switch|p2a: Landorus|Landorus-Therian, M|28/100
|-damage|p2a: Landorus|15/100|[from] Stealth Rock
|-ability|p2a: Landorus|Intimidate|boost
|-unboost|p1a: Landorus|atk|1
|move|p1a: Landorus|U-turn|p2a: Landorus
|-resisted|p2a: Landorus
|-damage|p2a: Landorus|8/100
|
|t:|1659134252
|switch|p1a: Urshifu|Urshifu-Rapid-Strike, M|100/100|[from]move: U-turn
|-damage|p1a: Urshifu|94/100|[from] Stealth Rock
|
|-heal|p2a: Landorus|14/100|[from] item: Leftovers
|upkeep
|turn|15
|
|t:|1659134256
|move|p1a: Urshifu|Surging Strikes|p2a: Landorus
|-supereffective|p2a: Landorus
|-crit|p2a: Landorus
|-damage|p2a: Landorus|0 fnt
|faint|p2a: Landorus
|-hitcount|p2: Landorus|1
|
|upkeep
|
|t:|1659134260
|switch|p2a: Tapu Lele|Tapu Lele|70/100
|-damage|p2a: Tapu Lele|57/100|[from] Stealth Rock
|-fieldstart|move: Psychic Terrain|[from] ability: Psychic Surge|[of] p2a: Tapu Lele
|turn|16
|
|t:|1659134262
|move|p1a: Urshifu|Surging Strikes|p2a: Tapu Lele
|-crit|p2a: Tapu Lele
|-damage|p2a: Tapu Lele|25/100
|-crit|p2a: Tapu Lele
|-damage|p2a: Tapu Lele|0 fnt
|faint|p2a: Tapu Lele
|-hitcount|p2: Tapu Lele|2
|
|upkeep
|c|☆not mb|gg
|-message|not mb forfeited.
|
|win|LT91BB rrm
|raw|LT91BB rrm's rating: 1733 &rarr; <strong>1751</strong><br />(+18 for winning)
|raw|not mb's rating: 1704 &rarr; <strong>1686</strong><br />(-18 for losing)
|l|☆not mb
|c|☆LT91BB rrm|ggs
