|j|☆someidiot19
|j|☆Azamak0
|t:|1665044036
|gametype|singles
|player|p1|someidiot19|teacher-gen2|1489
|player|p2|Azamak0|lucas|1442
|teamsize|p1|6
|teamsize|p2|6
|gen|8
|tier|[Gen 8] OU
|rated|
|rule|Sleep Clause Mod: Limit one foe put to sleep
|rule|Species Clause: Limit one of each Pokémon
|rule|OHKO Clause: OHKO moves are banned
|rule|Evasion Items Clause: Evasion items are banned
|rule|Evasion Moves Clause: Evasion moves are banned
|rule|Endless Battle Clause: Forcing endless battles is banned
|rule|HP Percentage Mod: HP is shown in percentages
|rule|Dynamax Clause: You cannot dynamax
|clearpoke
|poke|p1|Clefable, F|
|poke|p1|Gastrodon, F|
|poke|p1|Aegislash, M|
|poke|p1|Tyranitar, F|
|poke|p1|Latios, M|
|poke|p1|Tornadus-Therian, M|
|poke|p2|Landorus-Therian, M|
|poke|p2|Dragapult, M|
|poke|p2|Kartana|
|poke|p2|Toxapex, F|
|poke|p2|Clefable, F|
|poke|p2|Corviknight, F|
|teampreview
|inactive|Battle timer is ON: inactive players will automatically lose when time's up. (requested by someidiot19)
|
|t:|1665044056
|start
|switch|p1a: Latios|Latios, M|100/100
|switch|p2a: Dragapult|Dragapult, M|100/100
|turn|1
|inactive|Azamak0 has 120 seconds left.
|inactive|Azamak0 has 90 seconds left.
|inactive|Azamak0 has 60 seconds left.
|
|t:|1665044172
|move|p2a: Dragapult|Shadow Ball|p1a: Latios
|-supereffective|p1a: Latios
|-damage|p1a: Latios|0 fnt
|faint|p1a: Latios
|
|upkeep
|
|t:|1665044176
|switch|p1a: Tyranitar|Tyranitar, F|100/100
|-weather|Sandstorm|[from] ability: Sand Stream|[of] p1a: Tyranitar
|turn|2
|inactive|Azamak0 has 30 seconds left.
|inactive|Azamak0 has 20 seconds left.
|inactive|Azamak0 has 15 seconds left.
|
|t:|1665044211
|switch|p2a: Landorus|Landorus-Therian, M|100/100
|-ability|p2a: Landorus|Intimidate|boost
|-unboost|p1a: Tyranitar|atk|1
|move|p1a: Tyranitar|Ice Punch|p2a: Landorus
|-supereffective|p2a: Landorus
|-damage|p2a: Landorus|0 fnt
|-damage|p1a: Tyranitar|84/100|[from] item: Rocky Helmet|[of] p2a: Landorus
|faint|p2a: Landorus
|
|-weather|Sandstorm|[upkeep]
|upkeep
|inactive|Azamak0 has 20 seconds left this turn.
|inactive|Azamak0 has 15 seconds left.
|
|t:|1665044219
|switch|p2a: Kartana|Kartana|100/100
|turn|3
|inactive|Azamak0 has 25 seconds left this turn.
|inactive|Azamak0 has 20 seconds left.
|
|t:|1665044226
|switch|p1a: Tornadus|Tornadus-Therian, M|100/100
|move|p2a: Kartana|Knock Off|p1a: Tornadus
|-damage|p1a: Tornadus|54/100
|-enditem|p1a: Tornadus|Heavy-Duty Boots|[from] move: Knock Off|[of] p2a: Kartana
|
|-weather|Sandstorm|[upkeep]
|-damage|p1a: Tornadus|48/100|[from] Sandstorm
|upkeep
|turn|4
|inactive|Azamak0 has 30 seconds left this turn.
|
|t:|1665044234
|switch|p2a: Clefable|Clefable, F|100/100
|move|p1a: Tornadus|Heat Wave|p2a: Clefable
|-damage|p2a: Clefable|85/100
|
|-weather|Sandstorm|[upkeep]
|-damage|p1a: Tornadus|42/100|[from] Sandstorm
|-heal|p2a: Clefable|91/100|[from] item: Leftovers
|upkeep
|turn|5
|inactive|Azamak0 has 30 seconds left.
|
|t:|1665044241
|move|p1a: Tornadus|Knock Off|p2a: Clefable
|-resisted|p2a: Clefable
|-damage|p2a: Clefable|79/100
|-enditem|p2a: Clefable|Leftovers|[from] move: Knock Off|[of] p1a: Tornadus
|move|p2a: Clefable|Thunder Wave|p1a: Tornadus
|-status|p1a: Tornadus|par
|
|-weather|Sandstorm|[upkeep]
|-damage|p1a: Tornadus|36/100 par|[from] Sandstorm
|upkeep
|turn|6
|
|t:|1665044246
|switch|p1a: Aegislash|Aegislash, M|100/100
|move|p2a: Clefable|Moonblast|p1a: Aegislash
|-resisted|p1a: Aegislash
|-damage|p1a: Aegislash|87/100
|
|-weather|none
|upkeep
|turn|7
|
|t:|1665044250
|-formechange|p1a: Aegislash|Aegislash-Blade||[from] ability: Stance Change
|move|p1a: Aegislash|Shadow Ball|p2a: Clefable
|-damage|p2a: Clefable|27/100
|move|p2a: Clefable|Knock Off|p1a: Aegislash
|-supereffective|p1a: Aegislash
|-damage|p1a: Aegislash|24/100
|-enditem|p1a: Aegislash|Choice Specs|[from] move: Knock Off|[of] p2a: Clefable
|
|upkeep
|turn|8
|
|t:|1665044268
|switch|p2a: Toxapex|Toxapex, F|100/100
|move|p1a: Aegislash|Shadow Ball|p2a: Toxapex
|-damage|p2a: Toxapex|61/100
|-unboost|p2a: Toxapex|spd|1
|
|upkeep
|turn|9
|
|t:|1665044283
|move|p1a: Aegislash|Shadow Ball|p2a: Toxapex
|-damage|p2a: Toxapex|0 fnt
|faint|p2a: Toxapex
|
|upkeep
|
|t:|1665044289
|switch|p2a: Dragapult|Dragapult, M|100/100
|turn|10
|
|t:|1665044295
|switch|p1a: Tyranitar|Tyranitar, F|84/100
|-weather|Sandstorm|[from] ability: Sand Stream|[of] p1a: Tyranitar
|move|p2a: Dragapult|Shadow Ball|p1a: Tyranitar
|-resisted|p1a: Tyranitar
|-damage|p1a: Tyranitar|66/100
|
|-weather|Sandstorm|[upkeep]
|-damage|p2a: Dragapult|95/100|[from] Sandstorm
|upkeep
|turn|11
|
|t:|1665044300
|switch|p2a: Corviknight|Corviknight, F|100/100
|-ability|p2a: Corviknight|Pressure
|move|p1a: Tyranitar|Stone Edge|p2a: Corviknight
|-damage|p2a: Corviknight|36/100
|
|-weather|Sandstorm|[upkeep]
|upkeep
|turn|12
|
|t:|1665044305
|move|p1a: Tyranitar|Stone Edge|p2a: Corviknight
|-damage|p2a: Corviknight|0 fnt
|faint|p2a: Corviknight
|
|-weather|Sandstorm|[upkeep]
|upkeep
|
|t:|1665044309
|switch|p2a: Kartana|Kartana|100/100
|turn|13
|
|t:|1665044316
|switch|p1a: Tornadus|Tornadus-Therian, M|69/100 par
|move|p2a: Kartana|Sacred Sword|p1a: Tornadus
|-resisted|p1a: Tornadus
|-crit|p1a: Tornadus
|-damage|p1a: Tornadus|38/100 par
|
|-weather|Sandstorm|[upkeep]
|-damage|p1a: Tornadus|32/100 par|[from] Sandstorm
|upkeep
|turn|14
|
|t:|1665044322
|switch|p1a: Clefable|Clefable, F|100/100
|move|p2a: Kartana|Smart Strike|p1a: Clefable
|-supereffective|p1a: Clefable
|-damage|p1a: Clefable|21/100
|
|-weather|none
|-heal|p1a: Clefable|27/100|[from] item: Leftovers
|upkeep
|turn|15
|
|t:|1665044345
|move|p2a: Kartana|Smart Strike|p1a: Clefable
|-supereffective|p1a: Clefable
|-damage|p1a: Clefable|0 fnt
|faint|p1a: Clefable
|-ability|p2a: Kartana|Beast Boost|boost
|-boost|p2a: Kartana|atk|1
|
|upkeep
|c|☆Azamak0|gg
|
|t:|1665044350
|switch|p1a: Tornadus|Tornadus-Therian, M|65/100 par
|turn|16
|
|t:|1665044363
|switch|p1a: Gastrodon|Gastrodon, F|100/100
|move|p2a: Kartana|Smart Strike|p1a: Gastrodon
|-resisted|p1a: Gastrodon
|-damage|p1a: Gastrodon|59/100
|
|-heal|p1a: Gastrodon|65/100|[from] item: Leftovers
|upkeep
|turn|17
|inactive|Azamak0 has 120 seconds left.
|
|t:|1665044373
|move|p2a: Kartana|Leaf Blade|p1a: Gastrodon
|-supereffective|p1a: Gastrodon
|-damage|p1a: Gastrodon|0 fnt
|faint|p1a: Gastrodon
|-ability|p2a: Kartana|Beast Boost|boost
|-boost|p2a: Kartana|atk|1
|
|upkeep
|
|t:|1665044375
|switch|p1a: Tornadus|Tornadus-Therian, M|98/100 par
|turn|18
|inactive|Azamak0 has 120 seconds left.
|
|t:|1665044402
|move|p2a: Kartana|Smart Strike|p1a: Tornadus
|-damage|p1a: Tornadus|10/100 par
|move|p1a: Tornadus|Heat Wave|p2a: Kartana
|-supereffective|p2a: Kartana
|-damage|p2a: Kartana|0 fnt
|faint|p2a: Kartana
|
|upkeep
|
|t:|1665044411
|switch|p2a: Clefable|Clefable, F|27/100
|turn|19
|
|t:|1665044419
|cant|p1a: Tornadus|par
|move|p2a: Clefable|Soft-Boiled|p2a: Clefable
|-heal|p2a: Clefable|77/100
|
|upkeep
|turn|20
|
|t:|1665044423
|cant|p1a: Tornadus|par
|move|p2a: Clefable|Soft-Boiled|p2a: Clefable
|-heal|p2a: Clefable|100/100
|
|upkeep
|turn|21
|
|t:|1665044431
|move|p1a: Tornadus|Heat Wave|p2a: Clefable
|-damage|p2a: Clefable|83/100
|move|p2a: Clefable|Moonblast|p1a: Tornadus
|-damage|p1a: Tornadus|0 fnt
|faint|p1a: Tornadus
|
|upkeep
|
|t:|1665044435
|switch|p1a: Aegislash|Aegislash, M|24/100
|turn|22
|
|t:|1665044438
|-formechange|p1a: Aegislash|Aegislash-Blade||[from] ability: Stance Change
|move|p1a: Aegislash|Flash Cannon|p2a: Clefable
|-supereffective|p2a: Clefable
|-damage|p2a: Clefable|21/100
|move|p2a: Clefable|Knock Off|p1a: Aegislash
|-supereffective|p1a: Aegislash
|-damage|p1a: Aegislash|0 fnt
|faint|p1a: Aegislash
|
|upkeep
|
|t:|1665044441
|switch|p1a: Tyranitar|Tyranitar, F|66/100
|-weather|Sandstorm|[from] ability: Sand Stream|[of] p1a: Tyranitar
|turn|23
|
|t:|1665044457
|move|p1a: Tyranitar|Crunch|p2a: Clefable
|-resisted|p2a: Clefable
|-damage|p2a: Clefable|0 fnt
|faint|p2a: Clefable
|
|-weather|Sandstorm|[upkeep]
|upkeep
|
|t:|1665044461
|switch|p2a: Dragapult|Dragapult, M|95/100
|turn|24
|
|t:|1665044464
|move|p2a: Dragapult|U-turn|p1a: Tyranitar
|-supereffective|p1a: Tyranitar
|-crit|p1a: Tyranitar
|-damage|p1a: Tyranitar|21/100
|move|p1a: Tyranitar|Crunch|p2a: Dragapult
|-supereffective|p2a: Dragapult
|-damage|p2a: Dragapult|0 fnt
|faint|p2a: Dragapult
|
|win|someidiot19
|raw|someidiot19's rating: 1489 &rarr; <strong>1506</strong><br />(+17 for winning)
|raw|Azamak0's rating: 1442 &rarr; <strong>1425</strong><br />(-17 for losing)
