|html|<div class="broadcast-blue"><strong>[Gen 8] OU is currently suspecting Spectrier! For information on how to participate check out the <a href="https://www.smogon.com/forums/threads/np-ss-ou-suspect-process-round-9-old-town-road.3676744/">suspect thread</a>.</strong></div>
|j|☆AstaXMimosa
|j|☆LolzMachine
|t:|1612106415
|player|p1|AstaXMimosa|darach|1576
|player|p2|LolzMachine|294|1543
|teamsize|p1|6
|teamsize|p2|6
|gametype|singles
|gen|8
|tier|[Gen 8] OU
|rated|
|clearpoke
|poke|p1|Landorus-Therian, M|
|poke|p1|Obstagoon, M|
|poke|p1|Spectrier|
|poke|p1|Clefable, F|
|poke|p1|Moltres|
|poke|p1|Toxapex, F|
|poke|p2|Slowbro-Galar, F|
|poke|p2|Cloyster, M|
|poke|p2|Togekiss, M|
|poke|p2|Golurk|
|poke|p2|Sirfetch’d, F|
|poke|p2|Jirachi|
|rule|Sleep Clause Mod: Limit one foe put to sleep
|rule|Species Clause: Limit one of each Pokémon
|rule|OHKO Clause: OHKO moves are banned
|rule|Evasion Moves Clause: Evasion moves are banned
|rule|Endless Battle Clause: Forcing endless battles is banned
|rule|HP Percentage Mod: HP is shown in percentages
|rule|Dynamax Clause: You cannot dynamax
|teampreview
|j| Les 2BG
|c|☆AstaXMimosa|emvee lol?
|
|t:|1612106446
|start
|switch|p1a: Clefable|Clefable, F|100/100
|switch|p2a: Golurk|Golurk|100/100
|turn|1
|
|t:|1612106454
|move|p2a: Golurk|Poltergeist|p1a: Clefable
|-activate|p1a: Clefable|move: Poltergeist|Leftovers
|-damage|p1a: Clefable|53/100
|move|p1a: Clefable|Moonblast|p2a: Golurk
|-crit|p2a: Golurk
|-damage|p2a: Golurk|38/100
|-unboost|p2a: Golurk|spa|1
|
|-heal|p1a: Clefable|59/100|[from] item: Leftovers
|upkeep
|turn|2
|
|t:|1612106458
|move|p2a: Golurk|Dynamic Punch|p1a: Clefable
|-resisted|p1a: Clefable
|-damage|p1a: Clefable|46/100
|-start|p1a: Clefable|confusion
|-activate|p1a: Clefable|confusion
|move|p1a: Clefable|Moonblast|p2a: Golurk
|-damage|p2a: Golurk|1/100
|-unboost|p2a: Golurk|spa|1
|
|-heal|p1a: Clefable|53/100|[from] item: Leftovers
|upkeep
|turn|3
|
|t:|1612106464
|switch|p1a: Toxapex|Toxapex, F|100/100
|move|p2a: Golurk|Poltergeist|p1a: Toxapex
|-activate|p1a: Toxapex|move: Poltergeist|Rocky Helmet
|-damage|p1a: Toxapex|67/100
|
|upkeep
|turn|4
|
|t:|1612106472
|move|p2a: Golurk|Stealth Rock|p1a: Toxapex
|-sidestart|p1: AstaXMimosa|move: Stealth Rock
|move|p1a: Toxapex|Knock Off|p2a: Golurk
|-supereffective|p2a: Golurk
|-damage|p2a: Golurk|0 fnt
|-enditem|p2a: Golurk|Focus Sash|[from] move: Knock Off|[of] p1a: Toxapex
|faint|p2a: Golurk
|
|upkeep
|
|t:|1612106488
|switch|p2a: Slowbro|Slowbro-Galar, F|100/100
|turn|5
|
|t:|1612106493
|switch|p1a: Moltres|Moltres|100/100
|move|p2a: Slowbro|Nasty Plot|p2a: Slowbro
|-boost|p2a: Slowbro|spa|2
|
|upkeep
|turn|6
|-activate|p2a: Slowbro|ability: Quick Draw
|
|t:|1612106498
|move|p2a: Slowbro|Shell Side Arm|p1a: Moltres
|-damage|p1a: Moltres|35/100
|-hint|Special Shell Side Arm
|-status|p1a: Moltres|psn
|move|p1a: Moltres|Mystical Fire|p2a: Slowbro
|-damage|p2a: Slowbro|60/100
|-unboost|p2a: Slowbro|spa|1
|
|-damage|p1a: Moltres|22/100 psn|[from] psn
|upkeep
|turn|7
|
|t:|1612106504
|move|p1a: Moltres|Defog|p2a: Slowbro
|-unboost|p2a: Slowbro|evasion|1
|-sideend|p1: AstaXMimosa|Stealth Rock|[from] move: Defog|[of] p1a: Moltres
|move|p2a: Slowbro|Shell Side Arm|p1a: Moltres
|-damage|p1a: Moltres|0 fnt
|-hint|Special Shell Side Arm
|faint|p1a: Moltres
|
|upkeep
|
|t:|1612106508
|switch|p1a: Spectrier|Spectrier|100/100
|turn|8
|
|t:|1612106511
|move|p1a: Spectrier|Shadow Ball|p2a: Slowbro
|-supereffective|p2a: Slowbro
|-damage|p2a: Slowbro|0 fnt
|faint|p2a: Slowbro
|-ability|p1a: Spectrier|Grim Neigh|boost
|-boost|p1a: Spectrier|spa|1
|
|upkeep
|
|t:|1612106514
|switch|p2a: Togekiss|Togekiss, M|100/100
|turn|9
|
|t:|1612106521
|move|p2a: Togekiss|Air Slash|p1a: Spectrier
|-damage|p1a: Spectrier|53/100
|cant|p1a: Spectrier|flinch
|
|upkeep
|turn|10
|
|t:|1612106526
|switch|p1a: Toxapex|Toxapex, F|99/100
|move|p2a: Togekiss|Air Slash|p1a: Toxapex
|-damage|p1a: Toxapex|67/100
|
|upkeep
|turn|11
|
|t:|1612106533
|move|p2a: Togekiss|Air Slash|p1a: Toxapex
|-damage|p1a: Toxapex|38/100
|move|p1a: Toxapex|Poison Jab|p2a: Togekiss
|-supereffective|p2a: Togekiss
|-crit|p2a: Togekiss
|-damage|p2a: Togekiss|36/100
|
|upkeep
|turn|12
|
|t:|1612106539
|switch|p1a: Landorus|Landorus-Therian, M|100/100
|-ability|p1a: Landorus|Intimidate|boost
|-unboost|p2a: Togekiss|atk|1
|move|p2a: Togekiss|Air Slash|p1a: Landorus
|-damage|p1a: Landorus|56/100
|
|upkeep
|turn|13
|
|t:|1612106545
|move|p1a: Landorus|Stone Edge|p2a: Togekiss
|-supereffective|p2a: Togekiss
|-damage|p2a: Togekiss|0 fnt
|faint|p2a: Togekiss
|
|upkeep
|
|t:|1612106546
|switch|p2a: Cloyster|Cloyster, M|100/100
|turn|14
|
|t:|1612106549
|move|p1a: Landorus|Stone Edge|p2a: Cloyster|[miss]
|-miss|p1a: Landorus|p2a: Cloyster
|move|p2a: Cloyster|Shell Smash|p2a: Cloyster
|-unboost|p2a: Cloyster|def|1
|-unboost|p2a: Cloyster|spd|1
|-boost|p2a: Cloyster|atk|2
|-boost|p2a: Cloyster|spa|2
|-boost|p2a: Cloyster|spe|2
|
|upkeep
|turn|15
|
|t:|1612106551
|move|p2a: Cloyster|Icicle Spear|p1a: Landorus
|-supereffective|p1a: Landorus
|-damage|p1a: Landorus|0 fnt
|-hitcount|p1a: Landorus|1
|faint|p1a: Landorus
|
|upkeep
|
|t:|1612106571
|switch|p1a: Spectrier|Spectrier|53/100
|turn|16
|
|t:|1612106584
|switch|p1a: Toxapex|Toxapex, F|71/100
|move|p2a: Cloyster|Icicle Spear|p1a: Toxapex
|-resisted|p1a: Toxapex
|-damage|p1a: Toxapex|64/100
|-resisted|p1a: Toxapex
|-damage|p1a: Toxapex|57/100
|-resisted|p1a: Toxapex
|-damage|p1a: Toxapex|50/100
|-resisted|p1a: Toxapex
|-damage|p1a: Toxapex|43/100
|-resisted|p1a: Toxapex
|-damage|p1a: Toxapex|37/100
|-hitcount|p1a: Toxapex|5
|
|upkeep
|turn|17
|
|t:|1612106590
|switch|p1a: Clefable|Clefable, F|53/100
|move|p2a: Cloyster|Rock Blast|p1a: Clefable|[miss]
|-miss|p2a: Cloyster|p1a: Clefable
|
|-heal|p1a: Clefable|59/100|[from] item: Leftovers
|upkeep
|turn|18
|
|t:|1612106598
|move|p2a: Cloyster|Icicle Spear|p1a: Clefable
|-damage|p1a: Clefable|41/100
|-damage|p1a: Clefable|21/100
|-damage|p1a: Clefable|1/100
|-damage|p1a: Clefable|0 fnt
|-hitcount|p1a: Clefable|4
|faint|p1a: Clefable
|
|upkeep
|l| Les 2BG
|
|t:|1612106615
|switch|p1a: Obstagoon|Obstagoon, M|100/100
|turn|19
|
|t:|1612106623
|move|p2a: Cloyster|Icicle Spear|p1a: Obstagoon
|-damage|p1a: Obstagoon|76/100
|-damage|p1a: Obstagoon|51/100
|-damage|p1a: Obstagoon|28/100
|-crit|p1a: Obstagoon
|-damage|p1a: Obstagoon|0 fnt
|-hitcount|p1a: Obstagoon|4
|faint|p1a: Obstagoon
|
|upkeep
|-message|AstaXMimosa forfeited.
|
|win|LolzMachine
|l|☆AstaXMimosa
||Ladder (probably) updated, but score could not be retrieved (Request timeout).
