|j|☆Mamaw31180
|j|☆Mambroeru
|t:|1603840374
|player|p1|Mamaw31180|169|1428
|player|p2|Mambroeru|swimmer-gen4dp|1389
|teamsize|p1|6
|teamsize|p2|6
|gametype|singles
|gen|8
|tier|[Gen 8] OU
|rated|
|clearpoke
|poke|p1|Heatran, F|
|poke|p1|Tornadus-Therian, M|
|poke|p1|Zygarde|
|poke|p1|Genesect|
|poke|p1|Naganadel|
|poke|p1|Urshifu-*, M|
|poke|p2|Zapdos-Galar|
|poke|p2|Ribombee, F|
|poke|p2|Regieleki|
|poke|p2|Heatran, M|
|poke|p2|Genesect|
|poke|p2|Spectrier|
|rule|Sleep Clause Mod: Limit one foe put to sleep
|rule|Species Clause: Limit one of each Pokémon
|rule|OHKO Clause: OHKO moves are banned
|rule|Evasion Moves Clause: Evasion moves are banned
|rule|Endless Battle Clause: Forcing endless battles is banned
|rule|HP Percentage Mod: HP is shown in percentages
|rule|Dynamax Clause: You cannot dynamax
|teampreview
|inactive|Battle timer is ON: inactive players will automatically lose when time's up. (requested by Mamaw31180)
|inactive|Mambroeru has 120 seconds left.
|
|t:|1603840424
|start
|switch|p1a: Tornadus|Tornadus-Therian, M|100/100
|switch|p2a: Ribombee|Ribombee, F|100/100
|turn|1
|
|t:|1603840435
|move|p2a: Ribombee|Stun Spore|p1a: Tornadus|[miss]
|-miss|p2a: Ribombee|p1a: Tornadus
|move|p1a: Tornadus|Heat Wave|p2a: Ribombee
|-supereffective|p2a: Ribombee
|-damage|p2a: Ribombee|19/100
|
|upkeep
|turn|2
|
|t:|1603840445
|move|p2a: Ribombee|Sticky Web|p1a: Tornadus
|-sidestart|p1: Mamaw31180|move: Sticky Web
|move|p1a: Tornadus|Heat Wave|p2a: Ribombee
|-supereffective|p2a: Ribombee
|-damage|p2a: Ribombee|0 fnt
|faint|p2a: Ribombee
|
|upkeep
|
|t:|1603840458
|switch|p2a: Regieleki|Regieleki|100/100
|turn|3
|
|t:|1603840463
|switch|p2a: Spectrier|Spectrier|100/100
|switch|p1a: Zygarde|Zygarde|100/100
|-activate|p1a: Zygarde|move: Sticky Web
|-unboost|p1a: Zygarde|spe|1
|-ability|p1a: Zygarde|Aura Break
|
|upkeep
|turn|4
|
|t:|1603840473
|switch|p1a: Tornadus|Tornadus-Therian, M|100/100
|move|p2a: Spectrier|Shadow Ball|p1a: Tornadus
|-damage|p1a: Tornadus|23/100
|
|upkeep
|turn|5
|
|t:|1603840483
|switch|p1a: Urshifu|Urshifu, M|100/100
|-activate|p1a: Urshifu|move: Sticky Web
|-unboost|p1a: Urshifu|spe|1
|move|p2a: Spectrier|Shadow Ball|p1a: Urshifu
|-resisted|p1a: Urshifu
|-damage|p1a: Urshifu|43/100
|-unboost|p1a: Urshifu|spd|1
|
|upkeep
|turn|6
|
|t:|1603840499
|switch|p2a: Zapdos|Zapdos-Galar|100/100
|move|p1a: Urshifu|Sucker Punch||[still]
|-fail|p1a: Urshifu
|
|upkeep
|turn|7
|
|t:|1603840528
|switch|p1a: Tornadus|Tornadus-Therian, M|57/100
|move|p2a: Zapdos|Agility|p2a: Zapdos
|-boost|p2a: Zapdos|spe|2
|
|upkeep
|turn|8
|
|t:|1603840540
|move|p2a: Zapdos|Drill Peck|p1a: Tornadus
|-damage|p1a: Tornadus|6/100
|move|p1a: Tornadus|Hurricane|p2a: Zapdos|[miss]
|-miss|p1a: Tornadus|p2a: Zapdos
|
|upkeep
|turn|9
|
|t:|1603840553
|switch|p1a: Heatran|Heatran, F|100/100
|-activate|p1a: Heatran|move: Sticky Web
|-unboost|p1a: Heatran|spe|1
|move|p2a: Zapdos|Drill Peck|p1a: Heatran
|-resisted|p1a: Heatran
|-damage|p1a: Heatran|81/100
|
|-heal|p1a: Heatran|87/100|[from] item: Leftovers
|upkeep
|turn|10
|
|t:|1603840566
|switch|p1a: Naganadel|Naganadel|100/100
|-activate|p1a: Naganadel|move: Sticky Web
|-unboost|p1a: Naganadel|spe|1
|move|p2a: Zapdos|Thunderous Kick|p1a: Naganadel
|-resisted|p1a: Naganadel
|-damage|p1a: Naganadel|64/100
|-unboost|p1a: Naganadel|def|1
|
|upkeep
|turn|11
|
|t:|1603840580
|move|p2a: Zapdos|Drill Peck|p1a: Naganadel
|-crit|p1a: Naganadel
|-damage|p1a: Naganadel|0 fnt
|faint|p1a: Naganadel
|
|upkeep
|
|t:|1603840588
|switch|p1a: Genesect|Genesect, shiny|100/100
|-activate|p1a: Genesect|move: Sticky Web
|-unboost|p1a: Genesect|spe|1
|-ability|p1a: Genesect|Download|boost
|-boost|p1a: Genesect|atk|1
|turn|12
|
|t:|1603840594
|move|p2a: Zapdos|Thunderous Kick|p1a: Genesect
|-damage|p1a: Genesect|27/100
|-unboost|p1a: Genesect|def|1
|move|p1a: Genesect|U-turn|p2a: Zapdos
|-resisted|p2a: Zapdos
|-damage|p2a: Zapdos|87/100
|
|t:|1603840598
|switch|p1a: Tornadus|Tornadus-Therian, M|39/100|[from]move: U-turn
|
|-heal|p2a: Zapdos|94/100|[from] item: Leftovers
|upkeep
|turn|13
|
|t:|1603840607
|switch|p1a: Genesect|Genesect, shiny|27/100
|-activate|p1a: Genesect|move: Sticky Web
|-unboost|p1a: Genesect|spe|1
|-ability|p1a: Genesect|Download|boost
|-boost|p1a: Genesect|atk|1
|move|p2a: Zapdos|Drill Peck|p1a: Genesect
|-damage|p1a: Genesect|0 fnt
|faint|p1a: Genesect
|
|-heal|p2a: Zapdos|99/100|[from] item: Leftovers
|upkeep
|
|t:|1603840610
|switch|p1a: Tornadus|Tornadus-Therian, M|72/100
|turn|14
|
|t:|1603840613
|move|p2a: Zapdos|Drill Peck|p1a: Tornadus
|-damage|p1a: Tornadus|22/100
|move|p1a: Tornadus|Hurricane|p2a: Zapdos
|-supereffective|p2a: Zapdos
|-damage|p2a: Zapdos|3/100
|
|-heal|p2a: Zapdos|9/100|[from] item: Leftovers
|upkeep
|turn|15
|
|t:|1603840628
|move|p2a: Zapdos|Drill Peck|p1a: Tornadus
|-damage|p1a: Tornadus|0 fnt
|faint|p1a: Tornadus
|
|-heal|p2a: Zapdos|15/100|[from] item: Leftovers
|upkeep
|
|t:|1603840632
|switch|p1a: Urshifu|Urshifu, M|43/100
|-activate|p1a: Urshifu|move: Sticky Web
|-unboost|p1a: Urshifu|spe|1
|turn|16
|
|t:|1603840637
|move|p1a: Urshifu|Sucker Punch||[still]
|-fail|p1a: Urshifu
|move|p2a: Zapdos|Bulk Up|p2a: Zapdos
|-boost|p2a: Zapdos|atk|1
|-boost|p2a: Zapdos|def|1
|
|-heal|p2a: Zapdos|21/100|[from] item: Leftovers
|upkeep
|turn|17
|
|t:|1603840643
|switch|p1a: Heatran|Heatran, F|87/100
|-activate|p1a: Heatran|move: Sticky Web
|-unboost|p1a: Heatran|spe|1
|move|p2a: Zapdos|Thunderous Kick|p1a: Heatran
|-supereffective|p1a: Heatran
|-damage|p1a: Heatran|0 fnt
|faint|p1a: Heatran
|
|-heal|p2a: Zapdos|28/100|[from] item: Leftovers
|upkeep
|
|t:|1603840647
|switch|p1a: Zygarde|Zygarde|100/100
|-activate|p1a: Zygarde|move: Sticky Web
|-unboost|p1a: Zygarde|spe|1
|-ability|p1a: Zygarde|Aura Break
|turn|18
|
|t:|1603840660
|move|p2a: Zapdos|Thunderous Kick|p1a: Zygarde
|-damage|p1a: Zygarde|43/100
|-unboost|p1a: Zygarde|def|1
|move|p1a: Zygarde|Thousand Arrows|p2a: Zapdos
|-damage|p2a: Zapdos|0 fnt
|faint|p2a: Zapdos
|
|-heal|p1a: Zygarde|50/100|[from] item: Leftovers
|upkeep
|
|t:|1603840675
|switch|p2a: Genesect|Genesect, shiny|100/100
|-ability|p2a: Genesect|Download|boost
|-boost|p2a: Genesect|atk|1
|turn|19
|
|t:|1603840681
|switch|p1a: Urshifu|Urshifu, M|43/100
|-activate|p1a: Urshifu|move: Sticky Web
|-unboost|p1a: Urshifu|spe|1
|move|p2a: Genesect|Iron Head|p1a: Urshifu
|-damage|p1a: Urshifu|0 fnt
|faint|p1a: Urshifu
|
|upkeep
|
|t:|1603840687
|switch|p1a: Zygarde|Zygarde|50/100
|-activate|p1a: Zygarde|move: Sticky Web
|-unboost|p1a: Zygarde|spe|1
|-ability|p1a: Zygarde|Aura Break
|turn|20
|
|t:|1603840694
|move|p2a: Genesect|Iron Head|p1a: Zygarde
|-damage|p1a: Zygarde|0 fnt
|faint|p1a: Zygarde
|
|win|Mambroeru
|l|☆Mamaw31180
||Ladder (probably) updated, but score could not be retrieved (Request timeout).
