|html|<div class="broadcast-blue"><strong>[Gen 8] OU is currently suspecting Melmetal! For information on how to participate check out the <a href="https://www.smogon.com/forums/threads/np-ss-ou-suspect-process-round-12-monster-mash.3709234/">suspect thread</a>.</strong></div>
|j|☆Huskothy
|j|☆OUTD Rose
|t:|1666040248
|gametype|singles
|player|p1|Huskothy|lucas|1618
|player|p2|OUTD Rose|pokemonranger-gen6xy|1612
|teamsize|p1|6
|teamsize|p2|6
|gen|8
|tier|[Gen 8] OU
|rated|
|rule|Sleep Clause Mod: Limit one foe put to sleep
|rule|Species Clause: Limit one of each Pokémon
|rule|OHKO Clause: OHKO moves are banned
|rule|Evasion Items Clause: Evasion items are banned
|rule|Evasion Moves Clause: Evasion moves are banned
|rule|Endless Battle Clause: Forcing endless battles is banned
|rule|HP Percentage Mod: HP is shown in percentages
|rule|Dynamax Clause: You cannot dynamax
|clearpoke
|poke|p1|Salamence, M|
|poke|p1|Pelipper, F|
|poke|p1|Barraskewda, F|
|poke|p1|Ferrothorn, M|
|poke|p1|Seismitoad, M|
|poke|p1|Bisharp, F|
|poke|p2|Mamoswine, M|
|poke|p2|Primarina, F|
|poke|p2|Zapdos|
|poke|p2|Victini|
|poke|p2|Ferrothorn, F|
|poke|p2|Latios, M|
|teampreview
|
|t:|1666040267
|start
|switch|p1a: Salamence|Salamence, M|100/100
|switch|p2a: CAPALA|Zapdos|100/100
|-ability|p1a: Salamence|Intimidate|boost
|-unboost|p2a: CAPALA|atk|1
|turn|1
|
|t:|1666040270
|move|p1a: Salamence|Draco Meteor|p2a: CAPALA
|-damage|p2a: CAPALA|9/100
|-unboost|p1a: Salamence|spa|2
|move|p2a: CAPALA|Volt Switch|p1a: Salamence
|-damage|p1a: Salamence|62/100
|
|t:|1666040279
|switch|p2a: SEA CHANGE|Primarina, F|100/100|[from]move: Volt Switch
|
|upkeep
|turn|2
|
|t:|1666040291
|switch|p1a: Bisharp|Bisharp, F|100/100
|switch|p2a: CAPALA|Zapdos|9/100
|
|upkeep
|turn|3
|
|t:|1666040296
|switch|p2a: SPINE CURVES|Ferrothorn, F|100/100
|move|p1a: Bisharp|Knock Off|p2a: SPINE CURVES
|-damage|p2a: SPINE CURVES|73/100
|-damage|p1a: Bisharp|88/100|[from] ability: Iron Barbs|[of] p2a: SPINE CURVES
|-enditem|p2a: SPINE CURVES|Leftovers|[from] move: Knock Off|[of] p1a: Bisharp
|
|upkeep
|turn|4
|
|t:|1666040302
|move|p1a: Bisharp|Brick Break|p2a: SPINE CURVES
|-supereffective|p2a: SPINE CURVES
|-damage|p2a: SPINE CURVES|43/100
|-damage|p1a: Bisharp|76/100|[from] ability: Iron Barbs|[of] p2a: SPINE CURVES
|move|p2a: SPINE CURVES|Stealth Rock|p1a: Bisharp
|-sidestart|p1: Huskothy|move: Stealth Rock
|
|upkeep
|turn|5
|
|t:|1666040307
|move|p1a: Bisharp|Brick Break|p2a: SPINE CURVES
|-supereffective|p2a: SPINE CURVES
|-damage|p2a: SPINE CURVES|14/100
|-damage|p1a: Bisharp|64/100|[from] ability: Iron Barbs|[of] p2a: SPINE CURVES
|move|p2a: SPINE CURVES|Body Press|p1a: Bisharp
|-supereffective|p1a: Bisharp
|-damage|p1a: Bisharp|0 fnt
|faint|p1a: Bisharp
|
|upkeep
|
|t:|1666040314
|switch|p1a: Barraskewda|Barraskewda, F|100/100
|-damage|p1a: Barraskewda|88/100|[from] Stealth Rock
|turn|6
|
|t:|1666040319
|move|p1a: Barraskewda|Flip Turn|p2a: SPINE CURVES
|-resisted|p2a: SPINE CURVES
|-damage|p2a: SPINE CURVES|0 fnt
|-damage|p1a: Barraskewda|76/100|[from] ability: Iron Barbs|[of] p2a: SPINE CURVES
|faint|p2a: SPINE CURVES
|j| Jongruenwald
|
|t:|1666040331
|switch|p1a: Pelipper|Pelipper, F|100/100|[from]move: Flip Turn
|-damage|p1a: Pelipper|76/100|[from] Stealth Rock
|-weather|RainDance|[from] ability: Drizzle|[of] p1a: Pelipper
|
|-weather|RainDance|[upkeep]
|upkeep
|j| First loves
|
|t:|1666040349
|switch|p2a: CAPALA|Zapdos|9/100
|turn|7
|
|t:|1666040353
|switch|p1a: Seismitoad|Seismitoad, M|100/100
|-damage|p1a: Seismitoad|95/100|[from] Stealth Rock
|move|p2a: CAPALA|Hurricane|p1a: Seismitoad
|-damage|p1a: Seismitoad|35/100
|
|-weather|RainDance|[upkeep]
|upkeep
|turn|8
|
|t:|1666040364
|switch|p2a: SEA CHANGE|Primarina, F|100/100
|move|p1a: Seismitoad|Hydro Pump|p2a: SEA CHANGE|[miss]
|-miss|p1a: Seismitoad|p2a: SEA CHANGE
|
|-weather|RainDance|[upkeep]
|upkeep
|turn|9
|
|t:|1666040370
|move|p1a: Seismitoad|Earth Power|p2a: SEA CHANGE
|-damage|p2a: SEA CHANGE|62/100
|-damage|p1a: Seismitoad|25/100|[from] item: Life Orb
|move|p2a: SEA CHANGE|Scald|p1a: Seismitoad
|-damage|p1a: Seismitoad|0 fnt
|faint|p1a: Seismitoad
|
|-weather|RainDance|[upkeep]
|-heal|p2a: SEA CHANGE|69/100|[from] item: Leftovers
|upkeep
|
|t:|1666040375
|switch|p1a: Ferrothorn|Ferrothorn, M|100/100
|-damage|p1a: Ferrothorn|94/100|[from] Stealth Rock
|turn|10
|
|t:|1666040381
|move|p2a: SEA CHANGE|Scald|p1a: Ferrothorn
|-resisted|p1a: Ferrothorn
|-damage|p1a: Ferrothorn|78/100
|move|p1a: Ferrothorn|Leech Seed|p2a: SEA CHANGE
|-start|p2a: SEA CHANGE|move: Leech Seed
|
|-weather|RainDance|[upkeep]
|-heal|p2a: SEA CHANGE|75/100|[from] item: Leftovers
|-heal|p1a: Ferrothorn|85/100|[from] item: Leftovers
|-damage|p2a: SEA CHANGE|62/100|[from] Leech Seed|[of] p1a: Ferrothorn
|-heal|p1a: Ferrothorn|97/100|[silent]
|upkeep
|turn|11
|
|t:|1666040390
|move|p2a: SEA CHANGE|Scald|p1a: Ferrothorn
|-resisted|p1a: Ferrothorn
|-crit|p1a: Ferrothorn
|-damage|p1a: Ferrothorn|72/100
|move|p1a: Ferrothorn|Spikes|p2a: SEA CHANGE
|-sidestart|p2: OUTD Rose|Spikes
|
|-weather|RainDance|[upkeep]
|-heal|p2a: SEA CHANGE|68/100|[from] item: Leftovers
|-heal|p1a: Ferrothorn|78/100|[from] item: Leftovers
|-damage|p2a: SEA CHANGE|56/100|[from] Leech Seed|[of] p1a: Ferrothorn
|-heal|p1a: Ferrothorn|91/100|[silent]
|upkeep
|turn|12
|
|t:|1666040395
|switch|p2a: CAPALA|Zapdos|9/100
|move|p1a: Ferrothorn|Spikes|p2a: CAPALA
|-sidestart|p2: OUTD Rose|Spikes
|
|-weather|RainDance|[upkeep]
|-heal|p1a: Ferrothorn|97/100|[from] item: Leftovers
|upkeep
|turn|13
|
|t:|1666040399
|move|p2a: CAPALA|Roost|p2a: CAPALA
|-heal|p2a: CAPALA|60/100
|-singleturn|p2a: CAPALA|move: Roost
|move|p1a: Ferrothorn|Leech Seed|p2a: CAPALA
|-start|p2a: CAPALA|move: Leech Seed
|
|-weather|none
|-heal|p1a: Ferrothorn|100/100|[from] item: Leftovers
|-damage|p2a: CAPALA|47/100|[from] Leech Seed|[of] p1a: Ferrothorn
|upkeep
|turn|14
|
|t:|1666040404
|move|p2a: CAPALA|Roost|p2a: CAPALA
|-heal|p2a: CAPALA|97/100
|-singleturn|p2a: CAPALA|move: Roost
|move|p1a: Ferrothorn|Leech Seed||[still]
|-fail|p1a: Ferrothorn
|
|-damage|p2a: CAPALA|85/100|[from] Leech Seed|[of] p1a: Ferrothorn
|upkeep
|turn|15
|
|t:|1666040409
|move|p2a: CAPALA|Defog|p1a: Ferrothorn
|-unboost|p1a: Ferrothorn|evasion|1
|-sideend|p1: Huskothy|Stealth Rock|[from] move: Defog|[of] p2a: CAPALA
|-sideend|p2: OUTD Rose|Spikes|[from] move: Defog|[of] p2a: CAPALA
|move|p1a: Ferrothorn|Knock Off|p2a: CAPALA
|-damage|p2a: CAPALA|69/100
|-status|p1a: Ferrothorn|par|[from] ability: Static|[of] p2a: CAPALA
|-enditem|p2a: CAPALA|Heavy-Duty Boots|[from] move: Knock Off|[of] p1a: Ferrothorn
|
|-damage|p2a: CAPALA|57/100|[from] Leech Seed|[of] p1a: Ferrothorn
|upkeep
|turn|16
|
|t:|1666040412
|move|p2a: CAPALA|Volt Switch|p1a: Ferrothorn
|-resisted|p1a: Ferrothorn
|-damage|p1a: Ferrothorn|90/100 par
|
|t:|1666040415
|switch|p2a: HOT THOUGHTS|Victini|100/100|[from]move: Volt Switch
|move|p1a: Ferrothorn|Spikes|p2a: HOT THOUGHTS
|-sidestart|p2: OUTD Rose|Spikes
|
|-heal|p1a: Ferrothorn|97/100 par|[from] item: Leftovers
|upkeep
|turn|17
|
|t:|1666040421
|switch|p1a: Pelipper|Pelipper, F|76/100
|-weather|RainDance|[from] ability: Drizzle|[of] p1a: Pelipper
|move|p2a: HOT THOUGHTS|Bolt Strike|p1a: Pelipper
|-supereffective|p1a: Pelipper
|-damage|p1a: Pelipper|0 fnt
|faint|p1a: Pelipper
|
|-weather|RainDance|[upkeep]
|upkeep
|
|t:|1666040423
|switch|p1a: Salamence|Salamence, M|62/100
|-ability|p1a: Salamence|Intimidate|boost
|-unboost|p2a: HOT THOUGHTS|atk|1
|turn|18
|
|t:|1666040452
|move|p1a: Salamence|Hurricane|p2a: HOT THOUGHTS
|-damage|p2a: HOT THOUGHTS|18/100
|move|p2a: HOT THOUGHTS|Glaciate|p1a: Salamence
|-supereffective|p1a: Salamence
|-crit|p1a: Salamence
|-damage|p1a: Salamence|0 fnt
|faint|p1a: Salamence
|
|-weather|RainDance|[upkeep]
|upkeep
|
|t:|1666040456
|switch|p1a: Barraskewda|Barraskewda, F|76/100
|turn|19
|
|t:|1666040460
|switch|p2a: CAPALA|Zapdos|57/100
|move|p1a: Barraskewda|Liquidation|p2a: CAPALA
|-damage|p2a: CAPALA|0 fnt
|faint|p2a: CAPALA
|
|-weather|RainDance|[upkeep]
|upkeep
|
|t:|1666040510
|switch|p2a: TESSELATE|Latios, M|100/100
|turn|20
|
|t:|1666040514
|switch|p1a: Ferrothorn|Ferrothorn, M|97/100 par
|move|p2a: TESSELATE|Psychic|p1a: Ferrothorn
|-resisted|p1a: Ferrothorn
|-damage|p1a: Ferrothorn|81/100 par
|
|-weather|RainDance|[upkeep]
|-heal|p1a: Ferrothorn|87/100 par|[from] item: Leftovers
|upkeep
|turn|21
|
|t:|1666040528
|switch|p2a: SEA CHANGE|Primarina, F|56/100
|-damage|p2a: SEA CHANGE|43/100|[from] Spikes
|move|p1a: Ferrothorn|Power Whip|p2a: SEA CHANGE
|-supereffective|p2a: SEA CHANGE
|-damage|p2a: SEA CHANGE|0 fnt
|faint|p2a: SEA CHANGE
|
|-weather|RainDance|[upkeep]
|-heal|p1a: Ferrothorn|94/100 par|[from] item: Leftovers
|upkeep
|
|t:|1666040536
|switch|p2a: HORRIBLY RIGHT|Mamoswine, M|100/100
|-damage|p2a: HORRIBLY RIGHT|88/100|[from] Spikes
|turn|22
|
|t:|1666040540
|move|p2a: HORRIBLY RIGHT|Icicle Crash|p1a: Ferrothorn
|-damage|p1a: Ferrothorn|62/100 par
|cant|p1a: Ferrothorn|flinch
|
|-weather|RainDance|[upkeep]
|-heal|p1a: Ferrothorn|68/100 par|[from] item: Leftovers
|upkeep
|turn|23
|
|t:|1666040546
|switch|p1a: Barraskewda|Barraskewda, F|76/100
|move|p2a: HORRIBLY RIGHT|Earthquake|p1a: Barraskewda
|-damage|p1a: Barraskewda|0 fnt
|faint|p1a: Barraskewda
|
|-weather|RainDance|[upkeep]
|upkeep
|c|☆Huskothy|gg
|-message|Huskothy forfeited.
|
|win|OUTD Rose
|raw|Huskothy's rating: 1618 &rarr; <strong>1598</strong><br />(-20 for losing)
|raw|OUTD Rose's rating: 1612 &rarr; <strong>1632</strong><br />(+20 for winning)
|l|☆Huskothy
|c|☆OUTD Rose|gg
|l| First loves
||Ladder isn't responding, score probably updated but might not have (Request timeout).
|l| Jongruenwald
