|j|☆damorush
|j|☆ImagineWagins
|t:|1603692016
|player|p1|damorush|steven|1537
|player|p2|ImagineWagins|swimmer-gen4|1526
|teamsize|p1|6
|teamsize|p2|6
|gametype|singles
|gen|8
|tier|[Gen 8] OU
|rated|
|clearpoke
|poke|p1|Aegislash, F|
|poke|p1|Urshifu-*, F|
|poke|p1|Zeraora|
|poke|p1|Volcarona, M|
|poke|p1|Shuckle, M|
|poke|p1|Hydreigon, F|
|poke|p2|Blaziken, M|
|poke|p2|Genesect|
|poke|p2|Tapu Bulu|
|poke|p2|Landorus, M|
|poke|p2|Volcanion|
|poke|p2|Spectrier|
|rule|Sleep Clause Mod: Limit one foe put to sleep
|rule|Species Clause: Limit one of each Pokémon
|rule|OHKO Clause: OHKO moves are banned
|rule|Evasion Moves Clause: Evasion moves are banned
|rule|Endless Battle Clause: Forcing endless battles is banned
|rule|HP Percentage Mod: HP is shown in percentages
|rule|Dynamax Clause: You cannot dynamax
|teampreview
|
|t:|1603692024
|start
|switch|p1a: Shuckle|Shuckle, M|100/100
|switch|p2a: Volcanion|Volcanion|100/100
|turn|1
|inactive|Battle timer is ON: inactive players will automatically lose when time's up. (requested by ImagineWagins)
|
|t:|1603692031
|move|p2a: Volcanion|Steam Eruption|p1a: Shuckle
|-supereffective|p1a: Shuckle
|-damage|p1a: Shuckle|22/100
|-enditem|p1a: Shuckle|Red Card|[of] p2a: Volcanion
|drag|p2a: Landorus|Landorus, M|100/100
|move|p1a: Shuckle|Sticky Web|p2a: Landorus
|-sidestart|p2: ImagineWagins|move: Sticky Web
|
|upkeep
|turn|2
|
|t:|1603692042
|switch|p1a: Hydreigon|Hydreigon, F|100/100
|move|p2a: Landorus|Earth Power|p1a: Hydreigon
|-immune|p1a: Hydreigon|[from] ability: Levitate
|
|upkeep
|turn|3
|
|t:|1603692055
|move|p2a: Landorus|Focus Blast|p1a: Hydreigon|[miss]
|-miss|p2a: Landorus|p1a: Hydreigon
|move|p1a: Hydreigon|Flash Cannon|p2a: Landorus
|-damage|p2a: Landorus|58/100
|-damage|p1a: Hydreigon|91/100|[from] item: Life Orb
|
|upkeep
|turn|4
|
|t:|1603692067
|switch|p1a: Aegislash|Aegislash, F|100/100
|-item|p1a: Aegislash|Air Balloon
|move|p2a: Landorus|Focus Blast|p1a: Aegislash
|-immune|p1a: Aegislash
|
|upkeep
|turn|5
|
|t:|1603692079
|switch|p2a: Volcanion|Volcanion|100/100
|-formechange|p1a: Aegislash|Aegislash-Blade||[from] ability: Stance Change
|move|p1a: Aegislash|Head Smash|p2a: Volcanion|[miss]
|-miss|p1a: Aegislash|p2a: Volcanion
|
|upkeep
|turn|6
|
|t:|1603692089
|switch|p1a: Shuckle|Shuckle, M|22/100
|move|p2a: Volcanion|Flamethrower|p1a: Shuckle
|-damage|p1a: Shuckle|0 fnt
|faint|p1a: Shuckle
|
|upkeep
|
|t:|1603692096
|switch|p1a: Zeraora|Zeraora|100/100
|turn|7
|
|t:|1603692102
|switch|p2a: Landorus|Landorus, M|58/100
|move|p1a: Zeraora|Knock Off|p2a: Landorus
|-damage|p2a: Landorus|1/100
|-enditem|p2a: Landorus|Life Orb|[from] move: Knock Off|[of] p1a: Zeraora
|
|upkeep
|turn|8
|j| XDNO
|
|t:|1603692109
|move|p1a: Zeraora|Knock Off|p2a: Landorus
|-damage|p2a: Landorus|0 fnt
|faint|p2a: Landorus
|
|upkeep
|
|t:|1603692117
|switch|p2a: Volcanion|Volcanion|100/100
|turn|9
|
|t:|1603692124
|move|p1a: Zeraora|Knock Off|p2a: Volcanion
|-damage|p2a: Volcanion|64/100
|-enditem|p2a: Volcanion|Heavy-Duty Boots|[from] move: Knock Off|[of] p1a: Zeraora
|move|p2a: Volcanion|Defog|p1a: Zeraora
|-unboost|p1a: Zeraora|evasion|1
|-sideend|p2: ImagineWagins|Sticky Web|[from] move: Defog|[of] p2a: Volcanion
|
|upkeep
|turn|10
|
|t:|1603692138
|switch|p1a: Urshifu|Urshifu, F|100/100
|move|p2a: Volcanion|Steam Eruption|p1a: Urshifu
|-damage|p1a: Urshifu|13/100
|
|upkeep
|turn|11
|
|t:|1603692144
|switch|p2a: Tapu Bulu|Tapu Bulu|100/100
|-fieldstart|move: Grassy Terrain|[from] ability: Grassy Surge|[of] p2a: Tapu Bulu
|move|p1a: Urshifu|Wicked Blow|p2a: Tapu Bulu
|-resisted|p2a: Tapu Bulu
|-crit|p2a: Tapu Bulu
|-damage|p2a: Tapu Bulu|69/100
|
|-heal|p1a: Urshifu|19/100|[from] Grassy Terrain
|-heal|p2a: Tapu Bulu|76/100|[from] item: Leftovers
|-heal|p2a: Tapu Bulu|82/100|[from] Grassy Terrain
|upkeep
|turn|12
|
|t:|1603692155
|switch|p2a: Volcanion|Volcanion|64/100
|move|p1a: Urshifu|Iron Head|p2a: Volcanion
|-resisted|p2a: Volcanion
|-damage|p2a: Volcanion|58/100
|
|-heal|p1a: Urshifu|25/100|[from] Grassy Terrain
|-heal|p2a: Volcanion|64/100|[from] Grassy Terrain
|upkeep
|turn|13
|
|t:|1603692163
|move|p1a: Urshifu|Wicked Blow|p2a: Volcanion
|-crit|p2a: Volcanion
|-damage|p2a: Volcanion|1/100
|move|p2a: Volcanion|Steam Eruption|p1a: Urshifu
|-damage|p1a: Urshifu|0 fnt
|faint|p1a: Urshifu
|
|-heal|p2a: Volcanion|7/100|[from] Grassy Terrain
|upkeep
|
|t:|1603692173
|switch|p1a: Zeraora|Zeraora|100/100
|turn|14
|
|t:|1603692177
|move|p1a: Zeraora|Plasma Fists|p2a: Volcanion
|-supereffective|p2a: Volcanion
|-damage|p2a: Volcanion|0 fnt
|-fieldactivate|move: Ion Deluge
|faint|p2a: Volcanion
|
|upkeep
|
|t:|1603692183
|switch|p2a: Tapu Bulu|Tapu Bulu|82/100
|turn|15
|
|t:|1603692187
|switch|p1a: Volcarona|Volcarona, M|100/100
|switch|p2a: Spectrier|Spectrier|100/100
|
|-fieldend|move: Grassy Terrain
|upkeep
|turn|16
|
|t:|1603692195
|move|p2a: Spectrier|Shadow Ball|p1a: Volcarona
|-damage|p1a: Volcarona|24/100
|-unboost|p1a: Volcarona|spd|1
|move|p1a: Volcarona|Flamethrower|p2a: Spectrier
|-damage|p2a: Spectrier|43/100
|
|upkeep
|turn|17
|
|t:|1603692202
|move|p2a: Spectrier|Shadow Ball|p1a: Volcarona
|-damage|p1a: Volcarona|0 fnt
|faint|p1a: Volcarona
|-ability|p2a: Spectrier|Grim Neigh|boost
|-boost|p2a: Spectrier|spa|1
|
|upkeep
|
|t:|1603692209
|switch|p1a: Zeraora|Zeraora|100/100
|turn|18
|
|t:|1603692212
|move|p1a: Zeraora|Plasma Fists|p2a: Spectrier
|-damage|p2a: Spectrier|0 fnt
|-fieldactivate|move: Ion Deluge
|faint|p2a: Spectrier
|
|upkeep
|
|t:|1603692214
|switch|p2a: Tapu Bulu|Tapu Bulu|82/100
|-fieldstart|move: Grassy Terrain|[from] ability: Grassy Surge|[of] p2a: Tapu Bulu
|turn|19
|
|t:|1603692222
|switch|p1a: Aegislash|Aegislash, F|100/100
|-item|p1a: Aegislash|Air Balloon
|move|p2a: Tapu Bulu|Horn Leech|p1a: Aegislash
|-resisted|p1a: Aegislash
|-damage|p1a: Aegislash|76/100
|-heal|p2a: Tapu Bulu|91/100|[from] drain|[of] p1a: Aegislash
|-enditem|p1a: Aegislash|Air Balloon
|
|-heal|p1a: Aegislash|82/100|[from] Grassy Terrain
|-heal|p2a: Tapu Bulu|97/100|[from] item: Leftovers
|-heal|p2a: Tapu Bulu|100/100|[from] Grassy Terrain
|upkeep
|turn|20
|
|t:|1603692234
|switch|p2a: Genesect|Genesect, shiny|100/100
|-ability|p2a: Genesect|Download|boost
|-boost|p2a: Genesect|atk|1
|-formechange|p1a: Aegislash|Aegislash-Blade||[from] ability: Stance Change
|move|p1a: Aegislash|Head Smash|p2a: Genesect
|-damage|p2a: Genesect|20/100
|-damage|p1a: Aegislash|39/100|[from] Recoil
|
|-heal|p2a: Genesect|26/100|[from] Grassy Terrain
|-heal|p1a: Aegislash|45/100|[from] Grassy Terrain
|upkeep
|turn|21
|
|t:|1603692246
|move|p2a: Genesect|U-turn|p1a: Aegislash
|-resisted|p1a: Aegislash
|-damage|p1a: Aegislash|4/100
|
|t:|1603692250
|switch|p2a: Tapu Bulu|Tapu Bulu|100/100|[from]move: U-turn
|move|p1a: Aegislash|Iron Head|p2a: Tapu Bulu
|-supereffective|p2a: Tapu Bulu
|-damage|p2a: Tapu Bulu|26/100
|
|-heal|p1a: Aegislash|10/100|[from] Grassy Terrain
|-heal|p2a: Tapu Bulu|32/100|[from] item: Leftovers
|-heal|p2a: Tapu Bulu|38/100|[from] Grassy Terrain
|upkeep
|turn|22
|
|t:|1603692260
|move|p1a: Aegislash|Iron Head|p2a: Tapu Bulu
|-supereffective|p2a: Tapu Bulu
|-damage|p2a: Tapu Bulu|0 fnt
|faint|p2a: Tapu Bulu
|
|-heal|p1a: Aegislash|17/100|[from] Grassy Terrain
|upkeep
|
|t:|1603692263
|switch|p2a: Genesect|Genesect, shiny|26/100
|-ability|p2a: Genesect|Download|boost
|-boost|p2a: Genesect|atk|1
|turn|23
|
|t:|1603692268
|move|p2a: Genesect|U-turn|p1a: Aegislash
|-resisted|p1a: Aegislash
|-damage|p1a: Aegislash|0 fnt
|faint|p1a: Aegislash
|
|t:|1603692271
|switch|p2a: Blaziken|Blaziken, M|100/100|[from]move: U-turn
|
|-fieldend|move: Grassy Terrain
|upkeep
|
|t:|1603692278
|switch|p1a: Hydreigon|Hydreigon, F|91/100
|turn|24
|
|t:|1603692282
|move|p1a: Hydreigon|Draco Meteor|p2a: Blaziken
|-damage|p2a: Blaziken|0 fnt
|-unboost|p1a: Hydreigon|spa|2
|-damage|p1a: Hydreigon|81/100|[from] item: Life Orb
|faint|p2a: Blaziken
|
|upkeep
|
|t:|1603692285
|switch|p2a: Genesect|Genesect, shiny|26/100
|-ability|p2a: Genesect|Download|boost
|-boost|p2a: Genesect|atk|1
|turn|25
|
|t:|1603692291
|move|p2a: Genesect|Extreme Speed|p1a: Hydreigon
|-damage|p1a: Hydreigon|8/100
|move|p1a: Hydreigon|Fire Blast|p2a: Genesect
|-supereffective|p2a: Genesect
|-damage|p2a: Genesect|0 fnt
|-damage|p1a: Hydreigon|0 fnt|[from] item: Life Orb
|faint|p2a: Genesect
|faint|p1a: Hydreigon
|
|win|damorush
|raw|damorush's rating: 1537 &rarr; <strong>1557</strong><br />(+20 for winning)
|raw|ImagineWagins's rating: 1526 &rarr; <strong>1507</strong><br />(-19 for losing)
|l| XDNO
|l|☆ImagineWagins
