|j|☆VivaHonduras
|j|☆Adel19
|t:|1664266460
|gametype|singles
|player|p1|VivaHonduras|steven|1674
|player|p2|Adel19|266|1785
|teamsize|p1|6
|teamsize|p2|6
|gen|8
|tier|[Gen 8] OU
|rated|
|rule|Sleep Clause Mod: Limit one foe put to sleep
|rule|Species Clause: Limit one of each Pokémon
|rule|OHKO Clause: OHKO moves are banned
|rule|Evasion Items Clause: Evasion items are banned
|rule|Evasion Moves Clause: Evasion moves are banned
|rule|Endless Battle Clause: Forcing endless battles is banned
|rule|HP Percentage Mod: HP is shown in percentages
|rule|Dynamax Clause: You cannot dynamax
|clearpoke
|poke|p1|Rapidash-Galar, M|
|poke|p1|Blacephalon|
|poke|p1|Blissey, F|
|poke|p1|Buzzwole|
|poke|p1|Garchomp, F|
|poke|p1|Rotom-Wash|
|poke|p2|Landorus-Therian, M|
|poke|p2|Tapu Fini|
|poke|p2|Zapdos|
|poke|p2|Blissey, F|
|poke|p2|Tapu Lele|
|poke|p2|Kartana|
|teampreview
|inactive|Battle timer is ON: inactive players will automatically lose when time's up. (requested by VivaHonduras)
|j| Kyurem
|
|t:|1664266470
|start
|switch|p1a: Rapidash|Rapidash-Galar, M|100/100
|switch|p2a: Landorus|Landorus-Therian, M|100/100
|-ability|p2a: Landorus|Intimidate|boost
|-unboost|p1a: Rapidash|atk|1
|turn|1
|
|t:|1664266478
|switch|p1a: Rotom|Rotom-Wash|100/100
|move|p2a: Landorus|Earthquake|p1a: Rotom
|-immune|p1a: Rotom|[from] ability: Levitate
|
|upkeep
|turn|2
|j| Katsuragi Nanase
|
|t:|1664266504
|switch|p2a: Zapdos|Zapdos|100/100
|move|p1a: Rotom|Hydro Pump|p2a: Zapdos
|-damage|p2a: Zapdos|62/100
|
|upkeep
|turn|3
|
|t:|1664266524
|move|p2a: Zapdos|Toxic|p1a: Rotom
|-status|p1a: Rotom|tox
|move|p1a: Rotom|Volt Switch|p2a: Zapdos
|-crit|p2a: Zapdos
|-damage|p2a: Zapdos|28/100
|
|t:|1664266527
|switch|p1a: Blacephalon|Blacephalon|100/100|[from]move: Volt Switch
|
|upkeep
|turn|4
|
|t:|1664266534
|switch|p1a: Rapidash|Rapidash-Galar, M|100/100
|switch|p2a: Tapu Fini|Tapu Fini|100/100
|-fieldstart|move: Misty Terrain|[from] ability: Misty Surge|[of] p2a: Tapu Fini
|
|upkeep
|turn|5
|
|t:|1664266539
|move|p1a: Rapidash|Swords Dance|p1a: Rapidash
|-boost|p1a: Rapidash|atk|2
|move|p2a: Tapu Fini|Moonblast|p1a: Rapidash
|-damage|p1a: Rapidash|46/100
|
|upkeep
|turn|6
|
|t:|1664266549
|move|p1a: Rapidash|Play Rough|p2a: Tapu Fini
|-damage|p2a: Tapu Fini|32/100
|-damage|p1a: Rapidash|36/100|[from] item: Life Orb
|move|p2a: Tapu Fini|Moonblast|p1a: Rapidash
|-damage|p1a: Rapidash|0 fnt
|faint|p1a: Rapidash
|
|-heal|p2a: Tapu Fini|38/100|[from] item: Leftovers
|upkeep
|
|t:|1664266553
|switch|p1a: Blacephalon|Blacephalon|100/100
|turn|7
|
|t:|1664266557
|move|p1a: Blacephalon|Shadow Ball|p2a: Tapu Fini
|-damage|p2a: Tapu Fini|1/100
|move|p2a: Tapu Fini|Surf|p1a: Blacephalon
|-supereffective|p1a: Blacephalon
|-damage|p1a: Blacephalon|0 fnt
|faint|p1a: Blacephalon
|
|-heal|p2a: Tapu Fini|7/100|[from] item: Leftovers
|upkeep
|
|t:|1664266564
|switch|p1a: Rotom|Rotom-Wash|100/100 tox
|turn|8
|
|t:|1664266576
|move|p1a: Rotom|Volt Switch|p2a: Tapu Fini
|-supereffective|p2a: Tapu Fini
|-damage|p2a: Tapu Fini|0 fnt
|faint|p2a: Tapu Fini
|
|t:|1664266580
|switch|p1a: Blissey|Blissey, F|100/100|[from]move: Volt Switch
|
|-fieldend|Misty Terrain
|upkeep
|
|t:|1664266587
|switch|p2a: Landorus|Landorus-Therian, M|100/100
|-ability|p2a: Landorus|Intimidate|boost
|-unboost|p1a: Blissey|atk|1
|turn|9
|
|t:|1664266590
|switch|p1a: Buzzwole|Buzzwole|100/100
|move|p2a: Landorus|Substitute|p2a: Landorus
|-start|p2a: Landorus|Substitute
|-damage|p2a: Landorus|76/100
|
|upkeep
|turn|10
|
|t:|1664266598
|move|p2a: Landorus|Swords Dance|p2a: Landorus
|-boost|p2a: Landorus|atk|2
|move|p1a: Buzzwole|Ice Punch|p2a: Landorus
|-supereffective|p2a: Landorus
|-end|p2a: Landorus|Substitute
|
|upkeep
|turn|11
|
|t:|1664266605
|move|p2a: Landorus|Stone Edge|p1a: Buzzwole
|-damage|p1a: Buzzwole|62/100
|move|p1a: Buzzwole|Ice Punch|p2a: Landorus
|-supereffective|p2a: Landorus
|-damage|p2a: Landorus|0 fnt
|faint|p2a: Landorus
|-ability|p1a: Buzzwole|Beast Boost|boost
|-boost|p1a: Buzzwole|def|1
|
|upkeep
|
|t:|1664266611
|switch|p2a: Tapu Lele|Tapu Lele|100/100
|-fieldstart|move: Psychic Terrain|[from] ability: Psychic Surge|[of] p2a: Tapu Lele
|turn|12
|
|t:|1664266616
|move|p2a: Tapu Lele|Psyshock|p1a: Buzzwole
|-supereffective|p1a: Buzzwole
|-damage|p1a: Buzzwole|12/100
|move|p1a: Buzzwole|Roost|p1a: Buzzwole
|-heal|p1a: Buzzwole|62/100
|-singleturn|p1a: Buzzwole|move: Roost
|
|upkeep
|turn|13
|
|t:|1664266621
|move|p2a: Tapu Lele|Psyshock|p1a: Buzzwole
|-supereffective|p1a: Buzzwole
|-damage|p1a: Buzzwole|14/100
|move|p1a: Buzzwole|Roost|p1a: Buzzwole
|-heal|p1a: Buzzwole|64/100
|-singleturn|p1a: Buzzwole|move: Roost
|
|upkeep
|turn|14
|
|t:|1664266625
|move|p2a: Tapu Lele|Psyshock|p1a: Buzzwole
|-supereffective|p1a: Buzzwole
|-damage|p1a: Buzzwole|14/100
|move|p1a: Buzzwole|Roost|p1a: Buzzwole
|-heal|p1a: Buzzwole|64/100
|-singleturn|p1a: Buzzwole|move: Roost
|
|upkeep
|turn|15
|
|t:|1664266635
|switch|p2a: Zapdos|Zapdos|28/100
|move|p1a: Buzzwole|Roost|p1a: Buzzwole
|-heal|p1a: Buzzwole|100/100
|-singleturn|p1a: Buzzwole|move: Roost
|
|upkeep
|turn|16
|
|t:|1664266642
|switch|p1a: Blissey|Blissey, F|100/100
|move|p2a: Zapdos|Roost|p2a: Zapdos
|-heal|p2a: Zapdos|78/100
|-singleturn|p2a: Zapdos|move: Roost
|
|-fieldend|move: Psychic Terrain
|upkeep
|turn|17
|
|t:|1664266646
|move|p2a: Zapdos|Volt Switch|p1a: Blissey
|-damage|p1a: Blissey|89/100
|
|t:|1664266651
|switch|p2a: Tapu Lele|Tapu Lele|100/100|[from]move: Volt Switch
|-fieldstart|move: Psychic Terrain|[from] ability: Psychic Surge|[of] p2a: Tapu Lele
|move|p1a: Blissey|Toxic|p2a: Tapu Lele
|-status|p2a: Tapu Lele|tox
|
|-damage|p2a: Tapu Lele|94/100 tox|[from] psn
|upkeep
|turn|18
|
|t:|1664266659
|move|p2a: Tapu Lele|Psyshock|p1a: Blissey
|-damage|p1a: Blissey|22/100
|move|p1a: Blissey|Soft-Boiled|p1a: Blissey
|-heal|p1a: Blissey|72/100
|
|-damage|p2a: Tapu Lele|82/100 tox|[from] psn
|upkeep
|turn|19
|j| lalelosido
|
|t:|1664266675
|move|p2a: Tapu Lele|Psyshock|p1a: Blissey
|-damage|p1a: Blissey|7/100
|move|p1a: Blissey|Soft-Boiled|p1a: Blissey
|-heal|p1a: Blissey|57/100
|
|-damage|p2a: Tapu Lele|64/100 tox|[from] psn
|upkeep
|turn|20
|j| Dragon of Osiris
|
|t:|1664266683
|switch|p1a: Garchomp|Garchomp, F|100/100
|move|p2a: Tapu Lele|Psyshock|p1a: Garchomp
|-damage|p1a: Garchomp|35/100
|
|-damage|p2a: Tapu Lele|40/100 tox|[from] psn
|upkeep
|turn|21
|
|t:|1664266691
|switch|p2a: Zapdos|Zapdos|78/100
|move|p1a: Garchomp|Stealth Rock|p2a: Zapdos
|-sidestart|p2: Adel19|move: Stealth Rock
|
|-fieldend|move: Psychic Terrain
|upkeep
|turn|22
|
|t:|1664266711
|switch|p2a: Kartana|Kartana|100/100
|-damage|p2a: Kartana|94/100|[from] Stealth Rock
|move|p1a: Garchomp|Toxic|p2a: Kartana
|-immune|p2a: Kartana
|
|upkeep
|turn|23
|
|t:|1664266716
|switch|p2a: Tapu Lele|Tapu Lele|40/100 tox
|-damage|p2a: Tapu Lele|28/100 tox|[from] Stealth Rock
|-fieldstart|move: Psychic Terrain|[from] ability: Psychic Surge|[of] p2a: Tapu Lele
|switch|p1a: Buzzwole|Buzzwole|100/100
|
|-damage|p2a: Tapu Lele|21/100 tox|[from] psn
|upkeep
|turn|24
|
|t:|1664266722
|switch|p1a: Blissey|Blissey, F|57/100
|move|p2a: Tapu Lele|Psyshock|p1a: Blissey
|-damage|p1a: Blissey|0 fnt
|faint|p1a: Blissey
|
|-damage|p2a: Tapu Lele|9/100 tox|[from] psn
|upkeep
|
|t:|1664266725
|switch|p1a: Rotom|Rotom-Wash|100/100 tox
|turn|25
|
|t:|1664266728
|move|p2a: Tapu Lele|Psyshock|p1a: Rotom
|-damage|p1a: Rotom|18/100 tox
|move|p1a: Rotom|Volt Switch|p2a: Tapu Lele
|-damage|p2a: Tapu Lele|0 fnt
|faint|p2a: Tapu Lele
|
|t:|1664266730
|switch|p1a: Garchomp|Garchomp, F|35/100|[from]move: Volt Switch
|
|upkeep
|
|t:|1664266748
|switch|p2a: Blissey|Blissey, F|100/100
|turn|26
|
|t:|1664266754
|switch|p1a: Rotom|Rotom-Wash|18/100 tox
|move|p2a: Blissey|Stealth Rock|p1a: Rotom
|-sidestart|p1: VivaHonduras|move: Stealth Rock
|
|-heal|p1a: Rotom|24/100 tox|[from] item: Leftovers
|-damage|p1a: Rotom|18/100 tox|[from] psn
|upkeep
|turn|27
|
|t:|1664266760
|move|p1a: Rotom|Pain Split|p2a: Blissey
|-sethp|p2a: Blissey|54/100|[from] move: Pain Split|[silent]
|-sethp|p1a: Rotom|100/100 tox|[from] move: Pain Split
|move|p2a: Blissey|Seismic Toss|p1a: Rotom
|-damage|p1a: Rotom|68/100 tox
|
|-heal|p1a: Rotom|74/100 tox|[from] item: Leftovers
|-damage|p1a: Rotom|61/100 tox|[from] psn
|-fieldend|move: Psychic Terrain
|upkeep
|turn|28
|
|t:|1664266766
|move|p1a: Rotom|Volt Switch|p2a: Blissey
|-damage|p2a: Blissey|45/100
|
|t:|1664266767
|switch|p1a: Buzzwole|Buzzwole|100/100|[from]move: Volt Switch
|-damage|p1a: Buzzwole|88/100|[from] Stealth Rock
|move|p2a: Blissey|Seismic Toss|p1a: Buzzwole
|-damage|p1a: Buzzwole|64/100
|-damage|p2a: Blissey|28/100|[from] item: Rocky Helmet|[of] p1a: Buzzwole
|
|upkeep
|turn|29
|
|t:|1664266774
|switch|p2a: Zapdos|Zapdos|78/100
|move|p1a: Buzzwole|Ice Punch|p2a: Zapdos
|-supereffective|p2a: Zapdos
|-damage|p2a: Zapdos|42/100
|
|upkeep
|turn|30
|
|t:|1664266782
|move|p2a: Zapdos|Hurricane|p1a: Buzzwole|[miss]
|-miss|p2a: Zapdos|p1a: Buzzwole
|move|p1a: Buzzwole|Toxic|p2a: Zapdos
|-status|p2a: Zapdos|tox
|
|-damage|p2a: Zapdos|35/100 tox|[from] psn
|upkeep
|turn|31
|
|t:|1664266787
|switch|p1a: Rotom|Rotom-Wash|61/100 tox
|-damage|p1a: Rotom|49/100 tox|[from] Stealth Rock
|move|p2a: Zapdos|Hurricane|p1a: Rotom
|-resisted|p1a: Rotom
|-damage|p1a: Rotom|31/100 tox
|
|-heal|p1a: Rotom|37/100 tox|[from] item: Leftovers
|-damage|p2a: Zapdos|23/100 tox|[from] psn
|-damage|p1a: Rotom|31/100 tox|[from] psn
|upkeep
|turn|32
|
|t:|1664266794
|move|p2a: Zapdos|Volt Switch|p1a: Rotom
|-damage|p1a: Rotom|6/100 tox
|
|t:|1664266797
|switch|p2a: Kartana|Kartana|94/100|[from]move: Volt Switch
|-damage|p2a: Kartana|88/100|[from] Stealth Rock
|move|p1a: Rotom|Volt Switch|p2a: Kartana
|-resisted|p2a: Kartana
|-damage|p2a: Kartana|55/100
|j| Lizzvy777
|
|t:|1664266801
|switch|p1a: Buzzwole|Buzzwole|64/100|[from]move: Volt Switch
|-damage|p1a: Buzzwole|52/100|[from] Stealth Rock
|
|upkeep
|turn|33
|
|t:|1664266804
|switch|p2a: Blissey|Blissey, F|28/100
|move|p1a: Buzzwole|Roost|p1a: Buzzwole
|-heal|p1a: Buzzwole|100/100
|-singleturn|p1a: Buzzwole|move: Roost
|
|upkeep
|turn|34
|
|t:|1664266808
|move|p1a: Buzzwole|Close Combat|p2a: Blissey
|-supereffective|p2a: Blissey
|-damage|p2a: Blissey|0 fnt
|-unboost|p1a: Buzzwole|def|1
|-unboost|p1a: Buzzwole|spd|1
|faint|p2a: Blissey
|-ability|p1a: Buzzwole|Beast Boost|boost
|-boost|p1a: Buzzwole|def|1
|
|upkeep
|
|t:|1664266810
|switch|p2a: Zapdos|Zapdos|23/100 tox
|turn|35
|
|t:|1664266818
|move|p2a: Zapdos|Roost|p2a: Zapdos
|-heal|p2a: Zapdos|73/100 tox
|-singleturn|p2a: Zapdos|move: Roost
|move|p1a: Buzzwole|Close Combat|p2a: Zapdos
|-damage|p2a: Zapdos|31/100 tox
|-unboost|p1a: Buzzwole|def|1
|-unboost|p1a: Buzzwole|spd|1
|
|-damage|p2a: Zapdos|25/100 tox|[from] psn
|upkeep
|turn|36
|
|t:|1664266833
|switch|p1a: Rotom|Rotom-Wash|6/100 tox
|-damage|p1a: Rotom|0 fnt|[from] Stealth Rock
|faint|p1a: Rotom
|move|p2a: Zapdos|Roost|p2a: Zapdos
|-heal|p2a: Zapdos|75/100 tox
|-singleturn|p2a: Zapdos|move: Roost
|
|-damage|p2a: Zapdos|62/100 tox|[from] psn
|upkeep
|
|t:|1664266835
|switch|p1a: Garchomp|Garchomp, F|35/100
|-damage|p1a: Garchomp|29/100|[from] Stealth Rock
|turn|37
|
|t:|1664266841
|switch|p2a: Kartana|Kartana|55/100
|-damage|p2a: Kartana|48/100|[from] Stealth Rock
|move|p1a: Garchomp|Fire Blast|p2a: Kartana|[miss]
|-miss|p1a: Garchomp|p2a: Kartana
|
|upkeep
|turn|38
|
|t:|1664266843
|switch|p2a: Zapdos|Zapdos|62/100 tox
|switch|p1a: Buzzwole|Buzzwole|100/100
|-damage|p1a: Buzzwole|88/100|[from] Stealth Rock
|
|-damage|p2a: Zapdos|56/100 tox|[from] psn
|upkeep
|turn|39
|
|t:|1664266848
|move|p2a: Zapdos|Hurricane|p1a: Buzzwole
|-supereffective|p1a: Buzzwole
|-damage|p1a: Buzzwole|0 fnt
|faint|p1a: Buzzwole
|
|-damage|p2a: Zapdos|44/100 tox|[from] psn
|upkeep
|-message|VivaHonduras forfeited.
|
|win|Adel19
|raw|VivaHonduras's rating: 1674 &rarr; <strong>1660</strong><br />(-14 for losing)
|raw|Adel19's rating: 1785 &rarr; <strong>1799</strong><br />(+14 for winning)
|l|☆VivaHonduras
|l| Kyurem
