|html|<div class="broadcast-blue"><strong>[Gen 8] OU is currently suspecting Melmetal! For information on how to participate check out the <a href="https://www.smogon.com/forums/threads/np-ss-ou-suspect-process-round-12-monster-mash.3709234/">suspect thread</a>.</strong></div>
|j|☆IIIodyne
|j|☆stantlerdude63
|inactive|Battle timer is ON: inactive players will automatically lose when time's up.
|t:|1666818389
|gametype|singles
|player|p1|IIIodyne|101|
|player|p2|stantlerdude63|1|
|teamsize|p1|6
|teamsize|p2|6
|gen|8
|tier|[Gen 8] OU
|rated|Tournament battle
|rule|Sleep Clause Mod: Limit one foe put to sleep
|rule|Species Clause: Limit one of each Pokémon
|rule|OHKO Clause: OHKO moves are banned
|rule|Evasion Items Clause: Evasion items are banned
|rule|Evasion Moves Clause: Evasion moves are banned
|rule|Endless Battle Clause: Forcing endless battles is banned
|rule|HP Percentage Mod: HP is shown in percentages
|rule|Dynamax Clause: You cannot dynamax
|clearpoke
|poke|p1|Snorlax, F|
|poke|p1|Suicune|
|poke|p1|Melmetal|
|poke|p1|Victini|
|poke|p1|Landorus-Therian, M|
|poke|p1|Zapdos|
|poke|p2|Rotom-Wash|
|poke|p2|Dragapult, M|
|poke|p2|Garchomp, M|
|poke|p2|Melmetal|
|poke|p2|Corviknight, F|
|poke|p2|Clefable, M|
|teampreview
|inactive|IIIodyne also wants the timer to be on.
|c|☆IIIodyne|hf
|j| Crossai
|c|☆stantlerdude63|Hf
|inactive|IIIodyne has 120 seconds left.
|inactive|stantlerdude63 has 120 seconds left.
|l| Crossai
|
|t:|1666818446
|start
|switch|p1a: Landorus|Landorus-Therian, M|100/100
|switch|p2a: Rotom|Rotom-Wash|100/100
|-ability|p1a: Landorus|Intimidate|boost
|-unboost|p2a: Rotom|atk|1
|turn|1
|
|t:|1666818452
|move|p1a: Landorus|U-turn|p2a: Rotom
|-damage|p2a: Rotom|75/100
|
|t:|1666818479
|switch|p1a: Snorlax|Snorlax, F|100/100|[from]move: U-turn
|move|p2a: Rotom|Hydro Pump|p1a: Snorlax
|-crit|p1a: Snorlax
|-damage|p1a: Snorlax|69/100
|
|-heal|p2a: Rotom|81/100|[from] item: Leftovers
|-heal|p1a: Snorlax|75/100|[from] item: Leftovers
|upkeep
|turn|2
|inactive|IIIodyne has 120 seconds left.
|
|t:|1666818502
|switch|p2a: Melmetal|Melmetal|100/100
|move|p1a: Snorlax|Body Slam|p2a: Melmetal
|-resisted|p2a: Melmetal
|-damage|p2a: Melmetal|91/100
|
|-heal|p2a: Melmetal|97/100|[from] item: Leftovers
|-heal|p1a: Snorlax|81/100|[from] item: Leftovers
|upkeep
|turn|3
|
|t:|1666818509
|switch|p1a: Suicune|Suicune|100/100
|-ability|p1a: Suicune|Pressure
|move|p2a: Melmetal|Toxic|p1a: Suicune
|-status|p1a: Suicune|tox
|
|-heal|p2a: Melmetal|100/100|[from] item: Leftovers
|-damage|p1a: Suicune|94/100 tox|[from] psn
|upkeep
|turn|4
|
|t:|1666818522
|switch|p1a: Victini|Victini|100/100
|switch|p2a: Rotom|Rotom-Wash|81/100
|
|-heal|p2a: Rotom|87/100|[from] item: Leftovers
|upkeep
|turn|5
|
|t:|1666818530
|move|p1a: Victini|U-turn|p2a: Rotom
|-damage|p2a: Rotom|54/100
|
|t:|1666818535
|switch|p1a: Zapdos|Zapdos|100/100|[from]move: U-turn
|move|p2a: Rotom|Nasty Plot|p2a: Rotom
|-boost|p2a: Rotom|spa|2
|
|-heal|p2a: Rotom|61/100|[from] item: Leftovers
|upkeep
|turn|6
|
|t:|1666818558
|switch|p1a: Snorlax|Snorlax, F|81/100
|move|p2a: Rotom|Pain Split|p1a: Snorlax
|-sethp|p1a: Snorlax|58/100|[from] move: Pain Split|[silent]
|-sethp|p2a: Rotom|99/100|[from] move: Pain Split
|
|-heal|p2a: Rotom|100/100|[from] item: Leftovers
|-heal|p1a: Snorlax|64/100|[from] item: Leftovers
|upkeep
|turn|7
|inactive|stantlerdude63 has 120 seconds left.
|
|t:|1666818586
|move|p2a: Rotom|Hydro Pump|p1a: Snorlax
|-damage|p1a: Snorlax|25/100
|move|p1a: Snorlax|Body Slam|p2a: Rotom
|-crit|p2a: Rotom
|-damage|p2a: Rotom|49/100
|
|-heal|p2a: Rotom|55/100|[from] item: Leftovers
|-heal|p1a: Snorlax|31/100|[from] item: Leftovers
|upkeep
|turn|8
|j| spookypatata
|
|t:|1666818594
|move|p2a: Rotom|Hydro Pump|p1a: Snorlax
|-damage|p1a: Snorlax|0 fnt
|faint|p1a: Snorlax
|
|-heal|p2a: Rotom|61/100|[from] item: Leftovers
|upkeep
|inactive|IIIodyne has 120 seconds left.
|inactive|IIIodyne has 90 seconds left.
|
|t:|1666818660
|switch|p1a: Victini|Victini|100/100
|turn|9
|
|t:|1666818675
|switch|p2a: Garchomp|Garchomp, M|100/100
|move|p1a: Victini|V-create|p2a: Garchomp
|-resisted|p2a: Garchomp
|-damage|p2a: Garchomp|46/100
|-unboost|p1a: Victini|spe|1
|-unboost|p1a: Victini|def|1
|-unboost|p1a: Victini|spd|1
|-damage|p1a: Victini|88/100|[from] ability: Rough Skin|[of] p2a: Garchomp
|
|-heal|p2a: Garchomp|53/100|[from] item: Leftovers
|upkeep
|turn|10
|inactive|IIIodyne has 90 seconds left.
|inactive|stantlerdude63 has 120 seconds left.
|
|t:|1666818699
|switch|p1a: Landorus|Landorus-Therian, M|100/100
|-ability|p1a: Landorus|Intimidate|boost
|-unboost|p2a: Garchomp|atk|1
|move|p2a: Garchomp|Earthquake|p1a: Landorus
|-immune|p1a: Landorus
|
|-heal|p2a: Garchomp|59/100|[from] item: Leftovers
|upkeep
|turn|11
|
|t:|1666818707
|switch|p2a: Corviknight|Corviknight, F|100/100
|-ability|p2a: Corviknight|Pressure
|move|p1a: Landorus|Earthquake|p2a: Corviknight
|-immune|p2a: Corviknight
|
|upkeep
|turn|12
|
|t:|1666818710
|switch|p1a: Zapdos|Zapdos|100/100
|move|p2a: Corviknight|U-turn|p1a: Zapdos
|-resisted|p1a: Zapdos
|-damage|p1a: Zapdos|92/100
|
|t:|1666818714
|switch|p2a: Melmetal|Melmetal|100/100|[from]move: U-turn
|
|upkeep
|turn|13
|
|t:|1666818730
|move|p2a: Melmetal|Protect|p2a: Melmetal
|-singleturn|p2a: Melmetal|Protect
|move|p1a: Zapdos|Volt Switch|p2a: Melmetal
|-activate|p2a: Melmetal|move: Protect
|
|upkeep
|turn|14
|
|t:|1666818733
|move|p1a: Zapdos|Volt Switch|p2a: Melmetal
|-damage|p2a: Melmetal|66/100
|
|t:|1666818740
|switch|p1a: Suicune|Suicune|94/100 tox|[from]move: Volt Switch
|-ability|p1a: Suicune|Pressure
|move|p2a: Melmetal|Earthquake|p1a: Suicune
|-damage|p1a: Suicune|71/100 tox
|
|-heal|p1a: Suicune|77/100 tox|[from] item: Leftovers
|-heal|p2a: Melmetal|73/100|[from] item: Leftovers
|-damage|p1a: Suicune|71/100 tox|[from] psn
|upkeep
|turn|15
|inactive|IIIodyne has 120 seconds left.
|
|t:|1666818747
|switch|p1a: Zapdos|Zapdos|92/100
|move|p2a: Melmetal|Protect||[still]
|-fail|p2a: Melmetal
|
|-heal|p2a: Melmetal|79/100|[from] item: Leftovers
|upkeep
|turn|16
|inactive|IIIodyne has 120 seconds left.
|
|t:|1666818762
|switch|p2a: Garchomp|Garchomp, M|59/100
|move|p1a: Zapdos|Hurricane|p2a: Garchomp
|-damage|p2a: Garchomp|0 fnt
|faint|p2a: Garchomp
|
|upkeep
|
|t:|1666818766
|switch|p2a: Dragapult|Dragapult, M|100/100
|turn|17
|j| Suuicunee
|
|t:|1666818784
|switch|p1a: Melmetal|Melmetal|100/100
|move|p2a: Dragapult|Flamethrower|p1a: Melmetal
|-supereffective|p1a: Melmetal
|-crit|p1a: Melmetal
|-damage|p1a: Melmetal|22/100
|
|upkeep
|turn|18
|
|t:|1666818793
|switch|p1a: Victini|Victini|88/100
|move|p2a: Dragapult|Flamethrower|p1a: Victini
|-resisted|p1a: Victini
|-damage|p1a: Victini|70/100
|
|upkeep
|turn|19
|
|t:|1666818805
|switch|p2a: Corviknight|Corviknight, F|100/100
|-ability|p2a: Corviknight|Pressure
|move|p1a: Victini|V-create|p2a: Corviknight
|-supereffective|p2a: Corviknight
|-damage|p2a: Corviknight|0 fnt
|-unboost|p1a: Victini|spe|1
|-unboost|p1a: Victini|def|1
|-unboost|p1a: Victini|spd|1
|faint|p2a: Corviknight
|
|upkeep
|
|t:|1666818808
|switch|p2a: Dragapult|Dragapult, M|100/100
|turn|20
|
|t:|1666818811
|switch|p1a: Melmetal|Melmetal|22/100
|move|p2a: Dragapult|Shadow Ball|p1a: Melmetal
|-damage|p1a: Melmetal|0 fnt
|faint|p1a: Melmetal
|
|upkeep
|
|t:|1666818815
|switch|p1a: Landorus|Landorus-Therian, M|100/100
|-ability|p1a: Landorus|Intimidate|boost
|-unboost|p2a: Dragapult|atk|1
|turn|21
|
|t:|1666818819
|switch|p2a: Clefable|Clefable, M|100/100
|move|p1a: Landorus|Knock Off|p2a: Clefable
|-resisted|p2a: Clefable
|-damage|p2a: Clefable|87/100
|-damage|p1a: Landorus|84/100|[from] item: Rocky Helmet|[of] p2a: Clefable
|-enditem|p2a: Clefable|Rocky Helmet|[from] move: Knock Off|[of] p1a: Landorus
|
|upkeep
|turn|22
|
|t:|1666818822
|switch|p1a: Victini|Victini|70/100
|move|p2a: Clefable|Stealth Rock|p1a: Victini
|-sidestart|p1: IIIodyne|move: Stealth Rock
|
|upkeep
|turn|23
|inactive|stantlerdude63 has 120 seconds left.
|
|t:|1666818860
|switch|p2a: Melmetal|Melmetal|79/100
|move|p1a: Victini|V-create|p2a: Melmetal
|-supereffective|p2a: Melmetal
|-crit|p2a: Melmetal
|-damage|p2a: Melmetal|0 fnt
|-unboost|p1a: Victini|spe|1
|-unboost|p1a: Victini|def|1
|-unboost|p1a: Victini|spd|1
|faint|p2a: Melmetal
|
|upkeep
|
|t:|1666818862
|switch|p2a: Dragapult|Dragapult, M|100/100
|turn|24
|
|t:|1666818881
|switch|p1a: Suicune|Suicune|71/100 tox
|-damage|p1a: Suicune|59/100 tox|[from] Stealth Rock
|-ability|p1a: Suicune|Pressure
|move|p2a: Dragapult|Shadow Ball|p1a: Suicune
|-damage|p1a: Suicune|19/100 tox
|
|-heal|p1a: Suicune|26/100 tox|[from] item: Leftovers
|-damage|p1a: Suicune|19/100 tox|[from] psn
|upkeep
|turn|25
|
|t:|1666818883
|move|p2a: Dragapult|Shadow Ball|p1a: Suicune
|-damage|p1a: Suicune|0 fnt
|faint|p1a: Suicune
|
|upkeep
|
|t:|1666818889
|switch|p1a: Landorus|Landorus-Therian, M|84/100
|-damage|p1a: Landorus|72/100|[from] Stealth Rock
|-ability|p1a: Landorus|Intimidate|boost
|-unboost|p2a: Dragapult|atk|1
|turn|26
|
|t:|1666818895
|switch|p2a: Rotom|Rotom-Wash|61/100
|move|p1a: Landorus|U-turn|p2a: Rotom
|-damage|p2a: Rotom|35/100
|
|t:|1666818898
|switch|p1a: Zapdos|Zapdos|92/100|[from]move: U-turn
|
|-heal|p2a: Rotom|42/100|[from] item: Leftovers
|upkeep
|turn|27
|
|t:|1666818904
|move|p1a: Zapdos|Defog|p2a: Rotom
|-unboost|p2a: Rotom|evasion|1
|-sideend|p1: IIIodyne|Stealth Rock|[from] move: Defog|[of] p1a: Zapdos
|move|p2a: Rotom|Pain Split|p1a: Zapdos
|-sethp|p1a: Zapdos|64/100|[from] move: Pain Split|[silent]
|-sethp|p2a: Rotom|75/100|[from] move: Pain Split
|
|-heal|p2a: Rotom|81/100|[from] item: Leftovers
|upkeep
|turn|28
|
|t:|1666818927
|move|p1a: Zapdos|Hurricane|p2a: Rotom
|-resisted|p2a: Rotom
|-damage|p2a: Rotom|52/100
|move|p2a: Rotom|Nasty Plot|p2a: Rotom
|-boost|p2a: Rotom|spa|2
|
|-heal|p2a: Rotom|58/100|[from] item: Leftovers
|upkeep
|turn|29
|
|t:|1666818955
|move|p1a: Zapdos|Hurricane|p2a: Rotom
|-resisted|p2a: Rotom
|-damage|p2a: Rotom|29/100
|move|p2a: Rotom|Hydro Pump|p1a: Zapdos
|-damage|p1a: Zapdos|0 fnt
|faint|p1a: Zapdos
|
|-heal|p2a: Rotom|36/100|[from] item: Leftovers
|upkeep
|
|t:|1666818963
|switch|p1a: Victini|Victini|70/100
|turn|30
|l| spookypatata
|inactive|stantlerdude63 has 120 seconds left.
|
|t:|1666818986
|move|p1a: Victini|Bolt Strike|p2a: Rotom
|-damage|p2a: Rotom|0 fnt
|faint|p2a: Rotom
|
|upkeep
|
|t:|1666818989
|switch|p2a: Dragapult|Dragapult, M|100/100
|turn|31
|inactive|IIIodyne has 120 seconds left.
|
|t:|1666819048
|move|p2a: Dragapult|Draco Meteor|p1a: Victini
|-damage|p1a: Victini|0 fnt
|-unboost|p2a: Dragapult|spa|2
|faint|p1a: Victini
|
|upkeep
|
|t:|1666819050
|switch|p1a: Landorus|Landorus-Therian, M|72/100
|-ability|p1a: Landorus|Intimidate|boost
|-unboost|p2a: Dragapult|atk|1
|turn|32
|inactive|stantlerdude63 has 120 seconds left.
|
|t:|1666819078
|move|p1a: Landorus|Earthquake|p2a: Dragapult
|-damage|p2a: Dragapult|24/100
|move|p2a: Dragapult|Draco Meteor|p1a: Landorus
|-damage|p1a: Landorus|19/100
|-unboost|p2a: Dragapult|spa|2
|
|upkeep
|turn|33
|
|t:|1666819082
|move|p1a: Landorus|Earthquake|p2a: Dragapult
|-damage|p2a: Dragapult|0 fnt
|faint|p2a: Dragapult
|
|upkeep
|
|t:|1666819084
|switch|p2a: Clefable|Clefable, M|87/100
|turn|34
|
|t:|1666819086
|move|p1a: Landorus|Earthquake|p2a: Clefable
|-damage|p2a: Clefable|44/100
|move|p2a: Clefable|Moonblast|p1a: Landorus
|-damage|p1a: Landorus|0 fnt
|faint|p1a: Landorus
|
|win|stantlerdude63
|n|☆IIIodyne|iiiodyne
|n|☆stantlerdude63|stantlerdude63
|n| Suuicunee|suuicunee
|c|☆stantlerdude63|gg
|c|☆IIIodyne|gg
|l|☆stantlerdude63
