|j|☆kindersurprise2 0
|j|☆Alu9204
|t:|1664194285
|gametype|singles
|player|p1|kindersurprise2 0|emmet|1530
|player|p2|Alu9204|burglar|1550
|teamsize|p1|6
|teamsize|p2|6
|gen|8
|tier|[Gen 8] OU
|rated|
|rule|Sleep Clause Mod: Limit one foe put to sleep
|rule|Species Clause: Limit one of each Pokémon
|rule|OHKO Clause: OHKO moves are banned
|rule|Evasion Items Clause: Evasion items are banned
|rule|Evasion Moves Clause: Evasion moves are banned
|rule|Endless Battle Clause: Forcing endless battles is banned
|rule|HP Percentage Mod: HP is shown in percentages
|rule|Dynamax Clause: You cannot dynamax
|clearpoke
|poke|p1|Latios, M|
|poke|p1|Amoonguss, M|
|poke|p1|Tapu Fini|
|poke|p1|Heatran, M|
|poke|p1|Landorus-Therian, M|
|poke|p1|Weavile, M|
|poke|p2|Heracross, M|
|poke|p2|Clefable, F|
|poke|p2|Dragapult, F|
|poke|p2|Landorus-Therian, M|
|poke|p2|Rotom-Wash|
|poke|p2|Ferrothorn, M|
|teampreview
|inactive|Battle timer is ON: inactive players will automatically lose when time's up. (requested by Alu9204)
|
|t:|1664194319
|start
|switch|p1a: Pilot|Latios, M|100/100
|switch|p2a: Landorus|Landorus-Therian, M|100/100
|-ability|p2a: Landorus|Intimidate|boost
|-unboost|p1a: Pilot|atk|1
|turn|1
|
|t:|1664194325
|switch|p2a: Ferrothorn|Ferrothorn, M|100/100
|move|p1a: Pilot|Surf|p2a: Ferrothorn
|-resisted|p2a: Ferrothorn
|-damage|p2a: Ferrothorn|82/100
|
|-heal|p2a: Ferrothorn|88/100|[from] item: Leftovers
|upkeep
|turn|2
|
|t:|1664194334
|switch|p1a: Soldier|Landorus-Therian, M|100/100
|-ability|p1a: Soldier|Intimidate|boost
|-unboost|p2a: Ferrothorn|atk|1
|move|p2a: Ferrothorn|Stealth Rock|p1a: Soldier
|-sidestart|p1: kindersurprise2 0|move: Stealth Rock
|
|-heal|p2a: Ferrothorn|94/100|[from] item: Leftovers
|upkeep
|turn|3
|
|t:|1664194340
|move|p1a: Soldier|Defog|p2a: Ferrothorn
|-unboost|p2a: Ferrothorn|evasion|1
|-sideend|p1: kindersurprise2 0|Stealth Rock|[from] move: Defog|[of] p1a: Soldier
|move|p2a: Ferrothorn|Leech Seed|p1a: Soldier
|-start|p1a: Soldier|move: Leech Seed
|
|-heal|p2a: Ferrothorn|99/100|[from] item: Leftovers
|-damage|p1a: Soldier|88/100|[from] Leech Seed|[of] p2a: Ferrothorn
|-heal|p2a: Ferrothorn|100/100|[silent]
|upkeep
|turn|4
|
|t:|1664194347
|switch|p1a: Blacksmith|Heatran, M, shiny|100/100
|move|p2a: Ferrothorn|Stealth Rock|p1a: Blacksmith
|-sidestart|p1: kindersurprise2 0|move: Stealth Rock
|
|upkeep
|turn|5
|
|t:|1664194355
|switch|p2a: Rotom|Rotom-Wash|100/100
|move|p1a: Blacksmith|Toxic|p2a: Rotom
|-status|p2a: Rotom|tox
|
|-damage|p2a: Rotom|95/100 tox|[from] psn
|upkeep
|turn|6
|
|t:|1664194364
|switch|p1a: Winemaker|Amoonguss, M, shiny|100/100
|-damage|p1a: Winemaker|88/100|[from] Stealth Rock
|move|p2a: Rotom|Volt Switch|p1a: Winemaker
|-resisted|p1a: Winemaker
|-damage|p1a: Winemaker|77/100
|
|t:|1664194371
|switch|p2a: Landorus|Landorus-Therian, M|100/100|[from]move: Volt Switch
|-ability|p2a: Landorus|Intimidate|boost
|-unboost|p1a: Winemaker|atk|1
|
|-heal|p1a: Winemaker|83/100|[from] item: Black Sludge
|upkeep
|turn|7
|
|t:|1664194386
|move|p2a: Landorus|Substitute|p2a: Landorus
|-start|p2a: Landorus|Substitute
|-damage|p2a: Landorus|76/100
|move|p1a: Winemaker|Giga Drain|p2a: Landorus
|-activate|p2a: Landorus|move: Substitute|[damage]
|-heal|p1a: Winemaker|94/100|[from] drain|[of] p2a: Landorus
|
|-heal|p2a: Landorus|82/100|[from] item: Leftovers
|-heal|p1a: Winemaker|99/100|[from] item: Black Sludge
|upkeep
|turn|8
|
|t:|1664194401
|switch|p1a: Queen|Tapu Fini, shiny|100/100
|-damage|p1a: Queen|88/100|[from] Stealth Rock
|-fieldstart|move: Misty Terrain|[from] ability: Misty Surge|[of] p1a: Queen
|move|p2a: Landorus|Bulk Up|p2a: Landorus
|-boost|p2a: Landorus|atk|1
|-boost|p2a: Landorus|def|1
|
|-heal|p2a: Landorus|88/100|[from] item: Leftovers
|-heal|p1a: Queen|94/100|[from] item: Leftovers
|upkeep
|turn|9
|
|t:|1664194406
|move|p2a: Landorus|Earthquake|p1a: Queen
|-damage|p1a: Queen|46/100
|move|p1a: Queen|Scald|p2a: Landorus
|-supereffective|p2a: Landorus
|-end|p2a: Landorus|Substitute
|
|-heal|p2a: Landorus|94/100|[from] item: Leftovers
|-heal|p1a: Queen|52/100|[from] item: Leftovers
|upkeep
|turn|10
|
|t:|1664194418
|switch|p2a: Rotom|Rotom-Wash|95/100 tox
|move|p1a: Queen|Scald|p2a: Rotom
|-resisted|p2a: Rotom
|-damage|p2a: Rotom|84/100 tox
|
|-heal|p2a: Rotom|90/100 tox|[from] item: Leftovers
|-heal|p1a: Queen|58/100|[from] item: Leftovers
|-damage|p2a: Rotom|84/100 tox|[from] psn
|upkeep
|turn|11
|
|t:|1664194456
|switch|p1a: Winemaker|Amoonguss, M, shiny|100/100
|-damage|p1a: Winemaker|88/100|[from] Stealth Rock
|move|p2a: Rotom|Hydro Pump|p1a: Winemaker
|-resisted|p1a: Winemaker
|-damage|p1a: Winemaker|69/100
|
|-heal|p2a: Rotom|90/100 tox|[from] item: Leftovers
|-heal|p1a: Winemaker|76/100|[from] item: Black Sludge
|-damage|p2a: Rotom|78/100 tox|[from] psn
|upkeep
|turn|12
|inactive|kindersurprise2 0 has 120 seconds left.
|
|t:|1664194471
|move|p2a: Rotom|Volt Switch|p1a: Winemaker
|-resisted|p1a: Winemaker
|-damage|p1a: Winemaker|63/100
|
|t:|1664194474
|switch|p2a: Ferrothorn|Ferrothorn, M|100/100|[from]move: Volt Switch
|move|p1a: Winemaker|Spore|p2a: Ferrothorn
|-immune|p2a: Ferrothorn
|
|-heal|p1a: Winemaker|69/100|[from] item: Black Sludge
|-fieldend|Misty Terrain
|upkeep
|turn|13
|
|t:|1664194486
|switch|p1a: Blacksmith|Heatran, M, shiny|100/100
|-damage|p1a: Blacksmith|88/100|[from] Stealth Rock
|move|p2a: Ferrothorn|Body Press|p1a: Blacksmith
|-supereffective|p1a: Blacksmith
|-damage|p1a: Blacksmith|40/100
|
|-heal|p1a: Blacksmith|46/100|[from] item: Leftovers
|upkeep
|turn|14
|
|t:|1664194497
|switch|p2a: Rotom|Rotom-Wash|78/100 tox
|move|p1a: Blacksmith|Magma Storm|p2a: Rotom
|-resisted|p2a: Rotom
|-damage|p2a: Rotom|59/100 tox
|-activate|p2a: Rotom|move: Magma Storm|[of] p1a: Blacksmith
|
|-heal|p2a: Rotom|65/100 tox|[from] item: Leftovers
|-heal|p1a: Blacksmith|52/100|[from] item: Leftovers
|-damage|p2a: Rotom|59/100 tox|[from] psn
|-damage|p2a: Rotom|47/100 tox|[from] move: Magma Storm|[partiallytrapped]
|upkeep
|turn|15
|
|t:|1664194513
|move|p2a: Rotom|Volt Switch|p1a: Blacksmith
|-damage|p1a: Blacksmith|37/100
|
|t:|1664194521
|switch|p2a: Clefable|Clefable, F|100/100|[from]move: Volt Switch
|move|p1a: Blacksmith|Magma Storm|p2a: Clefable
|-damage|p2a: Clefable|57/100
|-activate|p2a: Clefable|move: Magma Storm|[of] p1a: Blacksmith
|
|-heal|p1a: Blacksmith|44/100|[from] item: Leftovers
|upkeep
|turn|16
|
|t:|1664194531
|move|p1a: Blacksmith|Taunt|p2a: Clefable
|-start|p2a: Clefable|move: Taunt
|cant|p2a: Clefable|move: Taunt|Soft-Boiled
|
|-heal|p1a: Blacksmith|50/100|[from] item: Leftovers
|upkeep
|turn|17
|
|t:|1664194536
|move|p1a: Blacksmith|Magma Storm|p2a: Clefable
|-damage|p2a: Clefable|12/100
|move|p2a: Clefable|Moonblast|p1a: Blacksmith
|-resisted|p1a: Blacksmith
|-damage|p1a: Blacksmith|44/100
|
|-heal|p1a: Blacksmith|50/100|[from] item: Leftovers
|upkeep
|turn|18
|
|t:|1664194540
|move|p1a: Blacksmith|Earth Power|p2a: Clefable
|-damage|p2a: Clefable|0 fnt
|faint|p2a: Clefable
|
|-heal|p1a: Blacksmith|57/100|[from] item: Leftovers
|upkeep
|
|t:|1664194542
|switch|p2a: Landorus|Landorus-Therian, M|94/100
|-ability|p2a: Landorus|Intimidate|boost
|-unboost|p1a: Blacksmith|atk|1
|turn|19
|
|t:|1664194555
|switch|p1a: Soldier|Landorus-Therian, M|88/100
|-damage|p1a: Soldier|76/100|[from] Stealth Rock
|-ability|p1a: Soldier|Intimidate|boost
|-unboost|p2a: Landorus|atk|1
|move|p2a: Landorus|Substitute|p2a: Landorus
|-start|p2a: Landorus|Substitute
|-damage|p2a: Landorus|69/100
|
|-heal|p2a: Landorus|75/100|[from] item: Leftovers
|-heal|p1a: Soldier|82/100|[from] item: Leftovers
|upkeep
|turn|20
|
|t:|1664194559
|move|p2a: Landorus|Bulk Up|p2a: Landorus
|-boost|p2a: Landorus|atk|1
|-boost|p2a: Landorus|def|1
|move|p1a: Soldier|U-turn|p2a: Landorus
|-resisted|p2a: Landorus
|-activate|p2a: Landorus|move: Substitute|[damage]
|
|t:|1664194561
|switch|p1a: Weaver|Weavile, M|100/100|[from]move: U-turn
|-damage|p1a: Weaver|76/100|[from] Stealth Rock
|-ability|p1a: Weaver|Pressure
|
|-heal|p2a: Landorus|81/100|[from] item: Leftovers
|upkeep
|turn|21
|
|t:|1664194573
|switch|p1a: Queen|Tapu Fini, shiny|58/100
|-damage|p1a: Queen|46/100|[from] Stealth Rock
|-fieldstart|move: Misty Terrain|[from] ability: Misty Surge|[of] p1a: Queen
|switch|p2a: Ferrothorn|Ferrothorn, M|100/100
|
|-heal|p1a: Queen|52/100|[from] item: Leftovers
|upkeep
|turn|22
|
|t:|1664194578
|move|p1a: Queen|Substitute|p1a: Queen
|-start|p1a: Queen|Substitute
|-damage|p1a: Queen|27/100
|move|p2a: Ferrothorn|Leech Seed|p1a: Queen|[miss]
|-miss|p2a: Ferrothorn|p1a: Queen
|
|-heal|p1a: Queen|33/100|[from] item: Leftovers
|upkeep
|turn|23
|
|t:|1664194583
|move|p1a: Queen|Calm Mind|p1a: Queen
|-boost|p1a: Queen|spa|1
|-boost|p1a: Queen|spd|1
|move|p2a: Ferrothorn|Iron Head|p1a: Queen
|-activate|p1a: Queen|move: Substitute|[damage]
|
|-heal|p1a: Queen|39/100|[from] item: Leftovers
|upkeep
|turn|24
|
|t:|1664194588
|switch|p2a: Rotom|Rotom-Wash|47/100 tox
|move|p1a: Queen|Calm Mind|p1a: Queen
|-boost|p1a: Queen|spa|1
|-boost|p1a: Queen|spd|1
|
|-heal|p1a: Queen|45/100|[from] item: Leftovers
|-heal|p2a: Rotom|53/100 tox|[from] item: Leftovers
|-damage|p2a: Rotom|47/100 tox|[from] psn
|upkeep
|turn|25
|
|t:|1664194596
|move|p1a: Queen|Draining Kiss|p2a: Rotom
|-damage|p2a: Rotom|21/100 tox
|-heal|p1a: Queen|62/100|[from] drain|[of] p2a: Rotom
|move|p2a: Rotom|Volt Switch|p1a: Queen
|-supereffective|p1a: Queen
|-end|p1a: Queen|Substitute
|
|t:|1664194612
|switch|p2a: Landorus|Landorus-Therian, M|81/100|[from]move: Volt Switch
|-ability|p2a: Landorus|Intimidate|boost
|-unboost|p1a: Queen|atk|1
|
|-heal|p2a: Landorus|87/100|[from] item: Leftovers
|-heal|p1a: Queen|69/100|[from] item: Leftovers
|-fieldend|Misty Terrain
|upkeep
|turn|26
|
|t:|1664194621
|move|p2a: Landorus|Earthquake|p1a: Queen
|-damage|p1a: Queen|32/100
|move|p1a: Queen|Scald|p2a: Landorus
|-supereffective|p2a: Landorus
|-damage|p2a: Landorus|0 fnt
|faint|p2a: Landorus
|
|-heal|p1a: Queen|39/100|[from] item: Leftovers
|upkeep
|
|t:|1664194630
|switch|p2a: Dragapult|Dragapult, F|100/100
|turn|27
|
|t:|1664194634
|move|p2a: Dragapult|Phantom Force||[still]
|-prepare|p2a: Dragapult|Phantom Force
|move|p1a: Queen|Draining Kiss|p2a: Dragapult|[miss]
|-miss|p1a: Queen|p2a: Dragapult
|
|-heal|p1a: Queen|45/100|[from] item: Leftovers
|upkeep
|turn|28
|
|t:|1664194638
|move|p2a: Dragapult|Phantom Force|p1a: Queen|[from]lockedmove
|-damage|p1a: Queen|13/100
|move|p1a: Queen|Draining Kiss|p2a: Dragapult
|-supereffective|p2a: Dragapult
|-damage|p2a: Dragapult|6/100
|-heal|p1a: Queen|78/100|[from] drain|[of] p2a: Dragapult
|
|-heal|p1a: Queen|85/100|[from] item: Leftovers
|upkeep
|turn|29
|
|t:|1664194645
|move|p2a: Dragapult|Phantom Force||[still]
|-prepare|p2a: Dragapult|Phantom Force
|move|p1a: Queen|Substitute|p1a: Queen
|-start|p1a: Queen|Substitute
|-damage|p1a: Queen|60/100
|
|-heal|p1a: Queen|66/100|[from] item: Leftovers
|upkeep
|turn|30
|
|t:|1664194654
|move|p2a: Dragapult|Phantom Force|p1a: Queen|[from]lockedmove
|-end|p1a: Queen|Substitute
|move|p1a: Queen|Draining Kiss|p2a: Dragapult
|-supereffective|p2a: Dragapult
|-damage|p2a: Dragapult|0 fnt
|-heal|p1a: Queen|69/100|[from] drain|[of] p2a: Dragapult
|faint|p2a: Dragapult
|
|-heal|p1a: Queen|75/100|[from] item: Leftovers
|upkeep
|
|t:|1664194660
|switch|p2a: Ferrothorn|Ferrothorn, M|100/100
|turn|31
|
|t:|1664194666
|move|p1a: Queen|Substitute|p1a: Queen
|-start|p1a: Queen|Substitute
|-damage|p1a: Queen|50/100
|move|p2a: Ferrothorn|Iron Head|p1a: Queen
|-activate|p1a: Queen|move: Substitute|[damage]
|
|-heal|p1a: Queen|57/100|[from] item: Leftovers
|upkeep
|turn|32
|
|t:|1664194673
|move|p1a: Queen|Scald|p2a: Ferrothorn
|-resisted|p2a: Ferrothorn
|-damage|p2a: Ferrothorn|79/100
|-status|p2a: Ferrothorn|brn
|move|p2a: Ferrothorn|Iron Head|p1a: Queen
|-end|p1a: Queen|Substitute
|
|-heal|p1a: Queen|63/100|[from] item: Leftovers
|-heal|p2a: Ferrothorn|85/100 brn|[from] item: Leftovers
|-damage|p2a: Ferrothorn|79/100 brn|[from] brn
|upkeep
|turn|33
|
|t:|1664194678
|move|p1a: Queen|Substitute|p1a: Queen
|-start|p1a: Queen|Substitute
|-damage|p1a: Queen|38/100
|move|p2a: Ferrothorn|Iron Head|p1a: Queen
|-activate|p1a: Queen|move: Substitute|[damage]
|
|-heal|p1a: Queen|44/100|[from] item: Leftovers
|-heal|p2a: Ferrothorn|85/100 brn|[from] item: Leftovers
|-damage|p2a: Ferrothorn|79/100 brn|[from] brn
|upkeep
|turn|34
|
|t:|1664194680
|move|p1a: Queen|Calm Mind|p1a: Queen
|-boost|p1a: Queen|spa|1
|-boost|p1a: Queen|spd|1
|move|p2a: Ferrothorn|Iron Head|p1a: Queen
|-activate|p1a: Queen|move: Substitute|[damage]
|
|-heal|p1a: Queen|50/100|[from] item: Leftovers
|-heal|p2a: Ferrothorn|85/100 brn|[from] item: Leftovers
|-damage|p2a: Ferrothorn|79/100 brn|[from] brn
|upkeep
|turn|35
|
|t:|1664194683
|move|p1a: Queen|Calm Mind|p1a: Queen
|-boost|p1a: Queen|spa|1
|-boost|p1a: Queen|spd|1
|move|p2a: Ferrothorn|Iron Head|p1a: Queen
|-end|p1a: Queen|Substitute
|
|-heal|p1a: Queen|56/100|[from] item: Leftovers
|-heal|p2a: Ferrothorn|85/100 brn|[from] item: Leftovers
|-damage|p2a: Ferrothorn|79/100 brn|[from] brn
|upkeep
|turn|36
|
|t:|1664194686
|move|p1a: Queen|Substitute|p1a: Queen
|-start|p1a: Queen|Substitute
|-damage|p1a: Queen|31/100
|move|p2a: Ferrothorn|Iron Head|p1a: Queen
|-activate|p1a: Queen|move: Substitute|[damage]
|
|-heal|p1a: Queen|37/100|[from] item: Leftovers
|-heal|p2a: Ferrothorn|85/100 brn|[from] item: Leftovers
|-damage|p2a: Ferrothorn|79/100 brn|[from] brn
|upkeep
|turn|37
|
|t:|1664194688
|move|p1a: Queen|Scald|p2a: Ferrothorn
|-resisted|p2a: Ferrothorn
|-damage|p2a: Ferrothorn|46/100 brn
|move|p2a: Ferrothorn|Iron Head|p1a: Queen
|-activate|p1a: Queen|move: Substitute|[damage]
|
|-heal|p1a: Queen|43/100|[from] item: Leftovers
|-heal|p2a: Ferrothorn|52/100 brn|[from] item: Leftovers
|-damage|p2a: Ferrothorn|46/100 brn|[from] brn
|upkeep
|turn|38
|
|t:|1664194692
|move|p1a: Queen|Scald|p2a: Ferrothorn
|-resisted|p2a: Ferrothorn
|-damage|p2a: Ferrothorn|14/100 brn
|move|p2a: Ferrothorn|Iron Head|p1a: Queen
|-end|p1a: Queen|Substitute
|
|-heal|p1a: Queen|49/100|[from] item: Leftovers
|-heal|p2a: Ferrothorn|20/100 brn|[from] item: Leftovers
|-damage|p2a: Ferrothorn|14/100 brn|[from] brn
|upkeep
|turn|39
|
|t:|1664194696
|move|p1a: Queen|Substitute|p1a: Queen
|-start|p1a: Queen|Substitute
|-damage|p1a: Queen|24/100
|move|p2a: Ferrothorn|Iron Head|p1a: Queen
|-activate|p1a: Queen|move: Substitute|[damage]
|
|-heal|p1a: Queen|30/100|[from] item: Leftovers
|-heal|p2a: Ferrothorn|20/100 brn|[from] item: Leftovers
|-damage|p2a: Ferrothorn|14/100 brn|[from] brn
|upkeep
|turn|40
|
|t:|1664194700
|move|p1a: Queen|Scald|p2a: Ferrothorn
|-resisted|p2a: Ferrothorn
|-crit|p2a: Ferrothorn
|-damage|p2a: Ferrothorn|0 fnt
|faint|p2a: Ferrothorn
|
|-heal|p1a: Queen|37/100|[from] item: Leftovers
|upkeep
|
|t:|1664194703
|switch|p2a: Rotom|Rotom-Wash|21/100 tox
|turn|41
|c|☆kindersurprise2 0|gg
|
|t:|1664194709
|move|p2a: Rotom|Volt Switch|p1a: Queen
|-supereffective|p1a: Queen
|-activate|p1a: Queen|move: Substitute|[damage]
|
|t:|1664194713
|switch|p2a: Heracross|Heracross, M|100/100|[from]move: Volt Switch
|move|p1a: Queen|Draining Kiss|p2a: Heracross
|-supereffective|p2a: Heracross
|-damage|p2a: Heracross|1/100
|-heal|p1a: Queen|100/100|[from] drain|[of] p2a: Heracross
|
|-status|p2a: Heracross|brn|[from] item: Flame Orb
|upkeep
|turn|42
|
|t:|1664194721
|move|p2a: Heracross|Facade|p1a: Queen
|-end|p1a: Queen|Substitute
|move|p1a: Queen|Substitute|p1a: Queen
|-start|p1a: Queen|Substitute
|-damage|p1a: Queen|75/100
|
|-heal|p1a: Queen|82/100|[from] item: Leftovers
|-damage|p2a: Heracross|0 fnt|[from] brn
|faint|p2a: Heracross
|upkeep
|
|t:|1664194724
|switch|p2a: Rotom|Rotom-Wash|21/100 tox
|turn|43
|
|t:|1664194726
|move|p1a: Queen|Draining Kiss|p2a: Rotom
|-damage|p2a: Rotom|0 fnt
|-heal|p1a: Queen|95/100|[from] drain|[of] p2a: Rotom
|faint|p2a: Rotom
|
|win|kindersurprise2 0
|raw|kindersurprise2 0's rating: 1530 &rarr; <strong>1551</strong><br />(+21 for winning)
|raw|Alu9204's rating: 1550 &rarr; <strong>1529</strong><br />(-21 for losing)
