|raw|<div class="broadcast-blue"><strong>This battle is required to be public due to a player having a name starting with 'lt93oq'.</div>
|j|☆lt93oq EclipseY
|j|☆Mimikyu Stardust
|t:|1660666943
|gametype|singles
|player|p1|lt93oq EclipseY|cynthia-gen4|1738
|player|p2|Mimikyu Stardust|#wcop2022asia|1689
|teamsize|p1|6
|teamsize|p2|6
|gen|8
|tier|[Gen 8] OU
|rated|
|rule|Sleep Clause Mod: Limit one foe put to sleep
|rule|Species Clause: Limit one of each Pokémon
|rule|OHKO Clause: OHKO moves are banned
|rule|Evasion Items Clause: Evasion items are banned
|rule|Evasion Moves Clause: Evasion moves are banned
|rule|Endless Battle Clause: Forcing endless battles is banned
|rule|HP Percentage Mod: HP is shown in percentages
|rule|Dynamax Clause: You cannot dynamax
|clearpoke
|poke|p1|Gengar, M|
|poke|p1|Landorus-Therian, M|
|poke|p1|Kommo-o, F|
|poke|p1|Melmetal|
|poke|p1|Rotom-Wash|
|poke|p1|Hydreigon, F|
|poke|p2|Mew|
|poke|p2|Zeraora|
|poke|p2|Kartana|
|poke|p2|Blacephalon|
|poke|p2|Tapu Bulu|
|poke|p2|Weavile, M|
|teampreview
|inactive|Battle timer is ON: inactive players will automatically lose when time's up. (requested by lt93oq EclipseY)
|
|t:|1660666961
|start
|switch|p1a: Gengar|Gengar, M|100/100
|switch|p2a: Mew|Mew|100/100
|turn|1
|
|t:|1660666969
|move|p1a: Gengar|Shadow Ball|p2a: Mew
|-supereffective|p2a: Mew
|-damage|p2a: Mew|1/100
|move|p2a: Mew|Thunder Wave|p1a: Gengar
|-status|p1a: Gengar|par
|
|upkeep
|turn|2
|
|t:|1660666977
|move|p2a: Mew|Stealth Rock|p1a: Gengar
|-sidestart|p1: lt93oq EclipseY|move: Stealth Rock
|cant|p1a: Gengar|par
|
|upkeep
|turn|3
|
|t:|1660666981
|move|p2a: Mew|Spikes|p1a: Gengar
|-sidestart|p1: lt93oq EclipseY|Spikes
|move|p1a: Gengar|Shadow Ball|p2a: Mew
|-supereffective|p2a: Mew
|-damage|p2a: Mew|0 fnt
|faint|p2a: Mew
|
|upkeep
|
|t:|1660666990
|switch|p2a: Weavile|Weavile, M|100/100
|-ability|p2a: Weavile|Pressure
|turn|4
|
|t:|1660666994
|switch|p1a: Rotom|Rotom-Wash|100/100
|-damage|p1a: Rotom|88/100|[from] Stealth Rock
|move|p2a: Weavile|Knock Off|p1a: Rotom
|-damage|p1a: Rotom|30/100
|-enditem|p1a: Rotom|Leftovers|[from] move: Knock Off|[of] p2a: Weavile
|-damage|p2a: Weavile|91/100|[from] item: Life Orb
|
|upkeep
|turn|5
|
|t:|1660666999
|move|p2a: Weavile|Knock Off|p1a: Rotom
|-crit|p1a: Rotom
|-damage|p1a: Rotom|0 fnt
|faint|p1a: Rotom
|-damage|p2a: Weavile|81/100|[from] item: Life Orb
|
|upkeep
|
|t:|1660667001
|switch|p1a: Melmetal|Melmetal|100/100
|-damage|p1a: Melmetal|94/100|[from] Stealth Rock
|-damage|p1a: Melmetal|82/100|[from] Spikes
|turn|6
|inactive|Mimikyu Stardust has 120 seconds left.
|
|t:|1660667031
|switch|p2a: Zeraora|Zeraora|100/100
|move|p1a: Melmetal|Double Iron Bash|p2a: Zeraora
|-resisted|p2a: Zeraora
|-damage|p2a: Zeraora|69/100
|-resisted|p2a: Zeraora
|-damage|p2a: Zeraora|41/100
|-hitcount|p2a: Zeraora|2
|
|upkeep
|turn|7
|
|t:|1660667035
|switch|p1a: Kommo-o|Kommo-o, F|100/100
|-damage|p1a: Kommo-o|94/100|[from] Stealth Rock
|-damage|p1a: Kommo-o|82/100|[from] Spikes
|move|p2a: Zeraora|Knock Off|p1a: Kommo-o
|-resisted|p1a: Kommo-o
|-damage|p1a: Kommo-o|73/100
|-damage|p2a: Zeraora|24/100|[from] item: Rocky Helmet|[of] p1a: Kommo-o
|-enditem|p1a: Kommo-o|Rocky Helmet|[from] move: Knock Off|[of] p2a: Zeraora
|
|upkeep
|turn|8
|
|t:|1660667039
|switch|p2a: Weavile|Weavile, M|81/100
|-ability|p2a: Weavile|Pressure
|move|p1a: Kommo-o|Stealth Rock|p2a: Weavile
|-sidestart|p2: Mimikyu Stardust|move: Stealth Rock
|
|upkeep
|turn|9
|
|t:|1660667043
|move|p2a: Weavile|Triple Axel|p1a: Kommo-o
|-supereffective|p1a: Kommo-o
|-damage|p1a: Kommo-o|54/100
|-supereffective|p1a: Kommo-o
|-damage|p1a: Kommo-o|17/100
|-supereffective|p1a: Kommo-o
|-damage|p1a: Kommo-o|0 fnt
|faint|p1a: Kommo-o
|-hitcount|p1: Kommo-o|3
|-damage|p2a: Weavile|71/100|[from] item: Life Orb
|
|upkeep
|
|t:|1660667046
|switch|p1a: Melmetal|Melmetal|82/100
|-damage|p1a: Melmetal|76/100|[from] Stealth Rock
|-damage|p1a: Melmetal|63/100|[from] Spikes
|turn|10
|
|t:|1660667050
|switch|p2a: Zeraora|Zeraora|24/100
|-damage|p2a: Zeraora|12/100|[from] Stealth Rock
|move|p1a: Melmetal|Double Iron Bash|p2a: Zeraora
|-resisted|p2a: Zeraora
|-crit|p2a: Zeraora
|-damage|p2a: Zeraora|0 fnt
|faint|p2a: Zeraora
|-hitcount|p2: Zeraora|1
|
|upkeep
|
|t:|1660667053
|switch|p2a: Tapu Bulu|Tapu Bulu|100/100
|-damage|p2a: Tapu Bulu|88/100|[from] Stealth Rock
|-fieldstart|move: Grassy Terrain|[from] ability: Grassy Surge|[of] p2a: Tapu Bulu
|turn|11
|
|t:|1660667057
|switch|p1a: Landorus|Landorus-Therian, M|100/100
|-damage|p1a: Landorus|88/100|[from] Stealth Rock
|-ability|p1a: Landorus|Intimidate|boost
|-unboost|p2a: Tapu Bulu|atk|1
|move|p2a: Tapu Bulu|Close Combat|p1a: Landorus
|-resisted|p1a: Landorus
|-damage|p1a: Landorus|72/100
|-unboost|p2a: Tapu Bulu|def|1
|-unboost|p2a: Tapu Bulu|spd|1
|
|-heal|p2a: Tapu Bulu|94/100|[from] Grassy Terrain
|-heal|p1a: Landorus|78/100|[from] item: Leftovers
|upkeep
|turn|12
|
|t:|1660667062
|move|p2a: Tapu Bulu|Horn Leech|p1a: Landorus
|-damage|p1a: Landorus|39/100
|-heal|p2a: Tapu Bulu|100/100|[from] drain|[of] p1a: Landorus
|move|p1a: Landorus|U-turn|p2a: Tapu Bulu
|-damage|p2a: Tapu Bulu|63/100
|
|t:|1660667065
|switch|p1a: Gengar|Gengar, M|100/100 par|[from]move: U-turn
|-damage|p1a: Gengar|88/100 par|[from] Stealth Rock
|-damage|p1a: Gengar|76/100 par|[from] Spikes
|
|-heal|p2a: Tapu Bulu|69/100|[from] Grassy Terrain
|-heal|p1a: Gengar|82/100 par|[from] Grassy Terrain
|upkeep
|turn|13
|
|t:|1660667069
|move|p2a: Tapu Bulu|Stone Edge|p1a: Gengar
|-damage|p1a: Gengar|35/100 par
|-start|p2a: Tapu Bulu|Disable|Stone Edge|[from] ability: Cursed Body|[of] p1a: Gengar
|move|p1a: Gengar|Shadow Ball|p2a: Tapu Bulu
|-damage|p2a: Tapu Bulu|0 fnt
|faint|p2a: Tapu Bulu
|
|-heal|p1a: Gengar|41/100 par|[from] Grassy Terrain
|upkeep
|j| jeanmilapipe
|
|t:|1660667085
|switch|p2a: Weavile|Weavile, M|71/100
|-damage|p2a: Weavile|46/100|[from] Stealth Rock
|-ability|p2a: Weavile|Pressure
|turn|14
|
|t:|1660667088
|move|p2a: Weavile|Knock Off|p1a: Gengar
|-supereffective|p1a: Gengar
|-damage|p1a: Gengar|0 fnt
|-enditem|p1a: Gengar|Choice Specs|[from] move: Knock Off|[of] p2a: Weavile
|faint|p1a: Gengar
|-damage|p2a: Weavile|36/100|[from] item: Life Orb
|
|-heal|p2a: Weavile|42/100|[from] Grassy Terrain
|upkeep
|
|t:|1660667096
|switch|p1a: Melmetal|Melmetal|63/100
|-damage|p1a: Melmetal|57/100|[from] Stealth Rock
|-damage|p1a: Melmetal|45/100|[from] Spikes
|turn|15
|
|t:|1660667099
|switch|p2a: Blacephalon|Blacephalon|100/100
|-damage|p2a: Blacephalon|76/100|[from] Stealth Rock
|move|p1a: Melmetal|Double Iron Bash|p2a: Blacephalon
|-resisted|p2a: Blacephalon
|-damage|p2a: Blacephalon|21/100
|-resisted|p2a: Blacephalon
|-damage|p2a: Blacephalon|0 fnt
|faint|p2a: Blacephalon
|-hitcount|p2: Blacephalon|2
|
|-heal|p1a: Melmetal|51/100|[from] Grassy Terrain
|-fieldend|move: Grassy Terrain
|upkeep
|
|t:|1660667102
|switch|p2a: Kartana|Kartana|100/100
|-damage|p2a: Kartana|94/100|[from] Stealth Rock
|turn|16
|
|t:|1660667112
|move|p2a: Kartana|Sacred Sword|p1a: Melmetal
|-supereffective|p1a: Melmetal
|-damage|p1a: Melmetal|6/100
|move|p1a: Melmetal|Superpower|p2a: Kartana
|-supereffective|p2a: Kartana
|-damage|p2a: Kartana|0 fnt
|-unboost|p1a: Melmetal|atk|1
|-unboost|p1a: Melmetal|def|1
|faint|p2a: Kartana
|
|upkeep
|
|t:|1660667115
|switch|p2a: Weavile|Weavile, M|42/100
|-damage|p2a: Weavile|17/100|[from] Stealth Rock
|-ability|p2a: Weavile|Pressure
|turn|17
|
|t:|1660667127
|move|p2a: Weavile|Knock Off|p1a: Melmetal
|-crit|p1a: Melmetal
|-damage|p1a: Melmetal|0 fnt
|-enditem|p1a: Melmetal|Protective Pads|[from] move: Knock Off|[of] p2a: Weavile
|faint|p1a: Melmetal
|-damage|p2a: Weavile|7/100|[from] item: Life Orb
|
|upkeep
|
|t:|1660667130
|switch|p1a: Landorus|Landorus-Therian, M|39/100
|-damage|p1a: Landorus|27/100|[from] Stealth Rock
|-ability|p1a: Landorus|Intimidate|boost
|-unboost|p2a: Weavile|atk|1
|turn|18
|
|t:|1660667142
|move|p2a: Weavile|Ice Shard|p1a: Landorus
|-supereffective|p1a: Landorus
|-damage|p1a: Landorus|0 fnt
|faint|p1a: Landorus
|-damage|p2a: Weavile|0 fnt|[from] item: Life Orb
|faint|p2a: Weavile
|
|win|lt93oq EclipseY
|raw|lt93oq EclipseY's rating: 1738 &rarr; <strong>1755</strong><br />(+17 for winning)
|raw|Mimikyu Stardust's rating: 1689 &rarr; <strong>1672</strong><br />(-17 for losing)
