|j|☆minimax_ai
|j|☆vagmak
|t:|1665426708
|gametype|singles
|player|p1|minimax_ai|lusamine-nihilego|1501
|player|p2|vagmak|steven|1602
|teamsize|p1|6
|teamsize|p2|6
|gen|8
|tier|[Gen 8] OU
|rated|
|rule|Sleep Clause Mod: Limit one foe put to sleep
|rule|Species Clause: Limit one of each Pokémon
|rule|OHKO Clause: OHKO moves are banned
|rule|Evasion Items Clause: Evasion items are banned
|rule|Evasion Moves Clause: Evasion moves are banned
|rule|Endless Battle Clause: Forcing endless battles is banned
|rule|HP Percentage Mod: HP is shown in percentages
|rule|Dynamax Clause: You cannot dynamax
|clearpoke
|poke|p1|Rotom-Wash|
|poke|p1|Weavile, F|
|poke|p1|Landorus-Therian, M|
|poke|p1|Heatran, M|
|poke|p1|Tangrowth, M|
|poke|p1|Melmetal|
|poke|p2|Garchomp, M|
|poke|p2|Melmetal|
|poke|p2|Zapdos|
|poke|p2|Urshifu-*, F|
|poke|p2|Azumarill, F|
|poke|p2|Kartana|
|teampreview
|c|☆minimax_ai|hf
|inactive|Battle timer is ON: inactive players will automatically lose when time's up. (requested by minimax_ai)
|
|t:|1665426723
|start
|switch|p1a: landorustherian|Landorus-Therian, M|100/100
|switch|p2a: Kartana|Kartana|100/100
|-ability|p1a: landorustherian|Intimidate|boost
|-unboost|p2a: Kartana|atk|1
|turn|1
|
|t:|1665426727
|move|p2a: Kartana|Swords Dance|p2a: Kartana
|-boost|p2a: Kartana|atk|2
|move|p1a: landorustherian|Earthquake|p2a: Kartana
|-damage|p2a: Kartana|53/100
|
|upkeep
|turn|2
|
|t:|1665426734
|switch|p1a: Tangrowth|Tangrowth, M|100/100
|move|p2a: Kartana|Leaf Blade|p1a: Tangrowth
|-resisted|p1a: Tangrowth
|-damage|p1a: Tangrowth|72/100
|-damage|p2a: Kartana|37/100|[from] item: Rocky Helmet|[of] p1a: Tangrowth
|-damage|p2a: Kartana|27/100|[from] item: Life Orb
|
|upkeep
|turn|3
|
|t:|1665426738
|move|p2a: Kartana|Knock Off|p1a: Tangrowth
|-damage|p1a: Tangrowth|30/100
|-damage|p2a: Kartana|10/100|[from] item: Rocky Helmet|[of] p1a: Tangrowth
|-enditem|p1a: Tangrowth|Rocky Helmet|[from] move: Knock Off|[of] p2a: Kartana
|-damage|p2a: Kartana|0 fnt|[from] item: Life Orb
|faint|p2a: Kartana
|move|p1a: Tangrowth|Focus Blast|p2: Kartana|[notarget]
|-fail|p1a: Tangrowth
|
|upkeep
|
|t:|1665426757
|switch|p2a: Zapdos|Zapdos|100/100
|turn|4
|
|t:|1665426761
|switch|p1a: landorustherian|Landorus-Therian, M|100/100
|-ability|p1a: landorustherian|Intimidate|boost
|-unboost|p2a: Zapdos|atk|1
|move|p2a: Zapdos|Heat Wave|p1a: landorustherian
|-damage|p1a: landorustherian|75/100
|
|-heal|p1a: landorustherian|81/100|[from] item: Leftovers
|upkeep
|turn|5
|
|t:|1665426765
|move|p2a: Zapdos|Hurricane|p1a: landorustherian
|-damage|p1a: landorustherian|38/100
|move|p1a: landorustherian|Toxic|p2a: Zapdos
|-status|p2a: Zapdos|tox
|
|-heal|p1a: landorustherian|44/100|[from] item: Leftovers
|-damage|p2a: Zapdos|94/100 tox|[from] psn
|upkeep
|turn|6
|
|t:|1665426769
|switch|p2a: Garchomp|Garchomp, M|100/100
|move|p1a: landorustherian|Earthquake|p2a: Garchomp
|-damage|p2a: Garchomp|53/100
|
|-heal|p1a: landorustherian|50/100|[from] item: Leftovers
|upkeep
|turn|7
|
|t:|1665426778
|switch|p1a: Tangrowth|Tangrowth, M|64/100
|move|p2a: Garchomp|Swords Dance|p2a: Garchomp
|-boost|p2a: Garchomp|atk|2
|
|upkeep
|turn|8
|
|t:|1665426783
|move|p2a: Garchomp|Fire Fang|p1a: Tangrowth
|-supereffective|p1a: Tangrowth
|-damage|p1a: Tangrowth|6/100
|-damage|p2a: Garchomp|43/100|[from] item: Life Orb
|move|p1a: Tangrowth|Giga Drain|p2a: Garchomp
|-damage|p2a: Garchomp|13/100
|-heal|p1a: Tangrowth|19/100|[from] drain|[of] p2a: Garchomp
|
|upkeep
|turn|9
|
|t:|1665426786
|switch|p1a: Heatran|Heatran, M|100/100
|-item|p1a: Heatran|Air Balloon
|move|p2a: Garchomp|Dragon Claw|p1a: Heatran
|-resisted|p1a: Heatran
|-damage|p1a: Heatran|46/100
|-enditem|p1a: Heatran|Air Balloon
|-damage|p2a: Garchomp|3/100|[from] item: Life Orb
|
|upkeep
|turn|10
|
|t:|1665426791
|move|p2a: Garchomp|Dragon Claw|p1a: Heatran
|-resisted|p1a: Heatran
|-damage|p1a: Heatran|0 fnt
|faint|p1a: Heatran
|-damage|p2a: Garchomp|0 fnt|[from] item: Life Orb
|faint|p2a: Garchomp
|
|upkeep
|
|t:|1665426813
|switch|p2a: Urshifu|Urshifu-Rapid-Strike, F|100/100
|switch|p1a: rotomwash|Rotom-Wash|100/100
|turn|11
|
|t:|1665426819
|move|p2a: Urshifu|Close Combat|p1a: rotomwash
|-damage|p1a: rotomwash|30/100
|-unboost|p2a: Urshifu|def|1
|-unboost|p2a: Urshifu|spd|1
|move|p1a: rotomwash|Pain Split|p2a: Urshifu
|-sethp|p2a: Urshifu|64/100|[from] move: Pain Split|[silent]
|-sethp|p1a: rotomwash|72/100|[from] move: Pain Split
|
|-heal|p1a: rotomwash|78/100|[from] item: Leftovers
|upkeep
|turn|12
|
|t:|1665426822
|move|p2a: Urshifu|Close Combat|p1a: rotomwash
|-damage|p1a: rotomwash|7/100
|-unboost|p2a: Urshifu|def|1
|-unboost|p2a: Urshifu|spd|1
|move|p1a: rotomwash|Pain Split|p2a: Urshifu
|-sethp|p2a: Urshifu|35/100|[from] move: Pain Split|[silent]
|-sethp|p1a: rotomwash|39/100|[from] move: Pain Split
|
|-heal|p1a: rotomwash|45/100|[from] item: Leftovers
|upkeep
|turn|13
|
|t:|1665426826
|switch|p1a: Tangrowth|Tangrowth, M|52/100
|move|p2a: Urshifu|Close Combat|p1a: Tangrowth
|-damage|p1a: Tangrowth|14/100
|-unboost|p2a: Urshifu|def|1
|-unboost|p2a: Urshifu|spd|1
|
|upkeep
|turn|14
|
|t:|1665426830
|switch|p1a: rotomwash|Rotom-Wash|45/100
|move|p2a: Urshifu|Close Combat|p1a: rotomwash
|-damage|p1a: rotomwash|0 fnt
|-unboost|p2a: Urshifu|def|1
|-unboost|p2a: Urshifu|spd|1
|faint|p1a: rotomwash
|
|upkeep
|
|t:|1665426830
|switch|p1a: Tangrowth|Tangrowth, M|48/100
|turn|15
|
|t:|1665426852
|move|p2a: Urshifu|Close Combat|p1a: Tangrowth
|-damage|p1a: Tangrowth|13/100
|-unboost|p2a: Urshifu|def|1
|-unboost|p2a: Urshifu|spd|1
|move|p1a: Tangrowth|Focus Blast|p2a: Urshifu
|-damage|p2a: Urshifu|0 fnt
|faint|p2a: Urshifu
|
|upkeep
|
|t:|1665426857
|switch|p2a: Zapdos|Zapdos|94/100 tox
|turn|16
|
|t:|1665426860
|switch|p1a: landorustherian|Landorus-Therian, M|50/100
|-ability|p1a: landorustherian|Intimidate|boost
|-unboost|p2a: Zapdos|atk|1
|move|p2a: Zapdos|Heat Wave|p1a: landorustherian
|-damage|p1a: landorustherian|26/100
|
|-heal|p1a: landorustherian|32/100|[from] item: Leftovers
|-damage|p2a: Zapdos|88/100 tox|[from] psn
|upkeep
|turn|17
|
|t:|1665426865
|switch|p1a: Melmetal|Melmetal|100/100
|move|p2a: Zapdos|Hurricane|p1a: Melmetal
|-resisted|p1a: Melmetal
|-damage|p1a: Melmetal|83/100
|
|-damage|p2a: Zapdos|76/100 tox|[from] psn
|upkeep
|turn|18
|
|t:|1665426868
|move|p2a: Zapdos|Heat Wave|p1a: Melmetal
|-supereffective|p1a: Melmetal
|-damage|p1a: Melmetal|44/100
|move|p1a: Melmetal|Thunder Punch|p2a: Zapdos
|-damage|p2a: Zapdos|34/100 tox
|-status|p1a: Melmetal|par|[from] ability: Static|[of] p2a: Zapdos
|
|-damage|p2a: Zapdos|15/100 tox|[from] psn
|upkeep
|turn|19
|
|t:|1665426873
|switch|p1a: landorustherian|Landorus-Therian, M|32/100
|-ability|p1a: landorustherian|Intimidate|boost
|-unboost|p2a: Zapdos|atk|1
|move|p2a: Zapdos|Heat Wave|p1a: landorustherian
|-damage|p1a: landorustherian|7/100
|
|-heal|p1a: landorustherian|13/100|[from] item: Leftovers
|-damage|p2a: Zapdos|0 fnt|[from] psn
|faint|p2a: Zapdos
|upkeep
|
|t:|1665426877
|switch|p2a: Azumarill|Azumarill, F|100/100
|turn|20
|
|t:|1665426883
|switch|p1a: Tangrowth|Tangrowth, M|46/100
|move|p2a: Azumarill|Belly Drum|p2a: Azumarill
|-damage|p2a: Azumarill|50/100
|-setboost|p2a: Azumarill|atk|6|[from] move: Belly Drum
|-enditem|p2a: Azumarill|Sitrus Berry|[eat]
|-heal|p2a: Azumarill|75/100|[from] item: Sitrus Berry
|
|upkeep
|turn|21
|
|t:|1665426889
|move|p2a: Azumarill|Aqua Jet|p1a: Tangrowth
|-resisted|p1a: Tangrowth
|-damage|p1a: Tangrowth|21/100
|move|p1a: Tangrowth|Sleep Powder|p2a: Azumarill
|-status|p2a: Azumarill|slp|[from] move: Sleep Powder
|
|upkeep
|turn|22
|
|t:|1665426893
|switch|p1a: landorustherian|Landorus-Therian, M|13/100
|-ability|p1a: landorustherian|Intimidate|boost
|-unboost|p2a: Azumarill|atk|1
|cant|p2a: Azumarill|slp
|
|-heal|p1a: landorustherian|19/100|[from] item: Leftovers
|upkeep
|turn|23
|
|t:|1665426896
|move|p1a: landorustherian|Earthquake|p2a: Azumarill
|-damage|p2a: Azumarill|24/100 slp
|cant|p2a: Azumarill|slp
|
|-heal|p1a: landorustherian|25/100|[from] item: Leftovers
|upkeep
|turn|24
|
|t:|1665426898
|cant|p2a: Azumarill|slp
|move|p1a: landorustherian|Earthquake|p2a: Azumarill
|-damage|p2a: Azumarill|0 fnt
|faint|p2a: Azumarill
|
|-heal|p1a: landorustherian|31/100|[from] item: Leftovers
|upkeep
|-message|vagmak forfeited.
|
|win|minimax_ai
|raw|minimax_ai's rating: 1501 &rarr; <strong>1527</strong><br />(+26 for winning)
|raw|vagmak's rating: 1602 &rarr; <strong>1576</strong><br />(-26 for losing)
|c|☆minimax_ai|gg
|l|☆vagmak
