|j|☆charmcharmcharm
|j|☆big boss 447
|t:|1667853538
|gametype|singles
|player|p1|charmcharmcharm|169|1541
|player|p2|big boss 447|harlequin|1633
|teamsize|p1|6
|teamsize|p2|6
|gen|8
|tier|[Gen 8] OU
|rated|
|rule|Sleep Clause Mod: Limit one foe put to sleep
|rule|Species Clause: Limit one of each Pokémon
|rule|OHKO Clause: OHKO moves are banned
|rule|Evasion Items Clause: Evasion items are banned
|rule|Evasion Moves Clause: Evasion moves are banned
|rule|Endless Battle Clause: Forcing endless battles is banned
|rule|HP Percentage Mod: HP is shown in percentages
|rule|Dynamax Clause: You cannot dynamax
|clearpoke
|poke|p1|Scizor, M|
|poke|p1|Heatran, M|
|poke|p1|Landorus-Therian, M|
|poke|p1|Kommo-o, F|
|poke|p1|Tapu Koko|
|poke|p1|Slowbro, M|
|poke|p2|Pelipper, M|
|poke|p2|Buzzwole|
|poke|p2|Inteleon, M|
|poke|p2|Ferrothorn, F|
|poke|p2|Barraskewda, M|
|poke|p2|Seismitoad, F|
|teampreview
|inactive|Battle timer is ON: inactive players will automatically lose when time's up. (requested by big boss 447)
|
|t:|1667853560
|start
|switch|p1a: Tapu Koko|Tapu Koko|100/100
|switch|p2a: Flippin Jimmy|Barraskewda, M, shiny|100/100
|-fieldstart|move: Electric Terrain|[from] ability: Electric Surge|[of] p1a: Tapu Koko
|turn|1
|
|t:|1667853567
|switch|p1a: Slowbro|Slowbro, M|100/100
|switch|p2a: god = illusion|Ferrothorn, F|100/100
|
|upkeep
|turn|2
|
|t:|1667853575
|move|p2a: god = illusion|Knock Off|p1a: Slowbro
|-supereffective|p1a: Slowbro
|-damage|p1a: Slowbro|73/100
|-enditem|p1a: Slowbro|Leftovers|[from] move: Knock Off|[of] p2a: god = illusion
|move|p1a: Slowbro|Teleport|p1a: Slowbro
|
|t:|1667853582
|switch|p1a: Landorus|Landorus-Therian, M|100/100|[from]move: Teleport
|-ability|p1a: Landorus|Intimidate|boost
|-unboost|p2a: god = illusion|atk|1
|
|upkeep
|turn|3
|
|t:|1667853585
|move|p1a: Landorus|Substitute|p1a: Landorus
|-start|p1a: Landorus|Substitute
|-damage|p1a: Landorus|76/100
|move|p2a: god = illusion|Stealth Rock|p1a: Landorus
|-sidestart|p1: charmcharmcharm|move: Stealth Rock
|
|-heal|p1a: Landorus|82/100|[from] item: Leftovers
|upkeep
|turn|4
|
|t:|1667853592
|move|p1a: Landorus|Swords Dance|p1a: Landorus
|-boost|p1a: Landorus|atk|2
|move|p2a: god = illusion|Gyro Ball|p1a: Landorus
|-crit|p1a: Landorus
|-end|p1a: Landorus|Substitute
|
|-heal|p1a: Landorus|88/100|[from] item: Leftovers
|upkeep
|turn|5
|
|t:|1667853596
|move|p1a: Landorus|Earthquake|p2a: god = illusion
|-damage|p2a: god = illusion|18/100
|move|p2a: god = illusion|Gyro Ball|p1a: Landorus
|-damage|p1a: Landorus|49/100
|
|-heal|p1a: Landorus|55/100|[from] item: Leftovers
|-heal|p2a: god = illusion|24/100|[from] item: Leftovers
|-fieldend|move: Electric Terrain
|upkeep
|turn|6
|
|t:|1667853604
|move|p1a: Landorus|Earthquake|p2a: god = illusion
|-damage|p2a: god = illusion|0 fnt
|faint|p2a: god = illusion
|
|-heal|p1a: Landorus|61/100|[from] item: Leftovers
|upkeep
|
|t:|1667853606
|switch|p2a: GALARIAN SNIPER|Inteleon, M|100/100
|turn|7
|
|t:|1667853617
|switch|p1a: Scizor|Scizor, M|100/100
|-damage|p1a: Scizor|88/100|[from] Stealth Rock
|move|p2a: GALARIAN SNIPER|Snipe Shot|p1a: Scizor
|-damage|p1a: Scizor|38/100
|
|upkeep
|turn|8
|
|t:|1667853624
|move|p2a: GALARIAN SNIPER|Snipe Shot|p1a: Scizor
|-crit|p1a: Scizor
|-damage|p1a: Scizor|0 fnt
|faint|p1a: Scizor
|
|upkeep
|
|t:|1667853628
|switch|p1a: Tapu Koko|Tapu Koko|100/100
|-damage|p1a: Tapu Koko|88/100|[from] Stealth Rock
|-fieldstart|move: Electric Terrain|[from] ability: Electric Surge|[of] p1a: Tapu Koko
|turn|9
|
|t:|1667853634
|move|p1a: Tapu Koko|Grass Knot|p2a: GALARIAN SNIPER
|-supereffective|p2a: GALARIAN SNIPER
|-damage|p2a: GALARIAN SNIPER|19/100
|move|p2a: GALARIAN SNIPER|Snipe Shot|p1a: Tapu Koko
|-crit|p1a: Tapu Koko
|-damage|p1a: Tapu Koko|0 fnt
|faint|p1a: Tapu Koko
|
|upkeep
|
|t:|1667853642
|switch|p1a: Kommo-o|Kommo-o, F|100/100
|-damage|p1a: Kommo-o|94/100|[from] Stealth Rock
|turn|10
|
|t:|1667853646
|move|p2a: GALARIAN SNIPER|Hyper Beam|p1a: Kommo-o
|-crit|p1a: Kommo-o
|-damage|p1a: Kommo-o|0 fnt
|-mustrecharge|p2a: GALARIAN SNIPER
|faint|p1a: Kommo-o
|
|upkeep
|c|☆charmcharmcharm|holy shit your team is fire
|c|☆charmcharmcharm|i love inteleon btw
|c|☆big boss 447|thanks brother
|c|☆charmcharmcharm|i think this is it for me tho gg
|c|☆big boss 447|he so dope
|c|☆big boss 447|gg
|
|t:|1667853675
|switch|p1a: Landorus|Landorus-Therian, M|61/100
|-damage|p1a: Landorus|48/100|[from] Stealth Rock
|-ability|p1a: Landorus|Intimidate|boost
|-unboost|p2a: GALARIAN SNIPER|atk|1
|turn|11
|-message|charmcharmcharm forfeited.
|
|win|big boss 447
|raw|charmcharmcharm's rating: 1541 &rarr; <strong>1527</strong><br />(-14 for losing)
|raw|big boss 447's rating: 1652 &rarr; <strong>1666</strong><br />(+14 for winning)
|l|☆charmcharmcharm
