|raw|<div class="broadcast-blue"><strong>This battle is required to be public due to a player having a name starting with 'lt91bb'.</div>
|j|☆Plasmeek
|j|☆LT91BB animefan
|t:|1658942832
|gametype|singles
|player|p1|Plasmeek|lucas|1808
|player|p2|LT91BB animefan|170|1765
|teamsize|p1|6
|teamsize|p2|6
|gen|8
|tier|[Gen 8] OU
|rated|
|rule|Sleep Clause Mod: Limit one foe put to sleep
|rule|Species Clause: Limit one of each Pokémon
|rule|OHKO Clause: OHKO moves are banned
|rule|Evasion Moves Clause: Evasion moves are banned
|rule|Endless Battle Clause: Forcing endless battles is banned
|rule|HP Percentage Mod: HP is shown in percentages
|rule|Dynamax Clause: You cannot dynamax
|clearpoke
|poke|p1|Landorus-Therian, M|
|poke|p1|Victini|
|poke|p1|Tapu Lele|
|poke|p1|Zapdos|
|poke|p1|Tyranitar, F|
|poke|p1|Ferrothorn, M|
|poke|p2|Bronzong|
|poke|p2|Clefable, M|
|poke|p2|Tangrowth, F|
|poke|p2|Toxapex, M|
|poke|p2|Zapdos|
|poke|p2|Tyranitar, F|
|teampreview
|inactive|Battle timer is ON: inactive players will automatically lose when time's up. (requested by LT91BB animefan)
|
|t:|1658942855
|start
|switch|p1a: Tapu Lele|Tapu Lele|100/100
|switch|p2a: Tangrowth|Tangrowth, F|100/100
|-fieldstart|move: Psychic Terrain|[from] ability: Psychic Surge|[of] p1a: Tapu Lele
|turn|1
|
|t:|1658942862
|switch|p1a: Zapdos|Zapdos|100/100
|switch|p2a: Bronzong|Bronzong|100/100
|
|upkeep
|turn|2
|
|t:|1658942869
|move|p1a: Zapdos|Volt Switch|p2a: Bronzong
|-damage|p2a: Bronzong|80/100
|
|t:|1658942874
|switch|p1a: Landorus|Landorus-Therian, M|100/100|[from]move: Volt Switch
|-ability|p1a: Landorus|Intimidate|boost
|-unboost|p2a: Bronzong|atk|1
|move|p2a: Bronzong|Stealth Rock|p1a: Landorus
|-sidestart|p1: Plasmeek|move: Stealth Rock
|
|-heal|p2a: Bronzong|86/100|[from] item: Leftovers
|upkeep
|turn|3
|j| LT91BB Tace
|
|t:|1658942886
|move|p2a: Bronzong|Protect|p2a: Bronzong
|-singleturn|p2a: Bronzong|Protect
|move|p1a: Landorus|Stealth Rock|p2a: Bronzong
|-sidestart|p2: LT91BB animefan|move: Stealth Rock
|
|-heal|p2a: Bronzong|93/100|[from] item: Leftovers
|upkeep
|turn|4
|l| LT91BB Tace
|
|t:|1658942891
|switch|p2a: Toxapex|Toxapex, M|100/100
|-damage|p2a: Toxapex|88/100|[from] Stealth Rock
|move|p1a: Landorus|U-turn|p2a: Toxapex
|-resisted|p2a: Toxapex
|-damage|p2a: Toxapex|81/100
|-damage|p1a: Landorus|84/100|[from] item: Rocky Helmet|[of] p2a: Toxapex
|j| LT91BB Ahsan
|
|t:|1658942895
|switch|p1a: Tapu Lele|Tapu Lele|100/100|[from]move: U-turn
|-damage|p1a: Tapu Lele|88/100|[from] Stealth Rock
|
|upkeep
|turn|5
|
|t:|1658942899
|switch|p2a: Bronzong|Bronzong|93/100
|-damage|p2a: Bronzong|86/100|[from] Stealth Rock
|move|p1a: Tapu Lele|Future Sight|p2a: Bronzong
|-start|p1a: Tapu Lele|move: Future Sight
|
|-heal|p2a: Bronzong|93/100|[from] item: Leftovers
|-fieldend|move: Psychic Terrain
|upkeep
|turn|6
|j| innovamania
|j| Thorbin Time
|j| RNN YasuKe
|
|t:|1658942910
|switch|p1a: Ferrothorn|Ferrothorn, M|100/100
|-damage|p1a: Ferrothorn|94/100|[from] Stealth Rock
|move|p2a: Bronzong|Toxic|p1a: Ferrothorn
|-immune|p1a: Ferrothorn
|
|-heal|p2a: Bronzong|99/100|[from] item: Leftovers
|-heal|p1a: Ferrothorn|100/100|[from] item: Leftovers
|upkeep
|turn|7
|
|t:|1658942917
|move|p2a: Bronzong|Protect|p2a: Bronzong
|-singleturn|p2a: Bronzong|Protect
|move|p1a: Ferrothorn|Knock Off|p2a: Bronzong
|-activate|p2a: Bronzong|move: Protect
|
|-end|p2a: Bronzong|move: Future Sight
|-resisted|p2a: Bronzong
|-damage|p2a: Bronzong|87/100
|-heal|p2a: Bronzong|93/100|[from] item: Leftovers
|upkeep
|turn|8
|j| LT91BB Harshal
|l| innovamania
|
|t:|1658942924
|switch|p2a: Clefable|Clefable, M|100/100
|move|p1a: Ferrothorn|Spikes|p2a: Clefable
|-sidestart|p2: LT91BB animefan|Spikes
|
|upkeep
|turn|9
|
|t:|1658942930
|switch|p1a: Zapdos|Zapdos|100/100
|move|p2a: Clefable|Flamethrower|p1a: Zapdos
|-damage|p1a: Zapdos|75/100
|
|upkeep
|turn|10
|j| LT91BB CICALIENTE
|
|t:|1658942934
|move|p1a: Zapdos|Hurricane|p2a: Clefable|[miss]
|-miss|p1a: Zapdos|p2a: Clefable
|move|p2a: Clefable|Moonblast|p1a: Zapdos
|-damage|p1a: Zapdos|38/100
|
|upkeep
|turn|11
|j| HYper
|j| BALOOR
|
|t:|1658942937
|move|p1a: Zapdos|Roost|p1a: Zapdos
|-heal|p1a: Zapdos|88/100
|-singleturn|p1a: Zapdos|move: Roost
|move|p2a: Clefable|Calm Mind|p2a: Clefable
|-boost|p2a: Clefable|spa|1
|-boost|p2a: Clefable|spd|1
|
|upkeep
|turn|12
|
|t:|1658942942
|move|p1a: Zapdos|Volt Switch|p2a: Clefable
|-crit|p2a: Clefable
|-damage|p2a: Clefable|56/100
|
|t:|1658942945
|switch|p1a: Victini|Victini|100/100|[from]move: Volt Switch
|move|p2a: Clefable|Moonblast|p1a: Victini
|-resisted|p1a: Victini
|-damage|p1a: Victini|71/100
|-unboost|p1a: Victini|spa|1
|
|upkeep
|turn|13
|
|t:|1658942954
|switch|p2a: Toxapex|Toxapex, M|100/100
|-damage|p2a: Toxapex|88/100|[from] Stealth Rock
|-damage|p2a: Toxapex|75/100|[from] Spikes
|move|p1a: Victini|V-create|p2a: Toxapex
|-resisted|p2a: Toxapex
|-damage|p2a: Toxapex|53/100
|-unboost|p1a: Victini|spe|1
|-unboost|p1a: Victini|def|1
|-unboost|p1a: Victini|spd|1
|-damage|p1a: Victini|54/100|[from] item: Rocky Helmet|[of] p2a: Toxapex
|
|upkeep
|turn|14
|j| Vivemouah
|l| BALOOR
|l| HYper
|
|t:|1658942978
|switch|p1a: Ferrothorn|Ferrothorn, M|100/100
|-damage|p1a: Ferrothorn|94/100|[from] Stealth Rock
|move|p2a: Toxapex|Toxic Spikes|p1a: Ferrothorn
|-sidestart|p1: Plasmeek|move: Toxic Spikes
|
|-heal|p1a: Ferrothorn|100/100|[from] item: Leftovers
|upkeep
|turn|15
|
|t:|1658942989
|move|p2a: Toxapex|Recover|p2a: Toxapex
|-heal|p2a: Toxapex|100/100
|move|p1a: Ferrothorn|Knock Off|p2a: Toxapex
|-damage|p2a: Toxapex|89/100
|-damage|p1a: Ferrothorn|84/100|[from] item: Rocky Helmet|[of] p2a: Toxapex
|-enditem|p2a: Toxapex|Rocky Helmet|[from] move: Knock Off|[of] p1a: Ferrothorn
|
|-heal|p1a: Ferrothorn|90/100|[from] item: Leftovers
|upkeep
|turn|16
|
|t:|1658942996
|move|p2a: Toxapex|Knock Off|p1a: Ferrothorn
|-damage|p1a: Ferrothorn|82/100
|-damage|p2a: Toxapex|76/100|[from] ability: Iron Barbs|[of] p1a: Ferrothorn
|-enditem|p1a: Ferrothorn|Leftovers|[from] move: Knock Off|[of] p2a: Toxapex
|move|p1a: Ferrothorn|Spikes|p2a: Toxapex
|-sidestart|p2: LT91BB animefan|Spikes
|
|upkeep
|turn|17
|j| tigers jaw
|
|t:|1658943001
|switch|p2a: Clefable|Clefable, M|56/100
|move|p1a: Ferrothorn|Leech Seed|p2a: Clefable
|-start|p2a: Clefable|move: Leech Seed
|
|upkeep
|turn|18
|
|t:|1658943005
|switch|p1a: Victini|Victini|54/100
|move|p2a: Clefable|Flamethrower|p1a: Victini
|-resisted|p1a: Victini
|-damage|p1a: Victini|42/100
|
|upkeep
|turn|19
|j| Ran Kob
|
|t:|1658943014
|switch|p2a: Tyranitar|Tyranitar, F|100/100
|-weather|Sandstorm|[from] ability: Sand Stream|[of] p2a: Tyranitar
|move|p1a: Victini|V-create|p2a: Tyranitar
|-resisted|p2a: Tyranitar
|-damage|p2a: Tyranitar|69/100
|-unboost|p1a: Victini|spe|1
|-unboost|p1a: Victini|def|1
|-unboost|p1a: Victini|spd|1
|
|-weather|Sandstorm|[upkeep]
|-damage|p1a: Victini|35/100|[from] Sandstorm
|upkeep
|turn|20
|l|lt91bbharshal
|
|t:|1658943022
|switch|p2a: Tangrowth|Tangrowth, F|100/100
|-damage|p2a: Tangrowth|88/100|[from] Stealth Rock
|-damage|p2a: Tangrowth|72/100|[from] Spikes
|move|p1a: Victini|U-turn|p2a: Tangrowth
|-supereffective|p2a: Tangrowth
|-damage|p2a: Tangrowth|49/100
|-damage|p1a: Victini|19/100|[from] item: Rocky Helmet|[of] p2a: Tangrowth
|
|t:|1658943026
|switch|p1a: Zapdos|Zapdos|88/100|[from]move: U-turn
|
|-weather|Sandstorm|[upkeep]
|-damage|p1a: Zapdos|82/100|[from] Sandstorm
|-damage|p2a: Tangrowth|43/100|[from] Sandstorm
|upkeep
|turn|21
|
|t:|1658943030
|switch|p2a: Zapdos|Zapdos|100/100
|-ability|p2a: Zapdos|Pressure
|move|p1a: Zapdos|Volt Switch|p2a: Zapdos
|-damage|p2a: Zapdos|79/100
|
|t:|1658943033
|switch|p1a: Landorus|Landorus-Therian, M|84/100|[from]move: Volt Switch
|-damage|p1a: Landorus|72/100|[from] Stealth Rock
|-ability|p1a: Landorus|Intimidate|boost
|-unboost|p2a: Zapdos|atk|1
|
|-weather|Sandstorm|[upkeep]
|-damage|p2a: Zapdos|73/100|[from] Sandstorm
|-heal|p1a: Landorus|78/100|[from] item: Leftovers
|upkeep
|turn|22
|
|t:|1658943039
|switch|p2a: Clefable|Clefable, M|56/100
|move|p1a: Landorus|Earthquake|p2a: Clefable
|-damage|p2a: Clefable|19/100
|
|-weather|Sandstorm|[upkeep]
|-heal|p1a: Landorus|84/100|[from] item: Leftovers
|upkeep
|turn|23
|
|t:|1658943044
|switch|p2a: Bronzong|Bronzong|93/100
|-damage|p2a: Bronzong|87/100|[from] Stealth Rock
|move|p1a: Landorus|Earthquake|p2a: Bronzong
|-immune|p2a: Bronzong|[from] ability: Levitate
|
|-weather|none
|-heal|p1a: Landorus|90/100|[from] item: Leftovers
|-heal|p2a: Bronzong|93/100|[from] item: Leftovers
|upkeep
|turn|24
|
|t:|1658943049
|move|p1a: Landorus|U-turn|p2a: Bronzong
|-damage|p2a: Bronzong|73/100
|j| Setolike
|
|t:|1658943056
|switch|p1a: Ferrothorn|Ferrothorn, M|82/100|[from]move: U-turn
|-damage|p1a: Ferrothorn|76/100|[from] Stealth Rock
|move|p2a: Bronzong|Toxic|p1a: Ferrothorn|[miss]
|-miss|p2a: Bronzong|p1a: Ferrothorn
|
|-heal|p2a: Bronzong|79/100|[from] item: Leftovers
|upkeep
|turn|25
|j| uniandes5
|j| Maiora
|
|t:|1658943061
|switch|p1a: Zapdos|Zapdos|82/100
|move|p2a: Bronzong|Protect||[still]
|-fail|p2a: Bronzong
|
|-heal|p2a: Bronzong|86/100|[from] item: Leftovers
|upkeep
|turn|26
|
|t:|1658943067
|move|p1a: Zapdos|Volt Switch|p2a: Bronzong
|-damage|p2a: Bronzong|65/100
|
|t:|1658943071
|switch|p1a: Ferrothorn|Ferrothorn, M|76/100|[from]move: Volt Switch
|-damage|p1a: Ferrothorn|70/100|[from] Stealth Rock
|move|p2a: Bronzong|Earthquake|p1a: Ferrothorn
|-crit|p1a: Ferrothorn
|-damage|p1a: Ferrothorn|52/100
|
|-heal|p2a: Bronzong|72/100|[from] item: Leftovers
|upkeep
|turn|27
|l| Maiora
|
|t:|1658943081
|switch|p2a: Clefable|Clefable, M|19/100
|move|p1a: Ferrothorn|Knock Off|p2a: Clefable
|-resisted|p2a: Clefable
|-damage|p2a: Clefable|10/100
|-enditem|p2a: Clefable|Life Orb|[from] move: Knock Off|[of] p1a: Ferrothorn
|
|upkeep
|turn|28
|l| Ran Kob
|
|t:|1658943087
|switch|p1a: Zapdos|Zapdos|82/100
|move|p2a: Clefable|Soft-Boiled|p2a: Clefable
|-heal|p2a: Clefable|60/100
|
|upkeep
|turn|29
|
|t:|1658943091
|switch|p2a: Zapdos|Zapdos|73/100
|-ability|p2a: Zapdos|Pressure
|move|p1a: Zapdos|Hurricane|p2a: Zapdos|[miss]
|-miss|p1a: Zapdos|p2a: Zapdos
|
|upkeep
|turn|30
|
|t:|1658943094
|move|p1a: Zapdos|Volt Switch|p2a: Zapdos
|-damage|p2a: Zapdos|51/100
|
|t:|1658943096
|switch|p1a: Landorus|Landorus-Therian, M|90/100|[from]move: Volt Switch
|-damage|p1a: Landorus|77/100|[from] Stealth Rock
|-ability|p1a: Landorus|Intimidate|boost
|-unboost|p2a: Zapdos|atk|1
|move|p2a: Zapdos|Roost|p2a: Zapdos
|-heal|p2a: Zapdos|100/100
|-singleturn|p2a: Zapdos|move: Roost
|
|-heal|p1a: Landorus|83/100|[from] item: Leftovers
|upkeep
|turn|31
|
|t:|1658943102
|move|p2a: Zapdos|Hurricane|p1a: Landorus
|-crit|p1a: Landorus
|-damage|p1a: Landorus|36/100
|move|p1a: Landorus|Toxic|p2a: Zapdos
|-status|p2a: Zapdos|tox
|
|-heal|p1a: Landorus|42/100|[from] item: Leftovers
|-damage|p2a: Zapdos|94/100 tox|[from] psn
|upkeep
|turn|32
|
|t:|1658943108
|move|p2a: Zapdos|Hurricane|p1a: Landorus
|-damage|p1a: Landorus|10/100
|move|p1a: Landorus|U-turn|p2a: Zapdos
|-resisted|p2a: Zapdos
|-damage|p2a: Zapdos|83/100 tox
|
|t:|1658943111
|switch|p1a: Zapdos|Zapdos|82/100|[from]move: U-turn
|
|-damage|p2a: Zapdos|71/100 tox|[from] psn
|upkeep
|turn|33
|
|t:|1658943121
|move|p1a: Zapdos|Hurricane|p2a: Zapdos
|-resisted|p2a: Zapdos
|-damage|p2a: Zapdos|53/100 tox
|move|p2a: Zapdos|Volt Switch|p1a: Zapdos
|-damage|p1a: Zapdos|54/100
|
|t:|1658943124
|switch|p2a: Tyranitar|Tyranitar, F|69/100|[from]move: Volt Switch
|-weather|Sandstorm|[from] ability: Sand Stream|[of] p2a: Tyranitar
|
|-weather|Sandstorm|[upkeep]
|-damage|p1a: Zapdos|48/100|[from] Sandstorm
|upkeep
|turn|34
|
|t:|1658943132
|move|p1a: Zapdos|Volt Switch|p2a: Tyranitar
|-damage|p2a: Tyranitar|56/100
|
|t:|1658943135
|switch|p1a: Ferrothorn|Ferrothorn, M|52/100|[from]move: Volt Switch
|-damage|p1a: Ferrothorn|46/100|[from] Stealth Rock
|move|p2a: Tyranitar|Rest|p2a: Tyranitar
|-status|p2a: Tyranitar|slp|[from] move: Rest
|-heal|p2a: Tyranitar|100/100 slp|[silent]
|
|-weather|Sandstorm|[upkeep]
|upkeep
|turn|35
|
|t:|1658943142
|switch|p2a: Clefable|Clefable, M|60/100
|switch|p1a: Zapdos|Zapdos|48/100
|
|-weather|Sandstorm|[upkeep]
|-damage|p1a: Zapdos|42/100|[from] Sandstorm
|upkeep
|turn|36
|
|t:|1658943146
|switch|p2a: Tyranitar|Tyranitar, F|100/100 slp
|move|p1a: Zapdos|Roost|p1a: Zapdos
|-heal|p1a: Zapdos|92/100
|-singleturn|p1a: Zapdos|move: Roost
|
|-weather|Sandstorm|[upkeep]
|-damage|p1a: Zapdos|86/100|[from] Sandstorm
|upkeep
|turn|37
|
|t:|1658943150
|move|p1a: Zapdos|Defog|p2a: Tyranitar
|-unboost|p2a: Tyranitar|evasion|1
|-sideend|p2: LT91BB animefan|Spikes|[from] move: Defog|[of] p1a: Zapdos
|-sideend|p2: LT91BB animefan|Stealth Rock|[from] move: Defog|[of] p1a: Zapdos
|-sideend|p1: Plasmeek|Toxic Spikes|[from] move: Defog|[of] p1a: Zapdos
|-sideend|p1: Plasmeek|Stealth Rock|[from] move: Defog|[of] p1a: Zapdos
|cant|p2a: Tyranitar|slp
|move|p2a: Tyranitar|Sleep Talk|p2a: Tyranitar
|move|p2a: Tyranitar|Rock Blast|p1a: Zapdos|[from]move: Sleep Talk|[miss]
|-miss|p2a: Tyranitar|p1a: Zapdos
|
|-weather|none
|upkeep
|turn|38
|
|t:|1658943154
|move|p1a: Zapdos|Volt Switch|p2a: Tyranitar
|-damage|p2a: Tyranitar|82/100 slp
|
|t:|1658943158
|switch|p1a: Landorus|Landorus-Therian, M|10/100|[from]move: Volt Switch
|-ability|p1a: Landorus|Intimidate|boost
|-unboost|p2a: Tyranitar|atk|1
|cant|p2a: Tyranitar|slp
|move|p2a: Tyranitar|Sleep Talk|p2a: Tyranitar
|move|p2a: Tyranitar|Earthquake|p1a: Landorus|[from]move: Sleep Talk
|-immune|p1a: Landorus
|
|-heal|p1a: Landorus|17/100|[from] item: Leftovers
|upkeep
|turn|39
|
|t:|1658943167
|switch|p2a: Zapdos|Zapdos|53/100 tox
|-ability|p2a: Zapdos|Pressure
|move|p1a: Landorus|Stealth Rock|p2a: Zapdos
|-sidestart|p2: LT91BB animefan|move: Stealth Rock
|
|-heal|p1a: Landorus|23/100|[from] item: Leftovers
|-damage|p2a: Zapdos|47/100 tox|[from] psn
|upkeep
|turn|40
|
|t:|1658943172
|switch|p1a: Zapdos|Zapdos|86/100
|move|p2a: Zapdos|Volt Switch|p1a: Zapdos
|-damage|p1a: Zapdos|59/100
|
|t:|1658943173
|switch|p2a: Bronzong|Bronzong|72/100|[from]move: Volt Switch
|-damage|p2a: Bronzong|65/100|[from] Stealth Rock
|
|-heal|p2a: Bronzong|72/100|[from] item: Leftovers
|upkeep
|turn|41
|
|t:|1658943177
|move|p1a: Zapdos|Volt Switch|p2a: Bronzong
|-damage|p2a: Bronzong|52/100
|
|t:|1658943194
|switch|p1a: Ferrothorn|Ferrothorn, M|46/100|[from]move: Volt Switch
|move|p2a: Bronzong|Stealth Rock|p1a: Ferrothorn
|-sidestart|p1: Plasmeek|move: Stealth Rock
|
|-heal|p2a: Bronzong|58/100|[from] item: Leftovers
|upkeep
|turn|42
|
|t:|1658943201
|move|p2a: Bronzong|Protect|p2a: Bronzong
|-singleturn|p2a: Bronzong|Protect
|move|p1a: Ferrothorn|Knock Off|p2a: Bronzong
|-activate|p2a: Bronzong|move: Protect
|
|-heal|p2a: Bronzong|64/100|[from] item: Leftovers
|upkeep
|turn|43
|
|t:|1658943208
|switch|p2a: Clefable|Clefable, M|60/100
|switch|p1a: Tapu Lele|Tapu Lele|88/100
|-damage|p1a: Tapu Lele|76/100|[from] Stealth Rock
|-fieldstart|move: Psychic Terrain|[from] ability: Psychic Surge|[of] p1a: Tapu Lele
|
|upkeep
|turn|44
|
|t:|1658943212
|switch|p2a: Bronzong|Bronzong|64/100
|-damage|p2a: Bronzong|58/100|[from] Stealth Rock
|move|p1a: Tapu Lele|Future Sight|p2a: Bronzong
|-start|p1a: Tapu Lele|move: Future Sight
|
|-heal|p2a: Bronzong|64/100|[from] item: Leftovers
|upkeep
|turn|45
|
|t:|1658943224
|switch|p1a: Ferrothorn|Ferrothorn, M|46/100
|-damage|p1a: Ferrothorn|40/100|[from] Stealth Rock
|move|p2a: Bronzong|Toxic|p1a: Ferrothorn
|-immune|p1a: Ferrothorn
|
|-heal|p2a: Bronzong|70/100|[from] item: Leftovers
|upkeep
|turn|46
|
|t:|1658943227
|move|p2a: Bronzong|Protect|p2a: Bronzong
|-singleturn|p2a: Bronzong|Protect
|move|p1a: Ferrothorn|Spikes|p2a: Bronzong
|-sidestart|p2: LT91BB animefan|Spikes
|
|-end|p2a: Bronzong|move: Future Sight
|-resisted|p2a: Bronzong
|-damage|p2a: Bronzong|56/100
|-heal|p2a: Bronzong|62/100|[from] item: Leftovers
|upkeep
|turn|47
|l| uniandes5
|
|t:|1658943237
|switch|p2a: Clefable|Clefable, M|60/100
|switch|p1a: Tyranitar|Tyranitar, F|100/100
|-damage|p1a: Tyranitar|88/100|[from] Stealth Rock
|-weather|Sandstorm|[from] ability: Sand Stream|[of] p1a: Tyranitar
|
|-weather|Sandstorm|[upkeep]
|-fieldend|move: Psychic Terrain
|upkeep
|turn|48
|
|t:|1658943244
|switch|p2a: Zapdos|Zapdos|47/100 tox
|-ability|p2a: Zapdos|Pressure
|move|p1a: Tyranitar|Stone Edge|p2a: Zapdos
|-supereffective|p2a: Zapdos
|-damage|p2a: Zapdos|0 fnt
|faint|p2a: Zapdos
|
|-weather|Sandstorm|[upkeep]
|upkeep
|
|t:|1658943249
|switch|p2a: Toxapex|Toxapex, M|100/100
|-damage|p2a: Toxapex|88/100|[from] Stealth Rock
|-damage|p2a: Toxapex|75/100|[from] Spikes
|turn|49
|l| Vivemouah
|
|t:|1658943269
|switch|p1a: Ferrothorn|Ferrothorn, M|40/100
|-damage|p1a: Ferrothorn|34/100|[from] Stealth Rock
|move|p2a: Toxapex|Knock Off|p1a: Ferrothorn
|-damage|p1a: Ferrothorn|29/100
|-damage|p2a: Toxapex|63/100|[from] ability: Iron Barbs|[of] p1a: Ferrothorn
|
|-weather|Sandstorm|[upkeep]
|-damage|p2a: Toxapex|57/100|[from] Sandstorm
|upkeep
|turn|50
|j| Maiora
|
|t:|1658943278
|move|p2a: Toxapex|Toxic Spikes|p1a: Ferrothorn
|-sidestart|p1: Plasmeek|move: Toxic Spikes
|move|p1a: Ferrothorn|Leech Seed|p2a: Toxapex
|-start|p2a: Toxapex|move: Leech Seed
|
|-weather|Sandstorm|[upkeep]
|-damage|p2a: Toxapex|50/100|[from] Sandstorm
|-damage|p2a: Toxapex|38/100|[from] Leech Seed|[of] p1a: Ferrothorn
|-heal|p1a: Ferrothorn|39/100|[silent]
|upkeep
|turn|51
|
|t:|1658943287
|switch|p2a: Tangrowth|Tangrowth, F|76/100
|-damage|p2a: Tangrowth|64/100|[from] Stealth Rock
|-damage|p2a: Tangrowth|51/100|[from] Spikes
|switch|p1a: Zapdos|Zapdos|59/100
|
|-weather|none
|upkeep
|turn|52
|
|t:|1658943293
|switch|p2a: Tyranitar|Tyranitar, F|82/100 slp
|-weather|Sandstorm|[from] ability: Sand Stream|[of] p2a: Tyranitar
|move|p1a: Zapdos|Defog|p2a: Tyranitar
|-unboost|p2a: Tyranitar|evasion|1
|-sideend|p2: LT91BB animefan|Spikes|[from] move: Defog|[of] p1a: Zapdos
|-sideend|p2: LT91BB animefan|Stealth Rock|[from] move: Defog|[of] p1a: Zapdos
|-sideend|p1: Plasmeek|Toxic Spikes|[from] move: Defog|[of] p1a: Zapdos
|-sideend|p1: Plasmeek|Stealth Rock|[from] move: Defog|[of] p1a: Zapdos
|
|-weather|Sandstorm|[upkeep]
|-damage|p1a: Zapdos|53/100|[from] Sandstorm
|upkeep
|turn|53
|
|t:|1658943298
|move|p1a: Zapdos|Volt Switch|p2a: Tyranitar
|-crit|p2a: Tyranitar
|-damage|p2a: Tyranitar|62/100 slp
|
|t:|1658943305
|switch|p1a: Ferrothorn|Ferrothorn, M|39/100|[from]move: Volt Switch
|-curestatus|p2a: Tyranitar|slp|[msg]
|move|p2a: Tyranitar|Rock Blast|p1a: Ferrothorn
|-resisted|p1a: Ferrothorn
|-damage|p1a: Ferrothorn|36/100
|-resisted|p1a: Ferrothorn
|-damage|p1a: Ferrothorn|33/100
|-resisted|p1a: Ferrothorn
|-damage|p1a: Ferrothorn|29/100
|-resisted|p1a: Ferrothorn
|-damage|p1a: Ferrothorn|26/100
|-hitcount|p1a: Ferrothorn|4
|
|-weather|Sandstorm|[upkeep]
|upkeep
|turn|54
|j| MPEKAS
|
|t:|1658943312
|switch|p1a: Landorus|Landorus-Therian, M|23/100
|-ability|p1a: Landorus|Intimidate|boost
|-unboost|p2a: Tyranitar|atk|1
|move|p2a: Tyranitar|Earthquake|p1a: Landorus
|-immune|p1a: Landorus
|
|-weather|Sandstorm|[upkeep]
|-heal|p1a: Landorus|29/100|[from] item: Leftovers
|upkeep
|turn|55
|
|t:|1658943319
|switch|p2a: Bronzong|Bronzong|62/100
|move|p1a: Landorus|U-turn|p2a: Bronzong
|-damage|p2a: Bronzong|42/100
|
|t:|1658943327
|switch|p1a: Zapdos|Zapdos|53/100|[from]move: U-turn
|
|-weather|Sandstorm|[upkeep]
|-damage|p1a: Zapdos|47/100|[from] Sandstorm
|-heal|p2a: Bronzong|48/100|[from] item: Leftovers
|upkeep
|turn|56
|j| AirOneee
|
|t:|1658943332
|move|p1a: Zapdos|Volt Switch|p2a: Bronzong
|-damage|p2a: Bronzong|30/100
|
|t:|1658943342
|switch|p1a: Ferrothorn|Ferrothorn, M|26/100|[from]move: Volt Switch
|move|p2a: Bronzong|Stealth Rock|p1a: Ferrothorn
|-sidestart|p1: Plasmeek|move: Stealth Rock
|
|-weather|none
|-heal|p2a: Bronzong|36/100|[from] item: Leftovers
|upkeep
|turn|57
|
|t:|1658943348
|move|p2a: Bronzong|Earthquake|p1a: Ferrothorn
|-damage|p1a: Ferrothorn|14/100
|move|p1a: Ferrothorn|Spikes|p2a: Bronzong
|-sidestart|p2: LT91BB animefan|Spikes
|
|-heal|p2a: Bronzong|42/100|[from] item: Leftovers
|upkeep
|turn|58
|
|t:|1658943354
|switch|p2a: Clefable|Clefable, M|60/100
|switch|p1a: Tyranitar|Tyranitar, F|88/100
|-damage|p1a: Tyranitar|76/100|[from] Stealth Rock
|-weather|Sandstorm|[from] ability: Sand Stream|[of] p1a: Tyranitar
|
|-weather|Sandstorm|[upkeep]
|upkeep
|turn|59
|
|t:|1658943360
|move|p1a: Tyranitar|Stone Edge|p2a: Clefable
|-damage|p2a: Clefable|0 fnt
|faint|p2a: Clefable
|
|-weather|Sandstorm|[upkeep]
|upkeep
|
|t:|1658943363
|switch|p2a: Tangrowth|Tangrowth, F|85/100
|-damage|p2a: Tangrowth|72/100|[from] Spikes
|turn|60
|l| AirOneee
|l| Thorbin Time
|inactive|LT91BB animefan has 120 seconds left.
|c|☆LT91BB animefan|i thought min roll for this was max
|j| Hariaki
|c|☆LT91BB animefan|hm
|
|t:|1658943402
|switch|p1a: Ferrothorn|Ferrothorn, M|14/100
|-damage|p1a: Ferrothorn|8/100|[from] Stealth Rock
|switch|p2a: Tyranitar|Tyranitar, F|62/100
|
|-weather|Sandstorm|[upkeep]
|upkeep
|turn|61
|l| Hariaki
|
|t:|1658943411
|move|p2a: Tyranitar|Rock Blast|p1a: Ferrothorn|[miss]
|-miss|p2a: Tyranitar|p1a: Ferrothorn
|move|p1a: Ferrothorn|Body Press|p2a: Tyranitar
|-supereffective|p2a: Tyranitar
|-damage|p2a: Tyranitar|0 fnt
|faint|p2a: Tyranitar
|
|-weather|Sandstorm|[upkeep]
|upkeep
|j| Hariaki
|l| LT91BB CICALIENTE
|-message|LT91BB animefan forfeited.
|
|win|Plasmeek
|raw|Plasmeek's rating: 1808 &rarr; <strong>1826</strong><br />(+18 for winning)
|raw|LT91BB animefan's rating: 1765 &rarr; <strong>1747</strong><br />(-18 for losing)
|l|☆LT91BB animefan
|l| Hariaki
|l| Setolike
|j| Hariaki
|l| MPEKAS
