|j|☆firepunch917
|j|☆Icicle220
|t:|1664342469
|gametype|singles
|player|p1|firepunch917|169|1368
|player|p2|Icicle220|clemont|1329
|teamsize|p1|6
|teamsize|p2|6
|gen|8
|tier|[Gen 8] OU
|rated|
|rule|Sleep Clause Mod: Limit one foe put to sleep
|rule|Species Clause: Limit one of each Pokémon
|rule|OHKO Clause: OHKO moves are banned
|rule|Evasion Items Clause: Evasion items are banned
|rule|Evasion Moves Clause: Evasion moves are banned
|rule|Endless Battle Clause: Forcing endless battles is banned
|rule|HP Percentage Mod: HP is shown in percentages
|rule|Dynamax Clause: You cannot dynamax
|clearpoke
|poke|p1|Weavile, M|
|poke|p1|Corviknight, M|
|poke|p1|Magnezone|
|poke|p1|Rillaboom, M|
|poke|p1|Slowking-Galar, M|
|poke|p1|Urshifu-*, F|
|poke|p2|Ninetales-Alola, M|
|poke|p2|Kartana|
|poke|p2|Diggersby, M|
|poke|p2|Volcarona, F|
|poke|p2|Tapu Fini|
|poke|p2|Zeraora|
|teampreview
|
|t:|1664342478
|start
|switch|p1a: Urshifu|Urshifu-Rapid-Strike, F|100/100
|switch|p2a: Emiya|Zeraora, shiny|100/100
|turn|1
|
|t:|1664342482
|move|p1a: Urshifu|U-turn|p2a: Emiya
|-damage|p2a: Emiya|64/100
|
|t:|1664342487
|switch|p1a: Magnezone|Magnezone|100/100|[from]move: U-turn
|-item|p1a: Magnezone|Air Balloon
|move|p2a: Emiya|Plasma Fists|p1a: Magnezone
|-resisted|p1a: Magnezone
|-damage|p1a: Magnezone|86/100
|-fieldactivate|move: Ion Deluge
|-hint|Normal-type moves become Electric-type after using Plasma Fists.
|-enditem|p1a: Magnezone|Air Balloon
|
|upkeep
|turn|2
|
|t:|1664342492
|move|p2a: Emiya|Close Combat|p1a: Magnezone
|-supereffective|p1a: Magnezone
|-damage|p1a: Magnezone|36/100
|-unboost|p2a: Emiya|def|1
|-unboost|p2a: Emiya|spd|1
|move|p1a: Magnezone|Body Press|p2a: Emiya
|-damage|p2a: Emiya|7/100
|
|upkeep
|turn|3
|
|t:|1664342498
|move|p2a: Emiya|Close Combat|p1a: Magnezone
|-supereffective|p1a: Magnezone
|-damage|p1a: Magnezone|0 fnt
|-unboost|p2a: Emiya|def|1
|-unboost|p2a: Emiya|spd|1
|faint|p1a: Magnezone
|
|upkeep
|
|t:|1664342505
|switch|p1a: Urshifu|Urshifu-Rapid-Strike, F|100/100
|turn|4
|
|t:|1664342509
|switch|p2a: Shizen no Ikari|Tapu Fini, shiny|100/100
|-fieldstart|move: Misty Terrain|[from] ability: Misty Surge|[of] p2a: Shizen no Ikari
|move|p1a: Urshifu|U-turn|p2a: Shizen no Ikari
|-resisted|p2a: Shizen no Ikari
|-damage|p2a: Shizen no Ikari|92/100
|
|t:|1664342513
|switch|p1a: Rillaboom|Rillaboom, M|100/100|[from]move: U-turn
|-fieldstart|move: Grassy Terrain|[from] ability: Grassy Surge|[of] p1a: Rillaboom
|
|-heal|p2a: Shizen no Ikari|99/100|[from] Grassy Terrain
|-heal|p2a: Shizen no Ikari|100/100|[from] item: Leftovers
|upkeep
|turn|5
|
|t:|1664342517
|switch|p2a: Chione|Ninetales-Alola, M, shiny|100/100
|-weather|Hail|[from] ability: Snow Warning|[of] p2a: Chione
|move|p1a: Rillaboom|U-turn|p2a: Chione
|-resisted|p2a: Chione
|-crit|p2a: Chione
|-damage|p2a: Chione|62/100
|
|t:|1664342521
|switch|p1a: Urshifu|Urshifu-Rapid-Strike, F|100/100|[from]move: U-turn
|
|-weather|Hail|[upkeep]
|-damage|p1a: Urshifu|94/100|[from] Hail
|-heal|p1a: Urshifu|100/100|[from] Grassy Terrain
|-heal|p2a: Chione|68/100|[from] Grassy Terrain
|upkeep
|turn|6
|
|t:|1664342524
|move|p1a: Urshifu|Surging Strikes|p2a: Chione
|-crit|p2a: Chione
|-damage|p2a: Chione|42/100
|-crit|p2a: Chione
|-damage|p2a: Chione|19/100
|-crit|p2a: Chione
|-damage|p2a: Chione|0 fnt
|faint|p2a: Chione
|-hitcount|p2: Chione|3
|
|-weather|Hail|[upkeep]
|-damage|p1a: Urshifu|94/100|[from] Hail
|-heal|p1a: Urshifu|100/100|[from] Grassy Terrain
|upkeep
|
|t:|1664342536
|switch|p2a: Origami|Kartana, shiny|100/100
|turn|7
|
|t:|1664342538
|switch|p1a: Corviknight|Corviknight, M|100/100
|-ability|p1a: Corviknight|Pressure
|move|p2a: Origami|Leaf Blade|p1a: Corviknight
|-resisted|p1a: Corviknight
|-crit|p1a: Corviknight
|-damage|p1a: Corviknight|82/100
|
|-weather|Hail|[upkeep]
|-damage|p2a: Origami|94/100|[from] Hail
|-damage|p1a: Corviknight|76/100|[from] Hail
|-heal|p2a: Origami|100/100|[from] Grassy Terrain
|-heal|p1a: Corviknight|82/100|[from] item: Leftovers
|upkeep
|turn|8
|
|t:|1664342541
|switch|p2a: Shizen no Ikari|Tapu Fini, shiny|100/100
|-fieldstart|move: Misty Terrain|[from] ability: Misty Surge|[of] p2a: Shizen no Ikari
|move|p1a: Corviknight|U-turn|p2a: Shizen no Ikari
|-resisted|p2a: Shizen no Ikari
|-damage|p2a: Shizen no Ikari|95/100
|
|t:|1664342543
|switch|p1a: Rillaboom|Rillaboom, M|100/100|[from]move: U-turn
|-fieldstart|move: Grassy Terrain|[from] ability: Grassy Surge|[of] p1a: Rillaboom
|
|-weather|Hail|[upkeep]
|-damage|p1a: Rillaboom|94/100|[from] Hail
|-damage|p2a: Shizen no Ikari|89/100|[from] Hail
|-heal|p1a: Rillaboom|100/100|[from] Grassy Terrain
|-heal|p2a: Shizen no Ikari|95/100|[from] Grassy Terrain
|-heal|p2a: Shizen no Ikari|100/100|[from] item: Leftovers
|upkeep
|turn|9
|
|t:|1664342549
|switch|p2a: Vatra|Volcarona, F|100/100
|move|p1a: Rillaboom|Grassy Glide|p2a: Vatra
|-resisted|p2a: Vatra
|-damage|p2a: Vatra|82/100
|-status|p1a: Rillaboom|brn|[from] ability: Flame Body|[of] p2a: Vatra
|
|-weather|none
|-heal|p2a: Vatra|88/100|[from] Grassy Terrain
|-damage|p1a: Rillaboom|94/100 brn|[from] brn
|upkeep
|turn|10
|
|t:|1664342553
|switch|p1a: Urshifu|Urshifu-Rapid-Strike, F|100/100
|move|p2a: Vatra|Quiver Dance|p2a: Vatra
|-boost|p2a: Vatra|spa|1
|-boost|p2a: Vatra|spd|1
|-boost|p2a: Vatra|spe|1
|
|-heal|p2a: Vatra|94/100|[from] Grassy Terrain
|upkeep
|turn|11
|
|t:|1664342556
|move|p1a: Urshifu|Surging Strikes|p2a: Vatra
|-supereffective|p2a: Vatra
|-crit|p2a: Vatra
|-damage|p2a: Vatra|48/100
|-status|p1a: Urshifu|brn|[from] ability: Flame Body|[of] p2a: Vatra
|-supereffective|p2a: Vatra
|-crit|p2a: Vatra
|-damage|p2a: Vatra|29/100
|-supereffective|p2a: Vatra
|-crit|p2a: Vatra
|-damage|p2a: Vatra|7/100
|-hitcount|p2a: Vatra|3
|move|p2a: Vatra|Giga Drain|p1a: Urshifu
|-supereffective|p1a: Urshifu
|-damage|p1a: Urshifu|0 fnt
|-heal|p2a: Vatra|53/100|[from] drain|[of] p1a: Urshifu
|faint|p1a: Urshifu
|
|-heal|p2a: Vatra|59/100|[from] Grassy Terrain
|upkeep
|-message|firepunch917 forfeited.
|
|win|Icicle220
|raw|firepunch917's rating: 1368 &rarr; <strong>1346</strong><br />(-22 for losing)
|raw|Icicle220's rating: 1329 &rarr; <strong>1351</strong><br />(+22 for winning)
|l|☆firepunch917
