|j|☆Arnaud senju vgc
|j|☆ADM02
|player|p1|Arnaud senju vgc|juggler|1893
|player|p2|ADM02|1|1856
|teamsize|p1|6
|teamsize|p2|6
|gametype|singles
|gen|8
|tier|[Gen 8] OU
|rated|
|clearpoke
|poke|p1|Ribombee, M|
|poke|p1|Togekiss, M|
|poke|p1|Excadrill, M|
|poke|p1|Cloyster, M|
|poke|p1|Urshifu-*, M|
|poke|p1|Magearna|
|poke|p2|Kingdra, M|
|poke|p2|Rillaboom, F|
|poke|p2|Barraskewda, F|
|poke|p2|Hawlucha, F|
|poke|p2|Pelipper, M|
|poke|p2|Ferrothorn, F|
|rule|Sleep Clause Mod: Limit one foe put to sleep
|rule|Species Clause: Limit one of each Pokémon
|rule|OHKO Clause: OHKO moves are banned
|rule|Evasion Moves Clause: Evasion moves are banned
|rule|Endless Battle Clause: Forcing endless battles is banned
|rule|HP Percentage Mod: HP is shown in percentages
|rule|Dynamax Clause: You cannot dynamax
|teampreview
|j| AnimaticLunatic
|j| MegaCurtEvolved
|j| Dragotic
|inactive|Battle timer is ON: inactive players will automatically lose when time's up. (requested by Arnaud senju vgc)
|
|start
|switch|p1a: Ribombee|Ribombee, M|100/100
|switch|p2a: Pelipper|Pelipper, M|100/100
|-weather|RainDance|[from] ability: Drizzle|[of] p2a: Pelipper
|turn|1
|
|move|p1a: Ribombee|Sticky Web|p2a: Pelipper
|-sidestart|p2: ADM02|move: Sticky Web
|move|p2a: Pelipper|U-turn|p1a: Ribombee
|-resisted|p1a: Ribombee
|-damage|p1a: Ribombee|93/100
|
|switch|p2a: Ferrothorn|Ferrothorn, F|100/100|[from]move: U-turn
|-activate|p2a: Ferrothorn|move: Sticky Web
|-unboost|p2a: Ferrothorn|spe|1
|
|-weather|RainDance|[upkeep]
|upkeep
|turn|2
|
|move|p1a: Ribombee|U-turn|p2a: Ferrothorn
|-damage|p2a: Ferrothorn|89/100
|-damage|p1a: Ribombee|81/100|[from] ability: Iron Barbs|[of] p2a: Ferrothorn
|j| Sword Flash
|
|switch|p1a: Cloyster|Cloyster, M|100/100|[from]move: U-turn
|move|p2a: Ferrothorn|Stealth Rock|p1a: Cloyster
|-sidestart|p1: Arnaud senju vgc|move: Stealth Rock
|
|-weather|RainDance|[upkeep]
|-heal|p2a: Ferrothorn|96/100|[from] item: Leftovers
|upkeep
|turn|3
|j| JESUS CHRIST SAVES
|l| JESUS CHRIST SAVES
|
|move|p1a: Cloyster|Shell Smash|p1a: Cloyster
|-unboost|p1a: Cloyster|def|1
|-unboost|p1a: Cloyster|spd|1
|-boost|p1a: Cloyster|atk|2
|-boost|p1a: Cloyster|spa|2
|-boost|p1a: Cloyster|spe|2
|move|p2a: Ferrothorn|Knock Off|p1a: Cloyster
|-damage|p1a: Cloyster|78/100
|-enditem|p1a: Cloyster|King's Rock|[from] move: Knock Off|[of] p2a: Ferrothorn
|
|-weather|RainDance|[upkeep]
|-heal|p2a: Ferrothorn|100/100|[from] item: Leftovers
|upkeep
|turn|4
|
|move|p1a: Cloyster|Icicle Spear|p2a: Ferrothorn
|-damage|p2a: Ferrothorn|85/100
|-damage|p2a: Ferrothorn|71/100
|-damage|p2a: Ferrothorn|56/100
|-damage|p2a: Ferrothorn|43/100
|-damage|p2a: Ferrothorn|28/100
|-hitcount|p2a: Ferrothorn|5
|move|p2a: Ferrothorn|Leech Seed|p1a: Cloyster
|-start|p1a: Cloyster|move: Leech Seed
|
|-weather|RainDance|[upkeep]
|-heal|p2a: Ferrothorn|34/100|[from] item: Leftovers
|-damage|p1a: Cloyster|66/100|[from] Leech Seed|[of] p2a: Ferrothorn
|-heal|p2a: Ferrothorn|44/100|[silent]
|upkeep
|turn|5
|j| illuminati
|
|switch|p2a: Pelipper|Pelipper, M|100/100
|move|p1a: Cloyster|Icicle Spear|p2a: Pelipper
|-damage|p2a: Pelipper|87/100
|-damage|p2a: Pelipper|72/100
|-damage|p2a: Pelipper|58/100
|-damage|p2a: Pelipper|44/100
|-damage|p2a: Pelipper|29/100
|-hitcount|p2a: Pelipper|5
|
|-weather|RainDance|[upkeep]
|-damage|p1a: Cloyster|54/100|[from] Leech Seed|[of] p2a: Pelipper
|-heal|p2a: Pelipper|39/100|[silent]
|upkeep
|turn|6
|
|switch|p2a: Ferrothorn|Ferrothorn, F|44/100
|-activate|p2a: Ferrothorn|move: Sticky Web
|-unboost|p2a: Ferrothorn|spe|1
|move|p1a: Cloyster|Icicle Spear|p2a: Ferrothorn
|-damage|p2a: Ferrothorn|30/100
|-damage|p2a: Ferrothorn|14/100
|-damage|p2a: Ferrothorn|0 fnt
|-hitcount|p2a: Ferrothorn|3
|faint|p2a: Ferrothorn
|
|-weather|RainDance|[upkeep]
|upkeep
|
|switch|p2a: Barraskewda|Barraskewda, F|100/100
|-activate|p2a: Barraskewda|move: Sticky Web
|-unboost|p2a: Barraskewda|spe|1
|turn|7
|
|move|p1a: Cloyster|Rock Blast|p2a: Barraskewda
|-damage|p2a: Barraskewda|78/100
|-damage|p2a: Barraskewda|52/100
|-damage|p2a: Barraskewda|29/100
|-damage|p2a: Barraskewda|6/100
|-damage|p2a: Barraskewda|0 fnt
|-hitcount|p2a: Barraskewda|5
|faint|p2a: Barraskewda
|
|-weather|RainDance|[upkeep]
|upkeep
|
|switch|p2a: Rillaboom|Rillaboom, F|100/100
|-activate|p2a: Rillaboom|move: Sticky Web
|-unboost|p2a: Rillaboom|spe|1
|-fieldstart|move: Grassy Terrain|[from] ability: Grassy Surge|[of] p2a: Rillaboom
|turn|8
|
|move|p2a: Rillaboom|Grassy Glide|p1a: Cloyster
|-supereffective|p1a: Cloyster
|-damage|p1a: Cloyster|0 fnt
|-damage|p2a: Rillaboom|91/100|[from] item: Life Orb
|faint|p1a: Cloyster
|
|-weather|none
|-heal|p2a: Rillaboom|97/100|[from] Grassy Terrain
|upkeep
|
|switch|p1a: Togekiss|Togekiss, M|100/100
|-damage|p1a: Togekiss|75/100|[from] Stealth Rock
|turn|9
|l| illuminati
|j| cukipeta
|j| aesnop
|
|switch|p2a: Pelipper|Pelipper, M|39/100
|-weather|RainDance|[from] ability: Drizzle|[of] p2a: Pelipper
|move|p1a: Togekiss|Substitute|p1a: Togekiss
|-start|p1a: Togekiss|Substitute
|-damage|p1a: Togekiss|50/100
|
|-weather|RainDance|[upkeep]
|-heal|p1a: Togekiss|57/100|[from] item: Leftovers
|upkeep
|turn|10
|l| Dragotic
|
|move|p1a: Togekiss|Air Slash|p2a: Pelipper
|-damage|p2a: Pelipper|0 fnt
|faint|p2a: Pelipper
|
|-weather|RainDance|[upkeep]
|-heal|p1a: Togekiss|63/100|[from] item: Leftovers
|upkeep
|
|switch|p2a: Kingdra|Kingdra, M|100/100
|-activate|p2a: Kingdra|move: Sticky Web
|-unboost|p2a: Kingdra|spe|1
|turn|11
|j| outz freebandz
|
|move|p2a: Kingdra|Surf|p1a: Togekiss
|-end|p1a: Togekiss|Substitute
|move|p1a: Togekiss|Air Slash|p2a: Kingdra
|-damage|p2a: Kingdra|58/100
|
|-weather|RainDance|[upkeep]
|-heal|p2a: Kingdra|64/100|[from] Grassy Terrain
|-heal|p1a: Togekiss|69/100|[from] item: Leftovers
|upkeep
|turn|12
|j| myjava
|
|move|p2a: Kingdra|Surf|p1a: Togekiss
|-damage|p1a: Togekiss|0 fnt
|faint|p1a: Togekiss
|
|-weather|RainDance|[upkeep]
|-heal|p2a: Kingdra|70/100|[from] Grassy Terrain
|-fieldend|move: Grassy Terrain
|upkeep
|
|switch|p1a: Ribombee|Ribombee, M|81/100
|-damage|p1a: Ribombee|56/100|[from] Stealth Rock
|turn|13
|
|move|p1a: Ribombee|Moonblast|p2a: Kingdra
|-supereffective|p2a: Kingdra
|-damage|p2a: Kingdra|0 fnt
|faint|p2a: Kingdra
|
|-weather|RainDance|[upkeep]
|upkeep
|
|switch|p2a: Rillaboom|Rillaboom, F|97/100
|-activate|p2a: Rillaboom|move: Sticky Web
|-unboost|p2a: Rillaboom|spe|1
|-fieldstart|move: Grassy Terrain|[from] ability: Grassy Surge|[of] p2a: Rillaboom
|turn|14
|
|move|p1a: Ribombee|Moonblast|p2a: Rillaboom
|-damage|p2a: Rillaboom|47/100
|-unboost|p2a: Rillaboom|spa|1
|move|p2a: Rillaboom|Swords Dance|p2a: Rillaboom
|-boost|p2a: Rillaboom|atk|2
|
|-weather|RainDance|[upkeep]
|-heal|p1a: Ribombee|62/100|[from] Grassy Terrain
|-heal|p2a: Rillaboom|53/100|[from] Grassy Terrain
|upkeep
|turn|15
|
|move|p2a: Rillaboom|Grassy Glide|p1a: Ribombee
|-resisted|p1a: Ribombee
|-damage|p1a: Ribombee|0 fnt
|-damage|p2a: Rillaboom|43/100|[from] item: Life Orb
|faint|p1a: Ribombee
|
|-weather|RainDance|[upkeep]
|-heal|p2a: Rillaboom|49/100|[from] Grassy Terrain
|upkeep
|
|switch|p1a: Magearna|Magearna|100/100
|-damage|p1a: Magearna|94/100|[from] Stealth Rock
|turn|16
|
|move|p2a: Rillaboom|Grassy Glide|p1a: Magearna
|-resisted|p1a: Magearna
|-damage|p1a: Magearna|53/100
|-damage|p2a: Rillaboom|40/100|[from] item: Life Orb
|move|p1a: Magearna|Iron Defense|p1a: Magearna
|-boost|p1a: Magearna|def|2
|
|-weather|none
|-heal|p2a: Rillaboom|46/100|[from] Grassy Terrain
|-heal|p1a: Magearna|59/100|[from] item: Leftovers
|-heal|p1a: Magearna|65/100|[from] Grassy Terrain
|upkeep
|turn|17
|
|move|p2a: Rillaboom|High Horsepower|p1a: Magearna
|-supereffective|p1a: Magearna
|-damage|p1a: Magearna|9/100
|-damage|p2a: Rillaboom|36/100|[from] item: Life Orb
|move|p1a: Magearna|Iron Defense|p1a: Magearna
|-boost|p1a: Magearna|def|2
|
|-heal|p2a: Rillaboom|42/100|[from] Grassy Terrain
|-heal|p1a: Magearna|15/100|[from] item: Leftovers
|-heal|p1a: Magearna|21/100|[from] Grassy Terrain
|upkeep
|turn|18
|
|move|p2a: Rillaboom|High Horsepower|p1a: Magearna
|-supereffective|p1a: Magearna
|-damage|p1a: Magearna|0 fnt
|-damage|p2a: Rillaboom|32/100|[from] item: Life Orb
|faint|p1a: Magearna
|
|-heal|p2a: Rillaboom|38/100|[from] Grassy Terrain
|-fieldend|move: Grassy Terrain
|upkeep
|
|switch|p1a: Excadrill|Excadrill, M|100/100
|-damage|p1a: Excadrill|97/100|[from] Stealth Rock
|-ability|p1a: Excadrill|Mold Breaker
|turn|19
|
|switch|p2a: Hawlucha|Hawlucha, F|100/100
|move|p1a: Excadrill|Rapid Spin|p2a: Hawlucha
|-damage|p2a: Hawlucha|72/100
|-boost|p1a: Excadrill|spe|1
|-sideend|p1: Arnaud senju vgc|Stealth Rock|[from] move: Rapid Spin|[of] p1a: Excadrill
|
|upkeep
|turn|20
|
|switch|p2a: Rillaboom|Rillaboom, F|38/100
|-activate|p2a: Rillaboom|move: Sticky Web
|-unboost|p2a: Rillaboom|spe|1
|-fieldstart|move: Grassy Terrain|[from] ability: Grassy Surge|[of] p2a: Rillaboom
|move|p1a: Excadrill|Iron Head|p2a: Rillaboom
|-damage|p2a: Rillaboom|0 fnt
|faint|p2a: Rillaboom
|
|-heal|p1a: Excadrill|100/100|[from] Grassy Terrain
|upkeep
|
|switch|p2a: Hawlucha|Hawlucha, F|72/100
|-enditem|p2a: Hawlucha|Grassy Seed
|-boost|p2a: Hawlucha|def|1|[from] item: Grassy Seed
|turn|21
|j| OUTZ don3
|inactive|ADM02 has 120 seconds left.
|
|move|p2a: Hawlucha|Acrobatics|p1a: Excadrill
|-resisted|p1a: Excadrill
|-damage|p1a: Excadrill|66/100
|move|p1a: Excadrill|Iron Head|p2a: Hawlucha
|-damage|p2a: Hawlucha|26/100
|
|-heal|p1a: Excadrill|72/100|[from] Grassy Terrain
|upkeep
|turn|22
|inactive|ADM02 has 120 seconds left.
|
|move|p2a: Hawlucha|Close Combat|p1a: Excadrill
|-supereffective|p1a: Excadrill
|-damage|p1a: Excadrill|0 fnt
|-unboost|p2a: Hawlucha|def|1
|-unboost|p2a: Hawlucha|spd|1
|faint|p1a: Excadrill
|
|upkeep
|j| gg1gg
|
|switch|p1a: Urshifu|Urshifu-Rapid-Strike, M|100/100
|turn|23
|
|move|p1a: Urshifu|Aqua Jet|p2a: Hawlucha
|-damage|p2a: Hawlucha|0 fnt
|faint|p2a: Hawlucha
|
|win|Arnaud senju vgc
|c|☆Arnaud senju vgc|Gg
|c|☆ADM02|Was it sash drill?
|c|☆ADM02|gg
|l| Sword Flash
|l| cukipeta
|c|☆Arnaud senju vgc|Yes
|l|☆ADM02
||Ladder (probably) updated, but score could not be retrieved (Request timeout).
|l| AnimaticLunatic
|l| myjava
