|raw|<div class="broadcast-blue"><strong>This battle is required to be public due to a player having a name starting with 'lt92pf'.</div>
|j|☆Pinkacross
|j|‽LT92PF FJ2K
|t:|1659825005
|gametype|singles
|player|p1|Pinkacross|artist|1844
|player|p2|LT92PF FJ2K|102|1782
|teamsize|p1|6
|teamsize|p2|6
|gen|8
|tier|[Gen 8] OU
|rated|
|rule|Sleep Clause Mod: Limit one foe put to sleep
|rule|Species Clause: Limit one of each Pokémon
|rule|OHKO Clause: OHKO moves are banned
|rule|Evasion Items Clause: Evasion items are banned
|rule|Evasion Moves Clause: Evasion moves are banned
|rule|Endless Battle Clause: Forcing endless battles is banned
|rule|HP Percentage Mod: HP is shown in percentages
|rule|Dynamax Clause: You cannot dynamax
|clearpoke
|poke|p1|Ninetales-Alola, F|
|poke|p1|Cloyster, F|
|poke|p1|Landorus-Therian, M|
|poke|p1|Weavile, F|
|poke|p1|Nihilego|
|poke|p1|Volcarona, F|
|poke|p2|Tyranitar, F|
|poke|p2|Rotom-Wash|
|poke|p2|Ferrothorn, M|
|poke|p2|Excadrill, M|
|poke|p2|Dragapult, M|
|poke|p2|Clefable, F|
|teampreview
|c|☆Pinkacross|hf
|j| LT92PF Black Lotus
|j| London Beats
|j|+Mengy ㋛
|j| rdtfuysrw4
|
|t:|1659825031
|start
|switch|p1a: Weavile|Weavile, F|100/100
|switch|p2a: Clefable|Clefable, F|100/100
|turn|1
|
|t:|1659825034
|move|p1a: Weavile|Swords Dance|p1a: Weavile
|-boost|p1a: Weavile|atk|2
|move|p2a: Clefable|Thunder Wave|p1a: Weavile
|-status|p1a: Weavile|par
|
|upkeep
|turn|2
|j| LT92PF Buzzwole
|
|t:|1659825036
|move|p1a: Weavile|Poison Jab|p2a: Clefable
|-supereffective|p2a: Clefable
|-damage|p2a: Clefable|0 fnt
|-damage|p1a: Weavile|84/100 par|[from] item: Rocky Helmet|[of] p2a: Clefable
|faint|p2a: Clefable
|-damage|p1a: Weavile|74/100 par|[from] item: Life Orb
|
|upkeep
|j| isudbhfahsb
|j| Riquelme14◕‿◕
|j| AmygdalanResponse
|l| rdtfuysrw4
|
|t:|1659825054
|switch|p2a: Tyranitar|Tyranitar, F|100/100
|-weather|Sandstorm|[from] ability: Sand Stream|[of] p2a: Tyranitar
|turn|3
|
|t:|1659825058
|move|p2a: Tyranitar|Stone Edge|p1a: Weavile
|-supereffective|p1a: Weavile
|-damage|p1a: Weavile|0 fnt
|faint|p1a: Weavile
|
|-weather|Sandstorm|[upkeep]
|upkeep
|inactive|Battle timer is ON: inactive players will automatically lose when time's up. (requested by LT92PF FJ2K)
|j| LT92PF Adri
|
|t:|1659825076
|switch|p1a: Ninetales|Ninetales-Alola, F|100/100
|-weather|Hail|[from] ability: Snow Warning|[of] p1a: Ninetales
|turn|4
|
|t:|1659825078
|move|p1a: Ninetales|Aurora Veil|p1a: Ninetales
|-sidestart|p1: Pinkacross|move: Aurora Veil
|move|p2a: Tyranitar|Stone Edge|p1a: Ninetales
|-supereffective|p1a: Ninetales
|-damage|p1a: Ninetales|0 fnt
|faint|p1a: Ninetales
|
|-weather|Hail|[upkeep]
|-damage|p2a: Tyranitar|94/100|[from] Hail
|upkeep
|l| isudbhfahsb
|
|t:|1659825102
|switch|p1a: Landorus|Landorus-Therian, M|100/100
|-ability|p1a: Landorus|Intimidate|boost
|-unboost|p2a: Tyranitar|atk|1
|turn|5
|
|t:|1659825106
|switch|p2a: Rotom|Rotom-Wash|100/100
|move|p1a: Landorus|Swords Dance|p1a: Landorus
|-boost|p1a: Landorus|atk|2
|
|-weather|Hail|[upkeep]
|-damage|p2a: Rotom|94/100|[from] Hail
|-damage|p1a: Landorus|95/100|[from] Hail
|-heal|p2a: Rotom|100/100|[from] item: Leftovers
|upkeep
|turn|6
|
|t:|1659825110
|move|p2a: Rotom|Hydro Pump|p1a: Landorus
|-supereffective|p1a: Landorus
|-damage|p1a: Landorus|42/100
|move|p1a: Landorus|Stone Edge|p2a: Rotom
|-damage|p2a: Rotom|19/100
|
|-weather|Hail|[upkeep]
|-damage|p2a: Rotom|12/100|[from] Hail
|-damage|p1a: Landorus|36/100|[from] Hail
|-heal|p2a: Rotom|19/100|[from] item: Leftovers
|upkeep
|turn|7
|
|t:|1659825114
|move|p2a: Rotom|Hydro Pump|p1a: Landorus|[miss]
|-miss|p2a: Rotom|p1a: Landorus
|move|p1a: Landorus|Stone Edge|p2a: Rotom
|-damage|p2a: Rotom|0 fnt
|faint|p2a: Rotom
|
|-weather|Hail|[upkeep]
|-damage|p1a: Landorus|30/100|[from] Hail
|upkeep
|
|t:|1659825117
|switch|p2a: Dragapult|Dragapult, M|100/100
|turn|8
|
|t:|1659825119
|move|p2a: Dragapult|Shadow Ball|p1a: Landorus
|-damage|p1a: Landorus|0 fnt
|faint|p1a: Landorus
|
|-weather|none
|upkeep
|
|t:|1659825122
|switch|p1a: Volcarona|Volcarona, F|100/100
|turn|9
|
|t:|1659825126
|move|p2a: Dragapult|Shadow Ball|p1a: Volcarona
|-damage|p1a: Volcarona|47/100
|-unboost|p1a: Volcarona|spd|1
|move|p1a: Volcarona|Quiver Dance|p1a: Volcarona
|-boost|p1a: Volcarona|spa|1
|-boost|p1a: Volcarona|spd|1
|-boost|p1a: Volcarona|spe|1
|
|-heal|p1a: Volcarona|53/100|[from] item: Leftovers
|upkeep
|turn|10
|
|t:|1659825129
|move|p2a: Dragapult|Shadow Ball|p1a: Volcarona
|-damage|p1a: Volcarona|3/100
|move|p1a: Volcarona|Quiver Dance|p1a: Volcarona
|-boost|p1a: Volcarona|spa|1
|-boost|p1a: Volcarona|spd|1
|-boost|p1a: Volcarona|spe|1
|
|-heal|p1a: Volcarona|9/100|[from] item: Leftovers
|upkeep
|turn|11
|
|t:|1659825132
|move|p1a: Volcarona|Bug Buzz|p2a: Dragapult
|-resisted|p2a: Dragapult
|-crit|p2a: Dragapult
|-damage|p2a: Dragapult|0 fnt
|faint|p2a: Dragapult
|
|-heal|p1a: Volcarona|15/100|[from] item: Leftovers
|-sideend|p1: Pinkacross|move: Aurora Veil
|upkeep
|l| Riquelme14◕‿◕
|
|t:|1659825150
|switch|p2a: Tyranitar|Tyranitar, F|94/100
|-weather|Sandstorm|[from] ability: Sand Stream|[of] p2a: Tyranitar
|turn|12
|
|t:|1659825156
|switch|p2a: Ferrothorn|Ferrothorn, M|100/100
|move|p1a: Volcarona|Bug Buzz|p2a: Ferrothorn
|-damage|p2a: Ferrothorn|9/100
|
|-weather|Sandstorm|[upkeep]
|-damage|p1a: Volcarona|9/100|[from] Sandstorm
|-heal|p1a: Volcarona|15/100|[from] item: Leftovers
|-heal|p2a: Ferrothorn|15/100|[from] item: Leftovers
|upkeep
|turn|13
|
|t:|1659825174
|move|p1a: Volcarona|Flamethrower|p2a: Ferrothorn
|-supereffective|p2a: Ferrothorn
|-damage|p2a: Ferrothorn|0 fnt
|faint|p2a: Ferrothorn
|
|-weather|Sandstorm|[upkeep]
|-damage|p1a: Volcarona|9/100|[from] Sandstorm
|-heal|p1a: Volcarona|15/100|[from] item: Leftovers
|upkeep
|j| PUVS draco
|
|t:|1659825178
|switch|p2a: Excadrill|Excadrill, M|100/100
|turn|14
|
|t:|1659825183
|move|p2a: Excadrill|Earthquake|p1a: Volcarona
|-damage|p1a: Volcarona|0 fnt
|faint|p1a: Volcarona
|
|-weather|Sandstorm|[upkeep]
|upkeep
|
|t:|1659825193
|switch|p1a: Cloyster|Cloyster, F|100/100
|turn|15
|
|t:|1659825199
|switch|p1a: Nihilego|Nihilego|100/100
|move|p2a: Excadrill|Swords Dance|p2a: Excadrill
|-boost|p2a: Excadrill|atk|2
|
|-weather|Sandstorm|[upkeep]
|upkeep
|turn|16
|
|t:|1659825204
|move|p2a: Excadrill|Earthquake|p1a: Nihilego
|-supereffective|p1a: Nihilego
|-damage|p1a: Nihilego|0 fnt
|faint|p1a: Nihilego
|
|-weather|none
|upkeep
|
|t:|1659825205
|switch|p1a: Cloyster|Cloyster, F|100/100
|turn|17
|
|t:|1659825206
|move|p2a: Excadrill|Rapid Spin|p1a: Cloyster
|-damage|p1a: Cloyster|72/100
|-boost|p2a: Excadrill|spe|1
|move|p1a: Cloyster|Shell Smash|p1a: Cloyster
|-unboost|p1a: Cloyster|def|1
|-unboost|p1a: Cloyster|spd|1
|-boost|p1a: Cloyster|atk|2
|-boost|p1a: Cloyster|spa|2
|-boost|p1a: Cloyster|spe|2
|
|upkeep
|turn|18
|
|t:|1659825216
|switch|p2a: Tyranitar|Tyranitar, F|94/100
|-weather|Sandstorm|[from] ability: Sand Stream|[of] p2a: Tyranitar
|move|p1a: Cloyster|Shell Smash|p1a: Cloyster
|-unboost|p1a: Cloyster|def|1
|-unboost|p1a: Cloyster|spd|1
|-boost|p1a: Cloyster|atk|2
|-boost|p1a: Cloyster|spa|2
|-boost|p1a: Cloyster|spe|2
|
|-weather|Sandstorm|[upkeep]
|-damage|p1a: Cloyster|66/100|[from] Sandstorm
|upkeep
|turn|19
|
|t:|1659825221
|move|p1a: Cloyster|Icicle Spear|p2a: Tyranitar
|-crit|p2a: Tyranitar
|-damage|p2a: Tyranitar|50/100
|-damage|p2a: Tyranitar|21/100
|-damage|p2a: Tyranitar|0 fnt
|faint|p2a: Tyranitar
|-hitcount|p2: Tyranitar|3
|
|-weather|Sandstorm|[upkeep]
|-damage|p1a: Cloyster|60/100|[from] Sandstorm
|upkeep
|
|t:|1659825224
|switch|p2a: Excadrill|Excadrill, M|100/100
|turn|20
|
|t:|1659825225
|move|p1a: Cloyster|Icicle Spear|p2a: Excadrill
|-damage|p2a: Excadrill|54/100
|-damage|p2a: Excadrill|3/100
|-damage|p2a: Excadrill|0 fnt
|faint|p2a: Excadrill
|-hitcount|p2: Excadrill|3
|
|win|Pinkacross
|raw|Pinkacross's rating: 1844 &rarr; <strong>1860</strong><br />(+16 for winning)
|raw|LT92PF FJ2K's rating: 1782 &rarr; <strong>1766</strong><br />(-16 for losing)
|c|☆Pinkacross|gg
|l|‽LT92PF FJ2K
|l|☆Pinkacross
|l| AmygdalanResponse
|j|‽LT92PF FJ2K
|player|p2|LT92PF FJ2K|102
