|raw|<div class="broadcast-red"><strong>This battle is invite-only!</strong><br />Users must be invited with <code>/invite</code> (or be staff) to join</div>
|j|☆2013 idm room
|j|☆ArianaBlonde
|player|p1|2013 idm room|#blunderr|1616
|player|p2|ArianaBlonde|dawn-gen4pt|1591
|teamsize|p1|6
|teamsize|p2|6
|gametype|singles
|gen|8
|tier|[Gen 8] OU
|rated|
|clearpoke
|poke|p1|Conkeldurr, M|
|poke|p1|Seismitoad, M|
|poke|p1|Rotom-Heat|
|poke|p1|Corviknight, M|
|poke|p1|Clefable, F|
|poke|p1|Hydreigon, M|
|poke|p2|Excadrill, F|
|poke|p2|Tyranitar, F|
|poke|p2|Aegislash, F|
|poke|p2|Rotom-Mow|
|poke|p2|Conkeldurr, F|
|poke|p2|Crawdaunt, F|
|rule|Sleep Clause Mod: Limit one foe put to sleep
|rule|Species Clause: Limit one of each Pokémon
|rule|OHKO Clause: OHKO moves are banned
|rule|Evasion Moves Clause: Evasion moves are banned
|rule|Endless Battle Clause: Forcing endless battles is banned
|rule|HP Percentage Mod: HP is shown in percentages
|rule|Dynamax Clause: You cannot dynamax
|teampreview
|
|start
|switch|p1a: Hydreigon|Hydreigon, M|100/100
|switch|p2a: Aegislash|Aegislash, F|100/100
|turn|1
|
|switch|p2a: Conkeldurr|Conkeldurr, F|100/100
|move|p1a: Hydreigon|U-turn|p2a: Conkeldurr
|-resisted|p2a: Conkeldurr
|-damage|p2a: Conkeldurr|94/100
|
|switch|p1a: Clefable|Clefable, F|100/100|[from]move: U-turn
|
|-status|p2a: Conkeldurr|brn|[from] item: Flame Orb
|upkeep
|turn|2
|
|switch|p2a: Tyranitar|Tyranitar, F|100/100
|-weather|Sandstorm|[from] ability: Sand Stream|[of] p2a: Tyranitar
|move|p1a: Clefable|Moonblast|p2a: Tyranitar
|-supereffective|p2a: Tyranitar
|-damage|p2a: Tyranitar|64/100
|-unboost|p2a: Tyranitar|spa|1
|
|-weather|Sandstorm|[upkeep]
|upkeep
|turn|3
|
|switch|p1a: Seismitoad|Seismitoad, M|100/100
|move|p2a: Tyranitar|Stealth Rock|p1a: Seismitoad
|-sidestart|p1: 2013 idm room|move: Stealth Rock
|
|-weather|Sandstorm|[upkeep]
|upkeep
|turn|4
|
|switch|p2a: Conkeldurr|Conkeldurr, F|94/100 brn
|move|p1a: Seismitoad|Stealth Rock|p2a: Conkeldurr
|-sidestart|p2: ArianaBlonde|move: Stealth Rock
|
|-weather|Sandstorm|[upkeep]
|-damage|p2a: Conkeldurr|88/100 brn|[from] Sandstorm
|-damage|p2a: Conkeldurr|82/100 brn|[from] brn
|upkeep
|turn|5
|
|move|p1a: Seismitoad|Protect|p1a: Seismitoad
|-singleturn|p1a: Seismitoad|Protect
|move|p2a: Conkeldurr|Facade|p1a: Seismitoad
|-activate|p1a: Seismitoad|move: Protect
|
|-weather|Sandstorm|[upkeep]
|-damage|p2a: Conkeldurr|76/100 brn|[from] Sandstorm
|-damage|p2a: Conkeldurr|70/100 brn|[from] brn
|upkeep
|turn|6
|
|switch|p1a: Clefable|Clefable, F|100/100
|move|p2a: Conkeldurr|Drain Punch|p1a: Clefable
|-resisted|p1a: Clefable
|-damage|p1a: Clefable|74/100
|-heal|p2a: Conkeldurr|84/100 brn|[from] drain|[of] p1a: Clefable
|
|-weather|Sandstorm|[upkeep]
|-damage|p2a: Conkeldurr|78/100 brn|[from] Sandstorm
|-heal|p1a: Clefable|80/100|[from] item: Leftovers
|-damage|p2a: Conkeldurr|72/100 brn|[from] brn
|upkeep
|turn|7
|
|switch|p2a: Aegislash|Aegislash, F|100/100
|-damage|p2a: Aegislash|94/100|[from] Stealth Rock
|move|p1a: Clefable|Moonblast|p2a: Aegislash
|-resisted|p2a: Aegislash
|-damage|p2a: Aegislash|76/100
|
|-weather|Sandstorm|[upkeep]
|-heal|p1a: Clefable|86/100|[from] item: Leftovers
|upkeep
|turn|8
|
|move|p1a: Clefable|Protect|p1a: Clefable
|-singleturn|p1a: Clefable|Protect
|-formechange|p2a: Aegislash|Aegislash-Blade||[from] ability: Stance Change
|move|p2a: Aegislash|Flash Cannon|p1a: Clefable
|-activate|p1a: Clefable|move: Protect
|
|-weather|Sandstorm|[upkeep]
|-heal|p1a: Clefable|92/100|[from] item: Leftovers
|upkeep
|turn|9
|
|switch|p1a: Corviknight|Corviknight, M|100/100
|-damage|p1a: Corviknight|88/100|[from] Stealth Rock
|-ability|p1a: Corviknight|Pressure
|move|p2a: Aegislash|Shadow Ball|p1a: Corviknight
|-damage|p1a: Corviknight|35/100
|-damage|p2a: Aegislash|66/100|[from] item: Life Orb
|
|-weather|none
|-heal|p1a: Corviknight|41/100|[from] item: Leftovers
|upkeep
|turn|10
|
|move|p1a: Corviknight|Roost|p1a: Corviknight
|-heal|p1a: Corviknight|91/100
|-singleturn|p1a: Corviknight|move: Roost
|move|p2a: Aegislash|Shadow Ball|p1a: Corviknight
|-crit|p1a: Corviknight
|-damage|p1a: Corviknight|12/100
|-damage|p2a: Aegislash|56/100|[from] item: Life Orb
|
|-heal|p1a: Corviknight|18/100|[from] item: Leftovers
|upkeep
|turn|11
|
|move|p1a: Corviknight|Roost|p1a: Corviknight
|-heal|p1a: Corviknight|68/100
|-singleturn|p1a: Corviknight|move: Roost
|move|p2a: Aegislash|Close Combat|p1a: Corviknight
|-supereffective|p1a: Corviknight
|-damage|p1a: Corviknight|0 fnt
|-unboost|p2a: Aegislash|def|1
|-unboost|p2a: Aegislash|spd|1
|-damage|p2a: Aegislash|46/100|[from] item: Life Orb
|faint|p1a: Corviknight
|
|upkeep
|
|switch|p1a: Hydreigon|Hydreigon, M|100/100
|-damage|p1a: Hydreigon|88/100|[from] Stealth Rock
|turn|12
|
|switch|p1a: Conkeldurr|Conkeldurr, M|100/100
|-damage|p1a: Conkeldurr|95/100|[from] Stealth Rock
|switch|p2a: Tyranitar|Tyranitar, F|64/100
|-damage|p2a: Tyranitar|52/100|[from] Stealth Rock
|-weather|Sandstorm|[from] ability: Sand Stream|[of] p2a: Tyranitar
|
|-weather|Sandstorm|[upkeep]
|-damage|p1a: Conkeldurr|89/100|[from] Sandstorm
|-status|p1a: Conkeldurr|brn|[from] item: Flame Orb
|upkeep
|turn|13
|
|switch|p2a: Rotom|Rotom-Mow|100/100
|-damage|p2a: Rotom|88/100|[from] Stealth Rock
|move|p1a: Conkeldurr|Earthquake|p2a: Rotom
|-immune|p2a: Rotom|[from] ability: Levitate
|
|-weather|Sandstorm|[upkeep]
|-damage|p2a: Rotom|82/100|[from] Sandstorm
|-damage|p1a: Conkeldurr|83/100 brn|[from] Sandstorm
|-heal|p2a: Rotom|88/100|[from] item: Leftovers
|-damage|p1a: Conkeldurr|77/100 brn|[from] brn
|upkeep
|turn|14
|
|switch|p1a: Clefable|Clefable, F|92/100
|move|p2a: Rotom|Volt Switch|p1a: Clefable
|-damage|p1a: Clefable|71/100
|
|switch|p2a: Aegislash|Aegislash, F|46/100|[from]move: Volt Switch
|-damage|p2a: Aegislash|40/100|[from] Stealth Rock
|
|-weather|Sandstorm|[upkeep]
|-heal|p1a: Clefable|77/100|[from] item: Leftovers
|upkeep
|turn|15
|
|switch|p1a: Seismitoad|Seismitoad, M|100/100
|-damage|p1a: Seismitoad|94/100|[from] Stealth Rock
|-formechange|p2a: Aegislash|Aegislash-Blade||[from] ability: Stance Change
|move|p2a: Aegislash|Flash Cannon|p1a: Seismitoad
|-resisted|p1a: Seismitoad
|-damage|p1a: Seismitoad|64/100
|-damage|p2a: Aegislash|30/100|[from] item: Life Orb
|
|-weather|Sandstorm|[upkeep]
|-heal|p1a: Seismitoad|70/100|[from] item: Leftovers
|upkeep
|turn|16
|
|switch|p2a: Rotom|Rotom-Mow|88/100
|-damage|p2a: Rotom|75/100|[from] Stealth Rock
|move|p1a: Seismitoad|Earthquake|p2a: Rotom
|-immune|p2a: Rotom|[from] ability: Levitate
|
|-weather|Sandstorm|[upkeep]
|-damage|p2a: Rotom|69/100|[from] Sandstorm
|-heal|p2a: Rotom|75/100|[from] item: Leftovers
|-heal|p1a: Seismitoad|76/100|[from] item: Leftovers
|upkeep
|turn|17
|
|switch|p1a: Rotom|Rotom-Heat|100/100
|move|p2a: Rotom|Volt Switch|p1a: Rotom
|-resisted|p1a: Rotom
|-damage|p1a: Rotom|88/100
|
|switch|p2a: Crawdaunt|Crawdaunt, F|100/100|[from]move: Volt Switch
|-damage|p2a: Crawdaunt|88/100|[from] Stealth Rock
|
|-weather|Sandstorm|[upkeep]
|-damage|p1a: Rotom|82/100|[from] Sandstorm
|-damage|p2a: Crawdaunt|82/100|[from] Sandstorm
|upkeep
|turn|18
|
|move|p2a: Crawdaunt|Aqua Jet|p1a: Rotom
|-supereffective|p1a: Rotom
|-damage|p1a: Rotom|0 fnt
|-damage|p2a: Crawdaunt|72/100|[from] item: Life Orb
|faint|p1a: Rotom
|
|-weather|Sandstorm|[upkeep]
|-damage|p2a: Crawdaunt|66/100|[from] Sandstorm
|upkeep
|-message|2013 idm room forfeited.
|
|win|ArianaBlonde
|l|☆2013 idm room
|raw|2013 idm room's rating: 1616 &rarr; <strong>1594</strong><br />(-22 for losing)
|raw|ArianaBlonde's rating: 1575 &rarr; <strong>1598</strong><br />(+23 for winning)
|raw|<div class="broadcast-blue"><strong>This room is no longer invite only!</strong><br />Anyone may now join.</div>
|c|☆ArianaBlonde|/log ArianaBlonde turned off modjoin.
|c|☆ArianaBlonde|/log ArianaBlonde made this room public.
