|j|☆zeno420
|j|☆Contorted Lies
|t:|1607021024
|player|p1|zeno420|101|1859
|player|p2|Contorted Lies|102|1896
|teamsize|p1|6
|teamsize|p2|6
|gametype|singles
|gen|8
|tier|[Gen 8] OU
|rated|
|clearpoke
|poke|p1|Dragapult, M|
|poke|p1|Heatran, F|
|poke|p1|Reuniclus, M|
|poke|p1|Toxapex, F|
|poke|p1|Tapu Bulu|
|poke|p1|Landorus-Therian, M|
|poke|p2|Garchomp, F|
|poke|p2|Zapdos|
|poke|p2|Hydreigon, M|
|poke|p2|Buzzwole|
|poke|p2|Slowbro, F|
|poke|p2|Magearna|
|rule|Sleep Clause Mod: Limit one foe put to sleep
|rule|Species Clause: Limit one of each Pokémon
|rule|OHKO Clause: OHKO moves are banned
|rule|Evasion Moves Clause: Evasion moves are banned
|rule|Endless Battle Clause: Forcing endless battles is banned
|rule|HP Percentage Mod: HP is shown in percentages
|rule|Dynamax Clause: You cannot dynamax
|teampreview
|
|t:|1607021034
|start
|switch|p1a: Landorus|Landorus-Therian, M|100/100
|switch|p2a: Zapdos|Zapdos|100/100
|-ability|p1a: Landorus|Intimidate|boost
|-unboost|p2a: Zapdos|atk|1
|turn|1
|
|t:|1607021037
|move|p2a: Zapdos|Hurricane|p1a: Landorus
|-damage|p1a: Landorus|9/100
|move|p1a: Landorus|Toxic|p2a: Zapdos
|-status|p2a: Zapdos|tox
|
|-heal|p1a: Landorus|15/100|[from] item: Leftovers
|-damage|p2a: Zapdos|94/100 tox|[from] psn
|upkeep
|turn|2
|j| HYRTFH
|
|t:|1607021045
|switch|p2a: Hydreigon|Hydreigon, M|100/100
|switch|p1a: Heatran|Heatran, F|100/100
|
|upkeep
|turn|3
|
|t:|1607021050
|switch|p2a: Magearna|Magearna|100/100
|switch|p1a: Tapu Bulu|Tapu Bulu|100/100
|-fieldstart|move: Grassy Terrain|[from] ability: Grassy Surge|[of] p1a: Tapu Bulu
|
|upkeep
|turn|4
|c| HYRTFH|pex on every team
|
|t:|1607021057
|switch|p1a: Reuniclus|Reuniclus, M|100/100
|move|p2a: Magearna|Volt Switch|p1a: Reuniclus
|-damage|p1a: Reuniclus|83/100
|
|t:|1607021060
|switch|p2a: Hydreigon|Hydreigon, M|100/100|[from]move: Volt Switch
|
|-heal|p1a: Reuniclus|89/100|[from] Grassy Terrain
|upkeep
|turn|5
|j| Trailblazer324
|l| Trailblazer324
|j| NPC666
|j| irgendwasmitmeeem
|
|t:|1607021074
|move|p2a: Hydreigon|Dark Pulse|p1a: Reuniclus
|-supereffective|p1a: Reuniclus
|-damage|p1a: Reuniclus|60/100
|move|p1a: Reuniclus|Knock Off|p2a: Hydreigon
|-resisted|p2a: Hydreigon
|-damage|p2a: Hydreigon|94/100
|-enditem|p2a: Hydreigon|Leftovers|[from] move: Knock Off|[of] p1a: Reuniclus
|
|-heal|p1a: Reuniclus|66/100|[from] Grassy Terrain
|upkeep
|turn|6
|
|t:|1607021083
|move|p2a: Hydreigon|Dark Pulse|p1a: Reuniclus
|-supereffective|p1a: Reuniclus
|-damage|p1a: Reuniclus|33/100
|move|p1a: Reuniclus|Future Sight|p2a: Hydreigon
|-start|p1a: Reuniclus|move: Future Sight
|
|-heal|p1a: Reuniclus|39/100|[from] Grassy Terrain
|upkeep
|turn|7
|
|t:|1607021091
|switch|p2a: Magearna|Magearna|100/100
|switch|p1a: Tapu Bulu|Tapu Bulu|100/100
|
|-fieldend|move: Grassy Terrain
|upkeep
|turn|8
|
|t:|1607021098
|switch|p1a: Reuniclus|Reuniclus, M|72/100
|move|p2a: Magearna|Focus Blast|p1a: Reuniclus
|-resisted|p1a: Reuniclus
|-damage|p1a: Reuniclus|58/100
|
|-end|p2a: Magearna|move: Future Sight
|-resisted|p2a: Magearna
|-damage|p2a: Magearna|80/100
|upkeep
|turn|9
|
|t:|1607021107
|switch|p2a: Hydreigon|Hydreigon, M|94/100
|move|p1a: Reuniclus|Focus Blast|p2a: Hydreigon
|-supereffective|p2a: Hydreigon
|-damage|p2a: Hydreigon|39/100
|
|upkeep
|turn|10
|
|t:|1607021116
|move|p2a: Hydreigon|Roost|p2a: Hydreigon
|-heal|p2a: Hydreigon|89/100
|-singleturn|p2a: Hydreigon|move: Roost
|move|p1a: Reuniclus|Future Sight|p2a: Hydreigon
|-start|p1a: Reuniclus|move: Future Sight
|
|upkeep
|turn|11
|
|t:|1607021121
|switch|p1a: Tapu Bulu|Tapu Bulu|100/100
|-fieldstart|move: Grassy Terrain|[from] ability: Grassy Surge|[of] p1a: Tapu Bulu
|move|p2a: Hydreigon|Dark Pulse|p1a: Tapu Bulu
|-resisted|p1a: Tapu Bulu
|-damage|p1a: Tapu Bulu|86/100
|
|-heal|p1a: Tapu Bulu|92/100|[from] item: Leftovers
|-heal|p1a: Tapu Bulu|98/100|[from] Grassy Terrain
|upkeep
|turn|12
|
|t:|1607021129
|switch|p2a: Magearna|Magearna|80/100
|move|p1a: Tapu Bulu|Swords Dance|p1a: Tapu Bulu
|-boost|p1a: Tapu Bulu|atk|2
|
|-end|p2a: Magearna|move: Future Sight
|-resisted|p2a: Magearna
|-damage|p2a: Magearna|60/100
|-heal|p1a: Tapu Bulu|100/100|[from] item: Leftovers
|-heal|p2a: Magearna|66/100|[from] Grassy Terrain
|upkeep
|turn|13
|j| Windows 98 SE
|
|t:|1607021135
|move|p1a: Tapu Bulu|Close Combat|p2a: Magearna
|-damage|p2a: Magearna|5/100
|-unboost|p1a: Tapu Bulu|def|1
|-unboost|p1a: Tapu Bulu|spd|1
|move|p2a: Magearna|Flash Cannon|p1a: Tapu Bulu
|-supereffective|p1a: Tapu Bulu
|-damage|p1a: Tapu Bulu|0 fnt
|faint|p1a: Tapu Bulu
|-ability|p2a: Magearna|Soul-Heart|boost
|-boost|p2a: Magearna|spa|1
|
|-heal|p2a: Magearna|11/100|[from] Grassy Terrain
|upkeep
|
|t:|1607021140
|switch|p1a: Dragapult|Dragapult, M|100/100
|turn|14
|
|t:|1607021149
|switch|p2a: Buzzwole|Buzzwole|100/100
|move|p1a: Dragapult|Substitute|p1a: Dragapult
|-start|p1a: Dragapult|Substitute
|-damage|p1a: Dragapult|76/100
|
|-heal|p1a: Dragapult|82/100|[from] item: Leftovers
|-heal|p1a: Dragapult|88/100|[from] Grassy Terrain
|upkeep
|turn|15
|
|t:|1607021160
|move|p1a: Dragapult|Thunder Wave|p2a: Buzzwole
|-status|p2a: Buzzwole|par
|move|p2a: Buzzwole|Bulk Up|p2a: Buzzwole
|-boost|p2a: Buzzwole|atk|1
|-boost|p2a: Buzzwole|def|1
|
|-heal|p1a: Dragapult|94/100|[from] item: Leftovers
|-heal|p1a: Dragapult|99/100|[from] Grassy Terrain
|-fieldend|move: Grassy Terrain
|upkeep
|turn|16
|
|t:|1607021164
|move|p1a: Dragapult|Hex|p2a: Buzzwole
|-damage|p2a: Buzzwole|47/100 par
|move|p2a: Buzzwole|Earthquake|p1a: Dragapult
|-end|p1a: Dragapult|Substitute
|
|-heal|p1a: Dragapult|100/100|[from] item: Leftovers
|-heal|p2a: Buzzwole|53/100 par|[from] item: Leftovers
|upkeep
|turn|17
|j| klq
|
|t:|1607021180
|move|p1a: Dragapult|Hex|p2a: Buzzwole
|-damage|p2a: Buzzwole|5/100 par
|cant|p2a: Buzzwole|par
|
|-heal|p2a: Buzzwole|11/100 par|[from] item: Leftovers
|upkeep
|turn|18
|
|t:|1607021183
|move|p1a: Dragapult|Hex|p2a: Buzzwole
|-damage|p2a: Buzzwole|0 fnt
|faint|p2a: Buzzwole
|
|upkeep
|
|t:|1607021190
|switch|p2a: Hydreigon|Hydreigon, M|89/100
|turn|19
|
|t:|1607021198
|move|p1a: Dragapult|Substitute|p1a: Dragapult
|-start|p1a: Dragapult|Substitute
|-damage|p1a: Dragapult|76/100
|move|p2a: Hydreigon|Dark Pulse|p1a: Dragapult
|-supereffective|p1a: Dragapult
|-end|p1a: Dragapult|Substitute
|
|-heal|p1a: Dragapult|82/100|[from] item: Leftovers
|upkeep
|turn|20
|
|t:|1607021201
|move|p1a: Dragapult|Disable|p2a: Hydreigon
|-start|p2a: Hydreigon|Disable|Dark Pulse
|cant|p2a: Hydreigon|Disable|Dark Pulse
|
|-heal|p1a: Dragapult|88/100|[from] item: Leftovers
|upkeep
|turn|21
|
|t:|1607021208
|switch|p2a: Garchomp|Garchomp, F|100/100
|move|p1a: Dragapult|Thunder Wave|p2a: Garchomp
|-immune|p2a: Garchomp
|
|-heal|p1a: Dragapult|94/100|[from] item: Leftovers
|upkeep
|turn|22
|
|t:|1607021217
|switch|p1a: Landorus|Landorus-Therian, M|15/100
|-ability|p1a: Landorus|Intimidate|boost
|-unboost|p2a: Garchomp|atk|1
|move|p2a: Garchomp|Scale Shot|p1a: Landorus
|-damage|p1a: Landorus|7/100
|-damage|p1a: Landorus|0 fnt
|-hitcount|p1a: Landorus|2
|-unboost|p2a: Garchomp|def|1
|-boost|p2a: Garchomp|spe|1
|-damage|p2a: Garchomp|91/100|[from] item: Life Orb
|faint|p1a: Landorus
|
|upkeep
|
|t:|1607021223
|switch|p1a: Reuniclus|Reuniclus, M|91/100
|turn|23
|
|t:|1607021231
|switch|p2a: Hydreigon|Hydreigon, M|89/100
|move|p1a: Reuniclus|Psychic|p2a: Hydreigon
|-immune|p2a: Hydreigon
|
|upkeep
|turn|24
|
|t:|1607021238
|switch|p1a: Toxapex|Toxapex, F|100/100
|move|p2a: Hydreigon|Dark Pulse|p1a: Toxapex
|-damage|p1a: Toxapex|72/100
|
|upkeep
|turn|25
|
|t:|1607021241
|move|p2a: Hydreigon|Earth Power|p1a: Toxapex
|-supereffective|p1a: Toxapex
|-damage|p1a: Toxapex|32/100
|move|p1a: Toxapex|Toxic Spikes|p2a: Hydreigon
|-sidestart|p2: Contorted Lies|move: Toxic Spikes
|
|upkeep
|turn|26
|
|t:|1607021247
|switch|p1a: Reuniclus|Reuniclus, M|100/100
|move|p2a: Hydreigon|Dark Pulse|p1a: Reuniclus
|-supereffective|p1a: Reuniclus
|-damage|p1a: Reuniclus|70/100
|
|upkeep
|turn|27
|
|t:|1607021254
|move|p2a: Hydreigon|Defog|p1a: Reuniclus
|-unboost|p1a: Reuniclus|evasion|1
|-sideend|p2: Contorted Lies|Toxic Spikes|[from] move: Defog|[of] p2a: Hydreigon
|move|p1a: Reuniclus|Focus Blast|p2a: Hydreigon
|-supereffective|p2a: Hydreigon
|-damage|p2a: Hydreigon|40/100
|
|upkeep
|turn|28
|
|t:|1607021259
|move|p2a: Hydreigon|Roost|p2a: Hydreigon
|-heal|p2a: Hydreigon|90/100
|-singleturn|p2a: Hydreigon|move: Roost
|move|p1a: Reuniclus|Focus Blast|p2a: Hydreigon
|-supereffective|p2a: Hydreigon
|-damage|p2a: Hydreigon|40/100
|-unboost|p2a: Hydreigon|spd|1
|
|upkeep
|turn|29
|
|t:|1607021268
|switch|p2a: Slowbro|Slowbro, F|100/100
|move|p1a: Reuniclus|Knock Off|p2a: Slowbro
|-supereffective|p2a: Slowbro
|-damage|p2a: Slowbro|83/100
|-enditem|p2a: Slowbro|Heavy-Duty Boots|[from] move: Knock Off|[of] p1a: Reuniclus
|
|upkeep
|turn|30
|
|t:|1607021272
|move|p1a: Reuniclus|Future Sight|p2a: Slowbro
|-start|p1a: Reuniclus|move: Future Sight
|move|p2a: Slowbro|Teleport|p2a: Slowbro
|
|t:|1607021280
|switch|p2a: Zapdos|Zapdos|94/100 tox|[from]move: Teleport
|
|-damage|p2a: Zapdos|88/100 tox|[from] psn
|upkeep
|turn|31
|
|t:|1607021284
|move|p2a: Zapdos|Volt Switch|p1a: Reuniclus
|-crit|p1a: Reuniclus
|-damage|p1a: Reuniclus|31/100
|
|t:|1607021286
|switch|p2a: Hydreigon|Hydreigon, M|40/100|[from]move: Volt Switch
|move|p1a: Reuniclus|Psychic|p2a: Hydreigon
|-immune|p2a: Hydreigon
|
|upkeep
|turn|32
|
|t:|1607021294
|move|p2a: Hydreigon|Roost|p2a: Hydreigon
|-heal|p2a: Hydreigon|90/100
|-singleturn|p2a: Hydreigon|move: Roost
|move|p1a: Reuniclus|Focus Blast|p2a: Hydreigon
|-supereffective|p2a: Hydreigon
|-damage|p2a: Hydreigon|36/100
|-unboost|p2a: Hydreigon|spd|1
|
|-end|p2a: Hydreigon|move: Future Sight
|-immune|p2a: Hydreigon
|upkeep
|turn|33
|
|t:|1607021303
|move|p2a: Hydreigon|Dark Pulse|p1a: Reuniclus
|-supereffective|p1a: Reuniclus
|-damage|p1a: Reuniclus|0 fnt
|faint|p1a: Reuniclus
|
|upkeep
|-message|zeno420 forfeited.
|
|win|Contorted Lies
|l|☆Contorted Lies
||Ladder (probably) updated, but score could not be retrieved (Request timeout).
