|j|☆Fastpitchkiller
|j|☆kownish
|t:|1649014981
|gametype|singles
|player|p1|Fastpitchkiller|169|1836
|player|p2|kownish|wattson|1853
|teamsize|p1|6
|teamsize|p2|6
|gen|8
|tier|[Gen 8] OU
|rated|
|rule|Sleep Clause Mod: Limit one foe put to sleep
|rule|Species Clause: Limit one of each Pokémon
|rule|OHKO Clause: OHKO moves are banned
|rule|Evasion Moves Clause: Evasion moves are banned
|rule|Endless Battle Clause: Forcing endless battles is banned
|rule|HP Percentage Mod: HP is shown in percentages
|rule|Dynamax Clause: You cannot dynamax
|clearpoke
|poke|p1|Blaziken, M|
|poke|p1|Slowbro, F|
|poke|p1|Tyranitar, F|
|poke|p1|Corviknight, F|
|poke|p1|Landorus-Therian, M|
|poke|p1|Tapu Koko|
|poke|p2|Zapdos|
|poke|p2|Weavile, M|
|poke|p2|Kartana|
|poke|p2|Landorus-Therian, M|
|poke|p2|Volcanion|
|poke|p2|Melmetal|
|teampreview
|inactive|Battle timer is ON: inactive players will automatically lose when time's up. (requested by kownish)
|
|t:|1649015000
|start
|switch|p1a: Slowgatell|Slowbro, F|100/100
|switch|p2a: Volcanion|Volcanion|100/100
|turn|1
|
|t:|1649015007
|move|p2a: Volcanion|Steam Eruption|p1a: Slowgatell
|-resisted|p1a: Slowgatell
|-damage|p1a: Slowgatell|53/100
|move|p1a: Slowgatell|Teleport|p1a: Slowgatell
|
|t:|1649015023
|switch|p1a: Precoz|Tapu Koko|100/100|[from]move: Teleport
|-fieldstart|move: Electric Terrain|[from] ability: Electric Surge|[of] p1a: Precoz
|
|upkeep
|turn|2
|
|t:|1649015029
|switch|p2a: Landorus|Landorus-Therian, M, shiny|100/100
|-ability|p2a: Landorus|Intimidate|boost
|-unboost|p1a: Precoz|atk|1
|move|p1a: Precoz|U-turn|p2a: Landorus
|-resisted|p2a: Landorus
|-damage|p2a: Landorus|96/100
|
|t:|1649015036
|switch|p1a: Slowgatell|Slowbro, F|86/100|[from]move: U-turn
|
|-heal|p2a: Landorus|100/100|[from] item: Leftovers
|upkeep
|turn|3
|
|t:|1649015043
|move|p2a: Landorus|U-turn|p1a: Slowgatell
|-supereffective|p1a: Slowgatell
|-damage|p1a: Slowgatell|59/100
|-damage|p2a: Landorus|84/100|[from] item: Rocky Helmet|[of] p1a: Slowgatell
|
|t:|1649015045
|switch|p2a: Volcanion|Volcanion|100/100|[from]move: U-turn
|move|p1a: Slowgatell|Toxic|p2a: Volcanion
|-status|p2a: Volcanion|tox
|
|-damage|p2a: Volcanion|95/100 tox|[from] psn
|upkeep
|turn|4
|
|t:|1649015054
|move|p2a: Volcanion|Steam Eruption|p1a: Slowgatell
|-resisted|p1a: Slowgatell
|-damage|p1a: Slowgatell|15/100
|-status|p1a: Slowgatell|brn
|move|p1a: Slowgatell|Teleport|p1a: Slowgatell
|
|t:|1649015060
|switch|p1a: Enamorousito|Landorus-Therian, M|100/100|[from]move: Teleport
|-ability|p1a: Enamorousito|Intimidate|boost
|-unboost|p2a: Volcanion|atk|1
|
|-damage|p2a: Volcanion|83/100 tox|[from] psn
|upkeep
|turn|5
|
|t:|1649015069
|move|p1a: Enamorousito|Substitute|p1a: Enamorousito
|-start|p1a: Enamorousito|Substitute
|-damage|p1a: Enamorousito|76/100
|move|p2a: Volcanion|Steam Eruption|p1a: Enamorousito
|-supereffective|p1a: Enamorousito
|-end|p1a: Enamorousito|Substitute
|
|-heal|p1a: Enamorousito|82/100|[from] item: Leftovers
|-damage|p2a: Volcanion|65/100 tox|[from] psn
|-fieldend|move: Electric Terrain
|upkeep
|turn|6
|
|t:|1649015080
|switch|p2a: Weavile|Weavile, M, shiny|100/100
|-ability|p2a: Weavile|Pressure
|move|p1a: Enamorousito|Earthquake|p2a: Weavile
|-damage|p2a: Weavile|0 fnt
|faint|p2a: Weavile
|
|-heal|p1a: Enamorousito|88/100|[from] item: Leftovers
|upkeep
|
|t:|1649015087
|switch|p2a: Zapdos|Zapdos, shiny|100/100
|turn|7
|
|t:|1649015092
|switch|p1a: GODzilla|Tyranitar, F|100/100
|-weather|Sandstorm|[from] ability: Sand Stream|[of] p1a: GODzilla
|move|p2a: Zapdos|Hurricane|p1a: GODzilla
|-resisted|p1a: GODzilla
|-damage|p1a: GODzilla|89/100
|
|-weather|Sandstorm|[upkeep]
|-damage|p2a: Zapdos|94/100|[from] Sandstorm
|-heal|p1a: GODzilla|95/100|[from] item: Leftovers
|upkeep
|turn|8
|
|t:|1649015104
|move|p2a: Zapdos|Volt Switch|p1a: GODzilla
|-damage|p1a: GODzilla|80/100
|
|t:|1649015107
|switch|p2a: Melmetal|Melmetal, shiny|100/100|[from]move: Volt Switch
|move|p1a: GODzilla|Stealth Rock|p2a: Melmetal
|-sidestart|p2: kownish|move: Stealth Rock
|
|-weather|Sandstorm|[upkeep]
|-heal|p1a: GODzilla|86/100|[from] item: Leftovers
|upkeep
|turn|9
|
|t:|1649015116
|switch|p1a: Slowgatell|Slowbro, F|49/100 brn
|move|p2a: Melmetal|Ice Punch|p1a: Slowgatell
|-resisted|p1a: Slowgatell
|-damage|p1a: Slowgatell|40/100 brn
|-damage|p2a: Melmetal|84/100|[from] item: Rocky Helmet|[of] p1a: Slowgatell
|
|-weather|Sandstorm|[upkeep]
|-damage|p1a: Slowgatell|34/100 brn|[from] Sandstorm
|-damage|p1a: Slowgatell|28/100 brn|[from] brn
|upkeep
|turn|10
|
|t:|1649015127
|move|p2a: Melmetal|Thunder Punch|p1a: Slowgatell
|-supereffective|p1a: Slowgatell
|-damage|p1a: Slowgatell|0 fnt
|-damage|p2a: Melmetal|68/100|[from] item: Rocky Helmet|[of] p1a: Slowgatell
|faint|p1a: Slowgatell
|
|-weather|Sandstorm|[upkeep]
|upkeep
|
|t:|1649015135
|switch|p1a: Claudio|Blaziken, M|100/100
|turn|11
|
|t:|1649015142
|move|p1a: Claudio|Flare Blitz|p2a: Melmetal
|-supereffective|p2a: Melmetal
|-damage|p2a: Melmetal|0 fnt
|faint|p2a: Melmetal
|-damage|p1a: Claudio|66/100|[from] Recoil
|
|-weather|none
|-ability|p1a: Claudio|Speed Boost|boost
|-boost|p1a: Claudio|spe|1
|upkeep
|
|t:|1649015148
|switch|p2a: Kartana|Kartana, shiny|100/100
|-damage|p2a: Kartana|94/100|[from] Stealth Rock
|turn|12
|
|t:|1649015154
|switch|p1a: Corvikstall|Corviknight, F|100/100
|-ability|p1a: Corvikstall|Pressure
|move|p2a: Kartana|Sacred Sword|p1a: Corvikstall
|-damage|p1a: Corvikstall|77/100
|-damage|p2a: Kartana|78/100|[from] item: Rocky Helmet|[of] p1a: Corvikstall
|
|upkeep
|turn|13
|
|t:|1649015163
|switch|p2a: Zapdos|Zapdos, shiny|94/100
|move|p1a: Corvikstall|U-turn|p2a: Zapdos
|-resisted|p2a: Zapdos
|-damage|p2a: Zapdos|85/100
|
|t:|1649015170
|switch|p1a: GODzilla|Tyranitar, F|86/100|[from]move: U-turn
|-weather|Sandstorm|[from] ability: Sand Stream|[of] p1a: GODzilla
|
|-weather|Sandstorm|[upkeep]
|-damage|p2a: Zapdos|79/100|[from] Sandstorm
|-heal|p1a: GODzilla|92/100|[from] item: Leftovers
|upkeep
|turn|14
|
|t:|1649015179
|move|p2a: Zapdos|Volt Switch|p1a: GODzilla
|-damage|p1a: GODzilla|78/100
|
|t:|1649015182
|switch|p2a: Landorus|Landorus-Therian, M, shiny|84/100|[from]move: Volt Switch
|-damage|p2a: Landorus|72/100|[from] Stealth Rock
|-ability|p2a: Landorus|Intimidate|boost
|-unboost|p1a: GODzilla|atk|1
|move|p1a: GODzilla|Rock Blast|p2a: Landorus
|-damage|p2a: Landorus|64/100
|-damage|p2a: Landorus|56/100
|-hitcount|p2a: Landorus|2
|
|-weather|Sandstorm|[upkeep]
|-heal|p2a: Landorus|62/100|[from] item: Leftovers
|-heal|p1a: GODzilla|84/100|[from] item: Leftovers
|upkeep
|turn|15
|j| isyek
|
|t:|1649015196
|switch|p1a: Corvikstall|Corviknight, F|77/100
|-ability|p1a: Corvikstall|Pressure
|move|p2a: Landorus|Defog|p1a: Corvikstall
|-unboost|p1a: Corvikstall|evasion|1
|-sideend|p2: kownish|Stealth Rock|[from] move: Defog|[of] p2a: Landorus
|
|-weather|Sandstorm|[upkeep]
|-heal|p2a: Landorus|68/100|[from] item: Leftovers
|upkeep
|turn|16
|
|t:|1649015207
|move|p2a: Landorus|U-turn|p1a: Corvikstall
|-resisted|p1a: Corvikstall
|-damage|p1a: Corvikstall|73/100
|-damage|p2a: Landorus|51/100|[from] item: Rocky Helmet|[of] p1a: Corvikstall
|
|t:|1649015208
|switch|p2a: Zapdos|Zapdos, shiny|79/100|[from]move: U-turn
|move|p1a: Corvikstall|Roost|p1a: Corvikstall
|-heal|p1a: Corvikstall|100/100
|-singleturn|p1a: Corvikstall|move: Roost
|
|-weather|Sandstorm|[upkeep]
|-damage|p2a: Zapdos|72/100|[from] Sandstorm
|upkeep
|turn|17
|j| tachyon paradox
|
|t:|1649015221
|switch|p1a: GODzilla|Tyranitar, F|84/100
|move|p2a: Zapdos|Heat Wave|p1a: GODzilla
|-resisted|p1a: GODzilla
|-damage|p1a: GODzilla|77/100
|-status|p1a: GODzilla|brn
|
|-weather|none
|-heal|p1a: GODzilla|83/100 brn|[from] item: Leftovers
|-damage|p1a: GODzilla|77/100 brn|[from] brn
|upkeep
|turn|18
|j| Ur mom is OU tier
|j| Zaza BitchuLia
|
|t:|1649015233
|move|p2a: Zapdos|Volt Switch|p1a: GODzilla
|-damage|p1a: GODzilla|56/100 brn
|
|t:|1649015240
|switch|p2a: Landorus|Landorus-Therian, M, shiny|51/100|[from]move: Volt Switch
|-ability|p2a: Landorus|Intimidate|boost
|-unboost|p1a: GODzilla|atk|1
|move|p1a: GODzilla|Stealth Rock|p2a: Landorus
|-sidestart|p2: kownish|move: Stealth Rock
|
|-heal|p2a: Landorus|57/100|[from] item: Leftovers
|-heal|p1a: GODzilla|62/100 brn|[from] item: Leftovers
|-damage|p1a: GODzilla|56/100 brn|[from] brn
|upkeep
|turn|19
|j| Drito01
|
|t:|1649015253
|switch|p2a: Volcanion|Volcanion|65/100 tox
|-damage|p2a: Volcanion|40/100 tox|[from] Stealth Rock
|switch|p1a: Claudio|Blaziken, M|66/100
|
|-damage|p2a: Volcanion|34/100 tox|[from] psn
|upkeep
|turn|20
|
|t:|1649015262
|switch|p2a: Landorus|Landorus-Therian, M, shiny|57/100
|-damage|p2a: Landorus|45/100|[from] Stealth Rock
|-ability|p2a: Landorus|Intimidate|boost
|-unboost|p1a: Claudio|atk|1
|move|p1a: Claudio|Close Combat|p2a: Landorus
|-resisted|p2a: Landorus
|-crit|p2a: Landorus
|-damage|p2a: Landorus|0 fnt
|-unboost|p1a: Claudio|def|1
|-unboost|p1a: Claudio|spd|1
|faint|p2a: Landorus
|
|-ability|p1a: Claudio|Speed Boost|boost
|-boost|p1a: Claudio|spe|1
|upkeep
|
|t:|1649015267
|switch|p2a: Kartana|Kartana, shiny|78/100
|-damage|p2a: Kartana|72/100|[from] Stealth Rock
|turn|21
|
|t:|1649015279
|switch|p1a: Corvikstall|Corviknight, F|100/100
|-ability|p1a: Corvikstall|Pressure
|move|p2a: Kartana|Knock Off|p1a: Corvikstall
|-damage|p1a: Corvikstall|73/100
|-damage|p2a: Kartana|55/100|[from] item: Rocky Helmet|[of] p1a: Corvikstall
|-enditem|p1a: Corvikstall|Rocky Helmet|[from] move: Knock Off|[of] p2a: Kartana
|
|upkeep
|turn|22
|
|t:|1649015289
|switch|p2a: Zapdos|Zapdos, shiny|72/100
|move|p1a: Corvikstall|Roost|p1a: Corvikstall
|-heal|p1a: Corvikstall|100/100
|-singleturn|p1a: Corvikstall|move: Roost
|
|upkeep
|turn|23
|
|t:|1649015296
|switch|p1a: GODzilla|Tyranitar, F|56/100 brn
|-weather|Sandstorm|[from] ability: Sand Stream|[of] p1a: GODzilla
|move|p2a: Zapdos|Hurricane|p1a: GODzilla|[miss]
|-miss|p2a: Zapdos|p1a: GODzilla
|
|-weather|Sandstorm|[upkeep]
|-damage|p2a: Zapdos|66/100|[from] Sandstorm
|-heal|p1a: GODzilla|62/100 brn|[from] item: Leftovers
|-damage|p1a: GODzilla|56/100 brn|[from] brn
|upkeep
|turn|24
|
|t:|1649015308
|move|p2a: Zapdos|Hurricane|p1a: GODzilla
|-resisted|p1a: GODzilla
|-damage|p1a: GODzilla|46/100 brn
|move|p1a: GODzilla|Rock Blast|p2a: Zapdos
|-supereffective|p2a: Zapdos
|-damage|p2a: Zapdos|53/100
|-supereffective|p2a: Zapdos
|-damage|p2a: Zapdos|40/100
|-supereffective|p2a: Zapdos
|-damage|p2a: Zapdos|27/100
|-supereffective|p2a: Zapdos
|-damage|p2a: Zapdos|12/100
|-hitcount|p2a: Zapdos|4
|
|-weather|Sandstorm|[upkeep]
|-damage|p2a: Zapdos|6/100|[from] Sandstorm
|-heal|p1a: GODzilla|52/100 brn|[from] item: Leftovers
|-damage|p1a: GODzilla|46/100 brn|[from] brn
|upkeep
|turn|25
|
|t:|1649015324
|switch|p1a: Precoz|Tapu Koko|100/100
|-fieldstart|move: Electric Terrain|[from] ability: Electric Surge|[of] p1a: Precoz
|move|p2a: Zapdos|Roost|p2a: Zapdos
|-heal|p2a: Zapdos|56/100
|-singleturn|p2a: Zapdos|move: Roost
|
|-weather|Sandstorm|[upkeep]
|-damage|p1a: Precoz|94/100|[from] Sandstorm
|-damage|p2a: Zapdos|50/100|[from] Sandstorm
|upkeep
|turn|26
|
|t:|1649015335
|move|p1a: Precoz|Thunderbolt|p2a: Zapdos
|-damage|p2a: Zapdos|0 fnt
|faint|p2a: Zapdos
|
|-weather|Sandstorm|[upkeep]
|-damage|p1a: Precoz|88/100|[from] Sandstorm
|upkeep
|-message|kownish forfeited.
|
|win|Fastpitchkiller
|raw|Fastpitchkiller's rating: 1836 &rarr; <strong>1857</strong><br />(+21 for winning)
|raw|kownish's rating: 1853 &rarr; <strong>1832</strong><br />(-21 for losing)
|l|☆kownish
|l| Ur mom is OU tier
