|html|<div class="broadcast-blue"><strong>[Gen 8] OU is currently suspecting Melmetal! For information on how to participate check out the <a href="https://www.smogon.com/forums/threads/np-ss-ou-suspect-process-round-12-monster-mash.3709234/">suspect thread</a>.</strong></div>
|j|☆Libski
|j|☆toon arctozolt
|t:|1666770138
|gametype|singles
|player|p1|Libski|bianca-pwt|1728
|player|p2|toon arctozolt|harlequin|1788
|teamsize|p1|6
|teamsize|p2|6
|gen|8
|tier|[Gen 8] OU
|rated|
|rule|Sleep Clause Mod: Limit one foe put to sleep
|rule|Species Clause: Limit one of each Pokémon
|rule|OHKO Clause: OHKO moves are banned
|rule|Evasion Items Clause: Evasion items are banned
|rule|Evasion Moves Clause: Evasion moves are banned
|rule|Endless Battle Clause: Forcing endless battles is banned
|rule|HP Percentage Mod: HP is shown in percentages
|rule|Dynamax Clause: You cannot dynamax
|clearpoke
|poke|p1|Dragapult, M|
|poke|p1|Tyranitar, F|
|poke|p1|Hatterene, F|
|poke|p1|Toxapex, F|
|poke|p1|Ferrothorn, M|
|poke|p1|Landorus-Therian, M|
|poke|p2|Pelipper, F|
|poke|p2|Corviknight, F|
|poke|p2|Inteleon, M|
|poke|p2|Ferrothorn, F|
|poke|p2|Barraskewda, M|
|poke|p2|Seismitoad, M|
|teampreview
|inactive|Battle timer is ON: inactive players will automatically lose when time's up. (requested by toon arctozolt)
|c|☆Libski|hf
|c|☆Libski|cool team
|c|☆toon arctozolt|ty u2
|c|☆Libski|ty
|
|t:|1666770160
|start
|switch|p1a: Spærm kanon|Dragapult, M|100/100
|switch|p2a: Ferrothorn|Ferrothorn, F|100/100
|turn|1
|
|t:|1666770166
|switch|p1a: Laria|Hatterene, F|100/100
|move|p2a: Ferrothorn|Knock Off|p1a: Laria
|-damage|p1a: Laria|82/100
|-enditem|p1a: Laria|Leftovers|[from] move: Knock Off|[of] p2a: Ferrothorn
|
|upkeep
|turn|2
|
|t:|1666770171
|switch|p2a: Pelipper|Pelipper, F|100/100
|-weather|RainDance|[from] ability: Drizzle|[of] p2a: Pelipper
|move|p1a: Laria|Calm Mind|p1a: Laria
|-boost|p1a: Laria|spa|1
|-boost|p1a: Laria|spd|1
|
|-weather|RainDance|[upkeep]
|upkeep
|turn|3
|
|t:|1666770176
|move|p2a: Pelipper|U-turn|p1a: Laria
|-damage|p1a: Laria|75/100
|
|t:|1666770177
|switch|p2a: Corviknight|Corviknight, F|100/100|[from]move: U-turn
|-ability|p2a: Corviknight|Pressure
|move|p1a: Laria|Psyshock|p2a: Corviknight
|-resisted|p2a: Corviknight
|-damage|p2a: Corviknight|84/100
|
|-weather|RainDance|[upkeep]
|upkeep
|turn|4
|
|t:|1666770187
|move|p2a: Corviknight|U-turn|p1a: Laria
|-damage|p1a: Laria|62/100
|
|t:|1666770192
|switch|p2a: Barraskewda|Barraskewda, M|100/100|[from]move: U-turn
|move|p1a: Laria|Draining Kiss|p2a: Barraskewda
|-damage|p2a: Barraskewda|25/100
|-heal|p1a: Laria|100/100|[from] drain|[of] p2a: Barraskewda
|
|-weather|RainDance|[upkeep]
|upkeep
|turn|5
|
|t:|1666770195
|switch|p1a: Ur mom|Toxapex, F|100/100
|move|p2a: Barraskewda|Flip Turn|p1a: Ur mom
|-resisted|p1a: Ur mom
|-damage|p1a: Ur mom|79/100
|-damage|p2a: Barraskewda|9/100|[from] item: Rocky Helmet|[of] p1a: Ur mom
|
|t:|1666770198
|switch|p2a: Seismitoad|Seismitoad, M|100/100|[from]move: Flip Turn
|
|-weather|RainDance|[upkeep]
|upkeep
|turn|6
|
|t:|1666770201
|move|p1a: Ur mom|Baneful Bunker|p1a: Ur mom
|-singleturn|p1a: Ur mom|move: Protect
|move|p2a: Seismitoad|Earth Power|p1a: Ur mom
|-activate|p1a: Ur mom|move: Protect
|
|-weather|RainDance|[upkeep]
|upkeep
|turn|7
|
|t:|1666770205
|switch|p1a: Spiki boi|Ferrothorn, M|100/100
|move|p2a: Seismitoad|Weather Ball|p1a: Spiki boi
|-resisted|p1a: Spiki boi
|-damage|p1a: Spiki boi|71/100
|-damage|p2a: Seismitoad|91/100|[from] item: Life Orb
|
|-weather|RainDance|[upkeep]
|-heal|p1a: Spiki boi|77/100|[from] item: Leftovers
|upkeep
|turn|8
|
|t:|1666770214
|move|p2a: Seismitoad|Earth Power|p1a: Spiki boi
|-damage|p1a: Spiki boi|40/100
|-damage|p2a: Seismitoad|81/100|[from] item: Life Orb
|move|p1a: Spiki boi|Leech Seed|p2a: Seismitoad
|-start|p2a: Seismitoad|move: Leech Seed
|
|-weather|RainDance|[upkeep]
|-heal|p1a: Spiki boi|46/100|[from] item: Leftovers
|-damage|p2a: Seismitoad|68/100|[from] Leech Seed|[of] p1a: Spiki boi
|-heal|p1a: Spiki boi|58/100|[silent]
|upkeep
|turn|9
|
|t:|1666770217
|switch|p2a: Ferrothorn|Ferrothorn, F|100/100
|move|p1a: Spiki boi|Spikes|p2a: Ferrothorn
|-sidestart|p2: toon arctozolt|Spikes
|
|-weather|none
|-heal|p1a: Spiki boi|65/100|[from] item: Leftovers
|upkeep
|turn|10
|
|t:|1666770219
|switch|p1a: Laria|Hatterene, F|100/100
|move|p2a: Ferrothorn|Knock Off|p1a: Laria
|-damage|p1a: Laria|89/100
|
|upkeep
|turn|11
|
|t:|1666770224
|move|p1a: Laria|Calm Mind|p1a: Laria
|-boost|p1a: Laria|spa|1
|-boost|p1a: Laria|spd|1
|move|p2a: Ferrothorn|Gyro Ball|p1a: Laria
|-supereffective|p1a: Laria
|-damage|p1a: Laria|54/100
|
|upkeep
|turn|12
|
|t:|1666770228
|switch|p2a: Pelipper|Pelipper, F|100/100
|-weather|RainDance|[from] ability: Drizzle|[of] p2a: Pelipper
|move|p1a: Laria|Mystical Fire|p2a: Pelipper
|-resisted|p2a: Pelipper
|-damage|p2a: Pelipper|88/100
|-unboost|p2a: Pelipper|spa|1
|
|-weather|RainDance|[upkeep]
|upkeep
|turn|13
|
|t:|1666770231
|move|p2a: Pelipper|Defog|p1a: Laria
|move|p1a: Laria|Defog|p2a: Pelipper|[from]ability: Magic Bounce
|-unboost|p2a: Pelipper|evasion|1
|-sideend|p2: toon arctozolt|Spikes|[from] move: Defog|[of] p1a: Laria
|move|p1a: Laria|Mystical Fire|p2a: Pelipper
|-resisted|p2a: Pelipper
|-damage|p2a: Pelipper|77/100
|-unboost|p2a: Pelipper|spa|1
|
|-weather|RainDance|[upkeep]
|upkeep
|turn|14
|
|t:|1666770234
|move|p2a: Pelipper|U-turn|p1a: Laria
|-damage|p1a: Laria|47/100
|
|t:|1666770237
|switch|p2a: Corviknight|Corviknight, F|84/100|[from]move: U-turn
|-ability|p2a: Corviknight|Pressure
|move|p1a: Laria|Mystical Fire|p2a: Corviknight
|-supereffective|p2a: Corviknight
|-damage|p2a: Corviknight|49/100
|-unboost|p2a: Corviknight|spa|1
|
|-weather|RainDance|[upkeep]
|upkeep
|turn|15
|
|t:|1666770241
|move|p2a: Corviknight|U-turn|p1a: Laria
|-damage|p1a: Laria|34/100
|
|t:|1666770242
|switch|p2a: Ferrothorn|Ferrothorn, F|100/100|[from]move: U-turn
|move|p1a: Laria|Calm Mind|p1a: Laria
|-boost|p1a: Laria|spa|1
|-boost|p1a: Laria|spd|1
|
|-weather|RainDance|[upkeep]
|upkeep
|turn|16
|
|t:|1666770253
|move|p1a: Laria|Mystical Fire|p2a: Ferrothorn
|-supereffective|p2a: Ferrothorn
|-damage|p2a: Ferrothorn|46/100
|-unboost|p2a: Ferrothorn|spa|1
|move|p2a: Ferrothorn|Knock Off|p1a: Laria
|-damage|p1a: Laria|21/100
|
|-weather|RainDance|[upkeep]
|-heal|p2a: Ferrothorn|52/100|[from] item: Leftovers
|upkeep
|turn|17
|
|t:|1666770258
|move|p1a: Laria|Mystical Fire|p2a: Ferrothorn
|-supereffective|p2a: Ferrothorn
|-damage|p2a: Ferrothorn|0 fnt
|faint|p2a: Ferrothorn
|
|-weather|RainDance|[upkeep]
|upkeep
|
|t:|1666770260
|switch|p2a: Inteleon|Inteleon, M|100/100
|turn|18
|j| cypherstest
|j| Faharst
|
|t:|1666770265
|move|p2a: Inteleon|Snipe Shot|p1a: Laria
|-damage|p1a: Laria|0 fnt
|faint|p1a: Laria
|
|-weather|RainDance|[upkeep]
|upkeep
|
|t:|1666770269
|switch|p1a: Spærm kanon|Dragapult, M|100/100
|turn|19
|
|t:|1666770273
|switch|p2a: Corviknight|Corviknight, F|49/100
|-ability|p2a: Corviknight|Pressure
|move|p1a: Spærm kanon|Shadow Ball|p2a: Corviknight
|-damage|p2a: Corviknight|0 fnt
|faint|p2a: Corviknight
|
|-weather|none
|upkeep
|
|t:|1666770280
|switch|p2a: Pelipper|Pelipper, F|77/100
|-weather|RainDance|[from] ability: Drizzle|[of] p2a: Pelipper
|turn|20
|
|t:|1666770283
|move|p1a: Spærm kanon|Shadow Ball|p2a: Pelipper
|-damage|p2a: Pelipper|0 fnt
|faint|p2a: Pelipper
|
|-weather|RainDance|[upkeep]
|upkeep
|
|t:|1666770289
|switch|p2a: Barraskewda|Barraskewda, M|9/100
|turn|21
|
|t:|1666770291
|switch|p1a: Ur mom|Toxapex, F|100/100
|move|p2a: Barraskewda|Liquidation|p1a: Ur mom
|-resisted|p1a: Ur mom
|-damage|p1a: Ur mom|68/100
|-damage|p2a: Barraskewda|0 fnt|[from] item: Rocky Helmet|[of] p1a: Ur mom
|faint|p2a: Barraskewda
|
|-weather|RainDance|[upkeep]
|upkeep
|
|t:|1666770292
|switch|p2a: Inteleon|Inteleon, M|100/100
|turn|22
|
|t:|1666770295
|switch|p1a: Big daddy|Tyranitar, F|100/100
|-weather|Sandstorm|[from] ability: Sand Stream|[of] p1a: Big daddy
|move|p2a: Inteleon|Focus Energy|p2a: Inteleon
|-start|p2a: Inteleon|move: Focus Energy
|
|-weather|Sandstorm|[upkeep]
|-damage|p2a: Inteleon|94/100|[from] Sandstorm
|upkeep
|turn|23
|
|t:|1666770299
|move|p2a: Inteleon|Snipe Shot|p1a: Big daddy
|-supereffective|p1a: Big daddy
|-crit|p1a: Big daddy
|-damage|p1a: Big daddy|0 fnt
|faint|p1a: Big daddy
|
|-weather|Sandstorm|[upkeep]
|-damage|p2a: Inteleon|88/100|[from] Sandstorm
|upkeep
|j| hacksareus10
|
|t:|1666770314
|switch|p1a: Spærm kanon|Dragapult, M|100/100
|turn|24
|
|t:|1666770316
|move|p1a: Spærm kanon|U-turn|p2a: Inteleon
|-damage|p2a: Inteleon|62/100
|
|t:|1666770319
|switch|p1a: Laddy|Landorus-Therian, M|100/100|[from]move: U-turn
|-ability|p1a: Laddy|Intimidate|boost
|-unboost|p2a: Inteleon|atk|1
|move|p2a: Inteleon|Snipe Shot|p1a: Laddy
|-supereffective|p1a: Laddy
|-crit|p1a: Laddy
|-damage|p1a: Laddy|0 fnt
|faint|p1a: Laddy
|
|-weather|Sandstorm|[upkeep]
|-damage|p2a: Inteleon|56/100|[from] Sandstorm
|upkeep
|
|t:|1666770322
|switch|p1a: Spærm kanon|Dragapult, M|100/100
|turn|25
|
|t:|1666770323
|move|p1a: Spærm kanon|Shadow Ball|p2a: Inteleon
|-damage|p2a: Inteleon|0 fnt
|faint|p2a: Inteleon
|
|-weather|Sandstorm|[upkeep]
|-damage|p1a: Spærm kanon|95/100|[from] Sandstorm
|upkeep
|
|t:|1666770325
|switch|p2a: Seismitoad|Seismitoad, M|68/100
|turn|26
|
|t:|1666770327
|move|p1a: Spærm kanon|Shadow Ball|p2a: Seismitoad
|-damage|p2a: Seismitoad|3/100
|move|p2a: Seismitoad|Weather Ball|p1a: Spærm kanon
|-damage|p1a: Spærm kanon|44/100
|-damage|p2a: Seismitoad|0 fnt|[from] item: Life Orb
|faint|p2a: Seismitoad
|
|win|Libski
|raw|Libski's rating: 1728 &rarr; <strong>1751</strong><br />(+23 for winning)
|raw|toon arctozolt's rating: 1788 &rarr; <strong>1765</strong><br />(-23 for losing)
|c|☆Libski|gg
|l|☆toon arctozolt
