|j|☆Laroxyl
|j|☆quixana
|t:|1667696051
|gametype|singles
|player|p1|Laroxyl|#scl1spartans|1758
|player|p2|quixana|ethan-pokeathlon|1807
|teamsize|p1|6
|teamsize|p2|6
|gen|8
|tier|[Gen 8] OU
|rated|
|rule|Sleep Clause Mod: Limit one foe put to sleep
|rule|Species Clause: Limit one of each Pokémon
|rule|OHKO Clause: OHKO moves are banned
|rule|Evasion Items Clause: Evasion items are banned
|rule|Evasion Moves Clause: Evasion moves are banned
|rule|Endless Battle Clause: Forcing endless battles is banned
|rule|HP Percentage Mod: HP is shown in percentages
|rule|Dynamax Clause: You cannot dynamax
|clearpoke
|poke|p1|Barraskewda, F|
|poke|p1|Ferrothorn, M|
|poke|p1|Zapdos|
|poke|p1|Kingdra, F|
|poke|p1|Pelipper, M|
|poke|p1|Seismitoad, M|
|poke|p2|Slowking-Galar, M|
|poke|p2|Tapu Koko|
|poke|p2|Hippowdon, M|
|poke|p2|Urshifu-*, F|
|poke|p2|Hydreigon, M|
|poke|p2|Corviknight, M|
|teampreview
|j| Pullaya
|j| dasfasfas
|
|t:|1667696068
|start
|switch|p1a: Pelipper|Pelipper, M, shiny|100/100
|switch|p2a: Hydreigon|Hydreigon, M|100/100
|-weather|RainDance|[from] ability: Drizzle|[of] p1a: Pelipper
|turn|1
|
|t:|1667696079
|move|p2a: Hydreigon|Dark Pulse|p1a: Pelipper
|-damage|p1a: Pelipper|46/100
|move|p1a: Pelipper|U-turn|p2a: Hydreigon
|-supereffective|p2a: Hydreigon
|-damage|p2a: Hydreigon|78/100
|
|t:|1667696093
|switch|p1a: Barraskewda|Barraskewda, F, shiny|100/100|[from]move: U-turn
|
|-weather|RainDance|[upkeep]
|upkeep
|turn|2
|inactive|Battle timer is ON: inactive players will automatically lose when time's up. (requested by Laroxyl)
|
|t:|1667696137
|switch|p2a: Corviknight|Corviknight, M|100/100
|-ability|p2a: Corviknight|Pressure
|move|p1a: Barraskewda|Liquidation|p2a: Corviknight
|-damage|p2a: Corviknight|33/100
|-unboost|p2a: Corviknight|def|1
|-damage|p1a: Barraskewda|84/100|[from] item: Rocky Helmet|[of] p2a: Corviknight
|
|-weather|RainDance|[upkeep]
|upkeep
|turn|3
|
|t:|1667696149
|move|p1a: Barraskewda|Liquidation|p2a: Corviknight
|-damage|p2a: Corviknight|0 fnt
|-damage|p1a: Barraskewda|67/100|[from] item: Rocky Helmet|[of] p2a: Corviknight
|faint|p2a: Corviknight
|
|-weather|RainDance|[upkeep]
|upkeep
|
|t:|1667696153
|switch|p2a: Urshifu|Urshifu-Rapid-Strike, F|100/100
|turn|4
|
|t:|1667696170
|move|p1a: Barraskewda|Liquidation|p2a: Urshifu
|-resisted|p2a: Urshifu
|-damage|p2a: Urshifu|48/100
|move|p2a: Urshifu|Close Combat|p1a: Barraskewda
|-damage|p1a: Barraskewda|0 fnt
|-unboost|p2a: Urshifu|def|1
|-unboost|p2a: Urshifu|spd|1
|faint|p1a: Barraskewda
|
|-weather|RainDance|[upkeep]
|upkeep
|
|t:|1667696179
|switch|p1a: Zapdos|Zapdos, shiny|100/100
|turn|5
|
|t:|1667696192
|switch|p2a: Hippowdon|Hippowdon, M|100/100
|-weather|Sandstorm|[from] ability: Sand Stream|[of] p2a: Hippowdon
|move|p1a: Zapdos|Hurricane|p2a: Hippowdon
|-damage|p2a: Hippowdon|58/100
|
|-weather|Sandstorm|[upkeep]
|-damage|p1a: Zapdos|94/100|[from] Sandstorm
|-heal|p2a: Hippowdon|65/100|[from] item: Leftovers
|upkeep
|turn|6
|
|t:|1667696215
|switch|p1a: Pelipper|Pelipper, M, shiny|46/100
|-weather|RainDance|[from] ability: Drizzle|[of] p1a: Pelipper
|switch|p2a: Tapu Koko|Tapu Koko|100/100
|-fieldstart|move: Electric Terrain|[from] ability: Electric Surge|[of] p2a: Tapu Koko
|
|-weather|RainDance|[upkeep]
|upkeep
|turn|7
|
|t:|1667696227
|switch|p2a: Hippowdon|Hippowdon, M|65/100
|-weather|Sandstorm|[from] ability: Sand Stream|[of] p2a: Hippowdon
|switch|p1a: Seismitoad|Seismitoad, M|100/100
|
|-weather|Sandstorm|[upkeep]
|-heal|p2a: Hippowdon|71/100|[from] item: Leftovers
|upkeep
|turn|8
|
|t:|1667696238
|switch|p2a: Slowking|Slowking-Galar, M|100/100
|move|p1a: Seismitoad|Power Whip|p2a: Slowking|[miss]
|-miss|p1a: Seismitoad|p2a: Slowking
|
|-weather|Sandstorm|[upkeep]
|-damage|p2a: Slowking|94/100|[from] Sandstorm
|upkeep
|turn|9
|
|t:|1667696256
|move|p1a: Seismitoad|Earth Power|p2a: Slowking
|-supereffective|p2a: Slowking
|-damage|p2a: Slowking|48/100
|-damage|p1a: Seismitoad|91/100|[from] item: Life Orb
|move|p2a: Slowking|Future Sight|p1a: Seismitoad
|-start|p2a: Slowking|move: Future Sight
|
|-weather|Sandstorm|[upkeep]
|-damage|p2a: Slowking|42/100|[from] Sandstorm
|upkeep
|turn|10
|inactive|quixana has 120 seconds left.
|
|t:|1667696279
|switch|p2a: Hydreigon|Hydreigon, M|78/100
|move|p1a: Seismitoad|Weather Ball|p2a: Hydreigon
|-damage|p2a: Hydreigon|41/100
|-damage|p1a: Seismitoad|81/100|[from] item: Life Orb
|
|-weather|Sandstorm|[upkeep]
|-damage|p2a: Hydreigon|35/100|[from] Sandstorm
|-fieldend|move: Electric Terrain
|upkeep
|turn|11
|inactive|quixana has 120 seconds left.
|
|t:|1667696291
|switch|p1a: Ferrothorn|Ferrothorn, M, shiny|100/100
|move|p2a: Hydreigon|Draco Meteor|p1a: Ferrothorn|[miss]
|-miss|p2a: Hydreigon|p1a: Ferrothorn
|
|-weather|none
|-end|p1a: Ferrothorn|move: Future Sight
|-resisted|p1a: Ferrothorn
|-damage|p1a: Ferrothorn|82/100
|upkeep
|turn|12
|
|t:|1667696299
|switch|p2a: Urshifu|Urshifu-Rapid-Strike, F|48/100
|move|p1a: Ferrothorn|Spikes|p2a: Urshifu
|-sidestart|p2: quixana|Spikes
|
|upkeep
|turn|13
|
|t:|1667696309
|switch|p1a: Zapdos|Zapdos, shiny|94/100
|move|p2a: Urshifu|Close Combat|p1a: Zapdos
|-resisted|p1a: Zapdos
|-damage|p1a: Zapdos|40/100
|-unboost|p2a: Urshifu|def|1
|-unboost|p2a: Urshifu|spd|1
|
|upkeep
|turn|14
|
|t:|1667696319
|switch|p1a: Pelipper|Pelipper, M, shiny|46/100
|-weather|RainDance|[from] ability: Drizzle|[of] p1a: Pelipper
|switch|p2a: Tapu Koko|Tapu Koko|100/100
|-fieldstart|move: Electric Terrain|[from] ability: Electric Surge|[of] p2a: Tapu Koko
|
|-weather|RainDance|[upkeep]
|upkeep
|turn|15
|inactive|quixana has 120 seconds left.
|
|t:|1667696361
|switch|p2a: Hippowdon|Hippowdon, M|71/100
|-damage|p2a: Hippowdon|58/100|[from] Spikes
|-weather|Sandstorm|[from] ability: Sand Stream|[of] p2a: Hippowdon
|switch|p1a: Seismitoad|Seismitoad, M|81/100
|
|-weather|Sandstorm|[upkeep]
|-heal|p2a: Hippowdon|65/100|[from] item: Leftovers
|upkeep
|turn|16
|
|t:|1667696374
|switch|p2a: Slowking|Slowking-Galar, M|75/100
|-damage|p2a: Slowking|63/100|[from] Spikes
|move|p1a: Seismitoad|Power Whip|p2a: Slowking
|-resisted|p2a: Slowking
|-damage|p2a: Slowking|49/100
|-damage|p1a: Seismitoad|71/100|[from] item: Life Orb
|
|-weather|Sandstorm|[upkeep]
|-damage|p2a: Slowking|42/100|[from] Sandstorm
|upkeep
|turn|17
|
|t:|1667696386
|move|p1a: Seismitoad|Stealth Rock|p2a: Slowking
|-sidestart|p2: quixana|move: Stealth Rock
|move|p2a: Slowking|Sludge Bomb|p1a: Seismitoad
|-resisted|p1a: Seismitoad
|-damage|p1a: Seismitoad|46/100
|
|-weather|Sandstorm|[upkeep]
|-damage|p2a: Slowking|36/100|[from] Sandstorm
|upkeep
|turn|18
|
|t:|1667696398
|move|p1a: Seismitoad|Weather Ball|p2a: Slowking
|-crit|p2a: Slowking
|-damage|p2a: Slowking|10/100
|-damage|p1a: Seismitoad|36/100|[from] item: Life Orb
|move|p2a: Slowking|Sludge Bomb|p1a: Seismitoad
|-resisted|p1a: Seismitoad
|-damage|p1a: Seismitoad|15/100
|
|-weather|Sandstorm|[upkeep]
|-damage|p2a: Slowking|4/100|[from] Sandstorm
|-fieldend|move: Electric Terrain
|upkeep
|turn|19
|
|t:|1667696416
|move|p1a: Seismitoad|Weather Ball|p2a: Slowking
|-damage|p2a: Slowking|0 fnt
|faint|p2a: Slowking
|-damage|p1a: Seismitoad|5/100|[from] item: Life Orb
|
|-weather|none
|upkeep
|inactive|quixana has 90 seconds left.
|
|t:|1667696458
|switch|p2a: Urshifu|Urshifu-Rapid-Strike, F|48/100
|-damage|p2a: Urshifu|36/100|[from] Spikes
|-damage|p2a: Urshifu|30/100|[from] Stealth Rock
|turn|20
|j| jasonwowhero
|j| 0SiegeWarfare
|
|t:|1667696483
|switch|p1a: Pelipper|Pelipper, M, shiny|46/100
|-weather|RainDance|[from] ability: Drizzle|[of] p1a: Pelipper
|move|p2a: Urshifu|Close Combat|p1a: Pelipper
|-resisted|p1a: Pelipper
|-damage|p1a: Pelipper|0 fnt
|-unboost|p2a: Urshifu|def|1
|-unboost|p2a: Urshifu|spd|1
|faint|p1a: Pelipper
|
|-weather|RainDance|[upkeep]
|upkeep
|j| sludge sippa
|inactive|Laroxyl has 120 seconds left.
|
|t:|1667696516
|switch|p1a: Kingdra|Kingdra, F, shiny|100/100
|turn|21
|
|t:|1667696524
|switch|p2a: Hippowdon|Hippowdon, M|65/100
|-damage|p2a: Hippowdon|52/100|[from] Spikes
|-damage|p2a: Hippowdon|46/100|[from] Stealth Rock
|-weather|Sandstorm|[from] ability: Sand Stream|[of] p2a: Hippowdon
|move|p1a: Kingdra|Surf|p2a: Hippowdon
|-supereffective|p2a: Hippowdon
|-damage|p2a: Hippowdon|0 fnt
|faint|p2a: Hippowdon
|-damage|p1a: Kingdra|91/100|[from] item: Life Orb
|
|-weather|Sandstorm|[upkeep]
|-damage|p1a: Kingdra|85/100|[from] Sandstorm
|upkeep
|inactive|quixana has 60 seconds left.
|c| 0SiegeWarfare|Ggfs sand
|c| 0SiegeWarfare|ggs*
|
|t:|1667696579
|switch|p2a: Urshifu|Urshifu-Rapid-Strike, F|30/100
|-damage|p2a: Urshifu|18/100|[from] Spikes
|-damage|p2a: Urshifu|11/100|[from] Stealth Rock
|turn|22
|inactive|Laroxyl has 120 seconds left.
|
|t:|1667696585
|switch|p1a: Seismitoad|Seismitoad, M|5/100
|move|p2a: Urshifu|Close Combat|p1a: Seismitoad
|-damage|p1a: Seismitoad|0 fnt
|-unboost|p2a: Urshifu|def|1
|-unboost|p2a: Urshifu|spd|1
|faint|p1a: Seismitoad
|
|-weather|Sandstorm|[upkeep]
|-damage|p2a: Urshifu|5/100|[from] Sandstorm
|upkeep
|inactive|Laroxyl has 120 seconds left.
|
|t:|1667696591
|switch|p1a: Zapdos|Zapdos, shiny|40/100
|turn|23
|
|t:|1667696598
|move|p1a: Zapdos|Weather Ball|p2a: Urshifu
|-resisted|p2a: Urshifu
|-damage|p2a: Urshifu|0 fnt
|faint|p2a: Urshifu
|
|-weather|Sandstorm|[upkeep]
|-damage|p1a: Zapdos|33/100|[from] Sandstorm
|upkeep
|
|t:|1667696604
|switch|p2a: Tapu Koko|Tapu Koko|100/100
|-fieldstart|move: Electric Terrain|[from] ability: Electric Surge|[of] p2a: Tapu Koko
|turn|24
|inactive|quixana has 60 seconds left.
|inactive|Laroxyl has 120 seconds left.
|
|t:|1667696626
|switch|p1a: Ferrothorn|Ferrothorn, M, shiny|82/100
|move|p2a: Tapu Koko|Volt Switch|p1a: Ferrothorn
|-resisted|p1a: Ferrothorn
|-damage|p1a: Ferrothorn|67/100
|-enditem|p1a: Ferrothorn|Eject Button
|inactive|Laroxyl has 120 seconds left.
|
|t:|1667696637
|switch|p1a: Kingdra|Kingdra, F, shiny|85/100
|
|-weather|Sandstorm|[upkeep]
|-damage|p2a: Tapu Koko|94/100|[from] Sandstorm
|-damage|p1a: Kingdra|78/100|[from] Sandstorm
|upkeep
|turn|25
|
|t:|1667696646
|move|p2a: Tapu Koko|Dazzling Gleam|p1a: Kingdra
|-supereffective|p1a: Kingdra
|-damage|p1a: Kingdra|0 fnt
|faint|p1a: Kingdra
|
|-weather|none
|upkeep
|
|t:|1667696649
|switch|p1a: Ferrothorn|Ferrothorn, M, shiny|67/100
|turn|26
|inactive|quixana has 60 seconds left.
|
|t:|1667696679
|move|p2a: Tapu Koko|Dazzling Gleam|p1a: Ferrothorn
|-resisted|p1a: Ferrothorn
|-damage|p1a: Ferrothorn|54/100
|move|p1a: Ferrothorn|Gyro Ball|p2a: Tapu Koko
|-damage|p2a: Tapu Koko|28/100
|
|upkeep
|turn|27
|inactive|quixana has 60 seconds left.
|j| dpalacinr01
|
|t:|1667696701
|move|p2a: Tapu Koko|Roost|p2a: Tapu Koko
|-heal|p2a: Tapu Koko|78/100
|-singleturn|p2a: Tapu Koko|move: Roost
|move|p1a: Ferrothorn|Gyro Ball|p2a: Tapu Koko
|-damage|p2a: Tapu Koko|8/100
|
|upkeep
|turn|28
|
|t:|1667696706
|move|p2a: Tapu Koko|Roost|p2a: Tapu Koko
|-heal|p2a: Tapu Koko|58/100
|-singleturn|p2a: Tapu Koko|move: Roost
|move|p1a: Ferrothorn|Gyro Ball|p2a: Tapu Koko
|-damage|p2a: Tapu Koko|0 fnt
|faint|p2a: Tapu Koko
|
|-fieldend|move: Electric Terrain
|upkeep
|
|t:|1667696709
|switch|p2a: Hydreigon|Hydreigon, M|35/100
|-damage|p2a: Hydreigon|23/100|[from] Stealth Rock
|turn|29
|
|t:|1667696712
|move|p2a: Hydreigon|Flamethrower|p1a: Ferrothorn
|-supereffective|p1a: Ferrothorn
|-damage|p1a: Ferrothorn|0 fnt
|faint|p1a: Ferrothorn
|
|upkeep
|
|t:|1667696716
|switch|p1a: Zapdos|Zapdos, shiny|33/100
|turn|30
|
|t:|1667696724
|move|p1a: Zapdos|Roost|p1a: Zapdos
|-heal|p1a: Zapdos|83/100
|-singleturn|p1a: Zapdos|move: Roost
|move|p2a: Hydreigon|Flamethrower|p1a: Zapdos
|-damage|p1a: Zapdos|29/100
|
|upkeep
|turn|31
|inactive|Laroxyl has 120 seconds left.
|
|t:|1667696766
|move|p1a: Zapdos|Hurricane|p2a: Hydreigon|[miss]
|-miss|p1a: Zapdos|p2a: Hydreigon
|move|p2a: Hydreigon|Flamethrower|p1a: Zapdos
|-damage|p1a: Zapdos|0 fnt
|faint|p1a: Zapdos
|
|win|quixana
|raw|Laroxyl's rating: 1758 &rarr; <strong>1741</strong><br />(-17 for losing)
|raw|quixana's rating: 1807 &rarr; <strong>1824</strong><br />(+17 for winning)
|j| Chiefsss
|c|☆quixana|mb
|c| sludge sippa|fk
|c| jasonwowhero|noice
|c| sludge sippa|wp both
|c| 0SiegeWarfare|bruh
|c| jasonwowhero|i whispered in his ear
|l| sludge sippa
|c|☆Laroxyl|Nah I played bad
|c|☆Laroxyl|gg
|c|☆quixana|ye, but i played worse
|c|☆quixana|gg
|l| Chiefsss
|l|☆Laroxyl
|l| jasonwowhero
||Ladder isn't responding, score probably updated but might not have (Request timeout).
