|j|☆kazt 5
|j|☆PaajiParty
|inactive|Battle timer is ON: inactive players will automatically lose when time's up.
|t:|1629871321
|gametype|singles
|player|p1|kazt 5|acetrainersnowf|
|player|p2|PaajiParty|pokemonranger-gen4|
|teamsize|p1|6
|teamsize|p2|6
|gen|8
|tier|[Gen 8] OU
|rated|Tournament battle
|rule|Sleep Clause Mod: Limit one foe put to sleep
|rule|Species Clause: Limit one of each Pokémon
|rule|OHKO Clause: OHKO moves are banned
|rule|Evasion Moves Clause: Evasion moves are banned
|rule|Endless Battle Clause: Forcing endless battles is banned
|rule|HP Percentage Mod: HP is shown in percentages
|rule|Dynamax Clause: You cannot dynamax
|clearpoke
|poke|p1|Tapu Lele|
|poke|p1|Tyranitar, F|
|poke|p1|Ferrothorn, F|
|poke|p1|Tapu Fini|
|poke|p1|Excadrill, M|
|poke|p1|Zapdos|
|poke|p2|Urshifu-*, F|
|poke|p2|Tapu Lele|
|poke|p2|Nidoking, M|
|poke|p2|Corviknight, M|
|poke|p2|Blissey, F|
|poke|p2|Dragonite, M|
|teampreview
|inactive|PaajiParty also wants the timer to be on.
|j| TheBestBugCatcher
|c|☆kazt 5|hf
|j| SadmanV2
|c|☆PaajiParty|glhf
|j| Casino Boi
|c| TheBestBugCatcher|lets go paaji
|
|t:|1629871340
|start
|switch|p1a: Tapu Fini|Tapu Fini|100/100
|switch|p2a: Urshifu|Urshifu-Rapid-Strike, F|100/100
|-fieldstart|move: Misty Terrain|[from] ability: Misty Surge|[of] p1a: Tapu Fini
|turn|1
|j| randomletterslol
|
|t:|1629871347
|switch|p2a: Nidoking|Nidoking, M|100/100
|move|p1a: Tapu Fini|Moonblast|p2a: Nidoking
|-resisted|p2a: Nidoking
|-damage|p2a: Nidoking|72/100
|
|upkeep
|turn|2
|j| ursaltyyyyy
|
|t:|1629871355
|switch|p1a: Ferrothorn|Ferrothorn, F|100/100
|move|p2a: Nidoking|Stealth Rock|p1a: Ferrothorn
|-sidestart|p1: kazt 5|move: Stealth Rock
|
|upkeep
|turn|3
|
|t:|1629871360
|switch|p1a: Tapu Fini|Tapu Fini|100/100
|-damage|p1a: Tapu Fini|88/100|[from] Stealth Rock
|move|p2a: Nidoking|Earth Power|p1a: Tapu Fini
|-damage|p1a: Tapu Fini|33/100
|
|upkeep
|turn|4
|j| 01092001E
|c| randomletterslol|streets say kazt got it in the bag
|
|t:|1629871365
|switch|p2a: Blissey|Blissey, F|100/100
|move|p1a: Tapu Fini|Trick|p2a: Blissey
|-activate|p1a: Tapu Fini|move: Trick|[of] p2a: Blissey
|-item|p2a: Blissey|Choice Scarf|[from] move: Trick
|-item|p1a: Tapu Fini|Heavy-Duty Boots|[from] move: Trick
|
|upkeep
|turn|5
|
|t:|1629871371
|move|p1a: Tapu Fini|Defog|p2a: Blissey
|-unboost|p2a: Blissey|evasion|1
|-sideend|p1: kazt 5|Stealth Rock|[from] move: Defog|[of] p1a: Tapu Fini
|-fieldend|Misty Terrain
|move|p2a: Blissey|Teleport|p2a: Blissey
|c| TheBestBugCatcher|ooo
|
|t:|1629871373
|switch|p2a: Nidoking|Nidoking, M|72/100|[from]move: Teleport
|
|upkeep
|turn|6
|c|☆kazt 5|street lied to you
|c| randomletterslol|hahahaha
|
|t:|1629871380
|move|p2a: Nidoking|Earth Power|p1a: Tapu Fini
|-damage|p1a: Tapu Fini|0 fnt
|faint|p1a: Tapu Fini
|
|upkeep
|c| TheBestBugCatcher|paaji has rng
|
|t:|1629871386
|switch|p1a: Tapu Lele|Tapu Lele|100/100
|-fieldstart|move: Psychic Terrain|[from] ability: Psychic Surge|[of] p1a: Tapu Lele
|turn|7
|c| TheBestBugCatcher|thats the thing
|
|t:|1629871389
|switch|p2a: Blissey|Blissey, F|100/100
|move|p1a: Tapu Lele|Psyshock|p2a: Blissey
|-damage|p2a: Blissey|29/100
|
|upkeep
|turn|8
|
|t:|1629871395
|move|p1a: Tapu Lele|Psyshock|p2a: Blissey
|-damage|p2a: Blissey|0 fnt
|faint|p2a: Blissey
|
|upkeep
|
|t:|1629871398
|switch|p2a: Corviknight|Corviknight, M|100/100
|-ability|p2a: Corviknight|Pressure
|turn|9
|
|t:|1629871403
|switch|p1a: Ferrothorn|Ferrothorn, F|100/100
|move|p2a: Corviknight|U-turn|p1a: Ferrothorn
|-damage|p1a: Ferrothorn|90/100
|-damage|p2a: Corviknight|88/100|[from] ability: Iron Barbs|[of] p1a: Ferrothorn
|
|t:|1629871405
|switch|p2a: Urshifu|Urshifu-Rapid-Strike, F|100/100|[from]move: U-turn
|
|-heal|p1a: Ferrothorn|96/100|[from] item: Leftovers
|upkeep
|turn|10
|c| SadmanV2|Ooooff
|j| Normalacy
|
|t:|1629871410
|switch|p2a: Nidoking|Nidoking, M|72/100
|switch|p1a: Zapdos|Zapdos|100/100
|
|upkeep
|turn|11
|c| SadmanV2|that physical psyshock
|
|t:|1629871418
|switch|p1a: Ferrothorn|Ferrothorn, F|96/100
|move|p2a: Nidoking|Ice Beam|p1a: Ferrothorn
|-damage|p1a: Ferrothorn|72/100
|
|-heal|p1a: Ferrothorn|78/100|[from] item: Leftovers
|-fieldend|move: Psychic Terrain
|upkeep
|turn|12
|
|t:|1629871423
|switch|p2a: Urshifu|Urshifu-Rapid-Strike, F|100/100
|move|p1a: Ferrothorn|Gyro Ball|p2a: Urshifu
|-resisted|p2a: Urshifu
|-damage|p2a: Urshifu|75/100
|
|-heal|p1a: Ferrothorn|84/100|[from] item: Leftovers
|upkeep
|turn|13
|
|t:|1629871428
|switch|p1a: Zapdos|Zapdos|100/100
|move|p2a: Urshifu|Close Combat|p1a: Zapdos
|-resisted|p1a: Zapdos
|-damage|p1a: Zapdos|69/100
|-unboost|p2a: Urshifu|def|1
|-unboost|p2a: Urshifu|spd|1
|
|upkeep
|turn|14
|j| Desmog
|
|t:|1629871433
|move|p2a: Urshifu|Close Combat|p1a: Zapdos
|-resisted|p1a: Zapdos
|-damage|p1a: Zapdos|32/100
|-unboost|p2a: Urshifu|def|1
|-unboost|p2a: Urshifu|spd|1
|move|p1a: Zapdos|Roost|p1a: Zapdos
|-heal|p1a: Zapdos|82/100
|-singleturn|p1a: Zapdos|move: Roost
|
|upkeep
|turn|15
|c| TheBestBugCatcher|gyro ball does almost nothing
|c| TheBestBugCatcher|neither does combat
|
|t:|1629871440
|switch|p2a: Nidoking|Nidoking, M|72/100
|move|p1a: Zapdos|Heat Wave|p2a: Nidoking
|-damage|p2a: Nidoking|37/100
|
|upkeep
|turn|16
|
|t:|1629871446
|switch|p1a: Ferrothorn|Ferrothorn, F|84/100
|move|p2a: Nidoking|Ice Beam|p1a: Ferrothorn
|-damage|p1a: Ferrothorn|57/100
|
|-heal|p1a: Ferrothorn|63/100|[from] item: Leftovers
|upkeep
|turn|17
|
|t:|1629871452
|switch|p2a: Urshifu|Urshifu-Rapid-Strike, F|75/100
|move|p1a: Ferrothorn|Leech Seed|p2a: Urshifu
|-start|p2a: Urshifu|move: Leech Seed
|
|-heal|p1a: Ferrothorn|69/100|[from] item: Leftovers
|-damage|p2a: Urshifu|63/100|[from] Leech Seed|[of] p1a: Ferrothorn
|-heal|p1a: Ferrothorn|81/100|[silent]
|upkeep
|turn|18
|
|t:|1629871457
|switch|p1a: Zapdos|Zapdos|82/100
|move|p2a: Urshifu|Surging Strikes|p1a: Zapdos
|-crit|p1a: Zapdos
|-damage|p1a: Zapdos|60/100
|-status|p2a: Urshifu|par|[from] ability: Static|[of] p1a: Zapdos
|-crit|p1a: Zapdos
|-damage|p1a: Zapdos|40/100
|-crit|p1a: Zapdos
|-damage|p1a: Zapdos|17/100
|-hitcount|p1a: Zapdos|3
|
|-damage|p2a: Urshifu|50/100 par|[from] Leech Seed|[of] p1a: Zapdos
|-heal|p1a: Zapdos|28/100|[silent]
|upkeep
|turn|19
|c| TheBestBugCatcher|man
|c|☆kazt 5|that has to be pads
|c| TheBestBugCatcher|paaji ice moves are scary af
|
|t:|1629871469
|switch|p1a: Tapu Lele|Tapu Lele|100/100
|-fieldstart|move: Psychic Terrain|[from] ability: Psychic Surge|[of] p1a: Tapu Lele
|move|p2a: Urshifu|Surging Strikes|p1a: Tapu Lele
|-crit|p1a: Tapu Lele
|-damage|p1a: Tapu Lele|59/100
|-crit|p1a: Tapu Lele
|-damage|p1a: Tapu Lele|12/100
|-crit|p1a: Tapu Lele
|-damage|p1a: Tapu Lele|0 fnt
|faint|p1a: Tapu Lele
|-hitcount|p1: Tapu Lele|3
|
|upkeep
|c|☆kazt 5|im terrible
|
|t:|1629871478
|switch|p1a: Zapdos|Zapdos|28/100
|turn|20
|l| randomletterslol
|l| TheBestBugCatcher
|
|t:|1629871490
|move|p1a: Zapdos|Roost|p1a: Zapdos
|-heal|p1a: Zapdos|79/100
|-singleturn|p1a: Zapdos|move: Roost
|move|p2a: Urshifu|Surging Strikes|p1a: Zapdos
|-crit|p1a: Zapdos
|-damage|p1a: Zapdos|57/100
|-crit|p1a: Zapdos
|-damage|p1a: Zapdos|37/100
|-crit|p1a: Zapdos
|-damage|p1a: Zapdos|17/100
|-hitcount|p1a: Zapdos|3
|
|-damage|p2a: Urshifu|38/100 par|[from] Leech Seed|[of] p1a: Zapdos
|-heal|p1a: Zapdos|28/100|[silent]
|upkeep
|turn|21
|j| TachFenix
|
|t:|1629871500
|move|p1a: Zapdos|Roost|p1a: Zapdos
|-heal|p1a: Zapdos|78/100
|-singleturn|p1a: Zapdos|move: Roost
|cant|p2a: Urshifu|par
|
|-damage|p2a: Urshifu|26/100 par|[from] Leech Seed|[of] p1a: Zapdos
|-heal|p1a: Zapdos|89/100|[silent]
|upkeep
|turn|22
|c| ursaltyyyyy|:(
|
|t:|1629871505
|move|p1a: Zapdos|Discharge|p2a: Urshifu
|-supereffective|p2a: Urshifu
|-damage|p2a: Urshifu|0 fnt
|faint|p2a: Urshifu
|
|upkeep
|
|t:|1629871508
|switch|p2a: Nidoking|Nidoking, M|37/100
|turn|23
|
|t:|1629871512
|switch|p1a: Ferrothorn|Ferrothorn, F|81/100
|move|p2a: Nidoking|Ice Beam|p1a: Ferrothorn
|-crit|p1a: Ferrothorn
|-damage|p1a: Ferrothorn|46/100
|
|-heal|p1a: Ferrothorn|52/100|[from] item: Leftovers
|-fieldend|move: Psychic Terrain
|upkeep
|turn|24
|
|t:|1629871516
|move|p2a: Nidoking|Earth Power|p1a: Ferrothorn
|-damage|p1a: Ferrothorn|13/100
|move|p1a: Ferrothorn|Leech Seed|p2a: Nidoking
|-start|p2a: Nidoking|move: Leech Seed
|
|-heal|p1a: Ferrothorn|19/100|[from] item: Leftovers
|-damage|p2a: Nidoking|25/100|[from] Leech Seed|[of] p1a: Ferrothorn
|-heal|p1a: Ferrothorn|29/100|[silent]
|upkeep
|turn|25
|
|t:|1629871521
|move|p2a: Nidoking|Ice Beam|p1a: Ferrothorn
|-damage|p1a: Ferrothorn|3/100
|move|p1a: Ferrothorn|Knock Off|p2a: Nidoking
|-damage|p2a: Nidoking|0 fnt
|-enditem|p2a: Nidoking|Life Orb|[from] move: Knock Off|[of] p1a: Ferrothorn
|faint|p2a: Nidoking
|
|-heal|p1a: Ferrothorn|10/100|[from] item: Leftovers
|upkeep
|
|t:|1629871524
|switch|p2a: Dragonite|Dragonite, M|100/100
|turn|26
|
|t:|1629871530
|move|p2a: Dragonite|Dragon Dance|p2a: Dragonite
|-boost|p2a: Dragonite|atk|1
|-boost|p2a: Dragonite|spe|1
|move|p1a: Ferrothorn|Leech Seed|p2a: Dragonite
|-start|p2a: Dragonite|move: Leech Seed
|
|-heal|p1a: Ferrothorn|16/100|[from] item: Leftovers
|-damage|p2a: Dragonite|88/100|[from] Leech Seed|[of] p1a: Ferrothorn
|-heal|p1a: Ferrothorn|27/100|[silent]
|upkeep
|turn|27
|
|t:|1629871532
|switch|p1a: Zapdos|Zapdos|89/100
|move|p2a: Dragonite|Earthquake|p1a: Zapdos
|-immune|p1a: Zapdos
|
|-damage|p2a: Dragonite|76/100|[from] Leech Seed|[of] p1a: Zapdos
|-heal|p1a: Zapdos|99/100|[silent]
|upkeep
|turn|28
|
|t:|1629871534
|move|p2a: Dragonite|Dragon Dance|p2a: Dragonite
|-boost|p2a: Dragonite|atk|1
|-boost|p2a: Dragonite|spe|1
|move|p1a: Zapdos|Toxic|p2a: Dragonite|[miss]
|-miss|p1a: Zapdos|p2a: Dragonite
|
|-damage|p2a: Dragonite|63/100|[from] Leech Seed|[of] p1a: Zapdos
|-heal|p1a: Zapdos|100/100|[silent]
|upkeep
|turn|29
|
|t:|1629871539
|move|p2a: Dragonite|Ice Punch|p1a: Zapdos
|-supereffective|p1a: Zapdos
|-damage|p1a: Zapdos|17/100
|move|p1a: Zapdos|Toxic|p2a: Dragonite
|-status|p2a: Dragonite|tox
|
|-damage|p2a: Dragonite|51/100 tox|[from] Leech Seed|[of] p1a: Zapdos
|-heal|p1a: Zapdos|28/100|[silent]
|-damage|p2a: Dragonite|45/100 tox|[from] psn
|upkeep
|turn|30
|
|t:|1629871545
|switch|p1a: Ferrothorn|Ferrothorn, F|27/100
|move|p2a: Dragonite|Ice Punch|p1a: Ferrothorn
|-damage|p1a: Ferrothorn|0 fnt
|-damage|p2a: Dragonite|32/100 tox|[from] ability: Iron Barbs|[of] p1a: Ferrothorn
|faint|p1a: Ferrothorn
|
|-damage|p2a: Dragonite|20/100 tox|[from] psn
|upkeep
|
|t:|1629871548
|switch|p1a: Tyranitar|Tyranitar, F|100/100
|-weather|Sandstorm|[from] ability: Sand Stream|[of] p1a: Tyranitar
|turn|31
|
|t:|1629871571
|move|p2a: Dragonite|Roost|p2a: Dragonite
|-heal|p2a: Dragonite|70/100 tox
|-singleturn|p2a: Dragonite|move: Roost
|move|p1a: Tyranitar|Crunch|p2a: Dragonite
|-damage|p2a: Dragonite|0 fnt
|faint|p2a: Dragonite
|
|-weather|Sandstorm|[upkeep]
|upkeep
|
|t:|1629871580
|switch|p2a: Tapu Lele|Tapu Lele|100/100
|-fieldstart|move: Psychic Terrain|[from] ability: Psychic Surge|[of] p2a: Tapu Lele
|turn|32
|
|t:|1629871586
|switch|p1a: Excadrill|Excadrill, M|100/100
|move|p2a: Tapu Lele|Iron Defense|p2a: Tapu Lele
|-boost|p2a: Tapu Lele|def|2
|
|-weather|Sandstorm|[upkeep]
|-damage|p2a: Tapu Lele|94/100|[from] Sandstorm
|-heal|p2a: Tapu Lele|100/100|[from] item: Leftovers
|upkeep
|turn|33
|
|t:|1629871593
|move|p1a: Excadrill|Iron Head|p2a: Tapu Lele
|-supereffective|p2a: Tapu Lele
|-damage|p2a: Tapu Lele|50/100
|move|p2a: Tapu Lele|Iron Defense|p2a: Tapu Lele
|-boost|p2a: Tapu Lele|def|2
|
|-weather|Sandstorm|[upkeep]
|-damage|p2a: Tapu Lele|44/100|[from] Sandstorm
|-heal|p2a: Tapu Lele|50/100|[from] item: Leftovers
|upkeep
|turn|34
|
|t:|1629871597
|move|p1a: Excadrill|Iron Head|p2a: Tapu Lele
|-supereffective|p2a: Tapu Lele
|-damage|p2a: Tapu Lele|19/100
|cant|p2a: Tapu Lele|flinch
|
|-weather|Sandstorm|[upkeep]
|-damage|p2a: Tapu Lele|12/100|[from] Sandstorm
|-heal|p2a: Tapu Lele|19/100|[from] item: Leftovers
|upkeep
|turn|35
|
|t:|1629871602
|switch|p2a: Corviknight|Corviknight, M|88/100
|-ability|p2a: Corviknight|Pressure
|move|p1a: Excadrill|Iron Head|p2a: Corviknight
|-resisted|p2a: Corviknight
|-damage|p2a: Corviknight|76/100
|-damage|p1a: Excadrill|84/100|[from] item: Rocky Helmet|[of] p2a: Corviknight
|
|-weather|none
|-heal|p1a: Excadrill|90/100|[from] item: Leftovers
|upkeep
|turn|36
|c|☆PaajiParty|thats gg
|
|t:|1629871610
|switch|p1a: Zapdos|Zapdos|28/100
|move|p2a: Corviknight|Body Press|p1a: Zapdos
|-resisted|p1a: Zapdos
|-crit|p1a: Zapdos
|-damage|p1a: Zapdos|13/100
|
|-fieldend|move: Psychic Terrain
|upkeep
|turn|37
|c|☆kazt 5|im intrigued
|c|☆kazt 5|what is that
|
|t:|1629871616
|move|p1a: Zapdos|Roost|p1a: Zapdos
|-heal|p1a: Zapdos|63/100
|-singleturn|p1a: Zapdos|move: Roost
|move|p2a: Corviknight|Body Press|p1a: Zapdos
|-damage|p1a: Zapdos|45/100
|-status|p2a: Corviknight|par|[from] ability: Static|[of] p1a: Zapdos
|
|upkeep
|turn|38
|j| voulez veux
|j| Aftxn
|c|☆PaajiParty|it was my ace
|c|☆PaajiParty|stored power kiss iron def cm
|c|☆PaajiParty|not today tho
|c|☆PaajiParty|gg man
|c|☆kazt 5|that's crazy
|inactive|PaajiParty has 120 seconds left.
|-message|PaajiParty forfeited.
|
|win|kazt 5
|n|☆kazt 5|kazt5
|n|☆PaajiParty|paajiparty
|n| SadmanV2|sadmanv2
|n| Casino Boi|casinoboi
|n| ursaltyyyyy|ursaltyyyyy
|n| 01092001E|01092001e
|n| Normalacy|normalacy
|n| Desmog|desmog
|n| TachFenix|tachfenix
|n| voulez veux|voulezveux
|n| Aftxn|aftxn
