|j|☆Yung Goober
|j|☆shiawasenostory
|t:|1663544414
|gametype|singles
|player|p1|Yung Goober|hilbert-wonderlauncher|1602
|player|p2|shiawasenostory|265|1696
|teamsize|p1|6
|teamsize|p2|6
|gen|8
|tier|[Gen 8] OU
|rated|
|rule|Sleep Clause Mod: Limit one foe put to sleep
|rule|Species Clause: Limit one of each Pokémon
|rule|OHKO Clause: OHKO moves are banned
|rule|Evasion Items Clause: Evasion items are banned
|rule|Evasion Moves Clause: Evasion moves are banned
|rule|Endless Battle Clause: Forcing endless battles is banned
|rule|HP Percentage Mod: HP is shown in percentages
|rule|Dynamax Clause: You cannot dynamax
|clearpoke
|poke|p1|Porygon2|
|poke|p1|Urshifu-*, M|
|poke|p1|Corviknight, F|
|poke|p1|Landorus-Therian, M|
|poke|p1|Zeraora|
|poke|p1|Volcanion|
|poke|p2|Rillaboom, F|
|poke|p2|Tornadus-Therian, M|
|poke|p2|Blaziken, M|
|poke|p2|Melmetal|
|poke|p2|Garchomp, M|
|poke|p2|Slowbro, F|
|teampreview
|inactive|Battle timer is ON: inactive players will automatically lose when time's up. (requested by Yung Goober)
|
|t:|1663544424
|start
|switch|p1a: Landorus|Landorus-Therian, M|100/100
|switch|p2a: Blaziken|Blaziken, M|100/100
|-ability|p1a: Landorus|Intimidate|boost
|-unboost|p2a: Blaziken|atk|1
|turn|1
|j| Traffalgar D Law
|
|t:|1663544439
|switch|p2a: Rillaboom|Rillaboom, F|100/100
|-fieldstart|move: Grassy Terrain|[from] ability: Grassy Surge|[of] p2a: Rillaboom
|move|p1a: Landorus|Stealth Rock|p2a: Rillaboom
|-sidestart|p2: shiawasenostory|move: Stealth Rock
|
|upkeep
|turn|2
|
|t:|1663544444
|switch|p1a: Corviknight|Corviknight, F, shiny|100/100
|-ability|p1a: Corviknight|Pressure
|switch|p2a: Garchomp|Garchomp, M|100/100
|-damage|p2a: Garchomp|94/100|[from] Stealth Rock
|
|-heal|p2a: Garchomp|100/100|[from] Grassy Terrain
|upkeep
|turn|3
|
|t:|1663544448
|move|p2a: Garchomp|Stealth Rock|p1a: Corviknight
|-sidestart|p1: Yung Goober|move: Stealth Rock
|move|p1a: Corviknight|U-turn|p2a: Garchomp
|-crit|p2a: Garchomp
|-damage|p2a: Garchomp|83/100
|-damage|p1a: Corviknight|88/100|[from] ability: Rough Skin|[of] p2a: Garchomp
|
|t:|1663544452
|switch|p1a: Porygon2|Porygon2, shiny|100/100|[from]move: U-turn
|-damage|p1a: Porygon2|88/100|[from] Stealth Rock
|
|-heal|p2a: Garchomp|90/100|[from] Grassy Terrain
|-heal|p2a: Garchomp|96/100|[from] item: Leftovers
|-heal|p1a: Porygon2|94/100|[from] Grassy Terrain
|upkeep
|turn|4
|
|t:|1663544460
|move|p2a: Garchomp|Protect|p2a: Garchomp
|-singleturn|p2a: Garchomp|Protect
|move|p1a: Porygon2|Tri Attack|p2a: Garchomp
|-activate|p2a: Garchomp|move: Protect
|
|-heal|p2a: Garchomp|100/100|[from] Grassy Terrain
|-heal|p1a: Porygon2|100/100|[from] Grassy Terrain
|upkeep
|turn|5
|j| diplodocusmamouk
|
|t:|1663544463
|move|p2a: Garchomp|Toxic|p1a: Porygon2
|-status|p1a: Porygon2|tox
|move|p1a: Porygon2|Ice Beam|p2a: Garchomp
|-supereffective|p2a: Garchomp
|-damage|p2a: Garchomp|4/100
|
|-heal|p2a: Garchomp|10/100|[from] Grassy Terrain
|-heal|p2a: Garchomp|16/100|[from] item: Leftovers
|-damage|p1a: Porygon2|94/100 tox|[from] psn
|-fieldend|move: Grassy Terrain
|upkeep
|turn|6
|
|t:|1663544468
|switch|p1a: Urshifu|Urshifu-Rapid-Strike, M|100/100
|-damage|p1a: Urshifu|94/100|[from] Stealth Rock
|move|p2a: Garchomp|Protect||[still]
|-fail|p2a: Garchomp
|
|-heal|p2a: Garchomp|22/100|[from] item: Leftovers
|upkeep
|turn|7
|
|t:|1663544473
|switch|p2a: Slowbro|Slowbro, F|100/100
|-damage|p2a: Slowbro|88/100|[from] Stealth Rock
|move|p1a: Urshifu|Surging Strikes|p2a: Slowbro
|-resisted|p2a: Slowbro
|-crit|p2a: Slowbro
|-damage|p2a: Slowbro|82/100
|-resisted|p2a: Slowbro
|-crit|p2a: Slowbro
|-damage|p2a: Slowbro|76/100
|-resisted|p2a: Slowbro
|-crit|p2a: Slowbro
|-damage|p2a: Slowbro|71/100
|-hitcount|p2a: Slowbro|3
|
|upkeep
|turn|8
|
|t:|1663544478
|move|p1a: Urshifu|U-turn|p2a: Slowbro
|-supereffective|p2a: Slowbro
|-damage|p2a: Slowbro|43/100
|
|t:|1663544482
|switch|p1a: Landorus|Landorus-Therian, M|100/100|[from]move: U-turn
|-damage|p1a: Landorus|88/100|[from] Stealth Rock
|-ability|p1a: Landorus|Intimidate|boost
|-unboost|p2a: Slowbro|atk|1
|move|p2a: Slowbro|Toxic|p1a: Landorus
|-status|p1a: Landorus|tox
|
|-heal|p1a: Landorus|94/100 tox|[from] item: Leftovers
|-damage|p1a: Landorus|88/100 tox|[from] psn
|upkeep
|turn|9
|
|t:|1663544485
|switch|p2a: Rillaboom|Rillaboom, F|100/100
|-damage|p2a: Rillaboom|88/100|[from] Stealth Rock
|-fieldstart|move: Grassy Terrain|[from] ability: Grassy Surge|[of] p2a: Rillaboom
|move|p1a: Landorus|Toxic|p2a: Rillaboom|[miss]
|-miss|p1a: Landorus|p2a: Rillaboom
|
|-heal|p1a: Landorus|94/100 tox|[from] item: Leftovers
|-heal|p2a: Rillaboom|94/100|[from] Grassy Terrain
|-heal|p2a: Rillaboom|100/100|[from] item: Leftovers
|-damage|p1a: Landorus|82/100 tox|[from] psn
|upkeep
|turn|10
|
|t:|1663544491
|switch|p1a: Corviknight|Corviknight, F, shiny|88/100
|-damage|p1a: Corviknight|75/100|[from] Stealth Rock
|-ability|p1a: Corviknight|Pressure
|switch|p2a: Slowbro|Slowbro, F|76/100
|-damage|p2a: Slowbro|64/100|[from] Stealth Rock
|
|-heal|p2a: Slowbro|70/100|[from] Grassy Terrain
|upkeep
|turn|11
|
|t:|1663544497
|switch|p1a: Landorus|Landorus-Therian, M|82/100 tox
|-damage|p1a: Landorus|70/100 tox|[from] Stealth Rock
|-ability|p1a: Landorus|Intimidate|boost
|-unboost|p2a: Slowbro|atk|1
|move|p2a: Slowbro|Teleport|p2a: Slowbro
|
|t:|1663544505
|switch|p2a: Tornadus|Tornadus-Therian, M|100/100|[from]move: Teleport
|
|-heal|p1a: Landorus|76/100 tox|[from] item: Leftovers
|-damage|p1a: Landorus|70/100 tox|[from] psn
|upkeep
|turn|12
|
|t:|1663544509
|move|p2a: Tornadus|Knock Off|p1a: Landorus
|-damage|p1a: Landorus|52/100 tox
|-enditem|p1a: Landorus|Leftovers|[from] move: Knock Off|[of] p2a: Tornadus
|move|p1a: Landorus|U-turn|p2a: Tornadus
|-resisted|p2a: Tornadus
|-damage|p2a: Tornadus|90/100
|
|t:|1663544512
|switch|p1a: Zeraora|Zeraora|100/100|[from]move: U-turn
|-damage|p1a: Zeraora|88/100|[from] Stealth Rock
|
|-heal|p1a: Zeraora|94/100|[from] Grassy Terrain
|-heal|p1a: Zeraora|99/100|[from] item: Leftovers
|upkeep
|turn|13
|
|t:|1663544517
|move|p1a: Zeraora|Bulk Up|p1a: Zeraora
|-boost|p1a: Zeraora|atk|1
|-boost|p1a: Zeraora|def|1
|move|p2a: Tornadus|U-turn|p1a: Zeraora
|-damage|p1a: Zeraora|87/100
|
|t:|1663544532
|switch|p2a: Slowbro|Slowbro, F|100/100|[from]move: U-turn
|-damage|p2a: Slowbro|88/100|[from] Stealth Rock
|
|-heal|p1a: Zeraora|93/100|[from] Grassy Terrain
|-heal|p1a: Zeraora|99/100|[from] item: Leftovers
|-heal|p2a: Slowbro|94/100|[from] Grassy Terrain
|-fieldend|move: Grassy Terrain
|upkeep
|turn|14
|
|t:|1663544543
|move|p1a: Zeraora|Plasma Fists|p2a: Slowbro
|-supereffective|p2a: Slowbro
|-damage|p2a: Slowbro|4/100
|-fieldactivate|move: Ion Deluge
|-hint|Normal-type moves become Electric-type after using Plasma Fists.
|-damage|p1a: Zeraora|83/100|[from] item: Rocky Helmet|[of] p2a: Slowbro
|move|p2a: Slowbro|Toxic|p1a: Zeraora
|-status|p1a: Zeraora|tox
|
|-heal|p1a: Zeraora|89/100 tox|[from] item: Leftovers
|-damage|p1a: Zeraora|83/100 tox|[from] psn
|upkeep
|turn|15
|
|t:|1663544548
|switch|p2a: Melmetal|Melmetal|100/100
|-damage|p2a: Melmetal|94/100|[from] Stealth Rock
|move|p1a: Zeraora|Knock Off|p2a: Melmetal
|-damage|p2a: Melmetal|66/100
|-enditem|p2a: Melmetal|Leftovers|[from] move: Knock Off|[of] p1a: Zeraora
|
|-heal|p1a: Zeraora|89/100 tox|[from] item: Leftovers
|-damage|p1a: Zeraora|77/100 tox|[from] psn
|upkeep
|turn|16
|
|t:|1663544552
|switch|p1a: Corviknight|Corviknight, F, shiny|75/100
|-damage|p1a: Corviknight|63/100|[from] Stealth Rock
|-ability|p1a: Corviknight|Pressure
|switch|p2a: Rillaboom|Rillaboom, F|100/100
|-damage|p2a: Rillaboom|88/100|[from] Stealth Rock
|-fieldstart|move: Grassy Terrain|[from] ability: Grassy Surge|[of] p2a: Rillaboom
|
|-heal|p2a: Rillaboom|94/100|[from] Grassy Terrain
|-heal|p2a: Rillaboom|100/100|[from] item: Leftovers
|upkeep
|turn|17
|
|t:|1663544556
|switch|p2a: Slowbro|Slowbro, F|38/100
|-damage|p2a: Slowbro|25/100|[from] Stealth Rock
|move|p1a: Corviknight|Roost|p1a: Corviknight
|-heal|p1a: Corviknight|100/100
|-singleturn|p1a: Corviknight|move: Roost
|
|-heal|p2a: Slowbro|31/100|[from] Grassy Terrain
|upkeep
|turn|18
|
|t:|1663544560
|switch|p2a: Tornadus|Tornadus-Therian, M|100/100
|move|p1a: Corviknight|Defog|p2a: Tornadus
|-unboost|p2a: Tornadus|evasion|1
|-sideend|p2: shiawasenostory|Stealth Rock|[from] move: Defog|[of] p1a: Corviknight
|-sideend|p1: Yung Goober|Stealth Rock|[from] move: Defog|[of] p1a: Corviknight
|-fieldend|move: Grassy Terrain
|
|upkeep
|turn|19
|
|t:|1663544564
|move|p2a: Tornadus|Knock Off|p1a: Corviknight
|-damage|p1a: Corviknight|88/100
|-damage|p2a: Tornadus|84/100|[from] item: Rocky Helmet|[of] p1a: Corviknight
|-enditem|p1a: Corviknight|Rocky Helmet|[from] move: Knock Off|[of] p2a: Tornadus
|move|p1a: Corviknight|U-turn|p2a: Tornadus
|-resisted|p2a: Tornadus
|-damage|p2a: Tornadus|77/100
|
|t:|1663544572
|switch|p1a: Zeraora|Zeraora|77/100 tox|[from]move: U-turn
|
|-heal|p1a: Zeraora|83/100 tox|[from] item: Leftovers
|-damage|p1a: Zeraora|77/100 tox|[from] psn
|upkeep
|turn|20
|
|t:|1663544577
|switch|p2a: Rillaboom|Rillaboom, F|100/100
|-fieldstart|move: Grassy Terrain|[from] ability: Grassy Surge|[of] p2a: Rillaboom
|move|p1a: Zeraora|Drain Punch|p2a: Rillaboom
|-damage|p2a: Rillaboom|80/100
|-heal|p1a: Zeraora|90/100 tox|[from] drain|[of] p2a: Rillaboom
|
|-heal|p1a: Zeraora|96/100 tox|[from] Grassy Terrain
|-heal|p1a: Zeraora|100/100 tox|[from] item: Leftovers
|-heal|p2a: Rillaboom|86/100|[from] Grassy Terrain
|-heal|p2a: Rillaboom|92/100|[from] item: Leftovers
|-damage|p1a: Zeraora|89/100 tox|[from] psn
|upkeep
|turn|21
|
|t:|1663544583
|switch|p1a: Corviknight|Corviknight, F, shiny|88/100
|-ability|p1a: Corviknight|Pressure
|move|p2a: Rillaboom|Knock Off|p1a: Corviknight
|-damage|p1a: Corviknight|73/100
|
|-heal|p2a: Rillaboom|98/100|[from] Grassy Terrain
|-heal|p2a: Rillaboom|100/100|[from] item: Leftovers
|upkeep
|turn|22
|
|t:|1663544586
|move|p2a: Rillaboom|Swords Dance|p2a: Rillaboom
|-boost|p2a: Rillaboom|atk|2
|move|p1a: Corviknight|U-turn|p2a: Rillaboom
|-supereffective|p2a: Rillaboom
|-damage|p2a: Rillaboom|73/100
|
|t:|1663544593
|switch|p1a: Urshifu|Urshifu-Rapid-Strike, M|94/100|[from]move: U-turn
|
|-heal|p1a: Urshifu|100/100|[from] Grassy Terrain
|-heal|p2a: Rillaboom|80/100|[from] Grassy Terrain
|-heal|p2a: Rillaboom|86/100|[from] item: Leftovers
|upkeep
|turn|23
|
|t:|1663544595
|switch|p1a: Corviknight|Corviknight, F, shiny|73/100
|-ability|p1a: Corviknight|Pressure
|move|p2a: Rillaboom|Grassy Glide|p1a: Corviknight
|-resisted|p1a: Corviknight
|-crit|p1a: Corviknight
|-damage|p1a: Corviknight|49/100
|
|-heal|p2a: Rillaboom|92/100|[from] Grassy Terrain
|-heal|p2a: Rillaboom|98/100|[from] item: Leftovers
|upkeep
|turn|24
|
|t:|1663544598
|move|p2a: Rillaboom|Drain Punch|p1a: Corviknight
|-damage|p1a: Corviknight|11/100
|-heal|p2a: Rillaboom|100/100|[from] drain|[of] p1a: Corviknight
|move|p1a: Corviknight|Brave Bird|p2a: Rillaboom
|-supereffective|p2a: Rillaboom
|-damage|p2a: Rillaboom|34/100
|-damage|p1a: Corviknight|0 fnt|[from] Recoil
|faint|p1a: Corviknight
|
|-heal|p2a: Rillaboom|40/100|[from] Grassy Terrain
|-heal|p2a: Rillaboom|46/100|[from] item: Leftovers
|-fieldend|move: Grassy Terrain
|upkeep
|
|t:|1663544608
|switch|p1a: Volcanion|Volcanion|100/100
|turn|25
|
|t:|1663544612
|switch|p2a: Slowbro|Slowbro, F|64/100
|move|p1a: Volcanion|Sludge Wave|p2a: Slowbro
|-damage|p2a: Slowbro|32/100
|-status|p2a: Slowbro|psn
|
|-damage|p2a: Slowbro|20/100 psn|[from] psn
|upkeep
|turn|26
|
|t:|1663544617
|switch|p2a: Melmetal|Melmetal|66/100
|move|p1a: Volcanion|Steam Eruption|p2a: Melmetal
|-damage|p2a: Melmetal|13/100
|-status|p2a: Melmetal|brn
|
|-damage|p2a: Melmetal|7/100 brn|[from] brn
|upkeep
|turn|27
|
|t:|1663544619
|move|p1a: Volcanion|Flamethrower|p2a: Melmetal
|-supereffective|p2a: Melmetal
|-damage|p2a: Melmetal|0 fnt
|faint|p2a: Melmetal
|
|upkeep
|
|t:|1663544624
|switch|p2a: Tornadus|Tornadus-Therian, M|100/100
|turn|28
|
|t:|1663544627
|switch|p1a: Landorus|Landorus-Therian, M|52/100 tox
|-ability|p1a: Landorus|Intimidate|boost
|-unboost|p2a: Tornadus|atk|1
|move|p2a: Tornadus|Knock Off|p1a: Landorus
|-damage|p1a: Landorus|42/100 tox
|
|-damage|p1a: Landorus|36/100 tox|[from] psn
|upkeep
|turn|29
|
|t:|1663544631
|move|p2a: Tornadus|U-turn|p1a: Landorus
|-resisted|p1a: Landorus
|-damage|p1a: Landorus|32/100 tox
|
|t:|1663544633
|switch|p2a: Rillaboom|Rillaboom, F|46/100|[from]move: U-turn
|-fieldstart|move: Grassy Terrain|[from] ability: Grassy Surge|[of] p2a: Rillaboom
|move|p1a: Landorus|Stealth Rock|p2a: Rillaboom
|-sidestart|p2: shiawasenostory|move: Stealth Rock
|
|-heal|p2a: Rillaboom|53/100|[from] Grassy Terrain
|-heal|p2a: Rillaboom|59/100|[from] item: Leftovers
|-damage|p1a: Landorus|20/100 tox|[from] psn
|upkeep
|turn|30
|
|t:|1663544636
|switch|p2a: Tornadus|Tornadus-Therian, M|100/100
|move|p1a: Landorus|U-turn|p2a: Tornadus
|-resisted|p2a: Tornadus
|-damage|p2a: Tornadus|89/100
|l| diplodocusmamouk
|
|t:|1663544639
|switch|p1a: Zeraora|Zeraora|89/100 tox|[from]move: U-turn
|
|-heal|p1a: Zeraora|95/100 tox|[from] Grassy Terrain
|-heal|p1a: Zeraora|100/100 tox|[from] item: Leftovers
|-damage|p1a: Zeraora|95/100 tox|[from] psn
|upkeep
|turn|31
|
|t:|1663544642
|move|p1a: Zeraora|Plasma Fists|p2a: Tornadus
|-supereffective|p2a: Tornadus
|-damage|p2a: Tornadus|0 fnt
|-fieldactivate|move: Ion Deluge
|-hint|Normal-type moves become Electric-type after using Plasma Fists.
|faint|p2a: Tornadus
|
|-heal|p1a: Zeraora|100/100 tox|[from] Grassy Terrain
|-damage|p1a: Zeraora|89/100 tox|[from] psn
|upkeep
|
|t:|1663544644
|switch|p2a: Rillaboom|Rillaboom, F|59/100
|-damage|p2a: Rillaboom|46/100|[from] Stealth Rock
|turn|32
|
|t:|1663544646
|switch|p1a: Landorus|Landorus-Therian, M|20/100 tox
|-ability|p1a: Landorus|Intimidate|boost
|-unboost|p2a: Rillaboom|atk|1
|move|p2a: Rillaboom|Grassy Glide|p1a: Landorus
|-damage|p1a: Landorus|0 fnt
|faint|p1a: Landorus
|
|-heal|p2a: Rillaboom|53/100|[from] Grassy Terrain
|-heal|p2a: Rillaboom|59/100|[from] item: Leftovers
|upkeep
|
|t:|1663544650
|switch|p1a: Porygon2|Porygon2, shiny|94/100 tox
|turn|33
|
|t:|1663544654
|switch|p2a: Blaziken|Blaziken, M|100/100
|-damage|p2a: Blaziken|88/100|[from] Stealth Rock
|move|p1a: Porygon2|Ice Beam|p2a: Blaziken
|-resisted|p2a: Blaziken
|-damage|p2a: Blaziken|63/100
|
|-heal|p2a: Blaziken|69/100|[from] Grassy Terrain
|-heal|p2a: Blaziken|76/100|[from] item: Leftovers
|-heal|p1a: Porygon2|100/100 tox|[from] Grassy Terrain
|-damage|p1a: Porygon2|94/100 tox|[from] psn
|-fieldend|move: Grassy Terrain
|upkeep
|turn|34
|
|t:|1663544657
|switch|p1a: Urshifu|Urshifu-Rapid-Strike, M|100/100
|move|p2a: Blaziken|Close Combat|p1a: Urshifu
|-damage|p1a: Urshifu|34/100
|-unboost|p2a: Blaziken|def|1
|-unboost|p2a: Blaziken|spd|1
|
|-heal|p2a: Blaziken|82/100|[from] item: Leftovers
|-ability|p2a: Blaziken|Speed Boost|boost
|-boost|p2a: Blaziken|spe|1
|upkeep
|turn|35
|
|t:|1663544660
|switch|p2a: Slowbro|Slowbro, F|53/100 psn
|-damage|p2a: Slowbro|41/100 psn|[from] Stealth Rock
|move|p1a: Urshifu|Aqua Jet|p2a: Slowbro
|-resisted|p2a: Slowbro
|-damage|p2a: Slowbro|35/100 psn
|
|-damage|p2a: Slowbro|22/100 psn|[from] psn
|upkeep
|turn|36
|
|t:|1663544664
|move|p1a: Urshifu|U-turn|p2a: Slowbro
|-supereffective|p2a: Slowbro
|-damage|p2a: Slowbro|0 fnt
|faint|p2a: Slowbro
|
|t:|1663544668
|switch|p1a: Zeraora|Zeraora|89/100 tox|[from]move: U-turn
|
|-heal|p1a: Zeraora|95/100 tox|[from] item: Leftovers
|-damage|p1a: Zeraora|89/100 tox|[from] psn
|upkeep
|
|t:|1663544672
|switch|p2a: Rillaboom|Rillaboom, F|59/100
|-damage|p2a: Rillaboom|46/100|[from] Stealth Rock
|-fieldstart|move: Grassy Terrain|[from] ability: Grassy Surge|[of] p2a: Rillaboom
|turn|37
|
|t:|1663544679
|switch|p1a: Porygon2|Porygon2, shiny|94/100 tox
|move|p2a: Rillaboom|Grassy Glide|p1a: Porygon2
|-damage|p1a: Porygon2|61/100 tox
|
|-heal|p2a: Rillaboom|53/100|[from] Grassy Terrain
|-heal|p2a: Rillaboom|59/100|[from] item: Leftovers
|-heal|p1a: Porygon2|67/100 tox|[from] Grassy Terrain
|-damage|p1a: Porygon2|61/100 tox|[from] psn
|upkeep
|turn|38
|
|t:|1663544684
|move|p2a: Rillaboom|Drain Punch|p1a: Porygon2
|-supereffective|p1a: Porygon2
|-damage|p1a: Porygon2|27/100 tox
|-heal|p2a: Rillaboom|75/100|[from] drain|[of] p1a: Porygon2
|move|p1a: Porygon2|Ice Beam|p2a: Rillaboom
|-supereffective|p2a: Rillaboom
|-damage|p2a: Rillaboom|0 fnt
|faint|p2a: Rillaboom
|
|-heal|p1a: Porygon2|33/100 tox|[from] Grassy Terrain
|-damage|p1a: Porygon2|21/100 tox|[from] psn
|upkeep
|
|t:|1663544693
|switch|p2a: Garchomp|Garchomp, M|22/100
|-damage|p2a: Garchomp|16/100|[from] Stealth Rock
|turn|39
|
|t:|1663544697
|move|p2a: Garchomp|Earthquake|p1a: Porygon2
|-damage|p1a: Porygon2|5/100 tox
|move|p1a: Porygon2|Recover|p1a: Porygon2
|-heal|p1a: Porygon2|55/100 tox
|
|-heal|p2a: Garchomp|22/100|[from] Grassy Terrain
|-heal|p2a: Garchomp|29/100|[from] item: Leftovers
|-heal|p1a: Porygon2|61/100 tox|[from] Grassy Terrain
|-damage|p1a: Porygon2|43/100 tox|[from] psn
|upkeep
|turn|40
|-message|shiawasenostory forfeited.
|
|win|Yung Goober
|raw|Yung Goober's rating: 1602 &rarr; <strong>1627</strong><br />(+25 for winning)
|raw|shiawasenostory's rating: 1696 &rarr; <strong>1671</strong><br />(-25 for losing)
|l|☆shiawasenostory
|l|☆Yung Goober
||Ladder isn't responding, score probably updated but might not have (Request timeout).
