|j|☆pizzalover420
|j|☆Lady Writer ❀
|inactive|Battle timer is ON: inactive players will automatically lose when time's up.
|t:|1649533281
|gametype|singles
|player|p1|pizzalover420|blackbelt-gen4dp|
|player|p2|Lady Writer ❀|klara|
|teamsize|p1|6
|teamsize|p2|6
|gen|8
|tier|[Gen 8] OU
|rated|Tournament battle
|rule|Sleep Clause Mod: Limit one foe put to sleep
|rule|Species Clause: Limit one of each Pokémon
|rule|OHKO Clause: OHKO moves are banned
|rule|Evasion Moves Clause: Evasion moves are banned
|rule|Endless Battle Clause: Forcing endless battles is banned
|rule|HP Percentage Mod: HP is shown in percentages
|rule|Dynamax Clause: You cannot dynamax
|clearpoke
|poke|p1|Tyranitar, F|
|poke|p1|Kartana|
|poke|p1|Scizor, F|
|poke|p1|Landorus-Therian, M|
|poke|p1|Tapu Koko|
|poke|p1|Slowbro, M|
|poke|p2|Kartana|
|poke|p2|Clefable, M|
|poke|p2|Toxapex, M|
|poke|p2|Hippowdon, M|
|poke|p2|Dragapult, M|
|poke|p2|Corviknight, F|
|teampreview
|j|*Lady Monita ✿
|j| BB-8-NU
|inactive|Lady Writer ❀ also wants the timer to be on.
|j| Axrtix
|j| Horse W No Name
|j| Reddrake
|j| Darkman64
|j| Omni King Lucifer
|j| Krananas
|j| PokeArt2004❤
|j| Whitemambaff
|j| DOOR MONEY
|j| Failbor21
|j| NathanDevious
|j| Lkapkd
|
|t:|1649533303
|start
|switch|p1a: Landorus|Landorus-Therian, M|100/100
|switch|p2a: Hippowdon|Hippowdon, M|100/100
|-ability|p1a: Landorus|Intimidate|boost
|-unboost|p2a: Hippowdon|atk|1
|-weather|Sandstorm|[from] ability: Sand Stream|[of] p2a: Hippowdon
|turn|1
|j| UnzipsCrogre
|
|t:|1649533308
|move|p1a: Landorus|Toxic|p2a: Hippowdon
|-status|p2a: Hippowdon|tox
|move|p2a: Hippowdon|Toxic|p1a: Landorus
|-status|p1a: Landorus|tox
|
|-weather|Sandstorm|[upkeep]
|-damage|p1a: Landorus|94/100 tox|[from] psn
|-damage|p2a: Hippowdon|94/100 tox|[from] psn
|upkeep
|turn|2
|j|@saba@!
|
|t:|1649533315
|move|p1a: Landorus|U-turn|p2a: Hippowdon
|-damage|p2a: Hippowdon|78/100 tox
|j| DLTW129
|j| AzulADLV
|
|t:|1649533321
|switch|p1a: Kartana|Kartana|100/100|[from]move: U-turn
|move|p2a: Hippowdon|Stealth Rock|p1a: Kartana
|-sidestart|p1: pizzalover420|move: Stealth Rock
|
|-weather|Sandstorm|[upkeep]
|-heal|p2a: Hippowdon|84/100 tox|[from] item: Leftovers
|-damage|p2a: Hippowdon|72/100 tox|[from] psn
|upkeep
|turn|3
|j| blitty boy
|l| Omni King Lucifer
|
|t:|1649533327
|switch|p2a: Corviknight|Corviknight, F|100/100
|-ability|p2a: Corviknight|Pressure
|move|p1a: Kartana|Knock Off|p2a: Corviknight
|-damage|p2a: Corviknight|57/100
|-damage|p1a: Kartana|84/100|[from] item: Rocky Helmet|[of] p2a: Corviknight
|-enditem|p2a: Corviknight|Rocky Helmet|[from] move: Knock Off|[of] p1a: Kartana
|
|-weather|Sandstorm|[upkeep]
|upkeep
|turn|4
|l| Reddrake
|j| Omni King Lucifer
|j| J0rdy OU
|
|t:|1649533339
|switch|p1a: Slowbro|Slowbro, M|100/100
|move|p2a: Corviknight|U-turn|p1a: Slowbro
|-supereffective|p1a: Slowbro
|-damage|p1a: Slowbro|81/100
|j| Sql sql
|
|t:|1649533345
|switch|p2a: Clefable|Clefable, M|100/100|[from]move: U-turn
|
|-weather|Sandstorm|[upkeep]
|-damage|p1a: Slowbro|75/100|[from] Sandstorm
|upkeep
|turn|5
|l| Omni King Lucifer
|
|t:|1649533351
|move|p2a: Clefable|Trick|p1a: Slowbro
|-activate|p2a: Clefable|move: Trick|[of] p1a: Slowbro
|-item|p1a: Slowbro|Sticky Barb|[from] move: Trick
|-item|p2a: Clefable|Heavy-Duty Boots|[from] move: Trick
|move|p1a: Slowbro|Future Sight|p2a: Clefable
|-start|p1a: Slowbro|move: Future Sight
|
|-weather|none
|-damage|p1a: Slowbro|63/100|[from] item: Sticky Barb
|upkeep
|turn|6
|
|t:|1649533357
|move|p2a: Clefable|Moonblast|p1a: Slowbro
|-damage|p1a: Slowbro|35/100
|move|p1a: Slowbro|Teleport|p1a: Slowbro
|c| J0rdy OU|Omg pizzalover420
|c| J0rdy OU|Big fan
|
|t:|1649533371
|switch|p1a: Kartana|Kartana|84/100|[from]move: Teleport
|-damage|p1a: Kartana|78/100|[from] Stealth Rock
|
|upkeep
|turn|7
|j| Omni King Lucifer
|j| elizabeth jennings
|
|t:|1649533381
|move|p1a: Kartana|Smart Strike|p2a: Clefable
|-supereffective|p2a: Clefable
|-damage|p2a: Clefable|0 fnt
|faint|p2a: Clefable
|-ability|p1a: Kartana|Beast Boost|boost
|-boost|p1a: Kartana|atk|1
|
|-hint|Future Sight did not hit because the target is fainted.
|upkeep
|c| Krananas|me too
|
|t:|1649533388
|switch|p2a: Dragapult|Dragapult, M|100/100
|turn|8
|
|t:|1649533396
|switch|p1a: Tyranitar|Tyranitar, F|100/100
|-damage|p1a: Tyranitar|88/100|[from] Stealth Rock
|-weather|Sandstorm|[from] ability: Sand Stream|[of] p1a: Tyranitar
|move|p2a: Dragapult|U-turn|p1a: Tyranitar
|-supereffective|p1a: Tyranitar
|-damage|p1a: Tyranitar|60/100
|j| C02BluJay
|
|t:|1649533402
|switch|p2a: Kartana|Kartana|100/100|[from]move: U-turn
|
|-weather|Sandstorm|[upkeep]
|-heal|p1a: Tyranitar|67/100|[from] item: Leftovers
|upkeep
|turn|9
|j| Ryus0ken
|c| C02BluJay|Can I join the tournoment
|c| blitty boy|Yes
|j| Izuyu
|c|☆pizzalover420|Sure, you can have my place
|c| J0rdy OU|LMAO
|c| C02BluJay|Just need to make my team
|
|t:|1649533426
|switch|p2a: Dragapult|Dragapult, M|100/100
|switch|p1a: Scizor|Scizor, F|100/100
|-damage|p1a: Scizor|88/100|[from] Stealth Rock
|
|-weather|Sandstorm|[upkeep]
|-damage|p2a: Dragapult|95/100|[from] Sandstorm
|upkeep
|turn|10
|l| C02BluJay
|
|t:|1649533435
|switch|p1a: Tyranitar|Tyranitar, F|67/100
|-damage|p1a: Tyranitar|54/100|[from] Stealth Rock
|move|p2a: Dragapult|U-turn|p1a: Tyranitar
|-supereffective|p1a: Tyranitar
|-damage|p1a: Tyranitar|29/100
|c|@saba|pizzalover420 I can substitute players btw
|
|t:|1649533443
|switch|p2a: Kartana|Kartana|100/100|[from]move: U-turn
|
|-weather|Sandstorm|[upkeep]
|-heal|p1a: Tyranitar|35/100|[from] item: Leftovers
|upkeep
|turn|11
|l| Omni King Lucifer
|c|@saba|if u wanna
|c|@saba|just say a word!
|c|☆pizzalover420|lemme play a few more turns
|c|☆pizzalover420|before i decide
|c| J0rdy OU|:eyes:
|j| Omni King Lucifer
|c|@saba|I'm joking lmao
|
|t:|1649533460
|switch|p1a: Scizor|Scizor, F|88/100
|-damage|p1a: Scizor|76/100|[from] Stealth Rock
|move|p2a: Kartana|Knock Off|p1a: Scizor
|-crit|p1a: Scizor
|-damage|p1a: Scizor|25/100
|-damage|p2a: Kartana|84/100|[from] item: Rocky Helmet|[of] p1a: Scizor
|-enditem|p1a: Scizor|Rocky Helmet|[from] move: Knock Off|[of] p2a: Kartana
|
|-weather|Sandstorm|[upkeep]
|upkeep
|turn|12
|j| jql3n
|c|☆pizzalover420|alright send him in
|c| blitty boy|Lmoa
|c| Horse W No Name|Lol
|c|@saba|no lol
|c|@saba|;;
|c| blitty boy|Panda a lucky dog
|c| NathanDevious|so damn lucky
|j| Ollitoed
|inactive|Lady Writer ❀ has 120 seconds left.
|c| Horse W No Name|It lives
|inactive|pizzalover420 has 120 seconds left.
|l| jql3n
|c| UnzipsCrogre|yea id go chomper here
|l| Omni King Lucifer
|c| Horse W No Name|does like 20 now tbh
|j|%GoldtOdd1
|inactive|pizzalover420 has 90 seconds left.
|j| Omni King Lucifer
|
|t:|1649533528
|switch|p2a: Dragapult|Dragapult, M|95/100
|move|p1a: Scizor|Roost|p1a: Scizor
|-heal|p1a: Scizor|75/100
|-singleturn|p1a: Scizor|move: Roost
|
|-weather|none
|upkeep
|turn|13
|c|☆pizzalover420|Thanks
|c| blitty boy|Lool
|inactive|pizzalover420 has 90 seconds left.
|j| Veni Veni Venias
|l| Lkapkd
|
|t:|1649533546
|switch|p1a: Landorus|Landorus-Therian, M|94/100 tox
|-damage|p1a: Landorus|82/100 tox|[from] Stealth Rock
|-ability|p1a: Landorus|Intimidate|boost
|-unboost|p2a: Dragapult|atk|1
|move|p2a: Dragapult|Shadow Ball|p1a: Landorus
|-damage|p1a: Landorus|41/100 tox
|
|-heal|p1a: Landorus|47/100 tox|[from] item: Leftovers
|-damage|p1a: Landorus|41/100 tox|[from] psn
|upkeep
|turn|14
|inactive|Lady Writer ❀ has 90 seconds left.
|
|t:|1649533567
|move|p2a: Dragapult|Shadow Ball|p1a: Landorus
|-damage|p1a: Landorus|0 fnt
|faint|p1a: Landorus
|
|upkeep
|
|t:|1649533570
|switch|p1a: Tyranitar|Tyranitar, F|35/100
|-damage|p1a: Tyranitar|23/100|[from] Stealth Rock
|-weather|Sandstorm|[from] ability: Sand Stream|[of] p1a: Tyranitar
|turn|15
|j| GW
|
|t:|1649533578
|switch|p2a: Hippowdon|Hippowdon, M|72/100 tox
|move|p1a: Tyranitar|Stealth Rock|p2a: Hippowdon
|-sidestart|p2: Lady Writer ❀|move: Stealth Rock
|
|-weather|Sandstorm|[upkeep]
|-heal|p1a: Tyranitar|29/100|[from] item: Leftovers
|-heal|p2a: Hippowdon|78/100 tox|[from] item: Leftovers
|-damage|p2a: Hippowdon|72/100 tox|[from] psn
|upkeep
|turn|16
|l| Omni King Lucifer
|j| Omni King Lucifer
|j| Lkapkd
|inactive|pizzalover420 has 90 seconds left.
|
|t:|1649533611
|switch|p1a: Scizor|Scizor, F|75/100
|-damage|p1a: Scizor|63/100|[from] Stealth Rock
|move|p2a: Hippowdon|Earthquake|p1a: Scizor
|-damage|p1a: Scizor|35/100
|
|-weather|Sandstorm|[upkeep]
|-heal|p2a: Hippowdon|78/100 tox|[from] item: Leftovers
|-damage|p2a: Hippowdon|65/100 tox|[from] psn
|upkeep
|turn|17
|
|t:|1649533616
|switch|p2a: Dragapult|Dragapult, M|95/100
|-damage|p2a: Dragapult|82/100|[from] Stealth Rock
|move|p1a: Scizor|Roost|p1a: Scizor
|-heal|p1a: Scizor|85/100
|-singleturn|p1a: Scizor|move: Roost
|
|-weather|Sandstorm|[upkeep]
|-damage|p2a: Dragapult|76/100|[from] Sandstorm
|upkeep
|turn|18
|inactive|pizzalover420 has 90 seconds left.
|n|@J0rdy004 ♫|j0rdyou
|j| heniii
|
|t:|1649533646
|switch|p1a: Tyranitar|Tyranitar, F|29/100
|-damage|p1a: Tyranitar|16/100|[from] Stealth Rock
|move|p2a: Dragapult|Shadow Ball|p1a: Tyranitar
|-resisted|p1a: Tyranitar
|-damage|p1a: Tyranitar|5/100
|
|-weather|Sandstorm|[upkeep]
|-damage|p2a: Dragapult|70/100|[from] Sandstorm
|-heal|p1a: Tyranitar|12/100|[from] item: Leftovers
|upkeep
|turn|19
|c|☆Lady Writer ❀|i didnt think
|c|☆Lady Writer ❀|that would take 2
|inactive|Lady Writer ❀ has 120 seconds left.
|c| blitty boy|Om nom
|c|☆pizzalover420|Luckily i went for the maximum special defense investment
|c| NathanDevious|it doesnt just get the rol
|c| NathanDevious|roll
|inactive|pizzalover420 has 60 seconds left.
|c| Darkman64|xd
|c| Ryus0ken|it may be 12% next
|
|t:|1649533687
|switch|p2a: Hippowdon|Hippowdon, M|65/100 tox
|-damage|p2a: Hippowdon|59/100 tox|[from] Stealth Rock
|move|p1a: Tyranitar|Flamethrower|p2a: Hippowdon
|-damage|p2a: Hippowdon|45/100 tox
|
|-weather|none
|-heal|p1a: Tyranitar|18/100|[from] item: Leftovers
|-heal|p2a: Hippowdon|52/100 tox|[from] item: Leftovers
|-damage|p2a: Hippowdon|45/100 tox|[from] psn
|upkeep
|turn|20
|
|t:|1649533701
|switch|p1a: Scizor|Scizor, F|85/100
|-damage|p1a: Scizor|73/100|[from] Stealth Rock
|move|p2a: Hippowdon|Slack Off|p2a: Hippowdon
|-heal|p2a: Hippowdon|95/100 tox
|
|-heal|p2a: Hippowdon|100/100 tox|[from] item: Leftovers
|-damage|p2a: Hippowdon|88/100 tox|[from] psn
|upkeep
|turn|21
|inactive|Lady Writer ❀ has 120 seconds left.
|c| NathanDevious|????????????????????
|
|t:|1649533716
|switch|p1a: Slowbro|Slowbro, M|68/100
|-damage|p1a: Slowbro|56/100|[from] Stealth Rock
|switch|p2a: Toxapex|Toxapex, M|100/100
|-damage|p2a: Toxapex|88/100|[from] Stealth Rock
|
|-damage|p1a: Slowbro|43/100|[from] item: Sticky Barb
|upkeep
|turn|22
|j| Surdish
|
|t:|1649533723
|switch|p2a: Dragapult|Dragapult, M|70/100
|-damage|p2a: Dragapult|58/100|[from] Stealth Rock
|move|p1a: Slowbro|Future Sight|p2a: Dragapult
|-start|p1a: Slowbro|move: Future Sight
|
|-damage|p1a: Slowbro|31/100|[from] item: Sticky Barb
|upkeep
|turn|23
|j| 6 of clubs
|
|t:|1649533731
|move|p2a: Dragapult|Shadow Ball|p1a: Slowbro
|-supereffective|p1a: Slowbro
|-crit|p1a: Slowbro
|-damage|p1a: Slowbro|0 fnt
|faint|p1a: Slowbro
|
|upkeep
|l| GW
|
|t:|1649533739
|switch|p1a: Tapu Koko|Tapu Koko|100/100
|-fieldstart|move: Electric Terrain|[from] ability: Electric Surge|[of] p1a: Tapu Koko
|turn|24
|l| Ollitoed
|l| 6 of clubs
|
|t:|1649533753
|switch|p2a: Toxapex|Toxapex, M|100/100
|-damage|p2a: Toxapex|88/100|[from] Stealth Rock
|move|p1a: Tapu Koko|Dazzling Gleam|p2a: Toxapex
|-resisted|p2a: Toxapex
|-damage|p2a: Toxapex|74/100
|
|-end|p2a: Toxapex|move: Future Sight
|-supereffective|p2a: Toxapex
|-enditem|p2a: Toxapex|Payapa Berry|[eat]
|-enditem|p2a: Toxapex|Payapa Berry|[weaken]
|-damage|p2a: Toxapex|43/100
|upkeep
|turn|25
|c| Horse W No Name|Wtf
|c| Horse W No Name|better be poison jab for leoe
|inactive|pizzalover420 has 60 seconds left.
|c| Horse W No Name|lele
|j| arnavgupta
|
|t:|1649533789
|switch|p1a: Kartana|Kartana|78/100
|-damage|p1a: Kartana|72/100|[from] Stealth Rock
|switch|p2a: Hippowdon|Hippowdon, M|88/100 tox
|-damage|p2a: Hippowdon|82/100 tox|[from] Stealth Rock
|-weather|Sandstorm|[from] ability: Sand Stream|[of] p2a: Hippowdon
|
|-weather|Sandstorm|[upkeep]
|-heal|p2a: Hippowdon|88/100 tox|[from] item: Leftovers
|-damage|p2a: Hippowdon|82/100 tox|[from] psn
|upkeep
|turn|26
|l| Omni King Lucifer
|inactive|Lady Writer ❀ has 120 seconds left.
|
|t:|1649533819
|switch|p2a: Kartana|Kartana|84/100
|-damage|p2a: Kartana|78/100|[from] Stealth Rock
|move|p1a: Kartana|Knock Off|p2a: Kartana
|-damage|p2a: Kartana|16/100
|-enditem|p2a: Kartana|Choice Scarf|[from] move: Knock Off|[of] p1a: Kartana
|
|-weather|Sandstorm|[upkeep]
|upkeep
|turn|27
|j| Ninja
|c|@saba|can yall not discuss the game
|c|@saba|geez
|inactive|Lady Writer ❀ has 120 seconds left.
|c| NathanDevious|geez
|c| Ninja|id dynamax here
|c|☆pizzalover420|Im gonna win the speed tie
|c| NathanDevious|this game is very important guys stop messing around
|inactive|pizzalover420 has 30 seconds left.
|
|t:|1649533862
|move|p1a: Kartana|Knock Off|p2a: Kartana
|-damage|p2a: Kartana|0 fnt
|faint|p2a: Kartana
|-ability|p1a: Kartana|Beast Boost|boost
|-boost|p1a: Kartana|atk|1
|
|-weather|Sandstorm|[upkeep]
|upkeep
|
|t:|1649533864
|switch|p2a: Dragapult|Dragapult, M|58/100
|-damage|p2a: Dragapult|46/100|[from] Stealth Rock
|turn|28
|c| blitty boy|Swerve the Coupe
|j| TRowePrice
|
|t:|1649533874
|switch|p1a: Tyranitar|Tyranitar, F|18/100
|-damage|p1a: Tyranitar|5/100|[from] Stealth Rock
|move|p2a: Dragapult|Shadow Ball|p1a: Tyranitar
|-resisted|p1a: Tyranitar
|-damage|p1a: Tyranitar|0 fnt
|faint|p1a: Tyranitar
|
|-weather|Sandstorm|[upkeep]
|-damage|p2a: Dragapult|40/100|[from] Sandstorm
|-fieldend|move: Electric Terrain
|upkeep
|
|t:|1649533881
|switch|p1a: Tapu Koko|Tapu Koko|100/100
|-fieldstart|move: Electric Terrain|[from] ability: Electric Surge|[of] p1a: Tapu Koko
|turn|29
|inactive|Lady Writer ❀ has 120 seconds left.
|
|t:|1649533886
|switch|p1a: Kartana|Kartana|72/100
|-damage|p1a: Kartana|65/100|[from] Stealth Rock
|move|p2a: Dragapult|Shadow Ball|p1a: Kartana
|-damage|p1a: Kartana|0 fnt
|faint|p1a: Kartana
|
|-weather|none
|upkeep
|
|t:|1649533890
|switch|p1a: Tapu Koko|Tapu Koko|100/100
|turn|30
|
|t:|1649533897
|switch|p2a: Hippowdon|Hippowdon, M|82/100 tox
|-damage|p2a: Hippowdon|76/100 tox|[from] Stealth Rock
|-weather|Sandstorm|[from] ability: Sand Stream|[of] p2a: Hippowdon
|move|p1a: Tapu Koko|Dazzling Gleam|p2a: Hippowdon
|-damage|p2a: Hippowdon|52/100 tox
|
|-weather|Sandstorm|[upkeep]
|-damage|p1a: Tapu Koko|94/100|[from] Sandstorm
|-heal|p2a: Hippowdon|58/100 tox|[from] item: Leftovers
|-damage|p2a: Hippowdon|52/100 tox|[from] psn
|upkeep
|turn|31
|
|t:|1649533900
|switch|p1a: Scizor|Scizor, F|73/100
|-damage|p1a: Scizor|61/100|[from] Stealth Rock
|move|p2a: Hippowdon|Slack Off|p2a: Hippowdon
|-heal|p2a: Hippowdon|100/100 tox
|
|-weather|Sandstorm|[upkeep]
|-damage|p2a: Hippowdon|88/100 tox|[from] psn
|upkeep
|turn|32
|j| Another Brazy
|
|t:|1649533905
|switch|p2a: Toxapex|Toxapex, M|76/100
|-damage|p2a: Toxapex|64/100|[from] Stealth Rock
|move|p1a: Scizor|Swords Dance|p1a: Scizor
|-boost|p1a: Scizor|atk|2
|
|-weather|Sandstorm|[upkeep]
|-damage|p2a: Toxapex|58/100|[from] Sandstorm
|upkeep
|turn|33
|
|t:|1649533910
|move|p1a: Scizor|Knock Off|p2a: Toxapex
|-damage|p2a: Toxapex|34/100
|move|p2a: Toxapex|Recover|p2a: Toxapex
|-heal|p2a: Toxapex|85/100
|
|-weather|Sandstorm|[upkeep]
|-damage|p2a: Toxapex|79/100|[from] Sandstorm
|-fieldend|move: Electric Terrain
|upkeep
|turn|34
|l| Krananas
|
|t:|1649533914
|move|p1a: Scizor|Roost|p1a: Scizor
|-heal|p1a: Scizor|100/100
|-singleturn|p1a: Scizor|move: Roost
|move|p2a: Toxapex|Haze|p2a: Toxapex
|-clearallboost
|
|-weather|none
|upkeep
|turn|35
|
|t:|1649533921
|move|p1a: Scizor|Swords Dance|p1a: Scizor
|-boost|p1a: Scizor|atk|2
|move|p2a: Toxapex|Scald|p1a: Scizor
|-damage|p1a: Scizor|79/100
|
|upkeep
|turn|36
|
|t:|1649533923
|switch|p1a: Tapu Koko|Tapu Koko|94/100
|-fieldstart|move: Electric Terrain|[from] ability: Electric Surge|[of] p1a: Tapu Koko
|move|p2a: Toxapex|Haze|p2a: Toxapex
|-clearallboost
|
|upkeep
|turn|37
|
|t:|1649533928
|switch|p2a: Hippowdon|Hippowdon, M|88/100 tox
|-damage|p2a: Hippowdon|82/100 tox|[from] Stealth Rock
|-weather|Sandstorm|[from] ability: Sand Stream|[of] p2a: Hippowdon
|move|p1a: Tapu Koko|Nature's Madness|p2a: Hippowdon
|-damage|p2a: Hippowdon|41/100 tox
|
|-weather|Sandstorm|[upkeep]
|-damage|p1a: Tapu Koko|88/100|[from] Sandstorm
|-heal|p2a: Hippowdon|48/100 tox|[from] item: Leftovers
|-damage|p2a: Hippowdon|41/100 tox|[from] psn
|upkeep
|turn|38
|
|t:|1649533933
|move|p1a: Tapu Koko|Dazzling Gleam|p2a: Hippowdon
|-damage|p2a: Hippowdon|17/100 tox
|move|p2a: Hippowdon|Slack Off|p2a: Hippowdon
|-heal|p2a: Hippowdon|67/100 tox
|
|-weather|Sandstorm|[upkeep]
|-damage|p1a: Tapu Koko|82/100|[from] Sandstorm
|-heal|p2a: Hippowdon|73/100 tox|[from] item: Leftovers
|-damage|p2a: Hippowdon|61/100 tox|[from] psn
|upkeep
|turn|39
|
|t:|1649533935
|switch|p1a: Scizor|Scizor, F|79/100
|-damage|p1a: Scizor|66/100|[from] Stealth Rock
|move|p2a: Hippowdon|Slack Off|p2a: Hippowdon
|-heal|p2a: Hippowdon|100/100 tox
|
|-weather|Sandstorm|[upkeep]
|-damage|p2a: Hippowdon|82/100 tox|[from] psn
|upkeep
|turn|40
|
|t:|1649533939
|switch|p1a: Tapu Koko|Tapu Koko|82/100
|switch|p2a: Toxapex|Toxapex, M|100/100
|-damage|p2a: Toxapex|88/100|[from] Stealth Rock
|
|-weather|Sandstorm|[upkeep]
|-damage|p1a: Tapu Koko|76/100|[from] Sandstorm
|-damage|p2a: Toxapex|82/100|[from] Sandstorm
|-fieldend|move: Electric Terrain
|upkeep
|turn|41
|c| Ryus0ken|thief is better for scizor
|
|t:|1649533951
|switch|p2a: Corviknight|Corviknight, F|57/100
|-damage|p2a: Corviknight|45/100|[from] Stealth Rock
|-ability|p2a: Corviknight|Pressure
|move|p1a: Tapu Koko|Nature's Madness|p2a: Corviknight
|-damage|p2a: Corviknight|23/100
|
|-weather|none
|upkeep
|turn|42
|j| berlyda
|c|☆pizzalover420|Thanks
|c|☆pizzalover420|ill try it out
|
|t:|1649533958
|move|p1a: Tapu Koko|Volt Switch|p2a: Corviknight
|-supereffective|p2a: Corviknight
|-damage|p2a: Corviknight|0 fnt
|faint|p2a: Corviknight
|
|t:|1649533960
|switch|p1a: Scizor|Scizor, F|66/100|[from]move: Volt Switch
|-damage|p1a: Scizor|54/100|[from] Stealth Rock
|
|upkeep
|c| NathanDevious|thief is based
|
|t:|1649533966
|switch|p2a: Toxapex|Toxapex, M|100/100
|-damage|p2a: Toxapex|88/100|[from] Stealth Rock
|turn|43
|
|t:|1649533969
|move|p1a: Scizor|Roost|p1a: Scizor
|-heal|p1a: Scizor|100/100
|-singleturn|p1a: Scizor|move: Roost
|move|p2a: Toxapex|Scald|p1a: Scizor
|-damage|p1a: Scizor|79/100
|
|upkeep
|turn|44
|
|t:|1649533972
|switch|p1a: Tapu Koko|Tapu Koko|76/100
|-fieldstart|move: Electric Terrain|[from] ability: Electric Surge|[of] p1a: Tapu Koko
|move|p2a: Toxapex|Scald|p1a: Tapu Koko
|-damage|p1a: Tapu Koko|48/100
|
|upkeep
|turn|45
|
|t:|1649533976
|move|p1a: Tapu Koko|Roost|p1a: Tapu Koko
|-heal|p1a: Tapu Koko|98/100
|-singleturn|p1a: Tapu Koko|move: Roost
|move|p2a: Toxapex|Gunk Shot|p1a: Tapu Koko
|-supereffective|p1a: Tapu Koko
|-damage|p1a: Tapu Koko|15/100
|
|upkeep
|turn|46
|
|t:|1649533986
|switch|p2a: Hippowdon|Hippowdon, M|82/100 tox
|-damage|p2a: Hippowdon|76/100 tox|[from] Stealth Rock
|-weather|Sandstorm|[from] ability: Sand Stream|[of] p2a: Hippowdon
|move|p1a: Tapu Koko|Roost|p1a: Tapu Koko
|-heal|p1a: Tapu Koko|65/100
|-singleturn|p1a: Tapu Koko|move: Roost
|
|-weather|Sandstorm|[upkeep]
|-damage|p1a: Tapu Koko|59/100|[from] Sandstorm
|-heal|p2a: Hippowdon|82/100 tox|[from] item: Leftovers
|-damage|p2a: Hippowdon|76/100 tox|[from] psn
|upkeep
|turn|47
|
|t:|1649533991
|switch|p1a: Scizor|Scizor, F|79/100
|-damage|p1a: Scizor|67/100|[from] Stealth Rock
|move|p2a: Hippowdon|Earthquake|p1a: Scizor
|-damage|p1a: Scizor|37/100
|
|-weather|Sandstorm|[upkeep]
|-heal|p2a: Hippowdon|82/100 tox|[from] item: Leftovers
|-damage|p2a: Hippowdon|69/100 tox|[from] psn
|upkeep
|turn|48
|
|t:|1649533996
|switch|p2a: Toxapex|Toxapex, M|100/100
|-damage|p2a: Toxapex|88/100|[from] Stealth Rock
|move|p1a: Scizor|Roost|p1a: Scizor
|-heal|p1a: Scizor|87/100
|-singleturn|p1a: Scizor|move: Roost
|
|-weather|Sandstorm|[upkeep]
|-damage|p2a: Toxapex|82/100|[from] Sandstorm
|-fieldend|move: Electric Terrain
|upkeep
|turn|49
|j|+heroictobias
|
|t:|1649533999
|switch|p1a: Tapu Koko|Tapu Koko|59/100
|-fieldstart|move: Electric Terrain|[from] ability: Electric Surge|[of] p1a: Tapu Koko
|move|p2a: Toxapex|Scald|p1a: Tapu Koko
|-damage|p1a: Tapu Koko|33/100
|
|-weather|Sandstorm|[upkeep]
|-damage|p1a: Tapu Koko|26/100|[from] Sandstorm
|-damage|p2a: Toxapex|76/100|[from] Sandstorm
|upkeep
|turn|50
|
|t:|1649534005
|switch|p2a: Hippowdon|Hippowdon, M|69/100 tox
|-damage|p2a: Hippowdon|63/100 tox|[from] Stealth Rock
|move|p1a: Tapu Koko|Roost|p1a: Tapu Koko
|-heal|p1a: Tapu Koko|77/100
|-singleturn|p1a: Tapu Koko|move: Roost
|
|-weather|none
|-heal|p2a: Hippowdon|69/100 tox|[from] item: Leftovers
|-damage|p2a: Hippowdon|63/100 tox|[from] psn
|upkeep
|turn|51
|
|t:|1649534013
|move|p1a: Tapu Koko|Nature's Madness|p2a: Hippowdon
|-damage|p2a: Hippowdon|32/100 tox
|move|p2a: Hippowdon|Slack Off|p2a: Hippowdon
|-heal|p2a: Hippowdon|82/100 tox
|
|-heal|p2a: Hippowdon|88/100 tox|[from] item: Leftovers
|-damage|p2a: Hippowdon|76/100 tox|[from] psn
|upkeep
|turn|52
|
|t:|1649534017
|switch|p1a: Scizor|Scizor, F|87/100
|-damage|p1a: Scizor|75/100|[from] Stealth Rock
|switch|p2a: Toxapex|Toxapex, M|100/100
|-damage|p2a: Toxapex|88/100|[from] Stealth Rock
|
|upkeep
|turn|53
|
|t:|1649534021
|move|p1a: Scizor|Roost|p1a: Scizor
|-heal|p1a: Scizor|100/100
|-singleturn|p1a: Scizor|move: Roost
|move|p2a: Toxapex|Scald|p1a: Scizor
|-damage|p1a: Scizor|82/100
|
|-fieldend|move: Electric Terrain
|upkeep
|turn|54
|j| bdov
|
|t:|1649534026
|move|p1a: Scizor|Swords Dance|p1a: Scizor
|-boost|p1a: Scizor|atk|2
|move|p2a: Toxapex|Scald|p1a: Scizor
|-damage|p1a: Scizor|63/100
|
|upkeep
|turn|55
|
|t:|1649534030
|switch|p1a: Tapu Koko|Tapu Koko|77/100
|-fieldstart|move: Electric Terrain|[from] ability: Electric Surge|[of] p1a: Tapu Koko
|move|p2a: Toxapex|Haze|p2a: Toxapex
|-clearallboost
|
|upkeep
|turn|56
|l| bdov
|
|t:|1649534037
|switch|p2a: Hippowdon|Hippowdon, M|76/100 tox
|-damage|p2a: Hippowdon|70/100 tox|[from] Stealth Rock
|-weather|Sandstorm|[from] ability: Sand Stream|[of] p2a: Hippowdon
|move|p1a: Tapu Koko|Volt Switch|p2a: Hippowdon
|-immune|p2a: Hippowdon
|
|-weather|Sandstorm|[upkeep]
|-damage|p1a: Tapu Koko|71/100|[from] Sandstorm
|-heal|p2a: Hippowdon|76/100 tox|[from] item: Leftovers
|-damage|p2a: Hippowdon|70/100 tox|[from] psn
|upkeep
|turn|57
|
|t:|1649534043
|switch|p1a: Scizor|Scizor, F|63/100
|-damage|p1a: Scizor|50/100|[from] Stealth Rock
|switch|p2a: Toxapex|Toxapex, M|100/100
|-damage|p2a: Toxapex|88/100|[from] Stealth Rock
|
|-weather|Sandstorm|[upkeep]
|-damage|p2a: Toxapex|82/100|[from] Sandstorm
|upkeep
|turn|58
|c| Ryus0ken|wtf with that pex build
|
|t:|1649534046
|move|p1a: Scizor|Roost|p1a: Scizor
|-heal|p1a: Scizor|100/100
|-singleturn|p1a: Scizor|move: Roost
|move|p2a: Toxapex|Scald|p1a: Scizor
|-damage|p1a: Scizor|80/100
|-status|p1a: Scizor|brn
|
|-weather|Sandstorm|[upkeep]
|-damage|p2a: Toxapex|76/100|[from] Sandstorm
|-damage|p1a: Scizor|74/100 brn|[from] brn
|upkeep
|turn|59
|j| bdov
|
|t:|1649534053
|switch|p1a: Tapu Koko|Tapu Koko|71/100
|move|p2a: Toxapex|Gunk Shot|p1a: Tapu Koko
|-supereffective|p1a: Tapu Koko
|-damage|p1a: Tapu Koko|0 fnt
|faint|p1a: Tapu Koko
|
|-weather|Sandstorm|[upkeep]
|-damage|p2a: Toxapex|70/100|[from] Sandstorm
|-fieldend|move: Electric Terrain
|upkeep
|
|t:|1649534054
|switch|p1a: Scizor|Scizor, F|74/100 brn
|-damage|p1a: Scizor|62/100 brn|[from] Stealth Rock
|turn|60
|l| PokeArt2004❤
|c| TRowePrice|LETS GOOO
|c| TRowePrice|THE BURN
|c| blitty boy|Dawg u behind
|
|t:|1649534067
|move|p1a: Scizor|Swords Dance|p1a: Scizor
|-boost|p1a: Scizor|atk|2
|move|p2a: Toxapex|Scald|p1a: Scizor
|-damage|p1a: Scizor|43/100 brn
|
|-weather|none
|-damage|p1a: Scizor|37/100 brn|[from] brn
|upkeep
|turn|61
|
|t:|1649534070
|move|p1a: Scizor|Roost|p1a: Scizor
|-heal|p1a: Scizor|87/100 brn
|-singleturn|p1a: Scizor|move: Roost
|move|p2a: Toxapex|Recover|p2a: Toxapex
|-heal|p2a: Toxapex|100/100
|
|-damage|p1a: Scizor|81/100 brn|[from] brn
|upkeep
|turn|62
|
|t:|1649534073
|move|p1a: Scizor|Swords Dance|p1a: Scizor
|-boost|p1a: Scizor|atk|2
|move|p2a: Toxapex|Haze|p2a: Toxapex
|-clearallboost
|
|-damage|p1a: Scizor|75/100 brn|[from] brn
|upkeep
|turn|63
|j| Ollitoed
|c|☆pizzalover420|Gg
|-message|pizzalover420 forfeited.
|
|win|Lady Writer ❀
|n|☆pizzalover420|pizzalover420
|n|☆Lady Writer ❀|ladywriter
|n|*Lady Monita ✿|ladymonita
|n| BB-8-NU|bb8nu
|n| Axrtix|axrtix
|n| Darkman64|darkman64
|n| Whitemambaff|whitemambaff
|n| DOOR MONEY|doormoney
|n| Failbor21|failbor21
|n| NathanDevious|nathandevious
|n| UnzipsCrogre|unzipscrogre
|n| saba@!|saba
|n| DLTW129|dltw129
|n| AzulADLV|azuladlv
|n| blitty boy|blittyboy
|n| Sql sql|sqlsql
|n| elizabeth jennings|elizabethjennings
|n| Ryus0ken|ryus0ken
|n| Izuyu|izuyu
|n| GoldtOdd1|goldtodd1
|n| Veni Veni Venias|venivenivenias
|n| Lkapkd|lkapkd
|n|%J0rdy004 ♫|j0rdy004
|n| heniii|heniii
|n| Surdish|surdish
|n| arnavgupta|arnavgupta
|n| Ninja|ninja
|n| TRowePrice|troweprice
|n| Another Brazy|anotherbrazy
|n| berlyda|berlyda
|n|+heroictobias|heroictobias
|n| bdov|bdov
|n| Ollitoed|ollitoed
|l|*Lady Monita ✿
|c| TRowePrice|I like to watch animations
|c|☆Lady Writer ❀|gg
|l| BB-8-NU
|l| Veni Veni Venias
|l| bdov
|l| Sql sql
|l| UnzipsCrogre
|l| Whitemambaff
|l| Lkapkd
|l| NathanDevious
|l|+heroictobias
|l| DOOR MONEY
|l| Axrtix
|l| Ollitoed
|c| arnavgupta|that why i like sandtomb on helm scizor
|l|%J0rdy004 ♫
|l| saba
|l|☆pizzalover420
|l| blitty boy
|l| Darkman64
|l| TRowePrice
|l| DLTW129
