|j|☆Corumba
|j|☆war52896
|t:|1608589221
|player|p1|Corumba|schoolkid-gen4|1735
|player|p2|war52896|ethan|1714
|teamsize|p1|6
|teamsize|p2|6
|gametype|singles
|gen|8
|tier|[Gen 8] OU
|rated|
|clearpoke
|poke|p1|Tangrowth, M|
|poke|p1|Dragapult, M|
|poke|p1|Landorus-Therian, M|
|poke|p1|Tentacruel, M|
|poke|p1|Hydreigon, F|
|poke|p1|Melmetal|
|poke|p2|Spectrier|
|poke|p2|Urshifu-*, M|
|poke|p2|Nidoking, M|
|poke|p2|Heatran, F|
|poke|p2|Latios, M|
|poke|p2|Ferrothorn, F|
|rule|Sleep Clause Mod: Limit one foe put to sleep
|rule|Species Clause: Limit one of each Pokémon
|rule|OHKO Clause: OHKO moves are banned
|rule|Evasion Moves Clause: Evasion moves are banned
|rule|Endless Battle Clause: Forcing endless battles is banned
|rule|HP Percentage Mod: HP is shown in percentages
|rule|Dynamax Clause: You cannot dynamax
|teampreview
|j| Super shrimps
|
|t:|1608589258
|start
|switch|p1a: Tentacruel|Tentacruel, M|100/100
|switch|p2a: Ferrothorn|Ferrothorn, F|100/100
|turn|1
|
|t:|1608589268
|switch|p1a: Tangrowth|Tangrowth, M|100/100
|move|p2a: Ferrothorn|Knock Off|p1a: Tangrowth
|-damage|p1a: Tangrowth|89/100
|-damage|p2a: Ferrothorn|84/100|[from] item: Rocky Helmet|[of] p1a: Tangrowth
|-enditem|p1a: Tangrowth|Rocky Helmet|[from] move: Knock Off|[of] p2a: Ferrothorn
|
|-heal|p2a: Ferrothorn|90/100|[from] item: Leftovers
|upkeep
|turn|2
|
|t:|1608589272
|move|p1a: Tangrowth|Knock Off|p2a: Ferrothorn
|-damage|p2a: Ferrothorn|76/100
|-damage|p1a: Tangrowth|76/100|[from] ability: Iron Barbs|[of] p2a: Ferrothorn
|-enditem|p2a: Ferrothorn|Leftovers|[from] move: Knock Off|[of] p1a: Tangrowth
|move|p2a: Ferrothorn|Stealth Rock|p1a: Tangrowth
|-sidestart|p1: Corumba|move: Stealth Rock
|
|upkeep
|turn|3
|
|t:|1608589284
|move|p1a: Tangrowth|Knock Off|p2a: Ferrothorn
|-damage|p2a: Ferrothorn|67/100
|-damage|p1a: Tangrowth|64/100|[from] ability: Iron Barbs|[of] p2a: Ferrothorn
|move|p2a: Ferrothorn|Spikes|p1a: Tangrowth
|-sidestart|p1: Corumba|Spikes
|
|upkeep
|turn|4
|
|t:|1608589288
|move|p1a: Tangrowth|Infestation|p2a: Ferrothorn
|-damage|p2a: Ferrothorn|62/100
|-activate|p2a: Ferrothorn|move: Infestation|[of] p1a: Tangrowth
|-damage|p1a: Tangrowth|51/100|[from] ability: Iron Barbs|[of] p2a: Ferrothorn
|move|p2a: Ferrothorn|Leech Seed|p1a: Tangrowth
|-immune|p1a: Tangrowth
|
|-damage|p2a: Ferrothorn|50/100|[from] move: Infestation|[partiallytrapped]
|upkeep
|turn|5
|
|t:|1608589291
|move|p1a: Tangrowth|Giga Drain|p2a: Ferrothorn
|-resisted|p2a: Ferrothorn
|-damage|p2a: Ferrothorn|44/100
|-heal|p1a: Tangrowth|54/100|[from] drain|[of] p2a: Ferrothorn
|move|p2a: Ferrothorn|Knock Off|p1a: Tangrowth
|-damage|p1a: Tangrowth|47/100
|
|-damage|p2a: Ferrothorn|31/100|[from] move: Infestation|[partiallytrapped]
|upkeep
|turn|6
|
|t:|1608589296
|move|p1a: Tangrowth|Giga Drain|p2a: Ferrothorn
|-resisted|p2a: Ferrothorn
|-damage|p2a: Ferrothorn|25/100
|-heal|p1a: Tangrowth|50/100|[from] drain|[of] p2a: Ferrothorn
|move|p2a: Ferrothorn|Spikes|p1a: Tangrowth
|-sidestart|p1: Corumba|Spikes
|
|-damage|p2a: Ferrothorn|13/100|[from] move: Infestation|[partiallytrapped]
|upkeep
|turn|7
|j| fireburst
|
|t:|1608589300
|switch|p1a: Hydreigon|Hydreigon, F|100/100
|-damage|p1a: Hydreigon|88/100|[from] Stealth Rock
|move|p2a: Ferrothorn|Spikes|p1a: Hydreigon
|-sidestart|p1: Corumba|Spikes
|
|-heal|p1a: Hydreigon|94/100|[from] item: Leftovers
|-end|p2a: Ferrothorn|Infestation|[partiallytrapped]|[silent]
|upkeep
|turn|8
|
|t:|1608589309
|move|p1a: Hydreigon|Defog|p2a: Ferrothorn
|-unboost|p2a: Ferrothorn|evasion|1
|-sideend|p1: Corumba|Spikes|[from] move: Defog|[of] p1a: Hydreigon
|-sideend|p1: Corumba|Stealth Rock|[from] move: Defog|[of] p1a: Hydreigon
|move|p2a: Ferrothorn|Spikes|p1a: Hydreigon
|-sidestart|p1: Corumba|Spikes
|
|-heal|p1a: Hydreigon|100/100|[from] item: Leftovers
|upkeep
|turn|9
|
|t:|1608589316
|move|p1a: Hydreigon|Defog|p2a: Ferrothorn
|-unboost|p2a: Ferrothorn|evasion|1
|-sideend|p1: Corumba|Spikes|[from] move: Defog|[of] p1a: Hydreigon
|move|p2a: Ferrothorn|Spikes|p1a: Hydreigon
|-sidestart|p1: Corumba|Spikes
|
|upkeep
|turn|10
|
|t:|1608589319
|move|p1a: Hydreigon|Defog|p2a: Ferrothorn
|-unboost|p2a: Ferrothorn|evasion|1
|-sideend|p1: Corumba|Spikes|[from] move: Defog|[of] p1a: Hydreigon
|move|p2a: Ferrothorn|Spikes|p1a: Hydreigon
|-sidestart|p1: Corumba|Spikes
|
|upkeep
|turn|11
|
|t:|1608589325
|move|p1a: Hydreigon|Dark Pulse|p2a: Ferrothorn
|-damage|p2a: Ferrothorn|0 fnt
|faint|p2a: Ferrothorn
|
|upkeep
|
|t:|1608589330
|switch|p2a: Urshifu|Urshifu, M|100/100
|turn|12
|
|t:|1608589340
|switch|p1a: Tangrowth|Tangrowth, M|83/100
|-damage|p1a: Tangrowth|71/100|[from] Spikes
|move|p2a: Urshifu|Bulk Up|p2a: Urshifu
|-boost|p2a: Urshifu|atk|1
|-boost|p2a: Urshifu|def|1
|
|upkeep
|turn|13
|
|t:|1608589347
|move|p2a: Urshifu|Wicked Blow|p1a: Tangrowth
|-crit|p1a: Tangrowth
|-damage|p1a: Tangrowth|12/100
|move|p1a: Tangrowth|Sleep Powder|p2a: Urshifu
|-status|p2a: Urshifu|slp|[from] move: Sleep Powder
|
|upkeep
|turn|14
|
|t:|1608589354
|cant|p2a: Urshifu|slp
|move|p1a: Tangrowth|Giga Drain|p2a: Urshifu
|-damage|p2a: Urshifu|61/100 slp
|-heal|p1a: Tangrowth|29/100|[from] drain|[of] p2a: Urshifu
|
|upkeep
|turn|15
|
|t:|1608589363
|switch|p1a: Landorus|Landorus-Therian, M|100/100
|-ability|p1a: Landorus|Intimidate|boost
|-unboost|p2a: Urshifu|atk|1
|cant|p2a: Urshifu|slp
|
|upkeep
|turn|16
|j| Majic PokeTester
|
|t:|1608589372
|-curestatus|p2a: Urshifu|slp|[msg]
|move|p2a: Urshifu|Wicked Blow|p1a: Landorus
|-crit|p1a: Landorus
|-damage|p1a: Landorus|34/100
|move|p1a: Landorus|Earthquake|p2a: Urshifu
|-damage|p2a: Urshifu|26/100
|
|-heal|p1a: Landorus|40/100|[from] item: Leftovers
|upkeep
|turn|17
|
|t:|1608589381
|move|p2a: Urshifu|Wicked Blow|p1a: Landorus
|-crit|p1a: Landorus
|-damage|p1a: Landorus|0 fnt
|faint|p1a: Landorus
|
|upkeep
|
|t:|1608589383
|switch|p1a: Tangrowth|Tangrowth, M|62/100
|-damage|p1a: Tangrowth|50/100|[from] Spikes
|turn|18
|j| Team Tester 3.0
|
|t:|1608589390
|move|p2a: Urshifu|Wicked Blow|p1a: Tangrowth
|-crit|p1a: Tangrowth
|-damage|p1a: Tangrowth|12/100
|move|p1a: Tangrowth|Giga Drain|p2a: Urshifu
|-damage|p2a: Urshifu|0 fnt
|-heal|p1a: Tangrowth|23/100|[from] drain|[of] p2a: Urshifu
|faint|p2a: Urshifu
|
|upkeep
|
|t:|1608589393
|switch|p2a: Nidoking|Nidoking, M|100/100
|turn|19
|
|t:|1608589407
|move|p2a: Nidoking|Sludge Wave|p1a: Tangrowth
|-supereffective|p1a: Tangrowth
|-damage|p1a: Tangrowth|0 fnt
|faint|p1a: Tangrowth
|
|upkeep
|j| Congwuyu
|
|t:|1608589412
|switch|p1a: Tentacruel|Tentacruel, M|100/100
|-damage|p1a: Tentacruel|88/100|[from] Spikes
|turn|20
|
|t:|1608589418
|move|p1a: Tentacruel|Scald|p2a: Nidoking
|-supereffective|p2a: Nidoking
|-crit|p2a: Nidoking
|-damage|p2a: Nidoking|0 fnt
|faint|p2a: Nidoking
|
|-heal|p1a: Tentacruel|94/100|[from] item: Black Sludge
|upkeep
|
|t:|1608589422
|switch|p2a: Latios|Latios, M|100/100
|turn|21
|
|t:|1608589437
|move|p2a: Latios|Psychic|p1a: Tentacruel
|-supereffective|p1a: Tentacruel
|-damage|p1a: Tentacruel|0 fnt
|-damage|p2a: Latios|91/100|[from] item: Life Orb
|faint|p1a: Tentacruel
|
|upkeep
|
|t:|1608589442
|switch|p1a: Dragapult|Dragapult, M|100/100
|-damage|p1a: Dragapult|88/100|[from] Spikes
|turn|22
|l| Congwuyu
|
|t:|1608589449
|switch|p1a: Sgt Bash|Melmetal|100/100
|-damage|p1a: Sgt Bash|88/100|[from] Spikes
|move|p2a: Latios|Draco Meteor|p1a: Sgt Bash
|-resisted|p1a: Sgt Bash
|-damage|p1a: Sgt Bash|47/100
|-unboost|p2a: Latios|spa|2
|-damage|p2a: Latios|81/100|[from] item: Life Orb
|
|-heal|p1a: Sgt Bash|53/100|[from] item: Leftovers
|upkeep
|turn|23
|inactive|Battle timer is ON: inactive players will automatically lose when time's up. (requested by war52896)
|
|t:|1608589456
|move|p2a: Latios|Aura Sphere|p1a: Sgt Bash
|-supereffective|p1a: Sgt Bash
|-damage|p1a: Sgt Bash|18/100
|-damage|p2a: Latios|71/100|[from] item: Life Orb
|move|p1a: Sgt Bash|Substitute|p1a: Sgt Bash
|-fail|p1a: Sgt Bash|move: Substitute|[weak]
|
|-heal|p1a: Sgt Bash|24/100|[from] item: Leftovers
|upkeep
|turn|24
|
|t:|1608589467
|switch|p1a: Dragapult|Dragapult, M|88/100
|-damage|p1a: Dragapult|76/100|[from] Spikes
|move|p2a: Latios|Draco Meteor|p1a: Dragapult
|-supereffective|p1a: Dragapult
|-damage|p1a: Dragapult|0 fnt
|-unboost|p2a: Latios|spa|2
|-damage|p2a: Latios|61/100|[from] item: Life Orb
|faint|p1a: Dragapult
|
|upkeep
|
|t:|1608589478
|switch|p1a: Hydreigon|Hydreigon, F|100/100
|turn|25
|
|t:|1608589485
|switch|p2a: Spectrier|Spectrier|100/100
|move|p1a: Hydreigon|Dark Pulse|p2a: Spectrier
|-supereffective|p2a: Spectrier
|-damage|p2a: Spectrier|23/100
|
|upkeep
|turn|26
|
|t:|1608589491
|move|p2a: Spectrier|Will-O-Wisp|p1a: Hydreigon
|-status|p1a: Hydreigon|brn
|move|p1a: Hydreigon|Dark Pulse|p2a: Spectrier
|-supereffective|p2a: Spectrier
|-damage|p2a: Spectrier|0 fnt
|faint|p2a: Spectrier
|
|-damage|p1a: Hydreigon|94/100 brn|[from] brn
|upkeep
|
|t:|1608589495
|switch|p2a: Latios|Latios, M|61/100
|turn|27
|
|t:|1608589502
|switch|p1a: Sgt Bash|Melmetal|24/100
|-damage|p1a: Sgt Bash|12/100|[from] Spikes
|move|p2a: Latios|Draco Meteor|p1a: Sgt Bash
|-resisted|p1a: Sgt Bash
|-damage|p1a: Sgt Bash|0 fnt
|-unboost|p2a: Latios|spa|2
|-damage|p2a: Latios|51/100|[from] item: Life Orb
|faint|p1a: Sgt Bash
|
|upkeep
|
|t:|1608589505
|switch|p1a: Hydreigon|Hydreigon, F|94/100 brn
|turn|28
|
|t:|1608589509
|switch|p2a: Heatran|Heatran, F|100/100
|move|p1a: Hydreigon|Roost|p1a: Hydreigon
|-heal|p1a: Hydreigon|100/100 brn
|-singleturn|p1a: Hydreigon|move: Roost
|
|-damage|p1a: Hydreigon|94/100 brn|[from] brn
|upkeep
|turn|29
|
|t:|1608589512
|move|p1a: Hydreigon|Dark Pulse|p2a: Heatran
|-damage|p2a: Heatran|64/100
|move|p2a: Heatran|Magma Storm|p1a: Hydreigon
|-resisted|p1a: Hydreigon
|-damage|p1a: Hydreigon|71/100 brn
|-activate|p1a: Hydreigon|move: Magma Storm|[of] p2a: Heatran
|
|-heal|p1a: Hydreigon|77/100 brn|[from] item: Leftovers
|-heal|p2a: Heatran|71/100|[from] item: Leftovers
|-damage|p1a: Hydreigon|71/100 brn|[from] brn
|-damage|p1a: Hydreigon|59/100 brn|[from] move: Magma Storm|[partiallytrapped]
|upkeep
|turn|30
|
|t:|1608589517
|move|p1a: Hydreigon|Roost|p1a: Hydreigon
|-heal|p1a: Hydreigon|100/100 brn
|-singleturn|p1a: Hydreigon|move: Roost
|move|p2a: Heatran|Taunt|p1a: Hydreigon
|-start|p1a: Hydreigon|move: Taunt
|
|-heal|p2a: Heatran|77/100|[from] item: Leftovers
|-damage|p1a: Hydreigon|94/100 brn|[from] brn
|-damage|p1a: Hydreigon|82/100 brn|[from] move: Magma Storm|[partiallytrapped]
|upkeep
|turn|31
|
|t:|1608589520
|move|p1a: Hydreigon|Dark Pulse|p2a: Heatran
|-damage|p2a: Heatran|45/100
|move|p2a: Heatran|Magma Storm|p1a: Hydreigon|[miss]
|-miss|p2a: Heatran|p1a: Hydreigon
|
|-heal|p1a: Hydreigon|88/100 brn|[from] item: Leftovers
|-heal|p2a: Heatran|51/100|[from] item: Leftovers
|-damage|p1a: Hydreigon|82/100 brn|[from] brn
|-damage|p1a: Hydreigon|69/100 brn|[from] move: Magma Storm|[partiallytrapped]
|upkeep
|turn|32
|
|t:|1608589525
|move|p1a: Hydreigon|Dark Pulse|p2a: Heatran
|-damage|p2a: Heatran|20/100
|move|p2a: Heatran|Magma Storm|p1a: Hydreigon
|-resisted|p1a: Hydreigon
|-damage|p1a: Hydreigon|44/100 brn
|
|-heal|p1a: Hydreigon|50/100 brn|[from] item: Leftovers
|-heal|p2a: Heatran|27/100|[from] item: Leftovers
|-damage|p1a: Hydreigon|44/100 brn|[from] brn
|-damage|p1a: Hydreigon|32/100 brn|[from] move: Magma Storm|[partiallytrapped]
|upkeep
|turn|33
|
|t:|1608589534
|move|p1a: Hydreigon|Dark Pulse|p2a: Heatran
|-damage|p2a: Heatran|0 fnt
|faint|p2a: Heatran
|
|-heal|p1a: Hydreigon|38/100 brn|[from] item: Leftovers
|-damage|p1a: Hydreigon|32/100 brn|[from] brn
|-end|p1a: Hydreigon|Magma Storm|[partiallytrapped]
|-end|p1a: Hydreigon|move: Taunt
|upkeep
|c|☆Corumba|arghhh
|
|t:|1608589536
|switch|p2a: Latios|Latios, M|51/100
|turn|34
|c|☆Corumba|g
|c|☆Corumba|gg
|c|☆Corumba|i had the tools
|c|☆war52896|gg
|c|☆Corumba|and fucked it
|
|t:|1608589551
|move|p2a: Latios|Aura Sphere|p1a: Hydreigon
|-supereffective|p1a: Hydreigon
|-damage|p1a: Hydreigon|0 fnt
|-damage|p2a: Latios|41/100|[from] item: Life Orb
|faint|p1a: Hydreigon
|
|win|war52896
|l|☆Corumba
|l| Majic PokeTester
|l| Super shrimps
|raw|Corumba's rating: 1757 &rarr; <strong>1735</strong><br />(-22 for losing)
|raw|war52896's rating: 1735 &rarr; <strong>1756</strong><br />(+21 for winning)
