|j|☆demgeilem
|j|☆YLB798
|t:|1667915979
|gametype|singles
|player|p1|demgeilem|ethan-masters|1495
|player|p2|YLB798|boarder|1492
|teamsize|p1|6
|teamsize|p2|6
|gen|8
|tier|[Gen 8] OU
|rated|
|rule|Sleep Clause Mod: Limit one foe put to sleep
|rule|Species Clause: Limit one of each Pokémon
|rule|OHKO Clause: OHKO moves are banned
|rule|Evasion Items Clause: Evasion items are banned
|rule|Evasion Moves Clause: Evasion moves are banned
|rule|Endless Battle Clause: Forcing endless battles is banned
|rule|HP Percentage Mod: HP is shown in percentages
|rule|Dynamax Clause: You cannot dynamax
|clearpoke
|poke|p1|Melmetal|
|poke|p1|Dragapult, F|
|poke|p1|Slowbro, F|
|poke|p1|Clefable, M|
|poke|p1|Landorus-Therian, M|
|poke|p1|Buzzwole|
|poke|p2|Bisharp, M|
|poke|p2|Dragonite, F|
|poke|p2|Tyranitar, M|
|poke|p2|Kommo-o, M|
|poke|p2|Keldeo-Resolute|
|poke|p2|Corviknight, F|
|teampreview
|
|t:|1667915993
|start
|switch|p1a: Buzzwole|Buzzwole|100/100
|switch|p2a: Keldeo|Keldeo-Resolute|100/100
|turn|1
|
|t:|1667916000
|switch|p1a: Dragapult|Dragapult, F|100/100
|move|p2a: Keldeo|Scald|p1a: Dragapult
|-resisted|p1a: Dragapult
|-damage|p1a: Dragapult|61/100
|-damage|p2a: Keldeo|91/100|[from] item: Life Orb
|
|upkeep
|turn|2
|
|t:|1667916009
|move|p1a: Dragapult|Draco Meteor|p2a: Keldeo
|-crit|p2a: Keldeo
|-damage|p2a: Keldeo|0 fnt
|-unboost|p1a: Dragapult|spa|2
|faint|p2a: Keldeo
|
|upkeep
|
|t:|1667916017
|switch|p2a: Bisharp|Bisharp, M|100/100
|turn|3
|
|t:|1667916020
|switch|p1a: Buzzwole|Buzzwole|100/100
|move|p2a: Bisharp|Knock Off|p1a: Buzzwole
|-resisted|p1a: Buzzwole
|-damage|p1a: Buzzwole|80/100
|-enditem|p1a: Buzzwole|Choice Scarf|[from] move: Knock Off|[of] p2a: Bisharp
|
|upkeep
|turn|4
|
|t:|1667916027
|switch|p2a: Corviknight|Corviknight, F|100/100
|move|p1a: Buzzwole|Close Combat|p2a: Corviknight
|-damage|p2a: Corviknight|60/100
|-unboost|p1a: Buzzwole|def|1
|-unboost|p1a: Buzzwole|spd|1
|
|-heal|p2a: Corviknight|66/100|[from] item: Leftovers
|upkeep
|turn|5
|
|t:|1667916042
|switch|p1a: Melmetal|Melmetal|100/100
|move|p2a: Corviknight|Iron Defense|p2a: Corviknight
|-boost|p2a: Corviknight|def|2
|
|-heal|p2a: Corviknight|72/100|[from] item: Leftovers
|upkeep
|turn|6
|
|t:|1667916051
|switch|p1a: Dragapult|Dragapult, F|61/100
|move|p2a: Corviknight|Iron Defense|p2a: Corviknight
|-boost|p2a: Corviknight|def|2
|
|-heal|p2a: Corviknight|79/100|[from] item: Leftovers
|upkeep
|turn|7
|
|t:|1667916060
|switch|p2a: Tyranitar|Tyranitar, M|100/100
|-weather|Sandstorm|[from] ability: Sand Stream|[of] p2a: Tyranitar
|move|p1a: Dragapult|Flamethrower|p2a: Tyranitar
|-resisted|p2a: Tyranitar
|-damage|p2a: Tyranitar|95/100
|
|-weather|Sandstorm|[upkeep]
|-damage|p1a: Dragapult|55/100|[from] Sandstorm
|upkeep
|turn|8
|
|t:|1667916070
|switch|p1a: Landorus|Landorus-Therian, M|100/100
|-ability|p1a: Landorus|Intimidate|boost
|-unboost|p2a: Tyranitar|atk|1
|move|p2a: Tyranitar|Crunch|p1a: Landorus
|-damage|p1a: Landorus|77/100
|
|-weather|Sandstorm|[upkeep]
|-heal|p1a: Landorus|83/100|[from] item: Leftovers
|upkeep
|turn|9
|
|t:|1667916091
|switch|p2a: Corviknight|Corviknight, F|79/100
|move|p1a: Landorus|Knock Off|p2a: Corviknight
|-damage|p2a: Corviknight|61/100
|-enditem|p2a: Corviknight|Leftovers|[from] move: Knock Off|[of] p1a: Landorus
|
|-weather|Sandstorm|[upkeep]
|-heal|p1a: Landorus|90/100|[from] item: Leftovers
|upkeep
|turn|10
|
|t:|1667916101
|switch|p1a: Clefable|Clefable, M|100/100
|move|p2a: Corviknight|Roost|p2a: Corviknight
|-heal|p2a: Corviknight|100/100
|-singleturn|p2a: Corviknight|move: Roost
|
|-weather|Sandstorm|[upkeep]
|upkeep
|turn|11
|
|t:|1667916110
|switch|p2a: Tyranitar|Tyranitar, M|95/100
|move|p1a: Clefable|Stealth Rock|p2a: Tyranitar
|-sidestart|p2: YLB798|move: Stealth Rock
|
|-weather|none
|upkeep
|turn|12
|
|t:|1667916119
|switch|p1a: Slowbro|Slowbro, F, shiny|100/100
|move|p2a: Tyranitar|Stone Edge|p1a: Slowbro
|-damage|p1a: Slowbro|76/100
|
|upkeep
|turn|13
|
|t:|1667916124
|move|p2a: Tyranitar|Crunch|p1a: Slowbro
|-supereffective|p1a: Slowbro
|-damage|p1a: Slowbro|35/100
|-damage|p2a: Tyranitar|78/100|[from] item: Rocky Helmet|[of] p1a: Slowbro
|move|p1a: Slowbro|Scald|p2a: Tyranitar
|-supereffective|p2a: Tyranitar
|-damage|p2a: Tyranitar|57/100
|-status|p2a: Tyranitar|brn
|
|-damage|p2a: Tyranitar|51/100 brn|[from] brn
|upkeep
|turn|14
|
|t:|1667916136
|move|p2a: Tyranitar|Crunch|p1a: Slowbro
|-supereffective|p1a: Slowbro
|-damage|p1a: Slowbro|14/100
|-damage|p2a: Tyranitar|34/100 brn|[from] item: Rocky Helmet|[of] p1a: Slowbro
|move|p1a: Slowbro|Slack Off|p1a: Slowbro
|-heal|p1a: Slowbro|64/100
|
|-damage|p2a: Tyranitar|28/100 brn|[from] brn
|upkeep
|turn|15
|-message|YLB798 forfeited.
|
|win|demgeilem
|raw|demgeilem's rating: 1495 &rarr; <strong>1515</strong><br />(+20 for winning)
|raw|YLB798's rating: 1492 &rarr; <strong>1472</strong><br />(-20 for losing)
|l|☆YLB798
