|j|☆Dracovishimba
|j|☆Groundt
|player|p1|Dracovishimba|101|1841
|player|p2|Groundt|winona|1769
|teamsize|p1|6
|teamsize|p2|6
|gametype|singles
|gen|8
|tier|[Gen 8] OU
|rated|
|clearpoke
|poke|p1|Hydreigon, F|
|poke|p1|Aegislash, M|
|poke|p1|Mimikyu, M|
|poke|p1|Kommo-o, M|
|poke|p1|Bisharp, M|
|poke|p1|Dragapult, M|
|poke|p2|Cloyster, M|
|poke|p2|Hatterene, F|
|poke|p2|Conkeldurr, F|
|poke|p2|Torkoal, F|
|poke|p2|Bronzong|
|poke|p2|Gardevoir, F|
|rule|Sleep Clause Mod: Limit one foe put to sleep
|rule|Species Clause: Limit one of each Pokémon
|rule|OHKO Clause: OHKO moves are banned
|rule|Evasion Moves Clause: Evasion moves are banned
|rule|Endless Battle Clause: Forcing endless battles is banned
|rule|HP Percentage Mod: HP is shown in percentages
|rule|Dynamax Clause: You cannot dynamax
|teampreview
|
|start
|switch|p1a: Kommo-o|Kommo-o, M|100/100
|switch|p2a: Bronzong|Bronzong|100/100
|turn|1
|
|move|p1a: Kommo-o|Flamethrower|p2a: Bronzong
|-supereffective|p2a: Bronzong
|-damage|p2a: Bronzong|40/100
|-damage|p1a: Kommo-o|91/100|[from] item: Life Orb
|move|p2a: Bronzong|Trick Room|p2a: Bronzong
|-fieldstart|move: Trick Room|[of] p2a: Bronzong
|
|upkeep
|turn|2
|
|switch|p2a: Hatterene|Hatterene, F|100/100
|move|p1a: Kommo-o|Stealth Rock|p2a: Hatterene
|move|p2a: Hatterene|Stealth Rock|p1a: Kommo-o|[from]Magic Bounce
|-sidestart|p1: Dracovishimba|move: Stealth Rock
|
|upkeep
|turn|3
|j| Light chanseyy
|j| DemZii
|
|move|p2a: Hatterene|Dazzling Gleam|p1a: Kommo-o
|-supereffective|p1a: Kommo-o
|-damage|p1a: Kommo-o|0 fnt
|-damage|p2a: Hatterene|91/100|[from] item: Life Orb
|faint|p1a: Kommo-o
|
|upkeep
|
|switch|p1a: Aegislash|Aegislash, M|100/100
|-damage|p1a: Aegislash|94/100|[from] Stealth Rock
|turn|4
|
|move|p2a: Hatterene|Mystical Fire|p1a: Aegislash
|-supereffective|p1a: Aegislash
|-damage|p1a: Aegislash|12/100
|-unboost|p1a: Aegislash|spa|1
|-damage|p2a: Hatterene|81/100|[from] item: Life Orb
|-formechange|p1a: Aegislash|Aegislash-Blade||[from] ability: Stance Change
|move|p1a: Aegislash|Shadow Ball|p2a: Hatterene
|-supereffective|p2a: Hatterene
|-damage|p2a: Hatterene|0 fnt
|-damage|p1a: Aegislash|2/100|[from] item: Life Orb
|faint|p2a: Hatterene
|
|upkeep
|
|switch|p2a: Conkeldurr|Conkeldurr, F|100/100
|turn|5
|
|switch|p2a: Bronzong|Bronzong|40/100
|move|p1a: Aegislash|Steel Beam|p2a: Bronzong
|-resisted|p2a: Bronzong
|-damage|p2a: Bronzong|8/100
|-damage|p1a: Aegislash|0 fnt|[from] mindblown
|faint|p1a: Aegislash
|
|-fieldend|move: Trick Room
|upkeep
|j| outm no
|
|switch|p1a: Hydreigon|Hydreigon, F|100/100
|-damage|p1a: Hydreigon|88/100|[from] Stealth Rock
|turn|6
|
|move|p1a: Hydreigon|Flamethrower|p2a: Bronzong
|-supereffective|p2a: Bronzong
|-damage|p2a: Bronzong|0 fnt
|-damage|p1a: Hydreigon|78/100|[from] item: Life Orb
|faint|p2a: Bronzong
|
|upkeep
|
|switch|p2a: Gardevoir|Gardevoir, F, shiny|100/100
|-ability|p2a: Gardevoir|Levitate|[from] ability: Trace|[of] p1a: Hydreigon
|turn|7
|l| outm no
|
|move|p1a: Hydreigon|Flash Cannon|p2a: Gardevoir
|-supereffective|p2a: Gardevoir
|-damage|p2a: Gardevoir|55/100
|-damage|p1a: Hydreigon|68/100|[from] item: Life Orb
|move|p2a: Gardevoir|Trick Room|p2a: Gardevoir
|-fieldstart|move: Trick Room|[of] p2a: Gardevoir
|
|upkeep
|turn|8
|
|switch|p1a: Bisharp|Bisharp, M|100/100
|-damage|p1a: Bisharp|95/100|[from] Stealth Rock
|move|p2a: Gardevoir|Teleport|p2a: Gardevoir
|
|switch|p2a: Conkeldurr|Conkeldurr, F|100/100|[from]move: Teleport
|
|-status|p2a: Conkeldurr|brn|[from] item: Flame Orb
|upkeep
|turn|9
|
|move|p2a: Conkeldurr|Mach Punch|p1a: Bisharp
|-supereffective|p1a: Bisharp
|-damage|p1a: Bisharp|0 fnt
|faint|p1a: Bisharp
|
|-damage|p2a: Conkeldurr|94/100 brn|[from] brn
|upkeep
|
|switch|p1a: Mimikyu|Mimikyu, M|100/100
|-damage|p1a: Mimikyu|88/100|[from] Stealth Rock
|turn|10
|
|move|p2a: Conkeldurr|Knock Off|p1a: Mimikyu
|-activate|p1a: Mimikyu|ability: Disguise
|-damage|p1a: Mimikyu|88/100
|-enditem|p1a: Mimikyu|Life Orb|[from] move: Knock Off|[of] p2a: Conkeldurr
|detailschange|p1a: Mimikyu|Mimikyu-Busted, M
|-damage|p1a: Mimikyu|76/100|[from] pokemon: mimikyubusted
|move|p1a: Mimikyu|Shadow Claw|p2a: Conkeldurr
|-damage|p2a: Conkeldurr|69/100 brn
|
|-damage|p2a: Conkeldurr|63/100 brn|[from] brn
|upkeep
|turn|11
|j| Commando 55
|
|move|p1a: Mimikyu|Shadow Sneak|p2a: Conkeldurr
|-damage|p2a: Conkeldurr|49/100 brn
|move|p2a: Conkeldurr|Knock Off|p1a: Mimikyu
|-damage|p1a: Mimikyu|12/100
|
|-damage|p2a: Conkeldurr|43/100 brn|[from] brn
|-fieldend|move: Trick Room
|upkeep
|turn|12
|
|move|p1a: Mimikyu|Shadow Claw|p2a: Conkeldurr
|-crit|p2a: Conkeldurr
|-damage|p2a: Conkeldurr|6/100 brn
|move|p2a: Conkeldurr|Knock Off|p1a: Mimikyu
|-damage|p1a: Mimikyu|0 fnt
|faint|p1a: Mimikyu
|
|-damage|p2a: Conkeldurr|0 fnt|[from] brn
|faint|p2a: Conkeldurr
|upkeep
|
|switch|p1a: Dragapult|Dragapult, M|100/100
|switch|p2a: Gardevoir|Gardevoir, F, shiny|55/100
|-damage|p1a: Dragapult|88/100|[from] Stealth Rock
|-ability|p2a: Gardevoir|Infiltrator|[from] ability: Trace|[of] p1a: Dragapult
|turn|13
|
|move|p1a: Dragapult|Steel Wing|p2a: Gardevoir
|-supereffective|p2a: Gardevoir
|-damage|p2a: Gardevoir|0 fnt
|-damage|p1a: Dragapult|78/100|[from] item: Life Orb
|faint|p2a: Gardevoir
|
|upkeep
|l| Commando 55
|
|switch|p2a: Cloyster|Cloyster, M|100/100
|turn|14
|
|move|p1a: Dragapult|Dragon Darts|p2a: Cloyster
|-damage|p2a: Cloyster|71/100
|-anim|p1a: Dragapult|Dragon Darts|p2a: Cloyster
|-damage|p2a: Cloyster|40/100
|-damage|p1a: Dragapult|69/100|[from] item: Life Orb
|move|p2a: Cloyster|Shell Smash|p2a: Cloyster
|-unboost|p2a: Cloyster|def|1
|-unboost|p2a: Cloyster|spd|1
|-boost|p2a: Cloyster|atk|2
|-boost|p2a: Cloyster|spa|2
|-boost|p2a: Cloyster|spe|2
|
|upkeep
|turn|15
|
|move|p1a: Dragapult|Sucker Punch|p2a: Cloyster
|-damage|p2a: Cloyster|0 fnt
|-damage|p1a: Dragapult|59/100|[from] item: Life Orb
|faint|p2a: Cloyster
|
|upkeep
|-message|Groundt forfeited.
|
|win|Dracovishimba
|l|☆Groundt
|raw|Dracovishimba's rating: 1841 &rarr; <strong>1857</strong><br />(+16 for winning)
|raw|Groundt's rating: 1769 &rarr; <strong>1753</strong><br />(-16 for losing)
