|j|☆Meroz
|j|☆Ho-scar-Oh
|player|p1|Meroz|265|1742
|player|p2|Ho-scar-Oh|doctor|1745
|teamsize|p1|6
|teamsize|p2|6
|gametype|singles
|gen|8
|tier|[Gen 8] OU
|rated|
|clearpoke
|poke|p1|Gengar, M|
|poke|p1|Magearna|
|poke|p1|Kommo-o, F|
|poke|p1|Terrakion|
|poke|p1|Comfey, F|
|poke|p1|Cinderace, M|
|poke|p2|Hawlucha, F|
|poke|p2|Rillaboom, F|
|poke|p2|Zeraora|
|poke|p2|Magearna|
|poke|p2|Accelgor, F|
|poke|p2|Dragapult, F|
|rule|Sleep Clause Mod: Limit one foe put to sleep
|rule|Species Clause: Limit one of each Pokémon
|rule|OHKO Clause: OHKO moves are banned
|rule|Evasion Moves Clause: Evasion moves are banned
|rule|Endless Battle Clause: Forcing endless battles is banned
|rule|HP Percentage Mod: HP is shown in percentages
|rule|Dynamax Clause: You cannot dynamax
|teampreview
|
|start
|switch|p1a: Gengar|Gengar, M|100/100
|switch|p2a: Accelgor|Accelgor, F|100/100
|turn|1
|
|move|p2a: Accelgor|Spikes|p1a: Gengar
|-sidestart|p1: Meroz|Spikes
|move|p1a: Gengar|Shadow Ball|p2a: Accelgor
|-damage|p2a: Accelgor|32/100
|
|upkeep
|turn|2
|
|move|p2a: Accelgor|Spikes|p1a: Gengar
|-sidestart|p1: Meroz|Spikes
|move|p1a: Gengar|Shadow Ball|p2a: Accelgor
|-damage|p2a: Accelgor|0 fnt
|faint|p2a: Accelgor
|
|upkeep
|
|switch|p2a: Dragapult|Dragapult, F|100/100
|turn|3
|inactive|Battle timer is ON: inactive players will automatically lose when time's up. (requested by Meroz)
|
|switch|p1a: Magearna|Magearna|100/100
|-damage|p1a: Magearna|84/100|[from] Spikes
|move|p2a: Dragapult|Fire Blast|p1a: Magearna|[miss]
|-miss|p2a: Dragapult|p1a: Magearna
|
|upkeep
|turn|4
|
|switch|p2a: Magearna|Magearna|100/100
|move|p1a: Magearna|Draining Kiss|p2a: Magearna
|-resisted|p2a: Magearna
|-damage|p2a: Magearna|91/100
|-heal|p1a: Magearna|91/100|[from] drain|[of] p2a: Magearna
|
|-heal|p2a: Magearna|97/100|[from] item: Leftovers
|upkeep
|turn|5
|
|move|p2a: Magearna|Calm Mind|p2a: Magearna
|-boost|p2a: Magearna|spa|1
|-boost|p2a: Magearna|spd|1
|move|p1a: Magearna|Volt Switch|p2a: Magearna
|-damage|p2a: Magearna|85/100
|
|switch|p1a: Cinderace|Cinderace, M|100/100|[from]move: Volt Switch
|
|-heal|p2a: Magearna|91/100|[from] item: Leftovers
|upkeep
|turn|6
|
|move|p1a: Cinderace|Pyro Ball|p2a: Magearna|[miss]
|-miss|p1a: Cinderace|p2a: Magearna
|move|p2a: Magearna|Thunderbolt|p1a: Cinderace
|-damage|p1a: Cinderace|26/100
|
|-heal|p2a: Magearna|97/100|[from] item: Leftovers
|upkeep
|turn|7
|j| youke
|
|move|p1a: Cinderace|Pyro Ball|p2a: Magearna
|-supereffective|p2a: Magearna
|-damage|p2a: Magearna|0 fnt
|faint|p2a: Magearna
|
|upkeep
|
|switch|p2a: Rillaboom|Rillaboom, F|100/100
|-fieldstart|move: Grassy Terrain|[from] ability: Grassy Surge|[of] p2a: Rillaboom
|turn|8
|
|switch|p1a: Kommo-o|Kommo-o, F|100/100
|-damage|p1a: Kommo-o|84/100|[from] Spikes
|move|p2a: Rillaboom|Grassy Glide|p1a: Kommo-o
|-resisted|p1a: Kommo-o
|-damage|p1a: Kommo-o|67/100
|-damage|p2a: Rillaboom|91/100|[from] item: Life Orb
|
|-heal|p2a: Rillaboom|97/100|[from] Grassy Terrain
|-heal|p1a: Kommo-o|74/100|[from] item: Leftovers
|-heal|p1a: Kommo-o|80/100|[from] Grassy Terrain
|upkeep
|turn|9
|
|move|p2a: Rillaboom|Swords Dance|p2a: Rillaboom
|-boost|p2a: Rillaboom|atk|2
|move|p1a: Kommo-o|Stealth Rock|p2a: Rillaboom
|-sidestart|p2: Ho-scar-Oh|move: Stealth Rock
|
|-heal|p2a: Rillaboom|100/100|[from] Grassy Terrain
|-heal|p1a: Kommo-o|86/100|[from] item: Leftovers
|-heal|p1a: Kommo-o|92/100|[from] Grassy Terrain
|upkeep
|turn|10
|
|move|p2a: Rillaboom|Swords Dance|p2a: Rillaboom
|-boost|p2a: Rillaboom|atk|2
|move|p1a: Kommo-o|Toxic|p2a: Rillaboom
|-status|p2a: Rillaboom|tox
|
|-heal|p1a: Kommo-o|99/100|[from] item: Leftovers
|-heal|p1a: Kommo-o|100/100|[from] Grassy Terrain
|-damage|p2a: Rillaboom|94/100 tox|[from] psn
|upkeep
|turn|11
|j| nuv92
|
|switch|p1a: Gengar|Gengar, M|100/100
|-damage|p1a: Gengar|84/100|[from] Spikes
|move|p2a: Rillaboom|Superpower|p1a: Gengar
|-immune|p1a: Gengar
|
|-heal|p1a: Gengar|90/100|[from] item: Black Sludge
|-heal|p1a: Gengar|96/100|[from] Grassy Terrain
|-heal|p2a: Rillaboom|100/100 tox|[from] Grassy Terrain
|-damage|p2a: Rillaboom|88/100 tox|[from] psn
|upkeep
|turn|12
|
|switch|p1a: Cinderace|Cinderace, M|26/100
|move|p2a: Rillaboom|Grassy Glide|p1a: Cinderace
|-resisted|p1a: Cinderace
|-damage|p1a: Cinderace|0 fnt
|-damage|p2a: Rillaboom|78/100 tox|[from] item: Life Orb
|faint|p1a: Cinderace
|
|-heal|p2a: Rillaboom|84/100 tox|[from] Grassy Terrain
|-fieldend|move: Grassy Terrain
|-damage|p2a: Rillaboom|66/100 tox|[from] psn
|upkeep
|l| nuv92
|
|switch|p1a: Gengar|Gengar, M|96/100
|-damage|p1a: Gengar|80/100|[from] Spikes
|turn|13
|
|move|p1a: Gengar|Sludge Wave|p2a: Rillaboom
|-supereffective|p2a: Rillaboom
|-damage|p2a: Rillaboom|0 fnt
|faint|p2a: Rillaboom
|
|-heal|p1a: Gengar|86/100|[from] item: Black Sludge
|upkeep
|
|switch|p2a: Dragapult|Dragapult, F|100/100
|-damage|p2a: Dragapult|88/100|[from] Stealth Rock
|turn|14
|
|move|p2a: Dragapult|Dragon Darts|p1a: Gengar
|-damage|p1a: Gengar|15/100
|-anim|p2a: Dragapult|Dragon Darts|p1a: Gengar
|-damage|p1a: Gengar|0 fnt
|-damage|p2a: Dragapult|78/100|[from] item: Life Orb
|faint|p1a: Gengar
|
|upkeep
|
|switch|p1a: Magearna|Magearna|91/100
|-damage|p1a: Magearna|74/100|[from] Spikes
|turn|15
|
|move|p2a: Dragapult|Fire Blast|p1a: Magearna
|-supereffective|p1a: Magearna
|-damage|p1a: Magearna|29/100
|-enditem|p1a: Magearna|Sitrus Berry|[eat]
|-heal|p1a: Magearna|54/100|[from] item: Sitrus Berry
|-damage|p2a: Dragapult|69/100|[from] item: Life Orb
|move|p1a: Magearna|Draining Kiss|p2a: Dragapult
|-supereffective|p2a: Dragapult
|-damage|p2a: Dragapult|6/100
|-heal|p1a: Magearna|96/100|[from] drain|[of] p2a: Dragapult
|
|upkeep
|turn|16
|
|switch|p1a: Terrakion|Terrakion|100/100
|-damage|p1a: Terrakion|84/100|[from] Spikes
|move|p2a: Dragapult|Fire Blast|p1a: Terrakion
|-resisted|p1a: Terrakion
|-crit|p1a: Terrakion
|-damage|p1a: Terrakion|57/100
|-damage|p2a: Dragapult|0 fnt|[from] item: Life Orb
|faint|p2a: Dragapult
|
|upkeep
|
|switch|p2a: Zeraora|Zeraora|100/100
|-damage|p2a: Zeraora|88/100|[from] Stealth Rock
|turn|17
|
|move|p1a: Terrakion|Earthquake|p2a: Zeraora
|-supereffective|p2a: Zeraora
|-damage|p2a: Zeraora|0 fnt
|faint|p2a: Zeraora
|
|upkeep
|-message|Ho-scar-Oh forfeited.
|
|win|Meroz
|l|☆Ho-scar-Oh
|raw|Meroz's rating: 1743 &rarr; <strong>1761</strong><br />(+18 for winning)
|raw|Ho-scar-Oh's rating: 1721 &rarr; <strong>1702</strong><br />(-19 for losing)
|l|☆Meroz
