|html|<div class="broadcast-blue"><strong>[Gen 8] OU is currently suspecting Melmetal! For information on how to participate check out the <a href="https://www.smogon.com/forums/threads/np-ss-ou-suspect-process-round-12-monster-mash.3709234/">suspect thread</a>.</strong></div>
|j|‽hypervortexreturns
|j|☆bramitoboy
|t:|1666175652
|gametype|singles
|player|p1|hypervortexreturns|265|1850
|player|p2|bramitoboy|101|1869
|teamsize|p1|6
|teamsize|p2|6
|gen|8
|tier|[Gen 8] OU
|rated|
|rule|Sleep Clause Mod: Limit one foe put to sleep
|rule|Species Clause: Limit one of each Pokémon
|rule|OHKO Clause: OHKO moves are banned
|rule|Evasion Items Clause: Evasion items are banned
|rule|Evasion Moves Clause: Evasion moves are banned
|rule|Endless Battle Clause: Forcing endless battles is banned
|rule|HP Percentage Mod: HP is shown in percentages
|rule|Dynamax Clause: You cannot dynamax
|clearpoke
|poke|p1|Hydreigon, M|
|poke|p1|Zapdos|
|poke|p1|Tangrowth, F|
|poke|p1|Corviknight, M|
|poke|p1|Excadrill, F|
|poke|p1|Azumarill, F|
|poke|p2|Zarude-Dada|
|poke|p2|Keldeo-Resolute|
|poke|p2|Tapu Lele|
|poke|p2|Tapu Koko|
|poke|p2|Heatran, F|
|poke|p2|Landorus-Therian, M|
|teampreview
|j| Ragnnis
|inactive|Battle timer is ON: inactive players will automatically lose when time's up. (requested by hypervortexreturns)
|inactive|bramitoboy has 120 seconds left.
|
|t:|1666175719
|start
|switch|p1a: Tangrowth|Tangrowth, F|100/100
|switch|p2a: Heatran|Heatran, F|100/100
|-item|p2a: Heatran|Air Balloon
|turn|1
|
|t:|1666175730
|switch|p1a: Hydreigon|Hydreigon, M|100/100
|move|p2a: Heatran|Stealth Rock|p1a: Hydreigon
|-sidestart|p1: hypervortexreturns|move: Stealth Rock
|
|upkeep
|turn|2
|
|t:|1666175739
|switch|p2a: Tapu Lele|Tapu Lele|100/100
|-fieldstart|move: Psychic Terrain|[from] ability: Psychic Surge|[of] p2a: Tapu Lele
|move|p1a: Hydreigon|Dark Pulse|p2a: Tapu Lele
|-damage|p2a: Tapu Lele|76/100
|
|upkeep
|turn|3
|
|t:|1666175766
|switch|p1a: Corviknight|Corviknight, M|100/100
|-damage|p1a: Corviknight|88/100|[from] Stealth Rock
|-ability|p1a: Corviknight|Pressure
|move|p2a: Tapu Lele|Focus Blast|p1a: Corviknight
|-damage|p1a: Corviknight|53/100
|
|-heal|p1a: Corviknight|59/100|[from] item: Leftovers
|upkeep
|turn|4
|j| lukisonic23
|
|t:|1666175778
|move|p2a: Tapu Lele|Thunderbolt|p1a: Corviknight
|-supereffective|p1a: Corviknight
|-damage|p1a: Corviknight|9/100
|move|p1a: Corviknight|Roost|p1a: Corviknight
|-heal|p1a: Corviknight|59/100
|-singleturn|p1a: Corviknight|move: Roost
|
|-heal|p1a: Corviknight|66/100|[from] item: Leftovers
|upkeep
|turn|5
|
|t:|1666175792
|move|p2a: Tapu Lele|Thunderbolt|p1a: Corviknight
|-supereffective|p1a: Corviknight
|-damage|p1a: Corviknight|18/100
|move|p1a: Corviknight|Brave Bird|p2a: Tapu Lele
|-damage|p2a: Tapu Lele|21/100
|-damage|p1a: Corviknight|5/100|[from] Recoil
|
|-heal|p1a: Corviknight|12/100|[from] item: Leftovers
|upkeep
|turn|6
|inactive|hypervortexreturns has 120 seconds left.
|
|t:|1666175809
|move|p2a: Tapu Lele|Moonblast|p1a: Corviknight
|-resisted|p1a: Corviknight
|-damage|p1a: Corviknight|0 fnt
|faint|p1a: Corviknight
|
|-fieldend|move: Psychic Terrain
|upkeep
|inactive|hypervortexreturns has 120 seconds left.
|
|t:|1666175824
|switch|p1a: Excadrill|Excadrill, F|100/100
|-damage|p1a: Excadrill|97/100|[from] Stealth Rock
|-ability|p1a: Excadrill|Mold Breaker
|turn|7
|
|t:|1666175833
|switch|p2a: Landorus|Landorus-Therian, M|100/100
|-ability|p2a: Landorus|Intimidate|boost
|-unboost|p1a: Excadrill|atk|1
|move|p1a: Excadrill|Iron Head|p2a: Landorus
|-damage|p2a: Landorus|80/100
|-damage|p1a: Excadrill|81/100|[from] item: Rocky Helmet|[of] p2a: Landorus
|
|-heal|p1a: Excadrill|87/100|[from] item: Leftovers
|upkeep
|turn|8
|inactive|hypervortexreturns has 120 seconds left.
|
|t:|1666175850
|move|p1a: Excadrill|Stealth Rock|p2a: Landorus
|-sidestart|p2: bramitoboy|move: Stealth Rock
|move|p2a: Landorus|Toxic|p1a: Excadrill
|-immune|p1a: Excadrill
|
|-heal|p1a: Excadrill|93/100|[from] item: Leftovers
|upkeep
|turn|9
|l| Ragnnis
|j| Natu Hurry
|inactive|hypervortexreturns has 90 seconds left.
|
|t:|1666175883
|switch|p1a: Azumarill|Azumarill, F|100/100
|-damage|p1a: Azumarill|88/100|[from] Stealth Rock
|move|p2a: Landorus|Toxic|p1a: Azumarill
|-status|p1a: Azumarill|tox
|
|-damage|p1a: Azumarill|82/100 tox|[from] psn
|upkeep
|turn|10
|inactive|hypervortexreturns has 90 seconds left.
|
|t:|1666175906
|move|p2a: Landorus|Defog|p1a: Azumarill
|-unboost|p1a: Azumarill|evasion|1
|-sideend|p1: hypervortexreturns|Stealth Rock|[from] move: Defog|[of] p2a: Landorus
|-sideend|p2: bramitoboy|Stealth Rock|[from] move: Defog|[of] p2a: Landorus
|move|p1a: Azumarill|Knock Off|p2a: Landorus
|-damage|p2a: Landorus|49/100
|-damage|p1a: Azumarill|65/100 tox|[from] item: Rocky Helmet|[of] p2a: Landorus
|-enditem|p2a: Landorus|Rocky Helmet|[from] move: Knock Off|[of] p1a: Azumarill
|
|-damage|p1a: Azumarill|53/100 tox|[from] psn
|upkeep
|turn|11
|inactive|hypervortexreturns has 90 seconds left.
|
|t:|1666175923
|move|p2a: Landorus|Earthquake|p1a: Azumarill
|-damage|p1a: Azumarill|0 fnt
|faint|p1a: Azumarill
|
|upkeep
|
|t:|1666175931
|switch|p1a: Zapdos|Zapdos|100/100
|turn|12
|
|t:|1666175936
|switch|p2a: Tapu Koko|Tapu Koko|100/100
|-fieldstart|move: Electric Terrain|[from] ability: Electric Surge|[of] p2a: Tapu Koko
|move|p1a: Zapdos|Hurricane|p2a: Tapu Koko
|-resisted|p2a: Tapu Koko
|-damage|p2a: Tapu Koko|63/100
|
|upkeep
|turn|13
|inactive|hypervortexreturns has 90 seconds left.
|
|t:|1666175954
|switch|p1a: Excadrill|Excadrill, F|93/100
|-ability|p1a: Excadrill|Mold Breaker
|move|p2a: Tapu Koko|Toxic|p1a: Excadrill
|-immune|p1a: Excadrill
|
|-heal|p1a: Excadrill|99/100|[from] item: Leftovers
|upkeep
|turn|14
|inactive|hypervortexreturns has 90 seconds left.
|
|t:|1666175982
|switch|p2a: Keldeo|Keldeo-Resolute|100/100
|move|p1a: Excadrill|Stealth Rock|p2a: Keldeo
|-sidestart|p2: bramitoboy|move: Stealth Rock
|
|-heal|p1a: Excadrill|100/100|[from] item: Leftovers
|upkeep
|turn|15
|
|t:|1666176000
|switch|p1a: Zapdos|Zapdos|100/100
|move|p2a: Keldeo|Calm Mind|p2a: Keldeo
|-boost|p2a: Keldeo|spa|1
|-boost|p2a: Keldeo|spd|1
|
|upkeep
|turn|16
|
|t:|1666176007
|move|p2a: Keldeo|Substitute|p2a: Keldeo
|-start|p2a: Keldeo|Substitute
|-damage|p2a: Keldeo|75/100
|move|p1a: Zapdos|Discharge|p2a: Keldeo
|-supereffective|p2a: Keldeo
|-end|p2a: Keldeo|Substitute
|
|-heal|p2a: Keldeo|82/100|[from] item: Leftovers
|-fieldend|move: Electric Terrain
|upkeep
|turn|17
|
|t:|1666176017
|move|p2a: Keldeo|Scald|p1a: Zapdos
|-damage|p1a: Zapdos|39/100
|move|p1a: Zapdos|Discharge|p2a: Keldeo
|-supereffective|p2a: Keldeo
|-damage|p2a: Keldeo|25/100
|
|-heal|p2a: Keldeo|32/100|[from] item: Leftovers
|upkeep
|turn|18
|
|t:|1666176028
|move|p2a: Keldeo|Scald|p1a: Zapdos
|-damage|p1a: Zapdos|0 fnt
|faint|p1a: Zapdos
|
|-heal|p2a: Keldeo|38/100|[from] item: Leftovers
|upkeep
|
|t:|1666176036
|switch|p1a: Tangrowth|Tangrowth, F|100/100
|turn|19
|
|t:|1666176040
|switch|p2a: Zarude|Zarude-Dada|100/100
|-damage|p2a: Zarude|88/100|[from] Stealth Rock
|move|p1a: Tangrowth|Power Whip|p2a: Zarude
|-resisted|p2a: Zarude
|-damage|p2a: Zarude|68/100
|
|upkeep
|turn|20
|inactive|hypervortexreturns has 90 seconds left.
|
|t:|1666176056
|switch|p2a: Landorus|Landorus-Therian, M|49/100
|-damage|p2a: Landorus|37/100|[from] Stealth Rock
|-ability|p2a: Landorus|Intimidate|boost
|-unboost|p1a: Tangrowth|atk|1
|move|p1a: Tangrowth|Knock Off|p2a: Landorus
|-damage|p2a: Landorus|29/100
|
|upkeep
|turn|21
|
|t:|1666176083
|switch|p1a: Hydreigon|Hydreigon, M|100/100
|move|p2a: Landorus|Defog|p1a: Hydreigon
|-unboost|p1a: Hydreigon|evasion|1
|-sideend|p2: bramitoboy|Stealth Rock|[from] move: Defog|[of] p2a: Landorus
|
|upkeep
|turn|22
|
|t:|1666176091
|switch|p2a: Tapu Koko|Tapu Koko|63/100
|-fieldstart|move: Electric Terrain|[from] ability: Electric Surge|[of] p2a: Tapu Koko
|move|p1a: Hydreigon|Dark Pulse|p2a: Tapu Koko
|-resisted|p2a: Tapu Koko
|-damage|p2a: Tapu Koko|39/100
|
|upkeep
|turn|23
|inactive|hypervortexreturns has 60 seconds left.
|
|t:|1666176118
|switch|p2a: Keldeo|Keldeo-Resolute|38/100
|switch|p1a: Excadrill|Excadrill, F|100/100
|-ability|p1a: Excadrill|Mold Breaker
|
|-heal|p2a: Keldeo|44/100|[from] item: Leftovers
|upkeep
|turn|24
|inactive|hypervortexreturns has 60 seconds left.
|
|t:|1666176145
|switch|p1a: Tangrowth|Tangrowth, F|100/100
|move|p2a: Keldeo|Scald|p1a: Tangrowth
|-resisted|p1a: Tangrowth
|-damage|p1a: Tangrowth|72/100
|
|-heal|p2a: Keldeo|50/100|[from] item: Leftovers
|upkeep
|turn|25
|inactive|hypervortexreturns has 60 seconds left.
|
|t:|1666176161
|switch|p2a: Zarude|Zarude-Dada|68/100
|move|p1a: Tangrowth|Power Whip|p2a: Zarude
|-resisted|p2a: Zarude
|-damage|p2a: Zarude|49/100
|
|upkeep
|turn|26
|
|t:|1666176177
|move|p2a: Zarude|Synthesis|p2a: Zarude
|-heal|p2a: Zarude|99/100
|move|p1a: Tangrowth|Knock Off|p2a: Zarude
|-resisted|p2a: Zarude
|-damage|p2a: Zarude|88/100
|-enditem|p2a: Zarude|Life Orb|[from] move: Knock Off|[of] p1a: Tangrowth
|
|-fieldend|move: Electric Terrain
|upkeep
|turn|27
|
|t:|1666176189
|move|p2a: Zarude|Bulk Up|p2a: Zarude
|-boost|p2a: Zarude|atk|1
|-boost|p2a: Zarude|def|1
|move|p1a: Tangrowth|Focus Blast|p2a: Zarude
|-supereffective|p2a: Zarude
|-damage|p2a: Zarude|33/100
|
|upkeep
|turn|28
|
|t:|1666176198
|move|p2a: Zarude|Synthesis|p2a: Zarude
|-heal|p2a: Zarude|83/100
|move|p1a: Tangrowth|Focus Blast|p2a: Zarude
|-supereffective|p2a: Zarude
|-damage|p2a: Zarude|18/100
|
|upkeep
|turn|29
|
|t:|1666176205
|move|p2a: Zarude|Synthesis|p2a: Zarude
|-heal|p2a: Zarude|68/100
|move|p1a: Tangrowth|Focus Blast|p2a: Zarude
|-supereffective|p2a: Zarude
|-damage|p2a: Zarude|9/100
|
|upkeep
|turn|30
|inactive|hypervortexreturns has 60 seconds left.
|j| dwagdvwagdwad
|
|t:|1666176212
|move|p2a: Zarude|Synthesis|p2a: Zarude
|-heal|p2a: Zarude|59/100
|move|p1a: Tangrowth|Focus Blast|p2a: Zarude
|-supereffective|p2a: Zarude
|-damage|p2a: Zarude|0 fnt
|faint|p2a: Zarude
|
|upkeep
|
|t:|1666176232
|switch|p2a: Tapu Lele|Tapu Lele|21/100
|-fieldstart|move: Psychic Terrain|[from] ability: Psychic Surge|[of] p2a: Tapu Lele
|turn|31
|inactive|hypervortexreturns has 60 seconds left.
|
|t:|1666176256
|switch|p1a: Excadrill|Excadrill, F|100/100
|-ability|p1a: Excadrill|Mold Breaker
|move|p2a: Tapu Lele|Focus Blast|p1a: Excadrill
|-supereffective|p1a: Excadrill
|-damage|p1a: Excadrill|0 fnt
|faint|p1a: Excadrill
|
|upkeep
|
|t:|1666176265
|switch|p1a: Hydreigon|Hydreigon, M|100/100
|turn|32
|inactive|hypervortexreturns has 60 seconds left.
|
|t:|1666176271
|switch|p2a: Keldeo|Keldeo-Resolute|50/100
|move|p1a: Hydreigon|Dark Pulse|p2a: Keldeo
|-resisted|p2a: Keldeo
|-damage|p2a: Keldeo|31/100
|-ability|p2a: Keldeo|Justified|boost
|-boost|p2a: Keldeo|atk|1
|
|-heal|p2a: Keldeo|37/100|[from] item: Leftovers
|upkeep
|turn|33
|inactive|hypervortexreturns has 60 seconds left.
|
|t:|1666176284
|switch|p1a: Tangrowth|Tangrowth, F|100/100
|move|p2a: Keldeo|Secret Sword|p1a: Tangrowth
|-damage|p1a: Tangrowth|76/100
|
|-heal|p2a: Keldeo|43/100|[from] item: Leftovers
|upkeep
|turn|34
|inactive|hypervortexreturns has 60 seconds left.
|
|t:|1666176294
|switch|p2a: Landorus|Landorus-Therian, M|29/100
|-ability|p2a: Landorus|Intimidate|boost
|-unboost|p1a: Tangrowth|atk|1
|move|p1a: Tangrowth|Power Whip|p2a: Landorus
|-damage|p2a: Landorus|8/100
|
|upkeep
|turn|35
|inactive|hypervortexreturns has 60 seconds left.
|
|t:|1666176306
|move|p2a: Landorus|Toxic|p1a: Tangrowth
|-status|p1a: Tangrowth|tox
|move|p1a: Tangrowth|Knock Off|p2a: Landorus
|-damage|p2a: Landorus|0 fnt
|faint|p2a: Landorus
|
|-damage|p1a: Tangrowth|70/100 tox|[from] psn
|-fieldend|move: Psychic Terrain
|upkeep
|
|t:|1666176310
|switch|p2a: Tapu Lele|Tapu Lele|21/100
|-fieldstart|move: Psychic Terrain|[from] ability: Psychic Surge|[of] p2a: Tapu Lele
|turn|36
|
|t:|1666176321
|move|p2a: Tapu Lele|Moonblast|p1a: Tangrowth
|-damage|p1a: Tangrowth|0 fnt
|faint|p1a: Tangrowth
|
|upkeep
|
|t:|1666176326
|switch|p1a: Hydreigon|Hydreigon, M|100/100
|turn|37
|
|t:|1666176330
|move|p1a: Hydreigon|Dark Pulse|p2a: Tapu Lele
|-damage|p2a: Tapu Lele|0 fnt
|faint|p2a: Tapu Lele
|
|upkeep
|j| Jynx nuggets
|
|t:|1666176333
|switch|p2a: Tapu Koko|Tapu Koko|39/100
|-fieldstart|move: Electric Terrain|[from] ability: Electric Surge|[of] p2a: Tapu Koko
|turn|38
|
|t:|1666176338
|move|p2a: Tapu Koko|Dazzling Gleam|p1a: Hydreigon
|-supereffective|p1a: Hydreigon
|-damage|p1a: Hydreigon|0 fnt
|faint|p1a: Hydreigon
|
|win|bramitoboy
|raw|hypervortexreturns's rating: 1823 &rarr; <strong>1806</strong><br />(-17 for losing)
|raw|bramitoboy's rating: 1869 &rarr; <strong>1886</strong><br />(+17 for winning)
|l| dwagdvwagdwad
