|j|☆Dr. Elite
|j|☆Sombra Diurna
|t:|1655493608
|gametype|singles
|player|p1|Dr. Elite|#drelite|1820
|player|p2|Sombra Diurna|blue|1835
|teamsize|p1|6
|teamsize|p2|6
|gen|8
|tier|[Gen 8] OU
|rated|
|rule|Sleep Clause Mod: Limit one foe put to sleep
|rule|Species Clause: Limit one of each Pokémon
|rule|OHKO Clause: OHKO moves are banned
|rule|Evasion Moves Clause: Evasion moves are banned
|rule|Endless Battle Clause: Forcing endless battles is banned
|rule|HP Percentage Mod: HP is shown in percentages
|rule|Dynamax Clause: You cannot dynamax
|clearpoke
|poke|p1|Primarina, F|
|poke|p1|Rapidash-Galar, F|
|poke|p1|Togekiss, M|
|poke|p1|Hatterene, F|
|poke|p1|Klefki, F|
|poke|p1|Gardevoir, F|
|poke|p2|Slowbro, M|
|poke|p2|Hatterene, F|
|poke|p2|Marowak-Alola, F|
|poke|p2|Ferrothorn, M|
|poke|p2|Garchomp, F|
|poke|p2|Drampa, M|
|teampreview
|
|t:|1655493626
|start
|switch|p1a: Love|Primarina, F|100/100
|switch|p2a: Thorns|Ferrothorn, M|100/100
|turn|1
|
|t:|1655493631
|move|p1a: Love|Substitute|p1a: Love
|-start|p1a: Love|Substitute
|-damage|p1a: Love|75/100
|move|p2a: Thorns|Gyro Ball|p1a: Love
|-activate|p1a: Love|move: Substitute|[damage]
|
|-heal|p1a: Love|82/100|[from] item: Leftovers
|upkeep
|turn|2
|
|t:|1655493639
|move|p1a: Love|Scald|p2a: Thorns
|-resisted|p2a: Thorns
|-damage|p2a: Thorns|89/100
|move|p2a: Thorns|Gyro Ball|p1a: Love
|-end|p1a: Love|Substitute
|
|-heal|p1a: Love|88/100|[from] item: Leftovers
|-heal|p2a: Thorns|96/100|[from] item: Leftovers
|upkeep
|turn|3
|j| kljklkjhmklhn
|
|t:|1655493649
|move|p1a: Love|Substitute|p1a: Love
|-start|p1a: Love|Substitute
|-damage|p1a: Love|63/100
|move|p2a: Thorns|Stealth Rock|p1a: Love
|-sidestart|p1: Dr. Elite|move: Stealth Rock
|
|-heal|p1a: Love|69/100|[from] item: Leftovers
|-heal|p2a: Thorns|100/100|[from] item: Leftovers
|upkeep
|turn|4
|
|t:|1655493656
|move|p1a: Love|Scald|p2a: Thorns
|-resisted|p2a: Thorns
|-crit|p2a: Thorns
|-damage|p2a: Thorns|85/100
|move|p2a: Thorns|Gyro Ball|p1a: Love
|-end|p1a: Love|Substitute
|
|-heal|p1a: Love|75/100|[from] item: Leftovers
|-heal|p2a: Thorns|92/100|[from] item: Leftovers
|upkeep
|turn|5
|
|t:|1655493667
|move|p1a: Love|Substitute|p1a: Love
|-start|p1a: Love|Substitute
|-damage|p1a: Love|50/100
|move|p2a: Thorns|Power Whip|p1a: Love
|-supereffective|p1a: Love
|-end|p1a: Love|Substitute
|
|-heal|p1a: Love|56/100|[from] item: Leftovers
|-heal|p2a: Thorns|98/100|[from] item: Leftovers
|upkeep
|turn|6
|
|t:|1655493679
|switch|p1a: Peace|Togekiss, M|100/100
|-damage|p1a: Peace|75/100|[from] Stealth Rock
|move|p2a: Thorns|Power Whip|p1a: Peace
|-resisted|p1a: Peace
|-damage|p1a: Peace|53/100
|
|-heal|p2a: Thorns|100/100|[from] item: Leftovers
|upkeep
|turn|7
|j| vepp
|
|t:|1655493688
|move|p1a: Peace|Flamethrower|p2a: Thorns
|-supereffective|p2a: Thorns
|-crit|p2a: Thorns
|-damage|p2a: Thorns|0 fnt
|faint|p2a: Thorns
|
|upkeep
|c|☆Sombra Diurna|shit
|
|t:|1655493694
|switch|p2a: Sharpo|Garchomp, F|100/100
|turn|8
|
|t:|1655493702
|move|p2a: Sharpo|Stone Edge|p1a: Peace
|-supereffective|p1a: Peace
|-damage|p1a: Peace|0 fnt
|faint|p1a: Peace
|
|upkeep
|
|t:|1655493709
|switch|p1a: Kindness|Klefki, F|100/100
|-damage|p1a: Kindness|95/100|[from] Stealth Rock
|turn|9
|
|t:|1655493715
|move|p1a: Kindness|Reflect|p1a: Kindness
|-sidestart|p1: Dr. Elite|Reflect
|move|p2a: Sharpo|Earthquake|p1a: Kindness
|-supereffective|p1a: Kindness
|-damage|p1a: Kindness|54/100
|
|upkeep
|turn|10
|
|t:|1655493724
|switch|p2a: Gorra|Hatterene, F|100/100
|move|p1a: Kindness|Switcheroo|p2a: Gorra
|-activate|p1a: Kindness|move: Trick|[of] p2a: Gorra
|-item|p2a: Gorra|Full Incense|[from] move: Switcheroo
|-item|p1a: Kindness|Kasib Berry|[from] move: Switcheroo
|
|upkeep
|turn|11
|
|t:|1655493730
|move|p1a: Kindness|Light Screen|p1a: Kindness
|-sidestart|p1: Dr. Elite|move: Light Screen
|move|p2a: Gorra|Trick Room|p2a: Gorra
|-fieldstart|move: Trick Room|[of] p2a: Gorra
|
|upkeep
|turn|12
|
|t:|1655493736
|switch|p1a: Love|Primarina, F|56/100
|-damage|p1a: Love|43/100|[from] Stealth Rock
|move|p2a: Gorra|Mystical Fire|p1a: Love
|-resisted|p1a: Love
|-damage|p1a: Love|39/100
|-unboost|p1a: Love|spa|1
|
|-heal|p1a: Love|45/100|[from] item: Leftovers
|upkeep
|turn|13
|
|t:|1655493763
|switch|p2a: Falko|Drampa, M|100/100
|move|p1a: Love|Substitute|p1a: Love
|-start|p1a: Love|Substitute
|-damage|p1a: Love|20/100
|
|-heal|p1a: Love|26/100|[from] item: Leftovers
|-sideend|p1: Dr. Elite|Reflect
|upkeep
|turn|14
|
|t:|1655493771
|move|p2a: Falko|Thunderbolt|p1a: Love
|-supereffective|p1a: Love
|-end|p1a: Love|Substitute
|move|p1a: Love|Calm Mind|p1a: Love
|-boost|p1a: Love|spa|1
|-boost|p1a: Love|spd|1
|
|-heal|p1a: Love|32/100|[from] item: Leftovers
|upkeep
|turn|15
|
|t:|1655493780
|move|p2a: Falko|Thunderbolt|p1a: Love
|-supereffective|p1a: Love
|-damage|p1a: Love|9/100
|move|p1a: Love|Calm Mind|p1a: Love
|-boost|p1a: Love|spa|1
|-boost|p1a: Love|spd|1
|
|-heal|p1a: Love|15/100|[from] item: Leftovers
|-sideend|p1: Dr. Elite|move: Light Screen
|-fieldend|move: Trick Room
|upkeep
|turn|16
|
|t:|1655493799
|move|p1a: Love|Draining Kiss|p2a: Falko
|-supereffective|p2a: Falko
|-damage|p2a: Falko|35/100
|-heal|p1a: Love|63/100|[from] drain|[of] p2a: Falko
|-ability|p2a: Falko|Berserk|boost
|-boost|p2a: Falko|spa|1
|move|p2a: Falko|Thunderbolt|p1a: Love
|-supereffective|p1a: Love
|-damage|p1a: Love|15/100
|
|-heal|p1a: Love|21/100|[from] item: Leftovers
|upkeep
|turn|17
|j| Little Cuack
|
|t:|1655493810
|move|p1a: Love|Draining Kiss|p2a: Falko
|-supereffective|p2a: Falko
|-damage|p2a: Falko|0 fnt
|-heal|p1a: Love|46/100|[from] drain|[of] p2a: Falko
|faint|p2a: Falko
|
|-heal|p1a: Love|52/100|[from] item: Leftovers
|upkeep
|
|t:|1655493830
|switch|p2a: Sharpo|Garchomp, F|100/100
|turn|18
|
|t:|1655493833
|move|p2a: Sharpo|Earthquake|p1a: Love
|-damage|p1a: Love|8/100
|move|p1a: Love|Draining Kiss|p2a: Sharpo
|-supereffective|p2a: Sharpo
|-damage|p2a: Sharpo|33/100
|-heal|p1a: Love|58/100|[from] drain|[of] p2a: Sharpo
|-damage|p1a: Love|45/100|[from] ability: Rough Skin|[of] p2a: Sharpo
|
|-heal|p2a: Sharpo|39/100|[from] item: Leftovers
|-heal|p1a: Love|51/100|[from] item: Leftovers
|upkeep
|turn|19
|j| Toon Cards
|
|t:|1655493844
|move|p2a: Sharpo|Earthquake|p1a: Love
|-damage|p1a: Love|7/100
|move|p1a: Love|Draining Kiss|p2a: Sharpo
|-supereffective|p2a: Sharpo
|-damage|p2a: Sharpo|0 fnt
|-heal|p1a: Love|35/100|[from] drain|[of] p2a: Sharpo
|-damage|p1a: Love|23/100|[from] ability: Rough Skin|[of] p2a: Sharpo
|faint|p2a: Sharpo
|
|-heal|p1a: Love|29/100|[from] item: Leftovers
|upkeep
|
|t:|1655493853
|switch|p2a: Gorra|Hatterene, F|100/100
|turn|20
|
|t:|1655493861
|move|p1a: Love|Substitute|p1a: Love
|-start|p1a: Love|Substitute
|-damage|p1a: Love|4/100
|move|p2a: Gorra|Trick Room|p2a: Gorra
|-fieldstart|move: Trick Room|[of] p2a: Gorra
|
|-heal|p1a: Love|10/100|[from] item: Leftovers
|upkeep
|turn|21
|-message|Sombra Diurna forfeited.
|
|win|Dr. Elite
|raw|Dr. Elite's rating: 1820 &rarr; <strong>1841</strong><br />(+21 for winning)
|raw|Sombra Diurna's rating: 1835 &rarr; <strong>1814</strong><br />(-21 for losing)
|l|☆Sombra Diurna
|l|☆Dr. Elite
