|j|☆DrunkLeland
|j|☆JooshP
|t:|1654429554
|gametype|singles
|player|p1|DrunkLeland|burglar|1693
|player|p2|JooshP|red|1646
|teamsize|p1|6
|teamsize|p2|6
|gen|8
|tier|[Gen 8] OU
|rated|
|rule|Sleep Clause Mod: Limit one foe put to sleep
|rule|Species Clause: Limit one of each Pokémon
|rule|OHKO Clause: OHKO moves are banned
|rule|Evasion Moves Clause: Evasion moves are banned
|rule|Endless Battle Clause: Forcing endless battles is banned
|rule|HP Percentage Mod: HP is shown in percentages
|rule|Dynamax Clause: You cannot dynamax
|clearpoke
|poke|p1|Slowking-Galar, F|
|poke|p1|Urshifu-*, M|
|poke|p1|Weavile, M|
|poke|p1|Corviknight, F|
|poke|p1|Landorus-Therian, M|
|poke|p1|Tapu Fini|
|poke|p2|Dragonite, F|
|poke|p2|Tapu Fini|
|poke|p2|Skarmory, F|
|poke|p2|Garchomp, F|
|poke|p2|Aegislash, F|
|poke|p2|Victini|
|teampreview
|inactive|Battle timer is ON: inactive players will automatically lose when time's up. (requested by DrunkLeland)
|
|t:|1654429559
|start
|switch|p1a: Landorus|Landorus-Therian, M|100/100
|switch|p2a: Victini|Victini|100/100
|-ability|p1a: Landorus|Intimidate|boost
|-unboost|p2a: Victini|atk|1
|turn|1
|
|t:|1654429565
|move|p2a: Victini|Toxic|p1a: Landorus
|-status|p1a: Landorus|tox
|move|p1a: Landorus|Earthquake|p2a: Victini
|-supereffective|p2a: Victini
|-damage|p2a: Victini|7/100
|
|-damage|p1a: Landorus|94/100 tox|[from] psn
|upkeep
|turn|2
|
|t:|1654429569
|switch|p2a: Skarmory|Skarmory, F|100/100
|move|p1a: Landorus|U-turn|p2a: Skarmory
|-resisted|p2a: Skarmory
|-damage|p2a: Skarmory|97/100
|-damage|p1a: Landorus|78/100 tox|[from] item: Rocky Helmet|[of] p2a: Skarmory
|
|t:|1654429574
|switch|p1a: Slowking|Slowking-Galar, F|100/100|[from]move: U-turn
|
|upkeep
|turn|3
|
|t:|1654429577
|switch|p2a: Victini|Victini|7/100
|move|p1a: Slowking|Flamethrower|p2a: Victini
|-resisted|p2a: Victini
|-damage|p2a: Victini|0 fnt
|faint|p2a: Victini
|
|upkeep
|
|t:|1654429579
|switch|p2a: Garchomp|Garchomp, F|100/100
|turn|4
|
|t:|1654429583
|switch|p1a: Tapu Fini|Tapu Fini|100/100
|-fieldstart|move: Misty Terrain|[from] ability: Misty Surge|[of] p1a: Tapu Fini
|move|p2a: Garchomp|Stealth Rock|p1a: Tapu Fini
|-sidestart|p1: DrunkLeland|move: Stealth Rock
|
|upkeep
|turn|5
|
|t:|1654429586
|switch|p2a: Tapu Fini|Tapu Fini|100/100
|move|p1a: Tapu Fini|Surf|p2a: Tapu Fini
|-resisted|p2a: Tapu Fini
|-damage|p2a: Tapu Fini|91/100
|
|-heal|p2a: Tapu Fini|97/100|[from] item: Leftovers
|upkeep
|turn|6
|j| afduihidsuhfiuhds
|
|t:|1654429589
|switch|p1a: Slowking|Slowking-Galar, F|100/100
|-damage|p1a: Slowking|88/100|[from] Stealth Rock
|move|p2a: Tapu Fini|Knock Off|p1a: Slowking
|-supereffective|p1a: Slowking
|-damage|p1a: Slowking|54/100
|-enditem|p1a: Slowking|Assault Vest|[from] move: Knock Off|[of] p2a: Tapu Fini
|
|-heal|p2a: Tapu Fini|100/100|[from] item: Leftovers
|upkeep
|turn|7
|
|t:|1654429595
|switch|p2a: Aegislash|Aegislash, F|100/100
|move|p1a: Slowking|Sludge Bomb|p2a: Aegislash
|-immune|p2a: Aegislash
|
|upkeep
|turn|8
|
|t:|1654429601
|switch|p1a: Weavile|Weavile, M|100/100
|-ability|p1a: Weavile|Pressure
|-formechange|p2a: Aegislash|Aegislash-Blade||[from] ability: Stance Change
|move|p2a: Aegislash|Shadow Ball|p1a: Weavile
|-resisted|p1a: Weavile
|-damage|p1a: Weavile|52/100
|-unboost|p1a: Weavile|spd|1
|
|-fieldend|Misty Terrain
|upkeep
|turn|9
|
|t:|1654429611
|switch|p2a: Skarmory|Skarmory, F|97/100
|move|p1a: Weavile|Knock Off|p2a: Skarmory
|-damage|p2a: Skarmory|65/100
|-damage|p1a: Weavile|35/100|[from] item: Rocky Helmet|[of] p2a: Skarmory
|-enditem|p2a: Skarmory|Rocky Helmet|[from] move: Knock Off|[of] p1a: Weavile
|
|upkeep
|turn|10
|
|t:|1654429617
|switch|p1a: Slowking|Slowking-Galar, F|87/100
|-damage|p1a: Slowking|74/100|[from] Stealth Rock
|move|p2a: Skarmory|Spikes|p1a: Slowking
|-sidestart|p1: DrunkLeland|Spikes
|
|upkeep
|turn|11
|
|t:|1654429621
|switch|p2a: Garchomp|Garchomp, F|100/100
|move|p1a: Slowking|Flamethrower|p2a: Garchomp
|-resisted|p2a: Garchomp
|-damage|p2a: Garchomp|86/100
|
|-heal|p2a: Garchomp|92/100|[from] item: Leftovers
|upkeep
|turn|12
|
|t:|1654429628
|switch|p1a: Corviknight|Corviknight, F|100/100
|-damage|p1a: Corviknight|88/100|[from] Stealth Rock
|-ability|p1a: Corviknight|Pressure
|move|p2a: Garchomp|Earthquake|p1a: Corviknight
|-immune|p1a: Corviknight
|
|-heal|p2a: Garchomp|99/100|[from] item: Leftovers
|upkeep
|turn|13
|
|t:|1654429632
|switch|p2a: Aegislash|Aegislash, F|100/100
|move|p1a: Corviknight|Defog|p2a: Aegislash
|-unboost|p2a: Aegislash|evasion|1
|-sideend|p1: DrunkLeland|Spikes|[from] move: Defog|[of] p1a: Corviknight
|-sideend|p1: DrunkLeland|Stealth Rock|[from] move: Defog|[of] p1a: Corviknight
|
|upkeep
|turn|14
|j| Jelly Cookie
|
|t:|1654429636
|-formechange|p2a: Aegislash|Aegislash-Blade||[from] ability: Stance Change
|move|p2a: Aegislash|Shadow Ball|p1a: Corviknight
|-damage|p1a: Corviknight|25/100
|move|p1a: Corviknight|U-turn|p2a: Aegislash
|-resisted|p2a: Aegislash
|-damage|p2a: Aegislash|93/100
|
|t:|1654429638
|switch|p1a: Weavile|Weavile, M|35/100|[from]move: U-turn
|-ability|p1a: Weavile|Pressure
|
|upkeep
|turn|15
|
|t:|1654429648
|switch|p2a: Tapu Fini|Tapu Fini|100/100
|-fieldstart|move: Misty Terrain|[from] ability: Misty Surge|[of] p2a: Tapu Fini
|move|p1a: Weavile|Swords Dance|p1a: Weavile
|-boost|p1a: Weavile|atk|2
|
|upkeep
|turn|16
|
|t:|1654429651
|switch|p1a: Slowking|Slowking-Galar, F|100/100
|move|p2a: Tapu Fini|Moonblast|p1a: Slowking
|-resisted|p1a: Slowking
|-damage|p1a: Slowking|91/100
|
|upkeep
|turn|17
|
|t:|1654429656
|switch|p2a: Aegislash|Aegislash, F|93/100
|move|p1a: Slowking|Flamethrower|p2a: Aegislash
|-supereffective|p2a: Aegislash
|-damage|p2a: Aegislash|41/100
|
|upkeep
|turn|18
|
|t:|1654429661
|-formechange|p2a: Aegislash|Aegislash-Blade||[from] ability: Stance Change
|move|p2a: Aegislash|Shadow Ball|p1a: Slowking
|-supereffective|p1a: Slowking
|-damage|p1a: Slowking|0 fnt
|faint|p1a: Slowking
|
|upkeep
|
|t:|1654429664
|switch|p1a: Weavile|Weavile, M|35/100
|-ability|p1a: Weavile|Pressure
|turn|19
|
|t:|1654429676
|move|p1a: Weavile|Knock Off|p2a: Aegislash
|-supereffective|p2a: Aegislash
|-damage|p2a: Aegislash|0 fnt
|-enditem|p2a: Aegislash|Choice Specs|[from] move: Knock Off|[of] p1a: Weavile
|faint|p2a: Aegislash
|
|-fieldend|Misty Terrain
|upkeep
|
|t:|1654429680
|switch|p2a: Tapu Fini|Tapu Fini|100/100
|-fieldstart|move: Misty Terrain|[from] ability: Misty Surge|[of] p2a: Tapu Fini
|turn|20
|
|t:|1654429684
|switch|p1a: Tapu Fini|Tapu Fini|100/100
|move|p2a: Tapu Fini|Moonblast|p1a: Tapu Fini
|-damage|p1a: Tapu Fini|74/100
|
|upkeep
|turn|21
|
|t:|1654429688
|move|p1a: Tapu Fini|Moonblast|p2a: Tapu Fini
|-damage|p2a: Tapu Fini|81/100
|-unboost|p2a: Tapu Fini|spa|1
|move|p2a: Tapu Fini|Knock Off|p1a: Tapu Fini
|-resisted|p1a: Tapu Fini
|-crit|p1a: Tapu Fini
|-damage|p1a: Tapu Fini|63/100
|-enditem|p1a: Tapu Fini|Choice Scarf|[from] move: Knock Off|[of] p2a: Tapu Fini
|
|-heal|p2a: Tapu Fini|87/100|[from] item: Leftovers
|upkeep
|turn|22
|
|t:|1654429693
|move|p1a: Tapu Fini|Trick|p2a: Tapu Fini
|-activate|p1a: Tapu Fini|move: Trick|[of] p2a: Tapu Fini
|-enditem|p2a: Tapu Fini|Leftovers|[silent]|[from] move: Trick
|-item|p1a: Tapu Fini|Leftovers|[from] move: Trick
|move|p2a: Tapu Fini|Moonblast|p1a: Tapu Fini
|-damage|p1a: Tapu Fini|45/100
|
|-heal|p1a: Tapu Fini|51/100|[from] item: Leftovers
|upkeep
|turn|23
|
|t:|1654429700
|switch|p1a: Corviknight|Corviknight, F|25/100
|-ability|p1a: Corviknight|Pressure
|move|p2a: Tapu Fini|Knock Off|p1a: Corviknight
|-damage|p1a: Corviknight|15/100
|-damage|p2a: Tapu Fini|70/100|[from] item: Rocky Helmet|[of] p1a: Corviknight
|-enditem|p1a: Corviknight|Rocky Helmet|[from] move: Knock Off|[of] p2a: Tapu Fini
|
|upkeep
|turn|24
|
|t:|1654429704
|move|p2a: Tapu Fini|Scald|p1a: Corviknight
|-damage|p1a: Corviknight|0 fnt
|faint|p1a: Corviknight
|
|-fieldend|Misty Terrain
|upkeep
|
|t:|1654429716
|switch|p1a: Landorus|Landorus-Therian, M|78/100 tox
|-ability|p1a: Landorus|Intimidate|boost
|-unboost|p2a: Tapu Fini|atk|1
|turn|25
|j| Escobiere
|
|t:|1654429718
|switch|p2a: Garchomp|Garchomp, F|99/100
|move|p1a: Landorus|Toxic|p2a: Garchomp
|-status|p2a: Garchomp|tox
|
|-heal|p2a: Garchomp|100/100 tox|[from] item: Leftovers
|-heal|p1a: Landorus|84/100 tox|[from] item: Leftovers
|-damage|p2a: Garchomp|94/100 tox|[from] psn
|-damage|p1a: Landorus|78/100 tox|[from] psn
|upkeep
|turn|26
|
|t:|1654429722
|move|p2a: Garchomp|Stealth Rock|p1a: Landorus
|-sidestart|p1: DrunkLeland|move: Stealth Rock
|move|p1a: Landorus|Stealth Rock|p2a: Garchomp
|-sidestart|p2: JooshP|move: Stealth Rock
|
|-heal|p2a: Garchomp|100/100 tox|[from] item: Leftovers
|-heal|p1a: Landorus|84/100 tox|[from] item: Leftovers
|-damage|p2a: Garchomp|88/100 tox|[from] psn
|-damage|p1a: Landorus|72/100 tox|[from] psn
|upkeep
|turn|27
|
|t:|1654429725
|move|p2a: Garchomp|Swords Dance|p2a: Garchomp
|-boost|p2a: Garchomp|atk|2
|move|p1a: Landorus|Earthquake|p2a: Garchomp
|-damage|p2a: Garchomp|38/100 tox
|
|-heal|p2a: Garchomp|44/100 tox|[from] item: Leftovers
|-heal|p1a: Landorus|78/100 tox|[from] item: Leftovers
|-damage|p2a: Garchomp|25/100 tox|[from] psn
|-damage|p1a: Landorus|60/100 tox|[from] psn
|upkeep
|turn|28
|
|t:|1654429728
|switch|p1a: Tapu Fini|Tapu Fini|51/100
|-damage|p1a: Tapu Fini|39/100|[from] Stealth Rock
|-fieldstart|move: Misty Terrain|[from] ability: Misty Surge|[of] p1a: Tapu Fini
|move|p2a: Garchomp|Stone Edge|p1a: Tapu Fini
|-damage|p1a: Tapu Fini|0 fnt
|faint|p1a: Tapu Fini
|
|-heal|p2a: Garchomp|32/100 tox|[from] item: Leftovers
|-damage|p2a: Garchomp|7/100 tox|[from] psn
|upkeep
|
|t:|1654429733
|switch|p1a: Weavile|Weavile, M|35/100
|-ability|p1a: Weavile|Pressure
|turn|29
|
|t:|1654429739
|move|p1a: Weavile|Knock Off|p2a: Garchomp
|-damage|p2a: Garchomp|0 fnt
|-damage|p1a: Weavile|23/100|[from] ability: Rough Skin|[of] p2a: Garchomp
|-enditem|p2a: Garchomp|Leftovers|[from] move: Knock Off|[of] p1a: Weavile
|faint|p2a: Garchomp
|
|upkeep
|
|t:|1654429743
|switch|p2a: Skarmory|Skarmory, F|65/100
|-damage|p2a: Skarmory|53/100|[from] Stealth Rock
|turn|30
|
|t:|1654429747
|switch|p1a: Urshifu|Urshifu-Rapid-Strike, M|100/100
|-damage|p1a: Urshifu|94/100|[from] Stealth Rock
|move|p2a: Skarmory|Body Press|p1a: Urshifu
|-crit|p1a: Urshifu
|-damage|p1a: Urshifu|47/100
|
|upkeep
|turn|31
|
|t:|1654429750
|move|p1a: Urshifu|Close Combat|p2a: Skarmory
|-damage|p2a: Skarmory|1/100
|-unboost|p1a: Urshifu|def|1
|-unboost|p1a: Urshifu|spd|1
|move|p2a: Skarmory|Roost|p2a: Skarmory
|-heal|p2a: Skarmory|51/100
|-singleturn|p2a: Skarmory|move: Roost
|
|upkeep
|turn|32
|j| opela
|
|t:|1654429758
|move|p1a: Urshifu|Close Combat|p2a: Skarmory
|-damage|p2a: Skarmory|0 fnt
|-unboost|p1a: Urshifu|def|1
|-unboost|p1a: Urshifu|spd|1
|faint|p2a: Skarmory
|
|-fieldend|Misty Terrain
|upkeep
|
|t:|1654429760
|switch|p2a: Dragonite|Dragonite, F|100/100
|turn|33
|
|t:|1654429763
|switch|p1a: Landorus|Landorus-Therian, M|60/100 tox
|-damage|p1a: Landorus|47/100 tox|[from] Stealth Rock
|-ability|p1a: Landorus|Intimidate|boost
|-unboost|p2a: Dragonite|atk|1
|move|p2a: Dragonite|Dragon Dance|p2a: Dragonite
|-boost|p2a: Dragonite|atk|1
|-boost|p2a: Dragonite|spe|1
|
|-heal|p1a: Landorus|54/100 tox|[from] item: Leftovers
|-damage|p1a: Landorus|47/100 tox|[from] psn
|upkeep
|turn|34
|
|t:|1654429767
|move|p2a: Dragonite|Ice Punch|p1a: Landorus
|-supereffective|p1a: Landorus
|-damage|p1a: Landorus|0 fnt
|faint|p1a: Landorus
|
|upkeep
|
|t:|1654429769
|switch|p1a: Urshifu|Urshifu-Rapid-Strike, M|47/100
|-damage|p1a: Urshifu|40/100|[from] Stealth Rock
|turn|35
|
|t:|1654429774
|move|p1a: Urshifu|Aqua Jet|p2a: Dragonite
|-resisted|p2a: Dragonite
|-damage|p2a: Dragonite|92/100
|move|p2a: Dragonite|Dragon Dance|p2a: Dragonite
|-boost|p2a: Dragonite|atk|1
|-boost|p2a: Dragonite|spe|1
|
|upkeep
|turn|36
|
|t:|1654429776
|move|p1a: Urshifu|Aqua Jet|p2a: Dragonite
|-resisted|p2a: Dragonite
|-damage|p2a: Dragonite|74/100
|move|p2a: Dragonite|Roost|p2a: Dragonite
|-heal|p2a: Dragonite|100/100
|-singleturn|p2a: Dragonite|move: Roost
|
|upkeep
|turn|37
|-message|DrunkLeland forfeited.
|
|win|JooshP
|raw|DrunkLeland's rating: 1693 &rarr; <strong>1670</strong><br />(-23 for losing)
|raw|JooshP's rating: 1646 &rarr; <strong>1669</strong><br />(+23 for winning)
|l|☆DrunkLeland
|l| opela
|l|☆JooshP
|l| Jelly Cookie
