|j|☆ContingencyPlanned
|j|☆Delibird Heart
|t:|1652705072
|gametype|singles
|player|p1|ContingencyPlanned|psychic-gen4|1615
|player|p2|Delibird Heart|guitarist-gen4|1702
|teamsize|p1|6
|teamsize|p2|6
|gen|8
|tier|[Gen 8] OU
|rated|
|rule|Sleep Clause Mod: Limit one foe put to sleep
|rule|Species Clause: Limit one of each Pokémon
|rule|OHKO Clause: OHKO moves are banned
|rule|Evasion Moves Clause: Evasion moves are banned
|rule|Endless Battle Clause: Forcing endless battles is banned
|rule|HP Percentage Mod: HP is shown in percentages
|rule|Dynamax Clause: You cannot dynamax
|clearpoke
|poke|p1|Clefable, M|
|poke|p1|Kartana|
|poke|p1|Landorus-Therian, M|
|poke|p1|Corviknight, F|
|poke|p1|Zeraora|
|poke|p1|Heatran, F|
|poke|p2|Ninetales-Alola, F|
|poke|p2|Arctozolt|
|poke|p2|Blissey, F|
|poke|p2|Zapdos|
|poke|p2|Garchomp, F|
|poke|p2|Ferrothorn, M|
|teampreview
|inactive|Battle timer is ON: inactive players will automatically lose when time's up. (requested by Delibird Heart)
|inactive|Delibird Heart has 120 seconds left.
|
|t:|1652705106
|start
|switch|p1a: Kartana|Kartana|100/100
|switch|p2a: Garchomp|Garchomp, F|100/100
|turn|1
|
|t:|1652705119
|switch|p2a: Zapdos|Zapdos|100/100
|move|p1a: Kartana|Knock Off|p2a: Zapdos
|-damage|p2a: Zapdos|50/100
|-enditem|p2a: Zapdos|Heavy-Duty Boots|[from] move: Knock Off|[of] p1a: Kartana
|
|upkeep
|turn|2
|j| 100%er
|
|t:|1652705130
|switch|p1a: Heatran|Heatran, F|100/100
|move|p2a: Zapdos|Roost|p2a: Zapdos
|-heal|p2a: Zapdos|100/100
|-singleturn|p2a: Zapdos|move: Roost
|
|upkeep
|turn|3
|
|t:|1652705132
|move|p2a: Zapdos|Volt Switch|p1a: Heatran
|-damage|p1a: Heatran|81/100
|
|t:|1652705133
|switch|p2a: Garchomp|Garchomp, F|100/100|[from]move: Volt Switch
|move|p1a: Heatran|Magma Storm|p2a: Garchomp
|-resisted|p2a: Garchomp
|-damage|p2a: Garchomp|79/100
|-activate|p2a: Garchomp|move: Magma Storm|[of] p1a: Heatran
|
|-heal|p1a: Heatran|87/100|[from] item: Leftovers
|-damage|p2a: Garchomp|67/100|[from] move: Magma Storm|[partiallytrapped]
|upkeep
|turn|4
|
|t:|1652705147
|switch|p1a: Landorus|Landorus-Therian, M|100/100
|-ability|p1a: Landorus|Intimidate|boost
|-unboost|p2a: Garchomp|atk|1
|move|p2a: Garchomp|Stealth Rock|p1a: Landorus
|-sidestart|p1: ContingencyPlanned|move: Stealth Rock
|
|-end|p2a: Garchomp|Magma Storm|[partiallytrapped]|[silent]
|upkeep
|turn|5
|
|t:|1652705153
|move|p2a: Garchomp|Toxic|p1a: Landorus
|-status|p1a: Landorus|tox
|move|p1a: Landorus|Stealth Rock|p2a: Garchomp
|-sidestart|p2: Delibird Heart|move: Stealth Rock
|
|-damage|p1a: Landorus|94/100 tox|[from] psn
|upkeep
|turn|6
|
|t:|1652705158
|switch|p2a: Ferrothorn|Ferrothorn, M|100/100
|-damage|p2a: Ferrothorn|95/100|[from] Stealth Rock
|move|p1a: Landorus|U-turn|p2a: Ferrothorn
|-damage|p2a: Ferrothorn|82/100
|-damage|p1a: Landorus|82/100 tox|[from] ability: Iron Barbs|[of] p2a: Ferrothorn
|
|t:|1652705162
|switch|p1a: Heatran|Heatran, F|87/100|[from]move: U-turn
|-damage|p1a: Heatran|75/100|[from] Stealth Rock
|
|-heal|p1a: Heatran|81/100|[from] item: Leftovers
|-heal|p2a: Ferrothorn|88/100|[from] item: Leftovers
|upkeep
|turn|7
|
|t:|1652705165
|switch|p2a: Garchomp|Garchomp, F|67/100
|-damage|p2a: Garchomp|60/100|[from] Stealth Rock
|move|p1a: Heatran|Magma Storm|p2a: Garchomp|[miss]
|-miss|p1a: Heatran|p2a: Garchomp
|
|-heal|p1a: Heatran|87/100|[from] item: Leftovers
|upkeep
|turn|8
|
|t:|1652705175
|switch|p1a: Corviknight|Corviknight, F|100/100
|-damage|p1a: Corviknight|88/100|[from] Stealth Rock
|-ability|p1a: Corviknight|Pressure
|move|p2a: Garchomp|Earthquake|p1a: Corviknight
|-immune|p1a: Corviknight
|
|upkeep
|turn|9
|
|t:|1652705183
|switch|p2a: Ferrothorn|Ferrothorn, M|88/100
|-damage|p2a: Ferrothorn|82/100|[from] Stealth Rock
|move|p1a: Corviknight|U-turn|p2a: Ferrothorn
|-damage|p2a: Ferrothorn|74/100
|-damage|p1a: Corviknight|76/100|[from] ability: Iron Barbs|[of] p2a: Ferrothorn
|
|t:|1652705186
|switch|p1a: Heatran|Heatran, F|87/100|[from]move: U-turn
|-damage|p1a: Heatran|75/100|[from] Stealth Rock
|
|-heal|p1a: Heatran|81/100|[from] item: Leftovers
|-heal|p2a: Ferrothorn|80/100|[from] item: Leftovers
|upkeep
|turn|10
|
|t:|1652705188
|switch|p2a: Garchomp|Garchomp, F|60/100
|-damage|p2a: Garchomp|54/100|[from] Stealth Rock
|move|p1a: Heatran|Magma Storm|p2a: Garchomp
|-resisted|p2a: Garchomp
|-damage|p2a: Garchomp|34/100
|-activate|p2a: Garchomp|move: Magma Storm|[of] p1a: Heatran
|
|-heal|p1a: Heatran|87/100|[from] item: Leftovers
|-damage|p2a: Garchomp|21/100|[from] move: Magma Storm|[partiallytrapped]
|upkeep
|turn|11
|
|t:|1652705195
|switch|p1a: Corviknight|Corviknight, F|76/100
|-damage|p1a: Corviknight|64/100|[from] Stealth Rock
|-ability|p1a: Corviknight|Pressure
|move|p2a: Garchomp|Rest|p2a: Garchomp
|-status|p2a: Garchomp|slp|[from] move: Rest
|-heal|p2a: Garchomp|100/100 slp|[silent]
|
|-end|p2a: Garchomp|Magma Storm|[partiallytrapped]|[silent]
|upkeep
|turn|12
|
|t:|1652705200
|switch|p2a: Ferrothorn|Ferrothorn, M|80/100
|-damage|p2a: Ferrothorn|74/100|[from] Stealth Rock
|move|p1a: Corviknight|Roost|p1a: Corviknight
|-heal|p1a: Corviknight|100/100
|-singleturn|p1a: Corviknight|move: Roost
|
|-heal|p2a: Ferrothorn|80/100|[from] item: Leftovers
|upkeep
|turn|13
|
|t:|1652705206
|move|p1a: Corviknight|Body Press|p2a: Ferrothorn
|-supereffective|p2a: Ferrothorn
|-damage|p2a: Ferrothorn|51/100
|-damage|p1a: Corviknight|88/100|[from] ability: Iron Barbs|[of] p2a: Ferrothorn
|move|p2a: Ferrothorn|Knock Off|p1a: Corviknight
|-damage|p1a: Corviknight|75/100
|-damage|p2a: Ferrothorn|34/100|[from] item: Rocky Helmet|[of] p1a: Corviknight
|-enditem|p1a: Corviknight|Rocky Helmet|[from] move: Knock Off|[of] p2a: Ferrothorn
|
|-heal|p2a: Ferrothorn|40/100|[from] item: Leftovers
|upkeep
|turn|14
|
|t:|1652705213
|switch|p1a: Clefable|Clefable, M|100/100
|move|p2a: Ferrothorn|Leech Seed|p1a: Clefable
|-start|p1a: Clefable|move: Leech Seed
|
|-heal|p2a: Ferrothorn|46/100|[from] item: Leftovers
|upkeep
|turn|15
|
|t:|1652705219
|move|p1a: Clefable|Fire Blast|p2a: Ferrothorn
|-supereffective|p2a: Ferrothorn
|-damage|p2a: Ferrothorn|0 fnt
|faint|p2a: Ferrothorn
|
|upkeep
|j| xiao123
|l| xiao123
|inactive|Delibird Heart has 120 seconds left.
|
|t:|1652705258
|switch|p2a: Zapdos|Zapdos|100/100
|-damage|p2a: Zapdos|76/100|[from] Stealth Rock
|turn|16
|
|t:|1652705263
|move|p2a: Zapdos|Volt Switch|p1a: Clefable
|-damage|p1a: Clefable|71/100
|
|t:|1652705265
|switch|p2a: Blissey|Blissey, F|100/100|[from]move: Volt Switch
|move|p1a: Clefable|Moonblast|p2a: Blissey
|-damage|p2a: Blissey|79/100
|
|upkeep
|turn|17
|
|t:|1652705283
|switch|p1a: Zeraora|Zeraora|100/100
|move|p2a: Blissey|Teleport|p2a: Blissey
|
|t:|1652705286
|switch|p2a: Garchomp|Garchomp, F|100/100 slp|[from]move: Teleport
|-damage|p2a: Garchomp|94/100 slp|[from] Stealth Rock
|
|upkeep
|turn|18
|
|t:|1652705296
|move|p1a: Zeraora|Knock Off|p2a: Garchomp
|-damage|p2a: Garchomp|74/100 slp
|-damage|p1a: Zeraora|88/100|[from] ability: Rough Skin|[of] p2a: Garchomp
|-damage|p1a: Zeraora|72/100|[from] item: Rocky Helmet|[of] p2a: Garchomp
|-enditem|p2a: Garchomp|Rocky Helmet|[from] move: Knock Off|[of] p1a: Zeraora
|cant|p2a: Garchomp|slp
|
|upkeep
|turn|19
|
|t:|1652705306
|switch|p1a: Clefable|Clefable, M|71/100
|cant|p2a: Garchomp|slp
|
|upkeep
|turn|20
|
|t:|1652705309
|switch|p2a: Blissey|Blissey, F|79/100
|move|p1a: Clefable|Moonblast|p2a: Blissey
|-damage|p2a: Blissey|59/100
|
|upkeep
|turn|21
|
|t:|1652705314
|switch|p1a: Zeraora|Zeraora|72/100
|move|p2a: Blissey|Soft-Boiled|p2a: Blissey
|-heal|p2a: Blissey|100/100
|
|upkeep
|turn|22
|
|t:|1652705324
|switch|p1a: Clefable|Clefable, M|71/100
|move|p2a: Blissey|Toxic|p1a: Clefable
|-status|p1a: Clefable|tox
|
|upkeep
|turn|23
|
|t:|1652705334
|move|p1a: Clefable|Moonblast|p2a: Blissey
|-damage|p2a: Blissey|80/100
|move|p2a: Blissey|Seismic Toss|p1a: Clefable
|-damage|p1a: Clefable|44/100 tox
|
|upkeep
|turn|24
|
|t:|1652705339
|move|p1a: Clefable|Soft-Boiled|p1a: Clefable
|-heal|p1a: Clefable|94/100 tox
|move|p2a: Blissey|Teleport|p2a: Blissey
|
|t:|1652705342
|switch|p2a: Ninetales|Ninetales-Alola, F|100/100|[from]move: Teleport
|-damage|p2a: Ninetales|76/100|[from] Stealth Rock
|-weather|Hail|[from] ability: Snow Warning|[of] p2a: Ninetales
|
|-weather|Hail|[upkeep]
|upkeep
|turn|25
|
|t:|1652705348
|move|p2a: Ninetales|Encore|p1a: Clefable
|-start|p1a: Clefable|Encore
|move|p1a: Clefable|Soft-Boiled|p1a: Clefable
|-heal|p1a: Clefable|100/100 tox
|
|-weather|Hail|[upkeep]
|upkeep
|turn|26
|
|t:|1652705356
|switch|p2a: Arctozolt|Arctozolt|100/100
|-damage|p2a: Arctozolt|76/100|[from] Stealth Rock
|switch|p1a: Kartana|Kartana|100/100
|-damage|p1a: Kartana|94/100|[from] Stealth Rock
|
|-weather|Hail|[upkeep]
|-damage|p1a: Kartana|88/100|[from] Hail
|upkeep
|turn|27
|inactive|Delibird Heart has 120 seconds left.
|
|t:|1652705393
|switch|p1a: Heatran|Heatran, F|87/100
|-damage|p1a: Heatran|75/100|[from] Stealth Rock
|move|p2a: Arctozolt|Bolt Beak|p1a: Heatran
|-crit|p1a: Heatran
|-damage|p1a: Heatran|0 fnt
|faint|p1a: Heatran
|-damage|p2a: Arctozolt|66/100|[from] item: Life Orb
|
|-weather|Hail|[upkeep]
|upkeep
|inactive|ContingencyPlanned has 120 seconds left.
|
|t:|1652705426
|switch|p1a: Landorus|Landorus-Therian, M|82/100 tox
|-damage|p1a: Landorus|70/100 tox|[from] Stealth Rock
|-ability|p1a: Landorus|Intimidate|boost
|-unboost|p2a: Arctozolt|atk|1
|turn|28
|
|t:|1652705432
|move|p2a: Arctozolt|Freeze-Dry|p1a: Landorus
|-supereffective|p1a: Landorus
|-damage|p1a: Landorus|0 fnt
|faint|p1a: Landorus
|-damage|p2a: Arctozolt|56/100|[from] item: Life Orb
|
|-weather|Hail|[upkeep]
|upkeep
|
|t:|1652705436
|switch|p1a: Clefable|Clefable, M|100/100 tox
|turn|29
|
|t:|1652705440
|switch|p2a: Blissey|Blissey, F|80/100
|move|p1a: Clefable|Moonblast|p2a: Blissey
|-damage|p2a: Blissey|58/100
|
|-weather|Hail|[upkeep]
|-damage|p2a: Blissey|52/100|[from] Hail
|upkeep
|turn|30
|
|t:|1652705444
|switch|p1a: Kartana|Kartana|88/100
|-damage|p1a: Kartana|82/100|[from] Stealth Rock
|move|p2a: Blissey|Soft-Boiled|p2a: Blissey
|-heal|p2a: Blissey|100/100
|
|-weather|Hail|[upkeep]
|-damage|p1a: Kartana|76/100|[from] Hail
|-damage|p2a: Blissey|94/100|[from] Hail
|upkeep
|turn|31
|j| Crawsushi
|
|t:|1652705457
|move|p1a: Kartana|Leaf Blade|p2a: Blissey
|-damage|p2a: Blissey|18/100
|move|p2a: Blissey|Teleport|p2a: Blissey
|l| Crawsushi
|
|t:|1652705460
|switch|p2a: Zapdos|Zapdos|76/100|[from]move: Teleport
|-damage|p2a: Zapdos|51/100|[from] Stealth Rock
|
|-weather|none
|upkeep
|turn|32
|
|t:|1652705465
|switch|p1a: Clefable|Clefable, M|100/100 tox
|move|p2a: Zapdos|Defog|p1a: Clefable
|-unboost|p1a: Clefable|evasion|1
|-sideend|p1: ContingencyPlanned|Stealth Rock|[from] move: Defog|[of] p2a: Zapdos
|-sideend|p2: Delibird Heart|Stealth Rock|[from] move: Defog|[of] p2a: Zapdos
|
|upkeep
|turn|33
|
|t:|1652705470
|move|p2a: Zapdos|Volt Switch|p1a: Clefable
|-damage|p1a: Clefable|69/100 tox
|
|t:|1652705473
|switch|p2a: Ninetales|Ninetales-Alola, F|76/100|[from]move: Volt Switch
|-weather|Hail|[from] ability: Snow Warning|[of] p2a: Ninetales
|move|p1a: Clefable|Moonblast|p2a: Ninetales
|-damage|p2a: Ninetales|13/100
|
|-weather|Hail|[upkeep]
|upkeep
|turn|34
|
|t:|1652705490
|switch|p2a: Garchomp|Garchomp, F|74/100 slp
|move|p1a: Clefable|Moonblast|p2a: Garchomp
|-supereffective|p2a: Garchomp
|-damage|p2a: Garchomp|0 fnt
|faint|p2a: Garchomp
|
|-weather|Hail|[upkeep]
|upkeep
|
|t:|1652705491
|switch|p2a: Arctozolt|Arctozolt|56/100
|turn|35
|
|t:|1652705499
|switch|p1a: Zeraora|Zeraora|72/100
|move|p2a: Arctozolt|Icicle Crash|p1a: Zeraora
|-damage|p1a: Zeraora|2/100
|-damage|p2a: Arctozolt|46/100|[from] item: Life Orb
|
|-weather|Hail|[upkeep]
|-damage|p1a: Zeraora|0 fnt|[from] Hail
|faint|p1a: Zeraora
|upkeep
|
|t:|1652705505
|switch|p1a: Clefable|Clefable, M|69/100 tox
|turn|36
|
|t:|1652705511
|move|p2a: Arctozolt|Bolt Beak|p1a: Clefable
|-damage|p1a: Clefable|0 fnt
|faint|p1a: Clefable
|-damage|p2a: Arctozolt|36/100|[from] item: Life Orb
|
|-weather|Hail|[upkeep]
|upkeep
|j| IvanHo
|-message|ContingencyPlanned forfeited.
|
|win|Delibird Heart
|raw|ContingencyPlanned's rating: 1615 &rarr; <strong>1600</strong><br />(-15 for losing)
|raw|Delibird Heart's rating: 1702 &rarr; <strong>1717</strong><br />(+15 for winning)
|l|☆ContingencyPlanned
