|html|<div class="broadcast-blue"><strong>[Gen 8] OU is currently suspecting Melmetal! For information on how to participate check out the <a href="https://www.smogon.com/forums/threads/np-ss-ou-suspect-process-round-12-monster-mash.3709234/">suspect thread</a>.</strong></div>
|j|☆minimax_ai
|j|☆Elite4donovan
|t:|1666606039
|gametype|singles
|player|p1|minimax_ai|lusamine-nihilego|1741
|player|p2|Elite4donovan|lucas|1722
|teamsize|p1|6
|teamsize|p2|6
|gen|8
|tier|[Gen 8] OU
|rated|
|rule|Sleep Clause Mod: Limit one foe put to sleep
|rule|Species Clause: Limit one of each Pokémon
|rule|OHKO Clause: OHKO moves are banned
|rule|Evasion Items Clause: Evasion items are banned
|rule|Evasion Moves Clause: Evasion moves are banned
|rule|Endless Battle Clause: Forcing endless battles is banned
|rule|HP Percentage Mod: HP is shown in percentages
|rule|Dynamax Clause: You cannot dynamax
|clearpoke
|poke|p1|Rotom-Wash|
|poke|p1|Weavile, F|
|poke|p1|Landorus-Therian, M|
|poke|p1|Heatran, M|
|poke|p1|Tangrowth, M|
|poke|p1|Melmetal|
|poke|p2|Zarude-Dada|
|poke|p2|Toxapex, F|
|poke|p2|Garchomp, M|
|poke|p2|Tapu Lele|
|poke|p2|Melmetal|
|poke|p2|Tornadus-Therian, M|
|teampreview
|c|☆minimax_ai|hf
|inactive|Battle timer is ON: inactive players will automatically lose when time's up. (requested by minimax_ai)
|j| Wiimicks
|c|☆Elite4donovan|u2
|
|t:|1666606072
|start
|switch|p1a: Melmetal|Melmetal|100/100
|switch|p2a: Tornadus|Tornadus-Therian, M|100/100
|turn|1
|
|t:|1666606075
|move|p2a: Tornadus|U-turn|p1a: Melmetal
|-resisted|p1a: Melmetal
|-damage|p1a: Melmetal|96/100
|
|t:|1666606077
|switch|p2a: Toxapex|Toxapex, F|100/100|[from]move: U-turn
|move|p1a: Melmetal|Thunder Punch|p2a: Toxapex
|-supereffective|p2a: Toxapex
|-damage|p2a: Toxapex|60/100
|-damage|p1a: Melmetal|80/100|[from] item: Rocky Helmet|[of] p2a: Toxapex
|
|upkeep
|turn|2
|
|t:|1666606085
|move|p1a: Melmetal|Earthquake|p2a: Toxapex
|-supereffective|p2a: Toxapex
|-damage|p2a: Toxapex|13/100
|move|p2a: Toxapex|Recover|p2a: Toxapex
|-heal|p2a: Toxapex|63/100
|
|upkeep
|turn|3
|
|t:|1666606090
|move|p1a: Melmetal|Thunder Punch|p2a: Toxapex
|-supereffective|p2a: Toxapex
|-damage|p2a: Toxapex|24/100
|-damage|p1a: Melmetal|63/100|[from] item: Rocky Helmet|[of] p2a: Toxapex
|move|p2a: Toxapex|Recover|p2a: Toxapex
|-heal|p2a: Toxapex|74/100
|
|upkeep
|turn|4
|
|t:|1666606093
|move|p1a: Melmetal|Earthquake|p2a: Toxapex
|-supereffective|p2a: Toxapex
|-damage|p2a: Toxapex|27/100
|move|p2a: Toxapex|Knock Off|p1a: Melmetal
|-damage|p1a: Melmetal|54/100
|-enditem|p1a: Melmetal|Assault Vest|[from] move: Knock Off|[of] p2a: Toxapex
|
|upkeep
|turn|5
|
|t:|1666606095
|switch|p2a: Garchomp|Garchomp, M|100/100
|move|p1a: Melmetal|Earthquake|p2a: Garchomp
|-damage|p2a: Garchomp|74/100
|
|-heal|p2a: Garchomp|80/100|[from] item: Leftovers
|upkeep
|turn|6
|
|t:|1666606102
|switch|p2a: Toxapex|Toxapex, F|61/100
|switch|p1a: landorustherian|Landorus-Therian, M|100/100
|-ability|p1a: landorustherian|Intimidate|boost
|-unboost|p2a: Toxapex|atk|1
|
|upkeep
|turn|7
|
|t:|1666606107
|switch|p2a: Tornadus|Tornadus-Therian, M|100/100
|move|p1a: landorustherian|Earthquake|p2a: Tornadus
|-immune|p2a: Tornadus
|
|upkeep
|turn|8
|
|t:|1666606109
|move|p2a: Tornadus|Knock Off|p1a: landorustherian
|-damage|p1a: landorustherian|82/100
|-enditem|p1a: landorustherian|Leftovers|[from] move: Knock Off|[of] p2a: Tornadus
|move|p1a: landorustherian|U-turn|p2a: Tornadus
|-resisted|p2a: Tornadus
|-damage|p2a: Tornadus|89/100
|
|t:|1666606109
|switch|p1a: Heatran|Heatran, M|100/100|[from]move: U-turn
|-item|p1a: Heatran|Air Balloon
|
|upkeep
|turn|9
|
|t:|1666606110
|move|p2a: Tornadus|U-turn|p1a: Heatran
|-resisted|p1a: Heatran
|-damage|p1a: Heatran|97/100
|-enditem|p1a: Heatran|Air Balloon
|
|t:|1666606112
|switch|p2a: Garchomp|Garchomp, M|80/100|[from]move: U-turn
|move|p1a: Heatran|Magma Storm|p2a: Garchomp|[miss]
|-miss|p1a: Heatran|p2a: Garchomp
|
|-heal|p2a: Garchomp|86/100|[from] item: Leftovers
|upkeep
|turn|10
|
|t:|1666606115
|switch|p1a: landorustherian|Landorus-Therian, M|82/100
|-ability|p1a: landorustherian|Intimidate|boost
|-unboost|p2a: Garchomp|atk|1
|move|p2a: Garchomp|Stealth Rock|p1a: landorustherian
|-sidestart|p1: minimax_ai|move: Stealth Rock
|
|-heal|p2a: Garchomp|92/100|[from] item: Leftovers
|upkeep
|turn|11
|
|t:|1666606116
|move|p2a: Garchomp|Toxic|p1a: landorustherian
|-status|p1a: landorustherian|tox
|move|p1a: landorustherian|Earthquake|p2a: Garchomp
|-damage|p2a: Garchomp|59/100
|
|-heal|p2a: Garchomp|65/100|[from] item: Leftovers
|-damage|p1a: landorustherian|76/100 tox|[from] psn
|upkeep
|turn|12
|
|t:|1666606120
|move|p2a: Garchomp|Protect|p2a: Garchomp
|-singleturn|p2a: Garchomp|Protect
|move|p1a: landorustherian|Defog|p2a: Garchomp
|-activate|p2a: Garchomp|move: Protect
|
|-heal|p2a: Garchomp|72/100|[from] item: Leftovers
|-damage|p1a: landorustherian|64/100 tox|[from] psn
|upkeep
|turn|13
|
|t:|1666606124
|move|p2a: Garchomp|Protect|p2a: Garchomp
|-singleturn|p2a: Garchomp|Protect
|move|p1a: landorustherian|Defog|p2a: Garchomp
|-activate|p2a: Garchomp|move: Protect
|
|-heal|p2a: Garchomp|78/100|[from] item: Leftovers
|-damage|p1a: landorustherian|46/100 tox|[from] psn
|upkeep
|turn|14
|
|t:|1666606126
|switch|p2a: Tornadus|Tornadus-Therian, M|100/100
|move|p1a: landorustherian|Defog|p2a: Tornadus
|-unboost|p2a: Tornadus|evasion|1
|-sideend|p1: minimax_ai|Stealth Rock|[from] move: Defog|[of] p1a: landorustherian
|
|-damage|p1a: landorustherian|22/100 tox|[from] psn
|upkeep
|turn|15
|
|t:|1666606130
|switch|p1a: Melmetal|Melmetal|54/100
|move|p2a: Tornadus|Knock Off|p1a: Melmetal
|-damage|p1a: Melmetal|47/100
|
|upkeep
|turn|16
|
|t:|1666606136
|move|p2a: Tornadus|U-turn|p1a: Melmetal
|-resisted|p1a: Melmetal
|-damage|p1a: Melmetal|43/100
|
|t:|1666606137
|switch|p2a: Toxapex|Toxapex, F|94/100|[from]move: U-turn
|move|p1a: Melmetal|Double Iron Bash|p2a: Toxapex
|-resisted|p2a: Toxapex
|-damage|p2a: Toxapex|81/100
|-damage|p1a: Melmetal|26/100|[from] item: Rocky Helmet|[of] p2a: Toxapex
|-resisted|p2a: Toxapex
|-damage|p2a: Toxapex|68/100
|-damage|p1a: Melmetal|10/100|[from] item: Rocky Helmet|[of] p2a: Toxapex
|-hitcount|p2a: Toxapex|2
|
|upkeep
|turn|17
|l| Wiimicks
|
|t:|1666606140
|switch|p2a: Tornadus|Tornadus-Therian, M|100/100
|move|p1a: Melmetal|Ice Punch|p2a: Tornadus
|-supereffective|p2a: Tornadus
|-damage|p2a: Tornadus|36/100
|
|upkeep
|turn|18
|
|t:|1666606145
|move|p2a: Tornadus|Heat Wave|p1a: Melmetal
|-supereffective|p1a: Melmetal
|-damage|p1a: Melmetal|0 fnt
|faint|p1a: Melmetal
|
|upkeep
|
|t:|1666606145
|switch|p1a: Heatran|Heatran, M|97/100
|turn|19
|
|t:|1666606147
|move|p2a: Tornadus|U-turn|p1a: Heatran
|-resisted|p1a: Heatran
|-damage|p1a: Heatran|93/100
|
|t:|1666606148
|switch|p2a: Garchomp|Garchomp, M|78/100|[from]move: U-turn
|move|p1a: Heatran|Stealth Rock|p2a: Garchomp
|-sidestart|p2: Elite4donovan|move: Stealth Rock
|
|-heal|p2a: Garchomp|84/100|[from] item: Leftovers
|upkeep
|turn|20
|
|t:|1666606149
|switch|p1a: landorustherian|Landorus-Therian, M|22/100 tox
|-ability|p1a: landorustherian|Intimidate|boost
|-unboost|p2a: Garchomp|atk|1
|move|p2a: Garchomp|Stealth Rock|p1a: landorustherian
|-sidestart|p1: minimax_ai|move: Stealth Rock
|
|-heal|p2a: Garchomp|90/100|[from] item: Leftovers
|-damage|p1a: landorustherian|16/100 tox|[from] psn
|upkeep
|turn|21
|
|t:|1666606152
|switch|p1a: rotomwash|Rotom-Wash|100/100
|-damage|p1a: rotomwash|88/100|[from] Stealth Rock
|move|p2a: Garchomp|Protect||[still]
|-fail|p2a: Garchomp
|
|-heal|p2a: Garchomp|96/100|[from] item: Leftovers
|-heal|p1a: rotomwash|94/100|[from] item: Leftovers
|upkeep
|turn|22
|
|t:|1666606156
|switch|p2a: Zarude|Zarude-Dada|100/100
|-damage|p2a: Zarude|88/100|[from] Stealth Rock
|move|p1a: rotomwash|Hydro Pump|p2a: Zarude
|-resisted|p2a: Zarude
|-damage|p2a: Zarude|70/100
|
|-heal|p2a: Zarude|76/100|[from] item: Leftovers
|-heal|p1a: rotomwash|100/100|[from] item: Leftovers
|upkeep
|turn|23
|
|t:|1666606160
|switch|p2a: Tornadus|Tornadus-Therian, M|69/100
|switch|p1a: Tangrowth|Tangrowth, M|100/100
|-damage|p1a: Tangrowth|88/100|[from] Stealth Rock
|
|upkeep
|turn|24
|
|t:|1666606163
|move|p2a: Tornadus|Knock Off|p1a: Tangrowth
|-damage|p1a: Tangrowth|78/100
|-damage|p2a: Tornadus|52/100|[from] item: Rocky Helmet|[of] p1a: Tangrowth
|-enditem|p1a: Tangrowth|Rocky Helmet|[from] move: Knock Off|[of] p2a: Tornadus
|move|p1a: Tangrowth|Sleep Powder|p2a: Tornadus|[miss]
|-miss|p1a: Tangrowth|p2a: Tornadus
|
|upkeep
|turn|25
|
|t:|1666606167
|switch|p1a: landorustherian|Landorus-Therian, M|16/100 tox
|-damage|p1a: landorustherian|4/100 tox|[from] Stealth Rock
|-ability|p1a: landorustherian|Intimidate|boost
|-unboost|p2a: Tornadus|atk|1
|move|p2a: Tornadus|U-turn|p1a: landorustherian
|-resisted|p1a: landorustherian
|-damage|p1a: landorustherian|0 fnt
|faint|p1a: landorustherian
|
|t:|1666606175
|switch|p2a: Tapu Lele|Tapu Lele|100/100|[from]move: U-turn
|-damage|p2a: Tapu Lele|88/100|[from] Stealth Rock
|-fieldstart|move: Psychic Terrain|[from] ability: Psychic Surge|[of] p2a: Tapu Lele
|
|upkeep
|
|t:|1666606175
|switch|p1a: Heatran|Heatran, M|93/100
|-damage|p1a: Heatran|81/100|[from] Stealth Rock
|turn|26
|
|t:|1666606179
|switch|p2a: Garchomp|Garchomp, M|96/100
|-damage|p2a: Garchomp|90/100|[from] Stealth Rock
|move|p1a: Heatran|Eruption|p2a: Garchomp
|-resisted|p2a: Garchomp
|-damage|p2a: Garchomp|60/100
|
|-heal|p2a: Garchomp|66/100|[from] item: Leftovers
|upkeep
|turn|27
|
|t:|1666606182
|switch|p1a: rotomwash|Rotom-Wash|100/100
|-damage|p1a: rotomwash|88/100|[from] Stealth Rock
|move|p2a: Garchomp|Toxic|p1a: rotomwash
|-status|p1a: rotomwash|tox
|
|-heal|p2a: Garchomp|73/100|[from] item: Leftovers
|-heal|p1a: rotomwash|94/100 tox|[from] item: Leftovers
|-damage|p1a: rotomwash|88/100 tox|[from] psn
|upkeep
|turn|28
|j| mandada90
|
|t:|1666606186
|switch|p2a: Zarude|Zarude-Dada|76/100
|-damage|p2a: Zarude|64/100|[from] Stealth Rock
|move|p1a: rotomwash|Thunderbolt|p2a: Zarude
|-resisted|p2a: Zarude
|-damage|p2a: Zarude|47/100
|
|-heal|p2a: Zarude|53/100|[from] item: Leftovers
|-heal|p1a: rotomwash|94/100 tox|[from] item: Leftovers
|-damage|p1a: rotomwash|82/100 tox|[from] psn
|upkeep
|turn|29
|
|t:|1666606190
|switch|p1a: Tangrowth|Tangrowth, M|100/100
|-damage|p1a: Tangrowth|88/100|[from] Stealth Rock
|move|p2a: Zarude|Substitute|p2a: Zarude
|-start|p2a: Zarude|Substitute
|-damage|p2a: Zarude|28/100
|
|-heal|p2a: Zarude|34/100|[from] item: Leftovers
|-fieldend|move: Psychic Terrain
|upkeep
|turn|30
|j| Qwexsugare
|
|t:|1666606192
|move|p2a: Zarude|Bulk Up|p2a: Zarude
|-boost|p2a: Zarude|atk|1
|-boost|p2a: Zarude|def|1
|move|p1a: Tangrowth|Focus Blast|p2a: Zarude
|-supereffective|p2a: Zarude
|-end|p2a: Zarude|Substitute
|
|-heal|p2a: Zarude|41/100|[from] item: Leftovers
|upkeep
|turn|31
|
|t:|1666606200
|switch|p2a: Toxapex|Toxapex, F|100/100
|-damage|p2a: Toxapex|88/100|[from] Stealth Rock
|move|p1a: Tangrowth|Giga Drain|p2a: Toxapex
|-damage|p2a: Toxapex|64/100
|-heal|p1a: Tangrowth|97/100|[from] drain|[of] p2a: Toxapex
|
|upkeep
|turn|32
|
|t:|1666606204
|move|p1a: Tangrowth|Sleep Powder|p2a: Toxapex
|-status|p2a: Toxapex|slp|[from] move: Sleep Powder
|cant|p2a: Toxapex|slp
|
|upkeep
|turn|33
|
|t:|1666606206
|move|p1a: Tangrowth|Knock Off|p2a: Toxapex
|-damage|p2a: Toxapex|50/100 slp
|-damage|p1a: Tangrowth|81/100|[from] item: Rocky Helmet|[of] p2a: Toxapex
|-enditem|p2a: Toxapex|Rocky Helmet|[from] move: Knock Off|[of] p1a: Tangrowth
|cant|p2a: Toxapex|slp
|
|upkeep
|turn|34
|
|t:|1666606209
|move|p1a: Tangrowth|Giga Drain|p2a: Toxapex
|-damage|p2a: Toxapex|27/100 slp
|-heal|p1a: Tangrowth|89/100|[from] drain|[of] p2a: Toxapex
|-curestatus|p2a: Toxapex|slp|[msg]
|move|p2a: Toxapex|Toxic Spikes|p1a: Tangrowth
|-sidestart|p1: minimax_ai|move: Toxic Spikes
|
|upkeep
|turn|35
|
|t:|1666606215
|move|p1a: Tangrowth|Sleep Powder|p2a: Toxapex
|-status|p2a: Toxapex|slp|[from] move: Sleep Powder
|cant|p2a: Toxapex|slp
|
|upkeep
|turn|36
|
|t:|1666606216
|switch|p2a: Tornadus|Tornadus-Therian, M|86/100
|move|p1a: Tangrowth|Giga Drain|p2a: Tornadus
|-resisted|p2a: Tornadus
|-damage|p2a: Tornadus|71/100
|-heal|p1a: Tangrowth|96/100|[from] drain|[of] p2a: Tornadus
|
|upkeep
|turn|37
|
|t:|1666606221
|move|p2a: Tornadus|Knock Off|p1a: Tangrowth
|-damage|p1a: Tangrowth|88/100
|move|p1a: Tangrowth|Knock Off|p2a: Tornadus
|-damage|p2a: Tornadus|48/100
|-enditem|p2a: Tornadus|Heavy-Duty Boots|[from] move: Knock Off|[of] p1a: Tangrowth
|
|upkeep
|turn|38
|
|t:|1666606223
|move|p2a: Tornadus|Heat Wave|p1a: Tangrowth
|-supereffective|p1a: Tangrowth
|-damage|p1a: Tangrowth|16/100
|move|p1a: Tangrowth|Giga Drain|p2a: Tornadus
|-resisted|p2a: Tornadus
|-crit|p2a: Tornadus
|-damage|p2a: Tornadus|28/100
|-heal|p1a: Tangrowth|25/100|[from] drain|[of] p2a: Tornadus
|
|upkeep
|turn|39
|
|t:|1666606226
|move|p2a: Tornadus|U-turn|p1a: Tangrowth
|-supereffective|p1a: Tangrowth
|-damage|p1a: Tangrowth|11/100
|
|t:|1666606231
|switch|p2a: Tapu Lele|Tapu Lele|88/100|[from]move: U-turn
|-damage|p2a: Tapu Lele|76/100|[from] Stealth Rock
|-fieldstart|move: Psychic Terrain|[from] ability: Psychic Surge|[of] p2a: Tapu Lele
|move|p1a: Tangrowth|Giga Drain|p2a: Tapu Lele
|-damage|p2a: Tapu Lele|45/100
|-heal|p1a: Tangrowth|22/100|[from] drain|[of] p2a: Tapu Lele
|
|upkeep
|turn|40
|
|t:|1666606235
|move|p2a: Tapu Lele|Moonblast|p1a: Tangrowth
|-damage|p1a: Tangrowth|0 fnt
|faint|p1a: Tangrowth
|
|upkeep
|
|t:|1666606235
|switch|p1a: Heatran|Heatran, M|81/100
|-damage|p1a: Heatran|68/100|[from] Stealth Rock
|turn|41
|
|t:|1666606240
|switch|p2a: Garchomp|Garchomp, M|73/100
|-damage|p2a: Garchomp|66/100|[from] Stealth Rock
|move|p1a: Heatran|Magma Storm|p2a: Garchomp
|-resisted|p2a: Garchomp
|-damage|p2a: Garchomp|44/100
|-activate|p2a: Garchomp|move: Magma Storm|[of] p1a: Heatran
|
|-heal|p2a: Garchomp|50/100|[from] item: Leftovers
|-damage|p2a: Garchomp|38/100|[from] move: Magma Storm|[partiallytrapped]
|upkeep
|turn|42
|
|t:|1666606243
|switch|p1a: rotomwash|Rotom-Wash|82/100 tox
|-damage|p1a: rotomwash|69/100 tox|[from] Stealth Rock
|move|p2a: Garchomp|Earthquake|p1a: rotomwash
|-immune|p1a: rotomwash|[from] ability: Levitate
|
|-heal|p2a: Garchomp|44/100|[from] item: Leftovers
|-heal|p1a: rotomwash|75/100 tox|[from] item: Leftovers
|-damage|p1a: rotomwash|69/100 tox|[from] psn
|-end|p2a: Garchomp|Magma Storm|[partiallytrapped]|[silent]
|upkeep
|turn|43
|
|t:|1666606247
|move|p2a: Garchomp|Protect|p2a: Garchomp
|-singleturn|p2a: Garchomp|Protect
|move|p1a: rotomwash|Thunderbolt|p2a: Garchomp
|-activate|p2a: Garchomp|move: Protect
|
|-heal|p2a: Garchomp|50/100|[from] item: Leftovers
|-heal|p1a: rotomwash|75/100 tox|[from] item: Leftovers
|-damage|p1a: rotomwash|63/100 tox|[from] psn
|-fieldend|move: Psychic Terrain
|upkeep
|turn|44
|
|t:|1666606251
|switch|p2a: Toxapex|Toxapex, F|61/100 slp
|-damage|p2a: Toxapex|48/100 slp|[from] Stealth Rock
|move|p1a: rotomwash|Thunderbolt|p2a: Toxapex
|-supereffective|p2a: Toxapex
|-damage|p2a: Toxapex|0 fnt
|faint|p2a: Toxapex
|
|-heal|p1a: rotomwash|69/100 tox|[from] item: Leftovers
|-damage|p1a: rotomwash|50/100 tox|[from] psn
|upkeep
|
|t:|1666606253
|switch|p2a: Zarude|Zarude-Dada|41/100
|-damage|p2a: Zarude|28/100|[from] Stealth Rock
|turn|45
|
|t:|1666606257
|move|p2a: Zarude|Power Whip|p1a: rotomwash
|-supereffective|p1a: rotomwash
|-damage|p1a: rotomwash|0 fnt
|faint|p1a: rotomwash
|
|-heal|p2a: Zarude|34/100|[from] item: Leftovers
|upkeep
|
|t:|1666606257
|switch|p1a: Heatran|Heatran, M|68/100
|-damage|p1a: Heatran|56/100|[from] Stealth Rock
|turn|46
|
|t:|1666606260
|move|p2a: Zarude|Substitute|p2a: Zarude
|-start|p2a: Zarude|Substitute
|-damage|p2a: Zarude|9/100
|move|p1a: Heatran|Magma Storm|p2a: Zarude
|-supereffective|p2a: Zarude
|-end|p2a: Zarude|Substitute
|
|-heal|p2a: Zarude|16/100|[from] item: Leftovers
|upkeep
|turn|47
|
|t:|1666606262
|move|p2a: Zarude|Darkest Lariat|p1a: Heatran
|-damage|p1a: Heatran|20/100
|move|p1a: Heatran|Magma Storm|p2a: Zarude
|-supereffective|p2a: Zarude
|-damage|p2a: Zarude|0 fnt
|faint|p2a: Zarude
|
|upkeep
|
|t:|1666606267
|switch|p2a: Garchomp|Garchomp, M|50/100
|-damage|p2a: Garchomp|44/100|[from] Stealth Rock
|turn|48
|
|t:|1666606268
|move|p2a: Garchomp|Earthquake|p1a: Heatran
|-supereffective|p1a: Heatran
|-damage|p1a: Heatran|0 fnt
|faint|p1a: Heatran
|
|-heal|p2a: Garchomp|50/100|[from] item: Leftovers
|upkeep
|
|t:|1666606268
|switch|p1a: Weavile|Weavile, F|100/100
|-damage|p1a: Weavile|76/100|[from] Stealth Rock
|-status|p1a: Weavile|psn
|-ability|p1a: Weavile|Pressure
|turn|49
|c|☆Elite4donovan|gg
|
|t:|1666606272
|move|p1a: Weavile|Knock Off|p2a: Garchomp
|-damage|p2a: Garchomp|0 fnt
|-damage|p1a: Weavile|63/100 psn|[from] ability: Rough Skin|[of] p2a: Garchomp
|-enditem|p2a: Garchomp|Leftovers|[from] move: Knock Off|[of] p1a: Weavile
|faint|p2a: Garchomp
|
|-damage|p1a: Weavile|51/100 psn|[from] psn
|upkeep
|
|t:|1666606275
|switch|p2a: Tapu Lele|Tapu Lele|45/100
|-damage|p2a: Tapu Lele|32/100|[from] Stealth Rock
|-fieldstart|move: Psychic Terrain|[from] ability: Psychic Surge|[of] p2a: Tapu Lele
|turn|50
|
|t:|1666606276
|move|p2a: Tapu Lele|Moonblast|p1a: Weavile
|-supereffective|p1a: Weavile
|-damage|p1a: Weavile|0 fnt
|faint|p1a: Weavile
|
|win|Elite4donovan
|raw|minimax_ai's rating: 1741 &rarr; <strong>1720</strong><br />(-21 for losing)
|raw|Elite4donovan's rating: 1722 &rarr; <strong>1743</strong><br />(+21 for winning)
|c|☆minimax_ai|gg
|l|☆minimax_ai
||Ladder isn't responding, score probably updated but might not have (Request timeout).
