|j|☆Forwards
|j|☆MrAcido
|t:|1658692122
|gametype|singles
|player|p1|Forwards|adaman|1396
|player|p2|MrAcido|pryce|1467
|teamsize|p1|6
|teamsize|p2|6
|gen|8
|tier|[Gen 8] OU
|rated|
|rule|Sleep Clause Mod: Limit one foe put to sleep
|rule|Species Clause: Limit one of each Pokémon
|rule|OHKO Clause: OHKO moves are banned
|rule|Evasion Moves Clause: Evasion moves are banned
|rule|Endless Battle Clause: Forcing endless battles is banned
|rule|HP Percentage Mod: HP is shown in percentages
|rule|Dynamax Clause: You cannot dynamax
|clearpoke
|poke|p1|Torkoal, F|
|poke|p1|Venusaur, F|
|poke|p1|Charizard, F|
|poke|p1|Victini|
|poke|p1|Heatran, M|
|poke|p1|Xatu, F|
|poke|p2|Rotom-Wash|
|poke|p2|Weavile, F|
|poke|p2|Landorus-Therian, M|
|poke|p2|Heatran, M|
|poke|p2|Tangrowth, F|
|poke|p2|Melmetal|
|teampreview
|c|☆MrAcido|gl hf
|inactive|Battle timer is ON: inactive players will automatically lose when time's up. (requested by MrAcido)
|inactive|Forwards has 120 seconds left.
|
|t:|1658692158
|start
|switch|p1a: Torkoal|Torkoal, F|100/100
|switch|p2a: Heatran|Heatran, M|100/100
|-item|p2a: Heatran|Air Balloon
|-weather|SunnyDay|[from] ability: Drought|[of] p1a: Torkoal
|turn|1
|c|☆Forwards|gl
|
|t:|1658692163
|move|p2a: Heatran|Earth Power|p1a: Torkoal
|-supereffective|p1a: Torkoal
|-damage|p1a: Torkoal|23/100
|move|p1a: Torkoal|Rapid Spin|p2a: Heatran
|-resisted|p2a: Heatran
|-damage|p2a: Heatran|96/100
|-boost|p1a: Torkoal|spe|1
|-enditem|p2a: Heatran|Air Balloon
|
|-weather|SunnyDay|[upkeep]
|upkeep
|turn|2
|
|t:|1658692168
|switch|p1a: Xatu|Xatu, F|100/100
|move|p2a: Heatran|Magma Storm|p1a: Xatu
|-damage|p1a: Xatu|1/100
|-activate|p1a: Xatu|move: Magma Storm|[of] p2a: Heatran
|
|-weather|SunnyDay|[upkeep]
|-heal|p1a: Xatu|7/100|[from] item: Leftovers
|-damage|p1a: Xatu|0 fnt|[from] move: Magma Storm|[partiallytrapped]
|faint|p1a: Xatu
|upkeep
|
|t:|1658692173
|switch|p1a: Venusaur|Venusaur, F|100/100
|turn|3
|
|t:|1658692176
|switch|p2a: landorustherian|Landorus-Therian, M|100/100
|-ability|p2a: landorustherian|Intimidate|boost
|-unboost|p1a: Venusaur|atk|1
|move|p1a: Venusaur|Earth Power|p2a: landorustherian
|-immune|p2a: landorustherian
|
|-weather|SunnyDay|[upkeep]
|upkeep
|turn|4
|
|t:|1658692178
|switch|p2a: rotomwash|Rotom-Wash|100/100
|move|p1a: Venusaur|Giga Drain|p2a: rotomwash
|-supereffective|p2a: rotomwash
|-damage|p2a: rotomwash|0 fnt
|faint|p2a: rotomwash
|-damage|p1a: Venusaur|91/100|[from] item: Life Orb
|
|-weather|SunnyDay|[upkeep]
|upkeep
|
|t:|1658692178
|switch|p2a: Melmetal|Melmetal|100/100
|turn|5
|
|t:|1658692180
|move|p1a: Venusaur|Weather Ball|p2a: Melmetal
|-supereffective|p2a: Melmetal
|-damage|p2a: Melmetal|39/100
|-damage|p1a: Venusaur|81/100|[from] item: Life Orb
|move|p2a: Melmetal|Double Iron Bash|p1a: Venusaur
|-damage|p1a: Venusaur|23/100
|-damage|p1a: Venusaur|0 fnt
|faint|p1a: Venusaur
|-hitcount|p1: Venusaur|2
|
|-weather|SunnyDay|[upkeep]
|upkeep
|
|t:|1658692184
|switch|p1a: Charizard|Charizard, F|100/100
|turn|6
|
|t:|1658692186
|move|p1a: Charizard|Focus Blast|p2a: Melmetal
|-supereffective|p2a: Melmetal
|-damage|p2a: Melmetal|0 fnt
|faint|p2a: Melmetal
|
|-weather|SunnyDay|[upkeep]
|-damage|p1a: Charizard|88/100|[from] ability: Solar Power|[of] p1a: Charizard
|upkeep
|
|t:|1658692187
|switch|p2a: Weavile|Weavile, F|100/100
|-ability|p2a: Weavile|Pressure
|turn|7
|
|t:|1658692189
|move|p1a: Charizard|Focus Blast|p2a: Weavile|[miss]
|-miss|p1a: Charizard|p2a: Weavile
|move|p2a: Weavile|Knock Off|p1a: Charizard
|-damage|p1a: Charizard|0 fnt
|-enditem|p1a: Charizard|Choice Scarf|[from] move: Knock Off|[of] p2a: Weavile
|faint|p1a: Charizard
|
|-weather|SunnyDay|[upkeep]
|upkeep
|
|t:|1658692195
|switch|p1a: Heatran|Heatran, M|100/100
|turn|8
|
|t:|1658692199
|move|p2a: Weavile|Knock Off|p1a: Heatran
|-damage|p1a: Heatran|28/100
|-enditem|p1a: Heatran|Choice Specs|[from] move: Knock Off|[of] p2a: Weavile
|move|p1a: Heatran|Earth Power|p2a: Weavile
|-damage|p2a: Weavile|53/100
|
|-weather|none
|upkeep
|turn|9
|
|t:|1658692202
|move|p2a: Weavile|Knock Off|p1a: Heatran
|-damage|p1a: Heatran|0 fnt
|faint|p1a: Heatran
|
|upkeep
|
|t:|1658692203
|switch|p1a: Victini|Victini|100/100
|turn|10
|
|t:|1658692204
|switch|p2a: Heatran|Heatran, M|96/100
|move|p1a: Victini|U-turn|p2a: Heatran
|-resisted|p2a: Heatran
|-damage|p2a: Heatran|88/100
|
|t:|1658692206
|switch|p1a: Torkoal|Torkoal, F|23/100|[from]move: U-turn
|-weather|SunnyDay|[from] ability: Drought|[of] p1a: Torkoal
|
|-weather|SunnyDay|[upkeep]
|upkeep
|turn|11
|
|t:|1658692212
|move|p2a: Heatran|Earth Power|p1a: Torkoal
|-supereffective|p1a: Torkoal
|-damage|p1a: Torkoal|0 fnt
|faint|p1a: Torkoal
|
|-weather|SunnyDay|[upkeep]
|upkeep
|-message|Forwards forfeited.
|
|win|MrAcido
|raw|Forwards's rating: 1396 &rarr; <strong>1380</strong><br />(-16 for losing)
|raw|MrAcido's rating: 1467 &rarr; <strong>1483</strong><br />(+16 for winning)
|c|☆MrAcido|gg
|l|☆Forwards
