|j|☆yhdrslb
|j|☆ratikate
|player|p1|yhdrslb|30|1287
|player|p2|ratikate|170|1313
|teamsize|p1|6
|teamsize|p2|6
|gametype|singles
|gen|8
|tier|[Gen 8] OU
|rated|
|clearpoke
|poke|p1|Clefable, F|
|poke|p1|Corviknight, M|
|poke|p1|Seismitoad, M|
|poke|p1|Dragapult, F|
|poke|p1|Mew|
|poke|p1|Rotom-Heat|
|poke|p2|Quagsire, M|
|poke|p2|Toxapex, M|
|poke|p2|Type: Null|
|poke|p2|Cinderace, M|
|poke|p2|Tyranitar, F|
|poke|p2|Gyarados, M|
|rule|Sleep Clause Mod: Limit one foe put to sleep
|rule|Species Clause: Limit one of each Pokémon
|rule|OHKO Clause: OHKO moves are banned
|rule|Evasion Moves Clause: Evasion moves are banned
|rule|Endless Battle Clause: Forcing endless battles is banned
|rule|HP Percentage Mod: HP is shown in percentages
|rule|Dynamax Clause: You cannot dynamax
|teampreview
|
|start
|switch|p1a: Seismitoad|Seismitoad, M|100/100
|switch|p2a: Quagsire|Quagsire, M|100/100
|turn|1
|
|move|p1a: Seismitoad|Toxic|p2a: Quagsire
|-status|p2a: Quagsire|tox
|move|p2a: Quagsire|Toxic|p1a: Seismitoad
|-status|p1a: Seismitoad|tox
|
|-damage|p1a: Seismitoad|94/100 tox|[from] psn
|-damage|p2a: Quagsire|94/100 tox|[from] psn
|upkeep
|turn|2
|
|switch|p2a: Gyarados|Gyarados, M|100/100
|-ability|p2a: Gyarados|Intimidate|boost
|-unboost|p1a: Seismitoad|atk|1
|move|p1a: Seismitoad|Knock Off|p2a: Gyarados
|-damage|p2a: Gyarados|87/100
|-enditem|p2a: Gyarados|Quick Claw|[from] move: Knock Off|[of] p1a: Seismitoad
|
|-heal|p1a: Seismitoad|100/100 tox|[from] item: Leftovers
|-damage|p1a: Seismitoad|88/100 tox|[from] psn
|upkeep
|turn|3
|c|☆ratikate|you are a bad person man
|c|☆ratikate|i want you to know it
|
|switch|p1a: Rotom|Rotom-Heat|100/100
|move|p2a: Gyarados|Power Whip|p1a: Rotom
|-resisted|p1a: Rotom
|-damage|p1a: Rotom|74/100
|
|upkeep
|turn|4
|inactive|Battle timer is ON: inactive players will automatically lose when time's up. (requested by ratikate)
|
|switch|p2a: Quagsire|Quagsire, M|94/100 tox
|move|p1a: Rotom|Volt Switch|p2a: Quagsire
|-immune|p2a: Quagsire
|
|-heal|p2a: Quagsire|100/100 tox|[from] item: Leftovers
|-damage|p2a: Quagsire|94/100 tox|[from] psn
|upkeep
|turn|5
|
|switch|p1a: Clefable|Clefable, F|100/100
|move|p2a: Quagsire|Earthquake|p1a: Clefable
|-damage|p1a: Clefable|64/100
|
|-heal|p1a: Clefable|70/100|[from] item: Leftovers
|-heal|p2a: Quagsire|100/100 tox|[from] item: Leftovers
|-damage|p2a: Quagsire|88/100 tox|[from] psn
|upkeep
|turn|6
|
|switch|p2a: Cinderace|Cinderace, M|100/100
|move|p1a: Clefable|Wish|p1a: Clefable
|
|-heal|p1a: Clefable|76/100|[from] item: Leftovers
|upkeep
|turn|7
|
|switch|p1a: Rotom|Rotom-Heat|74/100
|move|p2a: Cinderace|Gunk Shot|p1a: Rotom
|-damage|p1a: Rotom|29/100
|
|-heal|p1a: Rotom|100/100|[from] move: Wish|[wisher] Clefable
|upkeep
|turn|8
|
|switch|p2a: Quagsire|Quagsire, M|88/100 tox
|move|p1a: Rotom|Volt Switch|p2a: Quagsire
|-immune|p2a: Quagsire
|
|-heal|p2a: Quagsire|94/100 tox|[from] item: Leftovers
|-damage|p2a: Quagsire|88/100 tox|[from] psn
|upkeep
|turn|9
|
|switch|p1a: Clefable|Clefable, F|76/100
|move|p2a: Quagsire|Scald|p1a: Clefable
|-damage|p1a: Clefable|64/100
|-status|p1a: Clefable|brn
|
|-heal|p1a: Clefable|70/100 brn|[from] item: Leftovers
|-heal|p2a: Quagsire|94/100 tox|[from] item: Leftovers
|-damage|p2a: Quagsire|82/100 tox|[from] psn
|upkeep
|turn|10
|
|switch|p2a: Gyarados|Gyarados, M|87/100
|-ability|p2a: Gyarados|Intimidate|boost
|-unboost|p1a: Clefable|atk|1
|move|p1a: Clefable|Moonblast|p2a: Gyarados
|-damage|p2a: Gyarados|61/100
|
|-heal|p1a: Clefable|76/100 brn|[from] item: Leftovers
|upkeep
|turn|11
|
|move|p2a: Gyarados|Earthquake|p1a: Clefable
|-damage|p1a: Clefable|38/100 brn
|move|p1a: Clefable|Teleport|p1a: Clefable
|
|switch|p1a: Dragapult|Dragapult, F|100/100|[from]move: Teleport
|
|upkeep
|turn|12
|
|move|p1a: Dragapult|Substitute|p1a: Dragapult
|-start|p1a: Dragapult|Substitute
|-damage|p1a: Dragapult|76/100
|move|p2a: Gyarados|Thunder Wave|p1a: Dragapult|[miss]
|-miss|p2a: Gyarados|p1a: Dragapult
|
|upkeep
|turn|13
|
|switch|p2a: Tyranitar|Tyranitar, F|100/100
|-weather|Sandstorm|[from] ability: Sand Stream|[of] p2a: Tyranitar
|move|p1a: Dragapult|Will-O-Wisp|p2a: Tyranitar|[miss]
|-miss|p1a: Dragapult|p2a: Tyranitar
|
|-weather|Sandstorm|[upkeep]
|-damage|p1a: Dragapult|70/100|[from] Sandstorm
|upkeep
|turn|14
|
|switch|p2a: Quagsire|Quagsire, M|82/100 tox
|move|p1a: Dragapult|Will-O-Wisp||[still]
|-fail|p1a: Dragapult
|
|-weather|Sandstorm|[upkeep]
|-damage|p1a: Dragapult|64/100|[from] Sandstorm
|-heal|p2a: Quagsire|88/100 tox|[from] item: Leftovers
|-damage|p2a: Quagsire|82/100 tox|[from] psn
|upkeep
|turn|15
|
|move|p1a: Dragapult|Hex|p2a: Quagsire
|-damage|p2a: Quagsire|0 fnt
|faint|p2a: Quagsire
|
|-weather|Sandstorm|[upkeep]
|-damage|p1a: Dragapult|58/100|[from] Sandstorm
|upkeep
|
|switch|p2a: Type: Null|Type: Null|100/100
|turn|16
|c|☆ratikate|i love my quagsire man
|c|☆ratikate|what you doing
|c|☆ratikate|:(
|
|move|p1a: Dragapult|Will-O-Wisp|p2a: Type: Null
|-status|p2a: Type: Null|brn
|move|p2a: Type: Null|Crush Claw|p1a: Dragapult
|-immune|p1a: Dragapult
|
|-weather|Sandstorm|[upkeep]
|-damage|p1a: Dragapult|52/100|[from] Sandstorm
|-damage|p2a: Type: Null|94/100 brn|[from] Sandstorm
|-damage|p2a: Type: Null|88/100 brn|[from] brn
|upkeep
|turn|17
|
|switch|p1a: Clefable|Clefable, F|38/100 brn
|move|p2a: Type: Null|Crush Claw|p1a: Clefable
|-damage|p1a: Clefable|23/100 brn
|
|-weather|none
|-heal|p1a: Clefable|29/100 brn|[from] item: Leftovers
|-damage|p2a: Type: Null|82/100 brn|[from] brn
|upkeep
|turn|18
|
|move|p1a: Clefable|Wish|p1a: Clefable
|move|p2a: Type: Null|Swords Dance|p2a: Type: Null
|-boost|p2a: Type: Null|atk|2
|
|-heal|p1a: Clefable|35/100 brn|[from] item: Leftovers
|-damage|p2a: Type: Null|76/100 brn|[from] brn
|upkeep
|turn|19
|
|move|p1a: Clefable|Moonblast|p2a: Type: Null
|-damage|p2a: Type: Null|57/100 brn
|-unboost|p2a: Type: Null|spa|1
|move|p2a: Type: Null|Swords Dance|p2a: Type: Null
|-boost|p2a: Type: Null|atk|2
|
|-heal|p1a: Clefable|85/100 brn|[from] move: Wish|[wisher] Clefable
|-heal|p1a: Clefable|91/100 brn|[from] item: Leftovers
|-damage|p2a: Type: Null|51/100 brn|[from] brn
|upkeep
|turn|20
|
|move|p1a: Clefable|Moonblast|p2a: Type: Null
|-damage|p2a: Type: Null|34/100 brn
|move|p2a: Type: Null|Crush Claw|p1a: Clefable
|-damage|p1a: Clefable|47/100 brn
|
|-heal|p1a: Clefable|54/100 brn|[from] item: Leftovers
|-damage|p2a: Type: Null|28/100 brn|[from] brn
|upkeep
|turn|21
|
|move|p1a: Clefable|Wish|p1a: Clefable
|move|p2a: Type: Null|Rest|p2a: Type: Null
|-status|p2a: Type: Null|slp|[from] move: Rest
|-heal|p2a: Type: Null|100/100 slp|[silent]
|
|-heal|p1a: Clefable|60/100 brn|[from] item: Leftovers
|upkeep
|turn|22
|
|switch|p1a: Mew|Mew|100/100
|cant|p2a: Type: Null|slp
|move|p2a: Type: Null|Sleep Talk|p2a: Type: Null
|move|p2a: Type: Null|Rest|p2a: Type: Null|[from]Sleep Talk
|-fail|p2a: Type: Null|heal
|
|upkeep
|turn|23
|
|move|p1a: Mew|Cosmic Power|p1a: Mew
|-boost|p1a: Mew|def|1
|-boost|p1a: Mew|spd|1
|cant|p2a: Type: Null|slp
|move|p2a: Type: Null|Sleep Talk|p2a: Type: Null
|move|p2a: Type: Null|Rest|p2a: Type: Null|[from]Sleep Talk
|-fail|p2a: Type: Null|heal
|
|upkeep
|turn|24
|
|move|p1a: Mew|Cosmic Power|p1a: Mew
|-boost|p1a: Mew|def|1
|-boost|p1a: Mew|spd|1
|-curestatus|p2a: Type: Null|slp|[msg]
|move|p2a: Type: Null|Crush Claw|p1a: Mew
|-damage|p1a: Mew|70/100
|-enditem|p1a: Mew|Red Card|[of] p2a: Type: Null
|drag|p2a: Toxapex|Toxapex, M|100/100
|
|upkeep
|turn|25
|
|switch|p1a: Clefable|Clefable, F|60/100 brn
|switch|p2a: Tyranitar|Tyranitar, F|100/100
|-weather|Sandstorm|[from] ability: Sand Stream|[of] p2a: Tyranitar
|
|-weather|Sandstorm|[upkeep]
|-heal|p1a: Clefable|66/100 brn|[from] item: Leftovers
|upkeep
|turn|26
|
|switch|p1a: Corviknight|Corviknight, M|100/100
|-ability|p1a: Corviknight|Pressure
|move|p2a: Tyranitar|Stone Edge|p1a: Corviknight
|-damage|p1a: Corviknight|74/100
|
|-weather|Sandstorm|[upkeep]
|-heal|p1a: Corviknight|80/100|[from] item: Leftovers
|upkeep
|turn|27
|
|switch|p2a: Toxapex|Toxapex, M|100/100
|move|p1a: Corviknight|Iron Head|p2a: Toxapex
|-resisted|p2a: Toxapex
|-damage|p2a: Toxapex|92/100
|
|-weather|Sandstorm|[upkeep]
|-damage|p2a: Toxapex|86/100|[from] Sandstorm
|-heal|p1a: Corviknight|86/100|[from] item: Leftovers
|-heal|p2a: Toxapex|92/100|[from] item: Black Sludge
|upkeep
|turn|28
|
|move|p1a: Corviknight|U-turn|p2a: Toxapex
|-resisted|p2a: Toxapex
|-damage|p2a: Toxapex|87/100
|
|switch|p1a: Seismitoad|Seismitoad, M|88/100 tox|[from]move: U-turn
|move|p2a: Toxapex|Toxic Spikes|p1a: Seismitoad
|-sidestart|p1: yhdrslb|move: Toxic Spikes
|
|-weather|Sandstorm|[upkeep]
|-damage|p2a: Toxapex|80/100|[from] Sandstorm
|-heal|p1a: Seismitoad|94/100 tox|[from] item: Leftovers
|-heal|p2a: Toxapex|87/100|[from] item: Black Sludge
|-damage|p1a: Seismitoad|88/100 tox|[from] psn
|upkeep
|turn|29
|
|switch|p2a: Gyarados|Gyarados, M|61/100
|-ability|p2a: Gyarados|Intimidate|boost
|-unboost|p1a: Seismitoad|atk|1
|move|p1a: Seismitoad|Knock Off|p2a: Gyarados
|-damage|p2a: Gyarados|53/100
|
|-weather|none
|-heal|p1a: Seismitoad|94/100 tox|[from] item: Leftovers
|-damage|p1a: Seismitoad|82/100 tox|[from] psn
|upkeep
|turn|30
|
|move|p2a: Gyarados|Waterfall|p1a: Seismitoad
|-heal|p1a: Seismitoad|100/100 tox|[from] ability: Water Absorb|[of] p2a: Gyarados
|move|p1a: Seismitoad|Toxic|p2a: Gyarados
|-status|p2a: Gyarados|tox
|
|-damage|p2a: Gyarados|47/100 tox|[from] psn
|-damage|p1a: Seismitoad|82/100 tox|[from] psn
|upkeep
|turn|31
|
|switch|p1a: Corviknight|Corviknight, M|86/100
|-ability|p1a: Corviknight|Pressure
|move|p2a: Gyarados|Waterfall|p1a: Corviknight
|-damage|p1a: Corviknight|62/100
|
|-heal|p1a: Corviknight|68/100|[from] item: Leftovers
|-damage|p2a: Gyarados|34/100 tox|[from] psn
|upkeep
|turn|32
|
|switch|p2a: Toxapex|Toxapex, M|100/100
|move|p1a: Corviknight|Defog|p2a: Toxapex
|-unboost|p2a: Toxapex|evasion|1
|-sideend|p1: yhdrslb|Toxic Spikes|[from] move: Defog|[of] p1a: Corviknight
|
|-heal|p1a: Corviknight|74/100|[from] item: Leftovers
|upkeep
|turn|33
|inactive|yhdrslb has 120 seconds left.
|
|move|p1a: Corviknight|U-turn|p2a: Toxapex
|-resisted|p2a: Toxapex
|-damage|p2a: Toxapex|96/100
|
|switch|p1a: Seismitoad|Seismitoad, M|82/100 tox|[from]move: U-turn
|move|p2a: Toxapex|Scald|p1a: Seismitoad
|-heal|p1a: Seismitoad|100/100 tox|[from] ability: Water Absorb|[of] p2a: Toxapex
|
|-heal|p2a: Toxapex|100/100|[from] item: Black Sludge
|-damage|p1a: Seismitoad|94/100 tox|[from] psn
|upkeep
|turn|34
|
|switch|p1a: Corviknight|Corviknight, M|74/100
|-ability|p1a: Corviknight|Pressure
|move|p2a: Toxapex|Toxic Spikes|p1a: Corviknight
|-sidestart|p1: yhdrslb|move: Toxic Spikes
|
|-heal|p1a: Corviknight|80/100|[from] item: Leftovers
|upkeep
|turn|35
|
|switch|p2a: Cinderace|Cinderace, M|100/100
|move|p1a: Corviknight|Defog|p2a: Cinderace
|-unboost|p2a: Cinderace|evasion|1
|-sideend|p1: yhdrslb|Toxic Spikes|[from] move: Defog|[of] p1a: Corviknight
|
|-heal|p1a: Corviknight|87/100|[from] item: Leftovers
|upkeep
|turn|36
|
|switch|p1a: Seismitoad|Seismitoad, M|94/100 tox
|move|p2a: Cinderace|Low Kick|p1a: Seismitoad
|-damage|p1a: Seismitoad|77/100 tox
|
|-heal|p1a: Seismitoad|84/100 tox|[from] item: Leftovers
|-damage|p1a: Seismitoad|77/100 tox|[from] psn
|upkeep
|turn|37
|
|switch|p2a: Gyarados|Gyarados, M|34/100 tox
|-ability|p2a: Gyarados|Intimidate|boost
|-unboost|p1a: Seismitoad|atk|1
|move|p1a: Seismitoad|Stealth Rock|p2a: Gyarados
|-sidestart|p2: ratikate|move: Stealth Rock
|
|-heal|p1a: Seismitoad|84/100 tox|[from] item: Leftovers
|-damage|p2a: Gyarados|28/100 tox|[from] psn
|-damage|p1a: Seismitoad|71/100 tox|[from] psn
|upkeep
|turn|38
|
|switch|p1a: Corviknight|Corviknight, M|87/100
|-ability|p1a: Corviknight|Pressure
|move|p2a: Gyarados|Power Whip|p1a: Corviknight
|-resisted|p1a: Corviknight
|-damage|p1a: Corviknight|80/100
|
|-heal|p1a: Corviknight|86/100|[from] item: Leftovers
|-damage|p2a: Gyarados|16/100 tox|[from] psn
|upkeep
|turn|39
|
|move|p2a: Gyarados|Power Whip|p1a: Corviknight
|-resisted|p1a: Corviknight
|-damage|p1a: Corviknight|80/100
|move|p1a: Corviknight|U-turn|p2a: Gyarados
|-resisted|p2a: Gyarados
|-damage|p2a: Gyarados|10/100 tox
|
|switch|p1a: Seismitoad|Seismitoad, M|71/100 tox|[from]move: U-turn
|
|-heal|p1a: Seismitoad|77/100 tox|[from] item: Leftovers
|-damage|p2a: Gyarados|0 fnt|[from] psn
|faint|p2a: Gyarados
|-damage|p1a: Seismitoad|71/100 tox|[from] psn
|upkeep
|
|switch|p2a: Type: Null|Type: Null|100/100
|-damage|p2a: Type: Null|88/100|[from] Stealth Rock
|turn|40
|
|switch|p2a: Toxapex|Toxapex, M|100/100
|-damage|p2a: Toxapex|88/100|[from] Stealth Rock
|move|p1a: Seismitoad|Knock Off|p2a: Toxapex
|-damage|p2a: Toxapex|71/100
|-enditem|p2a: Toxapex|Black Sludge|[from] move: Knock Off|[of] p1a: Seismitoad
|
|-heal|p1a: Seismitoad|77/100 tox|[from] item: Leftovers
|-damage|p1a: Seismitoad|65/100 tox|[from] psn
|upkeep
|turn|41
|
|move|p2a: Toxapex|Baneful Bunker|p2a: Toxapex
|-singleturn|p2a: Toxapex|move: Protect
|move|p1a: Seismitoad|Earthquake|p2a: Toxapex
|-activate|p2a: Toxapex|move: Protect
|
|-heal|p1a: Seismitoad|71/100 tox|[from] item: Leftovers
|-damage|p1a: Seismitoad|53/100 tox|[from] psn
|upkeep
|turn|42
|
|switch|p1a: Corviknight|Corviknight, M|80/100
|-ability|p1a: Corviknight|Pressure
|move|p2a: Toxapex|Recover|p2a: Toxapex
|-heal|p2a: Toxapex|100/100
|
|-heal|p1a: Corviknight|87/100|[from] item: Leftovers
|upkeep
|turn|43
|
|move|p1a: Corviknight|Iron Head|p2a: Toxapex
|-resisted|p2a: Toxapex
|-damage|p2a: Toxapex|92/100
|cant|p2a: Toxapex|flinch
|
|-heal|p1a: Corviknight|93/100|[from] item: Leftovers
|upkeep
|turn|44
|
|move|p1a: Corviknight|U-turn|p2a: Toxapex
|-resisted|p2a: Toxapex
|-damage|p2a: Toxapex|87/100
|
|switch|p1a: Seismitoad|Seismitoad, M|53/100 tox|[from]move: U-turn
|move|p2a: Toxapex|Scald|p1a: Seismitoad
|-heal|p1a: Seismitoad|78/100 tox|[from] ability: Water Absorb|[of] p2a: Toxapex
|
|-heal|p1a: Seismitoad|84/100 tox|[from] item: Leftovers
|-damage|p1a: Seismitoad|78/100 tox|[from] psn
|upkeep
|turn|45
|
|switch|p1a: Corviknight|Corviknight, M|93/100
|-ability|p1a: Corviknight|Pressure
|move|p2a: Toxapex|Baneful Bunker||[still]
|-fail|p2a: Toxapex
|
|-heal|p1a: Corviknight|99/100|[from] item: Leftovers
|upkeep
|turn|46
|
|move|p1a: Corviknight|U-turn|p2a: Toxapex
|-resisted|p2a: Toxapex
|-damage|p2a: Toxapex|82/100
|
|switch|p1a: Dragapult|Dragapult, F|52/100|[from]move: U-turn
|move|p2a: Toxapex|Scald|p1a: Dragapult
|-resisted|p1a: Dragapult
|-damage|p1a: Dragapult|41/100
|
|upkeep
|turn|47
|
|move|p1a: Dragapult|Will-O-Wisp|p2a: Toxapex
|-status|p2a: Toxapex|brn
|move|p2a: Toxapex|Scald|p1a: Dragapult
|-resisted|p1a: Dragapult
|-damage|p1a: Dragapult|30/100
|-status|p1a: Dragapult|brn
|
|-damage|p1a: Dragapult|24/100 brn|[from] brn
|-damage|p2a: Toxapex|75/100 brn|[from] brn
|upkeep
|turn|48
|
|switch|p1a: Clefable|Clefable, F|66/100 brn
|switch|p2a: Type: Null|Type: Null|88/100
|-damage|p2a: Type: Null|75/100|[from] Stealth Rock
|
|-heal|p1a: Clefable|72/100 brn|[from] item: Leftovers
|upkeep
|turn|49
|
|move|p1a: Clefable|Wish|p1a: Clefable
|move|p2a: Type: Null|Crush Claw|p1a: Clefable
|-damage|p1a: Clefable|44/100 brn
|-unboost|p1a: Clefable|def|1
|
|-heal|p1a: Clefable|50/100 brn|[from] item: Leftovers
|upkeep
|turn|50
|
|switch|p1a: Dragapult|Dragapult, F|24/100 brn
|move|p2a: Type: Null|Swords Dance|p2a: Type: Null
|-boost|p2a: Type: Null|atk|2
|
|-heal|p1a: Dragapult|86/100 brn|[from] move: Wish|[wisher] Clefable
|-damage|p1a: Dragapult|80/100 brn|[from] brn
|upkeep
|turn|51
|
|move|p1a: Dragapult|Will-O-Wisp|p2a: Type: Null
|-status|p2a: Type: Null|brn
|move|p2a: Type: Null|Swords Dance|p2a: Type: Null
|-boost|p2a: Type: Null|atk|2
|
|-damage|p1a: Dragapult|74/100 brn|[from] brn
|-damage|p2a: Type: Null|69/100 brn|[from] brn
|upkeep
|turn|52
|
|move|p1a: Dragapult|U-turn|p2a: Type: Null
|-damage|p2a: Type: Null|65/100 brn
|
|switch|p1a: Mew|Mew|70/100|[from]move: U-turn
|move|p2a: Type: Null|Crush Claw|p1a: Mew
|-damage|p1a: Mew|36/100
|
|-damage|p2a: Type: Null|59/100 brn|[from] brn
|upkeep
|turn|53
|
|move|p1a: Mew|Roost|p1a: Mew
|-heal|p1a: Mew|86/100
|-singleturn|p1a: Mew|move: Roost
|move|p2a: Type: Null|Crush Claw|p1a: Mew
|-damage|p1a: Mew|51/100
|
|-damage|p2a: Type: Null|53/100 brn|[from] brn
|upkeep
|turn|54
|
|move|p1a: Mew|Roost|p1a: Mew
|-heal|p1a: Mew|100/100
|-singleturn|p1a: Mew|move: Roost
|move|p2a: Type: Null|Crush Claw|p1a: Mew
|-damage|p1a: Mew|69/100
|-unboost|p1a: Mew|def|1
|
|-damage|p2a: Type: Null|46/100 brn|[from] brn
|upkeep
|turn|55
|
|move|p1a: Mew|Cosmic Power|p1a: Mew
|-boost|p1a: Mew|def|1
|-boost|p1a: Mew|spd|1
|move|p2a: Type: Null|Rest|p2a: Type: Null
|-status|p2a: Type: Null|slp|[from] move: Rest
|-heal|p2a: Type: Null|100/100 slp|[silent]
|
|upkeep
|turn|56
|
|switch|p1a: Dragapult|Dragapult, F|74/100 brn
|cant|p2a: Type: Null|slp
|move|p2a: Type: Null|Sleep Talk|p2a: Type: Null
|move|p2a: Type: Null|Rest|p2a: Type: Null|[from]Sleep Talk
|-fail|p2a: Type: Null|heal
|
|-damage|p1a: Dragapult|68/100 brn|[from] brn
|upkeep
|turn|57
|
|move|p1a: Dragapult|Hex|p2a: Type: Null
|-immune|p2a: Type: Null
|cant|p2a: Type: Null|slp
|
|-damage|p1a: Dragapult|62/100 brn|[from] brn
|upkeep
|turn|58
|
|move|p1a: Dragapult|Hex|p2a: Type: Null
|-immune|p2a: Type: Null
|-curestatus|p2a: Type: Null|slp|[msg]
|move|p2a: Type: Null|Swords Dance|p2a: Type: Null
|-boost|p2a: Type: Null|atk|2
|
|-damage|p1a: Dragapult|56/100 brn|[from] brn
|upkeep
|turn|59
|
|move|p1a: Dragapult|Will-O-Wisp|p2a: Type: Null|[miss]
|-miss|p1a: Dragapult|p2a: Type: Null
|move|p2a: Type: Null|Rest|p2a: Type: Null
|-fail|p2a: Type: Null|heal
|
|-damage|p1a: Dragapult|50/100 brn|[from] brn
|upkeep
|turn|60
|
|move|p1a: Dragapult|Will-O-Wisp|p2a: Type: Null
|-status|p2a: Type: Null|brn
|move|p2a: Type: Null|Rest|p2a: Type: Null
|-fail|p2a: Type: Null|heal
|
|-damage|p1a: Dragapult|45/100 brn|[from] brn
|-damage|p2a: Type: Null|94/100 brn|[from] brn
|upkeep
|turn|61
|
|move|p1a: Dragapult|U-turn|p2a: Type: Null
|-damage|p2a: Type: Null|90/100 brn
|
|switch|p1a: Corviknight|Corviknight, M|99/100|[from]move: U-turn
|-ability|p1a: Corviknight|Pressure
|move|p2a: Type: Null|Crush Claw|p1a: Corviknight
|-resisted|p1a: Corviknight
|-damage|p1a: Corviknight|84/100
|-unboost|p1a: Corviknight|def|1
|
|-heal|p1a: Corviknight|90/100|[from] item: Leftovers
|-damage|p2a: Type: Null|84/100 brn|[from] brn
|upkeep
|turn|62
|
|move|p1a: Corviknight|Iron Head|p2a: Type: Null
|-damage|p2a: Type: Null|72/100 brn
|move|p2a: Type: Null|Rest|p2a: Type: Null
|-status|p2a: Type: Null|slp|[from] move: Rest
|-heal|p2a: Type: Null|100/100 slp|[silent]
|
|-heal|p1a: Corviknight|96/100|[from] item: Leftovers
|upkeep
|turn|63
|
|move|p1a: Corviknight|Iron Head|p2a: Type: Null
|-damage|p2a: Type: Null|90/100 slp
|cant|p2a: Type: Null|slp
|move|p2a: Type: Null|Sleep Talk|p2a: Type: Null
|move|p2a: Type: Null|Rest|p2a: Type: Null|[from]Sleep Talk
|-fail|p2a: Type: Null
|
|-heal|p1a: Corviknight|100/100|[from] item: Leftovers
|upkeep
|turn|64
|
|move|p1a: Corviknight|Iron Head|p2a: Type: Null
|-damage|p2a: Type: Null|80/100 slp
|cant|p2a: Type: Null|slp
|
|upkeep
|turn|65
|
|switch|p1a: Dragapult|Dragapult, F|45/100 brn
|-curestatus|p2a: Type: Null|slp|[msg]
|move|p2a: Type: Null|Swords Dance|p2a: Type: Null
|-boost|p2a: Type: Null|atk|0
|
|-damage|p1a: Dragapult|39/100 brn|[from] brn
|upkeep
|turn|66
|
|move|p1a: Dragapult|Will-O-Wisp|p2a: Type: Null
|-status|p2a: Type: Null|brn
|move|p2a: Type: Null|Swords Dance|p2a: Type: Null
|-boost|p2a: Type: Null|atk|0
|
|-damage|p1a: Dragapult|33/100 brn|[from] brn
|-damage|p2a: Type: Null|73/100 brn|[from] brn
|upkeep
|turn|67
|
|switch|p1a: Clefable|Clefable, F|50/100 brn
|switch|p2a: Cinderace|Cinderace, M|100/100
|
|-heal|p1a: Clefable|56/100 brn|[from] item: Leftovers
|upkeep
|turn|68
|
|switch|p1a: Rotom|Rotom-Heat|100/100
|move|p2a: Cinderace|Pyro Ball|p1a: Rotom
|-resisted|p1a: Rotom
|-damage|p1a: Rotom|64/100
|
|upkeep
|turn|69
|
|move|p2a: Cinderace|Gunk Shot|p1a: Rotom
|-crit|p1a: Rotom
|-damage|p1a: Rotom|0 fnt
|faint|p1a: Rotom
|
|upkeep
|inactive|yhdrslb has 120 seconds left.
|
|switch|p1a: Mew|Mew|69/100
|turn|70
|
|move|p2a: Cinderace|Pyro Ball|p1a: Mew
|-damage|p1a: Mew|19/100
|move|p1a: Mew|Cosmic Power|p1a: Mew
|-boost|p1a: Mew|def|1
|-boost|p1a: Mew|spd|1
|
|upkeep
|turn|71
|
|move|p2a: Cinderace|Pyro Ball|p1a: Mew
|-damage|p1a: Mew|0 fnt
|faint|p1a: Mew
|
|upkeep
|
|switch|p1a: Seismitoad|Seismitoad, M|78/100 tox
|turn|72
|
|switch|p2a: Type: Null|Type: Null|73/100 brn
|-damage|p2a: Type: Null|61/100 brn|[from] Stealth Rock
|move|p1a: Seismitoad|Knock Off|p2a: Type: Null
|-damage|p2a: Type: Null|50/100 brn
|-enditem|p2a: Type: Null|Eviolite|[from] move: Knock Off|[of] p1a: Seismitoad
|
|-heal|p1a: Seismitoad|84/100 tox|[from] item: Leftovers
|-damage|p1a: Seismitoad|78/100 tox|[from] psn
|-damage|p2a: Type: Null|44/100 brn|[from] brn
|upkeep
|turn|73
|
|switch|p1a: Clefable|Clefable, F|56/100 brn
|switch|p2a: Cinderace|Cinderace, M|100/100
|
|-heal|p1a: Clefable|62/100 brn|[from] item: Leftovers
|upkeep
|turn|74
|
|move|p1a: Clefable|Protect|p1a: Clefable
|-singleturn|p1a: Clefable|Protect
|move|p2a: Cinderace|Pyro Ball|p1a: Clefable
|-activate|p1a: Clefable|move: Protect
|
|-heal|p1a: Clefable|68/100 brn|[from] item: Leftovers
|upkeep
|turn|75
|
|switch|p1a: Seismitoad|Seismitoad, M|78/100 tox
|move|p2a: Cinderace|Gunk Shot|p1a: Seismitoad
|-resisted|p1a: Seismitoad
|-damage|p1a: Seismitoad|63/100 tox
|
|-heal|p1a: Seismitoad|70/100 tox|[from] item: Leftovers
|-damage|p1a: Seismitoad|63/100 tox|[from] psn
|upkeep
|turn|76
|
|move|p2a: Cinderace|Pyro Ball|p1a: Seismitoad
|-resisted|p1a: Seismitoad
|-damage|p1a: Seismitoad|44/100 tox
|move|p1a: Seismitoad|Knock Off|p2a: Cinderace
|-damage|p2a: Cinderace|69/100
|-enditem|p2a: Cinderace|Heavy-Duty Boots|[from] move: Knock Off|[of] p1a: Seismitoad
|
|-heal|p1a: Seismitoad|50/100 tox|[from] item: Leftovers
|-damage|p1a: Seismitoad|38/100 tox|[from] psn
|upkeep
|turn|77
|
|switch|p2a: Toxapex|Toxapex, M|100/100 brn
|-damage|p2a: Toxapex|88/100 brn|[from] Stealth Rock
|move|p1a: Seismitoad|Earthquake|p2a: Toxapex
|-supereffective|p2a: Toxapex
|-crit|p2a: Toxapex
|-damage|p2a: Toxapex|12/100 brn
|
|-heal|p1a: Seismitoad|44/100 tox|[from] item: Leftovers
|-damage|p1a: Seismitoad|25/100 tox|[from] psn
|-damage|p2a: Toxapex|6/100 brn|[from] brn
|upkeep
|turn|78
|
|switch|p1a: Clefable|Clefable, F|68/100 brn
|switch|p2a: Type: Null|Type: Null|44/100 brn
|-damage|p2a: Type: Null|31/100 brn|[from] Stealth Rock
|
|-heal|p1a: Clefable|74/100 brn|[from] item: Leftovers
|-damage|p2a: Type: Null|25/100 brn|[from] brn
|upkeep
|turn|79
|
|switch|p2a: Cinderace|Cinderace, M|69/100
|-damage|p2a: Cinderace|44/100|[from] Stealth Rock
|move|p1a: Clefable|Wish|p1a: Clefable
|
|-heal|p1a: Clefable|80/100 brn|[from] item: Leftovers
|upkeep
|turn|80
|
|move|p2a: Cinderace|Pyro Ball|p1a: Clefable
|-damage|p1a: Clefable|14/100 brn
|move|p1a: Clefable|Teleport|p1a: Clefable
|
|switch|p1a: Seismitoad|Seismitoad, M|25/100 tox|[from]move: Teleport
|
|-heal|p1a: Seismitoad|73/100 tox|[from] move: Wish|[wisher] Clefable
|-heal|p1a: Seismitoad|79/100 tox|[from] item: Leftovers
|-damage|p1a: Seismitoad|73/100 tox|[from] psn
|upkeep
|turn|81
|
|move|p2a: Cinderace|Court Change|p2a: Cinderace
|-sideend|p2: ratikate|Stealth Rock|[silent]
|-sidestart|p1: yhdrslb|Stealth Rock|[silent]
|-activate|p2a: Cinderace|move: Court Change
|move|p1a: Seismitoad|Earthquake|p2a: Cinderace
|-supereffective|p2a: Cinderace
|-damage|p2a: Cinderace|0 fnt
|faint|p2a: Cinderace
|
|-heal|p1a: Seismitoad|79/100 tox|[from] item: Leftovers
|-damage|p1a: Seismitoad|67/100 tox|[from] psn
|upkeep
|
|switch|p2a: Tyranitar|Tyranitar, F|100/100
|-weather|Sandstorm|[from] ability: Sand Stream|[of] p2a: Tyranitar
|turn|82
|
|move|p1a: Seismitoad|Knock Off|p2a: Tyranitar
|-resisted|p2a: Tyranitar
|-damage|p2a: Tyranitar|94/100
|-enditem|p2a: Tyranitar|Assault Vest|[from] move: Knock Off|[of] p1a: Seismitoad
|move|p2a: Tyranitar|Power-Up Punch|p1a: Seismitoad
|-damage|p1a: Seismitoad|57/100 tox
|-boost|p2a: Tyranitar|atk|1
|
|-weather|Sandstorm|[upkeep]
|-heal|p1a: Seismitoad|63/100 tox|[from] item: Leftovers
|-damage|p1a: Seismitoad|45/100 tox|[from] psn
|upkeep
|turn|83
|
|move|p1a: Seismitoad|Toxic|p2a: Tyranitar
|-status|p2a: Tyranitar|tox
|move|p2a: Tyranitar|Power-Up Punch|p1a: Seismitoad
|-damage|p1a: Seismitoad|31/100 tox
|-boost|p2a: Tyranitar|atk|1
|
|-weather|Sandstorm|[upkeep]
|-heal|p1a: Seismitoad|37/100 tox|[from] item: Leftovers
|-damage|p1a: Seismitoad|13/100 tox|[from] psn
|-damage|p2a: Tyranitar|87/100 tox|[from] psn
|upkeep
|turn|84
|
|switch|p1a: Corviknight|Corviknight, M|100/100
|-damage|p1a: Corviknight|88/100|[from] Stealth Rock
|-ability|p1a: Corviknight|Pressure
|move|p2a: Tyranitar|Power-Up Punch|p1a: Corviknight
|-damage|p1a: Corviknight|72/100
|-boost|p2a: Tyranitar|atk|1
|
|-weather|Sandstorm|[upkeep]
|-heal|p1a: Corviknight|78/100|[from] item: Leftovers
|-damage|p2a: Tyranitar|75/100 tox|[from] psn
|upkeep
|turn|85
|
|move|p1a: Corviknight|Defog|p2a: Tyranitar
|-unboost|p2a: Tyranitar|evasion|1
|-sideend|p1: yhdrslb|Stealth Rock|[from] move: Defog|[of] p1a: Corviknight
|move|p2a: Tyranitar|Stone Edge|p1a: Corviknight
|-damage|p1a: Corviknight|2/100
|
|-weather|Sandstorm|[upkeep]
|-heal|p1a: Corviknight|8/100|[from] item: Leftovers
|-damage|p2a: Tyranitar|56/100 tox|[from] psn
|upkeep
|turn|86
|
|move|p1a: Corviknight|Iron Head|p2a: Tyranitar
|-supereffective|p2a: Tyranitar
|-damage|p2a: Tyranitar|29/100 tox
|move|p2a: Tyranitar|Power-Up Punch|p1a: Corviknight
|-damage|p1a: Corviknight|0 fnt
|-boost|p2a: Tyranitar|atk|1
|faint|p1a: Corviknight
|
|-weather|none
|-damage|p2a: Tyranitar|4/100 tox|[from] psn
|upkeep
|
|switch|p1a: Clefable|Clefable, F|14/100 brn
|turn|87
|
|switch|p2a: Toxapex|Toxapex, M|39/100 brn
|move|p1a: Clefable|Protect||[still]
|-fail|p1a: Clefable
|
|-heal|p1a: Clefable|20/100 brn|[from] item: Leftovers
|-damage|p2a: Toxapex|33/100 brn|[from] brn
|upkeep
|turn|88
|
|move|p1a: Clefable|Wish|p1a: Clefable
|move|p2a: Toxapex|Scald|p1a: Clefable
|-damage|p1a: Clefable|9/100 brn
|
|-heal|p1a: Clefable|15/100 brn|[from] item: Leftovers
|-damage|p2a: Toxapex|27/100 brn|[from] brn
|upkeep
|turn|89
|
|move|p1a: Clefable|Moonblast|p2a: Toxapex
|-resisted|p2a: Toxapex
|-damage|p2a: Toxapex|17/100 brn
|-unboost|p2a: Toxapex|spa|1
|move|p2a: Toxapex|Scald|p1a: Clefable
|-damage|p1a: Clefable|8/100 brn
|
|-heal|p1a: Clefable|58/100 brn|[from] move: Wish|[wisher] Clefable
|-heal|p1a: Clefable|64/100 brn|[from] item: Leftovers
|-damage|p2a: Toxapex|11/100 brn|[from] brn
|upkeep
|turn|90
|c|☆ratikate|gg
|c|☆yhdrslb|gg
|
|switch|p2a: Type: Null|Type: Null|25/100 brn
|move|p1a: Clefable|Moonblast|p2a: Type: Null
|-damage|p2a: Type: Null|0 fnt
|faint|p2a: Type: Null
|
|-heal|p1a: Clefable|71/100 brn|[from] item: Leftovers
|upkeep
|
|switch|p2a: Tyranitar|Tyranitar, F|4/100 tox
|-weather|Sandstorm|[from] ability: Sand Stream|[of] p2a: Tyranitar
|turn|91
|
|move|p1a: Clefable|Protect|p1a: Clefable
|-singleturn|p1a: Clefable|Protect
|move|p2a: Tyranitar|Stone Edge|p1a: Clefable
|-activate|p1a: Clefable|move: Protect
|
|-weather|Sandstorm|[upkeep]
|-heal|p1a: Clefable|77/100 brn|[from] item: Leftovers
|-damage|p2a: Tyranitar|0 fnt|[from] psn
|faint|p2a: Tyranitar
|upkeep
|
|switch|p2a: Toxapex|Toxapex, M|44/100 brn
|turn|92
|
|move|p1a: Clefable|Wish|p1a: Clefable
|move|p2a: Toxapex|Scald|p1a: Clefable
|-damage|p1a: Clefable|67/100 brn
|
|-weather|Sandstorm|[upkeep]
|-damage|p2a: Toxapex|38/100 brn|[from] Sandstorm
|-heal|p1a: Clefable|73/100 brn|[from] item: Leftovers
|-damage|p2a: Toxapex|31/100 brn|[from] brn
|upkeep
|turn|93
|
|move|p2a: Toxapex|Scald|p1a: Clefable
|-damage|p1a: Clefable|64/100 brn
|move|p1a: Clefable|Teleport|p1a: Clefable
|
|switch|p1a: Dragapult|Dragapult, F|33/100 brn|[from]move: Teleport
|
|-weather|Sandstorm|[upkeep]
|-damage|p1a: Dragapult|27/100 brn|[from] Sandstorm
|-damage|p2a: Toxapex|25/100 brn|[from] Sandstorm
|-heal|p1a: Dragapult|89/100 brn|[from] move: Wish|[wisher] Clefable
|-damage|p1a: Dragapult|83/100 brn|[from] brn
|-damage|p2a: Toxapex|19/100 brn|[from] brn
|upkeep
|turn|94
|c|☆yhdrslb|L
|-message|ratikate forfeited.
|
|win|yhdrslb
|l|☆ratikate
|raw|yhdrslb's rating: 1317 &rarr; <strong>1336</strong><br />(+19 for winning)
|raw|ratikate's rating: 1297 &rarr; <strong>1273</strong><br />(-24 for losing)
