|j|☆CookieXie
|j|☆blacksponge
|t:|1655100495
|gametype|singles
|player|p1|CookieXie|red|1316
|player|p2|blacksponge|lucas|1395
|teamsize|p1|6
|teamsize|p2|6
|gen|8
|tier|[Gen 8] OU
|rated|
|rule|Sleep Clause Mod: Limit one foe put to sleep
|rule|Species Clause: Limit one of each Pokémon
|rule|OHKO Clause: OHKO moves are banned
|rule|Evasion Moves Clause: Evasion moves are banned
|rule|Endless Battle Clause: Forcing endless battles is banned
|rule|HP Percentage Mod: HP is shown in percentages
|rule|Dynamax Clause: You cannot dynamax
|clearpoke
|poke|p1|Kartana|
|poke|p1|Nihilego|
|poke|p1|Slurpuff, M|
|poke|p1|Volcarona, M|
|poke|p1|Togekiss, F|
|poke|p1|Blacephalon|
|poke|p2|Pelipper, F|
|poke|p2|Pikachu, F|
|poke|p2|Barraskewda, M|
|poke|p2|Blissey, F|
|poke|p2|Kartana|
|poke|p2|Garchomp, M|
|teampreview
|inactive|Battle timer is ON: inactive players will automatically lose when time's up. (requested by CookieXie)
|j| ghostrrrr
|
|t:|1655100499
|start
|switch|p1a: Slurpuff|Slurpuff, M|100/100
|switch|p2a: Pelipper|Pelipper, F|100/100
|-weather|RainDance|[from] ability: Drizzle|[of] p2a: Pelipper
|turn|1
|l| ghostrrrr
|
|t:|1655100505
|move|p1a: Slurpuff|Sticky Web|p2a: Pelipper
|-sidestart|p2: blacksponge|move: Sticky Web
|move|p2a: Pelipper|Scald|p1a: Slurpuff
|-damage|p1a: Slurpuff|15/100
|-status|p1a: Slurpuff|brn
|
|-weather|RainDance|[upkeep]
|-damage|p1a: Slurpuff|9/100 brn|[from] brn
|upkeep
|turn|2
|
|t:|1655100514
|move|p1a: Slurpuff|Misty Explosion|p2a: Pelipper
|-damage|p2a: Pelipper|41/100
|faint|p1a: Slurpuff
|move|p2a: Pelipper|Roost|p2a: Pelipper
|-heal|p2a: Pelipper|91/100
|-singleturn|p2a: Pelipper|move: Roost
|
|-weather|RainDance|[upkeep]
|upkeep
|
|t:|1655100524
|switch|p1a: Nihilego|Nihilego|100/100
|turn|3
|
|t:|1655100528
|switch|p2a: Blissey|Blissey, F|100/100
|move|p1a: Nihilego|Meteor Beam||[still]
|-prepare|p1a: Nihilego|Meteor Beam
|-boost|p1a: Nihilego|spa|1
|-enditem|p1a: Nihilego|Power Herb
|-anim|p1a: Nihilego|Meteor Beam|p2a: Blissey
|-damage|p2a: Blissey|70/100
|
|-weather|RainDance|[upkeep]
|upkeep
|turn|4
|
|t:|1655100539
|move|p1a: Nihilego|Stealth Rock|p2a: Blissey
|-sidestart|p2: blacksponge|move: Stealth Rock
|move|p2a: Blissey|Seismic Toss|p1a: Nihilego
|-damage|p1a: Nihilego|74/100
|
|-weather|RainDance|[upkeep]
|upkeep
|turn|5
|
|t:|1655100551
|switch|p1a: Kartana|Kartana|100/100
|move|p2a: Blissey|Teleport|p2a: Blissey
|
|t:|1655100558
|switch|p2a: Garchomp|Garchomp, M|100/100|[from]move: Teleport
|-activate|p2a: Garchomp|move: Sticky Web
|-unboost|p2a: Garchomp|spe|1
|-damage|p2a: Garchomp|94/100|[from] Stealth Rock
|
|-weather|RainDance|[upkeep]
|upkeep
|turn|6
|
|t:|1655100569
|move|p1a: Kartana|Leaf Blade|p2a: Garchomp
|-damage|p2a: Garchomp|42/100
|-damage|p1a: Kartana|88/100|[from] ability: Rough Skin|[of] p2a: Garchomp
|-damage|p1a: Kartana|72/100|[from] item: Rocky Helmet|[of] p2a: Garchomp
|-damage|p1a: Kartana|62/100|[from] item: Life Orb
|move|p2a: Garchomp|Stealth Rock|p1a: Kartana
|-sidestart|p1: CookieXie|move: Stealth Rock
|
|-weather|RainDance|[upkeep]
|upkeep
|turn|7
|
|t:|1655100577
|switch|p2a: Kartana|Kartana|100/100
|-activate|p2a: Kartana|move: Sticky Web
|-unboost|p2a: Kartana|spe|1
|-damage|p2a: Kartana|94/100|[from] Stealth Rock
|move|p1a: Kartana|Knock Off|p2a: Kartana
|-damage|p2a: Kartana|34/100
|-enditem|p2a: Kartana|Choice Scarf|[from] move: Knock Off|[of] p1a: Kartana
|-damage|p1a: Kartana|52/100|[from] item: Life Orb
|
|-weather|RainDance|[upkeep]
|upkeep
|turn|8
|
|t:|1655100588
|switch|p2a: Garchomp|Garchomp, M|42/100
|-activate|p2a: Garchomp|move: Sticky Web
|-unboost|p2a: Garchomp|spe|1
|-damage|p2a: Garchomp|36/100|[from] Stealth Rock
|move|p1a: Kartana|Knock Off|p2a: Garchomp
|-damage|p2a: Garchomp|0 fnt
|-damage|p1a: Kartana|40/100|[from] ability: Rough Skin|[of] p2a: Garchomp
|-damage|p1a: Kartana|23/100|[from] item: Rocky Helmet|[of] p2a: Garchomp
|-enditem|p2a: Garchomp|Rocky Helmet|[from] move: Knock Off|[of] p1a: Kartana
|faint|p2a: Garchomp
|-ability|p1a: Kartana|Beast Boost|boost
|-boost|p1a: Kartana|atk|1
|-damage|p1a: Kartana|14/100|[from] item: Life Orb
|
|-weather|none
|upkeep
|
|t:|1655100592
|switch|p2a: Pelipper|Pelipper, F|91/100
|-damage|p2a: Pelipper|66/100|[from] Stealth Rock
|-weather|RainDance|[from] ability: Drizzle|[of] p2a: Pelipper
|turn|9
|
|t:|1655100606
|switch|p2a: Kartana|Kartana|34/100
|-activate|p2a: Kartana|move: Sticky Web
|-unboost|p2a: Kartana|spe|1
|-damage|p2a: Kartana|28/100|[from] Stealth Rock
|move|p1a: Kartana|Knock Off|p2a: Kartana
|-damage|p2a: Kartana|0 fnt
|faint|p2a: Kartana
|-ability|p1a: Kartana|Beast Boost|boost
|-boost|p1a: Kartana|atk|1
|-damage|p1a: Kartana|4/100|[from] item: Life Orb
|
|-weather|RainDance|[upkeep]
|upkeep
|
|t:|1655100613
|switch|p2a: Barraskewda|Barraskewda, M|100/100
|-activate|p2a: Barraskewda|move: Sticky Web
|-unboost|p2a: Barraskewda|spe|1
|-damage|p2a: Barraskewda|88/100|[from] Stealth Rock
|turn|10
|
|t:|1655100622
|move|p2a: Barraskewda|Liquidation|p1a: Kartana
|-resisted|p1a: Kartana
|-damage|p1a: Kartana|0 fnt
|faint|p1a: Kartana
|
|-weather|RainDance|[upkeep]
|upkeep
|
|t:|1655100629
|switch|p1a: Nihilego|Nihilego|74/100
|-damage|p1a: Nihilego|62/100|[from] Stealth Rock
|turn|11
|
|t:|1655100634
|move|p2a: Barraskewda|Liquidation|p1a: Nihilego
|-supereffective|p1a: Nihilego
|-damage|p1a: Nihilego|0 fnt
|faint|p1a: Nihilego
|
|-weather|RainDance|[upkeep]
|upkeep
|
|t:|1655100638
|switch|p1a: Togekiss|Togekiss, F|100/100
|turn|12
|
|t:|1655100642
|switch|p2a: Pikachu|Pikachu, F|100/100
|-activate|p2a: Pikachu|move: Sticky Web
|-unboost|p2a: Pikachu|spe|1
|-damage|p2a: Pikachu|88/100|[from] Stealth Rock
|move|p1a: Togekiss|Air Slash|p2a: Pikachu
|-resisted|p2a: Pikachu
|-damage|p2a: Pikachu|34/100
|
|-weather|RainDance|[upkeep]
|upkeep
|turn|13
|
|t:|1655100651
|move|p1a: Togekiss|Air Slash|p2a: Pikachu
|-resisted|p2a: Pikachu
|-damage|p2a: Pikachu|0 fnt
|faint|p2a: Pikachu
|
|-weather|RainDance|[upkeep]
|upkeep
|
|t:|1655100654
|switch|p2a: Blissey|Blissey, F|70/100
|turn|14
|
|t:|1655100664
|move|p1a: Togekiss|Nasty Plot|p1a: Togekiss
|-boost|p1a: Togekiss|spa|2
|move|p2a: Blissey|Toxic|p1a: Togekiss
|-status|p1a: Togekiss|tox
|
|-weather|RainDance|[upkeep]
|-damage|p1a: Togekiss|94/100 tox|[from] psn
|upkeep
|turn|15
|
|t:|1655100668
|move|p1a: Togekiss|Nasty Plot|p1a: Togekiss
|-boost|p1a: Togekiss|spa|2
|move|p2a: Blissey|Soft-Boiled|p2a: Blissey
|-heal|p2a: Blissey|100/100
|
|-weather|RainDance|[upkeep]
|-damage|p1a: Togekiss|82/100 tox|[from] psn
|upkeep
|turn|16
|
|t:|1655100673
|move|p1a: Togekiss|Aura Sphere|p2a: Blissey
|-supereffective|p2a: Blissey
|-damage|p2a: Blissey|47/100
|move|p2a: Blissey|Soft-Boiled|p2a: Blissey
|-heal|p2a: Blissey|97/100
|
|-weather|none
|-damage|p1a: Togekiss|64/100 tox|[from] psn
|upkeep
|turn|17
|
|t:|1655100678
|switch|p2a: Pelipper|Pelipper, F|66/100
|-damage|p2a: Pelipper|42/100|[from] Stealth Rock
|-weather|RainDance|[from] ability: Drizzle|[of] p2a: Pelipper
|move|p1a: Togekiss|Nasty Plot|p1a: Togekiss
|-boost|p1a: Togekiss|spa|2
|
|-weather|RainDance|[upkeep]
|-damage|p1a: Togekiss|39/100 tox|[from] psn
|upkeep
|turn|18
|
|t:|1655100685
|move|p1a: Togekiss|Air Slash|p2a: Pelipper
|-damage|p2a: Pelipper|0 fnt
|faint|p2a: Pelipper
|
|-weather|RainDance|[upkeep]
|-damage|p1a: Togekiss|9/100 tox|[from] psn
|upkeep
|
|t:|1655100687
|switch|p2a: Barraskewda|Barraskewda, M|88/100
|-activate|p2a: Barraskewda|move: Sticky Web
|-unboost|p2a: Barraskewda|spe|1
|-damage|p2a: Barraskewda|76/100|[from] Stealth Rock
|turn|19
|
|t:|1655100705
|move|p2a: Barraskewda|Liquidation|p1a: Togekiss
|-damage|p1a: Togekiss|0 fnt
|faint|p1a: Togekiss
|
|-weather|RainDance|[upkeep]
|upkeep
|
|t:|1655100714
|switch|p1a: Blacephalon|Blacephalon, shiny|100/100
|-damage|p1a: Blacephalon|76/100|[from] Stealth Rock
|turn|20
|
|t:|1655100720
|move|p1a: Blacephalon|Trick|p2a: Barraskewda
|-activate|p1a: Blacephalon|move: Trick|[of] p2a: Barraskewda
|-item|p2a: Barraskewda|Choice Scarf|[from] move: Trick
|-item|p1a: Blacephalon|Choice Band|[from] move: Trick
|move|p2a: Barraskewda|Liquidation|p1a: Blacephalon
|-supereffective|p1a: Blacephalon
|-damage|p1a: Blacephalon|0 fnt
|faint|p1a: Blacephalon
|
|-weather|RainDance|[upkeep]
|upkeep
|-message|CookieXie forfeited.
|
|win|blacksponge
|raw|CookieXie's rating: 1316 &rarr; <strong>1300</strong><br />(-16 for losing)
|raw|blacksponge's rating: 1395 &rarr; <strong>1411</strong><br />(+16 for winning)
|l|☆CookieXie
