|j|‽minimax_ai
|j|☆iopkj09
|t:|1667652756
|gametype|singles
|player|p1|minimax_ai|169|1577
|player|p2|iopkj09|nate|1535
|teamsize|p1|6
|teamsize|p2|6
|gen|8
|tier|[Gen 8] OU
|rated|
|rule|Sleep Clause Mod: Limit one foe put to sleep
|rule|Species Clause: Limit one of each Pokémon
|rule|OHKO Clause: OHKO moves are banned
|rule|Evasion Items Clause: Evasion items are banned
|rule|Evasion Moves Clause: Evasion moves are banned
|rule|Endless Battle Clause: Forcing endless battles is banned
|rule|HP Percentage Mod: HP is shown in percentages
|rule|Dynamax Clause: You cannot dynamax
|clearpoke
|poke|p1|Rotom-Wash|
|poke|p1|Weavile, M|
|poke|p1|Landorus-Therian, M|
|poke|p1|Heatran, M|
|poke|p1|Tangrowth, F|
|poke|p1|Melmetal|
|poke|p2|Garchomp, M|
|poke|p2|Zapdos|
|poke|p2|Rillaboom, M|
|poke|p2|Tapu Lele|
|poke|p2|Volcanion|
|poke|p2|Weavile, F|
|teampreview
|inactive|Battle timer is ON: inactive players will automatically lose when time's up. (requested by iopkj09)
|inactive|minimax_ai also wants the timer to be on.
|
|t:|1667652762
|start
|switch|p1a: Melmetal|Melmetal|100/100
|switch|p2a: Volcanion|Volcanion|100/100
|turn|1
|
|t:|1667652768
|switch|p1a: Rotom|Rotom-Wash|100/100
|move|p2a: Volcanion|Steam Eruption|p1a: Rotom
|-resisted|p1a: Rotom
|-damage|p1a: Rotom|68/100
|
|-heal|p1a: Rotom|74/100|[from] item: Leftovers
|upkeep
|turn|2
|
|t:|1667652778
|move|p1a: Rotom|Pain Split|p2a: Volcanion
|-sethp|p2a: Volcanion|81/100|[from] move: Pain Split|[silent]
|-sethp|p1a: Rotom|97/100|[from] move: Pain Split
|move|p2a: Volcanion|Steam Eruption|p1a: Rotom
|-resisted|p1a: Rotom
|-damage|p1a: Rotom|66/100
|
|-heal|p1a: Rotom|72/100|[from] item: Leftovers
|upkeep
|turn|3
|
|t:|1667652781
|move|p1a: Rotom|Pain Split|p2a: Volcanion
|-sethp|p2a: Volcanion|71/100|[from] move: Pain Split|[silent]
|-sethp|p1a: Rotom|84/100|[from] move: Pain Split
|move|p2a: Volcanion|Steam Eruption|p1a: Rotom
|-resisted|p1a: Rotom
|-damage|p1a: Rotom|54/100
|
|-heal|p1a: Rotom|60/100|[from] item: Leftovers
|upkeep
|turn|4
|
|t:|1667652785
|move|p1a: Rotom|Pain Split|p2a: Volcanion
|-sethp|p2a: Volcanion|60/100|[from] move: Pain Split|[silent]
|-sethp|p1a: Rotom|72/100|[from] move: Pain Split
|move|p2a: Volcanion|Steam Eruption|p1a: Rotom
|-resisted|p1a: Rotom
|-damage|p1a: Rotom|44/100
|
|-heal|p1a: Rotom|50/100|[from] item: Leftovers
|upkeep
|turn|5
|
|t:|1667652787
|move|p1a: Rotom|Pain Split|p2a: Volcanion
|-sethp|p2a: Volcanion|51/100|[from] move: Pain Split|[silent]
|-sethp|p1a: Rotom|61/100|[from] move: Pain Split
|move|p2a: Volcanion|Steam Eruption|p1a: Rotom
|-resisted|p1a: Rotom
|-damage|p1a: Rotom|30/100
|-status|p1a: Rotom|brn
|
|-heal|p1a: Rotom|37/100 brn|[from] item: Leftovers
|-damage|p1a: Rotom|30/100 brn|[from] brn
|upkeep
|turn|6
|
|t:|1667652790
|switch|p2a: Garchomp|Garchomp, M, shiny|100/100
|move|p1a: Rotom|Pain Split|p2a: Garchomp
|-sethp|p2a: Garchomp|63/100|[from] move: Pain Split|[silent]
|-sethp|p1a: Rotom|74/100 brn|[from] move: Pain Split
|
|-heal|p1a: Rotom|80/100 brn|[from] item: Leftovers
|-damage|p1a: Rotom|74/100 brn|[from] brn
|upkeep
|turn|7
|
|t:|1667652793
|switch|p1a: Landorus|Landorus-Therian, M|100/100
|-ability|p1a: Landorus|Intimidate|boost
|-unboost|p2a: Garchomp|atk|1
|move|p2a: Garchomp|Outrage|p1a: Landorus
|-damage|p1a: Landorus|62/100
|
|-heal|p1a: Landorus|68/100|[from] item: Leftovers
|upkeep
|turn|8
|
|t:|1667652795
|move|p2a: Garchomp|Outrage|p1a: Landorus|[from]lockedmove
|-damage|p1a: Landorus|27/100
|move|p1a: Landorus|Earthquake|p2a: Garchomp
|-crit|p2a: Garchomp
|-damage|p2a: Garchomp|0 fnt
|faint|p2a: Garchomp
|
|-heal|p1a: Landorus|33/100|[from] item: Leftovers
|upkeep
|
|t:|1667652815
|switch|p2a: Zapdos|Zapdos, shiny|100/100
|turn|9
|
|t:|1667652817
|switch|p1a: Melmetal|Melmetal|100/100
|move|p2a: Zapdos|Hurricane|p1a: Melmetal
|-resisted|p1a: Melmetal
|-damage|p1a: Melmetal|86/100
|-start|p1a: Melmetal|confusion
|
|upkeep
|turn|10
|
|t:|1667652819
|move|p2a: Zapdos|Heat Wave|p1a: Melmetal
|-supereffective|p1a: Melmetal
|-damage|p1a: Melmetal|53/100
|-activate|p1a: Melmetal|confusion
|move|p1a: Melmetal|Double Iron Bash|p2a: Zapdos
|-resisted|p2a: Zapdos
|-damage|p2a: Zapdos|78/100
|-status|p1a: Melmetal|par|[from] ability: Static|[of] p2a: Zapdos
|-resisted|p2a: Zapdos
|-damage|p2a: Zapdos|55/100
|-hitcount|p2a: Zapdos|2
|
|upkeep
|turn|11
|
|t:|1667652822
|move|p2a: Zapdos|Heat Wave|p1a: Melmetal|[miss]
|-miss|p2a: Zapdos|p1a: Melmetal
|-activate|p1a: Melmetal|confusion
|-damage|p1a: Melmetal|44/100 par|[from] confusion
|
|upkeep
|turn|12
|
|t:|1667652824
|move|p2a: Zapdos|Heat Wave|p1a: Melmetal
|-supereffective|p1a: Melmetal
|-damage|p1a: Melmetal|10/100 par
|-activate|p1a: Melmetal|confusion
|cant|p1a: Melmetal|par
|
|upkeep
|turn|13
|
|t:|1667652827
|move|p2a: Zapdos|Heat Wave|p1a: Melmetal
|-supereffective|p1a: Melmetal
|-damage|p1a: Melmetal|0 fnt
|faint|p1a: Melmetal
|
|upkeep
|
|t:|1667652827
|switch|p1a: Weavile|Weavile, M|100/100
|-ability|p1a: Weavile|Pressure
|turn|14
|
|t:|1667652830
|switch|p2a: Volcanion|Volcanion|51/100
|move|p1a: Weavile|Knock Off|p2a: Volcanion
|-damage|p2a: Volcanion|0 fnt
|-enditem|p2a: Volcanion|Assault Vest|[from] move: Knock Off|[of] p1a: Weavile
|faint|p2a: Volcanion
|
|upkeep
|
|t:|1667652835
|switch|p2a: Rillaboom|Rillaboom, M|100/100
|-fieldstart|move: Grassy Terrain|[from] ability: Grassy Surge|[of] p2a: Rillaboom
|turn|15
|
|t:|1667652837
|switch|p1a: Tangrowth|Tangrowth, F|100/100
|move|p2a: Rillaboom|Swords Dance|p2a: Rillaboom
|-boost|p2a: Rillaboom|atk|2
|
|upkeep
|turn|16
|
|t:|1667652839
|move|p2a: Rillaboom|Swords Dance|p2a: Rillaboom
|-boost|p2a: Rillaboom|atk|2
|move|p1a: Tangrowth|Knock Off|p2a: Rillaboom
|-damage|p2a: Rillaboom|75/100
|-enditem|p2a: Rillaboom|Life Orb|[from] move: Knock Off|[of] p1a: Tangrowth
|
|-heal|p2a: Rillaboom|81/100|[from] Grassy Terrain
|upkeep
|turn|17
|
|t:|1667652840
|move|p2a: Rillaboom|Swords Dance|p2a: Rillaboom
|-boost|p2a: Rillaboom|atk|2
|move|p1a: Tangrowth|Giga Drain|p2a: Rillaboom
|-resisted|p2a: Rillaboom
|-damage|p2a: Rillaboom|58/100
|
|-heal|p2a: Rillaboom|64/100|[from] Grassy Terrain
|upkeep
|turn|18
|
|t:|1667652842
|switch|p1a: Landorus|Landorus-Therian, M|33/100
|-ability|p1a: Landorus|Intimidate|boost
|-unboost|p2a: Rillaboom|atk|1
|move|p2a: Rillaboom|Superpower|p1a: Landorus
|-resisted|p1a: Landorus
|-damage|p1a: Landorus|0 fnt
|-unboost|p2a: Rillaboom|atk|1
|-unboost|p2a: Rillaboom|def|1
|faint|p1a: Landorus
|
|-heal|p2a: Rillaboom|70/100|[from] Grassy Terrain
|upkeep
|
|t:|1667652842
|switch|p1a: Heatran|Heatran, M|100/100
|-item|p1a: Heatran|Air Balloon
|turn|19
|
|t:|1667652844
|move|p2a: Rillaboom|Superpower|p1a: Heatran
|-supereffective|p1a: Heatran
|-damage|p1a: Heatran|0 fnt
|-unboost|p2a: Rillaboom|atk|1
|-unboost|p2a: Rillaboom|def|1
|-enditem|p1a: Heatran|Air Balloon
|faint|p1a: Heatran
|
|-heal|p2a: Rillaboom|76/100|[from] Grassy Terrain
|-fieldend|move: Grassy Terrain
|upkeep
|
|t:|1667652844
|switch|p1a: Weavile|Weavile, M|100/100
|-ability|p1a: Weavile|Pressure
|turn|20
|
|t:|1667652848
|switch|p2a: Zapdos|Zapdos, shiny|55/100
|move|p1a: Weavile|Knock Off|p2a: Zapdos
|-damage|p2a: Zapdos|0 fnt
|-enditem|p2a: Zapdos|Wide Lens|[from] move: Knock Off|[of] p1a: Weavile
|faint|p2a: Zapdos
|
|upkeep
|
|t:|1667652852
|switch|p2a: Rillaboom|Rillaboom, M|76/100
|-fieldstart|move: Grassy Terrain|[from] ability: Grassy Surge|[of] p2a: Rillaboom
|turn|21
|
|t:|1667652858
|switch|p1a: Tangrowth|Tangrowth, F|100/100
|move|p2a: Rillaboom|Grassy Glide|p1a: Tangrowth
|-resisted|p1a: Tangrowth
|-damage|p1a: Tangrowth|88/100
|-damage|p2a: Rillaboom|60/100|[from] item: Rocky Helmet|[of] p1a: Tangrowth
|
|-heal|p2a: Rillaboom|66/100|[from] Grassy Terrain
|-heal|p1a: Tangrowth|94/100|[from] Grassy Terrain
|upkeep
|turn|22
|
|t:|1667652860
|move|p2a: Rillaboom|Grassy Glide|p1a: Tangrowth
|-resisted|p1a: Tangrowth
|-damage|p1a: Tangrowth|82/100
|-damage|p2a: Rillaboom|49/100|[from] item: Rocky Helmet|[of] p1a: Tangrowth
|move|p1a: Tangrowth|Sleep Powder|p2a: Rillaboom
|-immune|p2a: Rillaboom
|
|-heal|p2a: Rillaboom|55/100|[from] Grassy Terrain
|-heal|p1a: Tangrowth|89/100|[from] Grassy Terrain
|upkeep
|turn|23
|
|t:|1667652863
|move|p2a: Rillaboom|Swords Dance|p2a: Rillaboom
|-boost|p2a: Rillaboom|atk|2
|move|p1a: Tangrowth|Giga Drain|p2a: Rillaboom
|-resisted|p2a: Rillaboom
|-damage|p2a: Rillaboom|31/100
|-heal|p1a: Tangrowth|99/100|[from] drain|[of] p2a: Rillaboom
|
|-heal|p2a: Rillaboom|37/100|[from] Grassy Terrain
|-heal|p1a: Tangrowth|100/100|[from] Grassy Terrain
|upkeep
|turn|24
|
|t:|1667652866
|move|p2a: Rillaboom|Swords Dance|p2a: Rillaboom
|-boost|p2a: Rillaboom|atk|2
|move|p1a: Tangrowth|Sleep Powder|p2a: Rillaboom
|-immune|p2a: Rillaboom
|
|-heal|p2a: Rillaboom|43/100|[from] Grassy Terrain
|upkeep
|turn|25
|
|t:|1667652868
|move|p2a: Rillaboom|Swords Dance|p2a: Rillaboom
|-boost|p2a: Rillaboom|atk|2
|move|p1a: Tangrowth|Focus Blast|p2a: Rillaboom
|-damage|p2a: Rillaboom|0 fnt
|faint|p2a: Rillaboom
|
|-fieldend|move: Grassy Terrain
|upkeep
|
|t:|1667652873
|switch|p2a: Tapu Lele|Tapu Lele|100/100
|-fieldstart|move: Psychic Terrain|[from] ability: Psychic Surge|[of] p2a: Tapu Lele
|turn|26
|
|t:|1667652874
|switch|p1a: Rotom|Rotom-Wash|74/100 brn
|move|p2a: Tapu Lele|Moonblast|p1a: Rotom
|-damage|p1a: Rotom|0 fnt
|faint|p1a: Rotom
|
|upkeep
|
|t:|1667652875
|switch|p1a: Weavile|Weavile, M|100/100
|-ability|p1a: Weavile|Pressure
|turn|27
|
|t:|1667652877
|move|p1a: Weavile|Knock Off|p2a: Tapu Lele
|-damage|p2a: Tapu Lele|0 fnt
|-enditem|p2a: Tapu Lele|Choice Specs|[from] move: Knock Off|[of] p1a: Weavile
|faint|p2a: Tapu Lele
|
|upkeep
|
|t:|1667652879
|switch|p2a: Weavile|Weavile, F|100/100
|-ability|p2a: Weavile|Pressure
|turn|28
|
|t:|1667652881
|move|p1a: Weavile|Knock Off|p2a: Weavile
|-resisted|p2a: Weavile
|-damage|p2a: Weavile|39/100
|-enditem|p2a: Weavile|Focus Sash|[from] move: Knock Off|[of] p1a: Weavile
|move|p2a: Weavile|Swords Dance|p2a: Weavile
|-boost|p2a: Weavile|atk|2
|
|upkeep
|turn|29
|
|t:|1667652884
|move|p1a: Weavile|Knock Off|p2a: Weavile
|-resisted|p2a: Weavile
|-damage|p2a: Weavile|0 fnt
|faint|p2a: Weavile
|
|win|minimax_ai
|raw|minimax_ai's rating: 1577 &rarr; <strong>1595</strong><br />(+18 for winning)
|raw|iopkj09's rating: 1535 &rarr; <strong>1517</strong><br />(-18 for losing)
