|j|☆Forcemew2
|j|☆whitebit09
|player|p1|Forcemew2|156|1420
|player|p2|whitebit09|102|1390
|teamsize|p1|6
|teamsize|p2|6
|gametype|singles
|gen|8
|tier|[Gen 8] OU
|rated|
|html|<div class="broadcast-red"><strong>OU is currently suspecting Arena Trap! For information on how to participate check out the <a href="https://www.smogon.com/forums/threads/3661134/">suspect thread</a>.</strong></div>
|clearpoke
|poke|p1|Dragapult, F|
|poke|p1|Seismitoad, M|
|poke|p1|Corviknight, F|
|poke|p1|Sylveon, M|
|poke|p1|Tyranitar, F|
|poke|p1|Toxtricity-Low-Key, F|
|poke|p2|Zeraora|
|poke|p2|Seismitoad, F|
|poke|p2|Dragapult, M|
|poke|p2|Tsareena, F|
|poke|p2|Clefable, F|
|poke|p2|Cinderace, F|
|rule|Sleep Clause Mod: Limit one foe put to sleep
|rule|Species Clause: Limit one of each Pokémon
|rule|OHKO Clause: OHKO moves are banned
|rule|Evasion Moves Clause: Evasion moves are banned
|rule|Endless Battle Clause: Forcing endless battles is banned
|rule|HP Percentage Mod: HP is shown in percentages
|rule|Dynamax Clause: You cannot dynamax
|teampreview
|
|start
|switch|p1a: Dragapult|Dragapult, F|100/100
|switch|p2a: Tsareena|Tsareena, F|100/100
|turn|1
|
|move|p1a: Dragapult|U-turn|p2a: Tsareena
|-supereffective|p2a: Tsareena
|-damage|p2a: Tsareena|68/100
|
|switch|p1a: Corviknight|Corviknight, F|100/100|[from]move: U-turn
|-ability|p1a: Corviknight|Pressure
|move|p2a: Tsareena|Knock Off|p1a: Corviknight
|-damage|p1a: Corviknight|81/100
|-damage|p2a: Tsareena|52/100|[from] item: Rocky Helmet|[of] p1a: Corviknight
|-enditem|p1a: Corviknight|Rocky Helmet|[from] move: Knock Off|[of] p2a: Tsareena
|
|upkeep
|turn|2
|
|move|p2a: Tsareena|U-turn|p1a: Corviknight
|-resisted|p1a: Corviknight
|-damage|p1a: Corviknight|77/100
|
|switch|p2a: Seismitoad|Seismitoad, F|100/100|[from]move: U-turn
|move|p1a: Corviknight|U-turn|p2a: Seismitoad
|-damage|p2a: Seismitoad|90/100
|
|switch|p1a: Tyranitar|Tyranitar, F|100/100|[from]move: U-turn
|-weather|Sandstorm|[from] ability: Sand Stream|[of] p1a: Tyranitar
|
|-weather|Sandstorm|[upkeep]
|-heal|p2a: Seismitoad|96/100|[from] item: Leftovers
|upkeep
|turn|3
|
|move|p1a: Tyranitar|Crunch|p2a: Seismitoad
|-damage|p2a: Seismitoad|50/100
|move|p2a: Seismitoad|Scald|p1a: Tyranitar
|-supereffective|p1a: Tyranitar
|-damage|p1a: Tyranitar|70/100
|
|-weather|Sandstorm|[upkeep]
|-heal|p2a: Seismitoad|57/100|[from] item: Leftovers
|upkeep
|turn|4
|
|switch|p1a: Seismitoad|Seismitoad, M|100/100
|switch|p2a: Tsareena|Tsareena, F|52/100
|
|-weather|Sandstorm|[upkeep]
|-damage|p2a: Tsareena|46/100|[from] Sandstorm
|upkeep
|turn|5
|
|switch|p1a: Corviknight|Corviknight, F|77/100
|-ability|p1a: Corviknight|Pressure
|move|p2a: Tsareena|Power Whip|p1a: Corviknight
|-resisted|p1a: Corviknight
|-damage|p1a: Corviknight|68/100
|
|-weather|Sandstorm|[upkeep]
|-damage|p2a: Tsareena|40/100|[from] Sandstorm
|upkeep
|turn|6
|
|move|p2a: Tsareena|U-turn|p1a: Corviknight
|-resisted|p1a: Corviknight
|-damage|p1a: Corviknight|65/100
|
|switch|p2a: Zeraora|Zeraora|100/100|[from]move: U-turn
|move|p1a: Corviknight|Roost|p1a: Corviknight
|-heal|p1a: Corviknight|100/100
|-singleturn|p1a: Corviknight|move: Roost
|
|-weather|none
|upkeep
|turn|7
|
|move|p2a: Zeraora|Knock Off|p1a: Corviknight
|-damage|p1a: Corviknight|84/100
|-damage|p2a: Zeraora|91/100|[from] item: Life Orb
|move|p1a: Corviknight|U-turn|p2a: Zeraora
|-damage|p2a: Zeraora|70/100
|
|switch|p1a: Dragapult|Dragapult, F|100/100|[from]move: U-turn
|
|upkeep
|turn|8
|
|switch|p2a: Tsareena|Tsareena, F|40/100
|move|p1a: Dragapult|U-turn|p2a: Tsareena
|-supereffective|p2a: Tsareena
|-damage|p2a: Tsareena|9/100
|
|switch|p1a: Toxtricity|Toxtricity-Low-Key, F|100/100|[from]move: U-turn
|
|upkeep
|turn|9
|
|move|p1a: Toxtricity|Sludge Wave|p2a: Tsareena
|-supereffective|p2a: Tsareena
|-damage|p2a: Tsareena|0 fnt
|faint|p2a: Tsareena
|
|upkeep
|
|switch|p2a: Dragapult|Dragapult, M|100/100
|turn|10
|
|switch|p2a: Cinderace|Cinderace, F|100/100
|switch|p1a: Sylveon|Sylveon, M|100/100
|
|upkeep
|turn|11
|
|move|p1a: Sylveon|Protect|p1a: Sylveon
|-singleturn|p1a: Sylveon|Protect
|move|p2a: Cinderace|Pyro Ball|p1a: Sylveon
|-activate|p1a: Sylveon|move: Protect
|
|upkeep
|turn|12
|
|switch|p1a: Seismitoad|Seismitoad, M|100/100
|move|p2a: Cinderace|Pyro Ball|p1a: Seismitoad
|-resisted|p1a: Seismitoad
|-damage|p1a: Seismitoad|71/100
|-damage|p2a: Cinderace|91/100|[from] item: Life Orb
|
|-heal|p1a: Seismitoad|77/100|[from] item: Leftovers
|upkeep
|turn|13
|
|switch|p2a: Seismitoad|Seismitoad, F|57/100
|move|p1a: Seismitoad|Stealth Rock|p2a: Seismitoad
|-sidestart|p2: whitebit09|move: Stealth Rock
|
|-heal|p1a: Seismitoad|83/100|[from] item: Leftovers
|-heal|p2a: Seismitoad|63/100|[from] item: Leftovers
|upkeep
|turn|14
|
|move|p2a: Seismitoad|Stealth Rock|p1a: Seismitoad
|-sidestart|p1: Forcemew2|move: Stealth Rock
|move|p1a: Seismitoad|Toxic|p2a: Seismitoad
|-status|p2a: Seismitoad|tox
|
|-heal|p1a: Seismitoad|89/100|[from] item: Leftovers
|-heal|p2a: Seismitoad|69/100 tox|[from] item: Leftovers
|-damage|p2a: Seismitoad|63/100 tox|[from] psn
|upkeep
|turn|15
|
|switch|p1a: Corviknight|Corviknight, F|84/100
|-damage|p1a: Corviknight|72/100|[from] Stealth Rock
|-ability|p1a: Corviknight|Pressure
|move|p2a: Seismitoad|Toxic|p1a: Corviknight
|-immune|p1a: Corviknight
|
|-heal|p2a: Seismitoad|69/100 tox|[from] item: Leftovers
|-damage|p2a: Seismitoad|57/100 tox|[from] psn
|upkeep
|turn|16
|
|switch|p2a: Zeraora|Zeraora|70/100
|-damage|p2a: Zeraora|57/100|[from] Stealth Rock
|move|p1a: Corviknight|Roost|p1a: Corviknight
|-heal|p1a: Corviknight|100/100
|-singleturn|p1a: Corviknight|move: Roost
|
|upkeep
|turn|17
|
|move|p2a: Zeraora|Plasma Fists|p1a: Corviknight
|-supereffective|p1a: Corviknight
|-damage|p1a: Corviknight|22/100
|-fieldactivate|move: Ion Deluge
|-damage|p2a: Zeraora|48/100|[from] item: Life Orb
|move|p1a: Corviknight|Body Press|p2a: Zeraora
|-damage|p2a: Zeraora|8/100
|
|upkeep
|turn|18
|
|move|p2a: Zeraora|Knock Off|p1a: Corviknight
|-damage|p1a: Corviknight|6/100
|-damage|p2a: Zeraora|0 fnt|[from] item: Life Orb
|faint|p2a: Zeraora
|move|p1a: Corviknight|Roost|p1a: Corviknight
|-heal|p1a: Corviknight|57/100
|-singleturn|p1a: Corviknight|move: Roost
|
|upkeep
|
|switch|p2a: Cinderace|Cinderace, F|91/100
|-damage|p2a: Cinderace|66/100|[from] Stealth Rock
|turn|19
|
|switch|p1a: Seismitoad|Seismitoad, M|89/100
|-damage|p1a: Seismitoad|83/100|[from] Stealth Rock
|move|p2a: Cinderace|Bulk Up|p2a: Cinderace
|-boost|p2a: Cinderace|atk|1
|-boost|p2a: Cinderace|def|1
|
|-heal|p1a: Seismitoad|89/100|[from] item: Leftovers
|upkeep
|turn|20
|
|move|p2a: Cinderace|High Jump Kick|p1a: Seismitoad
|-damage|p1a: Seismitoad|28/100
|-damage|p2a: Cinderace|56/100|[from] item: Life Orb
|move|p1a: Seismitoad|Earth Power|p2a: Cinderace
|-supereffective|p2a: Cinderace
|-damage|p2a: Cinderace|0 fnt
|faint|p2a: Cinderace
|
|-heal|p1a: Seismitoad|34/100|[from] item: Leftovers
|upkeep
|
|switch|p2a: Dragapult|Dragapult, M|100/100
|-damage|p2a: Dragapult|88/100|[from] Stealth Rock
|turn|21
|
|switch|p1a: Sylveon|Sylveon, M|100/100
|-damage|p1a: Sylveon|88/100|[from] Stealth Rock
|move|p2a: Dragapult|Dragon Dance|p2a: Dragapult
|-boost|p2a: Dragapult|atk|1
|-boost|p2a: Dragapult|spe|1
|
|-heal|p1a: Sylveon|94/100|[from] item: Leftovers
|upkeep
|turn|22
|
|move|p2a: Dragapult|Phantom Force||[still]
|-prepare|p2a: Dragapult|Phantom Force|p1a: Sylveon
|move|p1a: Sylveon|Hyper Voice|p2a: Dragapult|[miss]
|-miss|p1a: Sylveon|p2a: Dragapult
|
|-heal|p1a: Sylveon|99/100|[from] item: Leftovers
|upkeep
|turn|23
|
|move|p2a: Dragapult|Phantom Force|p1a: Sylveon|[from]lockedmove
|-damage|p1a: Sylveon|0 fnt
|-damage|p2a: Dragapult|78/100|[from] item: Life Orb
|faint|p1a: Sylveon
|
|upkeep
|
|switch|p1a: Dragapult|Dragapult, F|100/100
|-damage|p1a: Dragapult|88/100|[from] Stealth Rock
|turn|24
|
|move|p2a: Dragapult|Dragon Darts|p1a: Dragapult
|-supereffective|p1a: Dragapult
|-damage|p1a: Dragapult|0 fnt
|-damage|p2a: Dragapult|69/100|[from] item: Life Orb
|faint|p1a: Dragapult
|
|upkeep
|
|switch|p1a: Corviknight|Corviknight, F|57/100
|-damage|p1a: Corviknight|44/100|[from] Stealth Rock
|-ability|p1a: Corviknight|Pressure
|turn|25
|
|move|p2a: Dragapult|Fire Blast|p1a: Corviknight
|-supereffective|p1a: Corviknight
|-damage|p1a: Corviknight|0 fnt
|-damage|p2a: Dragapult|59/100|[from] item: Life Orb
|faint|p1a: Corviknight
|
|upkeep
|
|switch|p1a: Tyranitar|Tyranitar, F|70/100
|-damage|p1a: Tyranitar|58/100|[from] Stealth Rock
|-weather|Sandstorm|[from] ability: Sand Stream|[of] p1a: Tyranitar
|turn|26
|-message|Forcemew2 forfeited.
|
|win|whitebit09
|l|☆Forcemew2
|raw|Forcemew2's rating: 1420 &rarr; <strong>1399</strong><br />(-21 for losing)
|raw|whitebit09's rating: 1390 &rarr; <strong>1412</strong><br />(+22 for winning)
