|raw|<div class="broadcast-blue"><strong>This battle is required to be public due to a player having a name starting with 'lt81yl'.</div>
|j|☆LT81YL BT
|j|‽lonietzzz
|t:|1625757669
|gametype|singles
|player|p1|LT81YL BT|169|1806
|player|p2|lonietzzz|pokemonbreederf|1753
|teamsize|p1|6
|teamsize|p2|6
|gen|8
|tier|[Gen 8] OU
|rated|
|rule|Sleep Clause Mod: Limit one foe put to sleep
|rule|Species Clause: Limit one of each Pokémon
|rule|OHKO Clause: OHKO moves are banned
|rule|Evasion Moves Clause: Evasion moves are banned
|rule|Endless Battle Clause: Forcing endless battles is banned
|rule|HP Percentage Mod: HP is shown in percentages
|rule|Dynamax Clause: You cannot dynamax
|clearpoke
|poke|p1|Pelipper, F|
|poke|p1|Ferrothorn, F|
|poke|p1|Barraskewda, M|
|poke|p1|Zapdos|
|poke|p1|Clefable, M|
|poke|p1|Garchomp, F|
|poke|p2|Tapu Lele|
|poke|p2|Heatran, M|
|poke|p2|Urshifu-*, M|
|poke|p2|Slowbro, F|
|poke|p2|Landorus-Therian, M|
|poke|p2|Weavile, M|
|teampreview
|inactive|Battle timer is ON: inactive players will automatically lose when time's up. (requested by LT81YL BT)
|
|t:|1625757692
|start
|switch|p1a: Barraskewda|Barraskewda, M|100/100
|switch|p2a: Tapu Lele|Tapu Lele|100/100
|-fieldstart|move: Psychic Terrain|[from] ability: Psychic Surge|[of] p2a: Tapu Lele
|turn|1
|
|t:|1625757703
|switch|p1a: Pelipper|Pelipper, F|100/100
|-weather|RainDance|[from] ability: Drizzle|[of] p1a: Pelipper
|switch|p2a: Slowbro|Slowbro, F|100/100
|
|-weather|RainDance|[upkeep]
|upkeep
|turn|2
|
|t:|1625757708
|move|p1a: Pelipper|U-turn|p2a: Slowbro
|-supereffective|p2a: Slowbro
|-damage|p2a: Slowbro|90/100
|-damage|p1a: Pelipper|84/100|[from] item: Rocky Helmet|[of] p2a: Slowbro
|
|t:|1625757713
|switch|p1a: Ferrothorn|Ferrothorn, F|100/100|[from]move: U-turn
|move|p2a: Slowbro|Teleport|p2a: Slowbro
|
|t:|1625757717
|switch|p2a: Urshifu|Urshifu-Rapid-Strike, M|100/100|[from]move: Teleport
|
|-weather|RainDance|[upkeep]
|upkeep
|turn|3
|
|t:|1625757722
|move|p2a: Urshifu|U-turn|p1a: Ferrothorn
|-damage|p1a: Ferrothorn|82/100
|-damage|p2a: Urshifu|88/100|[from] ability: Iron Barbs|[of] p1a: Ferrothorn
|-enditem|p1a: Ferrothorn|Eject Button
|
|t:|1625757727
|switch|p1a: Zapdos|Zapdos|100/100
|
|-weather|RainDance|[upkeep]
|upkeep
|turn|4
|
|t:|1625757741
|switch|p2a: Weavile|Weavile, M|100/100
|-ability|p2a: Weavile|Pressure
|move|p1a: Zapdos|Thunder|p2a: Weavile
|-damage|p2a: Weavile|22/100
|
|-weather|RainDance|[upkeep]
|upkeep
|turn|5
|
|t:|1625757760
|switch|p1a: Ferrothorn|Ferrothorn, F|82/100
|move|p2a: Weavile|Swords Dance|p2a: Weavile
|-boost|p2a: Weavile|atk|2
|
|-weather|RainDance|[upkeep]
|-fieldend|move: Psychic Terrain
|upkeep
|turn|6
|
|t:|1625757764
|move|p2a: Weavile|Low Kick|p1a: Ferrothorn
|-supereffective|p1a: Ferrothorn
|-damage|p1a: Ferrothorn|0 fnt
|-damage|p2a: Weavile|10/100|[from] ability: Iron Barbs|[of] p1a: Ferrothorn
|faint|p1a: Ferrothorn
|
|-weather|RainDance|[upkeep]
|upkeep
|
|t:|1625757768
|switch|p1a: Barraskewda|Barraskewda, M|100/100
|turn|7
|
|t:|1625757774
|switch|p2a: Slowbro|Slowbro, F|100/100
|move|p1a: Barraskewda|Flip Turn|p2a: Slowbro
|-resisted|p2a: Slowbro
|-damage|p2a: Slowbro|78/100
|-damage|p1a: Barraskewda|84/100|[from] item: Rocky Helmet|[of] p2a: Slowbro
|
|t:|1625757778
|switch|p1a: Zapdos|Zapdos|100/100|[from]move: Flip Turn
|
|-weather|RainDance|[upkeep]
|upkeep
|turn|8
|
|t:|1625757790
|switch|p2a: Heatran|Heatran, M|100/100
|move|p1a: Zapdos|Weather Ball|p2a: Heatran
|-supereffective|p2a: Heatran
|-damage|p2a: Heatran|38/100
|
|-weather|none
|-heal|p2a: Heatran|44/100|[from] item: Leftovers
|upkeep
|turn|9
|
|t:|1625757806
|switch|p1a: Pelipper|Pelipper, F|84/100
|-weather|RainDance|[from] ability: Drizzle|[of] p1a: Pelipper
|move|p2a: Heatran|Stealth Rock|p1a: Pelipper
|-sidestart|p1: LT81YL BT|move: Stealth Rock
|
|-weather|RainDance|[upkeep]
|-heal|p2a: Heatran|51/100|[from] item: Leftovers
|upkeep
|turn|10
|
|t:|1625757815
|switch|p2a: Slowbro|Slowbro, F|100/100
|move|p1a: Pelipper|Scald|p2a: Slowbro
|-resisted|p2a: Slowbro
|-damage|p2a: Slowbro|81/100
|
|-weather|RainDance|[upkeep]
|upkeep
|turn|11
|
|t:|1625757819
|move|p1a: Pelipper|Defog|p2a: Slowbro
|-unboost|p2a: Slowbro|evasion|1
|-sideend|p1: LT81YL BT|Stealth Rock|[from] move: Defog|[of] p1a: Pelipper
|move|p2a: Slowbro|Teleport|p2a: Slowbro
|
|t:|1625757821
|switch|p2a: Tapu Lele|Tapu Lele|100/100|[from]move: Teleport
|-fieldstart|move: Psychic Terrain|[from] ability: Psychic Surge|[of] p2a: Tapu Lele
|
|-weather|RainDance|[upkeep]
|upkeep
|turn|12
|
|t:|1625757824
|move|p2a: Tapu Lele|Psychic|p1a: Pelipper
|-damage|p1a: Pelipper|0 fnt
|faint|p1a: Pelipper
|
|-weather|RainDance|[upkeep]
|upkeep
|
|t:|1625757827
|switch|p1a: Barraskewda|Barraskewda, M|84/100
|turn|13
|
|t:|1625757832
|switch|p2a: Slowbro|Slowbro, F|100/100
|move|p1a: Barraskewda|Flip Turn|p2a: Slowbro
|-resisted|p2a: Slowbro
|-damage|p2a: Slowbro|78/100
|-damage|p1a: Barraskewda|68/100|[from] item: Rocky Helmet|[of] p2a: Slowbro
|
|t:|1625757835
|switch|p1a: Zapdos|Zapdos|100/100|[from]move: Flip Turn
|
|-weather|RainDance|[upkeep]
|upkeep
|turn|14
|
|t:|1625757859
|switch|p2a: Landorus|Landorus-Therian, M|100/100
|-ability|p2a: Landorus|Intimidate|boost
|-unboost|p1a: Zapdos|atk|1
|move|p1a: Zapdos|Weather Ball|p2a: Landorus
|-supereffective|p2a: Landorus
|-crit|p2a: Landorus
|-damage|p2a: Landorus|0 fnt
|faint|p2a: Landorus
|
|-weather|RainDance|[upkeep]
|upkeep
|
|t:|1625757864
|switch|p2a: Tapu Lele|Tapu Lele|100/100
|turn|15
|
|t:|1625757869
|move|p2a: Tapu Lele|Psychic|p1a: Zapdos
|-crit|p1a: Zapdos
|-damage|p1a: Zapdos|0 fnt
|faint|p1a: Zapdos
|
|-weather|RainDance|[upkeep]
|-fieldend|move: Psychic Terrain
|upkeep
|
|t:|1625757875
|switch|p1a: Garchomp|Garchomp, F|100/100
|turn|16
|
|t:|1625757880
|move|p1a: Garchomp|Earthquake|p2a: Tapu Lele
|-damage|p2a: Tapu Lele|3/100
|-damage|p1a: Garchomp|91/100|[from] item: Life Orb
|move|p2a: Tapu Lele|Psychic|p1a: Garchomp
|-damage|p1a: Garchomp|13/100
|
|-weather|none
|upkeep
|turn|17
|
|t:|1625757893
|move|p1a: Garchomp|Earthquake|p2a: Tapu Lele
|-damage|p2a: Tapu Lele|0 fnt
|faint|p2a: Tapu Lele
|-damage|p1a: Garchomp|4/100|[from] item: Life Orb
|
|upkeep
|
|t:|1625757902
|switch|p2a: Urshifu|Urshifu-Rapid-Strike, M|88/100
|turn|18
|
|t:|1625757912
|switch|p1a: Clefable|Clefable, M|100/100
|move|p2a: Urshifu|U-turn|p1a: Clefable
|-resisted|p1a: Clefable
|-damage|p1a: Clefable|90/100
|
|t:|1625757915
|switch|p2a: Heatran|Heatran, M|51/100|[from]move: U-turn
|
|-heal|p2a: Heatran|57/100|[from] item: Leftovers
|upkeep
|turn|19
|
|t:|1625757918
|move|p2a: Heatran|Heavy Slam|p1a: Clefable
|-supereffective|p1a: Clefable
|-damage|p1a: Clefable|25/100
|move|p1a: Clefable|Wish|p1a: Clefable
|
|-heal|p2a: Heatran|63/100|[from] item: Leftovers
|upkeep
|turn|20
|
|t:|1625757925
|switch|p1a: Barraskewda|Barraskewda, M|68/100
|move|p2a: Heatran|Heavy Slam|p1a: Barraskewda
|-resisted|p1a: Barraskewda
|-damage|p1a: Barraskewda|35/100
|
|-heal|p1a: Barraskewda|100/100|[from] move: Wish|[wisher] Clefable
|-heal|p2a: Heatran|69/100|[from] item: Leftovers
|upkeep
|turn|21
|
|t:|1625757930
|switch|p1a: Clefable|Clefable, M|25/100
|switch|p2a: Slowbro|Slowbro, F|100/100
|
|upkeep
|turn|22
|
|t:|1625757935
|move|p1a: Clefable|Wish|p1a: Clefable
|move|p2a: Slowbro|Teleport|p2a: Slowbro
|
|t:|1625757939
|switch|p2a: Heatran|Heatran, M|69/100|[from]move: Teleport
|
|-heal|p2a: Heatran|76/100|[from] item: Leftovers
|upkeep
|turn|23
|
|t:|1625757943
|move|p1a: Clefable|Protect|p1a: Clefable
|-singleturn|p1a: Clefable|Protect
|move|p2a: Heatran|Heavy Slam|p1a: Clefable
|-activate|p1a: Clefable|move: Protect
|
|-heal|p1a: Clefable|75/100|[from] move: Wish|[wisher] Clefable
|-heal|p2a: Heatran|82/100|[from] item: Leftovers
|upkeep
|turn|24
|
|t:|1625757959
|switch|p1a: Barraskewda|Barraskewda, M|100/100
|move|p2a: Heatran|Stealth Rock|p1a: Barraskewda
|-sidestart|p1: LT81YL BT|move: Stealth Rock
|
|-heal|p2a: Heatran|88/100|[from] item: Leftovers
|upkeep
|turn|25
|
|t:|1625757965
|switch|p2a: Slowbro|Slowbro, F|100/100
|move|p1a: Barraskewda|Crunch|p2a: Slowbro
|-supereffective|p2a: Slowbro
|-damage|p2a: Slowbro|47/100
|-unboost|p2a: Slowbro|def|1
|-damage|p1a: Barraskewda|84/100|[from] item: Rocky Helmet|[of] p2a: Slowbro
|
|upkeep
|turn|26
|
|t:|1625757976
|switch|p1a: Clefable|Clefable, M|75/100
|switch|p2a: Urshifu|Urshifu-Rapid-Strike, M|88/100
|
|upkeep
|turn|27
|
|t:|1625757983
|move|p2a: Urshifu|U-turn|p1a: Clefable
|-resisted|p1a: Clefable
|-damage|p1a: Clefable|65/100
|
|t:|1625757986
|switch|p2a: Heatran|Heatran, M|88/100|[from]move: U-turn
|move|p1a: Clefable|Moonblast|p2a: Heatran
|-resisted|p2a: Heatran
|-damage|p2a: Heatran|83/100
|-unboost|p2a: Heatran|spa|1
|
|-heal|p2a: Heatran|90/100|[from] item: Leftovers
|upkeep
|turn|28
|
|t:|1625758001
|move|p2a: Heatran|Heavy Slam|p1a: Clefable
|-supereffective|p1a: Clefable
|-damage|p1a: Clefable|0 fnt
|faint|p1a: Clefable
|
|-heal|p2a: Heatran|96/100|[from] item: Leftovers
|upkeep
|-message|LT81YL BT forfeited.
|
|win|lonietzzz
|raw|LT81YL BT's rating: 1806 &rarr; <strong>1783</strong><br />(-23 for losing)
|raw|lonietzzz's rating: 1753 &rarr; <strong>1776</strong><br />(+23 for winning)
|l|☆LT81YL BT
||Ladder isn't responding, score probably updated but might not have (Request timeout).
