|html|<div class="broadcast-blue"><strong>[Gen 8] OU is currently suspecting Melmetal! For information on how to participate check out the <a href="https://www.smogon.com/forums/threads/np-ss-ou-suspect-process-round-12-monster-mash.3709234/">suspect thread</a>.</strong></div>
|j|☆Elite4donovan
|j|☆Steez Ibanez
|t:|1666846733
|gametype|singles
|player|p1|Elite4donovan|lucas|1678
|player|p2|Steez Ibanez|acetrainer-gen7|1818
|teamsize|p1|6
|teamsize|p2|6
|gen|8
|tier|[Gen 8] OU
|rated|
|rule|Sleep Clause Mod: Limit one foe put to sleep
|rule|Species Clause: Limit one of each Pokémon
|rule|OHKO Clause: OHKO moves are banned
|rule|Evasion Items Clause: Evasion items are banned
|rule|Evasion Moves Clause: Evasion moves are banned
|rule|Endless Battle Clause: Forcing endless battles is banned
|rule|HP Percentage Mod: HP is shown in percentages
|rule|Dynamax Clause: You cannot dynamax
|clearpoke
|poke|p1|Stonjourner, F|
|poke|p1|Heatran, M|
|poke|p1|Toxapex, M|
|poke|p1|Landorus-Therian, M|
|poke|p1|Dragapult, M|
|poke|p1|Bisharp, F|
|poke|p2|Suicune|
|poke|p2|Ferrothorn, M|
|poke|p2|Zapdos|
|poke|p2|Blaziken, M|
|poke|p2|Garchomp, M|
|poke|p2|Weezing-Galar, M|
|teampreview
|j| sack2005
|
|t:|1666846741
|start
|switch|p1a: Bisharp|Bisharp, F|100/100
|switch|p2a: Samehada|Garchomp, M|100/100
|turn|1
|j| epicplasmalegend
|
|t:|1666846779
|switch|p1a: Heatran|Heatran, M|100/100
|-item|p1a: Heatran|Air Balloon
|move|p2a: Samehada|Earthquake|p1a: Heatran
|-immune|p1a: Heatran
|
|upkeep
|turn|2
|j| RazorForce21
|
|t:|1666846785
|move|p2a: Samehada|Stealth Rock|p1a: Heatran
|-sidestart|p1: Elite4donovan|move: Stealth Rock
|move|p1a: Heatran|Stealth Rock|p2a: Samehada
|-sidestart|p2: Steez Ibanez|move: Stealth Rock
|
|upkeep
|turn|3
|
|t:|1666846789
|switch|p2a: Giyu|Suicune|100/100
|-damage|p2a: Giyu|88/100|[from] Stealth Rock
|-ability|p2a: Giyu|Pressure
|move|p1a: Heatran|Magma Storm|p2a: Giyu
|-resisted|p2a: Giyu
|-damage|p2a: Giyu|68/100
|-activate|p2a: Giyu|move: Magma Storm|[of] p1a: Heatran
|
|-heal|p2a: Giyu|74/100|[from] item: Leftovers
|-damage|p2a: Giyu|61/100|[from] move: Magma Storm|[partiallytrapped]
|upkeep
|turn|4
|j| AndreHarris
|
|t:|1666846797
|switch|p1a: Dragapult|Dragapult, M|100/100
|-damage|p1a: Dragapult|88/100|[from] Stealth Rock
|move|p2a: Giyu|Substitute|p2a: Giyu
|-start|p2a: Giyu|Substitute
|-end|p2a: Giyu|Magma Storm|[partiallytrapped]|[silent]
|-damage|p2a: Giyu|36/100
|
|-heal|p2a: Giyu|43/100|[from] item: Leftovers
|upkeep
|turn|5
|
|t:|1666846801
|move|p2a: Giyu|Protect|p2a: Giyu
|-singleturn|p2a: Giyu|Protect
|move|p1a: Dragapult|Shadow Ball|p2a: Giyu
|-activate|p2a: Giyu|move: Protect
|
|-heal|p2a: Giyu|49/100|[from] item: Leftovers
|upkeep
|turn|6
|j| LordDarkSkin
|
|t:|1666846804
|move|p1a: Dragapult|Shadow Ball|p2a: Giyu
|-damage|p2a: Giyu|8/100
|move|p2a: Giyu|Scald|p1a: Dragapult
|-resisted|p1a: Dragapult
|-damage|p1a: Dragapult|72/100
|
|-heal|p2a: Giyu|15/100|[from] item: Leftovers
|upkeep
|turn|7
|
|t:|1666846809
|move|p2a: Giyu|Protect|p2a: Giyu
|-singleturn|p2a: Giyu|Protect
|move|p1a: Dragapult|Shadow Ball|p2a: Giyu
|-activate|p2a: Giyu|move: Protect
|
|-heal|p2a: Giyu|21/100|[from] item: Leftovers
|upkeep
|turn|8
|j| cypherstest
|
|t:|1666846832
|move|p1a: Dragapult|Shadow Ball|p2a: Giyu
|-damage|p2a: Giyu|0 fnt
|faint|p2a: Giyu
|
|upkeep
|j| fork gaming
|
|t:|1666846838
|switch|p2a: Endeavor|Blaziken, M|100/100
|turn|9
|
|t:|1666846842
|move|p1a: Dragapult|Shadow Ball|p2a: Endeavor
|-damage|p2a: Endeavor|28/100
|-unboost|p2a: Endeavor|spd|1
|move|p2a: Endeavor|Knock Off|p1a: Dragapult
|-supereffective|p1a: Dragapult
|-damage|p1a: Dragapult|0 fnt
|-enditem|p1a: Dragapult|Choice Specs|[from] move: Knock Off|[of] p2a: Endeavor
|faint|p1a: Dragapult
|
|-ability|p2a: Endeavor|Speed Boost|boost
|-boost|p2a: Endeavor|spe|1
|upkeep
|j| sleptyjoe
|
|t:|1666846856
|switch|p1a: Toxapex|Toxapex, M|100/100
|-damage|p1a: Toxapex|88/100|[from] Stealth Rock
|turn|10
|
|t:|1666846860
|switch|p2a: Abomination|Ferrothorn, M|100/100
|-damage|p2a: Abomination|95/100|[from] Stealth Rock
|move|p1a: Toxapex|Scald|p2a: Abomination
|-resisted|p2a: Abomination
|-damage|p2a: Abomination|87/100
|
|upkeep
|turn|11
|
|t:|1666846863
|move|p1a: Toxapex|Knock Off|p2a: Abomination
|-damage|p2a: Abomination|79/100
|-damage|p1a: Toxapex|75/100|[from] ability: Iron Barbs|[of] p2a: Abomination
|-damage|p1a: Toxapex|59/100|[from] item: Rocky Helmet|[of] p2a: Abomination
|-enditem|p2a: Abomination|Rocky Helmet|[from] move: Knock Off|[of] p1a: Toxapex
|move|p2a: Abomination|Knock Off|p1a: Toxapex
|-damage|p1a: Toxapex|47/100
|-damage|p2a: Abomination|62/100|[from] item: Rocky Helmet|[of] p1a: Toxapex
|-enditem|p1a: Toxapex|Rocky Helmet|[from] move: Knock Off|[of] p2a: Abomination
|
|upkeep
|turn|12
|
|t:|1666846868
|move|p1a: Toxapex|Scald|p2a: Abomination
|-resisted|p2a: Abomination
|-damage|p2a: Abomination|55/100
|-status|p2a: Abomination|brn
|move|p2a: Abomination|Leech Seed|p1a: Toxapex|[miss]
|-miss|p2a: Abomination|p1a: Toxapex
|
|-damage|p2a: Abomination|49/100 brn|[from] brn
|upkeep
|turn|13
|
|t:|1666846887
|move|p1a: Toxapex|Recover|p1a: Toxapex
|-heal|p1a: Toxapex|97/100
|move|p2a: Abomination|Knock Off|p1a: Toxapex
|-damage|p1a: Toxapex|93/100
|
|-damage|p2a: Abomination|43/100 brn|[from] brn
|upkeep
|turn|14
|
|t:|1666846894
|switch|p1a: Bisharp|Bisharp, F|100/100
|-damage|p1a: Bisharp|95/100|[from] Stealth Rock
|move|p2a: Abomination|Leech Seed|p1a: Bisharp
|-start|p1a: Bisharp|move: Leech Seed
|
|-damage|p1a: Bisharp|82/100|[from] Leech Seed|[of] p2a: Abomination
|-heal|p2a: Abomination|52/100 brn|[silent]
|-damage|p2a: Abomination|46/100 brn|[from] brn
|upkeep
|turn|15
|j| Unviabriel
|
|t:|1666846900
|move|p1a: Bisharp|Beat Up|p2a: Abomination
|-damage|p2a: Abomination|38/100 brn
|-damage|p2a: Abomination|32/100 brn
|-damage|p2a: Abomination|24/100 brn
|-damage|p2a: Abomination|17/100 brn
|-damage|p2a: Abomination|10/100 brn
|-hitcount|p2a: Abomination|5
|move|p2a: Abomination|Spikes|p1a: Bisharp
|-sidestart|p1: Elite4donovan|Spikes
|
|-damage|p1a: Bisharp|70/100|[from] Leech Seed|[of] p2a: Abomination
|-heal|p2a: Abomination|20/100 brn|[silent]
|-damage|p2a: Abomination|14/100 brn|[from] brn
|upkeep
|turn|16
|
|t:|1666846909
|move|p1a: Bisharp|Beat Up|p2a: Abomination
|-damage|p2a: Abomination|5/100 brn
|-damage|p2a: Abomination|0 fnt
|faint|p2a: Abomination
|-hitcount|p2: Abomination|2
|
|upkeep
|
|t:|1666846911
|switch|p2a: Endeavor|Blaziken, M|28/100
|turn|17
|
|t:|1666846915
|switch|p1a: Toxapex|Toxapex, M|100/100
|-damage|p1a: Toxapex|88/100|[from] Stealth Rock
|-damage|p1a: Toxapex|75/100|[from] Spikes
|move|p2a: Endeavor|Swords Dance|p2a: Endeavor
|-boost|p2a: Endeavor|atk|2
|
|-ability|p2a: Endeavor|Speed Boost|boost
|-boost|p2a: Endeavor|spe|1
|upkeep
|turn|18
|
|t:|1666846921
|move|p2a: Endeavor|Knock Off|p1a: Toxapex
|-damage|p1a: Toxapex|48/100
|move|p1a: Toxapex|Scald|p2a: Endeavor
|-supereffective|p2a: Endeavor
|-damage|p2a: Endeavor|0 fnt
|faint|p2a: Endeavor
|
|upkeep
|
|t:|1666846923
|switch|p2a: Samehada|Garchomp, M|100/100
|-damage|p2a: Samehada|94/100|[from] Stealth Rock
|turn|19
|
|t:|1666846927
|switch|p1a: Heatran|Heatran, M|100/100
|-damage|p1a: Heatran|88/100|[from] Stealth Rock
|-item|p1a: Heatran|Air Balloon
|move|p2a: Samehada|Earthquake|p1a: Heatran
|-immune|p1a: Heatran
|
|-heal|p2a: Samehada|100/100|[from] item: Leftovers
|upkeep
|turn|20
|
|t:|1666846929
|switch|p2a: Bolt|Zapdos|100/100
|move|p1a: Heatran|Magma Storm|p2a: Bolt
|-damage|p2a: Bolt|54/100
|-activate|p2a: Bolt|move: Magma Storm|[of] p1a: Heatran
|
|-damage|p2a: Bolt|42/100|[from] move: Magma Storm|[partiallytrapped]
|upkeep
|turn|21
|
|t:|1666846934
|switch|p1a: Landorus|Landorus-Therian, M|100/100
|-damage|p1a: Landorus|88/100|[from] Stealth Rock
|-ability|p1a: Landorus|Intimidate|boost
|-unboost|p2a: Bolt|atk|1
|move|p2a: Bolt|Volt Switch|p1a: Landorus
|-immune|p1a: Landorus
|
|-heal|p1a: Landorus|94/100|[from] item: Leftovers
|-end|p2a: Bolt|Magma Storm|[partiallytrapped]|[silent]
|upkeep
|turn|22
|
|t:|1666846937
|move|p2a: Bolt|Roost|p2a: Bolt
|-heal|p2a: Bolt|92/100
|-singleturn|p2a: Bolt|move: Roost
|move|p1a: Landorus|Toxic|p2a: Bolt
|-status|p2a: Bolt|tox
|
|-heal|p1a: Landorus|99/100|[from] item: Leftovers
|-damage|p2a: Bolt|85/100 tox|[from] psn
|upkeep
|turn|23
|
|t:|1666846940
|move|p2a: Bolt|Toxic|p1a: Landorus
|-status|p1a: Landorus|tox
|move|p1a: Landorus|Defog|p2a: Bolt
|-unboost|p2a: Bolt|evasion|1
|-sideend|p2: Steez Ibanez|Stealth Rock|[from] move: Defog|[of] p1a: Landorus
|-sideend|p1: Elite4donovan|Spikes|[from] move: Defog|[of] p1a: Landorus
|-sideend|p1: Elite4donovan|Stealth Rock|[from] move: Defog|[of] p1a: Landorus
|
|-heal|p1a: Landorus|100/100 tox|[from] item: Leftovers
|-damage|p2a: Bolt|73/100 tox|[from] psn
|-damage|p1a: Landorus|94/100 tox|[from] psn
|upkeep
|turn|24
|
|t:|1666846944
|switch|p2a: Speedwagon|Weezing-Galar, M|100/100
|move|p1a: Landorus|U-turn|p2a: Speedwagon
|-resisted|p2a: Speedwagon
|-damage|p2a: Speedwagon|97/100
|
|t:|1666846948
|switch|p1a: Bisharp|Bisharp, F|70/100|[from]move: U-turn
|
|-heal|p2a: Speedwagon|100/100|[from] item: Black Sludge
|upkeep
|turn|25
|
|t:|1666846954
|switch|p2a: Samehada|Garchomp, M|100/100
|move|p1a: Bisharp|Iron Head|p2a: Samehada
|-damage|p2a: Samehada|55/100
|-damage|p1a: Bisharp|58/100|[from] ability: Rough Skin|[of] p2a: Samehada
|
|-heal|p2a: Samehada|61/100|[from] item: Leftovers
|upkeep
|turn|26
|
|t:|1666846960
|move|p2a: Samehada|Stealth Rock|p1a: Bisharp
|-sidestart|p1: Elite4donovan|move: Stealth Rock
|move|p1a: Bisharp|Iron Head|p2a: Samehada
|-damage|p2a: Samehada|14/100
|-damage|p1a: Bisharp|46/100|[from] ability: Rough Skin|[of] p2a: Samehada
|
|-heal|p2a: Samehada|20/100|[from] item: Leftovers
|upkeep
|turn|27
|
|t:|1666846990
|move|p2a: Samehada|Earthquake|p1a: Bisharp
|-supereffective|p1a: Bisharp
|-damage|p1a: Bisharp|0 fnt
|faint|p1a: Bisharp
|
|-heal|p2a: Samehada|26/100|[from] item: Leftovers
|upkeep
|
|t:|1666846994
|switch|p1a: Heatran|Heatran, M|88/100
|-damage|p1a: Heatran|76/100|[from] Stealth Rock
|-item|p1a: Heatran|Air Balloon
|turn|28
|
|t:|1666846997
|move|p2a: Samehada|Protect|p2a: Samehada
|-singleturn|p2a: Samehada|Protect
|move|p1a: Heatran|Magma Storm|p2a: Samehada
|-activate|p2a: Samehada|move: Protect
|
|-heal|p2a: Samehada|32/100|[from] item: Leftovers
|upkeep
|turn|29
|
|t:|1666846999
|switch|p2a: Bolt|Zapdos|73/100 tox
|move|p1a: Heatran|Magma Storm|p2a: Bolt
|-damage|p2a: Bolt|27/100 tox
|-activate|p2a: Bolt|move: Magma Storm|[of] p1a: Heatran
|
|-damage|p2a: Bolt|20/100 tox|[from] psn
|-damage|p2a: Bolt|8/100 tox|[from] move: Magma Storm|[partiallytrapped]
|upkeep
|turn|30
|
|t:|1666847007
|move|p1a: Heatran|Stealth Rock|p2a: Bolt
|-sidestart|p2: Steez Ibanez|move: Stealth Rock
|move|p2a: Bolt|Volt Switch|p1a: Heatran
|-damage|p1a: Heatran|48/100
|-enditem|p1a: Heatran|Air Balloon
|
|t:|1666847010
|switch|p2a: Samehada|Garchomp, M|32/100|[from]move: Volt Switch
|-damage|p2a: Samehada|26/100|[from] Stealth Rock
|
|-heal|p2a: Samehada|32/100|[from] item: Leftovers
|upkeep
|turn|31
|
|t:|1666847017
|switch|p1a: Landorus|Landorus-Therian, M|94/100 tox
|-damage|p1a: Landorus|82/100 tox|[from] Stealth Rock
|-ability|p1a: Landorus|Intimidate|boost
|-unboost|p2a: Samehada|atk|1
|move|p2a: Samehada|Earthquake|p1a: Landorus
|-immune|p1a: Landorus
|
|-heal|p2a: Samehada|38/100|[from] item: Leftovers
|-heal|p1a: Landorus|88/100 tox|[from] item: Leftovers
|-damage|p1a: Landorus|82/100 tox|[from] psn
|upkeep
|turn|32
|
|t:|1666847021
|move|p2a: Samehada|Protect|p2a: Samehada
|-singleturn|p2a: Samehada|Protect
|move|p1a: Landorus|Toxic|p2a: Samehada
|-activate|p2a: Samehada|move: Protect
|
|-heal|p2a: Samehada|45/100|[from] item: Leftovers
|-heal|p1a: Landorus|88/100 tox|[from] item: Leftovers
|-damage|p1a: Landorus|76/100 tox|[from] psn
|upkeep
|turn|33
|
|t:|1666847032
|switch|p2a: Speedwagon|Weezing-Galar, M|100/100
|-damage|p2a: Speedwagon|88/100|[from] Stealth Rock
|move|p1a: Landorus|U-turn|p2a: Speedwagon
|-resisted|p2a: Speedwagon
|-damage|p2a: Speedwagon|85/100
|
|t:|1666847036
|switch|p1a: Heatran|Heatran, M|48/100|[from]move: U-turn
|-damage|p1a: Heatran|35/100|[from] Stealth Rock
|
|-heal|p2a: Speedwagon|91/100|[from] item: Black Sludge
|upkeep
|turn|34
|
|t:|1666847039
|switch|p2a: Bolt|Zapdos|8/100 tox
|move|p1a: Heatran|Magma Storm|p2a: Bolt|[miss]
|-miss|p1a: Heatran|p2a: Bolt
|
|-damage|p2a: Bolt|2/100 tox|[from] psn
|upkeep
|turn|35
|l| RazorForce21
|
|t:|1666847045
|move|p1a: Heatran|Magma Storm|p2a: Bolt
|-damage|p2a: Bolt|0 fnt
|faint|p2a: Bolt
|
|upkeep
|
|t:|1666847047
|switch|p2a: Samehada|Garchomp, M|45/100
|-damage|p2a: Samehada|38/100|[from] Stealth Rock
|turn|36
|l| LordDarkSkin
|
|t:|1666847049
|move|p2a: Samehada|Earthquake|p1a: Heatran
|-supereffective|p1a: Heatran
|-damage|p1a: Heatran|0 fnt
|faint|p1a: Heatran
|
|-heal|p2a: Samehada|45/100|[from] item: Leftovers
|upkeep
|
|t:|1666847055
|switch|p1a: Landorus|Landorus-Therian, M|76/100 tox
|-damage|p1a: Landorus|64/100 tox|[from] Stealth Rock
|-ability|p1a: Landorus|Intimidate|boost
|-unboost|p2a: Samehada|atk|1
|turn|37
|
|t:|1666847062
|switch|p1a: Toxapex|Toxapex, M|81/100
|-damage|p1a: Toxapex|69/100|[from] Stealth Rock
|move|p2a: Samehada|Protect||[still]
|-fail|p2a: Samehada
|
|-heal|p2a: Samehada|51/100|[from] item: Leftovers
|upkeep
|turn|38
|
|t:|1666847066
|switch|p2a: Speedwagon|Weezing-Galar, M|91/100
|-damage|p2a: Speedwagon|78/100|[from] Stealth Rock
|move|p1a: Toxapex|Knock Off|p2a: Speedwagon
|-resisted|p2a: Speedwagon
|-damage|p2a: Speedwagon|74/100
|-enditem|p2a: Speedwagon|Black Sludge|[from] move: Knock Off|[of] p1a: Toxapex
|
|upkeep
|turn|39
|
|t:|1666847069
|move|p2a: Speedwagon|Strange Steam|p1a: Toxapex
|-resisted|p1a: Toxapex
|-damage|p1a: Toxapex|57/100
|move|p1a: Toxapex|Scald|p2a: Speedwagon
|-damage|p2a: Speedwagon|50/100
|
|upkeep
|turn|40
|
|t:|1666847072
|move|p2a: Speedwagon|Strange Steam|p1a: Toxapex|[miss]
|-miss|p2a: Speedwagon|p1a: Toxapex
|move|p1a: Toxapex|Scald|p2a: Speedwagon
|-damage|p2a: Speedwagon|30/100
|
|upkeep
|turn|41
|l| fork gaming
|
|t:|1666847078
|move|p2a: Speedwagon|Strange Steam|p1a: Toxapex
|-resisted|p1a: Toxapex
|-damage|p1a: Toxapex|46/100
|move|p1a: Toxapex|Scald|p2a: Speedwagon
|-damage|p2a: Speedwagon|8/100
|
|upkeep
|turn|42
|l| sack2005
|
|t:|1666847084
|move|p2a: Speedwagon|Pain Split|p1a: Toxapex
|-sethp|p1a: Toxapex|27/100|[from] move: Pain Split|[silent]
|-sethp|p2a: Speedwagon|25/100|[from] move: Pain Split
|move|p1a: Toxapex|Scald|p2a: Speedwagon
|-damage|p2a: Speedwagon|1/100
|
|upkeep
|turn|43
|
|t:|1666847089
|move|p2a: Speedwagon|Strange Steam|p1a: Toxapex
|-resisted|p1a: Toxapex
|-damage|p1a: Toxapex|17/100
|move|p1a: Toxapex|Knock Off|p2a: Speedwagon
|-resisted|p2a: Speedwagon
|-damage|p2a: Speedwagon|0 fnt
|faint|p2a: Speedwagon
|
|upkeep
|
|t:|1666847090
|switch|p2a: Samehada|Garchomp, M|51/100
|-damage|p2a: Samehada|45/100|[from] Stealth Rock
|turn|44
|
|t:|1666847093
|switch|p1a: Stonjourner|Stonjourner, F|100/100
|-damage|p1a: Stonjourner|88/100|[from] Stealth Rock
|move|p2a: Samehada|Earthquake|p1a: Stonjourner
|-supereffective|p1a: Stonjourner
|-damage|p1a: Stonjourner|25/100
|
|-heal|p2a: Samehada|51/100|[from] item: Leftovers
|upkeep
|turn|45
|
|t:|1666847095
|move|p1a: Stonjourner|Self-Destruct|p2a: Samehada
|-damage|p2a: Samehada|0 fnt
|faint|p1a: Stonjourner
|faint|p2a: Samehada
|
|win|Elite4donovan
|raw|Elite4donovan's rating: 1678 &rarr; <strong>1704</strong><br />(+26 for winning)
|raw|Steez Ibanez's rating: 1792 &rarr; <strong>1766</strong><br />(-26 for losing)
|l|☆Steez Ibanez
|c|☆Elite4donovan|gg
