|j|☆SirFresh
|j|☆Ace Astro
|t:|1660103670
|gametype|singles
|player|p1|SirFresh|palmer|
|player|p2|Ace Astro|twins-gen4|
|teamsize|p1|6
|teamsize|p2|6
|gen|8
|tier|[Gen 8] OU
|rule|Sleep Clause Mod: Limit one foe put to sleep
|rule|Species Clause: Limit one of each Pokémon
|rule|OHKO Clause: OHKO moves are banned
|rule|Evasion Items Clause: Evasion items are banned
|rule|Evasion Moves Clause: Evasion moves are banned
|rule|Endless Battle Clause: Forcing endless battles is banned
|rule|HP Percentage Mod: HP is shown in percentages
|rule|Dynamax Clause: You cannot dynamax
|clearpoke
|poke|p1|Tapu Lele|
|poke|p1|Umbreon, M|
|poke|p1|Corviknight, M|
|poke|p1|Kartana|
|poke|p1|Garchomp, M|
|poke|p1|Blaziken, M|
|poke|p2|Volcarona, F|
|poke|p2|Toxapex, M|
|poke|p2|Landorus-Therian, M|
|poke|p2|Celesteela|
|poke|p2|Clefable, M|
|poke|p2|Rillaboom, F|
|teampreview
|c|☆SirFresh|Glhf
|c|☆Ace Astro|glhf
|
|t:|1660103728
|start
|switch|p1a: Garchomp|Garchomp, M|100/100
|switch|p2a: Landorus|Landorus-Therian, M|100/100
|-ability|p2a: Landorus|Intimidate|boost
|-unboost|p1a: Garchomp|atk|1
|turn|1
|
|t:|1660103735
|move|p1a: Garchomp|Toxic|p2a: Landorus|[miss]
|-miss|p1a: Garchomp|p2a: Landorus
|move|p2a: Landorus|Toxic|p1a: Garchomp
|-status|p1a: Garchomp|tox
|
|-damage|p1a: Garchomp|94/100 tox|[from] psn
|upkeep
|turn|2
|c|☆Ace Astro|thats unfort
|
|t:|1660103757
|switch|p2a: Celesteela|Celesteela|100/100
|move|p1a: Garchomp|Stealth Rock|p2a: Celesteela
|-sidestart|p2: Ace Astro|move: Stealth Rock
|
|-damage|p1a: Garchomp|82/100 tox|[from] psn
|upkeep
|turn|3
|
|t:|1660103767
|move|p1a: Garchomp|Fire Blast|p2a: Celesteela
|-supereffective|p2a: Celesteela
|-damage|p2a: Celesteela|75/100
|move|p2a: Celesteela|Leech Seed|p1a: Garchomp
|-start|p1a: Garchomp|move: Leech Seed
|
|-heal|p2a: Celesteela|81/100|[from] item: Leftovers
|-damage|p1a: Garchomp|70/100 tox|[from] Leech Seed|[of] p2a: Celesteela
|-heal|p2a: Celesteela|94/100|[silent]
|-damage|p1a: Garchomp|51/100 tox|[from] psn
|upkeep
|turn|4
|
|t:|1660103778
|switch|p1a: Tapu Lele|Tapu Lele|100/100
|-fieldstart|move: Psychic Terrain|[from] ability: Psychic Surge|[of] p1a: Tapu Lele
|move|p2a: Celesteela|Heavy Slam|p1a: Tapu Lele
|-supereffective|p1a: Tapu Lele
|-damage|p1a: Tapu Lele|0 fnt
|faint|p1a: Tapu Lele
|-ability|p2a: Celesteela|Beast Boost|boost
|-boost|p2a: Celesteela|spd|1
|
|-heal|p2a: Celesteela|100/100|[from] item: Leftovers
|upkeep
|
|t:|1660103782
|switch|p1a: Blaziken|Blaziken, M|100/100
|turn|5
|
|t:|1660103801
|switch|p2a: Landorus|Landorus-Therian, M|100/100
|-damage|p2a: Landorus|88/100|[from] Stealth Rock
|-ability|p2a: Landorus|Intimidate|boost
|-unboost|p1a: Blaziken|atk|1
|move|p1a: Blaziken|Swords Dance|p1a: Blaziken
|-boost|p1a: Blaziken|atk|2
|
|-heal|p2a: Landorus|94/100|[from] item: Leftovers
|-ability|p1a: Blaziken|Speed Boost|boost
|-boost|p1a: Blaziken|spe|1
|upkeep
|turn|6
|
|t:|1660103807
|move|p1a: Blaziken|Flare Blitz|p2a: Landorus
|-damage|p2a: Landorus|0 fnt
|faint|p2a: Landorus
|-damage|p1a: Blaziken|61/100|[from] Recoil
|-damage|p1a: Blaziken|51/100|[from] item: Life Orb
|
|-ability|p1a: Blaziken|Speed Boost|boost
|-boost|p1a: Blaziken|spe|1
|upkeep
|c|☆Ace Astro|o w
|
|t:|1660103824
|switch|p2a: Toxapex|Toxapex, M|100/100
|-damage|p2a: Toxapex|88/100|[from] Stealth Rock
|turn|7
|
|t:|1660103836
|switch|p1a: Kartana|Kartana|100/100
|move|p2a: Toxapex|Haze|p2a: Toxapex
|-clearallboost
|
|-heal|p2a: Toxapex|94/100|[from] item: Black Sludge
|upkeep
|turn|8
|
|t:|1660103850
|switch|p2a: Celesteela|Celesteela|100/100
|-damage|p2a: Celesteela|88/100|[from] Stealth Rock
|move|p1a: Kartana|Knock Off|p2a: Celesteela
|-damage|p2a: Celesteela|52/100
|-enditem|p2a: Celesteela|Leftovers|[from] move: Knock Off|[of] p1a: Kartana
|
|-fieldend|move: Psychic Terrain
|upkeep
|turn|9
|
|t:|1660103865
|switch|p1a: Garchomp|Garchomp, M|51/100 tox
|move|p2a: Celesteela|Flamethrower|p1a: Garchomp
|-resisted|p1a: Garchomp
|-damage|p1a: Garchomp|39/100 tox
|
|-damage|p1a: Garchomp|33/100 tox|[from] psn
|upkeep
|turn|10
|
|t:|1660103905
|move|p2a: Celesteela|Protect|p2a: Celesteela
|-singleturn|p2a: Celesteela|Protect
|move|p1a: Garchomp|Fire Blast|p2a: Celesteela
|-activate|p2a: Celesteela|move: Protect
|
|-damage|p1a: Garchomp|20/100 tox|[from] psn
|upkeep
|turn|11
|
|t:|1660103921
|switch|p2a: Toxapex|Toxapex, M|100/100
|-damage|p2a: Toxapex|88/100|[from] Stealth Rock
|move|p1a: Garchomp|Fire Blast|p2a: Toxapex
|-resisted|p2a: Toxapex
|-damage|p2a: Toxapex|80/100
|
|-heal|p2a: Toxapex|86/100|[from] item: Black Sludge
|-damage|p1a: Garchomp|2/100 tox|[from] psn
|upkeep
|turn|12
|
|t:|1660103932
|switch|p2a: Celesteela|Celesteela|52/100
|-damage|p2a: Celesteela|40/100|[from] Stealth Rock
|move|p1a: Garchomp|Earthquake|p2a: Celesteela
|-immune|p2a: Celesteela
|
|-damage|p1a: Garchomp|0 fnt|[from] psn
|faint|p1a: Garchomp
|upkeep
|
|t:|1660103941
|switch|p1a: Blaziken|Blaziken, M|51/100
|turn|13
|c|☆Ace Astro|sorry, back
|
|t:|1660104032
|switch|p2a: Toxapex|Toxapex, M|100/100
|-damage|p2a: Toxapex|88/100|[from] Stealth Rock
|move|p1a: Blaziken|Thunder Punch|p2a: Toxapex
|-supereffective|p2a: Toxapex
|-damage|p2a: Toxapex|46/100
|-damage|p1a: Blaziken|41/100|[from] item: Life Orb
|
|-heal|p2a: Toxapex|52/100|[from] item: Black Sludge
|-ability|p1a: Blaziken|Speed Boost|boost
|-boost|p1a: Blaziken|spe|1
|upkeep
|turn|14
|
|t:|1660104053
|move|p1a: Blaziken|Swords Dance|p1a: Blaziken
|-boost|p1a: Blaziken|atk|2
|move|p2a: Toxapex|Scald|p1a: Blaziken
|-supereffective|p1a: Blaziken
|-damage|p1a: Blaziken|0 fnt
|faint|p1a: Blaziken
|
|-heal|p2a: Toxapex|59/100|[from] item: Black Sludge
|upkeep
|
|t:|1660104056
|switch|p1a: Kartana|Kartana|100/100
|turn|15
|
|t:|1660104118
|switch|p2a: Celesteela|Celesteela|40/100
|-damage|p2a: Celesteela|28/100|[from] Stealth Rock
|move|p1a: Kartana|Knock Off|p2a: Celesteela
|-damage|p2a: Celesteela|5/100
|
|upkeep
|turn|16
|
|t:|1660104125
|move|p1a: Kartana|Knock Off|p2a: Celesteela
|-damage|p2a: Celesteela|0 fnt
|faint|p2a: Celesteela
|-ability|p1a: Kartana|Beast Boost|boost
|-boost|p1a: Kartana|atk|1
|
|upkeep
|
|t:|1660104132
|switch|p2a: Volcarona|Volcarona, F|100/100
|turn|17
|
|t:|1660104142
|move|p1a: Kartana|Knock Off|p2a: Volcarona
|-damage|p2a: Volcarona|0 fnt
|-enditem|p2a: Volcarona|Heavy-Duty Boots|[from] move: Knock Off|[of] p1a: Kartana
|faint|p2a: Volcarona
|-ability|p1a: Kartana|Beast Boost|boost
|-boost|p1a: Kartana|atk|1
|
|upkeep
|c|☆Ace Astro|sed
|
|t:|1660104153
|switch|p2a: Toxapex|Toxapex, M|92/100
|-damage|p2a: Toxapex|79/100|[from] Stealth Rock
|turn|18
|
|t:|1660104158
|move|p1a: Kartana|Knock Off|p2a: Toxapex
|-damage|p2a: Toxapex|27/100
|-enditem|p2a: Toxapex|Black Sludge|[from] move: Knock Off|[of] p1a: Kartana
|move|p2a: Toxapex|Scald|p1a: Kartana
|-resisted|p1a: Kartana
|-damage|p1a: Kartana|77/100
|
|upkeep
|turn|19
|
|t:|1660104167
|move|p1a: Kartana|Knock Off|p2a: Toxapex
|-damage|p2a: Toxapex|0 fnt
|faint|p2a: Toxapex
|-ability|p1a: Kartana|Beast Boost|boost
|-boost|p1a: Kartana|atk|1
|
|upkeep
|
|t:|1660104175
|switch|p2a: Rillaboom|Rillaboom, F|100/100
|-damage|p2a: Rillaboom|88/100|[from] Stealth Rock
|-fieldstart|move: Grassy Terrain|[from] ability: Grassy Surge|[of] p2a: Rillaboom
|turn|20
|
|t:|1660104199
|move|p1a: Kartana|Knock Off|p2a: Rillaboom
|-damage|p2a: Rillaboom|0 fnt
|-enditem|p2a: Rillaboom|Life Orb|[from] move: Knock Off|[of] p1a: Kartana
|faint|p2a: Rillaboom
|-ability|p1a: Kartana|Beast Boost|boost
|-boost|p1a: Kartana|atk|1
|
|-heal|p1a: Kartana|83/100|[from] Grassy Terrain
|upkeep
|
|t:|1660104206
|switch|p2a: Clefable|Clefable, M|100/100
|turn|21
|
|t:|1660104213
|move|p1a: Kartana|Knock Off|p2a: Clefable
|-resisted|p2a: Clefable
|-crit|p2a: Clefable
|-damage|p2a: Clefable|16/100
|-enditem|p2a: Clefable|Leftovers|[from] move: Knock Off|[of] p1a: Kartana
|move|p2a: Clefable|Knock Off|p1a: Kartana
|-damage|p1a: Kartana|67/100
|-enditem|p1a: Kartana|Choice Scarf|[from] move: Knock Off|[of] p2a: Clefable
|
|-heal|p1a: Kartana|73/100|[from] Grassy Terrain
|-heal|p2a: Clefable|22/100|[from] Grassy Terrain
|upkeep
|turn|22
|c|☆SirFresh|Gg
|
|t:|1660104224
|move|p1a: Kartana|Smart Strike|p2a: Clefable
|-supereffective|p2a: Clefable
|-damage|p2a: Clefable|0 fnt
|faint|p2a: Clefable
|
|win|SirFresh
|c|☆Ace Astro|gg
