|j|☆noobmaster99
|j|☆friedfreak
|t:|1603875984
|player|p1|noobmaster99|rocketgrunt|1642
|player|p2|friedfreak|2|1666
|teamsize|p1|6
|teamsize|p2|6
|gametype|singles
|gen|8
|tier|[Gen 8] OU
|rated|
|clearpoke
|poke|p1|Shuckle, F|
|poke|p1|Pheromosa|
|poke|p1|Genesect-Douse|
|poke|p1|Landorus, M|
|poke|p1|Urshifu-*, M|
|poke|p1|Naganadel|
|poke|p2|Moltres|
|poke|p2|Hippowdon, F|
|poke|p2|Genesect|
|poke|p2|Tapu Koko|
|poke|p2|Ferrothorn, F|
|poke|p2|Urshifu-*, M|
|rule|Sleep Clause Mod: Limit one foe put to sleep
|rule|Species Clause: Limit one of each Pokémon
|rule|OHKO Clause: OHKO moves are banned
|rule|Evasion Moves Clause: Evasion moves are banned
|rule|Endless Battle Clause: Forcing endless battles is banned
|rule|HP Percentage Mod: HP is shown in percentages
|rule|Dynamax Clause: You cannot dynamax
|teampreview
|inactive|Battle timer is ON: inactive players will automatically lose when time's up. (requested by noobmaster99)
|
|t:|1603876000
|start
|switch|p1a: Pheromosa|Pheromosa, shiny|100/100
|switch|p2a: Genesect|Genesect|100/100
|-ability|p2a: Genesect|Download|boost
|-boost|p2a: Genesect|spa|1
|turn|1
|
|t:|1603876011
|move|p1a: Pheromosa|Close Combat|p2a: Genesect
|-damage|p2a: Genesect|20/100
|-unboost|p1a: Pheromosa|def|1
|-unboost|p1a: Pheromosa|spd|1
|move|p2a: Genesect|Flash Cannon|p1a: Pheromosa
|-damage|p1a: Pheromosa|0 fnt
|faint|p1a: Pheromosa
|
|upkeep
|
|t:|1603876017
|switch|p1a: Shuckle|Shuckle, F|100/100
|turn|2
|
|t:|1603876019
|move|p2a: Genesect|Flash Cannon|p1a: Shuckle
|-supereffective|p1a: Shuckle
|-ability|p1a: Shuckle|Sturdy
|-damage|p1a: Shuckle|1/100
|-enditem|p1a: Shuckle|Red Card|[of] p2a: Genesect
|drag|p2a: Ferrothorn|Ferrothorn, F|100/100
|move|p1a: Shuckle|Sticky Web|p2a: Ferrothorn
|-sidestart|p2: friedfreak|move: Sticky Web
|
|upkeep
|turn|3
|
|t:|1603876037
|move|p2a: Ferrothorn|Spikes|p1a: Shuckle
|-sidestart|p1: noobmaster99|Spikes
|move|p1a: Shuckle|Final Gambit|p2a: Ferrothorn
|-damage|p2a: Ferrothorn|99/100
|faint|p1a: Shuckle
|
|-heal|p2a: Ferrothorn|100/100|[from] item: Leftovers
|upkeep
|
|t:|1603876048
|switch|p1a: Urshifu|Urshifu, M, shiny|100/100
|-damage|p1a: Urshifu|88/100|[from] Spikes
|turn|4
|
|t:|1603876073
|switch|p2a: Moltres|Moltres|100/100
|move|p1a: Urshifu|Bulk Up|p1a: Urshifu
|-boost|p1a: Urshifu|atk|1
|-boost|p1a: Urshifu|def|1
|
|upkeep
|turn|5
|
|t:|1603876080
|move|p1a: Urshifu|Bulk Up|p1a: Urshifu
|-boost|p1a: Urshifu|atk|1
|-boost|p1a: Urshifu|def|1
|move|p2a: Moltres|Flamethrower|p1a: Urshifu
|-damage|p1a: Urshifu|35/100
|
|upkeep
|turn|6
|
|t:|1603876083
|move|p1a: Urshifu|Wicked Blow|p2a: Moltres
|-crit|p2a: Moltres
|-damage|p2a: Moltres|0 fnt
|-status|p1a: Urshifu|brn|[from] ability: Flame Body|[of] p2a: Moltres
|faint|p2a: Moltres
|
|-damage|p1a: Urshifu|28/100 brn|[from] brn
|upkeep
|
|t:|1603876090
|switch|p2a: Tapu Koko|Tapu Koko|100/100
|-fieldstart|move: Electric Terrain|[from] ability: Electric Surge|[of] p2a: Tapu Koko
|turn|7
|
|t:|1603876094
|move|p2a: Tapu Koko|Dazzling Gleam|p1a: Urshifu
|-supereffective|p1a: Urshifu
|-damage|p1a: Urshifu|0 fnt
|faint|p1a: Urshifu
|
|upkeep
|
|t:|1603876101
|switch|p1a: Landorus|Landorus, M|100/100
|turn|8
|
|t:|1603876110
|move|p2a: Tapu Koko|U-turn|p1a: Landorus
|-resisted|p1a: Landorus
|-damage|p1a: Landorus|90/100
|
|t:|1603876113
|switch|p2a: Ferrothorn|Ferrothorn, F|100/100|[from]move: U-turn
|-activate|p2a: Ferrothorn|move: Sticky Web
|-unboost|p2a: Ferrothorn|spe|1
|move|p1a: Landorus|Calm Mind|p1a: Landorus
|-boost|p1a: Landorus|spa|1
|-boost|p1a: Landorus|spd|1
|
|upkeep
|turn|9
|
|t:|1603876116
|move|p1a: Landorus|Focus Blast|p2a: Ferrothorn
|-supereffective|p2a: Ferrothorn
|-damage|p2a: Ferrothorn|0 fnt
|faint|p2a: Ferrothorn
|
|upkeep
|
|t:|1603876127
|switch|p2a: Tapu Koko|Tapu Koko|100/100
|turn|10
|
|t:|1603876129
|move|p2a: Tapu Koko|Dazzling Gleam|p1a: Landorus
|-damage|p1a: Landorus|61/100
|move|p1a: Landorus|Earth Power|p2a: Tapu Koko
|-supereffective|p2a: Tapu Koko
|-damage|p2a: Tapu Koko|0 fnt
|faint|p2a: Tapu Koko
|
|upkeep
|
|t:|1603876134
|switch|p2a: Urshifu|Urshifu, M|100/100
|-activate|p2a: Urshifu|move: Sticky Web
|-unboost|p2a: Urshifu|spe|1
|turn|11
|
|t:|1603876137
|move|p2a: Urshifu|Sucker Punch|p1a: Landorus
|-damage|p1a: Landorus|13/100
|move|p1a: Landorus|Earth Power|p2a: Urshifu
|-damage|p2a: Urshifu|0 fnt
|faint|p2a: Urshifu
|
|-fieldend|move: Electric Terrain
|upkeep
|-message|friedfreak forfeited.
|
|win|noobmaster99
|l|☆friedfreak
