|j|☆Kotokawa Akira
|j|☆Raimei Hakkei 2
|t:|1667182471
|gametype|singles
|player|p1|Kotokawa Akira|erika|1673
|player|p2|Raimei Hakkei 2|266|1633
|teamsize|p1|6
|teamsize|p2|6
|gen|8
|tier|[Gen 8] OU
|rated|
|rule|Sleep Clause Mod: Limit one foe put to sleep
|rule|Species Clause: Limit one of each Pokémon
|rule|OHKO Clause: OHKO moves are banned
|rule|Evasion Items Clause: Evasion items are banned
|rule|Evasion Moves Clause: Evasion moves are banned
|rule|Endless Battle Clause: Forcing endless battles is banned
|rule|HP Percentage Mod: HP is shown in percentages
|rule|Dynamax Clause: You cannot dynamax
|clearpoke
|poke|p1|Zapdos|
|poke|p1|Weavile, M|
|poke|p1|Kartana|
|poke|p1|Landorus-Therian, M|
|poke|p1|Volcanion|
|poke|p1|Melmetal|
|poke|p2|Landorus-Therian, M|
|poke|p2|Magnezone|
|poke|p2|Dragapult, M|
|poke|p2|Garchomp, F|
|poke|p2|Tapu Lele|
|poke|p2|Registeel|
|teampreview
|inactive|Battle timer is ON: inactive players will automatically lose when time's up. (requested by Raimei Hakkei 2)
|
|t:|1667182478
|start
|switch|p1a: Volcanion|Volcanion|100/100
|switch|p2a: Magnezone|Magnezone|100/100
|turn|1
|
|t:|1667182481
|switch|p2a: Garchomp|Garchomp, F|100/100
|move|p1a: Volcanion|Earth Power|p2a: Garchomp
|-damage|p2a: Garchomp|51/100
|
|-heal|p2a: Garchomp|57/100|[from] item: Leftovers
|upkeep
|turn|2
|
|t:|1667182485
|switch|p1a: Landorus|Landorus-Therian, M|100/100
|-ability|p1a: Landorus|Intimidate|boost
|-unboost|p2a: Garchomp|atk|1
|move|p2a: Garchomp|Earthquake|p1a: Landorus
|-immune|p1a: Landorus
|
|-heal|p2a: Garchomp|63/100|[from] item: Leftovers
|upkeep
|turn|3
|
|t:|1667182489
|move|p2a: Garchomp|Toxic|p1a: Landorus|[miss]
|-miss|p2a: Garchomp|p1a: Landorus
|move|p1a: Landorus|Stealth Rock|p2a: Garchomp
|-sidestart|p2: Raimei Hakkei 2|move: Stealth Rock
|
|-heal|p2a: Garchomp|69/100|[from] item: Leftovers
|upkeep
|turn|4
|
|t:|1667182493
|move|p2a: Garchomp|Stealth Rock|p1a: Landorus
|-sidestart|p1: Kotokawa Akira|move: Stealth Rock
|move|p1a: Landorus|Earthquake|p2a: Garchomp
|-damage|p2a: Garchomp|31/100
|
|-heal|p2a: Garchomp|37/100|[from] item: Leftovers
|upkeep
|turn|5
|
|t:|1667182496
|move|p2a: Garchomp|Protect|p2a: Garchomp
|-singleturn|p2a: Garchomp|Protect
|move|p1a: Landorus|Defog|p2a: Garchomp
|-activate|p2a: Garchomp|move: Protect
|
|-heal|p2a: Garchomp|44/100|[from] item: Leftovers
|upkeep
|turn|6
|
|t:|1667182497
|move|p2a: Garchomp|Toxic|p1a: Landorus
|-status|p1a: Landorus|tox
|move|p1a: Landorus|Earthquake|p2a: Garchomp
|-crit|p2a: Garchomp
|-damage|p2a: Garchomp|0 fnt
|faint|p2a: Garchomp
|
|-damage|p1a: Landorus|94/100 tox|[from] psn
|upkeep
|
|t:|1667182501
|switch|p2a: Landorus|Landorus-Therian, M|100/100
|-damage|p2a: Landorus|88/100|[from] Stealth Rock
|-ability|p2a: Landorus|Intimidate|boost
|-unboost|p1a: Landorus|atk|1
|turn|7
|
|t:|1667182504
|move|p2a: Landorus|Substitute|p2a: Landorus
|-start|p2a: Landorus|Substitute
|-damage|p2a: Landorus|64/100
|move|p1a: Landorus|Defog|p2a: Landorus
|-sideend|p2: Raimei Hakkei 2|Stealth Rock|[from] move: Defog|[of] p1a: Landorus
|-sideend|p1: Kotokawa Akira|Stealth Rock|[from] move: Defog|[of] p1a: Landorus
|
|-heal|p1a: Landorus|100/100 tox|[from] item: Leftovers
|-damage|p1a: Landorus|88/100 tox|[from] psn
|upkeep
|turn|8
|
|t:|1667182507
|move|p2a: Landorus|Rock Polish|p2a: Landorus
|-boost|p2a: Landorus|spe|2
|move|p1a: Landorus|U-turn|p2a: Landorus
|-resisted|p2a: Landorus
|-activate|p2a: Landorus|move: Substitute|[damage]
|
|t:|1667182514
|switch|p1a: Zapdos|Zapdos|100/100|[from]move: U-turn
|
|upkeep
|turn|9
|
|t:|1667182519
|switch|p2a: Registeel|Registeel|100/100
|move|p1a: Zapdos|Hurricane|p2a: Registeel
|-resisted|p2a: Registeel
|-damage|p2a: Registeel|85/100
|
|-heal|p2a: Registeel|91/100|[from] item: Leftovers
|upkeep
|turn|10
|
|t:|1667182522
|move|p1a: Zapdos|Volt Switch|p2a: Registeel
|-damage|p2a: Registeel|71/100
|
|t:|1667182525
|switch|p1a: Volcanion|Volcanion|100/100|[from]move: Volt Switch
|move|p2a: Registeel|Toxic|p1a: Volcanion
|-status|p1a: Volcanion|tox
|
|-heal|p2a: Registeel|77/100|[from] item: Leftovers
|-damage|p1a: Volcanion|95/100 tox|[from] psn
|upkeep
|turn|11
|
|t:|1667182528
|move|p1a: Volcanion|Steam Eruption|p2a: Registeel
|-damage|p2a: Registeel|32/100
|move|p2a: Registeel|Stealth Rock|p1a: Volcanion
|-sidestart|p1: Kotokawa Akira|move: Stealth Rock
|
|-heal|p2a: Registeel|38/100|[from] item: Leftovers
|-damage|p1a: Volcanion|83/100 tox|[from] psn
|upkeep
|turn|12
|
|t:|1667182537
|move|p1a: Volcanion|Steam Eruption|p2a: Registeel
|-damage|p2a: Registeel|0 fnt
|faint|p2a: Registeel
|
|-damage|p1a: Volcanion|65/100 tox|[from] psn
|upkeep
|
|t:|1667182541
|switch|p2a: Dragapult|Dragapult, M|100/100
|turn|13
|
|t:|1667182547
|move|p2a: Dragapult|Draco Meteor|p1a: Volcanion
|-damage|p1a: Volcanion|0 fnt
|-unboost|p2a: Dragapult|spa|2
|faint|p1a: Volcanion
|
|upkeep
|
|t:|1667182557
|switch|p1a: Kartana|Kartana|100/100
|-damage|p1a: Kartana|94/100|[from] Stealth Rock
|turn|14
|
|t:|1667182561
|switch|p1a: Landorus|Landorus-Therian, M|88/100 tox
|-damage|p1a: Landorus|76/100 tox|[from] Stealth Rock
|-ability|p1a: Landorus|Intimidate|boost
|-unboost|p2a: Dragapult|atk|1
|switch|p2a: Landorus|Landorus-Therian, M|64/100
|-ability|p2a: Landorus|Intimidate|boost
|-unboost|p1a: Landorus|atk|1
|
|-heal|p1a: Landorus|82/100 tox|[from] item: Leftovers
|-damage|p1a: Landorus|76/100 tox|[from] psn
|upkeep
|turn|15
|
|t:|1667182564
|move|p2a: Landorus|Rock Polish|p2a: Landorus
|-boost|p2a: Landorus|spe|2
|move|p1a: Landorus|Defog|p2a: Landorus
|-unboost|p2a: Landorus|evasion|1
|-sideend|p1: Kotokawa Akira|Stealth Rock|[from] move: Defog|[of] p1a: Landorus
|
|-heal|p1a: Landorus|82/100 tox|[from] item: Leftovers
|-damage|p1a: Landorus|70/100 tox|[from] psn
|upkeep
|turn|16
|
|t:|1667182568
|move|p2a: Landorus|Substitute|p2a: Landorus
|-start|p2a: Landorus|Substitute
|-damage|p2a: Landorus|39/100
|move|p1a: Landorus|U-turn|p2a: Landorus
|-resisted|p2a: Landorus
|-activate|p2a: Landorus|move: Substitute|[damage]
|
|t:|1667182580
|switch|p1a: Melmetal|Melmetal|100/100|[from]move: U-turn
|
|upkeep
|turn|17
|
|t:|1667182585
|move|p2a: Landorus|Earthquake|p1a: Melmetal
|-supereffective|p1a: Melmetal
|-damage|p1a: Melmetal|34/100
|move|p1a: Melmetal|Double Iron Bash|p2a: Landorus
|-end|p2a: Landorus|Substitute
|-damage|p2a: Landorus|0 fnt
|faint|p2a: Landorus
|-hitcount|p2: Landorus|2
|
|upkeep
|
|t:|1667182588
|switch|p2a: Magnezone|Magnezone|100/100
|turn|18
|
|t:|1667182590
|move|p2a: Magnezone|Body Press|p1a: Melmetal
|-supereffective|p1a: Melmetal
|-damage|p1a: Melmetal|1/100
|move|p1a: Melmetal|Double Iron Bash|p2a: Magnezone
|-resisted|p2a: Magnezone
|-damage|p2a: Magnezone|86/100
|-resisted|p2a: Magnezone
|-damage|p2a: Magnezone|71/100
|-hitcount|p2a: Magnezone|2
|
|upkeep
|turn|19
|
|t:|1667182594
|move|p2a: Magnezone|Thunderbolt|p1a: Melmetal
|-damage|p1a: Melmetal|0 fnt
|faint|p1a: Melmetal
|
|upkeep
|
|t:|1667182597
|switch|p1a: Zapdos|Zapdos|100/100
|turn|20
|
|t:|1667182598
|move|p1a: Zapdos|Thunderbolt|p2a: Magnezone
|-resisted|p2a: Magnezone
|-damage|p2a: Magnezone|38/100
|move|p2a: Magnezone|Toxic|p1a: Zapdos
|-status|p1a: Zapdos|tox
|
|-damage|p1a: Zapdos|94/100 tox|[from] psn
|upkeep
|turn|21
|
|t:|1667182603
|move|p1a: Zapdos|Thunderbolt|p2a: Magnezone
|-resisted|p2a: Magnezone
|-damage|p2a: Magnezone|7/100
|move|p2a: Magnezone|Toxic|p1a: Zapdos
|-fail|p1a: Zapdos|tox
|
|-damage|p1a: Zapdos|82/100 tox|[from] psn
|upkeep
|turn|22
|
|t:|1667182605
|move|p1a: Zapdos|Volt Switch|p2a: Magnezone
|-resisted|p2a: Magnezone
|-damage|p2a: Magnezone|0 fnt
|faint|p2a: Magnezone
|
|t:|1667182611
|switch|p1a: Landorus|Landorus-Therian, M|70/100 tox|[from]move: Volt Switch
|
|-heal|p1a: Landorus|76/100 tox|[from] item: Leftovers
|-damage|p1a: Landorus|70/100 tox|[from] psn
|upkeep
|
|t:|1667182616
|switch|p2a: Tapu Lele|Tapu Lele|100/100
|-fieldstart|move: Psychic Terrain|[from] ability: Psychic Surge|[of] p2a: Tapu Lele
|turn|23
|
|t:|1667182621
|move|p2a: Tapu Lele|Psyshock|p1a: Landorus
|-damage|p1a: Landorus|20/100 tox
|move|p1a: Landorus|Earthquake|p2a: Tapu Lele
|-damage|p2a: Tapu Lele|26/100
|
|-heal|p1a: Landorus|26/100 tox|[from] item: Leftovers
|-damage|p1a: Landorus|14/100 tox|[from] psn
|upkeep
|turn|24
|
|t:|1667182625
|move|p2a: Tapu Lele|Psyshock|p1a: Landorus
|-damage|p1a: Landorus|0 fnt
|faint|p1a: Landorus
|
|upkeep
|
|t:|1667182628
|switch|p1a: Weavile|Weavile, M|100/100
|-ability|p1a: Weavile|Pressure
|turn|25
|
|t:|1667182632
|move|p2a: Tapu Lele|Psyshock|p1a: Weavile
|-immune|p1a: Weavile
|move|p1a: Weavile|Knock Off|p2a: Tapu Lele
|-damage|p2a: Tapu Lele|0 fnt
|-enditem|p2a: Tapu Lele|Choice Scarf|[from] move: Knock Off|[of] p1a: Weavile
|faint|p2a: Tapu Lele
|
|upkeep
|
|t:|1667182634
|switch|p2a: Dragapult|Dragapult, M|100/100
|turn|26
|
|t:|1667182638
|move|p2a: Dragapult|Flamethrower|p1a: Weavile
|-supereffective|p1a: Weavile
|-damage|p1a: Weavile|0 fnt
|faint|p1a: Weavile
|
|upkeep
|
|t:|1667182641
|switch|p1a: Kartana|Kartana|94/100
|turn|27
|
|t:|1667182643
|move|p1a: Kartana|Knock Off|p2a: Dragapult
|-supereffective|p2a: Dragapult
|-damage|p2a: Dragapult|0 fnt
|-enditem|p2a: Dragapult|Choice Specs|[from] move: Knock Off|[of] p1a: Kartana
|faint|p2a: Dragapult
|
|win|Kotokawa Akira
|raw|Kotokawa Akira's rating: 1673 &rarr; <strong>1691</strong><br />(+18 for winning)
|raw|Raimei Hakkei 2's rating: 1633 &rarr; <strong>1615</strong><br />(-18 for losing)
