|j|☆OUTD Wraks2
|j|‽minimax_ai
|t:|1667342367
|gametype|singles
|player|p1|OUTD Wraks2|1|1521
|player|p2|minimax_ai|266|1562
|teamsize|p1|6
|teamsize|p2|6
|gen|8
|tier|[Gen 8] OU
|rated|
|rule|Sleep Clause Mod: Limit one foe put to sleep
|rule|Species Clause: Limit one of each Pokémon
|rule|OHKO Clause: OHKO moves are banned
|rule|Evasion Items Clause: Evasion items are banned
|rule|Evasion Moves Clause: Evasion moves are banned
|rule|Endless Battle Clause: Forcing endless battles is banned
|rule|HP Percentage Mod: HP is shown in percentages
|rule|Dynamax Clause: You cannot dynamax
|clearpoke
|poke|p1|Tapu Lele|
|poke|p1|Slowbro, F|
|poke|p1|Blissey, F|
|poke|p1|Tornadus-Therian, M|
|poke|p1|Landorus-Therian, M|
|poke|p1|Urshifu-*, F|
|poke|p2|Rotom-Wash|
|poke|p2|Weavile, M|
|poke|p2|Landorus-Therian, M|
|poke|p2|Heatran, M|
|poke|p2|Tangrowth, F|
|poke|p2|Melmetal|
|teampreview
|inactive|Battle timer is ON: inactive players will automatically lose when time's up. (requested by OUTD Wraks2)
|inactive|minimax_ai also wants the timer to be on.
|
|t:|1667342378
|start
|switch|p1a: Blissey|Blissey, F|100/100
|switch|p2a: Landorus|Landorus-Therian, M|100/100
|-ability|p2a: Landorus|Intimidate|boost
|-unboost|p1a: Blissey|atk|1
|turn|1
|
|t:|1667342381
|move|p2a: Landorus|U-turn|p1a: Blissey
|-damage|p1a: Blissey|81/100
|
|t:|1667342382
|switch|p2a: Weavile|Weavile, M|100/100|[from]move: U-turn
|-ability|p2a: Weavile|Pressure
|move|p1a: Blissey|Toxic|p2a: Weavile
|-status|p2a: Weavile|tox
|
|-damage|p2a: Weavile|94/100 tox|[from] psn
|upkeep
|turn|2
|
|t:|1667342388
|switch|p1a: Urshifu|Urshifu-Rapid-Strike, F|100/100
|move|p2a: Weavile|Knock Off|p1a: Urshifu
|-resisted|p1a: Urshifu
|-damage|p1a: Urshifu|64/100
|-enditem|p1a: Urshifu|Choice Scarf|[from] move: Knock Off|[of] p2a: Weavile
|
|-damage|p2a: Weavile|82/100 tox|[from] psn
|upkeep
|turn|3
|
|t:|1667342393
|switch|p2a: Tangrowth|Tangrowth, F|100/100
|move|p1a: Urshifu|U-turn|p2a: Tangrowth
|-supereffective|p2a: Tangrowth
|-damage|p2a: Tangrowth|74/100
|-damage|p1a: Urshifu|48/100|[from] item: Rocky Helmet|[of] p2a: Tangrowth
|
|t:|1667342403
|switch|p1a: Tapu Lele|Tapu Lele|100/100|[from]move: U-turn
|-fieldstart|move: Psychic Terrain|[from] ability: Psychic Surge|[of] p1a: Tapu Lele
|
|upkeep
|turn|4
|
|t:|1667342409
|switch|p2a: Melmetal|Melmetal|100/100
|move|p1a: Tapu Lele|Moonblast|p2a: Melmetal
|-resisted|p2a: Melmetal
|-damage|p2a: Melmetal|79/100
|
|upkeep
|turn|5
|
|t:|1667342414
|switch|p1a: Slowbro|Slowbro, F|100/100
|move|p2a: Melmetal|Ice Punch|p1a: Slowbro
|-resisted|p1a: Slowbro
|-damage|p1a: Slowbro|91/100
|-status|p1a: Slowbro|frz
|
|upkeep
|turn|6
|
|t:|1667342420
|switch|p2a: Rotom|Rotom-Wash|100/100
|switch|p1a: Landorus|Landorus-Therian, M|100/100
|-ability|p1a: Landorus|Intimidate|boost
|-unboost|p2a: Rotom|atk|1
|
|upkeep
|turn|7
|
|t:|1667342426
|move|p2a: Rotom|Hydro Pump|p1a: Landorus
|-supereffective|p1a: Landorus
|-damage|p1a: Landorus|32/100
|move|p1a: Landorus|U-turn|p2a: Rotom
|-damage|p2a: Rotom|76/100
|
|t:|1667342429
|switch|p1a: Blissey|Blissey, F|81/100|[from]move: U-turn
|
|-heal|p2a: Rotom|82/100|[from] item: Leftovers
|-fieldend|move: Psychic Terrain
|upkeep
|turn|8
|
|t:|1667342432
|move|p2a: Rotom|Thunderbolt|p1a: Blissey
|-crit|p1a: Blissey
|-damage|p1a: Blissey|61/100
|-status|p1a: Blissey|par
|move|p1a: Blissey|Aromatherapy|p1a: Blissey
|-activate|p1a: Blissey|move: Aromatherapy
|-curestatus|p1a: Blissey|par|[msg]
|-curestatus|p1: Slowbro|frz|[msg]
|
|-heal|p2a: Rotom|89/100|[from] item: Leftovers
|upkeep
|turn|9
|
|t:|1667342435
|switch|p2a: Melmetal|Melmetal|79/100
|move|p1a: Blissey|Toxic|p2a: Melmetal
|-immune|p2a: Melmetal
|
|upkeep
|turn|10
|
|t:|1667342439
|switch|p1a: Slowbro|Slowbro, F|100/100
|move|p2a: Melmetal|Ice Punch|p1a: Slowbro
|-resisted|p1a: Slowbro
|-damage|p1a: Slowbro|91/100
|
|upkeep
|turn|11
|
|t:|1667342444
|move|p2a: Melmetal|Thunder Punch|p1a: Slowbro
|-supereffective|p1a: Slowbro
|-damage|p1a: Slowbro|53/100
|move|p1a: Slowbro|Future Sight|p2a: Melmetal
|-start|p1a: Slowbro|move: Future Sight
|
|upkeep
|turn|12
|
|t:|1667342447
|move|p2a: Melmetal|Thunder Punch|p1a: Slowbro
|-supereffective|p1a: Slowbro
|-damage|p1a: Slowbro|15/100
|move|p1a: Slowbro|Teleport|p1a: Slowbro
|
|t:|1667342454
|switch|p1a: Urshifu|Urshifu-Rapid-Strike, F|48/100|[from]move: Teleport
|
|upkeep
|turn|13
|
|t:|1667342458
|move|p1a: Urshifu|Close Combat|p2a: Melmetal
|-supereffective|p2a: Melmetal
|-damage|p2a: Melmetal|13/100
|-unboost|p1a: Urshifu|def|1
|-unboost|p1a: Urshifu|spd|1
|move|p2a: Melmetal|Double Iron Bash|p1a: Urshifu
|-resisted|p1a: Urshifu
|-damage|p1a: Urshifu|16/100
|-resisted|p1a: Urshifu
|-damage|p1a: Urshifu|0 fnt
|faint|p1a: Urshifu
|-hitcount|p1: Urshifu|2
|
|-end|p2a: Melmetal|move: Future Sight
|-resisted|p2a: Melmetal
|-damage|p2a: Melmetal|1/100
|upkeep
|
|t:|1667342466
|switch|p1a: Tornadus|Tornadus-Therian, M|100/100
|turn|14
|
|t:|1667342471
|switch|p2a: Landorus|Landorus-Therian, M|100/100
|-ability|p2a: Landorus|Intimidate|boost
|-unboost|p1a: Tornadus|atk|1
|move|p1a: Tornadus|U-turn|p2a: Landorus
|-resisted|p2a: Landorus
|-damage|p2a: Landorus|96/100
|
|t:|1667342477
|switch|p1a: Slowbro|Slowbro, F|48/100|[from]move: U-turn
|
|-heal|p2a: Landorus|100/100|[from] item: Leftovers
|upkeep
|turn|15
|
|t:|1667342481
|move|p2a: Landorus|Toxic|p1a: Slowbro
|-status|p1a: Slowbro|tox
|move|p1a: Slowbro|Ice Beam|p2a: Landorus
|-supereffective|p2a: Landorus
|-damage|p2a: Landorus|44/100
|-status|p2a: Landorus|frz
|
|-heal|p2a: Landorus|50/100 frz|[from] item: Leftovers
|-damage|p1a: Slowbro|42/100 tox|[from] psn
|upkeep
|turn|16
|
|t:|1667342485
|switch|p2a: Weavile|Weavile, M|82/100 tox
|-ability|p2a: Weavile|Pressure
|move|p1a: Slowbro|Teleport|p1a: Slowbro
|
|t:|1667342491
|switch|p1a: Tapu Lele|Tapu Lele|100/100|[from]move: Teleport
|-fieldstart|move: Psychic Terrain|[from] ability: Psychic Surge|[of] p1a: Tapu Lele
|
|-damage|p2a: Weavile|76/100 tox|[from] psn
|upkeep
|turn|17
|
|t:|1667342493
|move|p2a: Weavile|Knock Off|p1a: Tapu Lele
|-damage|p1a: Tapu Lele|0 fnt
|-enditem|p1a: Tapu Lele|Choice Specs|[from] move: Knock Off|[of] p2a: Weavile
|faint|p1a: Tapu Lele
|
|-damage|p2a: Weavile|64/100 tox|[from] psn
|upkeep
|
|t:|1667342509
|switch|p1a: Tornadus|Tornadus-Therian, M|100/100
|turn|18
|
|t:|1667342511
|switch|p2a: Heatran|Heatran, M|100/100
|-item|p2a: Heatran|Air Balloon
|move|p1a: Tornadus|Heat Wave|p2a: Heatran
|-start|p2a: Heatran|ability: Flash Fire
|
|upkeep
|turn|19
|
|t:|1667342514
|move|p1a: Tornadus|U-turn|p2a: Heatran
|-resisted|p2a: Heatran
|-damage|p2a: Heatran|97/100
|-enditem|p2a: Heatran|Air Balloon
|
|t:|1667342518
|switch|p1a: Blissey|Blissey, F|61/100|[from]move: U-turn
|move|p2a: Heatran|Eruption|p1a: Blissey
|-damage|p1a: Blissey|22/100
|
|upkeep
|turn|20
|-message|OUTD Wraks2 forfeited.
|
|win|minimax_ai
|raw|OUTD Wraks2's rating: 1521 &rarr; <strong>1503</strong><br />(-18 for losing)
|raw|minimax_ai's rating: 1562 &rarr; <strong>1580</strong><br />(+18 for winning)
|l|☆OUTD Wraks2
