|raw|<div class="broadcast-blue"><strong>This battle is required to be public due to a player having a name prefixed by 'LT72MS'.</div>
|j|☆LT72M Samqian
|j|☆relic stone
|t:|1597967080
|player|p1|LT72M Samqian|170|1826
|player|p2|relic stone|lusamine-nihilego|1853
|teamsize|p1|6
|teamsize|p2|6
|gametype|singles
|gen|8
|tier|[Gen 8] OU
|rated|
|clearpoke
|poke|p1|Pelipper, F|
|poke|p1|Urshifu-*, F|
|poke|p1|Kingdra, M|
|poke|p1|Ferrothorn, M|
|poke|p1|Kyurem|
|poke|p1|Clefable, F|
|poke|p2|Diggersby, M|
|poke|p2|Volcarona, M|
|poke|p2|Zeraora|
|poke|p2|Primarina, M|
|poke|p2|Hydreigon, M|
|poke|p2|Ferrothorn, M|
|rule|Sleep Clause Mod: Limit one foe put to sleep
|rule|Species Clause: Limit one of each Pokémon
|rule|OHKO Clause: OHKO moves are banned
|rule|Evasion Moves Clause: Evasion moves are banned
|rule|Endless Battle Clause: Forcing endless battles is banned
|rule|HP Percentage Mod: HP is shown in percentages
|rule|Dynamax Clause: You cannot dynamax
|teampreview
|
|t:|1597967097
|start
|switch|p1a: Urshifu|Urshifu-Rapid-Strike, F|100/100
|switch|p2a: Zephyr|Zeraora, shiny|100/100
|turn|1
|
|t:|1597967103
|switch|p1a: Clefable|Clefable, F|100/100
|move|p2a: Zephyr|Volt Switch|p1a: Clefable
|-damage|p1a: Clefable|82/100
|
|t:|1597967116
|switch|p2a: Temple|Ferrothorn, M|100/100|[from]move: Volt Switch
|
|-heal|p1a: Clefable|88/100|[from] item: Leftovers
|upkeep
|turn|2
|j| B4tt1enet
|
|t:|1597967119
|switch|p1a: Ferrothorn|Ferrothorn, M|100/100
|move|p2a: Temple|Stealth Rock|p1a: Ferrothorn
|-sidestart|p1: LT72M Samqian|move: Stealth Rock
|
|upkeep
|turn|3
|
|t:|1597967122
|switch|p2a: Amaterasu|Volcarona, M, shiny|100/100
|move|p1a: Ferrothorn|Knock Off|p2a: Amaterasu
|-damage|p2a: Amaterasu|70/100
|-status|p1a: Ferrothorn|brn|[from] ability: Flame Body|[of] p2a: Amaterasu
|-enditem|p2a: Amaterasu|Heavy-Duty Boots|[from] move: Knock Off|[of] p1a: Ferrothorn
|
|-damage|p1a: Ferrothorn|94/100 brn|[from] brn
|upkeep
|turn|4
|
|t:|1597967125
|switch|p1a: Pelipper|Pelipper, F|100/100
|-damage|p1a: Pelipper|76/100|[from] Stealth Rock
|-weather|RainDance|[from] ability: Drizzle|[of] p1a: Pelipper
|move|p2a: Amaterasu|Quiver Dance|p2a: Amaterasu
|-boost|p2a: Amaterasu|spa|1
|-boost|p2a: Amaterasu|spd|1
|-boost|p2a: Amaterasu|spe|1
|
|-weather|RainDance|[upkeep]
|upkeep
|turn|5
|
|t:|1597967129
|move|p2a: Amaterasu|Giga Drain|p1a: Pelipper
|-damage|p1a: Pelipper|17/100
|-heal|p2a: Amaterasu|100/100|[from] drain|[of] p1a: Pelipper
|move|p1a: Pelipper|Defog|p2a: Amaterasu
|-unboost|p2a: Amaterasu|evasion|1
|-sideend|p1: LT72M Samqian|Stealth Rock|[from] move: Defog|[of] p1a: Pelipper
|
|-weather|RainDance|[upkeep]
|upkeep
|turn|6
|
|t:|1597967133
|switch|p1a: Kingdra|Kingdra, M|100/100
|move|p2a: Amaterasu|Psychic|p1a: Kingdra
|-damage|p1a: Kingdra|37/100
|
|-weather|RainDance|[upkeep]
|upkeep
|turn|7
|
|t:|1597967138
|switch|p2a: Temple|Ferrothorn, M|100/100
|move|p1a: Kingdra|Hydro Pump|p2a: Temple|[miss]
|-miss|p1a: Kingdra|p2a: Temple
|
|-weather|RainDance|[upkeep]
|upkeep
|turn|8
|
|t:|1597967141
|switch|p1a: Ferrothorn|Ferrothorn, M|94/100 brn
|move|p2a: Temple|Stealth Rock|p1a: Ferrothorn
|-sidestart|p1: LT72M Samqian|move: Stealth Rock
|
|-weather|RainDance|[upkeep]
|-heal|p1a: Ferrothorn|100/100 brn|[from] item: Leftovers
|-damage|p1a: Ferrothorn|94/100 brn|[from] brn
|upkeep
|turn|9
|c|☆LT72M Samqian|ya i just dont fucking get it
|
|t:|1597967150
|switch|p2a: Amaterasu|Volcarona, M, shiny|100/100
|move|p1a: Ferrothorn|Stealth Rock|p2a: Amaterasu
|-sidestart|p2: relic stone|move: Stealth Rock
|
|-weather|RainDance|[upkeep]
|-heal|p1a: Ferrothorn|100/100 brn|[from] item: Leftovers
|-damage|p1a: Ferrothorn|94/100 brn|[from] brn
|upkeep
|turn|10
|c|☆relic stone|hax all over
|
|t:|1597967159
|switch|p1a: Urshifu|Urshifu-Rapid-Strike, F|100/100
|-damage|p1a: Urshifu|94/100|[from] Stealth Rock
|move|p2a: Amaterasu|Quiver Dance|p2a: Amaterasu
|-boost|p2a: Amaterasu|spa|1
|-boost|p2a: Amaterasu|spd|1
|-boost|p2a: Amaterasu|spe|1
|
|-weather|RainDance|[upkeep]
|upkeep
|turn|11
|
|t:|1597967162
|move|p2a: Amaterasu|Giga Drain|p1a: Urshifu
|-supereffective|p1a: Urshifu
|-damage|p1a: Urshifu|0 fnt
|faint|p1a: Urshifu
|
|-weather|none
|upkeep
|n|!LT72M Samqian|lt72msamqian
|-message|LT72M Samqian forfeited.
|
|win|relic stone
|l|!LT72M Samqian
|raw|LT72M Samqian's rating: 1810 &rarr; <strong>1793</strong><br />(-17 for losing)
|raw|relic stone's rating: 1853 &rarr; <strong>1870</strong><br />(+17 for winning)
