|j|☆tesla roadster
|j|☆the fork of life
|inactive|Battle timer is ON: inactive players will automatically lose when time's up.
|t:|1659548687
|gametype|singles
|player|p1|tesla roadster|102|
|player|p2|the fork of life|gentleman-gen4dp|
|teamsize|p1|6
|teamsize|p2|6
|gen|8
|tier|[Gen 8] OU
|rated|Tournament battle
|rule|Sleep Clause Mod: Limit one foe put to sleep
|rule|OHKO Clause: OHKO moves are banned
|rule|Evasion Moves Clause: Evasion moves are banned
|rule|Endless Battle Clause: Forcing endless battles is banned
|rule|HP Percentage Mod: HP is shown in percentages
|rule|Dynamax Clause: You cannot dynamax
|clearpoke
|poke|p1|Cinderace, M|
|poke|p1|Cinderace, M|
|poke|p1|Cinderace, M|
|poke|p1|Cinderace, F|
|poke|p1|Cinderace, M|
|poke|p1|Cinderace, M|
|poke|p2|Cinderace, F|
|poke|p2|Cinderace, F|
|poke|p2|Cinderace, M|
|poke|p2|Cinderace, F|
|poke|p2|Cinderace, F|
|poke|p2|Cinderace, F|
|teampreview
|j| Martinique Jason
|
|t:|1659548691
|start
|switch|p1a: SIU|Cinderace, M|100/100
|switch|p2a: Cinderace|Cinderace, F|100/100
|turn|1
|
|t:|1659548696
|move|p1a: SIU|Giga Impact|p2a: Cinderace
|-start|p1a: SIU|typechange|Normal|[from] ability: Libero
|-enditem|p2a: Cinderace|Focus Sash
|-damage|p2a: Cinderace|1/100
|-mustrecharge|p1a: SIU
|move|p2a: Cinderace|High Jump Kick|p1a: SIU
|-start|p2a: Cinderace|typechange|Fighting|[from] ability: Libero
|-supereffective|p1a: SIU
|-crit|p1a: SIU
|-damage|p1a: SIU|0 fnt
|faint|p1a: SIU
|
|upkeep
|
|t:|1659548703
|switch|p1a: SIUU|Cinderace, F|100/100
|turn|2
|
|t:|1659548705
|move|p1a: SIUU|Giga Impact|p2a: Cinderace
|-start|p1a: SIUU|typechange|Normal|[from] ability: Libero
|-damage|p2a: Cinderace|0 fnt
|-mustrecharge|p1a: SIUU
|faint|p2a: Cinderace
|
|upkeep
|
|t:|1659548708
|switch|p2a: Cinderace|Cinderace, F|100/100
|turn|3
|
|t:|1659548711
|cant|p1a: SIUU|recharge
|move|p2a: Cinderace|High Jump Kick|p1a: SIUU
|-start|p2a: Cinderace|typechange|Fighting|[from] ability: Libero
|-supereffective|p1a: SIUU
|-damage|p1a: SIUU|0 fnt
|faint|p1a: SIUU
|
|upkeep
|
|t:|1659548715
|switch|p1a: SIUUU|Cinderace, M|100/100
|turn|4
|
|t:|1659548717
|move|p1a: SIUUU|Giga Impact|p2a: Cinderace
|-start|p1a: SIUUU|typechange|Normal|[from] ability: Libero
|-enditem|p2a: Cinderace|Focus Sash
|-damage|p2a: Cinderace|1/100
|-mustrecharge|p1a: SIUUU
|move|p2a: Cinderace|High Jump Kick|p1a: SIUUU
|-supereffective|p1a: SIUUU
|-damage|p1a: SIUUU|0 fnt
|faint|p1a: SIUUU
|
|upkeep
|
|t:|1659548722
|switch|p1a: SIUUUU|Cinderace, M|100/100
|turn|5
|l| Martinique Jason
|
|t:|1659548725
|move|p1a: SIUUUU|Giga Impact|p2a: Cinderace
|-start|p1a: SIUUUU|typechange|Normal|[from] ability: Libero
|-damage|p2a: Cinderace|0 fnt
|-mustrecharge|p1a: SIUUUU
|faint|p2a: Cinderace
|
|upkeep
|
|t:|1659548727
|switch|p2a: Cinderace|Cinderace, M|100/100
|turn|6
|
|t:|1659548729
|cant|p1a: SIUUUU|recharge
|move|p2a: Cinderace|High Jump Kick|p1a: SIUUUU|[miss]
|-start|p2a: Cinderace|typechange|Fighting|[from] ability: Libero
|-miss|p2a: Cinderace|p1a: SIUUUU
|-damage|p2a: Cinderace|51/100|[from] highjumpkick
|
|upkeep
|turn|7
|
|t:|1659548733
|move|p1a: SIUUUU|Giga Impact|p2a: Cinderace
|-damage|p2a: Cinderace|0 fnt
|-mustrecharge|p1a: SIUUUU
|faint|p2a: Cinderace
|
|upkeep
|
|t:|1659548736
|switch|p2a: Cinderace|Cinderace, F|100/100
|turn|8
|
|t:|1659548738
|cant|p1a: SIUUUU|recharge
|move|p2a: Cinderace|High Jump Kick|p1a: SIUUUU
|-start|p2a: Cinderace|typechange|Fighting|[from] ability: Libero
|-supereffective|p1a: SIUUUU
|-damage|p1a: SIUUUU|0 fnt
|faint|p1a: SIUUUU
|
|upkeep
|
|t:|1659548742
|switch|p1a: SIUUUUU|Cinderace, M|100/100
|turn|9
|
|t:|1659548745
|move|p1a: SIUUUUU|Giga Impact|p2a: Cinderace
|-start|p1a: SIUUUUU|typechange|Normal|[from] ability: Libero
|-enditem|p2a: Cinderace|Focus Sash
|-damage|p2a: Cinderace|1/100
|-mustrecharge|p1a: SIUUUUU
|move|p2a: Cinderace|High Jump Kick|p1a: SIUUUUU
|-supereffective|p1a: SIUUUUU
|-damage|p1a: SIUUUUU|0 fnt
|faint|p1a: SIUUUUU
|
|upkeep
|
|t:|1659548748
|switch|p1a: SIUUUUUU|Cinderace, M|100/100
|turn|10
|
|t:|1659548750
|move|p1a: SIUUUUUU|Giga Impact|p2a: Cinderace
|-start|p1a: SIUUUUUU|typechange|Normal|[from] ability: Libero
|-damage|p2a: Cinderace|0 fnt
|-mustrecharge|p1a: SIUUUUUU
|faint|p2a: Cinderace
|
|upkeep
|
|t:|1659548752
|switch|p2a: Cinderace|Cinderace, F|100/100
|turn|11
|
|t:|1659548755
|cant|p1a: SIUUUUUU|recharge
|move|p2a: Cinderace|High Jump Kick|p1a: SIUUUUUU
|-start|p2a: Cinderace|typechange|Fighting|[from] ability: Libero
|-supereffective|p1a: SIUUUUUU
|-damage|p1a: SIUUUUUU|0 fnt
|faint|p1a: SIUUUUUU
|
|win|the fork of life
|n|☆tesla roadster|teslaroadster
|n|☆the fork of life|theforkoflife
