|j|☆Batataplays
|j|☆Kwaga
|t:|1653016937
|gametype|singles
|player|p1|Batataplays|sonia|1709
|player|p2|Kwaga|palmer|1665
|teamsize|p1|6
|teamsize|p2|6
|gen|8
|tier|[Gen 8] OU
|rated|
|rule|Sleep Clause Mod: Limit one foe put to sleep
|rule|Species Clause: Limit one of each Pokémon
|rule|OHKO Clause: OHKO moves are banned
|rule|Evasion Moves Clause: Evasion moves are banned
|rule|Endless Battle Clause: Forcing endless battles is banned
|rule|HP Percentage Mod: HP is shown in percentages
|rule|Dynamax Clause: You cannot dynamax
|clearpoke
|poke|p1|Landorus-Therian, M|
|poke|p1|Weavile, F|
|poke|p1|Kartana|
|poke|p1|Melmetal|
|poke|p1|Volcanion|
|poke|p1|Dragonite, F|
|poke|p2|Zapdos|
|poke|p2|Urshifu-*, F|
|poke|p2|Kartana|
|poke|p2|Mew|
|poke|p2|Corviknight, F|
|poke|p2|Swampert, F|
|teampreview
|inactive|Battle timer is ON: inactive players will automatically lose when time's up. (requested by Batataplays)
|
|t:|1653016964
|start
|switch|p1a: Weavile|Weavile, F, shiny|100/100
|switch|p2a: Mew|Mew|100/100
|-ability|p1a: Weavile|Pressure
|turn|1
|
|t:|1653016969
|switch|p2a: Corviknight|Corviknight, F|100/100
|-ability|p2a: Corviknight|Pressure
|move|p1a: Weavile|Beat Up|p2a: Corviknight
|-damage|p2a: Corviknight|92/100
|-damage|p2a: Corviknight|83/100
|-damage|p2a: Corviknight|71/100
|-damage|p2a: Corviknight|62/100
|-damage|p2a: Corviknight|53/100
|-damage|p2a: Corviknight|44/100
|-hitcount|p2a: Corviknight|6
|
|-heal|p2a: Corviknight|50/100|[from] item: Leftovers
|upkeep
|turn|2
|
|t:|1653016976
|switch|p2a: Urshifu|Urshifu-Rapid-Strike, F|100/100
|move|p1a: Weavile|Beat Up|p2a: Urshifu
|-resisted|p2a: Urshifu
|-damage|p2a: Urshifu|93/100
|-resisted|p2a: Urshifu
|-damage|p2a: Urshifu|86/100
|-resisted|p2a: Urshifu
|-damage|p2a: Urshifu|76/100
|-resisted|p2a: Urshifu
|-damage|p2a: Urshifu|67/100
|-resisted|p2a: Urshifu
|-damage|p2a: Urshifu|61/100
|-resisted|p2a: Urshifu
|-crit|p2a: Urshifu
|-damage|p2a: Urshifu|49/100
|-hitcount|p2a: Urshifu|6
|
|upkeep
|turn|3
|
|t:|1653016984
|switch|p1a: Volcanion|Volcanion|100/100
|move|p2a: Urshifu|U-turn|p1a: Volcanion
|-resisted|p1a: Volcanion
|-damage|p1a: Volcanion|83/100
|
|t:|1653016998
|switch|p2a: Zapdos|Zapdos|100/100|[from]move: U-turn
|
|upkeep
|turn|4
|
|t:|1653017002
|move|p2a: Zapdos|Hurricane|p1a: Volcanion
|-damage|p1a: Volcanion|0 fnt
|faint|p1a: Volcanion
|
|upkeep
|
|t:|1653017005
|switch|p1a: Weavile|Weavile, F, shiny|100/100
|-ability|p1a: Weavile|Pressure
|turn|5
|
|t:|1653017013
|switch|p2a: Swampert|Swampert, F|100/100
|move|p1a: Weavile|Knock Off|p2a: Swampert
|-damage|p2a: Swampert|26/100
|-enditem|p2a: Swampert|Leftovers|[from] move: Knock Off|[of] p1a: Weavile
|
|upkeep
|turn|6
|
|t:|1653017017
|move|p1a: Weavile|Knock Off|p2a: Swampert
|-damage|p2a: Swampert|0 fnt
|faint|p2a: Swampert
|
|upkeep
|
|t:|1653017027
|switch|p2a: Urshifu|Urshifu-Rapid-Strike, F|49/100
|turn|7
|
|t:|1653017032
|switch|p1a: Kartana|Kartana, shiny|100/100
|move|p2a: Urshifu|U-turn|p1a: Kartana
|-damage|p1a: Kartana|63/100
|j| Norune
|j| ed7t6kty8kl
|
|t:|1653017042
|switch|p2a: Corviknight|Corviknight, F|50/100|[from]move: U-turn
|-ability|p2a: Corviknight|Pressure
|
|-heal|p2a: Corviknight|57/100|[from] item: Leftovers
|upkeep
|turn|8
|
|t:|1653017044
|switch|p1a: Weavile|Weavile, F, shiny|100/100
|-ability|p1a: Weavile|Pressure
|move|p2a: Corviknight|Roost|p2a: Corviknight
|-heal|p2a: Corviknight|100/100
|-singleturn|p2a: Corviknight|move: Roost
|
|upkeep
|turn|9
|
|t:|1653017050
|move|p1a: Weavile|Triple Axel|p2a: Corviknight
|-damage|p2a: Corviknight|91/100
|-damage|p2a: Corviknight|71/100
|-damage|p2a: Corviknight|44/100
|-hitcount|p2a: Corviknight|3
|move|p2a: Corviknight|Body Press|p1a: Weavile
|-supereffective|p1a: Weavile
|-damage|p1a: Weavile|0 fnt
|faint|p1a: Weavile
|
|-heal|p2a: Corviknight|51/100|[from] item: Leftovers
|upkeep
|j| 12w3e4
|
|t:|1653017060
|switch|p1a: Dragonite|Dragonite, F, shiny|100/100
|turn|10
|
|t:|1653017063
|move|p1a: Dragonite|Dragon Dance|p1a: Dragonite
|-boost|p1a: Dragonite|atk|1
|-boost|p1a: Dragonite|spe|1
|move|p2a: Corviknight|U-turn|p1a: Dragonite
|-resisted|p1a: Dragonite
|-damage|p1a: Dragonite|97/100
|
|t:|1653017068
|switch|p2a: Zapdos|Zapdos|100/100|[from]move: U-turn
|
|upkeep
|turn|11
|
|t:|1653017072
|move|p1a: Dragonite|Dragon Dance|p1a: Dragonite
|-boost|p1a: Dragonite|atk|1
|-boost|p1a: Dragonite|spe|1
|move|p2a: Zapdos|Hurricane|p1a: Dragonite
|-damage|p1a: Dragonite|19/100
|-start|p1a: Dragonite|confusion
|
|upkeep
|turn|12
|
|t:|1653017074
|-activate|p1a: Dragonite|confusion
|-damage|p1a: Dragonite|0 fnt|[from] confusion
|faint|p1a: Dragonite
|move|p2a: Zapdos|Hurricane|p1: Dragonite|[notarget]
|-fail|p2a: Zapdos
|
|upkeep
|c|☆Batataplays|ban
|c|☆Kwaga|lmao
|-message|Batataplays forfeited.
|
|win|Kwaga
|raw|Batataplays's rating: 1732 &rarr; <strong>1708</strong><br />(-24 for losing)
|raw|Kwaga's rating: 1665 &rarr; <strong>1689</strong><br />(+24 for winning)
|l|☆Batataplays
