|j|☆Antonazz
|j|☆Accalmie ♫
|t:|1655726965
|gametype|singles
|player|p1|Antonazz|palmer|
|player|p2|Accalmie ♫|marley|
|teamsize|p1|6
|teamsize|p2|6
|gen|8
|tier|[Gen 8] OU
|rule|Sleep Clause Mod: Limit one foe put to sleep
|rule|Species Clause: Limit one of each Pokémon
|rule|OHKO Clause: OHKO moves are banned
|rule|Evasion Moves Clause: Evasion moves are banned
|rule|Endless Battle Clause: Forcing endless battles is banned
|rule|HP Percentage Mod: HP is shown in percentages
|rule|Dynamax Clause: You cannot dynamax
|clearpoke
|poke|p1|Hydreigon, M|
|poke|p1|Slowking-Galar, M|
|poke|p1|Skarmory, M|
|poke|p1|Tapu Koko|
|poke|p1|Buzzwole|
|poke|p1|Garchomp, F|
|poke|p2|Raichu-Alola, F|
|poke|p2|Tapu Koko|
|poke|p2|Volcanion|
|poke|p2|Corviknight, F|
|poke|p2|Tapu Fini|
|poke|p2|Landorus-Therian, M|
|teampreview
|inactive|Battle timer is ON: inactive players will automatically lose when time's up. (requested by Accalmie ♫)
|inactiveoff|Battle timer is now OFF.
|c|☆Accalmie ♫|un instant je rentre la commande
|c|☆Accalmie ♫|et hf
|c|☆Antonazz|Hf
|c|☆Accalmie ♫|attends je galère
|c|☆Antonazz|/log Antonazz made this room public.
|c|☆Accalmie ♫|excuse moi du retard
|
|t:|1655727206
|start
|switch|p1a: Buzzwole|Buzzwole|100/100
|switch|p2a: Wojira|Tapu Koko|100/100
|-fieldstart|move: Electric Terrain|[from] ability: Electric Surge|[of] p2a: Wojira
|turn|1
|c|☆Antonazz|Tkt
|
|t:|1655727245
|move|p1a: Buzzwole|Earthquake|p2a: Wojira
|-supereffective|p2a: Wojira
|-damage|p2a: Wojira|0 fnt
|faint|p2a: Wojira
|-ability|p1a: Buzzwole|Beast Boost|boost
|-boost|p1a: Buzzwole|atk|1
|
|upkeep
|j| captain zyao
|
|t:|1655727262
|switch|p2a: Bumi|Landorus-Therian, M|100/100
|-ability|p2a: Bumi|Intimidate|boost
|-unboost|p1a: Buzzwole|atk|1
|turn|2
|
|t:|1655727268
|switch|p1a: Skarmory|Skarmory, M|100/100
|move|p2a: Bumi|U-turn|p1a: Skarmory
|-resisted|p1a: Skarmory
|-damage|p1a: Skarmory|98/100
|-damage|p2a: Bumi|84/100|[from] item: Rocky Helmet|[of] p1a: Skarmory
|
|t:|1655727274
|switch|p2a: Maple|Raichu-Alola, F|100/100|[from]move: U-turn
|
|upkeep
|turn|3
|
|t:|1655727281
|switch|p1a: Hydreigon|Hydreigon, M|100/100
|move|p2a: Maple|Psyshock|p1a: Hydreigon
|-immune|p1a: Hydreigon
|
|upkeep
|turn|4
|
|t:|1655727292
|switch|p2a: Kya|Tapu Fini|100/100
|-fieldstart|move: Misty Terrain|[from] ability: Misty Surge|[of] p2a: Kya
|switch|p1a: Slowking|Slowking-Galar, M|100/100
|
|upkeep
|turn|5
|
|t:|1655727302
|switch|p2a: Sokka|Volcanion|100/100
|move|p1a: Slowking|Future Sight|p2a: Sokka
|-start|p1a: Slowking|move: Future Sight
|
|upkeep
|turn|6
|
|t:|1655727308
|move|p2a: Sokka|Earth Power|p1a: Slowking
|-supereffective|p1a: Slowking
|-damage|p1a: Slowking|55/100
|move|p1a: Slowking|Sludge Bomb|p2a: Sokka
|-damage|p2a: Sokka|53/100
|
|upkeep
|turn|7
|j| Acura RL
|j| Akeras
|
|t:|1655727318
|switch|p2a: Kya|Tapu Fini|100/100
|switch|p1a: Hydreigon|Hydreigon, M|100/100
|
|-end|p2a: Kya|move: Future Sight
|-damage|p2a: Kya|64/100
|-heal|p2a: Kya|70/100|[from] item: Leftovers
|upkeep
|turn|8
|
|t:|1655727327
|switch|p1a: Slowking|Slowking-Galar, M|89/100
|move|p2a: Kya|Nature's Madness|p1a: Slowking
|-damage|p1a: Slowking|45/100
|
|-heal|p2a: Kya|76/100|[from] item: Leftovers
|-fieldend|Misty Terrain
|upkeep
|turn|9
|
|t:|1655727336
|switch|p1a: Tapu Koko|Tapu Koko|100/100
|-fieldstart|move: Electric Terrain|[from] ability: Electric Surge|[of] p1a: Tapu Koko
|move|p2a: Kya|Taunt|p1a: Tapu Koko
|-start|p1a: Tapu Koko|move: Taunt
|
|-heal|p2a: Kya|82/100|[from] item: Leftovers
|upkeep
|turn|10
|
|t:|1655727345
|switch|p2a: Revali|Corviknight, F|100/100
|-ability|p2a: Revali|Pressure
|move|p1a: Tapu Koko|U-turn|p2a: Revali
|-resisted|p2a: Revali
|-damage|p2a: Revali|98/100
|-damage|p1a: Tapu Koko|84/100|[from] item: Rocky Helmet|[of] p2a: Revali
|
|t:|1655727351
|switch|p1a: Slowking|Slowking-Galar, M|78/100|[from]move: U-turn
|
|upkeep
|turn|11
|
|t:|1655727363
|move|p2a: Revali|U-turn|p1a: Slowking
|-damage|p1a: Slowking|64/100
|
|t:|1655727367
|switch|p2a: Sokka|Volcanion|53/100|[from]move: U-turn
|move|p1a: Slowking|Flamethrower|p2a: Sokka
|-resisted|p2a: Sokka
|-damage|p2a: Sokka|45/100
|
|upkeep
|turn|12
|l| Akeras
|
|t:|1655727375
|move|p2a: Sokka|Steam Eruption|p1a: Slowking
|-damage|p1a: Slowking|24/100
|-status|p1a: Slowking|brn
|move|p1a: Slowking|Sludge Bomb|p2a: Sokka
|-damage|p2a: Sokka|3/100
|
|-damage|p1a: Slowking|18/100 brn|[from] brn
|upkeep
|turn|13
|
|t:|1655727383
|switch|p1a: Hydreigon|Hydreigon, M|100/100
|move|p2a: Sokka|Steam Eruption|p1a: Hydreigon
|-resisted|p1a: Hydreigon
|-damage|p1a: Hydreigon|57/100
|
|-fieldend|move: Electric Terrain
|upkeep
|turn|14
|
|t:|1655727394
|switch|p2a: Revali|Corviknight, F|98/100
|-ability|p2a: Revali|Pressure
|move|p1a: Hydreigon|Roost|p1a: Hydreigon
|-heal|p1a: Hydreigon|100/100
|-singleturn|p1a: Hydreigon|move: Roost
|
|upkeep
|turn|15
|
|t:|1655727400
|switch|p1a: Slowking|Slowking-Galar, M|51/100 brn
|move|p2a: Revali|U-turn|p1a: Slowking
|-damage|p1a: Slowking|36/100 brn
|
|t:|1655727410
|switch|p2a: Bumi|Landorus-Therian, M|84/100|[from]move: U-turn
|-ability|p2a: Bumi|Intimidate|boost
|-unboost|p1a: Slowking|atk|1
|
|-heal|p2a: Bumi|90/100|[from] item: Leftovers
|-damage|p1a: Slowking|30/100 brn|[from] brn
|upkeep
|turn|16
|
|t:|1655727416
|switch|p1a: Buzzwole|Buzzwole|100/100
|move|p2a: Bumi|U-turn|p1a: Buzzwole
|-resisted|p1a: Buzzwole
|-damage|p1a: Buzzwole|93/100
|
|t:|1655727424
|switch|p2a: Maple|Raichu-Alola, F|100/100|[from]move: U-turn
|
|upkeep
|turn|17
|
|t:|1655727443
|switch|p2a: Revali|Corviknight, F|98/100
|-ability|p2a: Revali|Pressure
|move|p1a: Buzzwole|Leech Life|p2a: Revali
|-resisted|p2a: Revali
|-damage|p2a: Revali|91/100
|-heal|p1a: Buzzwole|97/100|[from] drain|[of] p2a: Revali
|-damage|p1a: Buzzwole|80/100|[from] item: Rocky Helmet|[of] p2a: Revali
|
|upkeep
|turn|18
|
|t:|1655727449
|switch|p1a: Skarmory|Skarmory, M|98/100
|move|p2a: Revali|U-turn|p1a: Skarmory
|-resisted|p1a: Skarmory
|-damage|p1a: Skarmory|95/100
|-damage|p2a: Revali|74/100|[from] item: Rocky Helmet|[of] p1a: Skarmory
|
|t:|1655727455
|switch|p2a: Maple|Raichu-Alola, F|100/100|[from]move: U-turn
|
|upkeep
|turn|19
|
|t:|1655727475
|move|p2a: Maple|Surf|p1a: Skarmory
|-damage|p1a: Skarmory|48/100
|-damage|p2a: Maple|91/100|[from] item: Life Orb
|move|p1a: Skarmory|Stealth Rock|p2a: Maple
|-sidestart|p2: Accalmie ♫|move: Stealth Rock
|
|upkeep
|turn|20
|
|t:|1655727483
|switch|p1a: Slowking|Slowking-Galar, M|63/100 brn
|move|p2a: Maple|Nasty Plot|p2a: Maple
|-boost|p2a: Maple|spa|2
|
|-damage|p1a: Slowking|57/100 brn|[from] brn
|upkeep
|turn|21
|
|t:|1655727494
|move|p2a: Maple|Surf|p1a: Slowking
|-damage|p1a: Slowking|25/100 brn
|-damage|p2a: Maple|81/100|[from] item: Life Orb
|move|p1a: Slowking|Sludge Bomb|p2a: Maple
|-damage|p2a: Maple|27/100
|
|-damage|p1a: Slowking|19/100 brn|[from] brn
|upkeep
|turn|22
|
|t:|1655727500
|move|p2a: Maple|Surf|p1a: Slowking
|-damage|p1a: Slowking|0 fnt
|faint|p1a: Slowking
|-damage|p2a: Maple|17/100|[from] item: Life Orb
|
|upkeep
|
|t:|1655727507
|switch|p1a: Buzzwole|Buzzwole|80/100
|turn|23
|
|t:|1655727517
|switch|p2a: Bumi|Landorus-Therian, M|90/100
|-damage|p2a: Bumi|78/100|[from] Stealth Rock
|-ability|p2a: Bumi|Intimidate|boost
|-unboost|p1a: Buzzwole|atk|1
|move|p1a: Buzzwole|Close Combat|p2a: Bumi
|-resisted|p2a: Bumi
|-damage|p2a: Bumi|60/100
|-unboost|p1a: Buzzwole|def|1
|-unboost|p1a: Buzzwole|spd|1
|
|-heal|p2a: Bumi|66/100|[from] item: Leftovers
|upkeep
|turn|24
|
|t:|1655727531
|switch|p1a: Skarmory|Skarmory, M|48/100
|switch|p2a: Revali|Corviknight, F|74/100
|-damage|p2a: Revali|62/100|[from] Stealth Rock
|-ability|p2a: Revali|Pressure
|
|upkeep
|turn|25
|
|t:|1655727543
|switch|p1a: Tapu Koko|Tapu Koko|84/100
|-fieldstart|move: Electric Terrain|[from] ability: Electric Surge|[of] p1a: Tapu Koko
|move|p2a: Revali|Defog|p1a: Tapu Koko
|-unboost|p1a: Tapu Koko|evasion|1
|-sideend|p2: Accalmie ♫|Stealth Rock|[from] move: Defog|[of] p2a: Revali
|-fieldend|move: Electric Terrain
|
|upkeep
|turn|26
|
|t:|1655727562
|switch|p2a: Bumi|Landorus-Therian, M|66/100
|-ability|p2a: Bumi|Intimidate|boost
|-unboost|p1a: Tapu Koko|atk|1
|move|p1a: Tapu Koko|Dazzling Gleam|p2a: Bumi
|-damage|p2a: Bumi|37/100
|
|-heal|p2a: Bumi|43/100|[from] item: Leftovers
|upkeep
|turn|27
|
|t:|1655727571
|switch|p2a: Sokka|Volcanion|3/100
|move|p1a: Tapu Koko|U-turn|p2a: Sokka
|-resisted|p2a: Sokka
|-damage|p2a: Sokka|0 fnt
|faint|p2a: Sokka
|
|t:|1655727584
|switch|p1a: Garchomp|Garchomp, F|100/100|[from]move: U-turn
|
|upkeep
|
|t:|1655727588
|switch|p2a: Bumi|Landorus-Therian, M|43/100
|-ability|p2a: Bumi|Intimidate|boost
|-unboost|p1a: Garchomp|atk|1
|turn|28
|
|t:|1655727593
|switch|p1a: Skarmory|Skarmory, M|48/100
|move|p2a: Bumi|Toxic|p1a: Skarmory|[miss]
|-miss|p2a: Bumi|p1a: Skarmory
|
|-heal|p2a: Bumi|49/100|[from] item: Leftovers
|upkeep
|turn|29
|
|t:|1655727605
|switch|p2a: Maple|Raichu-Alola, F|17/100
|move|p1a: Skarmory|Toxic|p2a: Maple
|-status|p2a: Maple|tox
|
|-damage|p2a: Maple|11/100 tox|[from] psn
|upkeep
|turn|30
|
|t:|1655727610
|switch|p1a: Hydreigon|Hydreigon, M|100/100
|move|p2a: Maple|Rising Voltage|p1a: Hydreigon
|-resisted|p1a: Hydreigon
|-damage|p1a: Hydreigon|83/100
|-damage|p2a: Maple|1/100 tox|[from] item: Life Orb
|
|-damage|p2a: Maple|0 fnt|[from] psn
|faint|p2a: Maple
|upkeep
|
|t:|1655727614
|switch|p2a: Kya|Tapu Fini|82/100
|-fieldstart|move: Misty Terrain|[from] ability: Misty Surge|[of] p2a: Kya
|turn|31
|
|t:|1655727619
|switch|p1a: Tapu Koko|Tapu Koko|84/100
|-fieldstart|move: Electric Terrain|[from] ability: Electric Surge|[of] p1a: Tapu Koko
|move|p2a: Kya|Moonblast|p1a: Tapu Koko
|-damage|p1a: Tapu Koko|36/100
|
|-heal|p2a: Kya|88/100|[from] item: Leftovers
|upkeep
|turn|32
|
|t:|1655727623
|move|p1a: Tapu Koko|Thunderbolt|p2a: Kya
|-supereffective|p2a: Kya
|-damage|p2a: Kya|16/100
|move|p2a: Kya|Moonblast|p1a: Tapu Koko
|-damage|p1a: Tapu Koko|0 fnt
|faint|p1a: Tapu Koko
|
|-heal|p2a: Kya|22/100|[from] item: Leftovers
|upkeep
|
|t:|1655727638
|switch|p1a: Garchomp|Garchomp, F|100/100
|turn|33
|
|t:|1655727641
|switch|p2a: Bumi|Landorus-Therian, M|49/100
|-ability|p2a: Bumi|Intimidate|boost
|-unboost|p1a: Garchomp|atk|1
|move|p1a: Garchomp|Earthquake|p2a: Bumi
|-immune|p2a: Bumi
|
|-heal|p2a: Bumi|55/100|[from] item: Leftovers
|upkeep
|turn|34
|
|t:|1655727651
|move|p1a: Garchomp|Swords Dance|p1a: Garchomp
|-boost|p1a: Garchomp|atk|2
|move|p2a: Bumi|Stealth Rock|p1a: Garchomp
|-sidestart|p1: Antonazz|move: Stealth Rock
|
|-heal|p2a: Bumi|61/100|[from] item: Leftovers
|upkeep
|turn|35
|
|t:|1655727656
|move|p1a: Garchomp|Swords Dance|p1a: Garchomp
|-boost|p1a: Garchomp|atk|2
|move|p2a: Bumi|Earthquake|p1a: Garchomp
|-damage|p1a: Garchomp|49/100
|
|-heal|p1a: Garchomp|55/100|[from] item: Leftovers
|-heal|p2a: Bumi|67/100|[from] item: Leftovers
|-fieldend|move: Electric Terrain
|upkeep
|turn|36
|
|t:|1655727663
|switch|p2a: Kya|Tapu Fini|22/100
|-fieldstart|move: Misty Terrain|[from] ability: Misty Surge|[of] p2a: Kya
|move|p1a: Garchomp|Fire Fang|p2a: Kya|[miss]
|-miss|p1a: Garchomp|p2a: Kya
|
|-heal|p1a: Garchomp|61/100|[from] item: Leftovers
|-heal|p2a: Kya|28/100|[from] item: Leftovers
|upkeep
|turn|37
|
|t:|1655727677
|switch|p2a: Bumi|Landorus-Therian, M|67/100
|-ability|p2a: Bumi|Intimidate|boost
|-unboost|p1a: Garchomp|atk|1
|move|p1a: Garchomp|Earthquake|p2a: Bumi
|-immune|p2a: Bumi
|
|-heal|p1a: Garchomp|67/100|[from] item: Leftovers
|-heal|p2a: Bumi|73/100|[from] item: Leftovers
|upkeep
|turn|38
|
|t:|1655727683
|move|p1a: Garchomp|Scale Shot|p2a: Bumi|[miss]
|-miss|p1a: Garchomp|p2a: Bumi
|move|p2a: Bumi|Earthquake|p1a: Garchomp
|-damage|p1a: Garchomp|16/100
|
|-heal|p1a: Garchomp|22/100|[from] item: Leftovers
|-heal|p2a: Bumi|79/100|[from] item: Leftovers
|upkeep
|turn|39
|c|☆Accalmie ♫|le miss joue ?
|j| Giga㋛Chandelure-☂
|c|☆Accalmie ♫|j'ai pas les calc
|
|t:|1655727708
|move|p1a: Garchomp|Scale Shot|p2a: Bumi
|-damage|p2a: Bumi|57/100
|-damage|p2a: Bumi|34/100
|-hitcount|p2a: Bumi|2
|-unboost|p1a: Garchomp|def|1
|-boost|p1a: Garchomp|spe|1
|move|p2a: Bumi|Earthquake|p1a: Garchomp
|-damage|p1a: Garchomp|0 fnt
|faint|p1a: Garchomp
|
|-heal|p2a: Bumi|40/100|[from] item: Leftovers
|upkeep
|c|☆Antonazz|Broo
|c|☆Antonazz|c'est quoi ce chomp
|
|t:|1655727746
|switch|p1a: Skarmory|Skarmory, M|48/100
|-damage|p1a: Skarmory|35/100|[from] Stealth Rock
|turn|40
|c|☆Accalmie ♫|juste
|c|☆Accalmie ♫|c'est courant scarf buzz ?
|
|t:|1655727774
|switch|p2a: Kya|Tapu Fini|28/100
|move|p1a: Skarmory|Stealth Rock|p2a: Kya
|-sidestart|p2: Accalmie ♫|move: Stealth Rock
|
|-heal|p2a: Kya|34/100|[from] item: Leftovers
|-fieldend|Misty Terrain
|upkeep
|turn|41
|
|t:|1655727785
|move|p2a: Kya|Whirlpool|p1a: Skarmory
|-damage|p1a: Skarmory|19/100
|-activate|p1a: Skarmory|move: Whirlpool|[of] p2a: Kya
|move|p1a: Skarmory|Toxic|p2a: Kya
|-status|p2a: Kya|tox
|
|-heal|p2a: Kya|40/100 tox|[from] item: Leftovers
|-damage|p2a: Kya|34/100 tox|[from] psn
|-damage|p1a: Skarmory|7/100|[from] move: Whirlpool|[partiallytrapped]
|upkeep
|turn|42
|
|t:|1655727793
|move|p2a: Kya|Moonblast|p1a: Skarmory
|-resisted|p1a: Skarmory
|-damage|p1a: Skarmory|0 fnt
|faint|p1a: Skarmory
|
|-heal|p2a: Kya|40/100 tox|[from] item: Leftovers
|-damage|p2a: Kya|28/100 tox|[from] psn
|upkeep
|
|t:|1655727798
|switch|p1a: Buzzwole|Buzzwole|80/100
|-damage|p1a: Buzzwole|68/100|[from] Stealth Rock
|turn|43
|c| Giga㋛Chandelure-☂|en stabmons oui
|c| Giga㋛Chandelure-☂|en ou aucune idée
|
|t:|1655727818
|switch|p2a: Bumi|Landorus-Therian, M|40/100
|-damage|p2a: Bumi|28/100|[from] Stealth Rock
|-ability|p2a: Bumi|Intimidate|boost
|-unboost|p1a: Buzzwole|atk|1
|move|p1a: Buzzwole|Close Combat|p2a: Bumi
|-resisted|p2a: Bumi
|-damage|p2a: Bumi|10/100
|-unboost|p1a: Buzzwole|def|1
|-unboost|p1a: Buzzwole|spd|1
|
|-heal|p2a: Bumi|16/100|[from] item: Leftovers
|upkeep
|turn|44
|c|☆Antonazz|C'est niche scarf buzz mais c'est joué
|c|☆Accalmie ♫|je perds je crois
|c|☆Antonazz|jsp
|
|t:|1655727903
|switch|p2a: Revali|Corviknight, F|62/100
|-damage|p2a: Revali|49/100|[from] Stealth Rock
|-ability|p2a: Revali|Pressure
|move|p1a: Buzzwole|Close Combat|p2a: Revali
|-damage|p2a: Revali|23/100
|-unboost|p1a: Buzzwole|def|1
|-unboost|p1a: Buzzwole|spd|1
|-damage|p1a: Buzzwole|51/100|[from] item: Rocky Helmet|[of] p2a: Revali
|
|upkeep
|turn|45
|
|t:|1655727913
|move|p1a: Buzzwole|Close Combat|p2a: Revali
|-damage|p2a: Revali|0 fnt
|-unboost|p1a: Buzzwole|def|1
|-unboost|p1a: Buzzwole|spd|1
|-damage|p1a: Buzzwole|34/100|[from] item: Rocky Helmet|[of] p2a: Revali
|faint|p2a: Revali
|-ability|p1a: Buzzwole|Beast Boost|boost
|-boost|p1a: Buzzwole|atk|1
|
|upkeep
|c|☆Accalmie ♫|gg
|
|t:|1655727920
|switch|p2a: Bumi|Landorus-Therian, M|16/100
|-damage|p2a: Bumi|4/100|[from] Stealth Rock
|-ability|p2a: Bumi|Intimidate|boost
|-unboost|p1a: Buzzwole|atk|1
|turn|46
|c| captain zyao|la oui ta perdu
|
|t:|1655727926
|move|p1a: Buzzwole|Close Combat|p2a: Bumi
|-resisted|p2a: Bumi
|-crit|p2a: Bumi
|-damage|p2a: Bumi|0 fnt
|-unboost|p1a: Buzzwole|def|1
|-unboost|p1a: Buzzwole|spd|1
|faint|p2a: Bumi
|-ability|p1a: Buzzwole|Beast Boost|boost
|-boost|p1a: Buzzwole|atk|1
|
|upkeep
|c|☆Antonazz|gg
|
|t:|1655727928
|switch|p2a: Kya|Tapu Fini|28/100 tox
|-damage|p2a: Kya|16/100 tox|[from] Stealth Rock
|-fieldstart|move: Misty Terrain|[from] ability: Misty Surge|[of] p2a: Kya
|turn|47
|
|t:|1655727932
|move|p1a: Buzzwole|Close Combat|p2a: Kya
|-resisted|p2a: Kya
|-damage|p2a: Kya|0 fnt
|-unboost|p1a: Buzzwole|def|1
|-unboost|p1a: Buzzwole|spd|1
|faint|p2a: Kya
|
|win|Antonazz
|c|☆Accalmie ♫|bon courage
|c|☆Accalmie ♫|pour l'étage 3
|c|☆Antonazz|yes thx
