|j|☆Rencube
|j|☆vagmak
|t:|1607865579
|player|p1|Rencube|bugcatcher|1809
|player|p2|vagmak|brawly|1761
|teamsize|p1|6
|teamsize|p2|6
|gametype|singles
|gen|8
|tier|[Gen 8] OU
|rated|
|clearpoke
|poke|p1|Rillaboom, M|
|poke|p1|Buzzwole|
|poke|p1|Toxapex, M|
|poke|p1|Clefable, F|
|poke|p1|Reuniclus, M|
|poke|p1|Excadrill, M|
|poke|p2|Kartana|
|poke|p2|Azumarill, F|
|poke|p2|Garchomp, F|
|poke|p2|Zapdos|
|poke|p2|Nidoking, M|
|poke|p2|Melmetal|
|rule|Sleep Clause Mod: Limit one foe put to sleep
|rule|Species Clause: Limit one of each Pokémon
|rule|OHKO Clause: OHKO moves are banned
|rule|Evasion Moves Clause: Evasion moves are banned
|rule|Endless Battle Clause: Forcing endless battles is banned
|rule|HP Percentage Mod: HP is shown in percentages
|rule|Dynamax Clause: You cannot dynamax
|teampreview
|j| jeanmilapipe
|inactive|Battle timer is ON: inactive players will automatically lose when time's up. (requested by vagmak)
|j| K. Rokossovsky
|
|t:|1607865598
|start
|switch|p1a: AFTERTHOUGHT|Clefable, F, shiny|100/100
|switch|p2a: Nidoking|Nidoking, M|100/100
|turn|1
|j| Yatogami Mikoto
|
|t:|1607865610
|switch|p1a: LIKE YOU DO|Reuniclus, M|100/100
|move|p2a: Nidoking|Sludge Wave|p1a: LIKE YOU DO
|-damage|p1a: LIKE YOU DO|76/100
|
|upkeep
|turn|2
|
|t:|1607865618
|switch|p2a: Melmetal|Melmetal|100/100
|move|p1a: LIKE YOU DO|Future Sight|p2a: Melmetal
|-start|p1a: LIKE YOU DO|move: Future Sight
|
|upkeep
|turn|3
|
|t:|1607865626
|switch|p1a: PRETTY BOY|Buzzwole|100/100
|move|p2a: Melmetal|Double Iron Bash|p1a: PRETTY BOY
|-damage|p1a: PRETTY BOY|80/100
|-damage|p2a: Melmetal|84/100|[from] item: Rocky Helmet|[of] p1a: PRETTY BOY
|-damage|p1a: PRETTY BOY|58/100
|-damage|p2a: Melmetal|67/100|[from] item: Rocky Helmet|[of] p1a: PRETTY BOY
|-hitcount|p1a: PRETTY BOY|2
|
|upkeep
|turn|4
|
|t:|1607865636
|move|p1a: PRETTY BOY|Roost|p1a: PRETTY BOY
|-heal|p1a: PRETTY BOY|100/100
|-singleturn|p1a: PRETTY BOY|move: Roost
|move|p2a: Melmetal|Double Iron Bash|p1a: PRETTY BOY
|-damage|p1a: PRETTY BOY|77/100
|-damage|p2a: Melmetal|51/100|[from] item: Rocky Helmet|[of] p1a: PRETTY BOY
|-damage|p1a: PRETTY BOY|55/100
|-damage|p2a: Melmetal|34/100|[from] item: Rocky Helmet|[of] p1a: PRETTY BOY
|-hitcount|p1a: PRETTY BOY|2
|
|-end|p2a: Melmetal|move: Future Sight
|-resisted|p2a: Melmetal
|-damage|p2a: Melmetal|19/100
|upkeep
|turn|5
|
|t:|1607865652
|switch|p2a: Zapdos|Zapdos|100/100
|move|p1a: PRETTY BOY|Roost|p1a: PRETTY BOY
|-heal|p1a: PRETTY BOY|100/100
|-singleturn|p1a: PRETTY BOY|move: Roost
|
|upkeep
|turn|6
|
|t:|1607865658
|switch|p1a: LIKE YOU DO|Reuniclus, M|100/100
|move|p2a: Zapdos|Heat Wave|p1a: LIKE YOU DO|[miss]
|-miss|p2a: Zapdos|p1a: LIKE YOU DO
|
|upkeep
|turn|7
|
|t:|1607865665
|move|p2a: Zapdos|Hurricane|p1a: LIKE YOU DO
|-damage|p1a: LIKE YOU DO|73/100
|move|p1a: LIKE YOU DO|Future Sight|p2a: Zapdos
|-start|p1a: LIKE YOU DO|move: Future Sight
|
|upkeep
|turn|8
|
|t:|1607865684
|switch|p2a: Kartana|Kartana|100/100
|move|p1a: LIKE YOU DO|Psychic|p2a: Kartana
|-resisted|p2a: Kartana
|-damage|p2a: Kartana|33/100
|
|upkeep
|turn|9
|
|t:|1607865694
|switch|p1a: PRETTY BOY|Buzzwole|100/100
|move|p2a: Kartana|Knock Off|p1a: PRETTY BOY
|-resisted|p1a: PRETTY BOY
|-damage|p1a: PRETTY BOY|86/100
|-damage|p2a: Kartana|17/100|[from] item: Rocky Helmet|[of] p1a: PRETTY BOY
|-enditem|p1a: PRETTY BOY|Rocky Helmet|[from] move: Knock Off|[of] p2a: Kartana
|-damage|p2a: Kartana|7/100|[from] item: Life Orb
|
|-end|p2a: Kartana|move: Future Sight
|-resisted|p2a: Kartana
|-damage|p2a: Kartana|0 fnt
|upkeep
|faint|p2a: Kartana
|j| TreeHugger829
|
|t:|1607865709
|switch|p2a: Azumarill|Azumarill, F|100/100
|turn|10
|
|t:|1607865714
|switch|p1a: DAYLIGHT|Toxapex, M|100/100
|move|p2a: Azumarill|Play Rough|p1a: DAYLIGHT
|-resisted|p1a: DAYLIGHT
|-damage|p1a: DAYLIGHT|81/100
|
|-heal|p1a: DAYLIGHT|87/100|[from] item: Black Sludge
|upkeep
|turn|11
|
|t:|1607865728
|switch|p2a: Nidoking|Nidoking, M|100/100
|move|p1a: DAYLIGHT|Knock Off|p2a: Nidoking
|-damage|p2a: Nidoking|80/100
|-enditem|p2a: Nidoking|Choice Scarf|[from] move: Knock Off|[of] p1a: DAYLIGHT
|
|-heal|p1a: DAYLIGHT|93/100|[from] item: Black Sludge
|upkeep
|turn|12
|c|☆Rencube|huh
|
|t:|1607865738
|switch|p1a: LIKE YOU DO|Reuniclus, M|100/100
|move|p2a: Nidoking|Earth Power|p1a: LIKE YOU DO
|-damage|p1a: LIKE YOU DO|78/100
|
|upkeep
|turn|13
|
|t:|1607865746
|move|p2a: Nidoking|Sludge Wave|p1a: LIKE YOU DO
|-damage|p1a: LIKE YOU DO|55/100
|move|p1a: LIKE YOU DO|Future Sight|p2a: Nidoking
|-start|p1a: LIKE YOU DO|move: Future Sight
|
|upkeep
|turn|14
|
|t:|1607865753
|move|p2a: Nidoking|Sludge Wave|p1a: LIKE YOU DO
|-damage|p1a: LIKE YOU DO|31/100
|move|p1a: LIKE YOU DO|Psychic|p2a: Nidoking
|-supereffective|p2a: Nidoking
|-damage|p2a: Nidoking|0 fnt
|faint|p2a: Nidoking
|
|upkeep
|
|t:|1607865761
|switch|p2a: Azumarill|Azumarill, F|100/100
|turn|15
|
|t:|1607865765
|switch|p1a: DAYLIGHT|Toxapex, M|100/100
|move|p2a: Azumarill|Play Rough|p1a: DAYLIGHT
|-resisted|p1a: DAYLIGHT
|-crit|p1a: DAYLIGHT
|-damage|p1a: DAYLIGHT|75/100
|
|-end|p2a: Azumarill|move: Future Sight
|-damage|p2a: Azumarill|48/100
|-enditem|p2a: Azumarill|Sitrus Berry|[eat]
|-heal|p2a: Azumarill|73/100|[from] item: Sitrus Berry
|-heal|p1a: DAYLIGHT|81/100|[from] item: Black Sludge
|upkeep
|turn|16
|j| King_Ttarr
|l| King_Ttarr
|
|t:|1607865778
|switch|p2a: Garchomp|Garchomp, F|100/100
|move|p1a: DAYLIGHT|Toxic|p2a: Garchomp
|-status|p2a: Garchomp|tox
|
|-heal|p1a: DAYLIGHT|87/100|[from] item: Black Sludge
|-damage|p2a: Garchomp|94/100 tox|[from] psn
|upkeep
|turn|17
|
|t:|1607865787
|switch|p1a: AFTERTHOUGHT|Clefable, F, shiny|100/100
|move|p2a: Garchomp|Earthquake|p1a: AFTERTHOUGHT
|-damage|p1a: AFTERTHOUGHT|57/100
|
|-heal|p1a: AFTERTHOUGHT|63/100|[from] item: Leftovers
|-damage|p2a: Garchomp|82/100 tox|[from] psn
|upkeep
|turn|18
|
|t:|1607865798
|switch|p1a: RUN|Rillaboom, M|100/100
|-fieldstart|move: Grassy Terrain|[from] ability: Grassy Surge|[of] p1a: RUN
|move|p2a: Garchomp|Poison Jab|p1a: RUN
|-supereffective|p1a: RUN
|-damage|p1a: RUN|44/100
|-status|p1a: RUN|psn
|
|-heal|p2a: Garchomp|88/100 tox|[from] Grassy Terrain
|-heal|p1a: RUN|50/100 psn|[from] Grassy Terrain
|-damage|p2a: Garchomp|70/100 tox|[from] psn
|-damage|p1a: RUN|37/100 psn|[from] psn
|upkeep
|turn|19
|
|t:|1607865812
|switch|p1a: PRETTY BOY|Buzzwole|86/100
|move|p2a: Garchomp|Stealth Rock|p1a: PRETTY BOY
|-sidestart|p1: Rencube|move: Stealth Rock
|
|-heal|p2a: Garchomp|76/100 tox|[from] Grassy Terrain
|-heal|p1a: PRETTY BOY|92/100|[from] Grassy Terrain
|-damage|p2a: Garchomp|51/100 tox|[from] psn
|upkeep
|turn|20
|
|t:|1607865826
|switch|p1a: AFTERTHOUGHT|Clefable, F, shiny|63/100
|-damage|p1a: AFTERTHOUGHT|51/100|[from] Stealth Rock
|move|p2a: Garchomp|Poison Jab|p1a: AFTERTHOUGHT
|-supereffective|p1a: AFTERTHOUGHT
|-damage|p1a: AFTERTHOUGHT|4/100
|-status|p1a: AFTERTHOUGHT|psn
|
|-heal|p2a: Garchomp|57/100 tox|[from] Grassy Terrain
|-heal|p1a: AFTERTHOUGHT|10/100 psn|[from] item: Leftovers
|-heal|p1a: AFTERTHOUGHT|17/100 psn|[from] Grassy Terrain
|-damage|p2a: Garchomp|27/100 tox|[from] psn
|-damage|p1a: AFTERTHOUGHT|4/100 psn|[from] psn
|upkeep
|turn|21
|
|t:|1607865841
|switch|p1a: DAYLIGHT|Toxapex, M|100/100
|-damage|p1a: DAYLIGHT|88/100|[from] Stealth Rock
|move|p2a: Garchomp|Earthquake|p1a: DAYLIGHT
|-supereffective|p1a: DAYLIGHT
|-damage|p1a: DAYLIGHT|53/100
|
|-heal|p2a: Garchomp|33/100 tox|[from] Grassy Terrain
|-heal|p1a: DAYLIGHT|59/100|[from] item: Black Sludge
|-heal|p1a: DAYLIGHT|65/100|[from] Grassy Terrain
|-damage|p2a: Garchomp|0 fnt|[from] psn
|faint|p2a: Garchomp
|upkeep
|
|t:|1607865858
|switch|p2a: Zapdos|Zapdos|100/100
|turn|22
|
|t:|1607865863
|move|p1a: DAYLIGHT|Baneful Bunker|p1a: DAYLIGHT
|-singleturn|p1a: DAYLIGHT|move: Protect
|move|p2a: Zapdos|Thunderbolt|p1a: DAYLIGHT
|-activate|p1a: DAYLIGHT|move: Protect
|
|-heal|p1a: DAYLIGHT|70/100|[from] item: Black Sludge
|-heal|p1a: DAYLIGHT|76/100|[from] Grassy Terrain
|upkeep
|turn|23
|
|t:|1607865875
|switch|p1a: AFTERTHOUGHT|Clefable, F, shiny|4/100 psn
|-damage|p1a: AFTERTHOUGHT|0 fnt|[from] Stealth Rock
|faint|p1a: AFTERTHOUGHT
|move|p2a: Zapdos|Thunderbolt|p1: AFTERTHOUGHT|[notarget]
|-fail|p2a: Zapdos
|
|upkeep
|
|t:|1607865877
|switch|p1a: LIKE YOU DO|Reuniclus, M|64/100
|-damage|p1a: LIKE YOU DO|52/100|[from] Stealth Rock
|turn|24
|l| TreeHugger829
|
|t:|1607865885
|move|p2a: Zapdos|Hurricane|p1a: LIKE YOU DO|[miss]
|-miss|p2a: Zapdos|p1a: LIKE YOU DO
|move|p1a: LIKE YOU DO|Psychic|p2a: Zapdos
|-damage|p2a: Zapdos|54/100
|
|-heal|p1a: LIKE YOU DO|58/100|[from] Grassy Terrain
|upkeep
|turn|25
|
|t:|1607865894
|move|p2a: Zapdos|Hurricane|p1a: LIKE YOU DO
|-damage|p1a: LIKE YOU DO|30/100
|move|p1a: LIKE YOU DO|Psychic|p2a: Zapdos
|-damage|p2a: Zapdos|7/100
|
|-heal|p1a: LIKE YOU DO|37/100|[from] Grassy Terrain
|-fieldend|move: Grassy Terrain
|upkeep
|turn|26
|
|t:|1607865902
|move|p2a: Zapdos|Roost|p2a: Zapdos
|-heal|p2a: Zapdos|57/100
|-singleturn|p2a: Zapdos|move: Roost
|move|p1a: LIKE YOU DO|Psychic|p2a: Zapdos
|-damage|p2a: Zapdos|10/100
|
|upkeep
|turn|27
|
|t:|1607865910
|move|p2a: Zapdos|Roost|p2a: Zapdos
|-heal|p2a: Zapdos|61/100
|-singleturn|p2a: Zapdos|move: Roost
|move|p1a: LIKE YOU DO|Psychic|p2a: Zapdos
|-damage|p2a: Zapdos|13/100
|
|upkeep
|turn|28
|
|t:|1607865917
|move|p2a: Zapdos|Roost|p2a: Zapdos
|-heal|p2a: Zapdos|63/100
|-singleturn|p2a: Zapdos|move: Roost
|move|p1a: LIKE YOU DO|Future Sight|p2a: Zapdos
|-start|p1a: LIKE YOU DO|move: Future Sight
|
|upkeep
|turn|29
|
|t:|1607865928
|switch|p1a: 777|Excadrill, M|100/100
|-damage|p1a: 777|97/100|[from] Stealth Rock
|-ability|p1a: 777|Mold Breaker
|move|p2a: Zapdos|Roost|p2a: Zapdos
|-heal|p2a: Zapdos|100/100
|-singleturn|p2a: Zapdos|move: Roost
|
|-heal|p1a: 777|100/100|[from] item: Leftovers
|upkeep
|turn|30
|
|t:|1607865939
|move|p1a: 777|Rapid Spin|p2a: Zapdos
|-damage|p2a: Zapdos|81/100
|-boost|p1a: 777|spe|1
|-sideend|p1: Rencube|Stealth Rock|[from] move: Rapid Spin|[of] p1a: 777
|move|p2a: Zapdos|Heat Wave|p1a: 777
|-supereffective|p1a: 777
|-damage|p1a: 777|26/100
|
|-end|p2a: Zapdos|move: Future Sight
|-damage|p2a: Zapdos|19/100
|-heal|p1a: 777|32/100|[from] item: Leftovers
|upkeep
|turn|31
|
|t:|1607865960
|move|p1a: 777|Iron Head|p2a: Zapdos
|-resisted|p2a: Zapdos
|-damage|p2a: Zapdos|0 fnt
|-status|p1a: 777|par|[from] ability: Static|[of] p2a: Zapdos
|faint|p2a: Zapdos
|
|-heal|p1a: 777|38/100 par|[from] item: Leftovers
|upkeep
|
|t:|1607865967
|switch|p2a: Azumarill|Azumarill, F|73/100
|turn|32
|
|t:|1607865974
|switch|p1a: DAYLIGHT|Toxapex, M|100/100
|move|p2a: Azumarill|Aqua Jet|p1a: DAYLIGHT
|-resisted|p1a: DAYLIGHT
|-damage|p1a: DAYLIGHT|92/100
|
|-heal|p1a: DAYLIGHT|98/100|[from] item: Black Sludge
|upkeep
|turn|33
|
|t:|1607865984
|switch|p2a: Melmetal|Melmetal|19/100
|move|p1a: DAYLIGHT|Toxic|p2a: Melmetal
|-immune|p2a: Melmetal
|
|-heal|p1a: DAYLIGHT|100/100|[from] item: Black Sludge
|upkeep
|turn|34
|
|t:|1607865992
|move|p1a: DAYLIGHT|Recover||[still]
|-fail|p1a: DAYLIGHT|heal
|move|p2a: Melmetal|Earthquake|p1a: DAYLIGHT
|-supereffective|p1a: DAYLIGHT
|-damage|p1a: DAYLIGHT|47/100
|
|-heal|p1a: DAYLIGHT|53/100|[from] item: Black Sludge
|upkeep
|turn|35
|
|t:|1607866001
|move|p1a: DAYLIGHT|Baneful Bunker|p1a: DAYLIGHT
|-singleturn|p1a: DAYLIGHT|move: Protect
|move|p2a: Melmetal|Earthquake|p1a: DAYLIGHT
|-activate|p1a: DAYLIGHT|move: Protect
|
|-heal|p1a: DAYLIGHT|59/100|[from] item: Black Sludge
|upkeep
|turn|36
|
|t:|1607866015
|switch|p1a: PRETTY BOY|Buzzwole|92/100
|move|p2a: Melmetal|Earthquake|p1a: PRETTY BOY
|-resisted|p1a: PRETTY BOY
|-damage|p1a: PRETTY BOY|83/100
|
|upkeep
|turn|37
|j| Nekojuna_1
|
|t:|1607866027
|switch|p2a: Azumarill|Azumarill, F|73/100
|move|p1a: PRETTY BOY|Bulk Up|p1a: PRETTY BOY
|-boost|p1a: PRETTY BOY|atk|1
|-boost|p1a: PRETTY BOY|def|1
|
|upkeep
|turn|38
|l| Nekojuna_1
|
|t:|1607866034
|move|p1a: PRETTY BOY|Drain Punch|p2a: Azumarill
|-resisted|p2a: Azumarill
|-damage|p2a: Azumarill|47/100
|-heal|p1a: PRETTY BOY|96/100|[from] drain|[of] p2a: Azumarill
|move|p2a: Azumarill|Play Rough|p1a: PRETTY BOY
|-supereffective|p1a: PRETTY BOY
|-damage|p1a: PRETTY BOY|57/100
|
|upkeep
|turn|39
|
|t:|1607866044
|move|p1a: PRETTY BOY|Drain Punch|p2a: Azumarill
|-resisted|p2a: Azumarill
|-damage|p2a: Azumarill|20/100
|-heal|p1a: PRETTY BOY|70/100|[from] drain|[of] p2a: Azumarill
|move|p2a: Azumarill|Play Rough|p1a: PRETTY BOY
|-supereffective|p1a: PRETTY BOY
|-damage|p1a: PRETTY BOY|33/100
|
|upkeep
|turn|40
|
|t:|1607866054
|move|p1a: PRETTY BOY|Drain Punch|p2a: Azumarill
|-resisted|p2a: Azumarill
|-damage|p2a: Azumarill|0 fnt
|-heal|p1a: PRETTY BOY|42/100|[from] drain|[of] p2a: Azumarill
|faint|p2a: Azumarill
|-ability|p1a: PRETTY BOY|Beast Boost|boost
|-boost|p1a: PRETTY BOY|def|1
|
|upkeep
|-message|vagmak forfeited.
|
|win|Rencube
|l|☆vagmak
|c|☆Rencube|ggs
|l| K. Rokossovsky
|raw|Rencube's rating: 1809 &rarr; <strong>1826</strong><br />(+17 for winning)
|raw|vagmak's rating: 1761 &rarr; <strong>1743</strong><br />(-18 for losing)
