|j|☆Geenobe
|j|☆CokoiZ
|t:|1663238496
|gametype|singles
|player|p1|Geenobe|266|1468
|player|p2|CokoiZ|dawn|1404
|teamsize|p1|6
|teamsize|p2|6
|gen|8
|tier|[Gen 8] OU
|rated|
|rule|Sleep Clause Mod: Limit one foe put to sleep
|rule|Species Clause: Limit one of each Pokémon
|rule|OHKO Clause: OHKO moves are banned
|rule|Evasion Items Clause: Evasion items are banned
|rule|Evasion Moves Clause: Evasion moves are banned
|rule|Endless Battle Clause: Forcing endless battles is banned
|rule|HP Percentage Mod: HP is shown in percentages
|rule|Dynamax Clause: You cannot dynamax
|clearpoke
|poke|p1|Pelipper, M|
|poke|p1|Barraskewda, M|
|poke|p1|Regieleki|
|poke|p1|Tapu Lele|
|poke|p1|Landorus-Therian, M|
|poke|p1|Ferrothorn, M|
|poke|p2|Salazzle, F|
|poke|p2|Melmetal|
|poke|p2|Bisharp, M|
|poke|p2|Pelipper, F|
|poke|p2|Barraskewda, F|
|poke|p2|Garchomp, M|
|teampreview
|inactive|Battle timer is ON: inactive players will automatically lose when time's up. (requested by CokoiZ)
|j| weirdbrothers
|
|t:|1663238517
|start
|switch|p1a: Tapu Lele|Tapu Lele|100/100
|switch|p2a: Garchomp|Garchomp, M|100/100
|-fieldstart|move: Psychic Terrain|[from] ability: Psychic Surge|[of] p1a: Tapu Lele
|turn|1
|
|t:|1663238524
|switch|p2a: Melmetal|Melmetal|100/100
|move|p1a: Tapu Lele|Moonblast|p2a: Melmetal
|-resisted|p2a: Melmetal
|-damage|p2a: Melmetal|75/100
|
|-heal|p2a: Melmetal|82/100|[from] item: Leftovers
|upkeep
|turn|2
|
|t:|1663238532
|switch|p1a: Ferrothorn|Ferrothorn, M|100/100
|move|p2a: Melmetal|Toxic|p1a: Ferrothorn
|-immune|p1a: Ferrothorn
|
|-heal|p2a: Melmetal|88/100|[from] item: Leftovers
|upkeep
|turn|3
|
|t:|1663238543
|switch|p2a: Garchomp|Garchomp, M|100/100
|move|p1a: Ferrothorn|Knock Off|p2a: Garchomp
|-damage|p2a: Garchomp|83/100
|-damage|p1a: Ferrothorn|88/100|[from] ability: Rough Skin|[of] p2a: Garchomp
|-damage|p1a: Ferrothorn|72/100|[from] item: Rocky Helmet|[of] p2a: Garchomp
|-enditem|p2a: Garchomp|Rocky Helmet|[from] move: Knock Off|[of] p1a: Ferrothorn
|
|-heal|p1a: Ferrothorn|78/100|[from] item: Leftovers
|upkeep
|turn|4
|
|t:|1663238555
|switch|p1a: Pelipper|Pelipper, M|100/100
|-weather|RainDance|[from] ability: Drizzle|[of] p1a: Pelipper
|move|p2a: Garchomp|Stealth Rock|p1a: Pelipper
|-sidestart|p1: Geenobe|move: Stealth Rock
|
|-weather|RainDance|[upkeep]
|upkeep
|turn|5
|
|t:|1663238562
|move|p2a: Garchomp|Toxic|p1a: Pelipper
|-status|p1a: Pelipper|tox
|move|p1a: Pelipper|Weather Ball|p2a: Garchomp
|-damage|p2a: Garchomp|0 fnt
|faint|p2a: Garchomp
|
|-weather|RainDance|[upkeep]
|-damage|p1a: Pelipper|94/100 tox|[from] psn
|-fieldend|move: Psychic Terrain
|upkeep
|
|t:|1663238570
|switch|p2a: Salazzle|Salazzle, F|100/100
|turn|6
|
|t:|1663238575
|move|p2a: Salazzle|Protect|p2a: Salazzle
|-singleturn|p2a: Salazzle|Protect
|move|p1a: Pelipper|Weather Ball|p2a: Salazzle
|-activate|p2a: Salazzle|move: Protect
|
|-weather|RainDance|[upkeep]
|-damage|p1a: Pelipper|82/100 tox|[from] psn
|upkeep
|turn|7
|
|t:|1663238581
|move|p2a: Salazzle|Substitute|p2a: Salazzle
|-start|p2a: Salazzle|Substitute
|-damage|p2a: Salazzle|76/100
|move|p1a: Pelipper|Weather Ball|p2a: Salazzle
|-supereffective|p2a: Salazzle
|-end|p2a: Salazzle|Substitute
|
|-weather|RainDance|[upkeep]
|-heal|p2a: Salazzle|82/100|[from] item: Leftovers
|-damage|p1a: Pelipper|64/100 tox|[from] psn
|upkeep
|turn|8
|
|t:|1663238588
|switch|p1a: Barraskewda|Barraskewda, M|100/100
|-damage|p1a: Barraskewda|88/100|[from] Stealth Rock
|move|p2a: Salazzle|Substitute|p2a: Salazzle
|-start|p2a: Salazzle|Substitute
|-damage|p2a: Salazzle|57/100
|
|-weather|none
|-heal|p2a: Salazzle|63/100|[from] item: Leftovers
|upkeep
|turn|9
|
|t:|1663238595
|move|p2a: Salazzle|Protect|p2a: Salazzle
|-singleturn|p2a: Salazzle|Protect
|move|p1a: Barraskewda|Flip Turn|p2a: Salazzle
|-activate|p2a: Salazzle|move: Protect
|
|-heal|p2a: Salazzle|69/100|[from] item: Leftovers
|upkeep
|turn|10
|
|t:|1663238602
|move|p1a: Barraskewda|Flip Turn|p2a: Salazzle
|-supereffective|p2a: Salazzle
|-end|p2a: Salazzle|Substitute
|
|t:|1663238609
|switch|p1a: Landorus|Landorus-Therian, M|100/100|[from]move: Flip Turn
|-damage|p1a: Landorus|88/100|[from] Stealth Rock
|-ability|p1a: Landorus|Intimidate|boost
|-unboost|p2a: Salazzle|atk|1
|move|p2a: Salazzle|Sludge Wave|p1a: Landorus
|-resisted|p1a: Landorus
|-damage|p1a: Landorus|74/100
|
|-heal|p2a: Salazzle|76/100|[from] item: Leftovers
|-heal|p1a: Landorus|80/100|[from] item: Leftovers
|upkeep
|turn|11
|
|t:|1663238616
|switch|p2a: Pelipper|Pelipper, F|100/100
|-weather|RainDance|[from] ability: Drizzle|[of] p2a: Pelipper
|move|p1a: Landorus|Earthquake|p2a: Pelipper
|-immune|p2a: Pelipper
|
|-weather|RainDance|[upkeep]
|-heal|p1a: Landorus|86/100|[from] item: Leftovers
|upkeep
|turn|12
|
|t:|1663238626
|switch|p1a: Ferrothorn|Ferrothorn, M|78/100
|-damage|p1a: Ferrothorn|72/100|[from] Stealth Rock
|move|p2a: Pelipper|U-turn|p1a: Ferrothorn
|-damage|p1a: Ferrothorn|65/100
|-damage|p2a: Pelipper|88/100|[from] ability: Iron Barbs|[of] p1a: Ferrothorn
|
|t:|1663238629
|switch|p2a: Salazzle|Salazzle, F|76/100|[from]move: U-turn
|
|-weather|RainDance|[upkeep]
|-heal|p2a: Salazzle|82/100|[from] item: Leftovers
|-heal|p1a: Ferrothorn|71/100|[from] item: Leftovers
|upkeep
|turn|13
|
|t:|1663238640
|switch|p1a: Landorus|Landorus-Therian, M|86/100
|-damage|p1a: Landorus|74/100|[from] Stealth Rock
|-ability|p1a: Landorus|Intimidate|boost
|-unboost|p2a: Salazzle|atk|1
|move|p2a: Salazzle|Toxic|p1a: Landorus
|-status|p1a: Landorus|tox
|
|-weather|RainDance|[upkeep]
|-heal|p2a: Salazzle|88/100|[from] item: Leftovers
|-heal|p1a: Landorus|80/100 tox|[from] item: Leftovers
|-damage|p1a: Landorus|74/100 tox|[from] psn
|upkeep
|turn|14
|
|t:|1663238646
|move|p2a: Salazzle|Protect|p2a: Salazzle
|-singleturn|p2a: Salazzle|Protect
|move|p1a: Landorus|Stealth Rock|p2a: Salazzle
|-sidestart|p2: CokoiZ|move: Stealth Rock
|
|-weather|RainDance|[upkeep]
|-heal|p2a: Salazzle|94/100|[from] item: Leftovers
|-heal|p1a: Landorus|80/100 tox|[from] item: Leftovers
|-damage|p1a: Landorus|68/100 tox|[from] psn
|upkeep
|turn|15
|
|t:|1663238656
|switch|p1a: Barraskewda|Barraskewda, M|88/100
|-damage|p1a: Barraskewda|76/100|[from] Stealth Rock
|move|p2a: Salazzle|Substitute|p2a: Salazzle
|-start|p2a: Salazzle|Substitute
|-damage|p2a: Salazzle|69/100
|
|-weather|none
|-heal|p2a: Salazzle|76/100|[from] item: Leftovers
|upkeep
|turn|16
|
|t:|1663238665
|move|p2a: Salazzle|Protect|p2a: Salazzle
|-singleturn|p2a: Salazzle|Protect
|move|p1a: Barraskewda|Flip Turn|p2a: Salazzle
|-activate|p2a: Salazzle|move: Protect
|
|-heal|p2a: Salazzle|82/100|[from] item: Leftovers
|upkeep
|turn|17
|
|t:|1663238671
|move|p1a: Barraskewda|Flip Turn|p2a: Salazzle
|-supereffective|p2a: Salazzle
|-end|p2a: Salazzle|Substitute
|
|t:|1663238689
|switch|p1a: Regieleki|Regieleki|100/100|[from]move: Flip Turn
|move|p2a: Salazzle|Sludge Wave|p1a: Regieleki
|-damage|p1a: Regieleki|35/100
|
|-heal|p2a: Salazzle|88/100|[from] item: Leftovers
|upkeep
|turn|18
|
|t:|1663238699
|move|p2a: Salazzle|Protect|p2a: Salazzle
|-singleturn|p2a: Salazzle|Protect
|move|p1a: Regieleki|Volt Switch|p2a: Salazzle
|-activate|p2a: Salazzle|move: Protect
|
|-heal|p2a: Salazzle|94/100|[from] item: Leftovers
|upkeep
|turn|19
|
|t:|1663238710
|switch|p2a: Bisharp|Bisharp, M|100/100
|-damage|p2a: Bisharp|94/100|[from] Stealth Rock
|move|p1a: Regieleki|Volt Switch|p2a: Bisharp
|-damage|p2a: Bisharp|20/100
|
|t:|1663238717
|switch|p1a: Tapu Lele|Tapu Lele|100/100|[from]move: Volt Switch
|-damage|p1a: Tapu Lele|88/100|[from] Stealth Rock
|-fieldstart|move: Psychic Terrain|[from] ability: Psychic Surge|[of] p1a: Tapu Lele
|
|upkeep
|turn|20
|
|t:|1663238723
|move|p2a: Bisharp|Protect|p2a: Bisharp
|-singleturn|p2a: Bisharp|Protect
|move|p1a: Tapu Lele|Moonblast|p2a: Bisharp
|-activate|p2a: Bisharp|move: Protect
|
|upkeep
|turn|21
|
|t:|1663238728
|switch|p2a: Melmetal|Melmetal|88/100
|-damage|p2a: Melmetal|82/100|[from] Stealth Rock
|move|p1a: Tapu Lele|Moonblast|p2a: Melmetal
|-resisted|p2a: Melmetal
|-damage|p2a: Melmetal|59/100
|
|-heal|p2a: Melmetal|66/100|[from] item: Leftovers
|upkeep
|turn|22
|
|t:|1663238740
|switch|p1a: Landorus|Landorus-Therian, M|68/100 tox
|-damage|p1a: Landorus|55/100 tox|[from] Stealth Rock
|-ability|p1a: Landorus|Intimidate|boost
|-unboost|p2a: Melmetal|atk|1
|move|p2a: Melmetal|Double Iron Bash|p1a: Landorus
|-damage|p1a: Landorus|28/100 tox
|-damage|p1a: Landorus|1/100 tox
|-hitcount|p1a: Landorus|2
|
|-heal|p1a: Landorus|7/100 tox|[from] item: Leftovers
|-heal|p2a: Melmetal|72/100|[from] item: Leftovers
|-damage|p1a: Landorus|1/100 tox|[from] psn
|upkeep
|turn|23
|
|t:|1663238748
|move|p2a: Melmetal|Protect|p2a: Melmetal
|-singleturn|p2a: Melmetal|Protect
|move|p1a: Landorus|Toxic|p2a: Melmetal
|-activate|p2a: Melmetal|move: Protect
|
|-heal|p1a: Landorus|7/100 tox|[from] item: Leftovers
|-heal|p2a: Melmetal|78/100|[from] item: Leftovers
|-damage|p1a: Landorus|0 fnt|[from] psn
|faint|p1a: Landorus
|-fieldend|move: Psychic Terrain
|upkeep
|
|t:|1663238756
|switch|p1a: Regieleki|Regieleki|35/100
|turn|24
|
|t:|1663238767
|switch|p2a: Pelipper|Pelipper, F|88/100
|-weather|RainDance|[from] ability: Drizzle|[of] p2a: Pelipper
|move|p1a: Regieleki|Electro Ball|p2a: Pelipper
|-supereffective|p2a: Pelipper
|-damage|p2a: Pelipper|0 fnt
|faint|p2a: Pelipper
|
|-weather|RainDance|[upkeep]
|upkeep
|
|t:|1663238769
|switch|p2a: Barraskewda|Barraskewda, F|100/100
|-damage|p2a: Barraskewda|88/100|[from] Stealth Rock
|turn|25
|
|t:|1663238776
|switch|p1a: Pelipper|Pelipper, M|64/100 tox
|-damage|p1a: Pelipper|39/100 tox|[from] Stealth Rock
|move|p2a: Barraskewda|Flip Turn|p1a: Pelipper
|-resisted|p1a: Pelipper
|-damage|p1a: Pelipper|0 fnt
|faint|p1a: Pelipper
|
|t:|1663238783
|switch|p2a: Bisharp|Bisharp, M|20/100|[from]move: Flip Turn
|-damage|p2a: Bisharp|14/100|[from] Stealth Rock
|
|-weather|RainDance|[upkeep]
|upkeep
|
|t:|1663238790
|switch|p1a: Tapu Lele|Tapu Lele|88/100
|-damage|p1a: Tapu Lele|76/100|[from] Stealth Rock
|-fieldstart|move: Psychic Terrain|[from] ability: Psychic Surge|[of] p1a: Tapu Lele
|turn|26
|
|t:|1663238795
|move|p2a: Bisharp|Protect|p2a: Bisharp
|-singleturn|p2a: Bisharp|Protect
|move|p1a: Tapu Lele|Thunder|p2a: Bisharp
|-activate|p2a: Bisharp|move: Protect
|
|-weather|RainDance|[upkeep]
|upkeep
|turn|27
|
|t:|1663238809
|switch|p2a: Melmetal|Melmetal|78/100
|-damage|p2a: Melmetal|72/100|[from] Stealth Rock
|move|p1a: Tapu Lele|Thunder|p2a: Melmetal
|-damage|p2a: Melmetal|35/100
|
|-weather|RainDance|[upkeep]
|-heal|p2a: Melmetal|41/100|[from] item: Leftovers
|upkeep
|turn|28
|
|t:|1663238823
|switch|p1a: Ferrothorn|Ferrothorn, M|71/100
|-damage|p1a: Ferrothorn|65/100|[from] Stealth Rock
|move|p2a: Melmetal|Double Iron Bash|p1a: Ferrothorn
|-resisted|p1a: Ferrothorn
|-damage|p1a: Ferrothorn|50/100
|-damage|p2a: Melmetal|29/100|[from] ability: Iron Barbs|[of] p1a: Ferrothorn
|-resisted|p1a: Ferrothorn
|-damage|p1a: Ferrothorn|35/100
|-damage|p2a: Melmetal|16/100|[from] ability: Iron Barbs|[of] p1a: Ferrothorn
|-hitcount|p1a: Ferrothorn|2
|
|-weather|none
|-heal|p1a: Ferrothorn|41/100|[from] item: Leftovers
|-heal|p2a: Melmetal|22/100|[from] item: Leftovers
|upkeep
|turn|29
|
|t:|1663238829
|move|p1a: Ferrothorn|Leech Seed|p2a: Melmetal
|-start|p2a: Melmetal|move: Leech Seed
|move|p2a: Melmetal|Double Iron Bash|p1a: Ferrothorn
|-resisted|p1a: Ferrothorn
|-crit|p1a: Ferrothorn
|-damage|p1a: Ferrothorn|16/100
|-damage|p2a: Melmetal|10/100|[from] ability: Iron Barbs|[of] p1a: Ferrothorn
|-resisted|p1a: Ferrothorn
|-damage|p1a: Ferrothorn|1/100
|-damage|p2a: Melmetal|0 fnt|[from] ability: Iron Barbs|[of] p1a: Ferrothorn
|faint|p2a: Melmetal
|-hitcount|p1a: Ferrothorn|2
|
|-heal|p1a: Ferrothorn|7/100|[from] item: Leftovers
|upkeep
|
|t:|1663238832
|switch|p2a: Salazzle|Salazzle, F|94/100
|-damage|p2a: Salazzle|69/100|[from] Stealth Rock
|turn|30
|
|t:|1663238847
|move|p2a: Salazzle|Toxic|p1a: Ferrothorn
|-status|p1a: Ferrothorn|tox
|move|p1a: Ferrothorn|Spikes|p2a: Salazzle
|-sidestart|p2: CokoiZ|Spikes
|
|-heal|p2a: Salazzle|76/100|[from] item: Leftovers
|-heal|p1a: Ferrothorn|13/100 tox|[from] item: Leftovers
|-damage|p1a: Ferrothorn|7/100 tox|[from] psn
|-fieldend|move: Psychic Terrain
|upkeep
|turn|31
|
|t:|1663238860
|move|p2a: Salazzle|Substitute|p2a: Salazzle
|-start|p2a: Salazzle|Substitute
|-damage|p2a: Salazzle|51/100
|move|p1a: Ferrothorn|Spikes|p2a: Salazzle
|-sidestart|p2: CokoiZ|Spikes
|
|-heal|p2a: Salazzle|57/100|[from] item: Leftovers
|-heal|p1a: Ferrothorn|13/100 tox|[from] item: Leftovers
|-damage|p1a: Ferrothorn|1/100 tox|[from] psn
|upkeep
|turn|32
|
|t:|1663238872
|move|p2a: Salazzle|Protect|p2a: Salazzle
|-singleturn|p2a: Salazzle|Protect
|move|p1a: Ferrothorn|Spikes|p2a: Salazzle
|-sidestart|p2: CokoiZ|Spikes
|
|-heal|p2a: Salazzle|63/100|[from] item: Leftovers
|-heal|p1a: Ferrothorn|7/100 tox|[from] item: Leftovers
|-damage|p1a: Ferrothorn|0 fnt|[from] psn
|faint|p1a: Ferrothorn
|upkeep
|
|t:|1663238886
|switch|p1a: Tapu Lele|Tapu Lele|76/100
|-damage|p1a: Tapu Lele|63/100|[from] Stealth Rock
|-fieldstart|move: Psychic Terrain|[from] ability: Psychic Surge|[of] p1a: Tapu Lele
|turn|33
|
|t:|1663238906
|move|p1a: Tapu Lele|Future Sight|p2a: Salazzle
|-start|p1a: Tapu Lele|move: Future Sight
|move|p2a: Salazzle|Toxic|p1a: Tapu Lele
|-status|p1a: Tapu Lele|tox
|
|-heal|p2a: Salazzle|69/100|[from] item: Leftovers
|-damage|p1a: Tapu Lele|57/100 tox|[from] psn
|upkeep
|turn|34
|
|t:|1663238924
|switch|p1a: Regieleki|Regieleki|35/100
|move|p2a: Salazzle|Sludge Wave|p1a: Regieleki
|-damage|p1a: Regieleki|0 fnt
|faint|p1a: Regieleki
|
|-heal|p2a: Salazzle|76/100|[from] item: Leftovers
|upkeep
|
|t:|1663238928
|switch|p1a: Barraskewda|Barraskewda, M|76/100
|-damage|p1a: Barraskewda|64/100|[from] Stealth Rock
|turn|35
|
|t:|1663238945
|move|p1a: Barraskewda|Flip Turn|p2a: Salazzle
|-supereffective|p2a: Salazzle
|-end|p2a: Salazzle|Substitute
|
|t:|1663238948
|switch|p1a: Tapu Lele|Tapu Lele|57/100 tox|[from]move: Flip Turn
|-damage|p1a: Tapu Lele|45/100 tox|[from] Stealth Rock
|move|p2a: Salazzle|Sludge Wave|p1a: Tapu Lele
|-supereffective|p1a: Tapu Lele
|-damage|p1a: Tapu Lele|0 fnt
|faint|p1a: Tapu Lele
|
|-end|p2a: Salazzle|move: Future Sight
|-supereffective|p2a: Salazzle
|-damage|p2a: Salazzle|0 fnt
|faint|p2a: Salazzle
|upkeep
|
|t:|1663238952
|switch|p2a: Bisharp|Bisharp, M|14/100
|switch|p1a: Barraskewda|Barraskewda, M|64/100
|-damage|p1a: Barraskewda|52/100|[from] Stealth Rock
|-damage|p2a: Bisharp|8/100|[from] Stealth Rock
|-damage|p2a: Bisharp|0 fnt|[from] Spikes
|faint|p2a: Bisharp
|
|t:|1663238956
|switch|p2a: Barraskewda|Barraskewda, F|88/100
|-damage|p2a: Barraskewda|76/100|[from] Stealth Rock
|-damage|p2a: Barraskewda|51/100|[from] Spikes
|turn|36
|
|t:|1663238960
|move|p2a: Barraskewda|Close Combat|p1a: Barraskewda
|-damage|p1a: Barraskewda|0 fnt
|-unboost|p2a: Barraskewda|def|1
|-unboost|p2a: Barraskewda|spd|1
|faint|p1a: Barraskewda
|
|win|CokoiZ
|raw|Geenobe's rating: 1468 &rarr; <strong>1444</strong><br />(-24 for losing)
|raw|CokoiZ's rating: 1404 &rarr; <strong>1428</strong><br />(+24 for winning)
