|j|☆Run For Me Plz
|j|☆Fusien ❀
|t:|1646630116
|gametype|singles
|player|p1|Run For Me Plz|grimsley-gen7|1648
|player|p2|Fusien ❀|yellow|1921
|teamsize|p1|6
|teamsize|p2|6
|gen|8
|tier|[Gen 8] OU
|rated|
|rule|Sleep Clause Mod: Limit one foe put to sleep
|rule|Species Clause: Limit one of each Pokémon
|rule|OHKO Clause: OHKO moves are banned
|rule|Evasion Moves Clause: Evasion moves are banned
|rule|Endless Battle Clause: Forcing endless battles is banned
|rule|HP Percentage Mod: HP is shown in percentages
|rule|Dynamax Clause: You cannot dynamax
|clearpoke
|poke|p1|Melmetal|
|poke|p1|Umbreon, F|
|poke|p1|Urshifu-*, M|
|poke|p1|Landorus-Therian, M|
|poke|p1|Slowbro, F|
|poke|p1|Ferrothorn, F|
|poke|p2|Zeraora|
|poke|p2|Urshifu-*, F|
|poke|p2|Tapu Lele|
|poke|p2|Slowbro, M|
|poke|p2|Melmetal|
|poke|p2|Landorus-Therian, M|
|teampreview
|inactive|Battle timer is ON: inactive players will automatically lose when time's up. (requested by Fusien ❀)
|c|☆Fusien ❀|Hf
|
|t:|1646630137
|start
|switch|p1a: Urshifu|Urshifu-Rapid-Strike, M|100/100
|switch|p2a: Fey|Tapu Lele|100/100
|-fieldstart|move: Psychic Terrain|[from] ability: Psychic Surge|[of] p2a: Fey
|turn|1
|
|t:|1646630145
|switch|p1a: Ferrothorn|Ferrothorn, F|100/100
|switch|p2a: Joseph|Slowbro, M|100/100
|
|upkeep
|turn|2
|
|t:|1646630150
|move|p1a: Ferrothorn|Stealth Rock|p2a: Joseph
|-sidestart|p2: Fusien ❀|move: Stealth Rock
|move|p2a: Joseph|Scald|p1a: Ferrothorn
|-resisted|p1a: Ferrothorn
|-damage|p1a: Ferrothorn|92/100
|
|upkeep
|turn|3
|
|t:|1646630155
|move|p1a: Ferrothorn|Knock Off|p2a: Joseph
|-supereffective|p2a: Joseph
|-damage|p2a: Joseph|76/100
|-damage|p1a: Ferrothorn|76/100|[from] item: Rocky Helmet|[of] p2a: Joseph
|-enditem|p2a: Joseph|Rocky Helmet|[from] move: Knock Off|[of] p1a: Ferrothorn
|move|p2a: Joseph|Scald|p1a: Ferrothorn
|-resisted|p1a: Ferrothorn
|-damage|p1a: Ferrothorn|67/100
|-status|p1a: Ferrothorn|brn
|
|-damage|p1a: Ferrothorn|61/100 brn|[from] brn
|upkeep
|turn|4
|
|t:|1646630157
|move|p1a: Ferrothorn|Leech Seed|p2a: Joseph
|-start|p2a: Joseph|move: Leech Seed
|move|p2a: Joseph|Teleport|p2a: Joseph
|
|t:|1646630160
|switch|p2a: Tides|Urshifu-Rapid-Strike, F|100/100|[from]move: Teleport
|-damage|p2a: Tides|94/100|[from] Stealth Rock
|
|-damage|p1a: Ferrothorn|54/100 brn|[from] brn
|upkeep
|turn|5
|
|t:|1646630162
|switch|p1a: Slowbro|Slowbro, F|100/100
|move|p2a: Tides|U-turn|p1a: Slowbro
|-supereffective|p1a: Slowbro
|-damage|p1a: Slowbro|60/100
|
|t:|1646630165
|switch|p2a: Golden|Zeraora|100/100|[from]move: U-turn
|-damage|p2a: Golden|88/100|[from] Stealth Rock
|
|-fieldend|move: Psychic Terrain
|upkeep
|turn|6
|
|t:|1646630168
|switch|p1a: Landorus|Landorus-Therian, M|100/100
|-ability|p1a: Landorus|Intimidate|boost
|-unboost|p2a: Golden|atk|1
|move|p2a: Golden|Knock Off|p1a: Landorus
|-damage|p1a: Landorus|69/100
|-enditem|p1a: Landorus|Leftovers|[from] move: Knock Off|[of] p2a: Golden
|
|upkeep
|turn|7
|
|t:|1646630172
|switch|p2a: Lando|Landorus-Therian, M|100/100
|-damage|p2a: Lando|88/100|[from] Stealth Rock
|-ability|p2a: Lando|Intimidate|boost
|-unboost|p1a: Landorus|atk|1
|move|p1a: Landorus|U-turn|p2a: Lando
|-resisted|p2a: Lando
|-damage|p2a: Lando|81/100
|
|t:|1646630179
|switch|p1a: Urshifu|Urshifu-Rapid-Strike, M|100/100|[from]move: U-turn
|
|-heal|p2a: Lando|87/100|[from] item: Leftovers
|upkeep
|turn|8
|
|t:|1646630183
|switch|p2a: Joseph|Slowbro, M|100/100
|-damage|p2a: Joseph|88/100|[from] Stealth Rock
|move|p1a: Urshifu|U-turn|p2a: Joseph
|-supereffective|p2a: Joseph
|-damage|p2a: Joseph|48/100
|
|t:|1646630187
|switch|p1a: Melmetal|Melmetal|100/100|[from]move: U-turn
|
|upkeep
|turn|9
|
|t:|1646630190
|switch|p2a: Lando|Landorus-Therian, M|87/100
|-damage|p2a: Lando|75/100|[from] Stealth Rock
|-ability|p2a: Lando|Intimidate|boost
|-unboost|p1a: Melmetal|atk|1
|move|p1a: Melmetal|Double Iron Bash|p2a: Lando
|-damage|p2a: Lando|45/100
|-damage|p2a: Lando|18/100
|-hitcount|p2a: Lando|2
|
|-heal|p2a: Lando|24/100|[from] item: Leftovers
|upkeep
|turn|10
|
|t:|1646630196
|switch|p1a: Landorus|Landorus-Therian, M|69/100
|-ability|p1a: Landorus|Intimidate|boost
|-unboost|p2a: Lando|atk|1
|move|p2a: Lando|Defog|p1a: Landorus
|-unboost|p1a: Landorus|evasion|1
|-sideend|p2: Fusien ❀|Stealth Rock|[from] move: Defog|[of] p2a: Lando
|
|-heal|p2a: Lando|30/100|[from] item: Leftovers
|upkeep
|turn|11
|
|t:|1646630199
|move|p1a: Landorus|U-turn|p2a: Lando
|-resisted|p2a: Lando
|-damage|p2a: Lando|20/100
|
|t:|1646630202
|switch|p1a: Ferrothorn|Ferrothorn, F|54/100 brn|[from]move: U-turn
|move|p2a: Lando|U-turn|p1a: Ferrothorn
|-damage|p1a: Ferrothorn|43/100 brn
|-damage|p2a: Lando|7/100|[from] ability: Iron Barbs|[of] p1a: Ferrothorn
|-damage|p2a: Lando|0 fnt|[from] item: Rocky Helmet|[of] p1a: Ferrothorn
|faint|p2a: Lando
|
|-damage|p1a: Ferrothorn|37/100 brn|[from] brn
|upkeep
|
|t:|1646630209
|switch|p2a: Fey|Tapu Lele|100/100
|-fieldstart|move: Psychic Terrain|[from] ability: Psychic Surge|[of] p2a: Fey
|turn|12
|
|t:|1646630213
|switch|p1a: Melmetal|Melmetal|100/100
|move|p2a: Fey|Focus Blast|p1a: Melmetal
|-supereffective|p1a: Melmetal
|-damage|p1a: Melmetal|0 fnt
|faint|p1a: Melmetal
|-damage|p2a: Fey|91/100|[from] item: Life Orb
|
|upkeep
|
|t:|1646630216
|switch|p1a: Urshifu|Urshifu-Rapid-Strike, M|100/100
|turn|13
|
|t:|1646630218
|switch|p2a: Joseph|Slowbro, M|81/100
|move|p1a: Urshifu|U-turn|p2a: Joseph
|-supereffective|p2a: Joseph
|-damage|p2a: Joseph|36/100
|
|t:|1646630223
|switch|p1a: Umbreon|Umbreon, F, shiny|100/100|[from]move: U-turn
|
|upkeep
|turn|14
|j| DA COME UP ♛
|
|t:|1646630229
|switch|p2a: Tides|Urshifu-Rapid-Strike, F|94/100
|move|p1a: Umbreon|Heal Bell|p1a: Umbreon
|-activate|p1a: Umbreon|move: Heal Bell
|-curestatus|p1: Ferrothorn|brn|[msg]
|
|upkeep
|turn|15
|
|t:|1646630232
|move|p2a: Tides|U-turn|p1a: Umbreon
|-supereffective|p1a: Umbreon
|-crit|p1a: Umbreon
|-damage|p1a: Umbreon|34/100
|
|t:|1646630235
|switch|p2a: Fey|Tapu Lele|91/100|[from]move: U-turn
|move|p1a: Umbreon|Wish|p1a: Umbreon
|
|-heal|p1a: Umbreon|40/100|[from] item: Leftovers
|upkeep
|turn|16
|
|t:|1646630237
|move|p1a: Umbreon|Protect|p1a: Umbreon
|-singleturn|p1a: Umbreon|Protect
|move|p2a: Fey|Calm Mind|p2a: Fey
|-boost|p2a: Fey|spa|1
|-boost|p2a: Fey|spd|1
|
|-heal|p1a: Umbreon|90/100|[from] move: Wish|[wisher] Umbreon
|-heal|p1a: Umbreon|96/100|[from] item: Leftovers
|-fieldend|move: Psychic Terrain
|upkeep
|turn|17
|
|t:|1646630244
|switch|p1a: Urshifu|Urshifu-Rapid-Strike, M|100/100
|move|p2a: Fey|Moonblast|p1a: Urshifu
|-supereffective|p1a: Urshifu
|-damage|p1a: Urshifu|0 fnt
|faint|p1a: Urshifu
|-damage|p2a: Fey|81/100|[from] item: Life Orb
|
|upkeep
|-message|Run For Me Plz forfeited.
|
|win|Fusien ❀
|raw|Run For Me Plz's rating: 1648 &rarr; <strong>1641</strong><br />(-7 for losing)
|raw|Fusien ❀'s rating: 1921 &rarr; <strong>1928</strong><br />(+7 for winning)
|l|☆Run For Me Plz
|l| DA COME UP ♛
|c|☆Fusien ❀|Gg
