|j|☆Steez Ibanez
|j|☆Delibird Heart
|t:|1652178227
|gametype|singles
|player|p1|Steez Ibanez|blue-gen1rbchampion|1785
|player|p2|Delibird Heart|koga-gen1|1811
|teamsize|p1|6
|teamsize|p2|6
|gen|8
|tier|[Gen 8] OU
|rated|
|rule|Sleep Clause Mod: Limit one foe put to sleep
|rule|Species Clause: Limit one of each Pokémon
|rule|OHKO Clause: OHKO moves are banned
|rule|Evasion Moves Clause: Evasion moves are banned
|rule|Endless Battle Clause: Forcing endless battles is banned
|rule|HP Percentage Mod: HP is shown in percentages
|rule|Dynamax Clause: You cannot dynamax
|clearpoke
|poke|p1|Zeraora|
|poke|p1|Clefable, M|
|poke|p1|Zapdos-Galar|
|poke|p1|Heatran, M|
|poke|p1|Dragapult, M|
|poke|p1|Ferrothorn, M|
|poke|p2|Dragapult, F|
|poke|p2|Hippowdon, F|
|poke|p2|Zapdos|
|poke|p2|Clefable, F|
|poke|p2|Porygon-Z|
|poke|p2|Urshifu-*, M|
|teampreview
|
|t:|1652178251
|start
|switch|p1a: Majinn|Clefable, M|100/100
|switch|p2a: Urshifu|Urshifu-Rapid-Strike, M|100/100
|turn|1
|
|t:|1652178261
|move|p2a: Urshifu|U-turn|p1a: Majinn
|-resisted|p1a: Majinn
|-damage|p1a: Majinn|90/100
|-damage|p2a: Urshifu|84/100|[from] item: Rocky Helmet|[of] p1a: Majinn
|
|t:|1652178263
|switch|p2a: Clefable|Clefable, F|100/100|[from]move: U-turn
|move|p1a: Majinn|Thunder Wave|p2a: Clefable
|-status|p2a: Clefable|par
|
|upkeep
|turn|2
|inactive|Battle timer is ON: inactive players will automatically lose when time's up. (requested by Delibird Heart)
|
|t:|1652178289
|move|p1a: Majinn|Knock Off|p2a: Clefable
|-resisted|p2a: Clefable
|-damage|p2a: Clefable|92/100 par
|-enditem|p2a: Clefable|Leftovers|[from] move: Knock Off|[of] p1a: Majinn
|cant|p2a: Clefable|par
|
|upkeep
|turn|3
|
|t:|1652178293
|move|p1a: Majinn|Moonblast|p2a: Clefable
|-damage|p2a: Clefable|72/100 par
|-unboost|p2a: Clefable|spa|1
|cant|p2a: Clefable|par
|
|upkeep
|turn|4
|inactive|Steez Ibanez has 120 seconds left.
|
|t:|1652178331
|move|p1a: Majinn|Moonblast|p2a: Clefable
|-damage|p2a: Clefable|49/100 par
|move|p2a: Clefable|Thunder Wave|p1a: Majinn
|-status|p1a: Majinn|par
|
|upkeep
|turn|5
|
|t:|1652178343
|switch|p1a: Hephaestus|Heatran, M|100/100
|-item|p1a: Hephaestus|Air Balloon
|move|p2a: Clefable|Moonlight|p2a: Clefable
|-heal|p2a: Clefable|99/100 par
|
|upkeep
|turn|6
|inactive|Steez Ibanez has 120 seconds left.
|inactive|Steez Ibanez has 90 seconds left.
|
|t:|1652178397
|move|p1a: Hephaestus|Eruption|p2a: Clefable
|-damage|p2a: Clefable|46/100 par
|cant|p2a: Clefable|par
|
|upkeep
|turn|7
|c|☆Delibird Heart|damn 3 out of 4 huh
|c|☆Delibird Heart|nice
|inactive|Delibird Heart has 120 seconds left.
|
|t:|1652178414
|switch|p2a: Urshifu|Urshifu-Rapid-Strike, M|84/100
|move|p1a: Hephaestus|Eruption|p2a: Urshifu
|-resisted|p2a: Urshifu
|-damage|p2a: Urshifu|23/100
|
|upkeep
|turn|8
|inactive|Delibird Heart has 120 seconds left.
|
|t:|1652178427
|switch|p1a: Majinn|Clefable, M|90/100 par
|move|p2a: Urshifu|U-turn|p1a: Majinn
|-resisted|p1a: Majinn
|-crit|p1a: Majinn
|-damage|p1a: Majinn|73/100 par
|-damage|p2a: Urshifu|6/100|[from] item: Rocky Helmet|[of] p1a: Majinn
|
|t:|1652178430
|switch|p2a: Clefable|Clefable, F|46/100 par|[from]move: U-turn
|
|upkeep
|turn|9
|
|t:|1652178435
|switch|p1a: Abomination|Ferrothorn, M|100/100
|move|p2a: Clefable|Moonlight|p2a: Clefable
|-heal|p2a: Clefable|96/100 par
|
|upkeep
|turn|10
|
|t:|1652178442
|switch|p2a: Urshifu|Urshifu-Rapid-Strike, M|6/100
|move|p1a: Abomination|Spikes|p2a: Urshifu
|-sidestart|p2: Delibird Heart|Spikes
|
|upkeep
|turn|11
|inactive|Steez Ibanez has 120 seconds left.
|
|t:|1652178458
|move|p2a: Urshifu|Close Combat|p1a: Abomination
|-supereffective|p1a: Abomination
|-damage|p1a: Abomination|20/100
|-unboost|p2a: Urshifu|def|1
|-unboost|p2a: Urshifu|spd|1
|-damage|p2a: Urshifu|0 fnt|[from] ability: Iron Barbs|[of] p1a: Abomination
|faint|p2a: Urshifu
|move|p1a: Abomination|Spikes|p2: Urshifu
|-sidestart|p2: Delibird Heart|Spikes
|
|upkeep
|
|t:|1652178464
|switch|p2a: Zapdos|Zapdos|100/100
|turn|12
|
|t:|1652178471
|move|p2a: Zapdos|Defog|p1a: Abomination
|-unboost|p1a: Abomination|evasion|1
|-sideend|p2: Delibird Heart|Spikes|[from] move: Defog|[of] p2a: Zapdos
|move|p1a: Abomination|Leech Seed|p2a: Zapdos
|-start|p2a: Zapdos|move: Leech Seed
|
|-damage|p2a: Zapdos|88/100|[from] Leech Seed|[of] p1a: Abomination
|-heal|p1a: Abomination|34/100|[silent]
|upkeep
|turn|13
|inactive|Steez Ibanez has 120 seconds left.
|
|t:|1652178515
|switch|p1a: Hephaestus|Heatran, M|100/100
|-item|p1a: Hephaestus|Air Balloon
|move|p2a: Zapdos|Volt Switch|p1a: Hephaestus
|-damage|p1a: Hephaestus|71/100
|-enditem|p1a: Hephaestus|Air Balloon
|j| Jdujudusu
|
|t:|1652178524
|switch|p2a: Dragapult|Dragapult, F|100/100|[from]move: Volt Switch
|
|upkeep
|turn|14
|
|t:|1652178527
|move|p2a: Dragapult|Shadow Ball|p1a: Hephaestus
|-damage|p1a: Hephaestus|9/100
|move|p1a: Hephaestus|Stealth Rock|p2a: Dragapult
|-sidestart|p2: Delibird Heart|move: Stealth Rock
|
|upkeep
|turn|15
|
|t:|1652178531
|move|p2a: Dragapult|Shadow Ball|p1a: Hephaestus
|-damage|p1a: Hephaestus|0 fnt
|faint|p1a: Hephaestus
|
|upkeep
|
|t:|1652178534
|switch|p1a: Zeraora|Zeraora|100/100
|turn|16
|
|t:|1652178538
|switch|p2a: Hippowdon|Hippowdon, F|100/100
|-damage|p2a: Hippowdon|94/100|[from] Stealth Rock
|-weather|Sandstorm|[from] ability: Sand Stream|[of] p2a: Hippowdon
|move|p1a: Zeraora|Knock Off|p2a: Hippowdon
|-damage|p2a: Hippowdon|78/100
|-enditem|p2a: Hippowdon|Leftovers|[from] move: Knock Off|[of] p1a: Zeraora
|
|-weather|Sandstorm|[upkeep]
|-damage|p1a: Zeraora|95/100|[from] Sandstorm
|upkeep
|turn|17
|
|t:|1652178549
|switch|p1a: Abomination|Ferrothorn, M|34/100
|move|p2a: Hippowdon|Stealth Rock|p1a: Abomination
|-sidestart|p1: Steez Ibanez|move: Stealth Rock
|
|-weather|Sandstorm|[upkeep]
|upkeep
|turn|18
|
|t:|1652178554
|move|p2a: Hippowdon|Earthquake|p1a: Abomination
|-damage|p1a: Abomination|10/100
|move|p1a: Abomination|Leech Seed|p2a: Hippowdon
|-start|p2a: Hippowdon|move: Leech Seed
|
|-weather|Sandstorm|[upkeep]
|-damage|p2a: Hippowdon|66/100|[from] Leech Seed|[of] p1a: Abomination
|-heal|p1a: Abomination|24/100|[silent]
|upkeep
|turn|19
|
|t:|1652178558
|move|p2a: Hippowdon|Slack Off|p2a: Hippowdon
|-heal|p2a: Hippowdon|100/100
|move|p1a: Abomination|Spikes|p2a: Hippowdon
|-sidestart|p2: Delibird Heart|Spikes
|
|-weather|Sandstorm|[upkeep]
|-damage|p2a: Hippowdon|88/100|[from] Leech Seed|[of] p1a: Abomination
|-heal|p1a: Abomination|39/100|[silent]
|upkeep
|turn|20
|
|t:|1652178561
|switch|p2a: Zapdos|Zapdos|88/100
|move|p1a: Abomination|Leech Seed|p2a: Zapdos
|-start|p2a: Zapdos|move: Leech Seed
|
|-weather|none
|-damage|p2a: Zapdos|76/100|[from] Leech Seed|[of] p1a: Abomination
|-heal|p1a: Abomination|53/100|[silent]
|upkeep
|turn|21
|
|t:|1652178568
|move|p2a: Zapdos|Defog|p1a: Abomination
|-unboost|p1a: Abomination|evasion|1
|-sideend|p1: Steez Ibanez|Stealth Rock|[from] move: Defog|[of] p2a: Zapdos
|-sideend|p2: Delibird Heart|Spikes|[from] move: Defog|[of] p2a: Zapdos
|-sideend|p2: Delibird Heart|Stealth Rock|[from] move: Defog|[of] p2a: Zapdos
|move|p1a: Abomination|Knock Off|p2a: Zapdos
|-damage|p2a: Zapdos|62/100
|-enditem|p2a: Zapdos|Heavy-Duty Boots|[from] move: Knock Off|[of] p1a: Abomination
|
|-damage|p2a: Zapdos|49/100|[from] Leech Seed|[of] p1a: Abomination
|-heal|p1a: Abomination|66/100|[silent]
|upkeep
|turn|22
|
|t:|1652178574
|move|p2a: Zapdos|Roost|p2a: Zapdos
|-heal|p2a: Zapdos|99/100
|-singleturn|p2a: Zapdos|move: Roost
|move|p1a: Abomination|Spikes|p2a: Zapdos
|-sidestart|p2: Delibird Heart|Spikes
|
|-damage|p2a: Zapdos|87/100|[from] Leech Seed|[of] p1a: Abomination
|-heal|p1a: Abomination|79/100|[silent]
|upkeep
|turn|23
|
|t:|1652178576
|move|p2a: Zapdos|Heat Wave|p1a: Abomination
|-supereffective|p1a: Abomination
|-damage|p1a: Abomination|0 fnt
|faint|p1a: Abomination
|
|upkeep
|
|t:|1652178582
|switch|p1a: Toothless|Dragapult, M|100/100
|turn|24
|
|t:|1652178593
|move|p1a: Toothless|Dragon Darts|p2a: Zapdos
|-damage|p2a: Zapdos|72/100
|-anim|p1a: Toothless|Dragon Darts|p2a: Zapdos
|-damage|p2a: Zapdos|56/100
|move|p2a: Zapdos|Defog|p1a: Toothless
|-fail|p1a: Toothless|unboost|[from] ability: Clear Body|[of] p1a: Toothless
|-sideend|p2: Delibird Heart|Spikes|[from] move: Defog|[of] p2a: Zapdos
|
|-damage|p2a: Zapdos|44/100|[from] Leech Seed|[of] p1a: Toothless
|upkeep
|turn|25
|
|t:|1652178599
|move|p1a: Toothless|Dragon Darts|p2a: Zapdos
|-damage|p2a: Zapdos|28/100
|-anim|p1a: Toothless|Dragon Darts|p2a: Zapdos
|-damage|p2a: Zapdos|13/100
|move|p2a: Zapdos|Roost|p2a: Zapdos
|-heal|p2a: Zapdos|63/100
|-singleturn|p2a: Zapdos|move: Roost
|
|-damage|p2a: Zapdos|51/100|[from] Leech Seed|[of] p1a: Toothless
|upkeep
|turn|26
|
|t:|1652178603
|switch|p2a: Clefable|Clefable, F|96/100 par
|move|p1a: Toothless|Dragon Darts|p2a: Clefable
|-immune|p2a: Clefable
|
|upkeep
|turn|27
|
|t:|1652178613
|move|p1a: Toothless|Hex|p2a: Clefable
|-damage|p2a: Clefable|62/100 par
|move|p2a: Clefable|Teleport|p2a: Clefable
|inactive|Delibird Heart has 120 seconds left.
|j| vkhss
|j| dragontamerandy
|
|t:|1652178666
|switch|p2a: Hippowdon|Hippowdon, F|88/100|[from]move: Teleport
|-weather|Sandstorm|[from] ability: Sand Stream|[of] p2a: Hippowdon
|
|-weather|Sandstorm|[upkeep]
|-damage|p1a: Toothless|95/100|[from] Sandstorm
|upkeep
|turn|28
|
|t:|1652178670
|move|p1a: Toothless|U-turn|p2a: Hippowdon
|-damage|p2a: Hippowdon|77/100
|
|t:|1652178674
|switch|p1a: Kenny Omega|Zapdos-Galar|100/100|[from]move: U-turn
|move|p2a: Hippowdon|Toxic|p1a: Kenny Omega
|-status|p1a: Kenny Omega|tox
|
|-weather|Sandstorm|[upkeep]
|-damage|p1a: Kenny Omega|94/100 tox|[from] Sandstorm
|-damage|p1a: Kenny Omega|88/100 tox|[from] psn
|upkeep
|turn|29
|c| dragontamerandy|what do yall think of dragons?
|
|t:|1652178676
|move|p1a: Kenny Omega|Brave Bird|p2a: Hippowdon
|-damage|p2a: Hippowdon|28/100
|-damage|p1a: Kenny Omega|67/100 tox|[from] Recoil
|move|p2a: Hippowdon|Slack Off|p2a: Hippowdon
|-heal|p2a: Hippowdon|78/100
|
|-weather|Sandstorm|[upkeep]
|-damage|p1a: Kenny Omega|61/100 tox|[from] Sandstorm
|-damage|p1a: Kenny Omega|48/100 tox|[from] psn
|upkeep
|turn|30
|
|t:|1652178681
|switch|p1a: Majinn|Clefable, M|73/100 par
|move|p2a: Hippowdon|Slack Off|p2a: Hippowdon
|-heal|p2a: Hippowdon|100/100
|
|-weather|Sandstorm|[upkeep]
|upkeep
|turn|31
|
|t:|1652178689
|move|p2a: Hippowdon|Stealth Rock|p1a: Majinn
|-sidestart|p1: Steez Ibanez|move: Stealth Rock
|move|p1a: Majinn|Soft-Boiled|p1a: Majinn
|-heal|p1a: Majinn|100/100 par
|
|-weather|none
|upkeep
|turn|32
|
|t:|1652178698
|switch|p2a: Clefable|Clefable, F|62/100 par
|move|p1a: Majinn|Moonblast|p2a: Clefable
|-damage|p2a: Clefable|42/100 par
|
|upkeep
|turn|33
|
|t:|1652178705
|switch|p1a: Kenny Omega|Zapdos-Galar|48/100 tox
|-damage|p1a: Kenny Omega|36/100 tox|[from] Stealth Rock
|move|p2a: Clefable|Moonlight|p2a: Clefable
|-heal|p2a: Clefable|92/100 par
|
|-damage|p1a: Kenny Omega|30/100 tox|[from] psn
|upkeep
|turn|34
|j| hhhxxx151389
|
|t:|1652178716
|switch|p2a: Hippowdon|Hippowdon, F|100/100
|-weather|Sandstorm|[from] ability: Sand Stream|[of] p2a: Hippowdon
|move|p1a: Kenny Omega|Brave Bird|p2a: Hippowdon
|-damage|p2a: Hippowdon|50/100
|-damage|p1a: Kenny Omega|8/100 tox|[from] Recoil
|
|-weather|Sandstorm|[upkeep]
|-damage|p1a: Kenny Omega|2/100 tox|[from] Sandstorm
|-damage|p1a: Kenny Omega|0 fnt|[from] psn
|faint|p1a: Kenny Omega
|upkeep
|l| hhhxxx151389
|c| vkhss|delibird heart ah , why moonlight with sand?
|-message|Steez Ibanez forfeited.
|
|win|Delibird Heart
|raw|Steez Ibanez's rating: 1802 &rarr; <strong>1783</strong><br />(-19 for losing)
|raw|Delibird Heart's rating: 1811 &rarr; <strong>1830</strong><br />(+19 for winning)
|l|☆Steez Ibanez
|c|☆Delibird Heart|its compatible with tp
|c|☆Delibird Heart|softboiled isnt
|c| vkhss|oh i see
|c|☆Delibird Heart|sadly
