|j|‽minimax_ai
|j|☆ohio boy
|t:|1668140679
|gametype|singles
|player|p1|minimax_ai|265|1642
|player|p2|ohio boy|101|1628
|teamsize|p1|6
|teamsize|p2|6
|gen|8
|tier|[Gen 8] OU
|rated|
|rule|Sleep Clause Mod: Limit one foe put to sleep
|rule|Species Clause: Limit one of each Pokémon
|rule|OHKO Clause: OHKO moves are banned
|rule|Evasion Items Clause: Evasion items are banned
|rule|Evasion Moves Clause: Evasion moves are banned
|rule|Endless Battle Clause: Forcing endless battles is banned
|rule|HP Percentage Mod: HP is shown in percentages
|rule|Dynamax Clause: You cannot dynamax
|clearpoke
|poke|p1|Rotom-Wash|
|poke|p1|Weavile, F|
|poke|p1|Landorus-Therian, M|
|poke|p1|Heatran, M|
|poke|p1|Tangrowth, F|
|poke|p1|Melmetal|
|poke|p2|Dragapult, M|
|poke|p2|Obstagoon, M|
|poke|p2|Melmetal|
|poke|p2|Volcanion|
|poke|p2|Mamoswine, M|
|poke|p2|Buzzwole|
|teampreview
|inactive|Battle timer is ON: inactive players will automatically lose when time's up. (requested by minimax_ai)
|
|t:|1668140684
|start
|switch|p1a: Weavile|Weavile, F|100/100
|switch|p2a: Behemoth|Mamoswine, M, shiny|100/100
|-ability|p1a: Weavile|Pressure
|turn|1
|
|t:|1668140689
|move|p1a: Weavile|Low Kick|p2a: Behemoth
|-supereffective|p2a: Behemoth
|-enditem|p2a: Behemoth|Focus Sash
|-damage|p2a: Behemoth|1/100
|move|p2a: Behemoth|Stealth Rock|p1a: Weavile
|-sidestart|p1: minimax_ai|move: Stealth Rock
|
|upkeep
|turn|2
|j| BabyPigsAreLaughin
|inactive|ohio boy has 120 seconds left.
|c| BabyPigsAreLaughin|He said you threw the game and then you 4-0'ed his ass.
|c|☆ohio boy|ong
|c|☆ohio boy|georgie is some ass
|
|t:|1668140738
|switch|p2a: Vilgax|Buzzwole, shiny|100/100
|move|p1a: Weavile|Low Kick|p2a: Vilgax
|-resisted|p2a: Vilgax
|-damage|p2a: Vilgax|79/100
|
|upkeep
|turn|3
|
|t:|1668140742
|switch|p1a: Tangrowth|Tangrowth, F|100/100
|-damage|p1a: Tangrowth|88/100|[from] Stealth Rock
|move|p2a: Vilgax|Close Combat|p1a: Tangrowth
|-damage|p1a: Tangrowth|52/100
|-unboost|p2a: Vilgax|def|1
|-unboost|p2a: Vilgax|spd|1
|-damage|p2a: Vilgax|62/100|[from] item: Rocky Helmet|[of] p1a: Tangrowth
|
|upkeep
|turn|4
|
|t:|1668140746
|switch|p2a: Behemoth|Mamoswine, M, shiny|1/100
|move|p1a: Tangrowth|Sleep Powder|p2a: Behemoth|[miss]
|-miss|p1a: Tangrowth|p2a: Behemoth
|
|upkeep
|turn|5
|
|t:|1668140750
|switch|p1a: Rotom|Rotom-Wash|100/100
|-damage|p1a: Rotom|88/100|[from] Stealth Rock
|move|p2a: Behemoth|Endeavor|p1a: Rotom
|-damage|p1a: Rotom|1/100
|
|-heal|p1a: Rotom|7/100|[from] item: Leftovers
|upkeep
|turn|6
|
|t:|1668140751
|move|p2a: Behemoth|Ice Shard|p1a: Rotom
|-resisted|p1a: Rotom
|-damage|p1a: Rotom|0 fnt
|faint|p1a: Rotom
|
|upkeep
|
|t:|1668140751
|switch|p1a: Heatran|Heatran, M|100/100
|-damage|p1a: Heatran|88/100|[from] Stealth Rock
|-item|p1a: Heatran|Air Balloon
|turn|7
|
|t:|1668140755
|move|p2a: Behemoth|Ice Shard|p1a: Heatran
|-resisted|p1a: Heatran
|-damage|p1a: Heatran|83/100
|-enditem|p1a: Heatran|Air Balloon
|move|p1a: Heatran|Magma Storm|p2a: Behemoth
|-supereffective|p2a: Behemoth
|-damage|p2a: Behemoth|0 fnt
|faint|p2a: Behemoth
|
|upkeep
|
|t:|1668140757
|switch|p2a: Vilgax|Buzzwole, shiny|62/100
|turn|8
|
|t:|1668140760
|move|p2a: Vilgax|Close Combat|p1a: Heatran
|-supereffective|p1a: Heatran
|-damage|p1a: Heatran|0 fnt
|-unboost|p2a: Vilgax|def|1
|-unboost|p2a: Vilgax|spd|1
|faint|p1a: Heatran
|-ability|p2a: Vilgax|Beast Boost|boost
|-boost|p2a: Vilgax|atk|1
|
|upkeep
|
|t:|1668140760
|switch|p1a: Tangrowth|Tangrowth, F|85/100
|-damage|p1a: Tangrowth|73/100|[from] Stealth Rock
|turn|9
|
|t:|1668140762
|switch|p2a: Magatama|Volcanion|100/100
|move|p1a: Tangrowth|Sleep Powder|p2a: Magatama
|-status|p2a: Magatama|slp|[from] move: Sleep Powder
|
|upkeep
|turn|10
|
|t:|1668140766
|switch|p1a: Landorus|Landorus-Therian, M|100/100
|-damage|p1a: Landorus|88/100|[from] Stealth Rock
|-ability|p1a: Landorus|Intimidate|boost
|-unboost|p2a: Magatama|atk|1
|cant|p2a: Magatama|slp
|
|-heal|p1a: Landorus|94/100|[from] item: Leftovers
|upkeep
|turn|11
|
|t:|1668140769
|switch|p2a: Vilgax|Buzzwole, shiny|62/100
|move|p1a: Landorus|Defog|p2a: Vilgax
|-unboost|p2a: Vilgax|evasion|1
|-sideend|p1: minimax_ai|Stealth Rock|[from] move: Defog|[of] p1a: Landorus
|
|-heal|p1a: Landorus|99/100|[from] item: Leftovers
|upkeep
|turn|12
|
|t:|1668140771
|switch|p1a: Tangrowth|Tangrowth, F|100/100
|move|p2a: Vilgax|Ice Punch|p1a: Tangrowth
|-supereffective|p1a: Tangrowth
|-crit|p1a: Tangrowth
|-damage|p1a: Tangrowth|60/100
|-damage|p2a: Vilgax|46/100|[from] item: Rocky Helmet|[of] p1a: Tangrowth
|
|upkeep
|turn|13
|
|t:|1668140773
|switch|p2a: Magatama|Volcanion|100/100 slp
|move|p1a: Tangrowth|Giga Drain|p2a: Magatama
|-damage|p2a: Magatama|74/100 slp
|-heal|p1a: Tangrowth|73/100|[from] drain|[of] p2a: Magatama
|
|upkeep
|turn|14
|
|t:|1668140778
|switch|p1a: Landorus|Landorus-Therian, M|99/100
|-ability|p1a: Landorus|Intimidate|boost
|-unboost|p2a: Magatama|atk|1
|cant|p2a: Magatama|slp
|
|-heal|p1a: Landorus|100/100|[from] item: Leftovers
|upkeep
|turn|15
|
|t:|1668140782
|switch|p2a: Vilgax|Buzzwole, shiny|46/100
|move|p1a: Landorus|Earthquake|p2a: Vilgax
|-resisted|p2a: Vilgax
|-crit|p2a: Vilgax
|-damage|p2a: Vilgax|19/100
|
|upkeep
|turn|16
|
|t:|1668140784
|switch|p1a: Tangrowth|Tangrowth, F|100/100
|move|p2a: Vilgax|Leech Life|p1a: Tangrowth
|-supereffective|p1a: Tangrowth
|-damage|p1a: Tangrowth|54/100
|-heal|p2a: Vilgax|46/100|[from] drain|[of] p1a: Tangrowth
|-damage|p2a: Vilgax|29/100|[from] item: Rocky Helmet|[of] p1a: Tangrowth
|
|upkeep
|turn|17
|
|t:|1668140785
|move|p2a: Vilgax|Leech Life|p1a: Tangrowth
|-supereffective|p1a: Tangrowth
|-damage|p1a: Tangrowth|4/100
|-heal|p2a: Vilgax|57/100|[from] drain|[of] p1a: Tangrowth
|-damage|p2a: Vilgax|41/100|[from] item: Rocky Helmet|[of] p1a: Tangrowth
|move|p1a: Tangrowth|Giga Drain|p2a: Vilgax
|-resisted|p2a: Vilgax
|-damage|p2a: Vilgax|20/100
|-heal|p1a: Tangrowth|14/100|[from] drain|[of] p2a: Vilgax
|
|upkeep
|turn|18
|
|t:|1668140786
|switch|p1a: Landorus|Landorus-Therian, M|100/100
|-ability|p1a: Landorus|Intimidate|boost
|-unboost|p2a: Vilgax|atk|1
|move|p2a: Vilgax|Leech Life|p1a: Landorus
|-resisted|p1a: Landorus
|-damage|p1a: Landorus|87/100
|-heal|p2a: Vilgax|28/100|[from] drain|[of] p1a: Landorus
|
|-heal|p1a: Landorus|93/100|[from] item: Leftovers
|upkeep
|turn|19
|
|t:|1668140789
|switch|p2a: Missingno|Obstagoon, M, shiny|100/100
|switch|p1a: Tangrowth|Tangrowth, F|47/100
|
|-status|p2a: Missingno|brn|[from] item: Flame Orb
|upkeep
|turn|20
|
|t:|1668140791
|switch|p1a: Landorus|Landorus-Therian, M|93/100
|-ability|p1a: Landorus|Intimidate|boost
|-unboost|p2a: Missingno|atk|1
|move|p2a: Missingno|Facade|p1a: Landorus
|-damage|p1a: Landorus|37/100
|
|-heal|p1a: Landorus|43/100|[from] item: Leftovers
|-damage|p2a: Missingno|94/100 brn|[from] brn
|upkeep
|turn|21
|
|t:|1668140792
|switch|p1a: Tangrowth|Tangrowth, F|80/100
|move|p2a: Missingno|Facade|p1a: Tangrowth
|-damage|p1a: Tangrowth|45/100
|-damage|p2a: Missingno|78/100 brn|[from] item: Rocky Helmet|[of] p1a: Tangrowth
|
|-damage|p2a: Missingno|72/100 brn|[from] brn
|upkeep
|turn|22
|
|t:|1668140795
|move|p2a: Missingno|Bulk Up|p2a: Missingno
|-boost|p2a: Missingno|atk|1
|-boost|p2a: Missingno|def|1
|move|p1a: Tangrowth|Giga Drain|p2a: Missingno
|-damage|p2a: Missingno|38/100 brn
|-heal|p1a: Tangrowth|59/100|[from] drain|[of] p2a: Missingno
|
|-damage|p2a: Missingno|31/100 brn|[from] brn
|upkeep
|turn|23
|
|t:|1668140796
|move|p2a: Missingno|Facade|p1a: Tangrowth
|-damage|p1a: Tangrowth|7/100
|-damage|p2a: Missingno|15/100 brn|[from] item: Rocky Helmet|[of] p1a: Tangrowth
|move|p1a: Tangrowth|Giga Drain|p2a: Missingno
|-damage|p2a: Missingno|0 fnt
|-heal|p1a: Tangrowth|13/100|[from] drain|[of] p2a: Missingno
|faint|p2a: Missingno
|
|upkeep
|
|t:|1668140799
|switch|p2a: Vilgax|Buzzwole, shiny|28/100
|turn|24
|
|t:|1668140801
|switch|p1a: Landorus|Landorus-Therian, M|43/100
|-ability|p1a: Landorus|Intimidate|boost
|-unboost|p2a: Vilgax|atk|1
|move|p2a: Vilgax|Ice Punch|p1a: Landorus
|-supereffective|p1a: Landorus
|-damage|p1a: Landorus|0 fnt
|faint|p1a: Landorus
|-ability|p2a: Vilgax|Beast Boost|boost
|-boost|p2a: Vilgax|atk|1
|
|upkeep
|
|t:|1668140802
|switch|p1a: Weavile|Weavile, F|100/100
|-ability|p1a: Weavile|Pressure
|turn|25
|
|t:|1668140804
|switch|p2a: Fate|Melmetal, shiny|100/100
|move|p1a: Weavile|Triple Axel|p2a: Fate
|-resisted|p2a: Fate
|-damage|p2a: Fate|97/100
|-resisted|p2a: Fate
|-damage|p2a: Fate|90/100
|-resisted|p2a: Fate
|-damage|p2a: Fate|79/100
|-hitcount|p2a: Fate|3
|
|-heal|p2a: Fate|85/100|[from] item: Leftovers
|upkeep
|turn|26
|
|t:|1668140806
|switch|p1a: Melmetal|Melmetal|100/100
|move|p2a: Fate|Double Iron Bash|p1a: Melmetal
|-resisted|p1a: Melmetal
|-damage|p1a: Melmetal|91/100
|-resisted|p1a: Melmetal
|-damage|p1a: Melmetal|81/100
|-hitcount|p1a: Melmetal|2
|
|-heal|p2a: Fate|91/100|[from] item: Leftovers
|upkeep
|turn|27
|
|t:|1668140813
|move|p1a: Melmetal|Double Iron Bash|p2a: Fate
|-resisted|p2a: Fate
|-damage|p2a: Fate|80/100
|-resisted|p2a: Fate
|-damage|p2a: Fate|71/100
|-hitcount|p2a: Fate|2
|move|p2a: Fate|Earthquake|p1a: Melmetal
|-supereffective|p1a: Melmetal
|-damage|p1a: Melmetal|43/100
|
|-heal|p2a: Fate|77/100|[from] item: Leftovers
|upkeep
|turn|28
|
|t:|1668140814
|move|p1a: Melmetal|Double Iron Bash|p2a: Fate
|-resisted|p2a: Fate
|-damage|p2a: Fate|68/100
|-resisted|p2a: Fate
|-damage|p2a: Fate|58/100
|-hitcount|p2a: Fate|2
|cant|p2a: Fate|flinch
|
|-heal|p2a: Fate|64/100|[from] item: Leftovers
|upkeep
|turn|29
|
|t:|1668140816
|move|p1a: Melmetal|Double Iron Bash|p2a: Fate
|-resisted|p2a: Fate
|-damage|p2a: Fate|54/100
|-resisted|p2a: Fate
|-damage|p2a: Fate|45/100
|-hitcount|p2a: Fate|2
|cant|p2a: Fate|flinch
|
|-heal|p2a: Fate|51/100|[from] item: Leftovers
|upkeep
|turn|30
|
|t:|1668140818
|move|p1a: Melmetal|Double Iron Bash|p2a: Fate
|-resisted|p2a: Fate
|-damage|p2a: Fate|41/100
|-resisted|p2a: Fate
|-damage|p2a: Fate|31/100
|-hitcount|p2a: Fate|2
|move|p2a: Fate|Earthquake|p1a: Melmetal
|-supereffective|p1a: Melmetal
|-damage|p1a: Melmetal|8/100
|
|-heal|p2a: Fate|37/100|[from] item: Leftovers
|upkeep
|turn|31
|
|t:|1668140819
|move|p1a: Melmetal|Double Iron Bash|p2a: Fate
|-resisted|p2a: Fate
|-damage|p2a: Fate|27/100
|-resisted|p2a: Fate
|-damage|p2a: Fate|18/100
|-hitcount|p2a: Fate|2
|move|p2a: Fate|Earthquake|p1a: Melmetal
|-supereffective|p1a: Melmetal
|-damage|p1a: Melmetal|0 fnt
|faint|p1a: Melmetal
|
|-heal|p2a: Fate|24/100|[from] item: Leftovers
|upkeep
|
|t:|1668140819
|switch|p1a: Tangrowth|Tangrowth, F|46/100
|turn|32
|
|t:|1668140821
|move|p1a: Tangrowth|Giga Drain|p2a: Fate
|-resisted|p2a: Fate
|-damage|p2a: Fate|13/100
|-heal|p1a: Tangrowth|53/100|[from] drain|[of] p2a: Fate
|move|p2a: Fate|Double Iron Bash|p1a: Tangrowth
|-damage|p1a: Tangrowth|36/100
|-damage|p2a: Fate|0 fnt|[from] item: Rocky Helmet|[of] p1a: Tangrowth
|faint|p2a: Fate
|-hitcount|p1a: Tangrowth|1
|
|upkeep
|
|t:|1668140822
|switch|p2a: Vilgax|Buzzwole, shiny|28/100
|turn|33
|
|t:|1668140823
|move|p2a: Vilgax|Leech Life|p1a: Tangrowth
|-supereffective|p1a: Tangrowth
|-damage|p1a: Tangrowth|0 fnt
|-heal|p2a: Vilgax|48/100|[from] drain|[of] p1a: Tangrowth
|-damage|p2a: Vilgax|32/100|[from] item: Rocky Helmet|[of] p1a: Tangrowth
|faint|p1a: Tangrowth
|-ability|p2a: Vilgax|Beast Boost|boost
|-boost|p2a: Vilgax|atk|1
|
|upkeep
|
|t:|1668140823
|switch|p1a: Weavile|Weavile, F|100/100
|-ability|p1a: Weavile|Pressure
|turn|34
|
|t:|1668140825
|move|p2a: Vilgax|Leech Life|p1a: Weavile
|-supereffective|p1a: Weavile
|-damage|p1a: Weavile|0 fnt
|-heal|p2a: Vilgax|71/100|[from] drain|[of] p1a: Weavile
|faint|p1a: Weavile
|
|win|ohio boy
|raw|minimax_ai's rating: 1642 &rarr; <strong>1621</strong><br />(-21 for losing)
|raw|ohio boy's rating: 1628 &rarr; <strong>1649</strong><br />(+21 for winning)
