|j|☆Contorted Lies
|j|☆West indies
|t:|1606850446
|player|p1|Contorted Lies|102|1917
|player|p2|West indies|ltsurge|1922
|teamsize|p1|6
|teamsize|p2|6
|gametype|singles
|gen|8
|tier|[Gen 8] OU
|rated|
|clearpoke
|poke|p1|Weavile, M|
|poke|p1|Urshifu-*, M|
|poke|p1|Magearna|
|poke|p1|Moltres|
|poke|p1|Hippowdon, M|
|poke|p1|Toxapex, M|
|poke|p2|Slowbro, F|
|poke|p2|Mandibuzz, F|
|poke|p2|Landorus-Therian, M|
|poke|p2|Magearna|
|poke|p2|Urshifu-*, F|
|poke|p2|Slowking-Galar, M|
|rule|Sleep Clause Mod: Limit one foe put to sleep
|rule|Species Clause: Limit one of each Pokémon
|rule|OHKO Clause: OHKO moves are banned
|rule|Evasion Moves Clause: Evasion moves are banned
|rule|Endless Battle Clause: Forcing endless battles is banned
|rule|HP Percentage Mod: HP is shown in percentages
|rule|Dynamax Clause: You cannot dynamax
|teampreview
|j| chasing smoke
|
|t:|1606850462
|start
|switch|p1a: Hippowdon|Hippowdon, M|100/100
|switch|p2a: Slowbro|Slowbro, F|100/100
|-weather|Sandstorm|[from] ability: Sand Stream|[of] p1a: Hippowdon
|turn|1
|
|t:|1606850470
|move|p1a: Hippowdon|Stealth Rock|p2a: Slowbro
|-sidestart|p2: West indies|move: Stealth Rock
|move|p2a: Slowbro|Scald|p1a: Hippowdon
|-supereffective|p1a: Hippowdon
|-damage|p1a: Hippowdon|62/100
|
|-weather|Sandstorm|[upkeep]
|-damage|p2a: Slowbro|94/100|[from] Sandstorm
|-heal|p1a: Hippowdon|68/100|[from] item: Leftovers
|upkeep
|turn|2
|j| galactest bro !
|
|t:|1606850481
|move|p1a: Hippowdon|Slack Off|p1a: Hippowdon
|-heal|p1a: Hippowdon|100/100
|move|p2a: Slowbro|Future Sight|p1a: Hippowdon
|-start|p2a: Slowbro|move: Future Sight
|
|-weather|Sandstorm|[upkeep]
|-damage|p2a: Slowbro|88/100|[from] Sandstorm
|upkeep
|turn|3
|l| galactest bro !
|
|t:|1606850497
|switch|p1a: Magearna|Magearna|100/100
|move|p2a: Slowbro|Scald|p1a: Magearna
|-damage|p1a: Magearna|71/100
|-status|p1a: Magearna|brn
|
|-weather|Sandstorm|[upkeep]
|-damage|p2a: Slowbro|82/100|[from] Sandstorm
|-damage|p1a: Magearna|65/100 brn|[from] brn
|upkeep
|turn|4
|
|t:|1606850511
|switch|p2a: Hyper|Slowking-Galar, M|100/100
|-damage|p2a: Hyper|88/100|[from] Stealth Rock
|move|p1a: Magearna|Volt Switch|p2a: Hyper
|-damage|p2a: Hyper|68/100
|
|t:|1606850519
|switch|p1a: Urshifu|Urshifu, M|100/100|[from]move: Volt Switch
|
|-weather|Sandstorm|[upkeep]
|-damage|p1a: Urshifu|94/100|[from] Sandstorm
|-damage|p2a: Hyper|62/100|[from] Sandstorm
|-end|p1a: Urshifu|move: Future Sight
|-immune|p1a: Urshifu
|upkeep
|turn|5
|
|t:|1606850529
|switch|p2a: Mandibuzz|Mandibuzz, F|100/100
|move|p1a: Urshifu|Wicked Blow|p2a: Mandibuzz
|-resisted|p2a: Mandibuzz
|-crit|p2a: Mandibuzz
|-damage|p2a: Mandibuzz|75/100
|
|-weather|none
|upkeep
|turn|6
|
|t:|1606850538
|switch|p1a: Magearna|Magearna|65/100 brn
|move|p2a: Mandibuzz|Defog|p1a: Magearna
|-unboost|p1a: Magearna|evasion|1
|-sideend|p2: West indies|Stealth Rock|[from] move: Defog|[of] p2a: Mandibuzz
|
|-damage|p1a: Magearna|59/100 brn|[from] brn
|upkeep
|turn|7
|
|t:|1606850548
|switch|p2a: Hyper|Slowking-Galar, M|95/100
|move|p1a: Magearna|Fleur Cannon|p2a: Hyper
|-resisted|p2a: Hyper
|-damage|p2a: Hyper|69/100
|-unboost|p1a: Magearna|spa|2
|
|-damage|p1a: Magearna|53/100 brn|[from] brn
|upkeep
|turn|8
|
|t:|1606850567
|switch|p1a: Hippowdon|Hippowdon, M|100/100
|-weather|Sandstorm|[from] ability: Sand Stream|[of] p1a: Hippowdon
|move|p2a: Hyper|Sludge Bomb|p1a: Hippowdon
|-resisted|p1a: Hippowdon
|-damage|p1a: Hippowdon|85/100
|
|-weather|Sandstorm|[upkeep]
|-damage|p2a: Hyper|63/100|[from] Sandstorm
|-heal|p1a: Hippowdon|91/100|[from] item: Leftovers
|upkeep
|turn|9
|
|t:|1606850579
|move|p1a: Hippowdon|Stealth Rock|p2a: Hyper
|-sidestart|p2: West indies|move: Stealth Rock
|move|p2a: Hyper|Hydro Pump|p1a: Hippowdon|[miss]
|-miss|p2a: Hyper|p1a: Hippowdon
|
|-weather|Sandstorm|[upkeep]
|-damage|p2a: Hyper|57/100|[from] Sandstorm
|-heal|p1a: Hippowdon|97/100|[from] item: Leftovers
|upkeep
|turn|10
|
|t:|1606850588
|switch|p2a: Landorus|Landorus-Therian, M|100/100
|-damage|p2a: Landorus|88/100|[from] Stealth Rock
|-ability|p2a: Landorus|Intimidate|boost
|-unboost|p1a: Hippowdon|atk|1
|move|p1a: Hippowdon|Earthquake|p2a: Landorus
|-immune|p2a: Landorus
|
|-weather|Sandstorm|[upkeep]
|-heal|p1a: Hippowdon|100/100|[from] item: Leftovers
|upkeep
|turn|11
|
|t:|1606850599
|move|p2a: Landorus|U-turn|p1a: Hippowdon
|-damage|p1a: Hippowdon|82/100
|
|t:|1606850603
|switch|p2a: Hyper|Slowking-Galar, M|90/100|[from]move: U-turn
|-damage|p2a: Hyper|78/100|[from] Stealth Rock
|move|p1a: Hippowdon|Toxic|p2a: Hyper|[miss]
|-miss|p1a: Hippowdon|p2a: Hyper
|
|-weather|Sandstorm|[upkeep]
|-damage|p2a: Hyper|72/100|[from] Sandstorm
|-heal|p1a: Hippowdon|88/100|[from] item: Leftovers
|upkeep
|turn|12
|
|t:|1606850616
|switch|p2a: Slowbro|Slowbro, F|100/100
|-damage|p2a: Slowbro|88/100|[from] Stealth Rock
|move|p1a: Hippowdon|Earthquake|p2a: Slowbro
|-damage|p2a: Slowbro|73/100
|
|-weather|none
|-heal|p1a: Hippowdon|94/100|[from] item: Leftovers
|upkeep
|turn|13
|
|t:|1606850628
|switch|p1a: Magearna|Magearna|53/100 brn
|move|p2a: Slowbro|Future Sight|p1a: Magearna
|-start|p2a: Slowbro|move: Future Sight
|
|-damage|p1a: Magearna|47/100 brn|[from] brn
|upkeep
|turn|14
|
|t:|1606850635
|switch|p2a: Landorus|Landorus-Therian, M|88/100
|-damage|p2a: Landorus|76/100|[from] Stealth Rock
|-ability|p2a: Landorus|Intimidate|boost
|-unboost|p1a: Magearna|atk|1
|move|p1a: Magearna|Flash Cannon|p2a: Landorus
|-damage|p2a: Landorus|0 fnt
|faint|p2a: Landorus
|-ability|p1a: Magearna|Soul-Heart|boost
|-boost|p1a: Magearna|spa|1
|
|-damage|p1a: Magearna|41/100 brn|[from] brn
|upkeep
|
|t:|1606850658
|switch|p2a: Urshifu|Urshifu-Rapid-Strike, F|100/100
|-damage|p2a: Urshifu|94/100|[from] Stealth Rock
|turn|15
|
|t:|1606850681
|switch|p1a: Moltres|Moltres|100/100
|move|p2a: Urshifu|Close Combat|p1a: Moltres
|-resisted|p1a: Moltres
|-damage|p1a: Moltres|66/100
|-unboost|p2a: Urshifu|def|1
|-unboost|p2a: Urshifu|spd|1
|
|-end|p1a: Moltres|move: Future Sight
|-damage|p1a: Moltres|21/100
|upkeep
|turn|16
|
|t:|1606850693
|switch|p1a: Toxapex|Toxapex, M|100/100
|move|p2a: Urshifu|Close Combat|p1a: Toxapex
|-resisted|p1a: Toxapex
|-damage|p1a: Toxapex|75/100
|-unboost|p2a: Urshifu|def|1
|-unboost|p2a: Urshifu|spd|1
|
|-heal|p1a: Toxapex|81/100|[from] item: Black Sludge
|upkeep
|turn|17
|j| crawdunked
|j| Caramella666
|
|t:|1606850706
|switch|p2a: Slowbro|Slowbro, F|100/100
|-damage|p2a: Slowbro|88/100|[from] Stealth Rock
|move|p1a: Toxapex|Knock Off|p2a: Slowbro
|-supereffective|p2a: Slowbro
|-damage|p2a: Slowbro|69/100
|-damage|p1a: Toxapex|64/100|[from] item: Rocky Helmet|[of] p2a: Slowbro
|-enditem|p2a: Slowbro|Rocky Helmet|[from] move: Knock Off|[of] p1a: Toxapex
|
|-heal|p1a: Toxapex|71/100|[from] item: Black Sludge
|upkeep
|turn|18
|
|t:|1606850718
|switch|p1a: Magearna|Magearna|41/100 brn
|move|p2a: Slowbro|Teleport|p2a: Slowbro
|
|t:|1606850727
|switch|p2a: Magearna|Magearna|100/100|[from]move: Teleport
|-damage|p2a: Magearna|94/100|[from] Stealth Rock
|
|-damage|p1a: Magearna|35/100 brn|[from] brn
|upkeep
|turn|19
|
|t:|1606850737
|switch|p1a: Hippowdon|Hippowdon, M|94/100
|-weather|Sandstorm|[from] ability: Sand Stream|[of] p1a: Hippowdon
|move|p2a: Magearna|Fleur Cannon|p1a: Hippowdon
|-damage|p1a: Hippowdon|9/100
|-unboost|p2a: Magearna|spa|2
|
|-weather|Sandstorm|[upkeep]
|-heal|p1a: Hippowdon|15/100|[from] item: Leftovers
|upkeep
|turn|20
|
|t:|1606850755
|switch|p1a: Toxapex|Toxapex, M|100/100
|move|p2a: Magearna|Fleur Cannon|p1a: Toxapex
|-resisted|p1a: Toxapex
|-damage|p1a: Toxapex|76/100
|-unboost|p2a: Magearna|spa|2
|
|-weather|Sandstorm|[upkeep]
|-damage|p1a: Toxapex|70/100|[from] Sandstorm
|-heal|p1a: Toxapex|76/100|[from] item: Black Sludge
|upkeep
|turn|21
|
|t:|1606850768
|switch|p1a: Magearna|Magearna|35/100 brn
|move|p2a: Magearna|Fleur Cannon|p1a: Magearna
|-resisted|p1a: Magearna
|-damage|p1a: Magearna|15/100 brn
|-unboost|p2a: Magearna|spa|2
|
|-weather|Sandstorm|[upkeep]
|-damage|p1a: Magearna|9/100 brn|[from] brn
|upkeep
|turn|22
|
|t:|1606850779
|switch|p2a: Hyper|Slowking-Galar, M|100/100
|-damage|p2a: Hyper|88/100|[from] Stealth Rock
|move|p1a: Magearna|Volt Switch|p2a: Hyper
|-damage|p2a: Hyper|70/100
|
|t:|1606850788
|switch|p1a: Hippowdon|Hippowdon, M|15/100|[from]move: Volt Switch
|
|-weather|Sandstorm|[upkeep]
|-damage|p2a: Hyper|63/100|[from] Sandstorm
|-heal|p1a: Hippowdon|21/100|[from] item: Leftovers
|upkeep
|turn|23
|
|t:|1606850800
|switch|p2a: Magearna|Magearna|94/100
|-damage|p2a: Magearna|88/100|[from] Stealth Rock
|move|p1a: Hippowdon|Earthquake|p2a: Magearna
|-supereffective|p2a: Magearna
|-damage|p2a: Magearna|30/100
|
|-weather|none
|-heal|p1a: Hippowdon|27/100|[from] item: Leftovers
|upkeep
|turn|24
|
|t:|1606850813
|switch|p1a: Magearna|Magearna|9/100 brn
|move|p2a: Magearna|Volt Switch|p1a: Magearna
|-damage|p1a: Magearna|0 fnt
|faint|p1a: Magearna
|-ability|p2a: Magearna|Soul-Heart|boost
|-boost|p2a: Magearna|spa|1
|
|t:|1606850842
|switch|p2a: Urshifu|Urshifu-Rapid-Strike, F|94/100|[from]move: Volt Switch
|-damage|p2a: Urshifu|88/100|[from] Stealth Rock
|
|upkeep
|inactive|Battle timer is ON: inactive players will automatically lose when time's up. (requested by West indies)
|
|t:|1606850855
|switch|p1a: Toxapex|Toxapex, M|100/100
|turn|25
|
|t:|1606850867
|move|p2a: Urshifu|U-turn|p1a: Toxapex
|-resisted|p1a: Toxapex
|-damage|p1a: Toxapex|90/100
|
|t:|1606850870
|switch|p2a: Slowbro|Slowbro, F|100/100|[from]move: U-turn
|-damage|p2a: Slowbro|88/100|[from] Stealth Rock
|move|p1a: Toxapex|Toxic Spikes|p2a: Slowbro
|-sidestart|p2: West indies|move: Toxic Spikes
|
|-heal|p1a: Toxapex|96/100|[from] item: Black Sludge
|upkeep
|turn|26
|
|t:|1606850884
|switch|p1a: Hippowdon|Hippowdon, M|27/100
|-weather|Sandstorm|[from] ability: Sand Stream|[of] p1a: Hippowdon
|move|p2a: Slowbro|Scald|p1a: Hippowdon
|-supereffective|p1a: Hippowdon
|-damage|p1a: Hippowdon|0 fnt
|faint|p1a: Hippowdon
|
|-weather|Sandstorm|[upkeep]
|-damage|p2a: Slowbro|82/100|[from] Sandstorm
|upkeep
|
|t:|1606850894
|switch|p1a: Weavile|Weavile, M|100/100
|-ability|p1a: Weavile|Pressure
|turn|27
|l| Caramella666
|
|t:|1606850909
|move|p1a: Weavile|Knock Off|p2a: Slowbro
|-supereffective|p2a: Slowbro
|-damage|p2a: Slowbro|30/100
|-damage|p1a: Weavile|91/100|[from] item: Life Orb
|move|p2a: Slowbro|Scald|p1a: Weavile
|-damage|p1a: Weavile|53/100
|
|-weather|Sandstorm|[upkeep]
|-damage|p1a: Weavile|47/100|[from] Sandstorm
|-damage|p2a: Slowbro|24/100|[from] Sandstorm
|upkeep
|turn|28
|inactive|West indies has 120 seconds left.
|j| valcor20
|l| valcor20
|
|t:|1606850954
|switch|p2a: Magearna|Magearna|30/100
|-damage|p2a: Magearna|24/100|[from] Stealth Rock
|move|p1a: Weavile|Knock Off|p2a: Magearna
|-resisted|p2a: Magearna
|-damage|p2a: Magearna|0 fnt
|-enditem|p2a: Magearna|Choice Specs|[from] move: Knock Off|[of] p1a: Weavile
|-damage|p1a: Weavile|37/100|[from] item: Life Orb
|faint|p2a: Magearna
|
|-weather|Sandstorm|[upkeep]
|-damage|p1a: Weavile|31/100|[from] Sandstorm
|upkeep
|inactive|West indies has 90 seconds left.
|
|t:|1606850980
|switch|p2a: Urshifu|Urshifu-Rapid-Strike, F|88/100
|-status|p2a: Urshifu|psn
|-damage|p2a: Urshifu|82/100 psn|[from] Stealth Rock
|turn|29
|inactive|West indies has 90 seconds left.
|
|t:|1606850991
|switch|p1a: Toxapex|Toxapex, M|100/100
|move|p2a: Urshifu|U-turn|p1a: Toxapex
|-resisted|p1a: Toxapex
|-damage|p1a: Toxapex|89/100
|inactive|West indies has 90 seconds left.
|
|t:|1606850997
|switch|p2a: Mandibuzz|Mandibuzz, F|75/100|[from]move: U-turn
|
|-weather|Sandstorm|[upkeep]
|-damage|p1a: Toxapex|83/100|[from] Sandstorm
|-heal|p1a: Toxapex|89/100|[from] item: Black Sludge
|upkeep
|turn|30
|
|t:|1606851005
|switch|p1a: Weavile|Weavile, M|31/100
|-ability|p1a: Weavile|Pressure
|move|p2a: Mandibuzz|Defog|p1a: Weavile
|-unboost|p1a: Weavile|evasion|1
|-sideend|p2: West indies|Toxic Spikes|[from] move: Defog|[of] p2a: Mandibuzz
|-sideend|p2: West indies|Stealth Rock|[from] move: Defog|[of] p2a: Mandibuzz
|
|-weather|none
|upkeep
|turn|31
|j| outu gezia
|
|t:|1606851016
|switch|p2a: Slowbro|Slowbro, F|57/100
|move|p1a: Weavile|Triple Axel|p2a: Slowbro
|-resisted|p2a: Slowbro
|-damage|p2a: Slowbro|53/100
|-resisted|p2a: Slowbro
|-damage|p2a: Slowbro|46/100
|-resisted|p2a: Slowbro
|-crit|p2a: Slowbro
|-damage|p2a: Slowbro|28/100
|-hitcount|p2a: Slowbro|3
|-damage|p1a: Weavile|21/100|[from] item: Life Orb
|
|upkeep
|turn|32
|j| AwesomeAdams
|inactive|West indies has 90 seconds left.
|l| chasing smoke
|inactive|West indies has 60 seconds left.
|
|t:|1606851064
|move|p1a: Weavile|Knock Off|p2a: Slowbro
|-supereffective|p2a: Slowbro
|-damage|p2a: Slowbro|0 fnt
|-damage|p1a: Weavile|11/100|[from] item: Life Orb
|faint|p2a: Slowbro
|
|upkeep
|inactive|West indies has 60 seconds left.
|
|t:|1606851071
|switch|p2a: Mandibuzz|Mandibuzz, F|75/100
|turn|33
|
|t:|1606851077
|move|p1a: Weavile|Triple Axel|p2a: Mandibuzz|[miss]
|-miss|p1a: Weavile|p2a: Mandibuzz
|move|p2a: Mandibuzz|U-turn|p1a: Weavile
|-supereffective|p1a: Weavile
|-damage|p1a: Weavile|0 fnt
|faint|p1a: Weavile
|
|t:|1606851087
|switch|p2a: Urshifu|Urshifu-Rapid-Strike, F|82/100 psn|[from]move: U-turn
|
|-damage|p2a: Urshifu|70/100 psn|[from] psn
|upkeep
|
|t:|1606851095
|switch|p1a: Moltres|Moltres|21/100
|turn|34
|j| Manueh 616
|l| Manueh 616
|
|t:|1606851104
|switch|p1a: Toxapex|Toxapex, M|100/100
|move|p2a: Urshifu|U-turn|p1a: Toxapex
|-resisted|p1a: Toxapex
|-damage|p1a: Toxapex|90/100
|j| Utopia 2021
|
|t:|1606851121
|switch|p2a: Hyper|Slowking-Galar, M|97/100|[from]move: U-turn
|
|-heal|p1a: Toxapex|96/100|[from] item: Black Sludge
|upkeep
|turn|35
|
|t:|1606851132
|move|p1a: Toxapex|Knock Off|p2a: Hyper
|-supereffective|p2a: Hyper
|-damage|p2a: Hyper|66/100
|-enditem|p2a: Hyper|Assault Vest|[from] move: Knock Off|[of] p1a: Toxapex
|move|p2a: Hyper|Sludge Bomb|p1a: Toxapex
|-resisted|p1a: Toxapex
|-damage|p1a: Toxapex|78/100
|
|-heal|p1a: Toxapex|84/100|[from] item: Black Sludge
|upkeep
|turn|36
|
|t:|1606851142
|move|p1a: Toxapex|Scald|p2a: Hyper
|-damage|p2a: Hyper|56/100
|-status|p2a: Hyper|brn
|move|p2a: Hyper|Future Sight|p1a: Toxapex
|-start|p2a: Hyper|move: Future Sight
|
|-heal|p1a: Toxapex|91/100|[from] item: Black Sludge
|-damage|p2a: Hyper|49/100 brn|[from] brn
|upkeep
|turn|37
|
|t:|1606851156
|move|p1a: Toxapex|Scald|p2a: Hyper
|-damage|p2a: Hyper|39/100 brn
|move|p2a: Hyper|Sludge Bomb|p1a: Toxapex
|-resisted|p1a: Toxapex
|-damage|p1a: Toxapex|73/100
|
|-heal|p1a: Toxapex|79/100|[from] item: Black Sludge
|-damage|p2a: Hyper|33/100 brn|[from] brn
|upkeep
|turn|38
|
|t:|1606851166
|switch|p1a: Moltres|Moltres|21/100
|move|p2a: Hyper|Sludge Bomb|p1a: Moltres
|-damage|p1a: Moltres|0 fnt
|faint|p1a: Moltres
|
|-hint|Future Sight did not hit because the target is the user.
|-damage|p2a: Hyper|27/100 brn|[from] brn
|upkeep
|
|t:|1606851167
|switch|p1a: Urshifu|Urshifu, M|94/100
|turn|39
|j| Hilbert Femboy
|l| Hilbert Femboy
|
|t:|1606851179
|switch|p2a: Mandibuzz|Mandibuzz, F|75/100
|move|p1a: Urshifu|Close Combat|p2a: Mandibuzz
|-damage|p2a: Mandibuzz|27/100
|-unboost|p1a: Urshifu|def|1
|-unboost|p1a: Urshifu|spd|1
|
|upkeep
|turn|40
|
|t:|1606851187
|switch|p2a: Hyper|Slowking-Galar, M|60/100 brn
|move|p1a: Urshifu|Close Combat|p2a: Hyper
|-resisted|p2a: Hyper
|-damage|p2a: Hyper|37/100 brn
|-unboost|p1a: Urshifu|def|1
|-unboost|p1a: Urshifu|spd|1
|
|-damage|p2a: Hyper|30/100 brn|[from] brn
|upkeep
|turn|41
|
|t:|1606851209
|switch|p1a: Toxapex|Toxapex, M|100/100
|move|p2a: Hyper|Sludge Bomb|p1a: Toxapex
|-resisted|p1a: Toxapex
|-damage|p1a: Toxapex|83/100
|
|-heal|p1a: Toxapex|89/100|[from] item: Black Sludge
|-damage|p2a: Hyper|24/100 brn|[from] brn
|upkeep
|turn|42
|
|t:|1606851219
|switch|p1a: Urshifu|Urshifu, M|94/100
|switch|p2a: Mandibuzz|Mandibuzz, F|27/100
|
|upkeep
|turn|43
|j| 420tarico
|
|t:|1606851227
|move|p1a: Urshifu|Close Combat|p2a: Mandibuzz
|-damage|p2a: Mandibuzz|0 fnt
|-unboost|p1a: Urshifu|def|1
|-unboost|p1a: Urshifu|spd|1
|faint|p2a: Mandibuzz
|
|upkeep
|j| Dylanronpa
|j| zaaya .‿.
|
|t:|1606851237
|switch|p2a: Hyper|Slowking-Galar, M|58/100 brn
|turn|44
|j| theblackswanna7
|
|t:|1606851260
|switch|p1a: Toxapex|Toxapex, M|100/100
|move|p2a: Hyper|Future Sight|p1a: Toxapex
|-start|p2a: Hyper|move: Future Sight
|
|-damage|p2a: Hyper|52/100 brn|[from] brn
|upkeep
|turn|45
|inactive|West indies has 90 seconds left.
|
|t:|1606851269
|switch|p1a: Urshifu|Urshifu, M|94/100
|move|p2a: Hyper|Sludge Bomb|p1a: Urshifu
|-damage|p1a: Urshifu|25/100
|
|-damage|p2a: Hyper|45/100 brn|[from] brn
|upkeep
|turn|46
|
|t:|1606851277
|switch|p2a: Urshifu|Urshifu-Rapid-Strike, F|70/100 psn
|move|p1a: Urshifu|Wicked Blow|p2a: Urshifu
|-resisted|p2a: Urshifu
|-crit|p2a: Urshifu
|-damage|p2a: Urshifu|26/100 psn
|
|-end|p1a: Urshifu|move: Future Sight
|-immune|p1a: Urshifu
|-damage|p2a: Urshifu|13/100 psn|[from] psn
|upkeep
|turn|47
|
|t:|1606851288
|switch|p1a: Toxapex|Toxapex, M|100/100
|move|p2a: Urshifu|U-turn|p1a: Toxapex
|-resisted|p1a: Toxapex
|-damage|p1a: Toxapex|90/100
|
|t:|1606851294
|switch|p2a: Hyper|Slowking-Galar, M|79/100 brn|[from]move: U-turn
|
|-heal|p1a: Toxapex|96/100|[from] item: Black Sludge
|-damage|p2a: Hyper|73/100 brn|[from] brn
|upkeep
|turn|48
|
|t:|1606851302
|move|p1a: Toxapex|Knock Off|p2a: Hyper
|-supereffective|p2a: Hyper
|-damage|p2a: Hyper|50/100 brn
|move|p2a: Hyper|Future Sight|p1a: Toxapex
|-start|p2a: Hyper|move: Future Sight
|
|-heal|p1a: Toxapex|100/100|[from] item: Black Sludge
|-damage|p2a: Hyper|44/100 brn|[from] brn
|upkeep
|turn|49
|
|t:|1606851312
|move|p1a: Toxapex|Knock Off|p2a: Hyper
|-supereffective|p2a: Hyper
|-damage|p2a: Hyper|23/100 brn
|move|p2a: Hyper|Sludge Bomb|p1a: Toxapex
|-resisted|p1a: Toxapex
|-damage|p1a: Toxapex|81/100
|
|-heal|p1a: Toxapex|87/100|[from] item: Black Sludge
|-damage|p2a: Hyper|17/100 brn|[from] brn
|upkeep
|turn|50
|j| Shofu1234
|
|t:|1606851340
|switch|p1a: Urshifu|Urshifu, M|25/100
|move|p2a: Hyper|Sludge Bomb|p1a: Urshifu
|-damage|p1a: Urshifu|0 fnt
|faint|p1a: Urshifu
|
|-hint|Future Sight did not hit because the target is the user.
|-damage|p2a: Hyper|11/100 brn|[from] brn
|upkeep
|
|t:|1606851342
|switch|p1a: Toxapex|Toxapex, M|100/100
|turn|51
|inactive|West indies has 120 seconds left.
|l| crawdunked
|j| wrfw
|
|t:|1606851374
|switch|p2a: Urshifu|Urshifu-Rapid-Strike, F|13/100 psn
|move|p1a: Toxapex|Knock Off|p2a: Urshifu
|-resisted|p2a: Urshifu
|-damage|p2a: Urshifu|5/100 psn
|-enditem|p2a: Urshifu|Choice Band|[from] move: Knock Off|[of] p1a: Toxapex
|
|-damage|p2a: Urshifu|0 fnt|[from] psn
|faint|p2a: Urshifu
|upkeep
|
|t:|1606851383
|switch|p2a: Hyper|Slowking-Galar, M|44/100 brn
|turn|52
|
|t:|1606851387
|move|p1a: Toxapex|Knock Off|p2a: Hyper
|-supereffective|p2a: Hyper
|-damage|p2a: Hyper|22/100 brn
|move|p2a: Hyper|Future Sight|p1a: Toxapex
|-start|p2a: Hyper|move: Future Sight
|
|-damage|p2a: Hyper|15/100 brn|[from] brn
|upkeep
|turn|53
|
|t:|1606851395
|move|p1a: Toxapex|Knock Off|p2a: Hyper
|-supereffective|p2a: Hyper
|-damage|p2a: Hyper|0 fnt
|faint|p2a: Hyper
|
|win|Contorted Lies
|l|☆Contorted Lies
|l|☆West indies
|l| wrfw
|l| Shofu1234
|l| Dylanronpa
||Ladder (probably) updated, but score could not be retrieved (Request timeout).
|l| theblackswanna7
|l| AwesomeAdams
|j| Jorgeta57
|l| Jorgeta57
|l| zaaya .‿.
|l| outu gezia
