|raw|<div class="broadcast-blue"><strong>This battle is required to be public due to a player having a name starting with 'lt94je'.</div>
|j|‽LT94JEwangyu
|j|‽hypervortexreturns
|t:|1661586498
|gametype|singles
|player|p1|LT94JEwangyu|skierf|1854
|player|p2|hypervortexreturns|169|1796
|teamsize|p1|6
|teamsize|p2|6
|gen|8
|tier|[Gen 8] OU
|rated|
|rule|Sleep Clause Mod: Limit one foe put to sleep
|rule|Species Clause: Limit one of each Pokémon
|rule|OHKO Clause: OHKO moves are banned
|rule|Evasion Items Clause: Evasion items are banned
|rule|Evasion Moves Clause: Evasion moves are banned
|rule|Endless Battle Clause: Forcing endless battles is banned
|rule|HP Percentage Mod: HP is shown in percentages
|rule|Dynamax Clause: You cannot dynamax
|clearpoke
|poke|p1|Corviknight, M|
|poke|p1|Jirachi|
|poke|p1|Blissey, F|
|poke|p1|Toxapex, M|
|poke|p1|Quagsire, M|
|poke|p1|Zapdos|
|poke|p2|Hydreigon, F|
|poke|p2|Zapdos|
|poke|p2|Tangrowth, F|
|poke|p2|Corviknight, M|
|poke|p2|Excadrill, M|
|poke|p2|Azumarill, M|
|teampreview
|inactive|Battle timer is ON: inactive players will automatically lose when time's up. (requested by LT94JEwangyu)
|
|t:|1661586506
|start
|switch|p1a: Toxapex|Toxapex, M|100/100
|switch|p2a: Tangrowth|Tangrowth, F|100/100
|turn|1
|
|t:|1661586513
|move|p2a: Tangrowth|Sleep Powder|p1a: Toxapex|[miss]
|-miss|p2a: Tangrowth|p1a: Toxapex
|move|p1a: Toxapex|Toxic|p2a: Tangrowth
|-status|p2a: Tangrowth|tox
|
|-damage|p2a: Tangrowth|94/100 tox|[from] psn
|upkeep
|turn|2
|
|t:|1661586521
|move|p2a: Tangrowth|Sleep Powder|p1a: Toxapex
|-status|p1a: Toxapex|slp|[from] move: Sleep Powder
|cant|p1a: Toxapex|slp
|
|-damage|p2a: Tangrowth|82/100 tox|[from] psn
|upkeep
|turn|3
|
|t:|1661586529
|switch|p2a: Azumarill|Azumarill, M|100/100
|-curestatus|p1a: Toxapex|slp|[msg]
|move|p1a: Toxapex|Knock Off|p2a: Azumarill
|-resisted|p2a: Azumarill
|-crit|p2a: Azumarill
|-damage|p2a: Azumarill|86/100
|-enditem|p2a: Azumarill|Sitrus Berry|[from] move: Knock Off|[of] p1a: Toxapex
|
|upkeep
|turn|4
|
|t:|1661586542
|move|p2a: Azumarill|Belly Drum|p2a: Azumarill
|-damage|p2a: Azumarill|36/100
|-setboost|p2a: Azumarill|atk|6|[from] move: Belly Drum
|move|p1a: Toxapex|Scald|p2a: Azumarill
|-resisted|p2a: Azumarill
|-damage|p2a: Azumarill|27/100
|
|upkeep
|turn|5
|
|t:|1661586550
|switch|p1a: Quagsire|Quagsire, M|100/100
|move|p2a: Azumarill|Knock Off|p1a: Quagsire
|-damage|p1a: Quagsire|71/100
|-enditem|p1a: Quagsire|Leftovers|[from] move: Knock Off|[of] p2a: Azumarill
|
|upkeep
|turn|6
|
|t:|1661586558
|move|p2a: Azumarill|Play Rough|p1a: Quagsire
|-damage|p1a: Quagsire|32/100
|move|p1a: Quagsire|Recover|p1a: Quagsire
|-heal|p1a: Quagsire|82/100
|
|upkeep
|turn|7
|
|t:|1661586565
|move|p2a: Azumarill|Play Rough|p1a: Quagsire
|-damage|p1a: Quagsire|43/100
|move|p1a: Quagsire|Recover|p1a: Quagsire
|-heal|p1a: Quagsire|93/100
|
|upkeep
|turn|8
|j| ufjrjtjjtkt
|
|t:|1661586572
|move|p2a: Azumarill|Play Rough|p1a: Quagsire
|-damage|p1a: Quagsire|50/100
|move|p1a: Quagsire|Recover|p1a: Quagsire
|-heal|p1a: Quagsire|100/100
|
|upkeep
|turn|9
|
|t:|1661586579
|move|p2a: Azumarill|Play Rough|p1a: Quagsire
|-damage|p1a: Quagsire|63/100
|move|p1a: Quagsire|Earthquake|p2a: Azumarill
|-damage|p2a: Azumarill|0 fnt
|faint|p2a: Azumarill
|
|upkeep
|j| TwoTreesWaiting
|l| TwoTreesWaiting
|
|t:|1661586588
|switch|p2a: Tangrowth|Tangrowth, F|100/100 tox
|turn|10
|j| fiaurant
|
|t:|1661586596
|switch|p1a: Blissey|Blissey, F|100/100
|move|p2a: Tangrowth|Sleep Powder|p1a: Blissey
|-status|p1a: Blissey|slp|[from] move: Sleep Powder
|
|-damage|p2a: Tangrowth|94/100 tox|[from] psn
|upkeep
|turn|11
|j| Mimikyu Stardust
|j| sgvh
|
|t:|1661586612
|-curestatus|p1a: Blissey|slp|[from] ability: Natural Cure
|switch|p1a: Toxapex|Toxapex, M|100/100
|move|p2a: Tangrowth|Knock Off|p1a: Toxapex
|-crit|p1a: Toxapex
|-damage|p1a: Toxapex|79/100
|-enditem|p1a: Toxapex|Shed Shell|[from] move: Knock Off|[of] p2a: Tangrowth
|
|-damage|p2a: Tangrowth|82/100 tox|[from] psn
|upkeep
|turn|12
|
|t:|1661586626
|switch|p1a: Blissey|Blissey, F|100/100
|move|p2a: Tangrowth|Sleep Powder|p1a: Blissey|[miss]
|-miss|p2a: Tangrowth|p1a: Blissey
|
|-damage|p2a: Tangrowth|63/100 tox|[from] psn
|upkeep
|turn|13
|
|t:|1661586635
|switch|p2a: Excadrill|Excadrill, M|100/100
|-ability|p2a: Excadrill|Mold Breaker
|move|p1a: Blissey|Stealth Rock|p2a: Excadrill
|-sidestart|p2: hypervortexreturns|move: Stealth Rock
|
|upkeep
|turn|14
|
|t:|1661586643
|switch|p1a: Quagsire|Quagsire, M|63/100
|move|p2a: Excadrill|Stealth Rock|p1a: Quagsire
|-sidestart|p1: LT94JEwangyu|move: Stealth Rock
|
|upkeep
|turn|15
|j| Momentary Life
|l| fiaurant
|
|t:|1661586657
|move|p2a: Excadrill|Earthquake|p1a: Quagsire
|-damage|p1a: Quagsire|24/100
|move|p1a: Quagsire|Recover|p1a: Quagsire
|-heal|p1a: Quagsire|74/100
|
|upkeep
|turn|16
|
|t:|1661586663
|switch|p2a: Tangrowth|Tangrowth, F|97/100 tox
|-damage|p2a: Tangrowth|84/100 tox|[from] Stealth Rock
|move|p1a: Quagsire|Recover|p1a: Quagsire
|-heal|p1a: Quagsire|100/100
|
|-damage|p2a: Tangrowth|78/100 tox|[from] psn
|upkeep
|turn|17
|
|t:|1661586677
|switch|p1a: Jirachi|Jirachi|100/100
|-damage|p1a: Jirachi|94/100|[from] Stealth Rock
|move|p2a: Tangrowth|Sleep Powder|p1a: Jirachi
|-status|p1a: Jirachi|slp|[from] move: Sleep Powder
|
|-heal|p1a: Jirachi|100/100 slp|[from] item: Leftovers
|-damage|p2a: Tangrowth|66/100 tox|[from] psn
|upkeep
|turn|18
|
|t:|1661586693
|switch|p1a: Toxapex|Toxapex, M|100/100
|-damage|p1a: Toxapex|88/100|[from] Stealth Rock
|move|p2a: Tangrowth|Knock Off|p1a: Toxapex
|-damage|p1a: Toxapex|79/100
|
|-damage|p2a: Tangrowth|47/100 tox|[from] psn
|upkeep
|turn|19
|
|t:|1661586717
|switch|p2a: Corviknight|Corviknight, M|100/100
|-damage|p2a: Corviknight|88/100|[from] Stealth Rock
|-ability|p2a: Corviknight|Pressure
|move|p1a: Toxapex|Knock Off|p2a: Corviknight
|-damage|p2a: Corviknight|75/100
|-enditem|p2a: Corviknight|Leftovers|[from] move: Knock Off|[of] p1a: Toxapex
|
|upkeep
|turn|20
|inactive|hypervortexreturns has 120 seconds left.
|
|t:|1661586742
|switch|p1a: Zapdos|Zapdos|100/100
|-ability|p1a: Zapdos|Pressure
|move|p2a: Corviknight|Bulk Up|p2a: Corviknight
|-boost|p2a: Corviknight|atk|1
|-boost|p2a: Corviknight|def|1
|
|upkeep
|turn|21
|j| ripreckful
|inactive|hypervortexreturns has 120 seconds left.
|j| kaer666
|
|t:|1661586754
|move|p1a: Zapdos|Thunderbolt|p2a: Corviknight
|-supereffective|p2a: Corviknight
|-damage|p2a: Corviknight|25/100
|move|p2a: Corviknight|Roost|p2a: Corviknight
|-heal|p2a: Corviknight|75/100
|-singleturn|p2a: Corviknight|move: Roost
|
|upkeep
|turn|22
|inactive|hypervortexreturns has 120 seconds left.
|
|t:|1661586765
|switch|p2a: Hydreigon|Hydreigon, F|100/100
|-damage|p2a: Hydreigon|88/100|[from] Stealth Rock
|move|p1a: Zapdos|Thunderbolt|p2a: Hydreigon
|-resisted|p2a: Hydreigon
|-damage|p2a: Hydreigon|69/100
|
|-heal|p2a: Hydreigon|75/100|[from] item: Leftovers
|upkeep
|turn|23
|inactive|hypervortexreturns has 120 seconds left.
|
|t:|1661586781
|move|p2a: Hydreigon|Nasty Plot|p2a: Hydreigon
|-boost|p2a: Hydreigon|spa|2
|move|p1a: Zapdos|Toxic|p2a: Hydreigon
|-status|p2a: Hydreigon|tox
|
|-heal|p2a: Hydreigon|81/100 tox|[from] item: Leftovers
|-damage|p2a: Hydreigon|75/100 tox|[from] psn
|upkeep
|turn|24
|j| baila como el tapu
|
|t:|1661586795
|move|p2a: Hydreigon|Dark Pulse|p1a: Zapdos
|-damage|p1a: Zapdos|38/100
|move|p1a: Zapdos|Roost|p1a: Zapdos
|-heal|p1a: Zapdos|88/100
|-singleturn|p1a: Zapdos|move: Roost
|
|-heal|p2a: Hydreigon|81/100 tox|[from] item: Leftovers
|-damage|p2a: Hydreigon|69/100 tox|[from] psn
|upkeep
|turn|25
|j| ShivSarvan
|
|t:|1661586814
|switch|p1a: Blissey|Blissey, F|100/100
|-damage|p1a: Blissey|88/100|[from] Stealth Rock
|move|p2a: Hydreigon|Dark Pulse|p1a: Blissey
|-damage|p1a: Blissey|65/100
|
|-heal|p2a: Hydreigon|75/100 tox|[from] item: Leftovers
|-heal|p1a: Blissey|71/100|[from] item: Leftovers
|-damage|p2a: Hydreigon|56/100 tox|[from] psn
|upkeep
|turn|26
|inactive|hypervortexreturns has 90 seconds left.
|inactive|hypervortexreturns has 60 seconds left.
|l| ufjrjtjjtkt
|inactive|hypervortexreturns has 30 seconds left.
|inactive|hypervortexreturns has 20 seconds left.
|inactive|hypervortexreturns has 15 seconds left.
|inactive|hypervortexreturns has 10 seconds left.
|inactive|hypervortexreturns has 5 seconds left.
|-message|hypervortexreturns lost due to inactivity.
|
|win|LT94JEwangyu
|raw|LT94JEwangyu's rating: 1854 &rarr; <strong>1869</strong><br />(+15 for winning)
|raw|hypervortexreturns's rating: 1772 &rarr; <strong>1757</strong><br />(-15 for losing)
|l| sgvh
|l| baila como el tapu
