|j|☆nonototo22ben
|j|☆blacksponge
|t:|1655102693
|gametype|singles
|player|p1|nonototo22ben|lance|1394
|player|p2|blacksponge|lucas|1454
|teamsize|p1|6
|teamsize|p2|6
|gen|8
|tier|[Gen 8] OU
|rated|
|rule|Sleep Clause Mod: Limit one foe put to sleep
|rule|Species Clause: Limit one of each Pokémon
|rule|OHKO Clause: OHKO moves are banned
|rule|Evasion Moves Clause: Evasion moves are banned
|rule|Endless Battle Clause: Forcing endless battles is banned
|rule|HP Percentage Mod: HP is shown in percentages
|rule|Dynamax Clause: You cannot dynamax
|clearpoke
|poke|p1|Victini|
|poke|p1|Dragonite, M|
|poke|p1|Melmetal|
|poke|p1|Tapu Koko|
|poke|p1|Landorus-Therian, M|
|poke|p1|Weavile, M|
|poke|p2|Pelipper, F|
|poke|p2|Blastoise, M|
|poke|p2|Moltres|
|poke|p2|Amoonguss, F|
|poke|p2|Sharpedo, F|
|poke|p2|Excadrill, F|
|teampreview
|
|t:|1655102718
|start
|switch|p1a: Victini|Victini|100/100
|switch|p2a: Excadrill|Excadrill, F|100/100
|-ability|p2a: Excadrill|Mold Breaker
|turn|1
|
|t:|1655102724
|move|p1a: Victini|V-create|p2a: Excadrill
|-supereffective|p2a: Excadrill
|-enditem|p2a: Excadrill|Focus Sash
|-damage|p2a: Excadrill|1/100
|-unboost|p1a: Victini|spe|1
|-unboost|p1a: Victini|def|1
|-unboost|p1a: Victini|spd|1
|move|p2a: Excadrill|Stealth Rock|p1a: Victini
|-sidestart|p1: nonototo22ben|move: Stealth Rock
|
|upkeep
|turn|2
|
|t:|1655102731
|switch|p1a: Landorus|Landorus-Therian, M|100/100
|-damage|p1a: Landorus|88/100|[from] Stealth Rock
|-ability|p1a: Landorus|Intimidate|boost
|-unboost|p2a: Excadrill|atk|1
|move|p2a: Excadrill|Toxic|p1a: Landorus
|-status|p1a: Landorus|tox
|
|-heal|p1a: Landorus|94/100 tox|[from] item: Leftovers
|-damage|p1a: Landorus|88/100 tox|[from] psn
|upkeep
|turn|3
|
|t:|1655102736
|move|p2a: Excadrill|Rapid Spin|p1a: Landorus
|-damage|p1a: Landorus|76/100 tox
|-boost|p2a: Excadrill|spe|1
|move|p1a: Landorus|U-turn|p2a: Excadrill
|-resisted|p2a: Excadrill
|-damage|p2a: Excadrill|0 fnt
|faint|p2a: Excadrill
|
|t:|1655102745
|switch|p1a: Tapu Koko|Tapu Koko|100/100|[from]move: U-turn
|-fieldstart|move: Electric Terrain|[from] ability: Electric Surge|[of] p1a: Tapu Koko
|
|upkeep
|
|t:|1655102752
|switch|p2a: Pelipper|Pelipper, F|100/100
|-weather|RainDance|[from] ability: Drizzle|[of] p2a: Pelipper
|turn|4
|
|t:|1655102758
|switch|p2a: Amoonguss|Amoonguss, F|100/100
|move|p1a: Tapu Koko|U-turn|p2a: Amoonguss
|-damage|p2a: Amoonguss|86/100
|-damage|p1a: Tapu Koko|84/100|[from] item: Rocky Helmet|[of] p2a: Amoonguss
|
|t:|1655102778
|switch|p1a: Melmetal|Melmetal|100/100|[from]move: U-turn
|-damage|p1a: Melmetal|94/100|[from] Stealth Rock
|
|-weather|RainDance|[upkeep]
|upkeep
|turn|5
|
|t:|1655102788
|switch|p2a: Moltres|Moltres|100/100
|move|p1a: Melmetal|Double Iron Bash|p2a: Moltres
|-resisted|p2a: Moltres
|-damage|p2a: Moltres|87/100
|-status|p1a: Melmetal|brn|[from] ability: Flame Body|[of] p2a: Moltres
|-resisted|p2a: Moltres
|-damage|p2a: Moltres|80/100
|-hitcount|p2a: Moltres|2
|
|-weather|RainDance|[upkeep]
|-damage|p1a: Melmetal|88/100 brn|[from] brn
|upkeep
|turn|6
|
|t:|1655102795
|move|p2a: Moltres|Scorching Sands|p1a: Melmetal
|-supereffective|p1a: Melmetal
|-damage|p1a: Melmetal|69/100 brn
|move|p1a: Melmetal|Thunder Punch|p2a: Moltres
|-supereffective|p2a: Moltres
|-damage|p2a: Moltres|52/100
|
|-weather|RainDance|[upkeep]
|-damage|p1a: Melmetal|63/100 brn|[from] brn
|upkeep
|turn|7
|
|t:|1655102805
|move|p2a: Moltres|Roost|p2a: Moltres
|-heal|p2a: Moltres|100/100
|-singleturn|p2a: Moltres|move: Roost
|move|p1a: Melmetal|Earthquake|p2a: Moltres
|-supereffective|p2a: Moltres
|-damage|p2a: Moltres|78/100
|
|-weather|RainDance|[upkeep]
|-damage|p1a: Melmetal|57/100 brn|[from] brn
|-fieldend|move: Electric Terrain
|upkeep
|turn|8
|
|t:|1655102812
|switch|p1a: Landorus|Landorus-Therian, M|76/100 tox
|-damage|p1a: Landorus|64/100 tox|[from] Stealth Rock
|-ability|p1a: Landorus|Intimidate|boost
|-unboost|p2a: Moltres|atk|1
|move|p2a: Moltres|Hurricane|p1a: Landorus
|-damage|p1a: Landorus|30/100 tox
|-start|p1a: Landorus|confusion
|
|-weather|RainDance|[upkeep]
|-heal|p1a: Landorus|36/100 tox|[from] item: Leftovers
|-damage|p1a: Landorus|30/100 tox|[from] psn
|upkeep
|turn|9
|
|t:|1655102827
|switch|p2a: Amoonguss|Amoonguss, F|100/100
|-activate|p1a: Landorus|confusion
|-damage|p1a: Landorus|18/100 tox|[from] confusion
|
|-weather|RainDance|[upkeep]
|-heal|p1a: Landorus|24/100 tox|[from] item: Leftovers
|-damage|p1a: Landorus|12/100 tox|[from] psn
|upkeep
|turn|10
|
|t:|1655102836
|-activate|p1a: Landorus|confusion
|-damage|p1a: Landorus|0 fnt|[from] confusion
|faint|p1a: Landorus
|move|p2a: Amoonguss|Giga Drain|p1: Landorus|[notarget]
|-fail|p2a: Amoonguss
|
|-weather|RainDance|[upkeep]
|upkeep
|
|t:|1655102847
|switch|p1a: Melmetal|Melmetal|57/100 brn
|-damage|p1a: Melmetal|51/100 brn|[from] Stealth Rock
|turn|11
|
|t:|1655102854
|switch|p2a: Moltres|Moltres|78/100
|move|p1a: Melmetal|Earthquake|p2a: Moltres
|-immune|p2a: Moltres
|
|-weather|none
|-damage|p1a: Melmetal|45/100 brn|[from] brn
|upkeep
|turn|12
|
|t:|1655102859
|move|p2a: Moltres|Scorching Sands|p1a: Melmetal
|-supereffective|p1a: Melmetal
|-damage|p1a: Melmetal|26/100 brn
|move|p1a: Melmetal|Thunder Punch|p2a: Moltres
|-supereffective|p2a: Moltres
|-damage|p2a: Moltres|56/100
|
|-damage|p1a: Melmetal|20/100 brn|[from] brn
|upkeep
|turn|13
|
|t:|1655102864
|move|p2a: Moltres|Roost|p2a: Moltres
|-heal|p2a: Moltres|100/100
|-singleturn|p2a: Moltres|move: Roost
|move|p1a: Melmetal|Thunder Punch|p2a: Moltres
|-damage|p2a: Moltres|90/100
|
|-damage|p1a: Melmetal|14/100 brn|[from] brn
|upkeep
|turn|14
|
|t:|1655102868
|move|p2a: Moltres|Scorching Sands|p1a: Melmetal
|-supereffective|p1a: Melmetal
|-damage|p1a: Melmetal|0 fnt
|faint|p1a: Melmetal
|
|upkeep
|
|t:|1655102880
|switch|p1a: Tapu Koko|Tapu Koko|84/100
|-fieldstart|move: Electric Terrain|[from] ability: Electric Surge|[of] p1a: Tapu Koko
|turn|15
|
|t:|1655102884
|switch|p2a: Amoonguss|Amoonguss, F|100/100
|move|p1a: Tapu Koko|U-turn|p2a: Amoonguss
|-damage|p2a: Amoonguss|88/100
|-damage|p1a: Tapu Koko|68/100|[from] item: Rocky Helmet|[of] p2a: Amoonguss
|
|t:|1655102891
|switch|p1a: Weavile|Weavile, M|100/100|[from]move: U-turn
|-ability|p1a: Weavile|Pressure
|
|upkeep
|turn|16
|
|t:|1655102894
|switch|p2a: Moltres|Moltres|90/100
|move|p1a: Weavile|Swords Dance|p1a: Weavile
|-boost|p1a: Weavile|atk|2
|
|upkeep
|turn|17
|
|t:|1655102903
|move|p1a: Weavile|Triple Axel|p2a: Moltres
|-damage|p2a: Moltres|76/100
|-damage|p2a: Moltres|49/100
|-damage|p2a: Moltres|7/100
|-status|p1a: Weavile|brn|[from] ability: Flame Body|[of] p2a: Moltres
|-hitcount|p2a: Moltres|3
|move|p2a: Moltres|Hurricane|p1a: Weavile
|-damage|p1a: Weavile|39/100 brn
|
|-damage|p1a: Weavile|33/100 brn|[from] brn
|upkeep
|turn|18
|
|t:|1655102913
|switch|p2a: Pelipper|Pelipper, F|100/100
|-weather|RainDance|[from] ability: Drizzle|[of] p2a: Pelipper
|move|p1a: Weavile|Knock Off|p2a: Pelipper
|-damage|p2a: Pelipper|65/100
|-enditem|p2a: Pelipper|Damp Rock|[from] move: Knock Off|[of] p1a: Weavile
|
|-weather|RainDance|[upkeep]
|-damage|p1a: Weavile|27/100 brn|[from] brn
|upkeep
|turn|19
|
|t:|1655102918
|move|p1a: Weavile|Knock Off|p2a: Pelipper
|-damage|p2a: Pelipper|39/100
|move|p2a: Pelipper|Roost|p2a: Pelipper
|-heal|p2a: Pelipper|89/100
|-singleturn|p2a: Pelipper|move: Roost
|
|-weather|RainDance|[upkeep]
|-damage|p1a: Weavile|21/100 brn|[from] brn
|-fieldend|move: Electric Terrain
|upkeep
|turn|20
|
|t:|1655102923
|move|p1a: Weavile|Swords Dance|p1a: Weavile
|-boost|p1a: Weavile|atk|2
|move|p2a: Pelipper|U-turn|p1a: Weavile
|-supereffective|p1a: Weavile
|-damage|p1a: Weavile|0 fnt
|faint|p1a: Weavile
|
|t:|1655102929
|switch|p2a: Sharpedo|Sharpedo, F|100/100|[from]move: U-turn
|
|-weather|RainDance|[upkeep]
|upkeep
|
|t:|1655102938
|switch|p1a: Tapu Koko|Tapu Koko|68/100
|-fieldstart|move: Electric Terrain|[from] ability: Electric Surge|[of] p1a: Tapu Koko
|turn|21
|
|t:|1655102943
|move|p2a: Sharpedo|Protect|p2a: Sharpedo
|-singleturn|p2a: Sharpedo|Protect
|move|p1a: Tapu Koko|Roost|p1a: Tapu Koko
|-heal|p1a: Tapu Koko|100/100
|-singleturn|p1a: Tapu Koko|move: Roost
|
|-weather|RainDance|[upkeep]
|-ability|p2a: Sharpedo|Speed Boost|boost
|-boost|p2a: Sharpedo|spe|1
|upkeep
|turn|22
|
|t:|1655102948
|move|p2a: Sharpedo|Waterfall|p1a: Tapu Koko
|-damage|p1a: Tapu Koko|0 fnt
|faint|p1a: Tapu Koko
|-damage|p2a: Sharpedo|91/100|[from] item: Life Orb
|
|-weather|RainDance|[upkeep]
|-ability|p2a: Sharpedo|Speed Boost|boost
|-boost|p2a: Sharpedo|spe|1
|upkeep
|
|t:|1655102954
|switch|p1a: Dragonite|Dragonite, M|100/100
|turn|23
|
|t:|1655102961
|move|p2a: Sharpedo|Crunch|p1a: Dragonite
|-damage|p1a: Dragonite|75/100
|-damage|p2a: Sharpedo|81/100|[from] item: Life Orb
|move|p1a: Dragonite|Roost|p1a: Dragonite
|-heal|p1a: Dragonite|100/100
|-singleturn|p1a: Dragonite|move: Roost
|
|-weather|RainDance|[upkeep]
|-ability|p2a: Sharpedo|Speed Boost|boost
|-boost|p2a: Sharpedo|spe|1
|upkeep
|turn|24
|
|t:|1655102966
|move|p2a: Sharpedo|Crunch|p1a: Dragonite
|-damage|p1a: Dragonite|75/100
|-damage|p2a: Sharpedo|71/100|[from] item: Life Orb
|move|p1a: Dragonite|Roost|p1a: Dragonite
|-heal|p1a: Dragonite|100/100
|-singleturn|p1a: Dragonite|move: Roost
|
|-weather|RainDance|[upkeep]
|-ability|p2a: Sharpedo|Speed Boost|boost
|-boost|p2a: Sharpedo|spe|1
|upkeep
|turn|25
|
|t:|1655102972
|switch|p2a: Amoonguss|Amoonguss, F|100/100
|move|p1a: Dragonite|Roost||[still]
|-fail|p1a: Dragonite|heal
|
|-weather|none
|-fieldend|move: Electric Terrain
|upkeep
|turn|26
|
|t:|1655102978
|move|p1a: Dragonite|Dragon Dance|p1a: Dragonite
|-boost|p1a: Dragonite|atk|1
|-boost|p1a: Dragonite|spe|1
|move|p2a: Amoonguss|Spore|p1a: Dragonite
|-status|p1a: Dragonite|slp|[from] move: Spore
|
|upkeep
|turn|27
|
|t:|1655102980
|cant|p1a: Dragonite|slp
|move|p2a: Amoonguss|Clear Smog|p1a: Dragonite
|-damage|p1a: Dragonite|93/100 slp
|-clearboost|p1a: Dragonite
|
|upkeep
|turn|28
|
|t:|1655102984
|cant|p1a: Dragonite|slp
|move|p2a: Amoonguss|Foul Play|p1a: Dragonite
|-damage|p1a: Dragonite|64/100 slp
|
|upkeep
|turn|29
|
|t:|1655102987
|cant|p1a: Dragonite|slp
|move|p2a: Amoonguss|Foul Play|p1a: Dragonite
|-damage|p1a: Dragonite|34/100 slp
|
|upkeep
|turn|30
|
|t:|1655102990
|-curestatus|p1a: Dragonite|slp|[msg]
|move|p1a: Dragonite|Roost|p1a: Dragonite
|-heal|p1a: Dragonite|84/100
|-singleturn|p1a: Dragonite|move: Roost
|move|p2a: Amoonguss|Spore|p1a: Dragonite
|-status|p1a: Dragonite|slp|[from] move: Spore
|
|upkeep
|turn|31
|
|t:|1655102999
|switch|p1a: Victini|Victini|100/100
|switch|p2a: Blastoise|Blastoise, M|100/100
|
|upkeep
|turn|32
|
|t:|1655103009
|switch|p2a: Pelipper|Pelipper, F|89/100
|-weather|RainDance|[from] ability: Drizzle|[of] p2a: Pelipper
|move|p1a: Victini|Bolt Strike|p2a: Pelipper
|-supereffective|p2a: Pelipper
|-damage|p2a: Pelipper|0 fnt
|faint|p2a: Pelipper
|
|-weather|RainDance|[upkeep]
|upkeep
|
|t:|1655103014
|switch|p2a: Sharpedo|Sharpedo, F|71/100
|turn|33
|
|t:|1655103019
|switch|p1a: Dragonite|Dragonite, M|84/100 slp
|move|p2a: Sharpedo|Protect||[still]
|-fail|p2a: Sharpedo
|
|-weather|RainDance|[upkeep]
|-ability|p2a: Sharpedo|Speed Boost|boost
|-boost|p2a: Sharpedo|spe|1
|upkeep
|turn|34
|
|t:|1655103023
|move|p2a: Sharpedo|Crunch|p1a: Dragonite
|-damage|p1a: Dragonite|38/100 slp
|-damage|p2a: Sharpedo|61/100|[from] item: Life Orb
|cant|p1a: Dragonite|slp
|
|-weather|RainDance|[upkeep]
|-ability|p2a: Sharpedo|Speed Boost|boost
|-boost|p2a: Sharpedo|spe|1
|upkeep
|turn|35
|-message|nonototo22ben forfeited.
|
|win|blacksponge
|raw|nonototo22ben's rating: 1394 &rarr; <strong>1377</strong><br />(-17 for losing)
|raw|blacksponge's rating: 1454 &rarr; <strong>1471</strong><br />(+17 for winning)
|l|☆nonototo22ben
