|j|☆Allelaja
|j|☆Chaos92031
|t:|1645648942
|gametype|singles
|player|p1|Allelaja|richboy-gen4|1617
|player|p2|Chaos92031|blue|1585
|teamsize|p1|6
|teamsize|p2|6
|gen|8
|tier|[Gen 8] OU
|rated|
|rule|Sleep Clause Mod: Limit one foe put to sleep
|rule|Species Clause: Limit one of each Pokémon
|rule|OHKO Clause: OHKO moves are banned
|rule|Evasion Moves Clause: Evasion moves are banned
|rule|Endless Battle Clause: Forcing endless battles is banned
|rule|HP Percentage Mod: HP is shown in percentages
|rule|Dynamax Clause: You cannot dynamax
|clearpoke
|poke|p1|Urshifu-*, F|
|poke|p1|Bisharp, F|
|poke|p1|Zapdos|
|poke|p1|Nidoking, M|
|poke|p1|Tapu Lele|
|poke|p1|Blissey, F|
|poke|p2|Garchomp, M|
|poke|p2|Volcarona, F|
|poke|p2|Tapu Fini|
|poke|p2|Ferrothorn, M|
|poke|p2|Weavile, F|
|poke|p2|Tapu Koko|
|teampreview
|inactive|Battle timer is ON: inactive players will automatically lose when time's up. (requested by Allelaja)
|
|t:|1645648960
|start
|switch|p1a: Djibril Cissé|Nidoking, M|100/100
|switch|p2a: Weavile|Weavile, F|100/100
|-ability|p2a: Weavile|Pressure
|turn|1
|
|t:|1645648968
|switch|p1a: Stéphane Grichting|Bisharp, F|100/100
|move|p2a: Weavile|Triple Axel|p1a: Stéphane Grichting
|-resisted|p1a: Stéphane Grichting
|-damage|p1a: Stéphane Grichting|91/100
|-resisted|p1a: Stéphane Grichting
|-damage|p1a: Stéphane Grichting|72/100
|-resisted|p1a: Stéphane Grichting
|-damage|p1a: Stéphane Grichting|46/100
|-hitcount|p1a: Stéphane Grichting|3
|
|upkeep
|turn|2
|
|t:|1645648984
|move|p2a: Weavile|Triple Axel|p1a: Stéphane Grichting
|-resisted|p1a: Stéphane Grichting
|-damage|p1a: Stéphane Grichting|37/100
|-resisted|p1a: Stéphane Grichting
|-damage|p1a: Stéphane Grichting|17/100
|-resisted|p1a: Stéphane Grichting
|-damage|p1a: Stéphane Grichting|0 fnt
|faint|p1a: Stéphane Grichting
|-hitcount|p1: Stéphane Grichting|3
|
|upkeep
|
|t:|1645648988
|switch|p1a: Eric Cantona|Urshifu-Rapid-Strike, F|100/100
|turn|3
|
|t:|1645648998
|switch|p2a: Tapu Fini|Tapu Fini|100/100
|-fieldstart|move: Misty Terrain|[from] ability: Misty Surge|[of] p2a: Tapu Fini
|move|p1a: Eric Cantona|U-turn|p2a: Tapu Fini
|-resisted|p2a: Tapu Fini
|-damage|p2a: Tapu Fini|83/100
|
|t:|1645649001
|switch|p1a: Djibril Cissé|Nidoking, M|100/100|[from]move: U-turn
|
|-heal|p2a: Tapu Fini|89/100|[from] item: Leftovers
|upkeep
|turn|4
|
|t:|1645649013
|switch|p2a: Garchomp|Garchomp, M|100/100
|move|p1a: Djibril Cissé|Sludge Wave|p2a: Garchomp
|-resisted|p2a: Garchomp
|-damage|p2a: Garchomp|66/100
|
|-heal|p2a: Garchomp|72/100|[from] item: Leftovers
|upkeep
|turn|5
|
|t:|1645649020
|switch|p1a: Benoît Pedretti|Zapdos|100/100
|move|p2a: Garchomp|Swords Dance|p2a: Garchomp
|-boost|p2a: Garchomp|atk|2
|
|-heal|p2a: Garchomp|78/100|[from] item: Leftovers
|upkeep
|turn|6
|
|t:|1645649024
|switch|p1a: Yaya Sanogo|Tapu Lele|100/100
|-fieldstart|move: Psychic Terrain|[from] ability: Psychic Surge|[of] p1a: Yaya Sanogo
|move|p2a: Garchomp|Scale Shot|p1a: Yaya Sanogo
|-immune|p1a: Yaya Sanogo
|
|-heal|p2a: Garchomp|85/100|[from] item: Leftovers
|upkeep
|turn|7
|
|t:|1645649035
|switch|p2a: Ferrothorn|Ferrothorn, M|100/100
|move|p1a: Yaya Sanogo|Moonblast|p2a: Ferrothorn
|-resisted|p2a: Ferrothorn
|-damage|p2a: Ferrothorn|80/100
|-unboost|p2a: Ferrothorn|spa|1
|
|upkeep
|turn|8
|
|t:|1645649042
|switch|p1a: Eric Cantona|Urshifu-Rapid-Strike, F|100/100
|move|p2a: Ferrothorn|Gyro Ball|p1a: Eric Cantona
|-resisted|p1a: Eric Cantona
|-damage|p1a: Eric Cantona|74/100
|
|upkeep
|turn|9
|
|t:|1645649055
|switch|p2a: Tapu Fini|Tapu Fini|89/100
|-fieldstart|move: Misty Terrain|[from] ability: Misty Surge|[of] p2a: Tapu Fini
|move|p1a: Eric Cantona|Close Combat|p2a: Tapu Fini
|-resisted|p2a: Tapu Fini
|-damage|p2a: Tapu Fini|44/100
|-unboost|p1a: Eric Cantona|def|1
|-unboost|p1a: Eric Cantona|spd|1
|
|-heal|p2a: Tapu Fini|50/100|[from] item: Leftovers
|upkeep
|turn|10
|
|t:|1645649067
|switch|p1a: Djibril Cissé|Nidoking, M|100/100
|move|p2a: Tapu Fini|Moonblast|p1a: Djibril Cissé
|-resisted|p1a: Djibril Cissé
|-damage|p1a: Djibril Cissé|71/100
|
|-heal|p2a: Tapu Fini|56/100|[from] item: Leftovers
|upkeep
|turn|11
|
|t:|1645649085
|move|p1a: Djibril Cissé|Earth Power|p2a: Tapu Fini
|-damage|p2a: Tapu Fini|4/100
|move|p2a: Tapu Fini|Scald|p1a: Djibril Cissé
|-supereffective|p1a: Djibril Cissé
|-damage|p1a: Djibril Cissé|0 fnt
|faint|p1a: Djibril Cissé
|
|-heal|p2a: Tapu Fini|10/100|[from] item: Leftovers
|upkeep
|
|t:|1645649091
|switch|p1a: Eric Cantona|Urshifu-Rapid-Strike, F|74/100
|turn|12
|
|t:|1645649095
|move|p1a: Eric Cantona|U-turn|p2a: Tapu Fini
|-resisted|p2a: Tapu Fini
|-damage|p2a: Tapu Fini|0 fnt
|faint|p2a: Tapu Fini
|
|t:|1645649099
|switch|p1a: Yaya Sanogo|Tapu Lele|100/100|[from]move: U-turn
|-fieldstart|move: Psychic Terrain|[from] ability: Psychic Surge|[of] p1a: Yaya Sanogo
|
|upkeep
|
|t:|1645649114
|switch|p2a: Tapu Koko|Tapu Koko|100/100
|-fieldstart|move: Electric Terrain|[from] ability: Electric Surge|[of] p2a: Tapu Koko
|turn|13
|
|t:|1645649118
|move|p1a: Yaya Sanogo|Psychic|p2a: Tapu Koko
|-crit|p2a: Tapu Koko
|-damage|p2a: Tapu Koko|0 fnt
|faint|p2a: Tapu Koko
|
|upkeep
|
|t:|1645649129
|switch|p2a: Weavile|Weavile, F|100/100
|-ability|p2a: Weavile|Pressure
|turn|14
|
|t:|1645649135
|switch|p1a: Benoît Pedretti|Zapdos|100/100
|move|p2a: Weavile|Knock Off|p1a: Benoît Pedretti
|-damage|p1a: Benoît Pedretti|46/100
|-enditem|p1a: Benoît Pedretti|Heavy-Duty Boots|[from] move: Knock Off|[of] p2a: Weavile
|
|upkeep
|turn|15
|
|t:|1645649149
|switch|p2a: Volcarona|Volcarona, F, shiny|100/100
|move|p1a: Benoît Pedretti|Volt Switch|p2a: Volcarona
|-damage|p2a: Volcarona|73/100
|
|t:|1645649153
|switch|p1a: Stéphane Guivarc'h|Blissey, F|100/100|[from]move: Volt Switch
|
|upkeep
|turn|16
|
|t:|1645649161
|switch|p2a: Ferrothorn|Ferrothorn, M|80/100
|move|p1a: Stéphane Guivarc'h|Stealth Rock|p2a: Ferrothorn
|-sidestart|p2: Chaos92031|move: Stealth Rock
|
|upkeep
|turn|17
|
|t:|1645649170
|switch|p1a: Eric Cantona|Urshifu-Rapid-Strike, F|74/100
|move|p2a: Ferrothorn|Leech Seed|p1a: Eric Cantona
|-start|p1a: Eric Cantona|move: Leech Seed
|
|-damage|p1a: Eric Cantona|61/100|[from] Leech Seed|[of] p2a: Ferrothorn
|-heal|p2a: Ferrothorn|92/100|[silent]
|-fieldend|move: Electric Terrain
|upkeep
|turn|18
|
|t:|1645649178
|switch|p2a: Volcarona|Volcarona, F, shiny|73/100
|move|p1a: Eric Cantona|Close Combat|p2a: Volcarona
|-resisted|p2a: Volcarona
|-damage|p2a: Volcarona|34/100
|-unboost|p1a: Eric Cantona|def|1
|-unboost|p1a: Eric Cantona|spd|1
|-status|p1a: Eric Cantona|brn|[from] ability: Flame Body|[of] p2a: Volcarona
|
|-damage|p1a: Eric Cantona|49/100 brn|[from] Leech Seed|[of] p2a: Volcarona
|-heal|p2a: Volcarona|46/100|[silent]
|-damage|p1a: Eric Cantona|43/100 brn|[from] brn
|upkeep
|turn|19
|
|t:|1645649194
|switch|p1a: Stéphane Guivarc'h|Blissey, F|100/100
|move|p2a: Volcarona|Roost|p2a: Volcarona
|-heal|p2a: Volcarona|96/100
|-singleturn|p2a: Volcarona|move: Roost
|
|upkeep
|turn|20
|
|t:|1645649203
|switch|p2a: Ferrothorn|Ferrothorn, M|92/100
|-damage|p2a: Ferrothorn|86/100|[from] Stealth Rock
|switch|p1a: Eric Cantona|Urshifu-Rapid-Strike, F|43/100 brn
|
|-damage|p1a: Eric Cantona|37/100 brn|[from] brn
|upkeep
|turn|21
|
|t:|1645649225
|switch|p2a: Volcarona|Volcarona, F, shiny|96/100
|move|p1a: Eric Cantona|Close Combat|p2a: Volcarona
|-resisted|p2a: Volcarona
|-crit|p2a: Volcarona
|-damage|p2a: Volcarona|67/100
|-unboost|p1a: Eric Cantona|def|1
|-unboost|p1a: Eric Cantona|spd|1
|
|-damage|p1a: Eric Cantona|31/100 brn|[from] brn
|upkeep
|turn|22
|
|t:|1645649230
|switch|p1a: Stéphane Guivarc'h|Blissey, F|100/100
|move|p2a: Volcarona|Psychic|p1a: Stéphane Guivarc'h
|-damage|p1a: Stéphane Guivarc'h|90/100
|
|upkeep
|turn|23
|
|t:|1645649235
|switch|p1a: Eric Cantona|Urshifu-Rapid-Strike, F|31/100 brn
|move|p2a: Volcarona|Roost|p2a: Volcarona
|-heal|p2a: Volcarona|100/100
|-singleturn|p2a: Volcarona|move: Roost
|
|-damage|p1a: Eric Cantona|25/100 brn|[from] brn
|upkeep
|turn|24
|
|t:|1645649244
|move|p1a: Eric Cantona|Close Combat|p2a: Volcarona
|-resisted|p2a: Volcarona
|-damage|p2a: Volcarona|78/100
|-unboost|p1a: Eric Cantona|def|1
|-unboost|p1a: Eric Cantona|spd|1
|move|p2a: Volcarona|Psychic|p1a: Eric Cantona
|-supereffective|p1a: Eric Cantona
|-damage|p1a: Eric Cantona|0 fnt
|faint|p1a: Eric Cantona
|
|upkeep
|
|t:|1645649247
|switch|p1a: Stéphane Guivarc'h|Blissey, F|90/100
|turn|25
|
|t:|1645649259
|switch|p2a: Ferrothorn|Ferrothorn, M|86/100
|-damage|p2a: Ferrothorn|80/100|[from] Stealth Rock
|switch|p1a: Yaya Sanogo|Tapu Lele|100/100
|-fieldstart|move: Psychic Terrain|[from] ability: Psychic Surge|[of] p1a: Yaya Sanogo
|
|upkeep
|turn|26
|
|t:|1645649264
|move|p1a: Yaya Sanogo|Focus Blast|p2a: Ferrothorn
|-supereffective|p2a: Ferrothorn
|-damage|p2a: Ferrothorn|10/100
|move|p2a: Ferrothorn|Stealth Rock|p1a: Yaya Sanogo
|-sidestart|p1: Allelaja|move: Stealth Rock
|
|upkeep
|turn|27
|
|t:|1645649279
|move|p1a: Yaya Sanogo|Focus Blast|p2a: Ferrothorn
|-supereffective|p2a: Ferrothorn
|-damage|p2a: Ferrothorn|0 fnt
|faint|p2a: Ferrothorn
|
|upkeep
|
|t:|1645649286
|switch|p2a: Volcarona|Volcarona, F, shiny|78/100
|turn|28
|
|t:|1645649290
|switch|p1a: Benoît Pedretti|Zapdos|46/100
|-damage|p1a: Benoît Pedretti|21/100|[from] Stealth Rock
|move|p2a: Volcarona|Quiver Dance|p2a: Volcarona
|-boost|p2a: Volcarona|spa|1
|-boost|p2a: Volcarona|spd|1
|-boost|p2a: Volcarona|spe|1
|
|upkeep
|turn|29
|
|t:|1645649294
|move|p2a: Volcarona|Flamethrower|p1a: Benoît Pedretti
|-damage|p1a: Benoît Pedretti|0 fnt
|faint|p1a: Benoît Pedretti
|
|-fieldend|move: Psychic Terrain
|upkeep
|
|t:|1645649296
|switch|p1a: Stéphane Guivarc'h|Blissey, F|90/100
|turn|30
|
|t:|1645649311
|switch|p2a: Garchomp|Garchomp, M|85/100
|-damage|p2a: Garchomp|78/100|[from] Stealth Rock
|move|p1a: Stéphane Guivarc'h|Toxic|p2a: Garchomp
|-status|p2a: Garchomp|tox
|
|-heal|p2a: Garchomp|85/100 tox|[from] item: Leftovers
|-damage|p2a: Garchomp|78/100 tox|[from] psn
|upkeep
|turn|31
|
|t:|1645649314
|switch|p1a: Yaya Sanogo|Tapu Lele|100/100
|-damage|p1a: Yaya Sanogo|88/100|[from] Stealth Rock
|-fieldstart|move: Psychic Terrain|[from] ability: Psychic Surge|[of] p1a: Yaya Sanogo
|move|p2a: Garchomp|Earthquake|p1a: Yaya Sanogo
|-damage|p1a: Yaya Sanogo|13/100
|
|-heal|p2a: Garchomp|85/100 tox|[from] item: Leftovers
|-damage|p2a: Garchomp|72/100 tox|[from] psn
|upkeep
|turn|32
|
|t:|1645649334
|switch|p2a: Volcarona|Volcarona, F, shiny|78/100
|move|p1a: Yaya Sanogo|Moonblast|p2a: Volcarona
|-resisted|p2a: Volcarona
|-damage|p2a: Volcarona|58/100
|
|upkeep
|turn|33
|
|t:|1645649346
|switch|p1a: Stéphane Guivarc'h|Blissey, F|90/100
|move|p2a: Volcarona|Psychic|p1a: Stéphane Guivarc'h
|-damage|p1a: Stéphane Guivarc'h|78/100
|
|upkeep
|turn|34
|
|t:|1645649354
|switch|p2a: Garchomp|Garchomp, M|72/100 tox
|-damage|p2a: Garchomp|66/100 tox|[from] Stealth Rock
|move|p1a: Stéphane Guivarc'h|Seismic Toss|p2a: Garchomp
|-damage|p2a: Garchomp|38/100 tox
|-damage|p1a: Stéphane Guivarc'h|65/100|[from] ability: Rough Skin|[of] p2a: Garchomp
|
|-heal|p2a: Garchomp|44/100 tox|[from] item: Leftovers
|-damage|p2a: Garchomp|38/100 tox|[from] psn
|upkeep
|turn|35
|
|t:|1645649356
|move|p2a: Garchomp|Earthquake|p1a: Stéphane Guivarc'h
|-damage|p1a: Stéphane Guivarc'h|23/100
|move|p1a: Stéphane Guivarc'h|Soft-Boiled|p1a: Stéphane Guivarc'h
|-heal|p1a: Stéphane Guivarc'h|73/100
|
|-heal|p2a: Garchomp|44/100 tox|[from] item: Leftovers
|-damage|p2a: Garchomp|32/100 tox|[from] psn
|-fieldend|move: Psychic Terrain
|upkeep
|turn|36
|
|t:|1645649368
|move|p2a: Garchomp|Earthquake|p1a: Stéphane Guivarc'h
|-damage|p1a: Stéphane Guivarc'h|26/100
|move|p1a: Stéphane Guivarc'h|Soft-Boiled|p1a: Stéphane Guivarc'h
|-heal|p1a: Stéphane Guivarc'h|77/100
|
|-heal|p2a: Garchomp|38/100 tox|[from] item: Leftovers
|-damage|p2a: Garchomp|20/100 tox|[from] psn
|upkeep
|turn|37
|
|t:|1645649380
|move|p2a: Garchomp|Swords Dance|p2a: Garchomp
|-boost|p2a: Garchomp|atk|2
|move|p1a: Stéphane Guivarc'h|Soft-Boiled|p1a: Stéphane Guivarc'h
|-heal|p1a: Stéphane Guivarc'h|100/100
|
|-heal|p2a: Garchomp|26/100 tox|[from] item: Leftovers
|-damage|p2a: Garchomp|1/100 tox|[from] psn
|upkeep
|turn|38
|
|t:|1645649388
|move|p2a: Garchomp|Earthquake|p1a: Stéphane Guivarc'h
|-damage|p1a: Stéphane Guivarc'h|9/100
|move|p1a: Stéphane Guivarc'h|Soft-Boiled|p1a: Stéphane Guivarc'h
|-heal|p1a: Stéphane Guivarc'h|59/100
|
|-heal|p2a: Garchomp|7/100 tox|[from] item: Leftovers
|-damage|p2a: Garchomp|0 fnt|[from] psn
|faint|p2a: Garchomp
|upkeep
|c|☆Allelaja|well gg
|
|t:|1645649400
|switch|p2a: Weavile|Weavile, F|100/100
|-damage|p2a: Weavile|76/100|[from] Stealth Rock
|-ability|p2a: Weavile|Pressure
|turn|39
|c|☆Allelaja|i have to admit that the double triple axel on turns 1 and 2 were balls
|
|t:|1645649412
|move|p2a: Weavile|Knock Off|p1a: Stéphane Guivarc'h
|-damage|p1a: Stéphane Guivarc'h|0 fnt
|-enditem|p1a: Stéphane Guivarc'h|Heavy-Duty Boots|[from] move: Knock Off|[of] p2a: Weavile
|faint|p1a: Stéphane Guivarc'h
|
|upkeep
|
|t:|1645649415
|switch|p1a: Yaya Sanogo|Tapu Lele|13/100
|-damage|p1a: Yaya Sanogo|0 fnt|[from] Stealth Rock
|faint|p1a: Yaya Sanogo
|
|win|Chaos92031
|raw|Allelaja's rating: 1617 &rarr; <strong>1595</strong><br />(-22 for losing)
|raw|Chaos92031's rating: 1585 &rarr; <strong>1607</strong><br />(+22 for winning)
|l|☆Allelaja
|c|☆Chaos92031|well thank you lol
||Ladder isn't responding, score probably updated but might not have (Request timeout).
