|j|☆2222mm
|j|☆Genesis GarchompGT
|player|p1|2222mm|wallace|1415
|player|p2|Genesis GarchompGT|morty|1408
|teamsize|p1|6
|teamsize|p2|6
|gametype|singles
|gen|8
|tier|[Gen 8] OU
|rated|
|clearpoke
|poke|p1|Mew|
|poke|p1|Magearna|
|poke|p1|Bisharp, M|
|poke|p1|Azumarill, M|
|poke|p1|Dragapult, F|
|poke|p1|Hawlucha, M|
|poke|p2|Volcarona, F|
|poke|p2|Mandibuzz, F|
|poke|p2|Slowbro, F|
|poke|p2|Hippowdon, F|
|poke|p2|Urshifu-*, M|
|poke|p2|Magearna|
|rule|Sleep Clause Mod: Limit one foe put to sleep
|rule|Species Clause: Limit one of each Pokémon
|rule|OHKO Clause: OHKO moves are banned
|rule|Evasion Moves Clause: Evasion moves are banned
|rule|Endless Battle Clause: Forcing endless battles is banned
|rule|HP Percentage Mod: HP is shown in percentages
|rule|Dynamax Clause: You cannot dynamax
|teampreview
|c|☆Genesis GarchompGT|ah une sample
|inactive|Battle timer is ON: inactive players will automatically lose when time's up. (requested by 2222mm)
|
|start
|switch|p1a: Mew|Mew|100/100
|switch|p2a: Destroy|Urshifu, M|100/100
|turn|1
|
|move|p1a: Mew|Spikes|p2a: Destroy
|-sidestart|p2: Genesis GarchompGT|Spikes
|move|p2a: Destroy|U-turn|p1a: Mew
|-supereffective|p1a: Mew
|-damage|p1a: Mew|38/100
|-enditem|p1a: Mew|Red Card|[of] p2a: Destroy
|drag|p2a: Zera Is Suck|Hippowdon, F|100/100
|-damage|p2a: Zera Is Suck|88/100|[from] Spikes
|-weather|Sandstorm|[from] ability: Sand Stream|[of] p2a: Zera Is Suck
|
|-weather|Sandstorm|[upkeep]
|-damage|p1a: Mew|31/100|[from] Sandstorm
|upkeep
|turn|2
|
|move|p1a: Mew|Taunt|p2a: Zera Is Suck
|-start|p2a: Zera Is Suck|move: Taunt
|move|p2a: Zera Is Suck|Earthquake|p1a: Mew
|-damage|p1a: Mew|0 fnt
|faint|p1a: Mew
|
|-weather|Sandstorm|[upkeep]
|upkeep
|
|switch|p1a: Azumarill|Azumarill, M|100/100
|turn|3
|
|switch|p2a: Poltergeist|Slowbro, F|100/100
|-damage|p2a: Poltergeist|88/100|[from] Spikes
|move|p1a: Azumarill|Belly Drum|p1a: Azumarill
|-damage|p1a: Azumarill|50/100
|-setboost|p1a: Azumarill|atk|6|[from] move: Belly Drum
|-enditem|p1a: Azumarill|Sitrus Berry|[eat]
|-heal|p1a: Azumarill|75/100|[from] item: Sitrus Berry
|
|-weather|Sandstorm|[upkeep]
|-damage|p1a: Azumarill|69/100|[from] Sandstorm
|-damage|p2a: Poltergeist|82/100|[from] Sandstorm
|upkeep
|turn|4
|
|move|p1a: Azumarill|Knock Off|p2a: Poltergeist
|-supereffective|p2a: Poltergeist
|-damage|p2a: Poltergeist|0 fnt
|faint|p2a: Poltergeist
|
|-weather|Sandstorm|[upkeep]
|-damage|p1a: Azumarill|63/100|[from] Sandstorm
|upkeep
|
|switch|p2a: Galatea|Magearna|100/100
|-damage|p2a: Galatea|88/100|[from] Spikes
|turn|5
|
|move|p1a: Azumarill|Aqua Jet|p2a: Galatea
|-damage|p2a: Galatea|0 fnt
|faint|p2a: Galatea
|
|-weather|none
|upkeep
|
|switch|p2a: Destroy|Urshifu, M|100/100
|-damage|p2a: Destroy|88/100|[from] Spikes
|turn|6
|
|move|p1a: Azumarill|Aqua Jet|p2a: Destroy
|-damage|p2a: Destroy|0 fnt
|faint|p2a: Destroy
|
|upkeep
|
|switch|p2a: Zera Is Suck|Hippowdon, F|88/100
|-damage|p2a: Zera Is Suck|76/100|[from] Spikes
|-weather|Sandstorm|[from] ability: Sand Stream|[of] p2a: Zera Is Suck
|turn|7
|
|move|p1a: Azumarill|Aqua Jet|p2a: Zera Is Suck
|-supereffective|p2a: Zera Is Suck
|-damage|p2a: Zera Is Suck|0 fnt
|-damage|p1a: Azumarill|46/100|[from] item: Rocky Helmet|[of] p2a: Zera Is Suck
|faint|p2a: Zera Is Suck
|
|-weather|Sandstorm|[upkeep]
|-damage|p1a: Azumarill|40/100|[from] Sandstorm
|upkeep
|
|switch|p2a: Mandibooz|Mandibuzz, F|100/100
|turn|8
|
|move|p1a: Azumarill|Play Rough|p2a: Mandibooz
|-supereffective|p2a: Mandibooz
|-damage|p2a: Mandibooz|0 fnt
|faint|p2a: Mandibooz
|
|-weather|Sandstorm|[upkeep]
|-damage|p1a: Azumarill|34/100|[from] Sandstorm
|upkeep
|-message|Genesis GarchompGT forfeited.
|
|win|2222mm
|l|☆Genesis GarchompGT
|c|☆2222mm|lol
|raw|2222mm's rating: 1416 &rarr; <strong>1435</strong><br />(+19 for winning)
|raw|Genesis GarchompGT's rating: 1408 &rarr; <strong>1388</strong><br />(-20 for losing)
