|j|☆Arnaud senju vgc
|j|☆mr sandaconda
|player|p1|Arnaud senju vgc|alder|1796
|player|p2|mr sandaconda|nate|1850
|teamsize|p1|6
|teamsize|p2|6
|gametype|singles
|gen|8
|tier|[Gen 8] OU
|rated|
|clearpoke
|poke|p1|Ribombee, F|
|poke|p1|Togekiss, M|
|poke|p1|Bisharp, F|
|poke|p1|Excadrill, M|
|poke|p1|Cloyster, F|
|poke|p1|Necrozma|
|poke|p2|Clefable, M|
|poke|p2|Corviknight, M|
|poke|p2|Hippowdon, F|
|poke|p2|Excadrill, F|
|poke|p2|Ferrothorn, F|
|poke|p2|Terrakion|
|rule|Sleep Clause Mod: Limit one foe put to sleep
|rule|Species Clause: Limit one of each Pokémon
|rule|OHKO Clause: OHKO moves are banned
|rule|Evasion Moves Clause: Evasion moves are banned
|rule|Endless Battle Clause: Forcing endless battles is banned
|rule|HP Percentage Mod: HP is shown in percentages
|rule|Dynamax Clause: You cannot dynamax
|teampreview
|inactive|Battle timer is ON: inactive players will automatically lose when time's up. (requested by Arnaud senju vgc)
|j|‽ionlylosetoluck
|
|start
|switch|p1a: Ribombee|Ribombee, F|100/100
|switch|p2a: Excadrill|Excadrill, F|100/100
|turn|1
|j| Rororara
|
|move|p1a: Ribombee|Stun Spore|p2a: Excadrill|[miss]
|-miss|p1a: Ribombee|p2a: Excadrill
|move|p2a: Excadrill|Rapid Spin|p1a: Ribombee
|-damage|p1a: Ribombee|68/100
|-boost|p2a: Excadrill|spe|1
|
|upkeep
|turn|2
|j| Bitches In My Crib
|
|move|p2a: Excadrill|Swords Dance|p2a: Excadrill
|-boost|p2a: Excadrill|atk|2
|move|p1a: Ribombee|Stun Spore|p2a: Excadrill
|-status|p2a: Excadrill|par
|
|upkeep
|turn|3
|
|move|p1a: Ribombee|U-turn|p2a: Excadrill
|-resisted|p2a: Excadrill
|-damage|p2a: Excadrill|91/100 par
|
|switch|p1a: Excadrill|Excadrill, M|100/100|[from]move: U-turn
|-ability|p1a: Excadrill|Mold Breaker
|move|p2a: Excadrill|Rapid Spin|p1a: Excadrill
|-resisted|p1a: Excadrill
|-damage|p1a: Excadrill|74/100
|-boost|p2a: Excadrill|spe|1
|
|upkeep
|turn|4
|
|cant|p2a: Excadrill|par
|move|p1a: Excadrill|Earthquake|p2a: Excadrill
|-supereffective|p2a: Excadrill
|-damage|p2a: Excadrill|0 fnt
|faint|p2a: Excadrill
|
|upkeep
|c|☆mr sandaconda|ofc
|c|☆mr sandaconda|u r so lucky
|
|switch|p2a: Terrakion|Terrakion|100/100
|turn|5
|
|switch|p1a: Ribombee|Ribombee, F|68/100
|move|p2a: Terrakion|Close Combat|p1a: Ribombee
|-resisted|p1a: Ribombee
|-damage|p1a: Ribombee|19/100
|-unboost|p2a: Terrakion|def|1
|-unboost|p2a: Terrakion|spd|1
|
|upkeep
|turn|6
|
|switch|p2a: Corviknight|Corviknight, M|100/100
|-ability|p2a: Corviknight|Pressure
|move|p1a: Ribombee|Stun Spore|p2a: Corviknight
|-status|p2a: Corviknight|par
|
|upkeep
|turn|7
|
|move|p1a: Ribombee|Sticky Web|p2a: Corviknight
|-sidestart|p2: mr sandaconda|move: Sticky Web
|move|p2a: Corviknight|Iron Head|p1a: Ribombee
|-supereffective|p1a: Ribombee
|-damage|p1a: Ribombee|0 fnt
|faint|p1a: Ribombee
|
|upkeep
|
|switch|p1a: Cloyster|Cloyster, F|100/100
|turn|8
|
|move|p1a: Cloyster|Shell Smash|p1a: Cloyster
|-unboost|p1a: Cloyster|def|1
|-unboost|p1a: Cloyster|spd|1
|-boost|p1a: Cloyster|atk|2
|-boost|p1a: Cloyster|spa|2
|-boost|p1a: Cloyster|spe|2
|cant|p2a: Corviknight|par
|
|upkeep
|turn|9
|
|move|p1a: Cloyster|Icicle Spear|p2a: Corviknight
|-damage|p2a: Corviknight|86/100 par
|-damage|p2a: Corviknight|72/100 par
|-damage|p2a: Corviknight|57/100 par
|-damage|p2a: Corviknight|43/100 par
|-damage|p2a: Corviknight|29/100 par
|-hitcount|p2a: Corviknight|5
|move|p2a: Corviknight|Defog|p1a: Cloyster
|-unboost|p1a: Cloyster|evasion|1
|-sideend|p2: mr sandaconda|Sticky Web|[from] move: Defog|[of] p2a: Corviknight
|
|-heal|p2a: Corviknight|35/100 par|[from] item: Leftovers
|upkeep
|turn|10
|
|move|p1a: Cloyster|Icicle Spear|p2a: Corviknight
|-damage|p2a: Corviknight|20/100 par
|-damage|p2a: Corviknight|4/100 par
|-damage|p2a: Corviknight|0 fnt
|-hitcount|p2a: Corviknight|3
|faint|p2a: Corviknight
|
|upkeep
|
|switch|p2a: Clefable|Clefable, M|100/100
|turn|11
|
|move|p1a: Cloyster|Icicle Spear|p2a: Clefable
|-damage|p2a: Clefable|85/100
|-damage|p2a: Clefable|70/100
|-damage|p2a: Clefable|55/100
|-damage|p2a: Clefable|41/100
|-damage|p2a: Clefable|26/100
|-hitcount|p2a: Clefable|5
|move|p2a: Clefable|Moonblast|p1a: Cloyster
|-damage|p1a: Cloyster|0 fnt
|faint|p1a: Cloyster
|
|upkeep
|j| sad erfef
|
|switch|p1a: Excadrill|Excadrill, M|74/100
|-ability|p1a: Excadrill|Mold Breaker
|turn|12
|
|move|p1a: Excadrill|Swords Dance|p1a: Excadrill
|-boost|p1a: Excadrill|atk|2
|move|p2a: Clefable|Moonblast|p1a: Excadrill
|-resisted|p1a: Excadrill
|-damage|p1a: Excadrill|47/100
|
|upkeep
|turn|13
|
|move|p1a: Excadrill|Rapid Spin|p2a: Clefable
|-damage|p2a: Clefable|0 fnt
|-boost|p1a: Excadrill|spe|1
|faint|p2a: Clefable
|
|upkeep
|
|switch|p2a: Ferrothorn|Ferrothorn, F|100/100
|turn|14
|
|move|p1a: Excadrill|Earthquake|p2a: Ferrothorn
|-damage|p2a: Ferrothorn|43/100
|move|p2a: Ferrothorn|Body Press|p1a: Excadrill
|-supereffective|p1a: Excadrill
|-damage|p1a: Excadrill|0 fnt
|faint|p1a: Excadrill
|
|-heal|p2a: Ferrothorn|50/100|[from] item: Leftovers
|upkeep
|
|switch|p1a: Bisharp|Bisharp, F|100/100
|turn|15
|
|move|p1a: Bisharp|Knock Off|p2a: Ferrothorn
|-damage|p2a: Ferrothorn|12/100
|-damage|p1a: Bisharp|88/100|[from] ability: Iron Barbs|[of] p2a: Ferrothorn
|-enditem|p2a: Ferrothorn|Leftovers|[from] move: Knock Off|[of] p1a: Bisharp
|-damage|p1a: Bisharp|78/100|[from] item: Life Orb
|move|p2a: Ferrothorn|Body Press|p1a: Bisharp
|-supereffective|p1a: Bisharp
|-damage|p1a: Bisharp|0 fnt
|faint|p1a: Bisharp
|
|upkeep
|
|switch|p1a: Togekiss|Togekiss, M|100/100
|turn|16
|
|move|p1a: Togekiss|Substitute|p1a: Togekiss
|-start|p1a: Togekiss|Substitute
|-damage|p1a: Togekiss|75/100
|move|p2a: Ferrothorn|Leech Seed||[still]
|-fail|p2a: Ferrothorn
|
|-heal|p1a: Togekiss|82/100|[from] item: Leftovers
|upkeep
|turn|17
|
|switch|p2a: Terrakion|Terrakion|100/100
|move|p1a: Togekiss|Nasty Plot|p1a: Togekiss
|-boost|p1a: Togekiss|spa|2
|
|-heal|p1a: Togekiss|88/100|[from] item: Leftovers
|upkeep
|turn|18
|
|move|p2a: Terrakion|Stone Edge|p1a: Togekiss|[miss]
|-miss|p2a: Terrakion|p1a: Togekiss
|move|p1a: Togekiss|Air Slash|p2a: Terrakion
|-damage|p2a: Terrakion|23/100
|
|-heal|p1a: Togekiss|94/100|[from] item: Leftovers
|upkeep
|turn|19
|
|move|p2a: Terrakion|Stone Edge|p1a: Togekiss
|-supereffective|p1a: Togekiss
|-end|p1a: Togekiss|Substitute
|move|p1a: Togekiss|Flamethrower|p2a: Terrakion
|-resisted|p2a: Terrakion
|-damage|p2a: Terrakion|0 fnt
|faint|p2a: Terrakion
|
|-heal|p1a: Togekiss|100/100|[from] item: Leftovers
|upkeep
|c|☆mr sandaconda|so lucky
|-message|mr sandaconda forfeited.
|
|win|Arnaud senju vgc
|l|☆mr sandaconda
|raw|Arnaud senju vgc's rating: 1796 &rarr; <strong>1819</strong><br />(+23 for winning)
|raw|mr sandaconda's rating: 1850 &rarr; <strong>1827</strong><br />(-23 for losing)
|l|☆Arnaud senju vgc
|l| Bitches In My Crib
|l| Rororara
