|raw|<div class="broadcast-blue"><strong>This battle is required to be public due to a player having a name starting with 'lt91bb'.</div>
|j|☆HOF69
|j|☆LT91BB rrm
|t:|1659395478
|gametype|singles
|player|p1|HOF69|red|1845
|player|p2|LT91BB rrm|lady|1911
|teamsize|p1|6
|teamsize|p2|6
|gen|8
|tier|[Gen 8] OU
|rated|
|rule|Sleep Clause Mod: Limit one foe put to sleep
|rule|Species Clause: Limit one of each Pokémon
|rule|OHKO Clause: OHKO moves are banned
|rule|Evasion Moves Clause: Evasion moves are banned
|rule|Endless Battle Clause: Forcing endless battles is banned
|rule|HP Percentage Mod: HP is shown in percentages
|rule|Dynamax Clause: You cannot dynamax
|clearpoke
|poke|p1|Blacephalon|
|poke|p1|Kartana|
|poke|p1|Tapu Lele|
|poke|p1|Landorus-Therian, M|
|poke|p1|Krookodile, M|
|poke|p1|Gengar, M|
|poke|p2|Tapu Lele|
|poke|p2|Blissey, F|
|poke|p2|Urshifu-*, F|
|poke|p2|Landorus-Therian, M|
|poke|p2|Heatran, F|
|poke|p2|Slowbro, F|
|teampreview
|
|t:|1659395485
|start
|switch|p1a: Kartana|Kartana|100/100
|switch|p2a: Urshifu|Urshifu-Rapid-Strike, F|100/100
|turn|1
|
|t:|1659395496
|switch|p2a: Landorus|Landorus-Therian, M|100/100
|-ability|p2a: Landorus|Intimidate|boost
|-unboost|p1a: Kartana|atk|1
|move|p1a: Kartana|Knock Off|p2a: Landorus
|-damage|p2a: Landorus|82/100
|-enditem|p2a: Landorus|Leftovers|[from] move: Knock Off|[of] p1a: Kartana
|
|upkeep
|turn|2
|
|t:|1659395511
|move|p1a: Kartana|Leaf Blade|p2a: Landorus
|-damage|p2a: Landorus|54/100
|move|p2a: Landorus|U-turn|p1a: Kartana
|-damage|p1a: Kartana|77/100
|
|t:|1659395514
|switch|p2a: Heatran|Heatran, F|100/100|[from]move: U-turn
|
|upkeep
|turn|3
|
|t:|1659395516
|switch|p1a: Krookodile|Krookodile, M|100/100
|-ability|p1a: Krookodile|Intimidate|boost
|-unboost|p2a: Heatran|atk|1
|move|p2a: Heatran|Magma Storm|p1a: Krookodile
|-damage|p1a: Krookodile|45/100
|-activate|p1a: Krookodile|move: Magma Storm|[of] p2a: Heatran
|
|-damage|p1a: Krookodile|33/100|[from] move: Magma Storm|[partiallytrapped]
|upkeep
|turn|4
|
|t:|1659395523
|switch|p2a: Landorus|Landorus-Therian, M|54/100
|-ability|p2a: Landorus|Intimidate|boost
|-unboost|p1a: Krookodile|atk|1
|move|p1a: Krookodile|Stealth Rock|p2a: Landorus
|-sidestart|p2: LT91BB rrm|move: Stealth Rock
|
|-end|p1a: Krookodile|Magma Storm|[partiallytrapped]|[silent]
|upkeep
|turn|5
|
|t:|1659395526
|move|p1a: Krookodile|Taunt|p2a: Landorus
|-start|p2a: Landorus|move: Taunt
|move|p2a: Landorus|U-turn|p1a: Krookodile
|-supereffective|p1a: Krookodile
|-damage|p1a: Krookodile|0 fnt
|faint|p1a: Krookodile
|
|t:|1659395528
|switch|p2a: Urshifu|Urshifu-Rapid-Strike, F|100/100|[from]move: U-turn
|-damage|p2a: Urshifu|94/100|[from] Stealth Rock
|
|upkeep
|
|t:|1659395534
|switch|p1a: Kartana|Kartana|77/100
|turn|6
|
|t:|1659395536
|move|p2a: Urshifu|Close Combat|p1a: Kartana
|-supereffective|p1a: Kartana
|-damage|p1a: Kartana|0 fnt
|-unboost|p2a: Urshifu|def|1
|-unboost|p2a: Urshifu|spd|1
|faint|p1a: Kartana
|
|upkeep
|
|t:|1659395545
|switch|p1a: Gengar|Gengar, M, shiny|100/100
|turn|7
|
|t:|1659395552
|switch|p2a: Blissey|Blissey, F|100/100
|move|p1a: Gengar|Shadow Ball|p2a: Blissey
|-immune|p2a: Blissey
|
|upkeep
|turn|8
|
|t:|1659395554
|move|p1a: Gengar|Taunt|p2a: Blissey
|-start|p2a: Blissey|move: Taunt
|cant|p2a: Blissey|move: Taunt|Teleport
|
|upkeep
|turn|9
|
|t:|1659395557
|switch|p2a: Heatran|Heatran, F|100/100
|-damage|p2a: Heatran|88/100|[from] Stealth Rock
|move|p1a: Gengar|Shadow Ball|p2a: Heatran
|-damage|p2a: Heatran|61/100
|
|-heal|p2a: Heatran|67/100|[from] item: Leftovers
|upkeep
|turn|10
|
|t:|1659395561
|move|p1a: Gengar|Shadow Ball|p2a: Heatran
|-damage|p2a: Heatran|38/100
|move|p2a: Heatran|Stealth Rock|p1a: Gengar
|-sidestart|p1: HOF69|move: Stealth Rock
|
|-heal|p2a: Heatran|44/100|[from] item: Leftovers
|upkeep
|turn|11
|
|t:|1659395570
|move|p1a: Gengar|Shadow Ball|p2a: Heatran
|-damage|p2a: Heatran|17/100
|move|p2a: Heatran|Earth Power|p1a: Gengar
|-supereffective|p1a: Gengar
|-damage|p1a: Gengar|12/100
|-unboost|p1a: Gengar|spd|1
|
|-heal|p2a: Heatran|23/100|[from] item: Leftovers
|upkeep
|turn|12
|
|t:|1659395574
|move|p1a: Gengar|Shadow Ball|p2a: Heatran
|-damage|p2a: Heatran|0 fnt
|faint|p2a: Heatran
|
|upkeep
|
|t:|1659395577
|switch|p2a: Urshifu|Urshifu-Rapid-Strike, F|94/100
|-damage|p2a: Urshifu|88/100|[from] Stealth Rock
|turn|13
|
|t:|1659395581
|move|p2a: Urshifu|Surging Strikes|p1a: Gengar
|-crit|p1a: Gengar
|-damage|p1a: Gengar|0 fnt
|faint|p1a: Gengar
|-hitcount|p1: Gengar|1
|
|upkeep
|-message|HOF69 forfeited.
|
|win|LT91BB rrm
|raw|HOF69's rating: 1845 &rarr; <strong>1829</strong><br />(-16 for losing)
|raw|LT91BB rrm's rating: 1911 &rarr; <strong>1927</strong><br />(+16 for winning)
|l|☆HOF69
||Ladder isn't responding, score probably updated but might not have (Request timeout).
