|j|☆mimilimi
|j|‽A-sepower
|inactive|Battle timer is ON: inactive players will automatically lose when time's up.
|t:|1666956542
|gametype|singles
|player|p1|mimilimi|preschooler|
|player|p2|A-sepower|caitlin|
|teamsize|p1|6
|teamsize|p2|6
|gen|8
|tier|[Gen 8] OU
|rated|Tournament battle
|rule|Sleep Clause Mod: Limit one foe put to sleep
|rule|Species Clause: Limit one of each Pokémon
|rule|OHKO Clause: OHKO moves are banned
|rule|Evasion Items Clause: Evasion items are banned
|rule|Evasion Moves Clause: Evasion moves are banned
|rule|Endless Battle Clause: Forcing endless battles is banned
|rule|HP Percentage Mod: HP is shown in percentages
|rule|Dynamax Clause: You cannot dynamax
|clearpoke
|poke|p1|Zapdos|
|poke|p1|Landorus-Therian, M|
|poke|p1|Vanilluxe, F|
|poke|p1|Melmetal|
|poke|p1|Slowking, F|
|poke|p1|Urshifu-*, M|
|poke|p2|Landorus-Therian, M|
|poke|p2|Weavile, M|
|poke|p2|Heatran, M|
|poke|p2|Zapdos|
|poke|p2|Urshifu-*, M|
|poke|p2|Tapu Bulu|
|teampreview
|j|@Sww-Suwa
|j|%moondazing
|c|☆mimilimi|gl
|j| qxfn143
|j| KyszeK
|l| KyszeK
|j| Fogoit
|j| smoolicalt
|j| cypherstest
|j| throwaccount
|j| Begin Testing
|j| Skye Sweet
|j| DJ CRIB DEF
|
|t:|1666956569
|start
|switch|p1a: alberto basalm|Urshifu-Rapid-Strike, M|100/100
|switch|p2a: Weavile|Weavile, M, shiny|100/100
|-ability|p2a: Weavile|Pressure
|turn|1
|c| Begin Testing|is that an ice cream in finals?
|c| throwaccount|oh ice cream
|c| Begin Testing|pog
|
|t:|1666956580
|switch|p2a: Tapu Bulu|Tapu Bulu, shiny|100/100
|-fieldstart|move: Grassy Terrain|[from] ability: Grassy Surge|[of] p2a: Tapu Bulu
|move|p1a: alberto basalm|U-turn|p2a: Tapu Bulu
|-damage|p2a: Tapu Bulu|72/100
|j| RggV_YT
|
|t:|1666956597
|switch|p1a: dorian electra|Zapdos|100/100|[from]move: U-turn
|
|-heal|p2a: Tapu Bulu|79/100|[from] Grassy Terrain
|upkeep
|turn|2
|j| Drop a burn
|
|t:|1666956606
|switch|p1a: damo suzuki|Landorus-Therian, M, shiny|100/100
|-ability|p1a: damo suzuki|Intimidate|boost
|-unboost|p2a: Tapu Bulu|atk|1
|switch|p2a: Heatran|Heatran, M, shiny|100/100
|
|upkeep
|turn|3
|c| RggV_YT|Yoo gl mimi
|c|☆mimilimi|yoo
|l|@Sww-Suwa
|
|t:|1666956620
|switch|p2a: Tapu Bulu|Tapu Bulu, shiny|79/100
|move|p1a: damo suzuki|Stealth Rock|p2a: Tapu Bulu
|-sidestart|p2: A-sepower|move: Stealth Rock
|
|-heal|p2a: Tapu Bulu|85/100|[from] Grassy Terrain
|upkeep
|turn|4
|
|t:|1666956628
|switch|p1a: metal auf metal|Melmetal|100/100
|move|p2a: Tapu Bulu|Close Combat|p1a: metal auf metal
|-supereffective|p1a: metal auf metal
|-damage|p1a: metal auf metal|12/100
|-unboost|p2a: Tapu Bulu|def|1
|-unboost|p2a: Tapu Bulu|spd|1
|
|-heal|p2a: Tapu Bulu|91/100|[from] Grassy Terrain
|-heal|p1a: metal auf metal|19/100|[from] Grassy Terrain
|-heal|p1a: metal auf metal|25/100|[from] item: Leftovers
|upkeep
|turn|5
|c|☆mimilimi|oh, dammmages are insanes
|
|t:|1666956642
|move|p1a: metal auf metal|Protect|p1a: metal auf metal
|-singleturn|p1a: metal auf metal|Protect
|move|p2a: Tapu Bulu|Close Combat|p1a: metal auf metal
|-activate|p1a: metal auf metal|move: Protect
|
|-heal|p2a: Tapu Bulu|97/100|[from] Grassy Terrain
|-heal|p1a: metal auf metal|31/100|[from] Grassy Terrain
|-heal|p1a: metal auf metal|37/100|[from] item: Leftovers
|-fieldend|move: Grassy Terrain
|upkeep
|turn|6
|j|@Sww-Suwa
|
|t:|1666956651
|switch|p1a: damo suzuki|Landorus-Therian, M, shiny|100/100
|-ability|p1a: damo suzuki|Intimidate|boost
|-unboost|p2a: Tapu Bulu|atk|1
|move|p2a: Tapu Bulu|Close Combat|p1a: damo suzuki
|-resisted|p1a: damo suzuki
|-damage|p1a: damo suzuki|78/100
|-unboost|p2a: Tapu Bulu|def|1
|-unboost|p2a: Tapu Bulu|spd|1
|
|-heal|p1a: damo suzuki|84/100|[from] item: Leftovers
|upkeep
|turn|7
|
|t:|1666956663
|switch|p2a: Landorus|Landorus-Therian, M, shiny|100/100
|-damage|p2a: Landorus|88/100|[from] Stealth Rock
|-ability|p2a: Landorus|Intimidate|boost
|-unboost|p1a: damo suzuki|atk|1
|move|p1a: damo suzuki|U-turn|p2a: Landorus
|-resisted|p2a: Landorus
|-damage|p2a: Landorus|80/100
|j| Aftx
|
|t:|1666956665
|switch|p1a: icy wiener|Vanilluxe, F, shiny|100/100|[from]move: U-turn
|-weather|Hail|[from] ability: Snow Warning|[of] p1a: icy wiener
|
|-weather|Hail|[upkeep]
|-damage|p2a: Landorus|74/100|[from] Hail
|-heal|p2a: Landorus|80/100|[from] item: Leftovers
|upkeep
|turn|8
|
|t:|1666956674
|switch|p2a: Heatran|Heatran, M, shiny|100/100
|-damage|p2a: Heatran|88/100|[from] Stealth Rock
|move|p1a: icy wiener|Water Pulse|p2a: Heatran
|-supereffective|p2a: Heatran
|-damage|p2a: Heatran|35/100
|
|-weather|Hail|[upkeep]
|-damage|p2a: Heatran|28/100|[from] Hail
|-heal|p2a: Heatran|35/100|[from] item: Leftovers
|upkeep
|turn|9
|
|t:|1666956684
|switch|p1a: young sheldon|Slowking, F, shiny|100/100
|switch|p2a: Tapu Bulu|Tapu Bulu, shiny|97/100
|-damage|p2a: Tapu Bulu|85/100|[from] Stealth Rock
|-fieldstart|move: Grassy Terrain|[from] ability: Grassy Surge|[of] p2a: Tapu Bulu
|
|-weather|Hail|[upkeep]
|-damage|p2a: Tapu Bulu|79/100|[from] Hail
|-damage|p1a: young sheldon|94/100|[from] Hail
|-heal|p2a: Tapu Bulu|85/100|[from] Grassy Terrain
|-heal|p1a: young sheldon|100/100|[from] Grassy Terrain
|upkeep
|turn|10
|
|t:|1666956693
|switch|p1a: metal auf metal|Melmetal|37/100
|move|p2a: Tapu Bulu|Wood Hammer|p1a: metal auf metal
|-resisted|p1a: metal auf metal
|-crit|p1a: metal auf metal
|-damage|p1a: metal auf metal|0 fnt
|faint|p1a: metal auf metal
|-damage|p2a: Tapu Bulu|68/100|[from] Recoil
|
|-weather|Hail|[upkeep]
|-damage|p2a: Tapu Bulu|62/100|[from] Hail
|-heal|p2a: Tapu Bulu|68/100|[from] Grassy Terrain
|upkeep
|c|☆mimilimi|aie
|
|t:|1666956700
|switch|p1a: dorian electra|Zapdos|100/100
|turn|11
|
|t:|1666956709
|switch|p2a: Landorus|Landorus-Therian, M, shiny|80/100
|-damage|p2a: Landorus|68/100|[from] Stealth Rock
|-ability|p2a: Landorus|Intimidate|boost
|-unboost|p1a: dorian electra|atk|1
|move|p1a: dorian electra|Heat Wave|p2a: Landorus
|-damage|p2a: Landorus|46/100
|
|-weather|none
|-heal|p2a: Landorus|52/100|[from] item: Leftovers
|upkeep
|turn|12
|
|t:|1666956715
|switch|p1a: icy wiener|Vanilluxe, F, shiny|100/100
|-weather|Hail|[from] ability: Snow Warning|[of] p1a: icy wiener
|move|p2a: Landorus|Defog|p1a: icy wiener
|-unboost|p1a: icy wiener|evasion|1
|-sideend|p2: A-sepower|Stealth Rock|[from] move: Defog|[of] p2a: Landorus
|-fieldend|move: Grassy Terrain
|
|-weather|Hail|[upkeep]
|-damage|p2a: Landorus|46/100|[from] Hail
|-heal|p2a: Landorus|52/100|[from] item: Leftovers
|upkeep
|turn|13
|l| smoolicalt
|
|t:|1666956722
|switch|p2a: Heatran|Heatran, M, shiny|35/100
|move|p1a: icy wiener|Blizzard|p2a: Heatran
|-resisted|p2a: Heatran
|-damage|p2a: Heatran|18/100
|-status|p2a: Heatran|frz
|
|-weather|Hail|[upkeep]
|-damage|p2a: Heatran|11/100 frz|[from] Hail
|-heal|p2a: Heatran|18/100 frz|[from] item: Leftovers
|upkeep
|turn|14
|
|t:|1666956726
|move|p1a: icy wiener|Blizzard|p2a: Heatran
|-resisted|p2a: Heatran
|-damage|p2a: Heatran|0 fnt
|faint|p2a: Heatran
|
|-weather|Hail|[upkeep]
|upkeep
|
|t:|1666956734
|switch|p2a: Urshifu|Urshifu-Rapid-Strike, M|100/100
|turn|15
|
|t:|1666956745
|switch|p1a: dorian electra|Zapdos|100/100
|move|p2a: Urshifu|Surging Strikes|p1a: dorian electra
|-crit|p1a: dorian electra
|-damage|p1a: dorian electra|86/100
|-status|p2a: Urshifu|par|[from] ability: Static|[of] p1a: dorian electra
|-crit|p1a: dorian electra
|-damage|p1a: dorian electra|70/100
|-crit|p1a: dorian electra
|-damage|p1a: dorian electra|53/100
|-hitcount|p1a: dorian electra|3
|
|-weather|Hail|[upkeep]
|-damage|p1a: dorian electra|47/100|[from] Hail
|-damage|p2a: Urshifu|94/100 par|[from] Hail
|upkeep
|turn|16
|
|t:|1666956757
|move|p1a: dorian electra|Roost|p1a: dorian electra
|-heal|p1a: dorian electra|97/100
|-singleturn|p1a: dorian electra|move: Roost
|move|p2a: Urshifu|Surging Strikes|p1a: dorian electra
|-crit|p1a: dorian electra
|-damage|p1a: dorian electra|81/100
|-crit|p1a: dorian electra
|-damage|p1a: dorian electra|65/100
|-crit|p1a: dorian electra
|-damage|p1a: dorian electra|49/100
|-hitcount|p1a: dorian electra|3
|
|-weather|none
|upkeep
|turn|17
|
|t:|1666956761
|switch|p2a: Tapu Bulu|Tapu Bulu, shiny|68/100
|-fieldstart|move: Grassy Terrain|[from] ability: Grassy Surge|[of] p2a: Tapu Bulu
|move|p1a: dorian electra|Roost|p1a: dorian electra
|-heal|p1a: dorian electra|99/100
|-singleturn|p1a: dorian electra|move: Roost
|
|-heal|p1a: dorian electra|100/100|[from] Grassy Terrain
|-heal|p2a: Tapu Bulu|74/100|[from] Grassy Terrain
|upkeep
|turn|18
|
|t:|1666956770
|switch|p2a: Landorus|Landorus-Therian, M, shiny|52/100
|-ability|p2a: Landorus|Intimidate|boost
|-unboost|p1a: dorian electra|atk|1
|move|p1a: dorian electra|Heat Wave|p2a: Landorus
|-damage|p2a: Landorus|32/100
|
|-heal|p2a: Landorus|38/100|[from] item: Leftovers
|upkeep
|turn|19
|
|t:|1666956776
|move|p1a: dorian electra|Heat Wave|p2a: Landorus
|-damage|p2a: Landorus|19/100
|move|p2a: Landorus|U-turn|p1a: dorian electra
|-resisted|p1a: dorian electra
|-damage|p1a: dorian electra|92/100
|
|t:|1666956779
|switch|p2a: Weavile|Weavile, M, shiny|100/100|[from]move: U-turn
|-ability|p2a: Weavile|Pressure
|
|upkeep
|turn|20
|
|t:|1666956785
|switch|p1a: alberto basalm|Urshifu-Rapid-Strike, M|100/100
|move|p2a: Weavile|Knock Off|p1a: alberto basalm
|-resisted|p1a: alberto basalm
|-damage|p1a: alberto basalm|59/100
|-enditem|p1a: alberto basalm|Choice Scarf|[from] move: Knock Off|[of] p2a: Weavile
|
|-heal|p1a: alberto basalm|65/100|[from] Grassy Terrain
|upkeep
|turn|21
|
|t:|1666956792
|switch|p2a: Landorus|Landorus-Therian, M, shiny|19/100
|-ability|p2a: Landorus|Intimidate|boost
|-unboost|p1a: alberto basalm|atk|1
|move|p1a: alberto basalm|U-turn|p2a: Landorus
|-resisted|p2a: Landorus
|-damage|p2a: Landorus|11/100
|
|t:|1666956796
|switch|p1a: icy wiener|Vanilluxe, F, shiny|100/100|[from]move: U-turn
|-weather|Hail|[from] ability: Snow Warning|[of] p1a: icy wiener
|
|-weather|Hail|[upkeep]
|-damage|p2a: Landorus|5/100|[from] Hail
|-heal|p2a: Landorus|11/100|[from] item: Leftovers
|-fieldend|move: Grassy Terrain
|upkeep
|turn|22
|
|t:|1666956799
|move|p1a: icy wiener|Freeze-Dry|p2a: Landorus
|-supereffective|p2a: Landorus
|-damage|p2a: Landorus|0 fnt
|faint|p2a: Landorus
|
|-weather|Hail|[upkeep]
|upkeep
|
|t:|1666956805
|switch|p2a: Zapdos|Zapdos, shiny|100/100
|turn|23
|
|t:|1666956820
|switch|p1a: young sheldon|Slowking, F, shiny|100/100
|move|p2a: Zapdos|Heat Wave|p1a: young sheldon
|-resisted|p1a: young sheldon
|-damage|p1a: young sheldon|80/100
|
|-weather|Hail|[upkeep]
|-damage|p2a: Zapdos|94/100|[from] Hail
|-damage|p1a: young sheldon|74/100|[from] Hail
|upkeep
|turn|24
|
|t:|1666956846
|switch|p2a: Weavile|Weavile, M, shiny|100/100
|-ability|p2a: Weavile|Pressure
|move|p1a: young sheldon|Teleport|p1a: young sheldon
|
|t:|1666956848
|switch|p1a: alberto basalm|Urshifu-Rapid-Strike, M|65/100|[from]move: Teleport
|
|-weather|Hail|[upkeep]
|-damage|p1a: alberto basalm|59/100|[from] Hail
|upkeep
|turn|25
|
|t:|1666956858
|move|p2a: Weavile|Triple Axel|p1a: alberto basalm
|-resisted|p1a: alberto basalm
|-damage|p1a: alberto basalm|51/100
|-resisted|p1a: alberto basalm
|-damage|p1a: alberto basalm|35/100
|-resisted|p1a: alberto basalm
|-damage|p1a: alberto basalm|11/100
|-hitcount|p1a: alberto basalm|3
|move|p1a: alberto basalm|U-turn|p2a: Weavile
|-supereffective|p2a: Weavile
|-damage|p2a: Weavile|13/100
|
|t:|1666956862
|switch|p1a: young sheldon|Slowking, F, shiny|100/100|[from]move: U-turn
|
|-weather|none
|upkeep
|turn|26
|
|t:|1666956872
|switch|p2a: Tapu Bulu|Tapu Bulu, shiny|74/100
|-fieldstart|move: Grassy Terrain|[from] ability: Grassy Surge|[of] p2a: Tapu Bulu
|move|p1a: young sheldon|Scald|p2a: Tapu Bulu
|-resisted|p2a: Tapu Bulu
|-damage|p2a: Tapu Bulu|58/100
|-status|p2a: Tapu Bulu|brn
|
|-heal|p2a: Tapu Bulu|64/100 brn|[from] Grassy Terrain
|-damage|p2a: Tapu Bulu|58/100 brn|[from] brn
|upkeep
|turn|27
|c|☆mimilimi|cool
|
|t:|1666956880
|switch|p1a: dorian electra|Zapdos|92/100
|move|p2a: Tapu Bulu|Stone Edge|p1a: dorian electra
|-supereffective|p1a: dorian electra
|-damage|p1a: dorian electra|46/100
|
|-heal|p2a: Tapu Bulu|64/100 brn|[from] Grassy Terrain
|-damage|p2a: Tapu Bulu|58/100 brn|[from] brn
|upkeep
|turn|28
|
|t:|1666956886
|move|p1a: dorian electra|Roost|p1a: dorian electra
|-heal|p1a: dorian electra|96/100
|-singleturn|p1a: dorian electra|move: Roost
|move|p2a: Tapu Bulu|Stone Edge|p1a: dorian electra
|-damage|p1a: dorian electra|73/100
|
|-heal|p1a: dorian electra|80/100|[from] Grassy Terrain
|-heal|p2a: Tapu Bulu|64/100 brn|[from] Grassy Terrain
|-damage|p2a: Tapu Bulu|58/100 brn|[from] brn
|upkeep
|turn|29
|
|t:|1666956889
|switch|p2a: Zapdos|Zapdos, shiny|94/100
|move|p1a: dorian electra|Heat Wave|p2a: Zapdos
|-damage|p2a: Zapdos|65/100
|
|upkeep
|turn|30
|
|t:|1666956897
|switch|p1a: damo suzuki|Landorus-Therian, M, shiny|84/100
|-ability|p1a: damo suzuki|Intimidate|boost
|-unboost|p2a: Zapdos|atk|1
|move|p2a: Zapdos|Thunderbolt|p1a: damo suzuki
|-immune|p1a: damo suzuki
|
|-heal|p1a: damo suzuki|90/100|[from] item: Leftovers
|-fieldend|move: Grassy Terrain
|upkeep
|turn|31
|
|t:|1666956903
|switch|p2a: Urshifu|Urshifu-Rapid-Strike, M|94/100 par
|move|p1a: damo suzuki|Stealth Rock|p2a: Urshifu
|-sidestart|p2: A-sepower|move: Stealth Rock
|
|-heal|p1a: damo suzuki|96/100|[from] item: Leftovers
|upkeep
|turn|32
|c|☆mimilimi|let's go
|
|t:|1666956910
|move|p1a: damo suzuki|U-turn|p2a: Urshifu
|-resisted|p2a: Urshifu
|-damage|p2a: Urshifu|84/100 par
|
|t:|1666956912
|switch|p1a: young sheldon|Slowking, F, shiny|100/100|[from]move: U-turn
|move|p2a: Urshifu|U-turn|p1a: young sheldon
|-supereffective|p1a: young sheldon
|-damage|p1a: young sheldon|62/100
|
|t:|1666956917
|switch|p2a: Zapdos|Zapdos, shiny|65/100|[from]move: U-turn
|-damage|p2a: Zapdos|40/100|[from] Stealth Rock
|
|upkeep
|turn|33
|
|t:|1666956924
|switch|p1a: damo suzuki|Landorus-Therian, M, shiny|96/100
|-ability|p1a: damo suzuki|Intimidate|boost
|-unboost|p2a: Zapdos|atk|1
|move|p2a: Zapdos|Hurricane|p1a: damo suzuki
|-damage|p1a: damo suzuki|10/100
|
|-heal|p1a: damo suzuki|16/100|[from] item: Leftovers
|upkeep
|turn|34
|
|t:|1666956930
|move|p2a: Zapdos|Hurricane|p1a: damo suzuki|[miss]
|-miss|p2a: Zapdos|p1a: damo suzuki
|move|p1a: damo suzuki|Knock Off|p2a: Zapdos
|-damage|p2a: Zapdos|5/100
|-enditem|p2a: Zapdos|Choice Specs|[from] move: Knock Off|[of] p1a: damo suzuki
|
|-heal|p1a: damo suzuki|22/100|[from] item: Leftovers
|upkeep
|turn|35
|c|☆mimilimi|sry
|
|t:|1666956936
|switch|p1a: icy wiener|Vanilluxe, F, shiny|100/100
|-weather|Hail|[from] ability: Snow Warning|[of] p1a: icy wiener
|move|p2a: Zapdos|Hurricane|p1a: icy wiener
|-damage|p1a: icy wiener|30/100
|-start|p1a: icy wiener|confusion
|
|-weather|Hail|[upkeep]
|-damage|p2a: Zapdos|0 fnt|[from] Hail
|faint|p2a: Zapdos
|upkeep
|c|☆mimilimi|gg?
|
|t:|1666956947
|switch|p2a: Urshifu|Urshifu-Rapid-Strike, M|84/100 par
|-damage|p2a: Urshifu|78/100 par|[from] Stealth Rock
|turn|36
|j| I'm back from Mars
|l| throwaccount
|inactive|mimilimi has 120 seconds left.
|
|t:|1666956992
|-activate|p1a: icy wiener|confusion
|-damage|p1a: icy wiener|20/100|[from] confusion
|move|p2a: Urshifu|Surging Strikes|p1a: icy wiener
|-crit|p1a: icy wiener
|-damage|p1a: icy wiener|0 fnt
|faint|p1a: icy wiener
|-hitcount|p1: icy wiener|1
|
|-weather|Hail|[upkeep]
|-damage|p2a: Urshifu|72/100 par|[from] Hail
|upkeep
|
|t:|1666956995
|switch|p1a: dorian electra|Zapdos|80/100
|turn|37
|
|t:|1666957003
|switch|p2a: Weavile|Weavile, M, shiny|13/100
|-damage|p2a: Weavile|0 fnt|[from] Stealth Rock
|faint|p2a: Weavile
|move|p1a: dorian electra|Volt Switch|p2: Weavile|[notarget]
|-fail|p1a: dorian electra
|
|-weather|Hail|[upkeep]
|-damage|p1a: dorian electra|73/100|[from] Hail
|upkeep
|
|t:|1666957005
|switch|p2a: Tapu Bulu|Tapu Bulu, shiny|58/100 brn
|-damage|p2a: Tapu Bulu|45/100 brn|[from] Stealth Rock
|-fieldstart|move: Grassy Terrain|[from] ability: Grassy Surge|[of] p2a: Tapu Bulu
|turn|38
|
|t:|1666957009
|move|p1a: dorian electra|Heat Wave|p2a: Tapu Bulu
|-supereffective|p2a: Tapu Bulu
|-damage|p2a: Tapu Bulu|0 fnt
|faint|p2a: Tapu Bulu
|
|-weather|Hail|[upkeep]
|-damage|p1a: dorian electra|67/100|[from] Hail
|upkeep
|
|t:|1666957012
|switch|p2a: Urshifu|Urshifu-Rapid-Strike, M|72/100 par
|-damage|p2a: Urshifu|65/100 par|[from] Stealth Rock
|turn|39
|
|t:|1666957017
|move|p1a: dorian electra|Volt Switch|p2a: Urshifu
|-supereffective|p2a: Urshifu
|-damage|p2a: Urshifu|0 fnt
|faint|p2a: Urshifu
|
|win|mimilimi
|n|☆mimilimi|mimilimi
|n|‽A-sepower|asepower
|n|+moondazing|moondazing
|n| qxfn143|qxfn143
|n| Fogoit|fogoit
|n| cypherstest|cypherstest
|n| Begin Testing|begintesting
|n| Skye Sweet|skyesweet
|n| DJ CRIB DEF|djcribdef
|n| RggV_YT|rggvyt
|n| Drop a burn|dropaburn
|n| Sww-Suwa|swwsuwa
|n| Aftx|aftx
|n| I'm back from Mars|imbackfrommars
