|html|<div class="broadcast-blue"><strong>[Gen 8] OU is currently suspecting Melmetal! For information on how to participate check out the <a href="https://www.smogon.com/forums/threads/np-ss-ou-suspect-process-round-12-monster-mash.3709234/">suspect thread</a>.</strong></div>
|j|☆Shootingwolf
|j|☆LT_Alt1
|t:|1666937903
|gametype|singles
|player|p1|Shootingwolf|lass|1746
|player|p2|LT_Alt1|101|1720
|teamsize|p1|6
|teamsize|p2|6
|gen|8
|tier|[Gen 8] OU
|rated|
|rule|Sleep Clause Mod: Limit one foe put to sleep
|rule|Species Clause: Limit one of each Pokémon
|rule|OHKO Clause: OHKO moves are banned
|rule|Evasion Items Clause: Evasion items are banned
|rule|Evasion Moves Clause: Evasion moves are banned
|rule|Endless Battle Clause: Forcing endless battles is banned
|rule|HP Percentage Mod: HP is shown in percentages
|rule|Dynamax Clause: You cannot dynamax
|clearpoke
|poke|p1|Tapu Lele|
|poke|p1|Garchomp, M|
|poke|p1|Tyranitar, M|
|poke|p1|Corviknight, M|
|poke|p1|Kartana|
|poke|p1|Toxapex, M|
|poke|p2|Alakazam, M|
|poke|p2|Chansey, F|
|poke|p2|Zapdos|
|poke|p2|Clefable, M|
|poke|p2|Slowbro, M|
|poke|p2|Rhydon, M|
|teampreview
|inactive|Battle timer is ON: inactive players will automatically lose when time's up. (requested by Shootingwolf)
|
|t:|1666937989
|start
|switch|p1a: Toxapex|Toxapex, M, shiny|100/100
|switch|p2a: Slowbro|Slowbro, M|100/100
|turn|1
|
|t:|1666937994
|move|p1a: Toxapex|Toxic|p2a: Slowbro
|-status|p2a: Slowbro|tox
|move|p2a: Slowbro|Future Sight|p1a: Toxapex
|-start|p2a: Slowbro|move: Future Sight
|
|-damage|p2a: Slowbro|94/100 tox|[from] psn
|upkeep
|turn|2
|
|t:|1666938006
|switch|p1a: Corviknight|Corviknight, M|100/100
|-ability|p1a: Corviknight|Pressure
|move|p2a: Slowbro|Teleport|p2a: Slowbro
|
|t:|1666938014
|switch|p2a: Zapdos|Zapdos|100/100|[from]move: Teleport
|
|upkeep
|turn|3
|
|t:|1666938018
|switch|p1a: Tyranitar|Tyranitar, M, shiny|100/100
|-weather|Sandstorm|[from] ability: Sand Stream|[of] p1a: Tyranitar
|move|p2a: Zapdos|Volt Switch|p1a: Tyranitar
|-damage|p1a: Tyranitar|87/100
|
|t:|1666938025
|switch|p2a: Rhydon|Rhydon, M|100/100|[from]move: Volt Switch
|
|-weather|Sandstorm|[upkeep]
|-end|p1a: Tyranitar|move: Future Sight
|-immune|p1a: Tyranitar
|-heal|p1a: Tyranitar|93/100|[from] item: Leftovers
|upkeep
|turn|4
|
|t:|1666938034
|switch|p1a: Corviknight|Corviknight, M|100/100
|-ability|p1a: Corviknight|Pressure
|move|p2a: Rhydon|Stealth Rock|p1a: Corviknight
|-sidestart|p1: Shootingwolf|move: Stealth Rock
|
|-weather|Sandstorm|[upkeep]
|upkeep
|turn|5
|
|t:|1666938048
|switch|p2a: Slowbro|Slowbro, M|100/100 tox
|move|p1a: Corviknight|Defog|p2a: Slowbro
|-unboost|p2a: Slowbro|evasion|1
|-sideend|p1: Shootingwolf|Stealth Rock|[from] move: Defog|[of] p1a: Corviknight
|
|-weather|Sandstorm|[upkeep]
|-damage|p2a: Slowbro|94/100 tox|[from] Sandstorm
|-damage|p2a: Slowbro|88/100 tox|[from] psn
|upkeep
|turn|6
|
|t:|1666938057
|move|p1a: Corviknight|U-turn|p2a: Slowbro
|-supereffective|p2a: Slowbro
|-damage|p2a: Slowbro|72/100 tox
|-damage|p1a: Corviknight|84/100|[from] item: Rocky Helmet|[of] p2a: Slowbro
|
|t:|1666938059
|switch|p1a: Tyranitar|Tyranitar, M, shiny|93/100|[from]move: U-turn
|move|p2a: Slowbro|Body Press|p1a: Tyranitar
|-supereffective|p1a: Tyranitar
|-damage|p1a: Tyranitar|3/100
|
|-weather|Sandstorm|[upkeep]
|-damage|p2a: Slowbro|66/100 tox|[from] Sandstorm
|-heal|p1a: Tyranitar|9/100|[from] item: Leftovers
|-damage|p2a: Slowbro|54/100 tox|[from] psn
|upkeep
|turn|7
|
|t:|1666938072
|move|p1a: Tyranitar|Stealth Rock|p2a: Slowbro
|-sidestart|p2: LT_Alt1|move: Stealth Rock
|move|p2a: Slowbro|Ice Beam|p1a: Tyranitar
|-damage|p1a: Tyranitar|0 fnt
|faint|p1a: Tyranitar
|
|-weather|none
|-damage|p2a: Slowbro|36/100 tox|[from] psn
|upkeep
|
|t:|1666938079
|switch|p1a: Tapu Lele|Tapu Lele, shiny|100/100
|-fieldstart|move: Psychic Terrain|[from] ability: Psychic Surge|[of] p1a: Tapu Lele
|turn|8
|
|t:|1666938084
|move|p1a: Tapu Lele|Psyshock|p2a: Slowbro
|-resisted|p2a: Slowbro
|-damage|p2a: Slowbro|13/100 tox
|move|p2a: Slowbro|Teleport|p2a: Slowbro
|
|t:|1666938091
|switch|p2a: Rhydon|Rhydon, M|100/100|[from]move: Teleport
|-damage|p2a: Rhydon|94/100|[from] Stealth Rock
|
|upkeep
|turn|9
|
|t:|1666938096
|switch|p1a: Corviknight|Corviknight, M|84/100
|-ability|p1a: Corviknight|Pressure
|move|p2a: Rhydon|Stone Edge|p1a: Corviknight|[miss]
|-miss|p2a: Rhydon|p1a: Corviknight
|
|upkeep
|turn|10
|
|t:|1666938102
|switch|p1a: Garchomp|Garchomp, M, shiny|100/100
|move|p2a: Rhydon|Stealth Rock|p1a: Garchomp
|-sidestart|p1: Shootingwolf|move: Stealth Rock
|
|upkeep
|turn|11
|
|t:|1666938110
|switch|p2a: Alakazam|Alakazam, M|100/100
|move|p1a: Garchomp|Earthquake|p2a: Alakazam
|-damage|p2a: Alakazam|0 fnt
|faint|p2a: Alakazam
|
|upkeep
|
|t:|1666938120
|switch|p2a: Slowbro|Slowbro, M|47/100 tox
|-damage|p2a: Slowbro|34/100 tox|[from] Stealth Rock
|turn|12
|
|t:|1666938127
|move|p1a: Garchomp|Earthquake|p2a: Slowbro
|-damage|p2a: Slowbro|4/100 tox
|move|p2a: Slowbro|Teleport|p2a: Slowbro
|
|t:|1666938131
|switch|p2a: Clefable|Clefable, M|100/100|[from]move: Teleport
|
|-fieldend|move: Psychic Terrain
|upkeep
|turn|13
|
|t:|1666938135
|switch|p1a: Toxapex|Toxapex, M, shiny|100/100
|-damage|p1a: Toxapex|88/100|[from] Stealth Rock
|move|p2a: Clefable|Thunder|p1a: Toxapex|[miss]
|-miss|p2a: Clefable|p1a: Toxapex
|
|upkeep
|turn|14
|
|t:|1666938144
|move|p2a: Clefable|Calm Mind|p2a: Clefable
|-boost|p2a: Clefable|spa|1
|-boost|p2a: Clefable|spd|1
|move|p1a: Toxapex|Toxic|p2a: Clefable
|-status|p2a: Clefable|tox
|
|upkeep
|turn|15
|
|t:|1666938150
|move|p2a: Clefable|Thunder|p1a: Toxapex
|-supereffective|p1a: Toxapex
|-damage|p1a: Toxapex|10/100
|-status|p1a: Toxapex|par
|move|p1a: Toxapex|Haze|p1a: Toxapex
|-clearallboost
|
|upkeep
|turn|16
|
|t:|1666938157
|move|p2a: Clefable|Moonblast|p1a: Toxapex
|-resisted|p1a: Toxapex
|-damage|p1a: Toxapex|0 fnt
|faint|p1a: Toxapex
|
|upkeep
|
|t:|1666938160
|switch|p1a: Tapu Lele|Tapu Lele, shiny|100/100
|-damage|p1a: Tapu Lele|88/100|[from] Stealth Rock
|-fieldstart|move: Psychic Terrain|[from] ability: Psychic Surge|[of] p1a: Tapu Lele
|turn|17
|
|t:|1666938166
|switch|p2a: Chansey|Chansey, F|100/100
|-damage|p2a: Chansey|88/100|[from] Stealth Rock
|move|p1a: Tapu Lele|Psyshock|p2a: Chansey
|-damage|p2a: Chansey|36/100
|
|upkeep
|turn|18
|
|t:|1666938174
|move|p1a: Tapu Lele|Psyshock|p2a: Chansey
|-damage|p2a: Chansey|0 fnt
|faint|p2a: Chansey
|
|upkeep
|
|t:|1666938179
|switch|p2a: Zapdos|Zapdos|100/100
|turn|19
|
|t:|1666938185
|switch|p1a: Garchomp|Garchomp, M, shiny|100/100
|-damage|p1a: Garchomp|94/100|[from] Stealth Rock
|move|p2a: Zapdos|Light Screen|p2a: Zapdos
|-sidestart|p2: LT_Alt1|move: Light Screen
|
|-heal|p1a: Garchomp|100/100|[from] item: Leftovers
|upkeep
|turn|20
|
|t:|1666938192
|switch|p2a: Clefable|Clefable, M|100/100 tox
|move|p1a: Garchomp|Swords Dance|p1a: Garchomp
|-boost|p1a: Garchomp|atk|2
|
|upkeep
|turn|21
|
|t:|1666938198
|move|p1a: Garchomp|Earthquake|p2a: Clefable
|-damage|p2a: Clefable|3/100 tox
|move|p2a: Clefable|Moonblast|p1a: Garchomp
|-supereffective|p1a: Garchomp
|-damage|p1a: Garchomp|15/100
|
|-heal|p1a: Garchomp|21/100|[from] item: Leftovers
|-fieldend|move: Psychic Terrain
|upkeep
|turn|22
|
|t:|1666938206
|switch|p2a: Zapdos|Zapdos|100/100
|move|p1a: Garchomp|Earthquake|p2a: Zapdos
|-immune|p2a: Zapdos
|
|-heal|p1a: Garchomp|27/100|[from] item: Leftovers
|upkeep
|turn|23
|
|t:|1666938213
|move|p1a: Garchomp|Scale Shot|p2a: Zapdos
|-damage|p2a: Zapdos|78/100
|-damage|p2a: Zapdos|55/100
|-hitcount|p2a: Zapdos|2
|-unboost|p1a: Garchomp|def|1
|-boost|p1a: Garchomp|spe|1
|move|p2a: Zapdos|Hurricane|p1a: Garchomp
|-crit|p1a: Garchomp
|-damage|p1a: Garchomp|0 fnt
|faint|p1a: Garchomp
|
|-sideend|p2: LT_Alt1|move: Light Screen
|upkeep
|
|t:|1666938222
|switch|p1a: Tapu Lele|Tapu Lele, shiny|88/100
|-damage|p1a: Tapu Lele|76/100|[from] Stealth Rock
|-fieldstart|move: Psychic Terrain|[from] ability: Psychic Surge|[of] p1a: Tapu Lele
|turn|24
|
|t:|1666938228
|move|p1a: Tapu Lele|Psychic|p2a: Zapdos
|-damage|p2a: Zapdos|0 fnt
|faint|p2a: Zapdos
|
|upkeep
|-message|LT_Alt1 forfeited.
|
|win|Shootingwolf
|raw|Shootingwolf's rating: 1746 &rarr; <strong>1765</strong><br />(+19 for winning)
|raw|LT_Alt1's rating: 1720 &rarr; <strong>1701</strong><br />(-19 for losing)
|l|☆LT_Alt1
