|j|☆big boss 447
|j|☆Platum
|t:|1647704962
|gametype|singles
|player|p1|big boss 447|harlequin|1754
|player|p2|Platum|lisia|1803
|teamsize|p1|6
|teamsize|p2|6
|gen|8
|tier|[Gen 8] OU
|rated|
|rule|Sleep Clause Mod: Limit one foe put to sleep
|rule|Species Clause: Limit one of each Pokémon
|rule|OHKO Clause: OHKO moves are banned
|rule|Evasion Moves Clause: Evasion moves are banned
|rule|Endless Battle Clause: Forcing endless battles is banned
|rule|HP Percentage Mod: HP is shown in percentages
|rule|Dynamax Clause: You cannot dynamax
|clearpoke
|poke|p1|Zeraora|
|poke|p1|Tapu Koko|
|poke|p1|Urshifu-*, F|
|poke|p1|Tornadus-Therian, M|
|poke|p1|Melmetal|
|poke|p1|Ferrothorn, F|
|poke|p2|Toxtricity, F|
|poke|p2|Tornadus-Therian, M|
|poke|p2|Swampert, F|
|poke|p2|Ferrothorn, F|
|poke|p2|Victini|
|poke|p2|Clefable, F|
|teampreview
|inactive|Battle timer is ON: inactive players will automatically lose when time's up. (requested by big boss 447)
|c|☆Platum|gl hf
|j| Guineacats
|
|t:|1647704976
|start
|switch|p1a: Urshifu|Urshifu-Rapid-Strike, F|100/100
|switch|p2a: Swampert|Swampert, F|100/100
|turn|1
|
|t:|1647704983
|switch|p2a: Clefable|Clefable, F|100/100
|move|p1a: Urshifu|Close Combat|p2a: Clefable
|-resisted|p2a: Clefable
|-damage|p2a: Clefable|56/100
|-unboost|p1a: Urshifu|def|1
|-unboost|p1a: Urshifu|spd|1
|
|upkeep
|turn|2
|j| SubmergedWater
|
|t:|1647704991
|switch|p1a: Melmetal|Melmetal|100/100
|move|p2a: Clefable|Soft-Boiled|p2a: Clefable
|-heal|p2a: Clefable|100/100
|
|upkeep
|turn|3
|
|t:|1647705001
|switch|p2a: Ferrothorn|Ferrothorn, F|100/100
|switch|p1a: Urshifu|Urshifu-Rapid-Strike, F|100/100
|
|upkeep
|turn|4
|
|t:|1647705009
|move|p1a: Urshifu|Close Combat|p2a: Ferrothorn
|-supereffective|p2a: Ferrothorn
|-damage|p2a: Ferrothorn|0 fnt
|-unboost|p1a: Urshifu|def|1
|-unboost|p1a: Urshifu|spd|1
|-damage|p1a: Urshifu|88/100|[from] ability: Iron Barbs|[of] p2a: Ferrothorn
|faint|p2a: Ferrothorn
|
|upkeep
|
|t:|1647705022
|switch|p2a: Clefable|Clefable, F|100/100
|turn|5
|
|t:|1647705026
|switch|p1a: Melmetal|Melmetal|100/100
|move|p2a: Clefable|Trick|p1a: Melmetal
|-activate|p2a: Clefable|move: Trick|[of] p1a: Melmetal
|-item|p1a: Melmetal|Sticky Barb|[from] move: Trick
|-item|p2a: Clefable|Leftovers|[from] move: Trick
|
|-damage|p1a: Melmetal|88/100|[from] item: Sticky Barb
|upkeep
|turn|6
|
|t:|1647705032
|switch|p2a: Swampert|Swampert, F|100/100
|move|p1a: Melmetal|Toxic|p2a: Swampert
|-status|p2a: Swampert|tox
|
|-damage|p2a: Swampert|94/100 tox|[from] psn
|-damage|p1a: Melmetal|76/100|[from] item: Sticky Barb
|upkeep
|turn|7
|
|t:|1647705037
|switch|p1a: Ferrothorn|Ferrothorn, F|100/100
|move|p2a: Swampert|Stealth Rock|p1a: Ferrothorn
|-sidestart|p1: big boss 447|move: Stealth Rock
|
|-heal|p2a: Swampert|100/100 tox|[from] item: Leftovers
|-damage|p2a: Swampert|88/100 tox|[from] psn
|upkeep
|turn|8
|
|t:|1647705042
|switch|p2a: Victini|Victini|100/100
|move|p1a: Ferrothorn|Stealth Rock|p2a: Victini
|-sidestart|p2: Platum|move: Stealth Rock
|
|upkeep
|turn|9
|
|t:|1647705060
|switch|p1a: Melmetal|Melmetal|76/100
|-damage|p1a: Melmetal|70/100|[from] Stealth Rock
|move|p2a: Victini|V-create|p1a: Melmetal
|-supereffective|p1a: Melmetal
|-damage|p1a: Melmetal|0 fnt
|-unboost|p2a: Victini|spe|1
|-unboost|p2a: Victini|def|1
|-unboost|p2a: Victini|spd|1
|faint|p1a: Melmetal
|
|upkeep
|
|t:|1647705066
|switch|p1a: Urshifu|Urshifu-Rapid-Strike, F|88/100
|-damage|p1a: Urshifu|82/100|[from] Stealth Rock
|turn|10
|
|t:|1647705074
|switch|p2a: Toxtricity|Toxtricity, F|100/100
|-damage|p2a: Toxtricity|88/100|[from] Stealth Rock
|move|p1a: Urshifu|Surging Strikes|p2a: Toxtricity
|-crit|p2a: Toxtricity
|-damage|p2a: Toxtricity|40/100
|-crit|p2a: Toxtricity
|-damage|p2a: Toxtricity|0 fnt
|faint|p2a: Toxtricity
|-hitcount|p2: Toxtricity|2
|
|upkeep
|
|t:|1647705077
|switch|p2a: Tornadus|Tornadus-Therian, M|100/100
|turn|11
|
|t:|1647705081
|switch|p1a: Tornadus|Tornadus-Therian, M|100/100
|move|p2a: Tornadus|U-turn|p1a: Tornadus
|-resisted|p1a: Tornadus
|-damage|p1a: Tornadus|93/100
|
|t:|1647705087
|switch|p2a: Victini|Victini|100/100|[from]move: U-turn
|
|upkeep
|turn|12
|
|t:|1647705096
|move|p1a: Tornadus|Knock Off|p2a: Victini
|-supereffective|p2a: Victini
|-damage|p2a: Victini|62/100
|-enditem|p2a: Victini|Heavy-Duty Boots|[from] move: Knock Off|[of] p1a: Tornadus
|move|p2a: Victini|Bolt Strike|p1a: Tornadus
|-supereffective|p1a: Tornadus
|-crit|p1a: Tornadus
|-damage|p1a: Tornadus|0 fnt
|faint|p1a: Tornadus
|
|upkeep
|
|t:|1647705106
|switch|p1a: Zeraora|Zeraora|100/100
|-damage|p1a: Zeraora|88/100|[from] Stealth Rock
|turn|13
|
|t:|1647705111
|move|p1a: Zeraora|Knock Off|p2a: Victini
|-supereffective|p2a: Victini
|-damage|p2a: Victini|0 fnt
|faint|p2a: Victini
|
|upkeep
|
|t:|1647705118
|switch|p2a: Tornadus|Tornadus-Therian, M|100/100
|turn|14
|
|t:|1647705126
|move|p1a: Zeraora|Knock Off|p2a: Tornadus
|-damage|p2a: Tornadus|50/100
|-enditem|p2a: Tornadus|Heavy-Duty Boots|[from] move: Knock Off|[of] p1a: Zeraora
|move|p2a: Tornadus|U-turn|p1a: Zeraora
|-damage|p1a: Zeraora|69/100
|
|t:|1647705133
|switch|p2a: Swampert|Swampert, F|88/100 tox|[from]move: U-turn
|-damage|p2a: Swampert|82/100 tox|[from] Stealth Rock
|
|-heal|p2a: Swampert|88/100 tox|[from] item: Leftovers
|-damage|p2a: Swampert|82/100 tox|[from] psn
|upkeep
|turn|15
|
|t:|1647705136
|switch|p1a: Ferrothorn|Ferrothorn, F|100/100
|-damage|p1a: Ferrothorn|94/100|[from] Stealth Rock
|move|p2a: Swampert|Earthquake|p1a: Ferrothorn
|-damage|p1a: Ferrothorn|66/100
|
|-heal|p2a: Swampert|88/100 tox|[from] item: Leftovers
|-heal|p1a: Ferrothorn|72/100|[from] item: Leftovers
|-damage|p2a: Swampert|76/100 tox|[from] psn
|upkeep
|turn|16
|
|t:|1647705141
|switch|p2a: Clefable|Clefable, F|100/100
|move|p1a: Ferrothorn|Knock Off|p2a: Clefable
|-resisted|p2a: Clefable
|-damage|p2a: Clefable|92/100
|-enditem|p2a: Clefable|Leftovers|[from] move: Knock Off|[of] p1a: Ferrothorn
|
|-heal|p1a: Ferrothorn|78/100|[from] item: Leftovers
|upkeep
|turn|17
|
|t:|1647705155
|switch|p1a: Tapu Koko|Tapu Koko|100/100
|-damage|p1a: Tapu Koko|88/100|[from] Stealth Rock
|-fieldstart|move: Electric Terrain|[from] ability: Electric Surge|[of] p1a: Tapu Koko
|move|p2a: Clefable|Trick|p1a: Tapu Koko
|-activate|p2a: Clefable|move: Trick|[of] p1a: Tapu Koko
|-enditem|p1a: Tapu Koko|Choice Specs|[silent]|[from] move: Trick
|-item|p2a: Clefable|Choice Specs|[from] move: Trick
|
|upkeep
|turn|18
|
|t:|1647705165
|switch|p2a: Swampert|Swampert, F|76/100 tox
|-damage|p2a: Swampert|70/100 tox|[from] Stealth Rock
|move|p1a: Tapu Koko|Volt Switch|p2a: Swampert
|-immune|p2a: Swampert
|
|-heal|p2a: Swampert|76/100 tox|[from] item: Leftovers
|-damage|p2a: Swampert|70/100 tox|[from] psn
|upkeep
|turn|19
|
|t:|1647705172
|switch|p1a: Ferrothorn|Ferrothorn, F|78/100
|-damage|p1a: Ferrothorn|72/100|[from] Stealth Rock
|move|p2a: Swampert|Earthquake|p1a: Ferrothorn
|-damage|p1a: Ferrothorn|45/100
|
|-heal|p2a: Swampert|76/100 tox|[from] item: Leftovers
|-heal|p1a: Ferrothorn|51/100|[from] item: Leftovers
|-damage|p2a: Swampert|63/100 tox|[from] psn
|upkeep
|turn|20
|l| Guineacats
|j| Albania Gaming
|
|t:|1647705178
|switch|p2a: Clefable|Clefable, F|92/100
|move|p1a: Ferrothorn|Body Press|p2a: Clefable
|-resisted|p2a: Clefable
|-damage|p2a: Clefable|82/100
|
|-heal|p1a: Ferrothorn|57/100|[from] item: Leftovers
|upkeep
|turn|21
|
|t:|1647705183
|move|p2a: Clefable|Wish|p2a: Clefable
|move|p1a: Ferrothorn|Body Press|p2a: Clefable
|-resisted|p2a: Clefable
|-damage|p2a: Clefable|71/100
|
|-heal|p1a: Ferrothorn|63/100|[from] item: Leftovers
|-fieldend|move: Electric Terrain
|upkeep
|turn|22
|l| Albania Gaming
|
|t:|1647705188
|switch|p2a: Tornadus|Tornadus-Therian, M|83/100
|-damage|p2a: Tornadus|58/100|[from] Stealth Rock
|move|p1a: Ferrothorn|Leech Seed|p2a: Tornadus
|-start|p2a: Tornadus|move: Leech Seed
|
|-heal|p2a: Tornadus|100/100|[from] move: Wish|[wisher] Clefable
|-heal|p1a: Ferrothorn|70/100|[from] item: Leftovers
|-damage|p2a: Tornadus|88/100|[from] Leech Seed|[of] p1a: Ferrothorn
|-heal|p1a: Ferrothorn|82/100|[silent]
|upkeep
|turn|23
|
|t:|1647705199
|move|p2a: Tornadus|U-turn|p1a: Ferrothorn
|-damage|p1a: Ferrothorn|70/100
|-damage|p2a: Tornadus|76/100|[from] ability: Iron Barbs|[of] p1a: Ferrothorn
|
|t:|1647705204
|switch|p2a: Clefable|Clefable, F|71/100|[from]move: U-turn
|move|p1a: Ferrothorn|Body Press|p2a: Clefable
|-resisted|p2a: Clefable
|-damage|p2a: Clefable|60/100
|
|-heal|p1a: Ferrothorn|76/100|[from] item: Leftovers
|upkeep
|turn|24
|
|t:|1647705210
|move|p2a: Clefable|Trick|p1a: Ferrothorn
|-activate|p2a: Clefable|move: Trick|[of] p1a: Ferrothorn
|-item|p1a: Ferrothorn|Choice Specs|[from] move: Trick
|-item|p2a: Clefable|Leftovers|[from] move: Trick
|move|p1a: Ferrothorn|Leech Seed|p2a: Clefable
|-start|p2a: Clefable|move: Leech Seed
|
|-heal|p2a: Clefable|66/100|[from] item: Leftovers
|upkeep
|turn|25
|
|t:|1647705226
|switch|p1a: Tapu Koko|Tapu Koko|88/100
|-damage|p1a: Tapu Koko|76/100|[from] Stealth Rock
|-fieldstart|move: Electric Terrain|[from] ability: Electric Surge|[of] p1a: Tapu Koko
|move|p2a: Clefable|Moonblast|p1a: Tapu Koko
|-damage|p1a: Tapu Koko|25/100
|
|-heal|p2a: Clefable|73/100|[from] item: Leftovers
|upkeep
|turn|26
|
|t:|1647705237
|move|p1a: Tapu Koko|Thunderbolt|p2a: Clefable
|-damage|p2a: Clefable|34/100
|move|p2a: Clefable|Soft-Boiled|p2a: Clefable
|-heal|p2a: Clefable|84/100
|
|-heal|p2a: Clefable|90/100|[from] item: Leftovers
|upkeep
|turn|27
|
|t:|1647705242
|move|p1a: Tapu Koko|Volt Switch|p2a: Clefable
|-crit|p2a: Clefable
|-damage|p2a: Clefable|43/100
|
|t:|1647705254
|switch|p1a: Ferrothorn|Ferrothorn, F|76/100|[from]move: Volt Switch
|-damage|p1a: Ferrothorn|70/100|[from] Stealth Rock
|move|p2a: Clefable|Soft-Boiled|p2a: Clefable
|-heal|p2a: Clefable|93/100
|
|-heal|p2a: Clefable|99/100|[from] item: Leftovers
|upkeep
|turn|28
|
|t:|1647705259
|move|p2a: Clefable|Wish|p2a: Clefable
|move|p1a: Ferrothorn|Body Press|p2a: Clefable
|-resisted|p2a: Clefable
|-damage|p2a: Clefable|88/100
|
|-heal|p2a: Clefable|94/100|[from] item: Leftovers
|upkeep
|turn|29
|
|t:|1647705263
|move|p2a: Clefable|Moonblast|p1a: Ferrothorn
|-resisted|p1a: Ferrothorn
|-damage|p1a: Ferrothorn|61/100
|-unboost|p1a: Ferrothorn|spa|1
|move|p1a: Ferrothorn|Body Press|p2a: Clefable
|-resisted|p2a: Clefable
|-damage|p2a: Clefable|84/100
|
|-heal|p2a: Clefable|100/100|[from] move: Wish|[wisher] Clefable
|-fieldend|move: Electric Terrain
|upkeep
|turn|30
|
|t:|1647705266
|move|p2a: Clefable|Moonblast|p1a: Ferrothorn
|-resisted|p1a: Ferrothorn
|-damage|p1a: Ferrothorn|51/100
|move|p1a: Ferrothorn|Body Press|p2a: Clefable
|-resisted|p2a: Clefable
|-damage|p2a: Clefable|90/100
|
|-heal|p2a: Clefable|96/100|[from] item: Leftovers
|upkeep
|turn|31
|
|t:|1647705268
|move|p2a: Clefable|Moonblast|p1a: Ferrothorn
|-resisted|p1a: Ferrothorn
|-damage|p1a: Ferrothorn|41/100
|move|p1a: Ferrothorn|Body Press|p2a: Clefable
|-resisted|p2a: Clefable
|-damage|p2a: Clefable|86/100
|
|-heal|p2a: Clefable|92/100|[from] item: Leftovers
|upkeep
|turn|32
|
|t:|1647705271
|move|p2a: Clefable|Moonblast|p1a: Ferrothorn
|-resisted|p1a: Ferrothorn
|-damage|p1a: Ferrothorn|30/100
|-unboost|p1a: Ferrothorn|spa|1
|move|p1a: Ferrothorn|Body Press|p2a: Clefable
|-resisted|p2a: Clefable
|-damage|p2a: Clefable|80/100
|
|-heal|p2a: Clefable|87/100|[from] item: Leftovers
|upkeep
|turn|33
|
|t:|1647705273
|move|p2a: Clefable|Moonblast|p1a: Ferrothorn
|-resisted|p1a: Ferrothorn
|-damage|p1a: Ferrothorn|20/100
|-unboost|p1a: Ferrothorn|spa|1
|move|p1a: Ferrothorn|Body Press|p2a: Clefable
|-resisted|p2a: Clefable
|-damage|p2a: Clefable|75/100
|
|-heal|p2a: Clefable|81/100|[from] item: Leftovers
|upkeep
|turn|34
|
|t:|1647705275
|move|p2a: Clefable|Moonblast|p1a: Ferrothorn
|-resisted|p1a: Ferrothorn
|-damage|p1a: Ferrothorn|11/100
|move|p1a: Ferrothorn|Body Press|p2a: Clefable
|-resisted|p2a: Clefable
|-damage|p2a: Clefable|70/100
|
|-heal|p2a: Clefable|76/100|[from] item: Leftovers
|upkeep
|turn|35
|
|t:|1647705279
|move|p2a: Clefable|Soft-Boiled|p2a: Clefable
|-heal|p2a: Clefable|100/100
|move|p1a: Ferrothorn|Body Press|p2a: Clefable
|-resisted|p2a: Clefable
|-damage|p2a: Clefable|91/100
|
|-heal|p2a: Clefable|97/100|[from] item: Leftovers
|upkeep
|turn|36
|
|t:|1647705286
|move|p2a: Clefable|Wish|p2a: Clefable
|move|p1a: Ferrothorn|Body Press|p2a: Clefable
|-resisted|p2a: Clefable
|-damage|p2a: Clefable|86/100
|
|-heal|p2a: Clefable|92/100|[from] item: Leftovers
|upkeep
|turn|37
|
|t:|1647705291
|switch|p2a: Swampert|Swampert, F|63/100 tox
|-damage|p2a: Swampert|57/100 tox|[from] Stealth Rock
|move|p1a: Ferrothorn|Body Press|p2a: Swampert
|-crit|p2a: Swampert
|-damage|p2a: Swampert|26/100 tox
|
|-heal|p2a: Swampert|75/100 tox|[from] move: Wish|[wisher] Clefable
|-heal|p2a: Swampert|81/100 tox|[from] item: Leftovers
|-damage|p2a: Swampert|75/100 tox|[from] psn
|upkeep
|turn|38
|
|t:|1647705294
|switch|p2a: Clefable|Clefable, F|92/100
|move|p1a: Ferrothorn|Body Press|p2a: Clefable
|-resisted|p2a: Clefable
|-damage|p2a: Clefable|82/100
|
|-heal|p2a: Clefable|89/100|[from] item: Leftovers
|upkeep
|turn|39
|
|t:|1647705299
|move|p2a: Clefable|Wish|p2a: Clefable
|move|p1a: Ferrothorn|Body Press|p2a: Clefable
|-resisted|p2a: Clefable
|-damage|p2a: Clefable|79/100
|
|-heal|p2a: Clefable|85/100|[from] item: Leftovers
|upkeep
|turn|40
|
|t:|1647705305
|move|p2a: Clefable|Soft-Boiled|p2a: Clefable
|-heal|p2a: Clefable|100/100
|move|p1a: Ferrothorn|Body Press|p2a: Clefable
|-resisted|p2a: Clefable
|-damage|p2a: Clefable|90/100
|
|-heal|p2a: Clefable|100/100|[from] move: Wish|[wisher] Clefable
|upkeep
|turn|41
|
|t:|1647705309
|move|p2a: Clefable|Wish|p2a: Clefable
|-activate|p1a: Ferrothorn|move: Struggle
|move|p1a: Ferrothorn|Struggle|p2a: Clefable
|-damage|p2a: Clefable|91/100
|-damage|p1a: Ferrothorn|0 fnt|[from] recoil
|faint|p1a: Ferrothorn
|
|-heal|p2a: Clefable|97/100|[from] item: Leftovers
|upkeep
|
|t:|1647705312
|switch|p1a: Urshifu|Urshifu-Rapid-Strike, F|82/100
|-damage|p1a: Urshifu|76/100|[from] Stealth Rock
|turn|42
|
|t:|1647705315
|move|p1a: Urshifu|Surging Strikes|p2a: Clefable
|-crit|p2a: Clefable
|-damage|p2a: Clefable|66/100
|-crit|p2a: Clefable
|-damage|p2a: Clefable|37/100
|-crit|p2a: Clefable
|-damage|p2a: Clefable|8/100
|-hitcount|p2a: Clefable|3
|move|p2a: Clefable|Moonblast|p1a: Urshifu
|-supereffective|p1a: Urshifu
|-damage|p1a: Urshifu|0 fnt
|faint|p1a: Urshifu
|
|-heal|p2a: Clefable|58/100|[from] move: Wish|[wisher] Clefable
|-heal|p2a: Clefable|64/100|[from] item: Leftovers
|upkeep
|
|t:|1647705323
|switch|p1a: Zeraora|Zeraora|69/100
|-damage|p1a: Zeraora|57/100|[from] Stealth Rock
|turn|43
|
|t:|1647705326
|switch|p2a: Tornadus|Tornadus-Therian, M|100/100
|-damage|p2a: Tornadus|76/100|[from] Stealth Rock
|move|p1a: Zeraora|Plasma Fists|p2a: Tornadus
|-supereffective|p2a: Tornadus
|-damage|p2a: Tornadus|0 fnt
|-fieldactivate|move: Ion Deluge
|-hint|Normal-type moves become Electric-type after using Plasma Fists.
|faint|p2a: Tornadus
|
|upkeep
|
|t:|1647705330
|switch|p2a: Swampert|Swampert, F|75/100 tox
|-damage|p2a: Swampert|69/100 tox|[from] Stealth Rock
|turn|44
|-message|big boss 447 forfeited.
|
|win|Platum
|raw|big boss 447's rating: 1754 &rarr; <strong>1737</strong><br />(-17 for losing)
|raw|Platum's rating: 1814 &rarr; <strong>1831</strong><br />(+17 for winning)
|l|☆big boss 447
|l|☆Platum
