|j|☆LaDoudou'sPatate
|j|☆Fastpitchkiller
|t:|1658810584
|gametype|singles
|player|p1|LaDoudou'sPatate|265|1740
|player|p2|Fastpitchkiller|101|1748
|teamsize|p1|6
|teamsize|p2|6
|gen|8
|tier|[Gen 8] OU
|rated|
|rule|Sleep Clause Mod: Limit one foe put to sleep
|rule|Species Clause: Limit one of each Pokémon
|rule|OHKO Clause: OHKO moves are banned
|rule|Evasion Moves Clause: Evasion moves are banned
|rule|Endless Battle Clause: Forcing endless battles is banned
|rule|HP Percentage Mod: HP is shown in percentages
|rule|Dynamax Clause: You cannot dynamax
|clearpoke
|poke|p1|Clefable, M|
|poke|p1|Landorus-Therian, M|
|poke|p1|Rillaboom, M|
|poke|p1|Hawlucha, M|
|poke|p1|Latias, F|
|poke|p1|Melmetal|
|poke|p2|Slowbro, F|
|poke|p2|Dracozolt|
|poke|p2|Hippowdon, F|
|poke|p2|Scizor, M|
|poke|p2|Zapdos-Galar|
|poke|p2|Regieleki|
|teampreview
|
|t:|1658810594
|start
|switch|p1a: Landorus|Landorus-Therian, M|100/100
|switch|p2a: Zapdos|Zapdos-Galar|100/100
|-ability|p1a: Landorus|Intimidate|boost
|-unboost|p2a: Zapdos|atk|1
|-ability|p2a: Zapdos|Defiant
|-boost|p2a: Zapdos|atk|2
|turn|1
|j| LT_Alt1
|
|t:|1658810605
|move|p2a: Zapdos|Brave Bird|p1a: Landorus
|-damage|p1a: Landorus|0 fnt
|faint|p1a: Landorus
|-damage|p2a: Zapdos|61/100|[from] Recoil
|
|upkeep
|
|t:|1658810612
|switch|p1a: Latias|Latias, F|100/100
|turn|2
|
|t:|1658810617
|switch|p2a: Hippowdon|Hippowdon, F|100/100
|-weather|Sandstorm|[from] ability: Sand Stream|[of] p2a: Hippowdon
|move|p1a: Latias|Draco Meteor|p2a: Hippowdon
|-damage|p2a: Hippowdon|58/100
|-unboost|p1a: Latias|spa|2
|
|-weather|Sandstorm|[upkeep]
|-damage|p1a: Latias|95/100|[from] Sandstorm
|-heal|p2a: Hippowdon|65/100|[from] item: Leftovers
|upkeep
|turn|3
|
|t:|1658810629
|switch|p1a: Rillaboom|Rillaboom, M|100/100
|-fieldstart|move: Grassy Terrain|[from] ability: Grassy Surge|[of] p1a: Rillaboom
|move|p2a: Hippowdon|Slack Off|p2a: Hippowdon
|-heal|p2a: Hippowdon|100/100
|
|-weather|Sandstorm|[upkeep]
|-damage|p1a: Rillaboom|94/100|[from] Sandstorm
|-heal|p1a: Rillaboom|100/100|[from] Grassy Terrain
|upkeep
|turn|4
|j| SunTeamPupil
|
|t:|1658810647
|switch|p1a: Clefable|Clefable, M|100/100
|switch|p2a: Scizor|Scizor, M|100/100
|
|-weather|Sandstorm|[upkeep]
|upkeep
|turn|5
|j| bloked on blicks
|
|t:|1658810656
|move|p2a: Scizor|Bullet Punch|p1a: Clefable
|-supereffective|p1a: Clefable
|-damage|p1a: Clefable|41/100
|move|p1a: Clefable|Flamethrower|p2a: Scizor
|-supereffective|p2a: Scizor
|-damage|p2a: Scizor|0 fnt
|faint|p2a: Scizor
|
|-weather|Sandstorm|[upkeep]
|-heal|p1a: Clefable|47/100|[from] Grassy Terrain
|upkeep
|
|t:|1658810667
|switch|p2a: Regieleki|Regieleki|100/100
|turn|6
|
|t:|1658810674
|switch|p1a: Latias|Latias, F|95/100
|move|p2a: Regieleki|Volt Switch|p1a: Latias
|-resisted|p1a: Latias
|-damage|p1a: Latias|67/100
|
|t:|1658810684
|switch|p2a: Slowgatell|Slowbro, F|100/100|[from]move: Volt Switch
|
|-weather|none
|upkeep
|turn|7
|
|t:|1658810690
|switch|p2a: Hippowdon|Hippowdon, F|100/100
|-weather|Sandstorm|[from] ability: Sand Stream|[of] p2a: Hippowdon
|move|p1a: Latias|Trick|p2a: Hippowdon
|-activate|p1a: Latias|move: Trick|[of] p2a: Hippowdon
|-item|p2a: Hippowdon|Choice Scarf|[from] move: Trick
|-item|p1a: Latias|Leftovers|[from] move: Trick
|
|-weather|Sandstorm|[upkeep]
|-damage|p1a: Latias|61/100|[from] Sandstorm
|-heal|p1a: Latias|67/100|[from] item: Leftovers
|-fieldend|move: Grassy Terrain
|upkeep
|turn|8
|
|t:|1658810703
|switch|p2a: Dracozolt|Dracozolt|100/100
|move|p1a: Latias|Healing Wish|p1a: Latias
|faint|p1a: Latias
|
|-weather|Sandstorm|[upkeep]
|upkeep
|
|t:|1658810717
|switch|p1a: Melmetal|Melmetal|100/100
|turn|9
|
|t:|1658810721
|switch|p2a: Slowgatell|Slowbro, F|100/100
|move|p1a: Melmetal|Earthquake|p2a: Slowgatell
|-crit|p2a: Slowgatell
|-damage|p2a: Slowgatell|62/100
|
|-weather|Sandstorm|[upkeep]
|-damage|p2a: Slowgatell|56/100|[from] Sandstorm
|upkeep
|turn|10
|
|t:|1658810730
|move|p1a: Melmetal|Thunder Punch|p2a: Slowgatell
|-supereffective|p2a: Slowgatell
|-damage|p2a: Slowgatell|9/100
|-damage|p1a: Melmetal|84/100|[from] item: Rocky Helmet|[of] p2a: Slowgatell
|move|p2a: Slowgatell|Teleport|p2a: Slowgatell
|
|t:|1658810736
|switch|p2a: Zapdos|Zapdos-Galar|61/100|[from]move: Teleport
|
|-weather|Sandstorm|[upkeep]
|-damage|p2a: Zapdos|55/100|[from] Sandstorm
|upkeep
|turn|11
|j| Zui_Hou_De_Ren
|
|t:|1658810750
|move|p2a: Zapdos|Brave Bird|p1a: Melmetal
|-resisted|p1a: Melmetal
|-damage|p1a: Melmetal|61/100
|-damage|p2a: Zapdos|44/100|[from] Recoil
|move|p1a: Melmetal|Double Iron Bash|p2a: Zapdos
|-damage|p2a: Zapdos|0 fnt
|faint|p2a: Zapdos
|-hitcount|p2: Zapdos|1
|
|-weather|none
|upkeep
|
|t:|1658810760
|switch|p2a: Slowgatell|Slowbro, F|43/100
|turn|12
|
|t:|1658810764
|switch|p2a: Hippowdon|Hippowdon, F|100/100
|-weather|Sandstorm|[from] ability: Sand Stream|[of] p2a: Hippowdon
|move|p1a: Melmetal|Thunder Punch|p2a: Hippowdon
|-immune|p2a: Hippowdon
|
|-weather|Sandstorm|[upkeep]
|upkeep
|turn|13
|
|t:|1658810773
|switch|p2a: Dracozolt|Dracozolt|100/100
|move|p1a: Melmetal|Ice Punch|p2a: Dracozolt
|-supereffective|p2a: Dracozolt
|-damage|p2a: Dracozolt|5/100
|
|-weather|Sandstorm|[upkeep]
|-heal|p2a: Dracozolt|11/100|[from] item: Leftovers
|upkeep
|turn|14
|
|t:|1658810783
|move|p2a: Dracozolt|Bolt Beak|p1a: Melmetal
|-damage|p1a: Melmetal|24/100
|move|p1a: Melmetal|Ice Punch|p2a: Dracozolt
|-supereffective|p2a: Dracozolt
|-damage|p2a: Dracozolt|0 fnt
|faint|p2a: Dracozolt
|
|-weather|Sandstorm|[upkeep]
|upkeep
|
|t:|1658810792
|switch|p2a: Regieleki|Regieleki|100/100
|turn|15
|j| punyakoko
|-message|Fastpitchkiller forfeited.
|
|win|LaDoudou'sPatate
|raw|LaDoudou&apos;sPatate's rating: 1740 &rarr; <strong>1760</strong><br />(+20 for winning)
|raw|Fastpitchkiller's rating: 1748 &rarr; <strong>1728</strong><br />(-20 for losing)
|l|☆Fastpitchkiller
|j| CanUrepeat
|l|☆LaDoudou'sPatate
|l| CanUrepeat
|l| bloked on blicks
|l| punyakoko
