|j|☆Darkortex
|j|☆GGeorgie◕‿◕
|t:|1668058015
|gametype|singles
|player|p1|Darkortex|hilbert|1766
|player|p2|GGeorgie◕‿◕|hiker-gen2|1641
|teamsize|p1|6
|teamsize|p2|6
|gen|8
|tier|[Gen 8] OU
|rated|
|rule|Sleep Clause Mod: Limit one foe put to sleep
|rule|Species Clause: Limit one of each Pokémon
|rule|OHKO Clause: OHKO moves are banned
|rule|Evasion Items Clause: Evasion items are banned
|rule|Evasion Moves Clause: Evasion moves are banned
|rule|Endless Battle Clause: Forcing endless battles is banned
|rule|HP Percentage Mod: HP is shown in percentages
|rule|Dynamax Clause: You cannot dynamax
|clearpoke
|poke|p1|Urshifu-*, M|
|poke|p1|Tyranitar, M|
|poke|p1|Excadrill, M|
|poke|p1|Zapdos|
|poke|p1|Ferrothorn, M|
|poke|p1|Tapu Lele|
|poke|p2|Zapdos|
|poke|p2|Tyranitar, M|
|poke|p2|Landorus-Therian, M|
|poke|p2|Excadrill, M|
|poke|p2|Clefable, F|
|poke|p2|Ferrothorn, F|
|teampreview
|inactive|Battle timer is ON: inactive players will automatically lose when time's up. (requested by Darkortex)
|
|t:|1668058024
|start
|switch|p1a: Urshifu|Urshifu-Rapid-Strike, M|100/100
|switch|p2a: Landorus|Landorus-Therian, M|100/100
|-ability|p2a: Landorus|Intimidate|boost
|-unboost|p1a: Urshifu|atk|1
|turn|1
|j| Rem!x
|
|t:|1668058027
|switch|p2a: Clefable|Clefable, F|100/100
|move|p1a: Urshifu|Surging Strikes|p2a: Clefable
|-crit|p2a: Clefable
|-damage|p2a: Clefable|85/100
|-crit|p2a: Clefable
|-damage|p2a: Clefable|69/100
|-crit|p2a: Clefable
|-damage|p2a: Clefable|54/100
|-hitcount|p2a: Clefable|3
|
|upkeep
|turn|2
|
|t:|1668058032
|move|p1a: Urshifu|U-turn|p2a: Clefable
|-resisted|p2a: Clefable
|-damage|p2a: Clefable|48/100
|
|t:|1668058036
|switch|p1a: Excadrill|Excadrill, M|100/100|[from]move: U-turn
|move|p2a: Clefable|Soft-Boiled|p2a: Clefable
|-heal|p2a: Clefable|98/100
|
|upkeep
|turn|3
|j| Rhunic32
|inactive|GGeorgie◕‿◕ has 120 seconds left.
|
|t:|1668058072
|switch|p2a: Ferrothorn|Ferrothorn, F, shiny|100/100
|move|p1a: Excadrill|Iron Head|p2a: Ferrothorn
|-resisted|p2a: Ferrothorn
|-damage|p2a: Ferrothorn|78/100
|-damage|p1a: Excadrill|88/100|[from] ability: Iron Barbs|[of] p2a: Ferrothorn
|-damage|p1a: Excadrill|71/100|[from] item: Rocky Helmet|[of] p2a: Ferrothorn
|
|upkeep
|turn|4
|inactive|GGeorgie◕‿◕ has 120 seconds left.
|
|t:|1668058081
|switch|p1a: Ferrothorn|Ferrothorn, M|100/100
|move|p2a: Ferrothorn|Spikes|p1a: Ferrothorn
|-sidestart|p1: Darkortex|Spikes
|
|upkeep
|turn|5
|
|t:|1668058086
|move|p2a: Ferrothorn|Knock Off|p1a: Ferrothorn
|-damage|p1a: Ferrothorn|85/100
|-damage|p2a: Ferrothorn|66/100|[from] ability: Iron Barbs|[of] p1a: Ferrothorn
|-enditem|p1a: Ferrothorn|Leftovers|[from] move: Knock Off|[of] p2a: Ferrothorn
|move|p1a: Ferrothorn|Stealth Rock|p2a: Ferrothorn
|-sidestart|p2: GGeorgie◕‿◕|move: Stealth Rock
|
|upkeep
|turn|6
|
|t:|1668058091
|move|p2a: Ferrothorn|Spikes|p1a: Ferrothorn
|-sidestart|p1: Darkortex|Spikes
|move|p1a: Ferrothorn|Knock Off|p2a: Ferrothorn
|-damage|p2a: Ferrothorn|53/100
|-damage|p1a: Ferrothorn|73/100|[from] ability: Iron Barbs|[of] p2a: Ferrothorn
|-damage|p1a: Ferrothorn|56/100|[from] item: Rocky Helmet|[of] p2a: Ferrothorn
|-enditem|p2a: Ferrothorn|Rocky Helmet|[from] move: Knock Off|[of] p1a: Ferrothorn
|
|upkeep
|turn|7
|
|t:|1668058094
|move|p2a: Ferrothorn|Spikes|p1a: Ferrothorn
|-sidestart|p1: Darkortex|Spikes
|move|p1a: Ferrothorn|Body Press|p2a: Ferrothorn
|-supereffective|p2a: Ferrothorn
|-damage|p2a: Ferrothorn|21/100
|-damage|p1a: Ferrothorn|44/100|[from] ability: Iron Barbs|[of] p2a: Ferrothorn
|
|upkeep
|turn|8
|
|t:|1668058102
|switch|p2a: Clefable|Clefable, F|98/100
|move|p1a: Ferrothorn|Body Press|p2a: Clefable
|-resisted|p2a: Clefable
|-damage|p2a: Clefable|88/100
|
|upkeep
|turn|9
|
|t:|1668058111
|switch|p1a: Zapdos|Zapdos|100/100
|move|p2a: Clefable|Calm Mind|p2a: Clefable
|-boost|p2a: Clefable|spa|1
|-boost|p2a: Clefable|spd|1
|
|upkeep
|turn|10
|
|t:|1668058113
|move|p1a: Zapdos|Volt Switch|p2a: Clefable
|-damage|p2a: Clefable|69/100
|
|t:|1668058115
|switch|p1a: Tyranitar|Tyranitar, M|100/100|[from]move: Volt Switch
|-damage|p1a: Tyranitar|76/100|[from] Spikes
|-weather|Sandstorm|[from] ability: Sand Stream|[of] p1a: Tyranitar
|move|p2a: Clefable|Moonblast|p1a: Tyranitar
|-supereffective|p1a: Tyranitar
|-damage|p1a: Tyranitar|0 fnt
|faint|p1a: Tyranitar
|
|-weather|Sandstorm|[upkeep]
|upkeep
|
|t:|1668058117
|switch|p1a: Excadrill|Excadrill, M|71/100
|-damage|p1a: Excadrill|46/100|[from] Spikes
|turn|11
|j| LordDarkSkin
|
|t:|1668058123
|switch|p2a: Landorus|Landorus-Therian, M|100/100
|-damage|p2a: Landorus|88/100|[from] Stealth Rock
|-ability|p2a: Landorus|Intimidate|boost
|-unboost|p1a: Excadrill|atk|1
|move|p1a: Excadrill|Iron Head|p2a: Landorus
|-damage|p2a: Landorus|36/100
|
|-weather|Sandstorm|[upkeep]
|upkeep
|turn|12
|
|t:|1668058127
|switch|p2a: Ferrothorn|Ferrothorn, F, shiny|21/100
|-damage|p2a: Ferrothorn|15/100|[from] Stealth Rock
|move|p1a: Excadrill|Iron Head|p2a: Ferrothorn
|-resisted|p2a: Ferrothorn
|-crit|p2a: Ferrothorn
|-damage|p2a: Ferrothorn|0 fnt
|-damage|p1a: Excadrill|34/100|[from] ability: Iron Barbs|[of] p2a: Ferrothorn
|faint|p2a: Ferrothorn
|
|-weather|Sandstorm|[upkeep]
|upkeep
|
|t:|1668058130
|switch|p2a: Excadrill|Excadrill, M|100/100
|-damage|p2a: Excadrill|97/100|[from] Stealth Rock
|turn|13
|
|t:|1668058134
|switch|p1a: Zapdos|Zapdos|100/100
|move|p2a: Excadrill|Rapid Spin|p1a: Zapdos
|-crit|p1a: Zapdos
|-damage|p1a: Zapdos|76/100
|-boost|p2a: Excadrill|spe|1
|-sideend|p2: GGeorgie◕‿◕|Stealth Rock|[from] move: Rapid Spin|[of] p2a: Excadrill
|
|-weather|Sandstorm|[upkeep]
|-damage|p1a: Zapdos|70/100|[from] Sandstorm
|-heal|p2a: Excadrill|100/100|[from] item: Leftovers
|upkeep
|turn|14
|
|t:|1668058139
|switch|p2a: Tyranitar|Tyranitar, M, shiny|100/100
|move|p1a: Zapdos|Hurricane|p2a: Tyranitar|[miss]
|-miss|p1a: Zapdos|p2a: Tyranitar
|
|-weather|none
|upkeep
|turn|15
|
|t:|1668058142
|move|p1a: Zapdos|Volt Switch|p2a: Tyranitar
|-damage|p2a: Tyranitar|69/100
|
|t:|1668058145
|switch|p1a: Urshifu|Urshifu-Rapid-Strike, M|100/100|[from]move: Volt Switch
|-damage|p1a: Urshifu|76/100|[from] Spikes
|move|p2a: Tyranitar|Stone Edge|p1a: Urshifu|[miss]
|-miss|p2a: Tyranitar|p1a: Urshifu
|
|upkeep
|turn|16
|
|t:|1668058151
|switch|p2a: Landorus|Landorus-Therian, M|36/100
|-ability|p2a: Landorus|Intimidate|boost
|-unboost|p1a: Urshifu|atk|1
|move|p1a: Urshifu|Surging Strikes|p2a: Landorus
|-supereffective|p2a: Landorus
|-crit|p2a: Landorus
|-damage|p2a: Landorus|0 fnt
|faint|p2a: Landorus
|-hitcount|p2: Landorus|1
|
|upkeep
|
|t:|1668058153
|switch|p2a: Zapdos|Zapdos|100/100
|turn|17
|
|t:|1668058156
|move|p2a: Zapdos|Volt Switch|p1a: Urshifu
|-supereffective|p1a: Urshifu
|-damage|p1a: Urshifu|0 fnt
|faint|p1a: Urshifu
|
|t:|1668058164
|switch|p2a: Tyranitar|Tyranitar, M, shiny|69/100|[from]move: Volt Switch
|-weather|Sandstorm|[from] ability: Sand Stream|[of] p2a: Tyranitar
|
|-weather|Sandstorm|[upkeep]
|upkeep
|j| goobermane
|l| LordDarkSkin
|
|t:|1668058186
|switch|p1a: Tapu Lele|Tapu Lele, shiny|100/100
|-damage|p1a: Tapu Lele|76/100|[from] Spikes
|-fieldstart|move: Psychic Terrain|[from] ability: Psychic Surge|[of] p1a: Tapu Lele
|turn|18
|j| LordDarkSkin
|l| goobermane
|
|t:|1668058196
|switch|p2a: Excadrill|Excadrill, M|100/100
|move|p1a: Tapu Lele|Moonblast|p2a: Excadrill
|-resisted|p2a: Excadrill
|-damage|p2a: Excadrill|67/100
|
|-weather|Sandstorm|[upkeep]
|-damage|p1a: Tapu Lele|70/100|[from] Sandstorm
|-heal|p2a: Excadrill|73/100|[from] item: Leftovers
|upkeep
|turn|19
|
|t:|1668058201
|switch|p2a: Zapdos|Zapdos|100/100
|switch|p1a: Ferrothorn|Ferrothorn, M|44/100
|-damage|p1a: Ferrothorn|19/100|[from] Spikes
|
|-weather|Sandstorm|[upkeep]
|-damage|p2a: Zapdos|94/100|[from] Sandstorm
|upkeep
|turn|20
|
|t:|1668058205
|move|p2a: Zapdos|Volt Switch|p1a: Ferrothorn
|-resisted|p1a: Ferrothorn
|-damage|p1a: Ferrothorn|1/100
|
|t:|1668058211
|switch|p2a: Clefable|Clefable, F|69/100|[from]move: Volt Switch
|move|p1a: Ferrothorn|Leech Seed|p2a: Clefable
|-start|p2a: Clefable|move: Leech Seed
|
|-weather|Sandstorm|[upkeep]
|upkeep
|turn|21
|l| Rhunic32
|j| Rhunic32
|
|t:|1668058222
|move|p2a: Clefable|Calm Mind|p2a: Clefable
|-boost|p2a: Clefable|spa|1
|-boost|p2a: Clefable|spd|1
|move|p1a: Ferrothorn|Knock Off|p2a: Clefable
|-resisted|p2a: Clefable
|-damage|p2a: Clefable|61/100
|-enditem|p2a: Clefable|Life Orb|[from] move: Knock Off|[of] p1a: Ferrothorn
|
|-weather|none
|upkeep
|turn|22
|
|t:|1668058227
|switch|p1a: Zapdos|Zapdos|70/100
|move|p2a: Clefable|Calm Mind|p2a: Clefable
|-boost|p2a: Clefable|spa|1
|-boost|p2a: Clefable|spd|1
|
|-fieldend|move: Psychic Terrain
|upkeep
|turn|23
|
|t:|1668058229
|move|p1a: Zapdos|Volt Switch|p2a: Clefable
|-damage|p2a: Clefable|46/100
|
|t:|1668058232
|switch|p1a: Excadrill|Excadrill, M|34/100|[from]move: Volt Switch
|-damage|p1a: Excadrill|9/100|[from] Spikes
|move|p2a: Clefable|Moonblast|p1a: Excadrill
|-resisted|p1a: Excadrill
|-damage|p1a: Excadrill|0 fnt
|faint|p1a: Excadrill
|
|upkeep
|
|t:|1668058233
|switch|p1a: Tapu Lele|Tapu Lele, shiny|70/100
|-damage|p1a: Tapu Lele|45/100|[from] Spikes
|-fieldstart|move: Psychic Terrain|[from] ability: Psychic Surge|[of] p1a: Tapu Lele
|turn|24
|
|t:|1668058236
|switch|p2a: Tyranitar|Tyranitar, M, shiny|69/100
|-weather|Sandstorm|[from] ability: Sand Stream|[of] p2a: Tyranitar
|move|p1a: Tapu Lele|Psyshock|p2a: Tyranitar
|-immune|p2a: Tyranitar
|
|-weather|Sandstorm|[upkeep]
|-damage|p1a: Tapu Lele|39/100|[from] Sandstorm
|upkeep
|turn|25
|-message|Darkortex forfeited.
|
|win|GGeorgie◕‿◕
|raw|Darkortex's rating: 1766 &rarr; <strong>1738</strong><br />(-28 for losing)
|raw|GGeorgie◕‿◕'s rating: 1628 &rarr; <strong>1656</strong><br />(+28 for winning)
|l|☆Darkortex
