|raw|<div class="broadcast-blue"><strong>This battle is required to be public due to a player having a name starting with 'lt93oq'.</div>
|j|‽antarctozolt
|j|☆LT93OQ Vegeto
|t:|1660646257
|gametype|singles
|player|p1|antarctozolt|skier|1903
|player|p2|LT93OQ Vegeto|ethan|1878
|teamsize|p1|6
|teamsize|p2|6
|gen|8
|tier|[Gen 8] OU
|rated|
|rule|Sleep Clause Mod: Limit one foe put to sleep
|rule|Species Clause: Limit one of each Pokémon
|rule|OHKO Clause: OHKO moves are banned
|rule|Evasion Items Clause: Evasion items are banned
|rule|Evasion Moves Clause: Evasion moves are banned
|rule|Endless Battle Clause: Forcing endless battles is banned
|rule|HP Percentage Mod: HP is shown in percentages
|rule|Dynamax Clause: You cannot dynamax
|clearpoke
|poke|p1|Kartana|
|poke|p1|Toxtricity, M|
|poke|p1|Celesteela|
|poke|p1|Dragapult, F|
|poke|p1|Mew|
|poke|p1|Zeraora|
|poke|p2|Garchomp, M|
|poke|p2|Zapdos|
|poke|p2|Clefable, F|
|poke|p2|Ferrothorn, F|
|poke|p2|Weavile, M|
|poke|p2|Tapu Lele|
|teampreview
|inactive|Battle timer is ON: inactive players will automatically lose when time's up. (requested by LT93OQ Vegeto)
|j|+Mengy ㋛
|
|t:|1660646273
|start
|switch|p1a: Mew|Mew|100/100
|switch|p2a: Garchomp|Garchomp, M|100/100
|turn|1
|
|t:|1660646276
|move|p2a: Garchomp|Scale Shot|p1a: Mew
|-damage|p1a: Mew|89/100
|-damage|p1a: Mew|77/100
|-crit|p1a: Mew
|-damage|p1a: Mew|59/100
|-damage|p1a: Mew|48/100
|-damage|p1a: Mew|36/100
|-hitcount|p1a: Mew|5
|-unboost|p2a: Garchomp|def|1
|-boost|p2a: Garchomp|spe|1
|move|p1a: Mew|Stealth Rock|p2a: Garchomp
|-sidestart|p2: LT93OQ Vegeto|move: Stealth Rock
|
|upkeep
|turn|2
|
|t:|1660646287
|move|p2a: Garchomp|Scale Shot|p1a: Mew
|-damage|p1a: Mew|26/100
|-damage|p1a: Mew|15/100
|-hitcount|p1a: Mew|2
|-unboost|p2a: Garchomp|def|1
|-boost|p2a: Garchomp|spe|1
|move|p1a: Mew|Flare Blitz|p2a: Garchomp
|-resisted|p2a: Garchomp
|-damage|p2a: Garchomp|69/100
|-damage|p1a: Mew|2/100|[from] ability: Rough Skin|[of] p2a: Garchomp
|-damage|p1a: Mew|0 fnt|[from] Recoil
|faint|p1a: Mew
|
|-heal|p2a: Garchomp|75/100|[from] item: Leftovers
|upkeep
|j| punyakoko
|j| The art of
|
|t:|1660646312
|switch|p1a: Celesteela|Celesteela|100/100
|turn|3
|j| infinitroll
|j| Vulpixfan7
|
|t:|1660646324
|move|p2a: Garchomp|Swords Dance|p2a: Garchomp
|-boost|p2a: Garchomp|atk|2
|move|p1a: Celesteela|Meteor Beam||[still]
|-prepare|p1a: Celesteela|Meteor Beam
|-boost|p1a: Celesteela|spa|1
|-enditem|p1a: Celesteela|Power Herb
|-anim|p1a: Celesteela|Meteor Beam|p2a: Garchomp
|-resisted|p2a: Garchomp
|-damage|p2a: Garchomp|43/100
|
|-heal|p2a: Garchomp|49/100|[from] item: Leftovers
|upkeep
|turn|4
|j| LT93OQ TROP CHAUD
|
|t:|1660646331
|move|p2a: Garchomp|Fire Fang|p1a: Celesteela
|-supereffective|p1a: Celesteela
|-damage|p1a: Celesteela|17/100
|move|p1a: Celesteela|Air Slash|p2a: Garchomp
|-damage|p2a: Garchomp|0 fnt
|faint|p2a: Garchomp
|-ability|p1a: Celesteela|Beast Boost|boost
|-boost|p1a: Celesteela|spa|1
|
|upkeep
|
|t:|1660646339
|switch|p2a: Weavile|Weavile, M|100/100
|-ability|p2a: Weavile|Pressure
|turn|5
|j|@ironwater
|j| Aurora
|
|t:|1660646341
|move|p2a: Weavile|Knock Off|p1a: Celesteela
|-damage|p1a: Celesteela|0 fnt
|faint|p1a: Celesteela
|
|upkeep
|j| 4funaccount
|
|t:|1660646344
|switch|p1a: Zeraora|Zeraora|100/100
|turn|6
|
|t:|1660646347
|move|p1a: Zeraora|Close Combat|p2a: Weavile
|-supereffective|p2a: Weavile
|-crit|p2a: Weavile
|-damage|p2a: Weavile|0 fnt
|-unboost|p1a: Zeraora|def|1
|-unboost|p1a: Zeraora|spd|1
|-enditem|p1a: Zeraora|Eject Pack
|faint|p2a: Weavile
|
|t:|1660646351
|switch|p1a: Dragapult|Dragapult, F|100/100
|
|upkeep
|j| lt92pf qrts
|
|t:|1660646356
|switch|p2a: Clefable|Clefable, F|100/100
|turn|7
|j| pokeaimfan96
|
|t:|1660646359
|switch|p2a: Tapu Lele|Tapu Lele|100/100
|-damage|p2a: Tapu Lele|88/100|[from] Stealth Rock
|-fieldstart|move: Psychic Terrain|[from] ability: Psychic Surge|[of] p2a: Tapu Lele
|move|p1a: Dragapult|U-turn|p2a: Tapu Lele
|-damage|p2a: Tapu Lele|62/100
|
|t:|1660646362
|switch|p1a: Zeraora|Zeraora|100/100|[from]move: U-turn
|
|upkeep
|turn|8
|j| 70to90gxe
|
|t:|1660646367
|move|p1a: Zeraora|Plasma Fists|p2a: Tapu Lele
|-damage|p2a: Tapu Lele|0 fnt
|-fieldactivate|move: Ion Deluge
|-hint|Normal-type moves become Electric-type after using Plasma Fists.
|faint|p2a: Tapu Lele
|
|upkeep
|
|t:|1660646371
|switch|p2a: Ferrothorn|Ferrothorn, F|100/100
|-damage|p2a: Ferrothorn|94/100|[from] Stealth Rock
|turn|9
|
|t:|1660646376
|move|p1a: Zeraora|Bulk Up|p1a: Zeraora
|-boost|p1a: Zeraora|atk|1
|-boost|p1a: Zeraora|def|1
|move|p2a: Ferrothorn|Spikes|p1a: Zeraora
|-sidestart|p1: antarctozolt|Spikes
|
|-heal|p2a: Ferrothorn|100/100|[from] item: Leftovers
|upkeep
|turn|10
|
|t:|1660646381
|move|p1a: Zeraora|Close Combat|p2a: Ferrothorn
|-supereffective|p2a: Ferrothorn
|-damage|p2a: Ferrothorn|20/100
|-unboost|p1a: Zeraora|def|1
|-unboost|p1a: Zeraora|spd|1
|-damage|p1a: Zeraora|88/100|[from] ability: Iron Barbs|[of] p2a: Ferrothorn
|move|p2a: Ferrothorn|Leech Seed|p1a: Zeraora
|-start|p1a: Zeraora|move: Leech Seed
|
|-heal|p2a: Ferrothorn|26/100|[from] item: Leftovers
|-damage|p1a: Zeraora|76/100|[from] Leech Seed|[of] p2a: Ferrothorn
|-heal|p2a: Ferrothorn|37/100|[silent]
|upkeep
|turn|11
|
|t:|1660646385
|switch|p2a: Clefable|Clefable, F|100/100
|move|p1a: Zeraora|Plasma Fists|p2a: Clefable
|-damage|p2a: Clefable|44/100
|-fieldactivate|move: Ion Deluge
|-hint|Normal-type moves become Electric-type after using Plasma Fists.
|
|-heal|p2a: Clefable|50/100|[from] item: Leftovers
|-damage|p1a: Zeraora|64/100|[from] Leech Seed|[of] p2a: Clefable
|-heal|p2a: Clefable|60/100|[silent]
|-fieldend|move: Psychic Terrain
|upkeep
|turn|12
|
|t:|1660646396
|switch|p1a: Toxtricity|Toxtricity, M|100/100
|-damage|p1a: Toxtricity|88/100|[from] Spikes
|move|p2a: Clefable|Moonblast|p1a: Toxtricity
|-resisted|p1a: Toxtricity
|-damage|p1a: Toxtricity|61/100
|-unboost|p1a: Toxtricity|spa|1
|
|-heal|p2a: Clefable|66/100|[from] item: Leftovers
|upkeep
|turn|13
|
|t:|1660646398
|move|p1a: Toxtricity|Boomburst|p2a: Clefable
|-damage|p2a: Clefable|10/100
|-damage|p1a: Toxtricity|51/100|[from] item: Life Orb
|move|p2a: Clefable|Moonblast|p1a: Toxtricity
|-resisted|p1a: Toxtricity
|-damage|p1a: Toxtricity|21/100
|-unboost|p1a: Toxtricity|spa|1
|
|-heal|p2a: Clefable|16/100|[from] item: Leftovers
|upkeep
|turn|14
|
|t:|1660646403
|move|p1a: Toxtricity|Boomburst|p2a: Clefable
|-damage|p2a: Clefable|0 fnt
|faint|p2a: Clefable
|-damage|p1a: Toxtricity|11/100|[from] item: Life Orb
|
|upkeep
|
|t:|1660646405
|switch|p2a: Zapdos|Zapdos|100/100
|turn|15
|
|t:|1660646409
|move|p2a: Zapdos|Volt Switch|p1a: Toxtricity
|-resisted|p1a: Toxtricity
|-damage|p1a: Toxtricity|0 fnt
|faint|p1a: Toxtricity
|
|t:|1660646411
|switch|p2a: Ferrothorn|Ferrothorn, F|37/100|[from]move: Volt Switch
|-damage|p2a: Ferrothorn|31/100|[from] Stealth Rock
|
|-heal|p2a: Ferrothorn|37/100|[from] item: Leftovers
|upkeep
|j| Rhymeee
|
|t:|1660646415
|switch|p1a: Kartana|Kartana|100/100
|-damage|p1a: Kartana|88/100|[from] Spikes
|turn|16
|
|t:|1660646421
|switch|p2a: Zapdos|Zapdos|100/100
|move|p1a: Kartana|Knock Off|p2a: Zapdos
|-damage|p2a: Zapdos|57/100
|-enditem|p2a: Zapdos|Heavy-Duty Boots|[from] move: Knock Off|[of] p1a: Kartana
|
|upkeep
|turn|17
|
|t:|1660646430
|switch|p1a: Dragapult|Dragapult, F|100/100
|-damage|p1a: Dragapult|88/100|[from] Spikes
|move|p2a: Zapdos|Roost|p2a: Zapdos
|-heal|p2a: Zapdos|100/100
|-singleturn|p2a: Zapdos|move: Roost
|
|upkeep
|turn|18
|
|t:|1660646433
|move|p1a: Dragapult|Shadow Ball|p2a: Zapdos
|-damage|p2a: Zapdos|46/100
|-unboost|p2a: Zapdos|spd|1
|move|p2a: Zapdos|Hurricane|p1a: Dragapult|[miss]
|-miss|p2a: Zapdos|p1a: Dragapult
|
|upkeep
|turn|19
|j| XuanR
|j|&Alpha
|-message|LT93OQ Vegeto forfeited.
|
|win|antarctozolt
|raw|antarctozolt's rating: 1903 &rarr; <strong>1922</strong><br />(+19 for winning)
|raw|LT93OQ Vegeto's rating: 1878 &rarr; <strong>1859</strong><br />(-19 for losing)
|l|☆LT93OQ Vegeto
|l| Aurora
|l|&Alpha
|l| lt92pf qrts
|l| pokeaimfan96
