|j|☆IM AT MY LIMIT
|j|☆OU make me yawn ¤
|t:|1617344321
|gametype|singles
|player|p1|IM AT MY LIMIT|dawn|
|player|p2|OU make me yawn ¤|nate|
|teamsize|p1|6
|teamsize|p2|6
|gen|8
|tier|[Gen 8] OU
|clearpoke
|poke|p1|Avalugg, F|
|poke|p1|Clefable, M|
|poke|p1|Xatu, F|
|poke|p1|Hydreigon, M|
|poke|p1|Heatran, F|
|poke|p1|Gastrodon, F|
|poke|p2|Mandibuzz, F|
|poke|p2|Hippowdon, M|
|poke|p2|Excadrill, M|
|poke|p2|Dracozolt|
|poke|p2|Tapu Lele|
|poke|p2|Rotom-Wash|
|rule|Sleep Clause Mod: Limit one foe put to sleep
|rule|Species Clause: Limit one of each Pokémon
|rule|OHKO Clause: OHKO moves are banned
|rule|Evasion Moves Clause: Evasion moves are banned
|rule|Endless Battle Clause: Forcing endless battles is banned
|rule|HP Percentage Mod: HP is shown in percentages
|rule|Dynamax Clause: You cannot dynamax
|teampreview
|inactive|Battle timer is ON: inactive players will automatically lose when time's up. (requested by OU make me yawn ¤)
|
|t:|1617344351
|start
|switch|p1a: ur mom|Xatu, F|100/100
|switch|p2a: Hippowdon|Hippowdon, M|100/100
|-weather|Sandstorm|[from] ability: Sand Stream|[of] p2a: Hippowdon
|turn|1
|
|t:|1617344360
|switch|p2a: Dracozolt|Dracozolt|100/100
|move|p1a: ur mom|Teleport|p1a: ur mom
|
|t:|1617344364
|switch|p1a: HAHAHAHAH|Gastrodon, F|100/100|[from]move: Teleport
|
|-weather|Sandstorm|[upkeep]
|upkeep
|turn|2
|
|t:|1617344385
|switch|p2a: Tapu Lele|Tapu Lele|100/100
|-fieldstart|move: Psychic Terrain|[from] ability: Psychic Surge|[of] p2a: Tapu Lele
|move|p1a: HAHAHAHAH|Toxic|p2a: Tapu Lele
|-status|p2a: Tapu Lele|tox
|
|-weather|Sandstorm|[upkeep]
|-damage|p2a: Tapu Lele|94/100 tox|[from] Sandstorm
|-damage|p2a: Tapu Lele|88/100 tox|[from] psn
|upkeep
|turn|3
|
|t:|1617344400
|switch|p1a: harold|Heatran, F|100/100
|move|p2a: Tapu Lele|Magic Room|p2a: Tapu Lele
|-fieldstart|move: Magic Room|[of] p2a: Tapu Lele
|
|-weather|Sandstorm|[upkeep]
|-damage|p2a: Tapu Lele|82/100 tox|[from] Sandstorm
|-damage|p2a: Tapu Lele|70/100 tox|[from] psn
|upkeep
|turn|4
|
|t:|1617344413
|switch|p2a: Dracozolt|Dracozolt|100/100
|move|p1a: harold|Magma Storm|p2a: Dracozolt
|-resisted|p2a: Dracozolt
|-damage|p2a: Dracozolt|69/100
|-activate|p2a: Dracozolt|move: Magma Storm|[of] p1a: harold
|
|-weather|Sandstorm|[upkeep]
|-damage|p2a: Dracozolt|56/100|[from] move: Magma Storm|[partiallytrapped]
|upkeep
|turn|5
|
|t:|1617344421
|switch|p1a: HAHAHAHAH|Gastrodon, F|100/100
|move|p2a: Dracozolt|Draco Meteor|p1a: HAHAHAHAH|[miss]
|-miss|p2a: Dracozolt|p1a: HAHAHAHAH
|
|-weather|Sandstorm|[upkeep]
|-end|p2a: Dracozolt|Magma Storm|[partiallytrapped]|[silent]
|upkeep
|turn|6
|c|☆OU make me yawn ¤|walled by gastro
|-message|OU make me yawn ¤ forfeited.
|
|win|IM AT MY LIMIT
|n|☆IM AT MY LIMIT@!|imatmylimit
|n|☆IM AT MY LIMIT|imatmylimit
|player|p2|OU make me yawn ¤|nate
|inactive|Battle timer is ON: inactive players will automatically lose when time's up. (requested by OU make me yawn ¤)
