|j|☆grasssoul
|j|☆jielijieli
|t:|1667485222
|gametype|singles
|player|p1|grasssoul|170|1527
|player|p2|jielijieli|flannery|1534
|teamsize|p1|6
|teamsize|p2|6
|gen|8
|tier|[Gen 8] OU
|rated|
|rule|Sleep Clause Mod: Limit one foe put to sleep
|rule|Species Clause: Limit one of each Pokémon
|rule|OHKO Clause: OHKO moves are banned
|rule|Evasion Items Clause: Evasion items are banned
|rule|Evasion Moves Clause: Evasion moves are banned
|rule|Endless Battle Clause: Forcing endless battles is banned
|rule|HP Percentage Mod: HP is shown in percentages
|rule|Dynamax Clause: You cannot dynamax
|clearpoke
|poke|p1|Heatran, M|
|poke|p1|Slowking-Galar, F|
|poke|p1|Tapu Lele|
|poke|p1|Landorus-Therian, M|
|poke|p1|Dragapult, M|
|poke|p1|Zapdos|
|poke|p2|Gigalith, M|
|poke|p2|Excadrill, M|
|poke|p2|Mew|
|poke|p2|Volcanion|
|poke|p2|Buzzwole|
|poke|p2|Weezing-Galar, F|
|teampreview
|
|t:|1667485234
|start
|switch|p1a: Dragapult|Dragapult, M|100/100
|switch|p2a: Gigalith|Gigalith, M|100/100
|-weather|Sandstorm|[from] ability: Sand Stream|[of] p2a: Gigalith
|turn|1
|inactive|Battle timer is ON: inactive players will automatically lose when time's up. (requested by jielijieli)
|
|t:|1667485240
|move|p1a: Dragapult|U-turn|p2a: Gigalith
|-damage|p2a: Gigalith|76/100
|
|t:|1667485243
|switch|p1a: Landorus|Landorus-Therian, M|100/100|[from]move: U-turn
|-ability|p1a: Landorus|Intimidate|boost
|-unboost|p2a: Gigalith|atk|1
|move|p2a: Gigalith|Stealth Rock|p1a: Landorus
|-sidestart|p1: grasssoul|move: Stealth Rock
|
|-weather|Sandstorm|[upkeep]
|upkeep
|turn|2
|
|t:|1667485251
|switch|p2a: Mew|Mew|100/100
|move|p1a: Landorus|Stealth Rock|p2a: Mew
|-sidestart|p2: jielijieli|move: Stealth Rock
|
|-weather|Sandstorm|[upkeep]
|-damage|p2a: Mew|94/100|[from] Sandstorm
|upkeep
|turn|3
|
|t:|1667485256
|move|p2a: Mew|Ice Beam|p1a: Landorus
|-supereffective|p1a: Landorus
|-damage|p1a: Landorus|0 fnt
|faint|p1a: Landorus
|
|-weather|Sandstorm|[upkeep]
|-damage|p2a: Mew|88/100|[from] Sandstorm
|upkeep
|
|t:|1667485260
|switch|p1a: Dragapult|Dragapult, M|100/100
|-damage|p1a: Dragapult|88/100|[from] Stealth Rock
|turn|4
|
|t:|1667485266
|switch|p2a: Weezing|Weezing-Galar, F|100/100
|-damage|p2a: Weezing|88/100|[from] Stealth Rock
|move|p1a: Dragapult|Phantom Force||[still]
|-prepare|p1a: Dragapult|Phantom Force
|
|-weather|Sandstorm|[upkeep]
|-damage|p1a: Dragapult|82/100|[from] Sandstorm
|-damage|p2a: Weezing|82/100|[from] Sandstorm
|-heal|p2a: Weezing|88/100|[from] item: Black Sludge
|upkeep
|turn|5
|
|t:|1667485274
|move|p1a: Dragapult|Phantom Force|p2a: Weezing|[from]lockedmove
|-damage|p2a: Weezing|47/100
|move|p2a: Weezing|Will-O-Wisp|p1a: Dragapult
|-status|p1a: Dragapult|brn
|
|-weather|none
|-heal|p2a: Weezing|53/100|[from] item: Black Sludge
|-damage|p1a: Dragapult|76/100 brn|[from] brn
|upkeep
|turn|6
|
|t:|1667485288
|switch|p1a: Heatran|Heatran, M|100/100
|-damage|p1a: Heatran|88/100|[from] Stealth Rock
|switch|p2a: Gigalith|Gigalith, M|76/100
|-damage|p2a: Gigalith|64/100|[from] Stealth Rock
|-weather|Sandstorm|[from] ability: Sand Stream|[of] p2a: Gigalith
|
|-weather|Sandstorm|[upkeep]
|-heal|p1a: Heatran|94/100|[from] item: Leftovers
|upkeep
|turn|7
|
|t:|1667485294
|move|p1a: Heatran|Earth Power|p2a: Gigalith
|-supereffective|p2a: Gigalith
|-damage|p2a: Gigalith|26/100
|move|p2a: Gigalith|Stone Edge|p1a: Heatran
|-damage|p1a: Heatran|45/100
|
|-weather|Sandstorm|[upkeep]
|-heal|p1a: Heatran|51/100|[from] item: Leftovers
|upkeep
|turn|8
|
|t:|1667485312
|switch|p2a: Weezing|Weezing-Galar, F|53/100
|-damage|p2a: Weezing|40/100|[from] Stealth Rock
|move|p1a: Heatran|Earth Power|p2a: Weezing
|-immune|p2a: Weezing|[from] ability: Levitate
|
|-weather|Sandstorm|[upkeep]
|-damage|p2a: Weezing|34/100|[from] Sandstorm
|-heal|p1a: Heatran|57/100|[from] item: Leftovers
|-heal|p2a: Weezing|40/100|[from] item: Black Sludge
|upkeep
|turn|9
|
|t:|1667485317
|move|p1a: Heatran|Magma Storm|p2a: Weezing|[miss]
|-miss|p1a: Heatran|p2a: Weezing
|move|p2a: Weezing|Strange Steam|p1a: Heatran
|-resisted|p1a: Heatran
|-damage|p1a: Heatran|53/100
|
|-weather|Sandstorm|[upkeep]
|-damage|p2a: Weezing|34/100|[from] Sandstorm
|-heal|p1a: Heatran|59/100|[from] item: Leftovers
|-heal|p2a: Weezing|40/100|[from] item: Black Sludge
|upkeep
|turn|10
|
|t:|1667485323
|move|p1a: Heatran|Magma Storm|p2a: Weezing|[miss]
|-miss|p1a: Heatran|p2a: Weezing
|move|p2a: Weezing|Strange Steam|p1a: Heatran
|-resisted|p1a: Heatran
|-damage|p1a: Heatran|56/100
|
|-weather|none
|-heal|p1a: Heatran|62/100|[from] item: Leftovers
|-heal|p2a: Weezing|46/100|[from] item: Black Sludge
|upkeep
|turn|11
|
|t:|1667485327
|move|p1a: Heatran|Magma Storm|p2a: Weezing
|-damage|p2a: Weezing|0 fnt
|faint|p2a: Weezing
|
|-heal|p1a: Heatran|68/100|[from] item: Leftovers
|upkeep
|
|t:|1667485331
|switch|p2a: Excadrill|Excadrill, M|100/100
|-damage|p2a: Excadrill|97/100|[from] Stealth Rock
|turn|12
|
|t:|1667485337
|switch|p1a: Zapdos|Zapdos|100/100
|move|p2a: Excadrill|Rapid Spin|p1a: Zapdos
|-damage|p1a: Zapdos|89/100
|-boost|p2a: Excadrill|spe|1
|-sideend|p2: jielijieli|Stealth Rock|[from] move: Rapid Spin|[of] p2a: Excadrill
|
|-heal|p2a: Excadrill|100/100|[from] item: Leftovers
|upkeep
|turn|13
|
|t:|1667485346
|switch|p2a: Mew|Mew|88/100
|move|p1a: Zapdos|Heat Wave|p2a: Mew|[miss]
|-miss|p1a: Zapdos|p2a: Mew
|
|upkeep
|turn|14
|
|t:|1667485361
|switch|p2a: Gigalith|Gigalith, M|26/100
|-weather|Sandstorm|[from] ability: Sand Stream|[of] p2a: Gigalith
|switch|p1a: Heatran|Heatran, M|68/100
|-damage|p1a: Heatran|56/100|[from] Stealth Rock
|
|-weather|Sandstorm|[upkeep]
|-heal|p1a: Heatran|62/100|[from] item: Leftovers
|upkeep
|turn|15
|
|t:|1667485376
|move|p2a: Gigalith|Endure|p2a: Gigalith
|-singleturn|p2a: Gigalith|move: Endure
|move|p1a: Heatran|Earth Power|p2a: Gigalith
|-supereffective|p2a: Gigalith
|-activate|p2a: Gigalith|move: Endure
|-damage|p2a: Gigalith|1/100
|
|-weather|Sandstorm|[upkeep]
|-heal|p1a: Heatran|68/100|[from] item: Leftovers
|upkeep
|turn|16
|-enditem|p2a: Gigalith|Custap Berry|[eat]
|-activate|p2a: Gigalith|item: Custap Berry|[consumed]
|
|t:|1667485379
|move|p2a: Gigalith|Stone Edge|p1a: Heatran
|-damage|p1a: Heatran|19/100
|move|p1a: Heatran|Earth Power|p2a: Gigalith
|-supereffective|p2a: Gigalith
|-damage|p2a: Gigalith|0 fnt
|faint|p2a: Gigalith
|
|-weather|Sandstorm|[upkeep]
|-heal|p1a: Heatran|25/100|[from] item: Leftovers
|upkeep
|
|t:|1667485390
|switch|p2a: Volcanion|Volcanion|100/100
|turn|17
|
|t:|1667485396
|move|p1a: Heatran|Protect|p1a: Heatran
|-singleturn|p1a: Heatran|Protect
|move|p2a: Volcanion|Substitute|p2a: Volcanion
|-start|p2a: Volcanion|Substitute
|-damage|p2a: Volcanion|76/100
|
|-weather|Sandstorm|[upkeep]
|-damage|p2a: Volcanion|70/100|[from] Sandstorm
|-heal|p1a: Heatran|31/100|[from] item: Leftovers
|upkeep
|turn|18
|
|t:|1667485402
|move|p2a: Volcanion|Steam Eruption|p1a: Heatran
|-supereffective|p1a: Heatran
|-damage|p1a: Heatran|0 fnt
|faint|p1a: Heatran
|
|-weather|none
|upkeep
|
|t:|1667485404
|switch|p1a: Dragapult|Dragapult, M|76/100 brn
|-damage|p1a: Dragapult|64/100 brn|[from] Stealth Rock
|turn|19
|
|t:|1667485408
|switch|p2a: Buzzwole|Buzzwole|100/100
|move|p1a: Dragapult|Dragon Darts|p2a: Buzzwole
|-damage|p2a: Buzzwole|90/100
|-anim|p1a: Dragapult|Dragon Darts|p2a: Buzzwole
|-damage|p2a: Buzzwole|80/100
|
|-damage|p1a: Dragapult|58/100 brn|[from] brn
|upkeep
|turn|20
|
|t:|1667485416
|switch|p1a: Zapdos|Zapdos|89/100
|move|p2a: Buzzwole|Ice Punch|p1a: Zapdos
|-supereffective|p1a: Zapdos
|-damage|p1a: Zapdos|46/100
|
|upkeep
|turn|21
|
|t:|1667485423
|switch|p2a: Mew|Mew|88/100
|move|p1a: Zapdos|Roost|p1a: Zapdos
|-heal|p1a: Zapdos|96/100
|-singleturn|p1a: Zapdos|move: Roost
|
|upkeep
|turn|22
|
|t:|1667485427
|switch|p1a: Slowking|Slowking-Galar, F|100/100
|-damage|p1a: Slowking|88/100|[from] Stealth Rock
|move|p2a: Mew|Ice Beam|p1a: Slowking
|-damage|p1a: Slowking|77/100
|
|upkeep
|turn|23
|
|t:|1667485435
|switch|p2a: Excadrill|Excadrill, M|100/100
|move|p1a: Slowking|Future Sight|p2a: Excadrill
|-start|p1a: Slowking|move: Future Sight
|
|upkeep
|turn|24
|
|t:|1667485445
|switch|p2a: Volcanion|Volcanion|70/100
|switch|p1a: Zapdos|Zapdos|96/100
|
|upkeep
|turn|25
|
|t:|1667485450
|switch|p2a: Excadrill|Excadrill, M|100/100
|move|p1a: Zapdos|Volt Switch|p2a: Excadrill
|-immune|p2a: Excadrill
|
|-end|p2a: Excadrill|move: Future Sight
|-resisted|p2a: Excadrill
|-damage|p2a: Excadrill|77/100
|-heal|p2a: Excadrill|83/100|[from] item: Leftovers
|upkeep
|turn|26
|
|t:|1667485460
|switch|p2a: Mew|Mew|88/100
|move|p1a: Zapdos|Volt Switch|p2a: Mew
|-damage|p2a: Mew|59/100
|
|t:|1667485465
|switch|p1a: Slowking|Slowking-Galar, F|100/100|[from]move: Volt Switch
|-damage|p1a: Slowking|88/100|[from] Stealth Rock
|
|upkeep
|turn|27
|
|t:|1667485468
|move|p2a: Mew|Trick|p1a: Slowking
|-activate|p2a: Mew|move: Trick|[of] p1a: Slowking
|-item|p1a: Slowking|Choice Scarf|[from] move: Trick
|-item|p2a: Mew|Assault Vest|[from] move: Trick
|move|p1a: Slowking|Future Sight|p2a: Mew
|-start|p1a: Slowking|move: Future Sight
|
|upkeep
|turn|28
|
|t:|1667485480
|switch|p1a: Zapdos|Zapdos|96/100
|move|p2a: Mew|Psychic|p1a: Zapdos
|-damage|p1a: Zapdos|59/100
|
|upkeep
|turn|29
|
|t:|1667485490
|switch|p1a: Tapu Lele|Tapu Lele|100/100
|-damage|p1a: Tapu Lele|88/100|[from] Stealth Rock
|-fieldstart|move: Psychic Terrain|[from] ability: Psychic Surge|[of] p1a: Tapu Lele
|move|p2a: Mew|Ice Beam|p1a: Tapu Lele
|-damage|p1a: Tapu Lele|62/100
|
|-end|p2a: Mew|move: Future Sight
|-resisted|p2a: Mew
|-damage|p2a: Mew|39/100
|upkeep
|turn|30
|
|t:|1667485502
|switch|p2a: Excadrill|Excadrill, M|83/100
|move|p1a: Tapu Lele|Psychic|p2a: Excadrill
|-resisted|p2a: Excadrill
|-damage|p2a: Excadrill|50/100
|
|-heal|p2a: Excadrill|56/100|[from] item: Leftovers
|upkeep
|turn|31
|
|t:|1667485510
|switch|p1a: Zapdos|Zapdos|59/100
|switch|p2a: Mew|Mew|39/100
|
|upkeep
|turn|32
|
|t:|1667485518
|switch|p1a: Dragapult|Dragapult, M|58/100 brn
|-damage|p1a: Dragapult|46/100 brn|[from] Stealth Rock
|move|p2a: Mew|Psychic|p1a: Dragapult
|-damage|p1a: Dragapult|0 fnt
|faint|p1a: Dragapult
|
|upkeep
|
|t:|1667485520
|switch|p1a: Tapu Lele|Tapu Lele|62/100
|-damage|p1a: Tapu Lele|50/100|[from] Stealth Rock
|turn|33
|
|t:|1667485531
|switch|p2a: Volcanion|Volcanion|70/100
|move|p1a: Tapu Lele|Psychic|p2a: Volcanion
|-damage|p2a: Volcanion|0 fnt
|faint|p2a: Volcanion
|
|-fieldend|move: Psychic Terrain
|upkeep
|
|t:|1667485543
|switch|p2a: Excadrill|Excadrill, M|56/100
|turn|34
|
|t:|1667485551
|switch|p1a: Zapdos|Zapdos|59/100
|move|p2a: Excadrill|Iron Head|p1a: Zapdos
|-resisted|p1a: Zapdos
|-damage|p1a: Zapdos|46/100
|
|-heal|p2a: Excadrill|62/100|[from] item: Leftovers
|upkeep
|turn|35
|
|t:|1667485556
|move|p2a: Excadrill|Earthquake|p1a: Zapdos
|-immune|p1a: Zapdos
|move|p1a: Zapdos|Roost|p1a: Zapdos
|-heal|p1a: Zapdos|96/100
|-singleturn|p1a: Zapdos|move: Roost
|
|-heal|p2a: Excadrill|69/100|[from] item: Leftovers
|upkeep
|turn|36
|
|t:|1667485562
|switch|p2a: Buzzwole|Buzzwole|80/100
|move|p1a: Zapdos|Heat Wave|p2a: Buzzwole
|-supereffective|p2a: Buzzwole
|-damage|p2a: Buzzwole|4/100
|
|upkeep
|turn|37
|
|t:|1667485571
|move|p1a: Zapdos|Roost|p1a: Zapdos
|-heal|p1a: Zapdos|100/100
|-singleturn|p1a: Zapdos|move: Roost
|move|p2a: Buzzwole|Ice Punch|p1a: Zapdos
|-damage|p1a: Zapdos|80/100
|-status|p1a: Zapdos|frz
|
|upkeep
|turn|38
|
|t:|1667485578
|cant|p1a: Zapdos|frz
|move|p2a: Buzzwole|Ice Punch|p1a: Zapdos
|-supereffective|p1a: Zapdos
|-damage|p1a: Zapdos|38/100 frz
|
|upkeep
|turn|39
|
|t:|1667485584
|-curestatus|p1a: Zapdos|frz|[msg]
|move|p1a: Zapdos|Roost|p1a: Zapdos
|-heal|p1a: Zapdos|88/100
|-singleturn|p1a: Zapdos|move: Roost
|move|p2a: Buzzwole|Ice Punch|p1a: Zapdos
|-damage|p1a: Zapdos|67/100
|-status|p2a: Buzzwole|par|[from] ability: Static|[of] p1a: Zapdos
|
|upkeep
|turn|40
|
|t:|1667485594
|move|p1a: Zapdos|Volt Switch|p2a: Buzzwole
|-damage|p2a: Buzzwole|0 fnt
|faint|p2a: Buzzwole
|
|t:|1667485597
|switch|p1a: Slowking|Slowking-Galar, F|100/100|[from]move: Volt Switch
|-damage|p1a: Slowking|88/100|[from] Stealth Rock
|
|upkeep
|
|t:|1667485602
|switch|p2a: Excadrill|Excadrill, M|69/100
|turn|41
|
|t:|1667485607
|switch|p2a: Mew|Mew|39/100
|move|p1a: Slowking|Fire Blast|p2a: Mew
|-damage|p2a: Mew|18/100
|
|upkeep
|turn|42
|
|t:|1667485617
|switch|p2a: Excadrill|Excadrill, M|69/100
|move|p1a: Slowking|Fire Blast|p2a: Excadrill
|-supereffective|p2a: Excadrill
|-damage|p2a: Excadrill|3/100
|
|-heal|p2a: Excadrill|9/100|[from] item: Leftovers
|upkeep
|turn|43
|-message|jielijieli forfeited.
|
|win|grasssoul
|raw|grasssoul's rating: 1527 &rarr; <strong>1547</strong><br />(+20 for winning)
|raw|jielijieli's rating: 1534 &rarr; <strong>1514</strong><br />(-20 for losing)
|l|☆jielijieli
