|j|☆pigmasters32
|j|☆legitteambuilder
|inactive|Battle timer is ON: inactive players will automatically lose when time's up.
|t:|1609545610
|player|p1|pigmasters32|n|
|player|p2|legitteambuilder|lance|
|teamsize|p1|6
|teamsize|p2|6
|gametype|singles
|gen|8
|tier|[Gen 8] OU
|rated|Tournament battle
|clearpoke
|poke|p1|Chansey, F|
|poke|p1|Urshifu-*, M|
|poke|p1|Dragapult, F|
|poke|p1|Moltres|
|poke|p1|Ferrothorn, F|
|poke|p1|Clefable, M|
|poke|p2|Azumarill, F|
|poke|p2|Regieleki|
|poke|p2|Buzzwole|
|poke|p2|Spectrier|
|poke|p2|Landorus-Therian, M|
|poke|p2|Kartana|
|rule|Sleep Clause Mod: Limit one foe put to sleep
|rule|Species Clause: Limit one of each Pokémon
|rule|OHKO Clause: OHKO moves are banned
|rule|Evasion Moves Clause: Evasion moves are banned
|rule|Endless Battle Clause: Forcing endless battles is banned
|rule|HP Percentage Mod: HP is shown in percentages
|rule|Dynamax Clause: You cannot dynamax
|teampreview
|j| Vessev
|c|☆pigmasters32|glhf
|c|☆legitteambuilder|u2 :]
|inactive|pigmasters32 has 120 seconds left.
|j| Appleking123
|j| JDiggity
|
|t:|1609545650
|start
|switch|p1a: my ex wife|Ferrothorn, F|100/100
|switch|p2a: Electro kid|Regieleki|100/100
|turn|1
|l| Appleking123
|
|t:|1609545671
|move|p2a: Electro kid|Volt Switch|p1a: my ex wife
|-resisted|p1a: my ex wife
|-damage|p1a: my ex wife|80/100
|
|t:|1609545674
|switch|p2a: Land'R'Us|Landorus-Therian, M, shiny|100/100|[from]move: Volt Switch
|-ability|p2a: Land'R'Us|Intimidate|boost
|-unboost|p1a: my ex wife|atk|1
|move|p1a: my ex wife|Gyro Ball|p2a: Land'R'Us
|-damage|p2a: Land'R'Us|48/100
|
|-heal|p1a: my ex wife|86/100|[from] item: Leftovers
|upkeep
|turn|2
|
|t:|1609545699
|move|p2a: Land'R'Us|Stealth Rock|p1a: my ex wife
|-sidestart|p1: pigmasters32|move: Stealth Rock
|move|p1a: my ex wife|Stealth Rock|p2a: Land'R'Us
|-sidestart|p2: legitteambuilder|move: Stealth Rock
|
|-heal|p1a: my ex wife|92/100|[from] item: Leftovers
|upkeep
|turn|3
|j| venson04
|
|t:|1609545704
|move|p2a: Land'R'Us|Earthquake|p1a: my ex wife
|-damage|p1a: my ex wife|50/100
|move|p1a: my ex wife|Gyro Ball|p2a: Land'R'Us
|-crit|p2a: Land'R'Us
|-damage|p2a: Land'R'Us|0 fnt
|faint|p2a: Land'R'Us
|
|-heal|p1a: my ex wife|57/100|[from] item: Leftovers
|upkeep
|
|t:|1609545717
|switch|p2a: NBAYB listener|Buzzwole|100/100
|-damage|p2a: NBAYB listener|88/100|[from] Stealth Rock
|turn|4
|
|t:|1609545721
|move|p1a: my ex wife|Protect|p1a: my ex wife
|-singleturn|p1a: my ex wife|Protect
|move|p2a: NBAYB listener|Bulk Up|p2a: NBAYB listener
|-boost|p2a: NBAYB listener|atk|1
|-boost|p2a: NBAYB listener|def|1
|
|-heal|p2a: NBAYB listener|94/100|[from] item: Leftovers
|-heal|p1a: my ex wife|63/100|[from] item: Leftovers
|upkeep
|turn|5
|
|t:|1609545724
|move|p2a: NBAYB listener|Drain Punch|p1a: my ex wife
|-supereffective|p1a: my ex wife
|-damage|p1a: my ex wife|0 fnt
|-heal|p2a: NBAYB listener|100/100|[from] drain|[of] p1a: my ex wife
|-damage|p2a: NBAYB listener|88/100|[from] ability: Iron Barbs|[of] p1a: my ex wife
|faint|p1a: my ex wife
|-ability|p2a: NBAYB listener|Beast Boost|boost
|-boost|p2a: NBAYB listener|atk|1
|
|-heal|p2a: NBAYB listener|94/100|[from] item: Leftovers
|upkeep
|c|☆pigmasters32|that name is funny
|
|t:|1609545750
|switch|p1a: Joaquin|Moltres|100/100
|turn|6
|
|t:|1609545756
|move|p1a: Joaquin|Hurricane|p2a: NBAYB listener
|-supereffective|p2a: NBAYB listener
|-damage|p2a: NBAYB listener|0 fnt
|faint|p2a: NBAYB listener
|
|upkeep
|c|☆legitteambuilder|thank
|c|☆legitteambuilder|s
|
|t:|1609545764
|switch|p2a: Electro kid|Regieleki|100/100
|-damage|p2a: Electro kid|88/100|[from] Stealth Rock
|turn|7
|c|☆legitteambuilder|hahahha
|c|☆legitteambuilder|phoenix
|j| X-Wing Fighter
|inactive|legitteambuilder has 120 seconds left.
|
|t:|1609545801
|switch|p1a: canada|Chansey, F|100/100
|-damage|p1a: canada|88/100|[from] Stealth Rock
|move|p2a: Electro kid|Volt Switch|p1a: canada
|-damage|p1a: canada|74/100
|
|t:|1609545810
|switch|p2a: Awoomarill|Azumarill, F, shiny|100/100|[from]move: Volt Switch
|-damage|p2a: Awoomarill|88/100|[from] Stealth Rock
|
|upkeep
|turn|8
|c|☆pigmasters32|most people I lay against point out my ferro's name
|inactive|legitteambuilder has 120 seconds left.
|
|t:|1609545828
|move|p2a: Awoomarill|Belly Drum|p2a: Awoomarill
|-damage|p2a: Awoomarill|38/100
|-setboost|p2a: Awoomarill|atk|6|[from] move: Belly Drum
|-enditem|p2a: Awoomarill|Sitrus Berry|[eat]
|-heal|p2a: Awoomarill|63/100|[from] item: Sitrus Berry
|move|p1a: canada|Counter||[still]
|-fail|p1a: canada
|
|upkeep
|turn|9
|c|☆legitteambuilder|wich was good too
|
|t:|1609545855
|switch|p1a: po|Urshifu, M, shiny|100/100
|-damage|p1a: po|94/100|[from] Stealth Rock
|move|p2a: Awoomarill|Knock Off|p1a: po
|-resisted|p1a: po
|-damage|p1a: po|51/100
|-enditem|p1a: po|Life Orb|[from] move: Knock Off|[of] p2a: Awoomarill
|
|upkeep
|turn|10
|c|☆legitteambuilder|how dare you call him po
|c|☆legitteambuilder|and not tai lung
|inactive|legitteambuilder has 90 seconds left.
|
|t:|1609545872
|move|p1a: po|Sucker Punch|p2a: Awoomarill
|-resisted|p2a: Awoomarill
|-damage|p2a: Awoomarill|42/100
|move|p2a: Awoomarill|Aqua Jet|p1a: po
|-damage|p1a: po|0 fnt
|faint|p1a: po
|
|upkeep
|c|☆pigmasters32|that's my name for zeraora
|
|t:|1609545896
|switch|p1a: Mrs. Johnson|Clefable, M|100/100
|-damage|p1a: Mrs. Johnson|88/100|[from] Stealth Rock
|turn|11
|
|t:|1609545900
|move|p2a: Awoomarill|Play Rough|p1a: Mrs. Johnson|[miss]
|-miss|p2a: Awoomarill|p1a: Mrs. Johnson
|move|p1a: Mrs. Johnson|Thunderbolt|p2a: Awoomarill
|-supereffective|p2a: Awoomarill
|-damage|p2a: Awoomarill|0 fnt
|faint|p2a: Awoomarill
|
|-heal|p1a: Mrs. Johnson|94/100|[from] item: Leftovers
|upkeep
|
|t:|1609545920
|switch|p2a: Electro kid|Regieleki|88/100
|-damage|p2a: Electro kid|76/100|[from] Stealth Rock
|turn|12
|
|t:|1609545929
|switch|p1a: clever name|Dragapult, F, shiny|100/100
|-damage|p1a: clever name|88/100|[from] Stealth Rock
|move|p2a: Electro kid|Light Screen|p2a: Electro kid
|-sidestart|p2: legitteambuilder|move: Light Screen
|
|upkeep
|turn|13
|
|t:|1609545933
|switch|p1a: canada|Chansey, F|74/100
|-damage|p1a: canada|61/100|[from] Stealth Rock
|move|p2a: Electro kid|Volt Switch|p1a: canada
|-damage|p1a: canada|48/100
|
|t:|1609545938
|switch|p2a: it's ova|Kartana, shiny|100/100|[from]move: Volt Switch
|-damage|p2a: it's ova|94/100|[from] Stealth Rock
|
|upkeep
|turn|14
|inactive|legitteambuilder has 120 seconds left.
|
|t:|1609545952
|switch|p1a: Joaquin|Moltres|100/100
|move|p2a: it's ova|Knock Off|p1a: Joaquin
|-damage|p1a: Joaquin|65/100
|-enditem|p1a: Joaquin|Heavy-Duty Boots|[from] move: Knock Off|[of] p2a: it's ova
|
|upkeep
|turn|15
|inactive|legitteambuilder has 120 seconds left.
|
|t:|1609545968
|switch|p2a: Prince|Spectrier|100/100
|-damage|p2a: Prince|88/100|[from] Stealth Rock
|move|p1a: Joaquin|Defog|p2a: Prince
|-unboost|p2a: Prince|evasion|1
|-sideend|p2: legitteambuilder|move: Light Screen
|-sideend|p2: legitteambuilder|Stealth Rock|[from] move: Defog|[of] p1a: Joaquin
|-sideend|p1: pigmasters32|Stealth Rock|[from] move: Defog|[of] p1a: Joaquin
|
|-heal|p2a: Prince|94/100|[from] item: Leftovers
|upkeep
|turn|16
|inactive|legitteambuilder has 120 seconds left.
|j| o0oaZ0
|c|☆legitteambuilder|crap needed rocks
|
|t:|1609545990
|switch|p2a: it's ova|Kartana, shiny|94/100
|switch|p1a: Mrs. Johnson|Clefable, M|94/100
|
|-heal|p1a: Mrs. Johnson|99/100|[from] item: Leftovers
|upkeep
|turn|17
|
|t:|1609545996
|switch|p1a: Joaquin|Moltres|65/100
|move|p2a: it's ova|Swords Dance|p2a: it's ova
|-boost|p2a: it's ova|atk|2
|
|upkeep
|turn|18
|
|t:|1609546001
|move|p2a: it's ova|Knock Off|p1a: Joaquin
|-damage|p1a: Joaquin|19/100
|move|p1a: Joaquin|Flamethrower|p2a: it's ova
|-supereffective|p2a: it's ova
|-damage|p2a: it's ova|0 fnt
|faint|p2a: it's ova
|
|upkeep
|j| AydenChadEasterly
|c|☆legitteambuilder|ye its ova
|j| TheClimbGrind
|inactive|legitteambuilder has 120 seconds left.
|
|t:|1609546016
|switch|p2a: Electro kid|Regieleki|76/100
|turn|19
|j|@Ox the Fox
|
|t:|1609546019
|move|p2a: Electro kid|Volt Switch|p1a: Joaquin
|-supereffective|p1a: Joaquin
|-crit|p1a: Joaquin
|-damage|p1a: Joaquin|0 fnt
|faint|p1a: Joaquin
|
|t:|1609546023
|switch|p2a: Prince|Spectrier|94/100|[from]move: Volt Switch
|
|-heal|p2a: Prince|99/100|[from] item: Leftovers
|upkeep
|
|t:|1609546026
|switch|p1a: clever name|Dragapult, F, shiny|88/100
|turn|20
|
|t:|1609546029
|move|p1a: clever name|Shadow Ball|p2a: Prince
|-supereffective|p2a: Prince
|-damage|p2a: Prince|0 fnt
|faint|p2a: Prince
|
|upkeep
|
|t:|1609546033
|switch|p2a: Electro kid|Regieleki|76/100
|turn|21
|j| AmphibiansRiseUp
|c|☆legitteambuilder|gg
|
|t:|1609546036
|move|p2a: Electro kid|Explosion|p1a: clever name
|-immune|p1a: clever name
|faint|p2a: Electro kid
|
|win|pigmasters32
|n|☆pigmasters32|pigmasters32
|n|☆legitteambuilder|legitteambuilder
|n| Vessev|vessev
|n| JDiggity|jdiggity
|n| venson04|venson04
|n| X-Wing Fighter|xwingfighter
|n| o0oaZ0|o0oaz0
|n| AydenChadEasterly|aydenchadeasterly
|n| TheClimbGrind|theclimbgrind
|n|+Ox the Fox|oxthefox
|n| AmphibiansRiseUp|amphibiansriseup
|l|☆legitteambuilder
|c|☆pigmasters32|gg
|l|☆pigmasters32
|l| venson04
|l| X-Wing Fighter
|l| AydenChadEasterly
|l| TheClimbGrind
|l| JDiggity
|l| AmphibiansRiseUp
