|j|☆rektjayy ✓
|j|☆damorush
|t:|1604936555
|player|p1|rektjayy ✓|karen-gen2|1254
|player|p2|damorush|steven|1276
|teamsize|p1|6
|teamsize|p2|6
|gametype|singles
|gen|8
|tier|[Gen 8] OU
|rated|
|clearpoke
|poke|p1|Dragonite, M|
|poke|p1|Toxapex, F|
|poke|p1|Urshifu-*, M|
|poke|p1|Swampert, M|
|poke|p1|Spectrier|
|poke|p1|Clefable, F|
|poke|p2|Shuckle, M|
|poke|p2|Zapdos-Galar|
|poke|p2|Tornadus-Therian, M|
|poke|p2|Excadrill, M|
|poke|p2|Spectrier|
|poke|p2|Heatran, M|
|rule|Sleep Clause Mod: Limit one foe put to sleep
|rule|Species Clause: Limit one of each Pokémon
|rule|OHKO Clause: OHKO moves are banned
|rule|Evasion Moves Clause: Evasion moves are banned
|rule|Endless Battle Clause: Forcing endless battles is banned
|rule|HP Percentage Mod: HP is shown in percentages
|rule|Dynamax Clause: You cannot dynamax
|teampreview
|
|t:|1604936594
|start
|switch|p1a: Swampert|Swampert, M|100/100
|switch|p2a: Shuckle|Shuckle, M|100/100
|turn|1
|
|t:|1604936598
|move|p1a: Swampert|Earthquake|p2a: Shuckle
|-damage|p2a: Shuckle|75/100
|-enditem|p2a: Shuckle|Red Card|[of] p1a: Swampert
|drag|p1a: Urshifu|Urshifu, M|100/100
|move|p2a: Shuckle|Sticky Web|p1a: Urshifu
|-sidestart|p1: rektjayy ✓|move: Sticky Web
|
|upkeep
|turn|2
|
|t:|1604936611
|move|p1a: Urshifu|Wicked Blow|p2a: Shuckle
|-crit|p2a: Shuckle
|-damage|p2a: Shuckle|12/100
|move|p2a: Shuckle|Stealth Rock|p1a: Urshifu
|-sidestart|p1: rektjayy ✓|move: Stealth Rock
|
|upkeep
|turn|3
|
|t:|1604936618
|move|p1a: Urshifu|Wicked Blow|p2a: Shuckle
|-crit|p2a: Shuckle
|-damage|p2a: Shuckle|0 fnt
|faint|p2a: Shuckle
|
|upkeep
|
|t:|1604936623
|switch|p2a: Zapdos|Zapdos-Galar|100/100
|turn|4
|
|t:|1604936635
|switch|p1a: Clefable|Clefable, F|100/100
|move|p2a: Zapdos|Thunderous Kick|p1a: Clefable
|-resisted|p1a: Clefable
|-damage|p1a: Clefable|74/100
|-unboost|p1a: Clefable|def|1
|
|upkeep
|turn|5
|
|t:|1604936642
|switch|p2a: Heatran|Heatran, M|100/100
|-item|p2a: Heatran|Air Balloon
|move|p1a: Clefable|Moonblast|p2a: Heatran
|-resisted|p2a: Heatran
|-damage|p2a: Heatran|94/100
|-unboost|p2a: Heatran|spa|1
|-enditem|p2a: Heatran|Air Balloon
|
|upkeep
|turn|6
|
|t:|1604936656
|switch|p1a: Dragonite|Dragonite, M|100/100
|move|p2a: Heatran|Magma Storm|p1a: Dragonite
|-resisted|p1a: Dragonite
|-crit|p1a: Dragonite
|-damage|p1a: Dragonite|86/100
|-activate|p1a: Dragonite|move: Magma Storm|[of] p2a: Heatran
|
|-damage|p1a: Dragonite|74/100|[from] move: Magma Storm|[partiallytrapped]
|upkeep
|turn|7
|
|t:|1604936665
|move|p2a: Heatran|Toxic|p1a: Dragonite
|-status|p1a: Dragonite|tox
|move|p1a: Dragonite|Defog|p2a: Heatran
|-unboost|p2a: Heatran|evasion|1
|-sideend|p1: rektjayy ✓|Stealth Rock|[from] move: Defog|[of] p1a: Dragonite
|-sideend|p1: rektjayy ✓|Sticky Web|[from] move: Defog|[of] p1a: Dragonite
|
|-damage|p1a: Dragonite|68/100 tox|[from] psn
|-damage|p1a: Dragonite|55/100 tox|[from] move: Magma Storm|[partiallytrapped]
|upkeep
|turn|8
|
|t:|1604936688
|switch|p2a: Zapdos|Zapdos-Galar|100/100
|move|p1a: Dragonite|Earthquake|p2a: Zapdos
|-immune|p2a: Zapdos
|
|-damage|p1a: Dragonite|43/100 tox|[from] psn
|-end|p1a: Dragonite|Magma Storm|[partiallytrapped]|[silent]
|upkeep
|turn|9
|
|t:|1604936696
|switch|p1a: Toxapex|Toxapex, F|100/100
|move|p2a: Zapdos|U-turn|p1a: Toxapex
|-resisted|p1a: Toxapex
|-damage|p1a: Toxapex|88/100
|-damage|p2a: Zapdos|84/100|[from] item: Rocky Helmet|[of] p1a: Toxapex
|
|t:|1604936702
|switch|p2a: Excadrill|Excadrill, M|100/100|[from]move: U-turn
|-ability|p2a: Excadrill|Mold Breaker
|
|upkeep
|turn|10
|
|t:|1604936708
|switch|p1a: Swampert|Swampert, M|100/100
|move|p2a: Excadrill|Swords Dance|p2a: Excadrill
|-boost|p2a: Excadrill|atk|2
|
|upkeep
|turn|11
|
|t:|1604936713
|move|p2a: Excadrill|Earthquake|p1a: Swampert
|-damage|p1a: Swampert|28/100
|move|p1a: Swampert|Earthquake|p2a: Excadrill
|-supereffective|p2a: Excadrill
|-damage|p2a: Excadrill|0 fnt
|faint|p2a: Excadrill
|
|upkeep
|
|t:|1604936720
|switch|p2a: Spectrier|Spectrier|100/100
|turn|12
|
|t:|1604936725
|switch|p1a: Urshifu|Urshifu, M|100/100
|move|p2a: Spectrier|Will-O-Wisp|p1a: Urshifu
|-status|p1a: Urshifu|brn
|
|-damage|p1a: Urshifu|94/100 brn|[from] brn
|upkeep
|turn|13
|
|t:|1604936733
|switch|p2a: Zapdos|Zapdos-Galar|84/100
|move|p1a: Urshifu|Wicked Blow|p2a: Zapdos
|-resisted|p2a: Zapdos
|-crit|p2a: Zapdos
|-damage|p2a: Zapdos|59/100
|
|-damage|p1a: Urshifu|88/100 brn|[from] brn
|upkeep
|turn|14
|
|t:|1604936764
|switch|p1a: Toxapex|Toxapex, F|100/100
|move|p2a: Zapdos|Thunderous Kick|p1a: Toxapex
|-resisted|p1a: Toxapex
|-damage|p1a: Toxapex|77/100
|-unboost|p1a: Toxapex|def|1
|-damage|p2a: Zapdos|42/100|[from] item: Rocky Helmet|[of] p1a: Toxapex
|
|upkeep
|turn|15
|inactive|Battle timer is ON: inactive players will automatically lose when time's up. (requested by damorush)
|
|t:|1604936775
|move|p2a: Zapdos|Thunderous Kick|p1a: Toxapex
|-resisted|p1a: Toxapex
|-damage|p1a: Toxapex|44/100
|-unboost|p1a: Toxapex|def|1
|-damage|p2a: Zapdos|26/100|[from] item: Rocky Helmet|[of] p1a: Toxapex
|move|p1a: Toxapex|Scald|p2a: Zapdos
|-damage|p2a: Zapdos|8/100
|-status|p2a: Zapdos|brn
|
|-damage|p2a: Zapdos|1/100 brn|[from] brn
|upkeep
|turn|16
|
|t:|1604936786
|switch|p1a: Spectrier|Spectrier|100/100
|move|p2a: Zapdos|Thunderous Kick|p1a: Spectrier
|-immune|p1a: Spectrier
|
|-damage|p2a: Zapdos|0 fnt|[from] brn
|faint|p2a: Zapdos
|upkeep
|
|t:|1604936794
|switch|p2a: Heatran|Heatran, M|94/100
|turn|17
|
|t:|1604936805
|switch|p1a: Swampert|Swampert, M|28/100
|move|p2a: Heatran|Earth Power|p1a: Swampert
|-damage|p1a: Swampert|0 fnt
|faint|p1a: Swampert
|
|upkeep
|
|t:|1604936811
|switch|p1a: Clefable|Clefable, F|74/100
|turn|18
|
|t:|1604936815
|move|p2a: Heatran|Flash Cannon|p1a: Clefable
|-supereffective|p1a: Clefable
|-damage|p1a: Clefable|0 fnt
|faint|p1a: Clefable
|
|upkeep
|
|t:|1604936819
|switch|p1a: Dragonite|Dragonite, M|43/100 tox
|turn|19
|
|t:|1604936822
|move|p2a: Heatran|Flash Cannon|p1a: Dragonite
|-damage|p1a: Dragonite|16/100 tox
|move|p1a: Dragonite|Earthquake|p2a: Heatran
|-supereffective|p2a: Heatran
|-damage|p2a: Heatran|0 fnt
|faint|p2a: Heatran
|
|-damage|p1a: Dragonite|10/100 tox|[from] psn
|upkeep
|
|t:|1604936830
|switch|p2a: Spectrier|Spectrier|100/100
|turn|20
|
|t:|1604936834
|switch|p1a: Urshifu|Urshifu, M|88/100 brn
|move|p2a: Spectrier|Shadow Ball|p1a: Urshifu
|-resisted|p1a: Urshifu
|-damage|p1a: Urshifu|38/100 brn
|
|-damage|p1a: Urshifu|32/100 brn|[from] brn
|upkeep
|turn|21
|
|t:|1604936842
|switch|p2a: Tornadus|Tornadus-Therian, M|100/100
|move|p1a: Urshifu|Sucker Punch||[still]
|-fail|p1a: Urshifu
|
|-damage|p1a: Urshifu|25/100 brn|[from] brn
|upkeep
|turn|22
|
|t:|1604936849
|switch|p1a: Toxapex|Toxapex, F|78/100
|move|p2a: Tornadus|Nasty Plot|p2a: Tornadus
|-boost|p2a: Tornadus|spa|2
|
|upkeep
|turn|23
|
|t:|1604936856
|move|p2a: Tornadus|Hurricane|p1a: Toxapex|[miss]
|-miss|p2a: Tornadus|p1a: Toxapex
|move|p1a: Toxapex|Haze|p1a: Toxapex
|-clearallboost
|
|upkeep
|turn|24
|
|t:|1604936862
|move|p2a: Tornadus|Nasty Plot|p2a: Tornadus
|-boost|p2a: Tornadus|spa|2
|move|p1a: Toxapex|Toxic Spikes|p2a: Tornadus
|-sidestart|p2: damorush|move: Toxic Spikes
|
|upkeep
|turn|25
|
|t:|1604936876
|move|p2a: Tornadus|Hurricane|p1a: Toxapex
|-damage|p1a: Toxapex|0 fnt
|faint|p1a: Toxapex
|
|upkeep
|
|t:|1604936882
|switch|p1a: Urshifu|Urshifu, M|25/100 brn
|turn|26
|
|t:|1604936886
|move|p1a: Urshifu|Sucker Punch|p2a: Tornadus
|-damage|p2a: Tornadus|65/100
|move|p2a: Tornadus|Heat Wave|p1a: Urshifu|[miss]
|-miss|p2a: Tornadus|p1a: Urshifu
|
|-damage|p1a: Urshifu|19/100 brn|[from] brn
|upkeep
|turn|27
|
|t:|1604936895
|move|p1a: Urshifu|Sucker Punch|p2a: Tornadus
|-damage|p2a: Tornadus|27/100
|move|p2a: Tornadus|Heat Wave|p1a: Urshifu
|-damage|p1a: Urshifu|0 fnt
|faint|p1a: Urshifu
|
|upkeep
|
|t:|1604936899
|switch|p1a: Spectrier|Spectrier|100/100
|turn|28
|c|☆damorush|gg
|
|t:|1604936909
|move|p1a: Spectrier|Shadow Ball|p2a: Tornadus
|-damage|p2a: Tornadus|0 fnt
|faint|p2a: Tornadus
|-ability|p1a: Spectrier|Grim Neigh|boost
|-boost|p1a: Spectrier|spa|1
|
|upkeep
|c|☆rektjayy ✓|gg
|
|t:|1604936914
|switch|p2a: Spectrier|Spectrier|100/100
|-status|p2a: Spectrier|psn
|turn|29
|
|t:|1604936918
|move|p1a: Spectrier|Shadow Ball|p2a: Spectrier
|-supereffective|p2a: Spectrier
|-damage|p2a: Spectrier|0 fnt
|faint|p2a: Spectrier
|
|win|rektjayy ✓
