|j|☆I'm Tapu Bulu
|j|☆SetsuStsna
|inactive|Battle timer is ON: inactive players will automatically lose when time's up.
|t:|1651517201
|gametype|singles
|player|p1|I'm Tapu Bulu|cyclist-gen4|
|player|p2|SetsuStsna|irida|
|teamsize|p1|6
|teamsize|p2|6
|gen|8
|tier|[Gen 8] OU
|rated|Tournament battle
|rule|Sleep Clause Mod: Limit one foe put to sleep
|rule|Species Clause: Limit one of each Pokémon
|rule|OHKO Clause: OHKO moves are banned
|rule|Evasion Moves Clause: Evasion moves are banned
|rule|Endless Battle Clause: Forcing endless battles is banned
|rule|HP Percentage Mod: HP is shown in percentages
|rule|Dynamax Clause: You cannot dynamax
|clearpoke
|poke|p1|Tapu Bulu|
|poke|p1|Hawlucha, F|
|poke|p1|Aegislash, M|
|poke|p1|Ninetales-Alola, M|
|poke|p1|Heatran, F|
|poke|p1|Tyrantrum, F|
|poke|p2|Jirachi|
|poke|p2|Corviknight, F|
|poke|p2|Metagross|
|poke|p2|Lucario, F|
|poke|p2|Registeel|
|poke|p2|Bisharp, F|
|teampreview
|j| iKiQ ㋛
|j| zReptar
|
|t:|1651517230
|start
|switch|p1a: Aegislash|Aegislash, M|100/100
|switch|p2a: Bisharp|Bisharp, F|100/100
|turn|1
|c| zReptar|Get em
|
|t:|1651517259
|switch|p1a: Tapu Bulu|Tapu Bulu|100/100
|-fieldstart|move: Grassy Terrain|[from] ability: Grassy Surge|[of] p1a: Tapu Bulu
|move|p2a: Bisharp|Beat Up|p1a: Tapu Bulu
|-resisted|p1a: Tapu Bulu
|-damage|p1a: Tapu Bulu|96/100
|-resisted|p1a: Tapu Bulu
|-damage|p1a: Tapu Bulu|92/100
|-resisted|p1a: Tapu Bulu
|-damage|p1a: Tapu Bulu|86/100
|-resisted|p1a: Tapu Bulu
|-damage|p1a: Tapu Bulu|81/100
|-resisted|p1a: Tapu Bulu
|-damage|p1a: Tapu Bulu|78/100
|-resisted|p1a: Tapu Bulu
|-damage|p1a: Tapu Bulu|73/100
|-hitcount|p1a: Tapu Bulu|6
|
|-heal|p1a: Tapu Bulu|79/100|[from] Grassy Terrain
|upkeep
|turn|2
|
|t:|1651517273
|move|p1a: Tapu Bulu|Close Combat|p2a: Bisharp
|-supereffective|p2a: Bisharp
|-enditem|p2a: Bisharp|Focus Sash
|-damage|p2a: Bisharp|1/100
|-unboost|p1a: Tapu Bulu|def|1
|-unboost|p1a: Tapu Bulu|spd|1
|-damage|p1a: Tapu Bulu|69/100|[from] item: Life Orb
|move|p2a: Bisharp|Swords Dance|p2a: Bisharp
|-boost|p2a: Bisharp|atk|2
|
|-heal|p1a: Tapu Bulu|75/100|[from] Grassy Terrain
|-heal|p2a: Bisharp|7/100|[from] Grassy Terrain
|upkeep
|turn|3
|
|t:|1651517287
|move|p1a: Tapu Bulu|Horn Leech|p2a: Bisharp
|-resisted|p2a: Bisharp
|-damage|p2a: Bisharp|0 fnt
|-heal|p1a: Tapu Bulu|78/100|[from] drain|[of] p2a: Bisharp
|faint|p2a: Bisharp
|-damage|p1a: Tapu Bulu|68/100|[from] item: Life Orb
|
|-heal|p1a: Tapu Bulu|75/100|[from] Grassy Terrain
|upkeep
|
|t:|1651517290
|switch|p2a: Jirachi|Jirachi|100/100
|turn|4
|
|t:|1651517294
|switch|p1a: Aegislash|Aegislash, M|100/100
|move|p2a: Jirachi|Reflect|p2a: Jirachi
|-sidestart|p2: SetsuStsna|Reflect
|
|upkeep
|turn|5
|
|t:|1651517303
|switch|p1a: Ninetales|Ninetales-Alola, M|100/100
|-weather|Hail|[from] ability: Snow Warning|[of] p1a: Ninetales
|move|p2a: Jirachi|Light Screen|p2a: Jirachi
|-sidestart|p2: SetsuStsna|move: Light Screen
|
|-weather|Hail|[upkeep]
|-damage|p2a: Jirachi|94/100|[from] Hail
|-heal|p2a: Jirachi|100/100|[from] Grassy Terrain
|-fieldend|move: Grassy Terrain
|upkeep
|turn|6
|
|t:|1651517313
|switch|p2a: Metagross|Metagross, shiny|100/100
|move|p1a: Ninetales|Encore||[still]
|-fail|p1a: Ninetales
|
|-weather|Hail|[upkeep]
|-damage|p2a: Metagross|95/100|[from] Hail
|upkeep
|turn|7
|
|t:|1651517317
|move|p1a: Ninetales|Aurora Veil|p1a: Ninetales
|-sidestart|p1: I'm Tapu Bulu|move: Aurora Veil
|move|p2a: Metagross|Agility|p2a: Metagross
|-boost|p2a: Metagross|spe|2
|
|-weather|Hail|[upkeep]
|-damage|p2a: Metagross|89/100|[from] Hail
|upkeep
|turn|8
|
|t:|1651517322
|switch|p1a: Heatran|Heatran, F|100/100
|-item|p1a: Heatran|Air Balloon
|move|p2a: Metagross|Meteor Mash|p1a: Heatran
|-resisted|p1a: Heatran
|-damage|p1a: Heatran|94/100
|-boost|p2a: Metagross|atk|1
|-enditem|p1a: Heatran|Air Balloon
|
|-weather|Hail|[upkeep]
|-damage|p2a: Metagross|83/100|[from] Hail
|-damage|p1a: Heatran|88/100|[from] Hail
|upkeep
|turn|9
|
|t:|1651517341
|switch|p2a: Jirachi|Jirachi|100/100
|switch|p1a: Aegislash|Aegislash, M|100/100
|
|-weather|none
|upkeep
|turn|10
|
|t:|1651517345
|move|p2a: Jirachi|Thunder Wave|p1a: Aegislash|[miss]
|-miss|p2a: Jirachi|p1a: Aegislash
|-formechange|p1a: Aegislash|Aegislash-Blade||[from] ability: Stance Change
|move|p1a: Aegislash|Shadow Ball|p2a: Jirachi
|-supereffective|p2a: Jirachi
|-damage|p2a: Jirachi|41/100
|
|upkeep
|turn|11
|
|t:|1651517353
|move|p2a: Jirachi|Thunder Wave|p1a: Aegislash
|-status|p1a: Aegislash|par
|move|p1a: Aegislash|Shadow Ball|p2a: Jirachi
|-supereffective|p2a: Jirachi
|-damage|p2a: Jirachi|0 fnt
|faint|p2a: Jirachi
|
|-sideend|p2: SetsuStsna|Reflect
|-sideend|p1: I'm Tapu Bulu|move: Aurora Veil
|upkeep
|
|t:|1651517364
|switch|p2a: Metagross|Metagross, shiny|83/100
|turn|12
|
|t:|1651517384
|switch|p1a: Tapu Bulu|Tapu Bulu|75/100
|-fieldstart|move: Grassy Terrain|[from] ability: Grassy Surge|[of] p1a: Tapu Bulu
|move|p2a: Metagross|Agility|p2a: Metagross
|-boost|p2a: Metagross|spe|2
|
|-heal|p2a: Metagross|89/100|[from] Grassy Terrain
|-heal|p1a: Tapu Bulu|81/100|[from] Grassy Terrain
|-sideend|p2: SetsuStsna|move: Light Screen
|upkeep
|turn|13
|inactive|I'm Tapu Bulu has 120 seconds left.
|
|t:|1651517415
|move|p2a: Metagross|Meteor Mash|p1a: Tapu Bulu|[miss]
|-miss|p2a: Metagross|p1a: Tapu Bulu
|move|p1a: Tapu Bulu|Close Combat|p2a: Metagross
|-damage|p2a: Metagross|31/100
|-unboost|p1a: Tapu Bulu|def|1
|-unboost|p1a: Tapu Bulu|spd|1
|-damage|p1a: Tapu Bulu|71/100|[from] item: Life Orb
|
|-heal|p2a: Metagross|37/100|[from] Grassy Terrain
|-heal|p1a: Tapu Bulu|77/100|[from] Grassy Terrain
|upkeep
|turn|14
|inactive|I'm Tapu Bulu has 120 seconds left.
|c|☆SetsuStsna|L
|
|t:|1651517424
|switch|p1a: Heatran|Heatran, F|88/100
|move|p2a: Metagross|Meteor Mash|p1a: Heatran
|-resisted|p1a: Heatran
|-damage|p1a: Heatran|75/100
|-boost|p2a: Metagross|atk|1
|
|-heal|p2a: Metagross|43/100|[from] Grassy Terrain
|-heal|p1a: Heatran|81/100|[from] Grassy Terrain
|upkeep
|turn|15
|
|t:|1651517431
|move|p2a: Metagross|Zen Headbutt|p1a: Heatran
|-resisted|p1a: Heatran
|-damage|p1a: Heatran|45/100
|move|p1a: Heatran|Earth Power|p2a: Metagross
|-supereffective|p2a: Metagross
|-damage|p2a: Metagross|0 fnt
|faint|p2a: Metagross
|
|-heal|p1a: Heatran|51/100|[from] Grassy Terrain
|upkeep
|
|t:|1651517434
|switch|p2a: Lucario|Lucario, F|100/100
|turn|16
|
|t:|1651517447
|switch|p1a: Aegislash|Aegislash, M|100/100 par
|move|p2a: Lucario|Swords Dance|p2a: Lucario
|-boost|p2a: Lucario|atk|2
|
|-fieldend|move: Grassy Terrain
|upkeep
|turn|17
|
|t:|1651517454
|move|p2a: Lucario|Ice Punch|p1a: Aegislash
|-resisted|p1a: Aegislash
|-damage|p1a: Aegislash|73/100 par
|-damage|p2a: Lucario|91/100|[from] item: Life Orb
|-formechange|p1a: Aegislash|Aegislash-Blade||[from] ability: Stance Change
|move|p1a: Aegislash|Close Combat|p2a: Lucario
|-supereffective|p2a: Lucario
|-damage|p2a: Lucario|0 fnt
|-unboost|p1a: Aegislash|def|1
|-unboost|p1a: Aegislash|spd|1
|faint|p2a: Lucario
|
|upkeep
|
|t:|1651517457
|switch|p2a: Corviknight|Corviknight, F, shiny|100/100
|turn|18
|
|t:|1651517464
|switch|p1a: Ninetales|Ninetales-Alola, M|100/100
|-weather|Hail|[from] ability: Snow Warning|[of] p1a: Ninetales
|move|p2a: Corviknight|Agility|p2a: Corviknight
|-boost|p2a: Corviknight|spe|2
|
|-weather|Hail|[upkeep]
|-damage|p2a: Corviknight|94/100|[from] Hail
|upkeep
|turn|19
|j| nooob ninja
|
|t:|1651517469
|move|p2a: Corviknight|Bulk Up|p2a: Corviknight
|-boost|p2a: Corviknight|atk|1
|-boost|p2a: Corviknight|def|1
|move|p1a: Ninetales|Encore|p2a: Corviknight
|-start|p2a: Corviknight|Encore
|
|-weather|Hail|[upkeep]
|-damage|p2a: Corviknight|88/100|[from] Hail
|upkeep
|turn|20
|
|t:|1651517472
|move|p2a: Corviknight|Bulk Up|p2a: Corviknight
|-boost|p2a: Corviknight|atk|1
|-boost|p2a: Corviknight|def|1
|move|p1a: Ninetales|Aurora Veil|p1a: Ninetales
|-sidestart|p1: I'm Tapu Bulu|move: Aurora Veil
|
|-weather|Hail|[upkeep]
|-damage|p2a: Corviknight|82/100|[from] Hail
|upkeep
|turn|21
|
|t:|1651517480
|switch|p1a: Heatran|Heatran, F|51/100
|move|p2a: Corviknight|Bulk Up|p2a: Corviknight
|-boost|p2a: Corviknight|atk|1
|-boost|p2a: Corviknight|def|1
|
|-weather|Hail|[upkeep]
|-damage|p2a: Corviknight|76/100|[from] Hail
|-damage|p1a: Heatran|45/100|[from] Hail
|upkeep
|turn|22
|
|t:|1651517483
|move|p2a: Corviknight|Bulk Up|p2a: Corviknight
|-boost|p2a: Corviknight|atk|1
|-boost|p2a: Corviknight|def|1
|move|p1a: Heatran|Roar|p2a: Corviknight
|drag|p2a: Registeel|Registeel|100/100
|
|-weather|none
|upkeep
|turn|23
|c| zReptar|Rip
|c|☆SetsuStsna|holy shit
|
|t:|1651517499
|move|p1a: Heatran|Magma Storm|p2a: Registeel
|-supereffective|p2a: Registeel
|-damage|p2a: Registeel|35/100
|-activate|p2a: Registeel|move: Magma Storm|[of] p1a: Heatran
|move|p2a: Registeel|Iron Defense|p2a: Registeel
|-boost|p2a: Registeel|def|2
|
|-heal|p2a: Registeel|41/100|[from] item: Leftovers
|-damage|p2a: Registeel|28/100|[from] move: Magma Storm|[partiallytrapped]
|upkeep
|turn|24
|
|t:|1651517504
|move|p1a: Heatran|Earth Power|p2a: Registeel
|-supereffective|p2a: Registeel
|-damage|p2a: Registeel|0 fnt
|faint|p2a: Registeel
|
|-sideend|p1: I'm Tapu Bulu|move: Aurora Veil
|upkeep
|
|t:|1651517506
|switch|p2a: Corviknight|Corviknight, F, shiny|76/100
|turn|25
|
|t:|1651517508
|move|p1a: Heatran|Magma Storm|p2a: Corviknight
|-supereffective|p2a: Corviknight
|-damage|p2a: Corviknight|0 fnt
|faint|p2a: Corviknight
|
|win|I'm Tapu Bulu
|n|☆I'm Tapu Bulu|imtapubulu
|n|☆SetsuStsna|setsustsna
|n| iKiQ ㋛|ikiq
|n| zReptar|zreptar
|n| nooob ninja|nooobninja
|c|☆I'm Tapu Bulu|gg
|c|☆SetsuStsna|gg
|c|☆I'm Tapu Bulu|nice steel team
|c|☆SetsuStsna|ty
|c|☆SetsuStsna|<3
|l|☆SetsuStsna
|c|☆I'm Tapu Bulu|:)
|l| nooob ninja
|l| zReptar
|l| iKiQ ㋛
