|j|☆ibechillinB
|j|☆GGeorgie◕‿◕
|t:|1668058941
|gametype|singles
|player|p1|ibechillinB|fisherman-gen4|1516
|player|p2|GGeorgie◕‿◕|hiker-gen2|1623
|teamsize|p1|6
|teamsize|p2|6
|gen|8
|tier|[Gen 8] OU
|rated|
|rule|Sleep Clause Mod: Limit one foe put to sleep
|rule|Species Clause: Limit one of each Pokémon
|rule|OHKO Clause: OHKO moves are banned
|rule|Evasion Items Clause: Evasion items are banned
|rule|Evasion Moves Clause: Evasion moves are banned
|rule|Endless Battle Clause: Forcing endless battles is banned
|rule|HP Percentage Mod: HP is shown in percentages
|rule|Dynamax Clause: You cannot dynamax
|clearpoke
|poke|p1|Ninetales-Alola, M|
|poke|p1|Arctozolt|
|poke|p1|Dragapult, F|
|poke|p1|Heatran, M|
|poke|p1|Tornadus-Therian, M|
|poke|p1|Zygarde-10%|
|poke|p2|Zapdos|
|poke|p2|Tyranitar, M|
|poke|p2|Landorus-Therian, M|
|poke|p2|Excadrill, F|
|poke|p2|Clefable, M|
|poke|p2|Ferrothorn, M|
|teampreview
|inactive|Battle timer is ON: inactive players will automatically lose when time's up. (requested by ibechillinB)
|j| Rossaism
|inactive|GGeorgie◕‿◕ has 120 seconds left.
|l| Rossaism
|
|t:|1668058976
|start
|switch|p1a: Heatran|Heatran, M|100/100
|switch|p2a: Landorus|Landorus-Therian, M|100/100
|-ability|p2a: Landorus|Intimidate|boost
|-unboost|p1a: Heatran|atk|1
|turn|1
|
|t:|1668058981
|move|p2a: Landorus|Stone Edge|p1a: Heatran
|-damage|p1a: Heatran|69/100
|move|p1a: Heatran|Stealth Rock|p2a: Landorus
|-sidestart|p2: GGeorgie◕‿◕|move: Stealth Rock
|
|-heal|p1a: Heatran|75/100|[from] item: Leftovers
|upkeep
|turn|2
|
|t:|1668058984
|move|p2a: Landorus|Stone Edge|p1a: Heatran
|-damage|p1a: Heatran|46/100
|move|p1a: Heatran|Magma Storm|p2a: Landorus|[miss]
|-miss|p1a: Heatran|p2a: Landorus
|
|-heal|p1a: Heatran|52/100|[from] item: Leftovers
|upkeep
|turn|3
|
|t:|1668058991
|switch|p2a: Tyranitar|Tyranitar, M, shiny|100/100
|-damage|p2a: Tyranitar|88/100|[from] Stealth Rock
|-weather|Sandstorm|[from] ability: Sand Stream|[of] p2a: Tyranitar
|switch|p1a: Zygarde|Zygarde-10%|100/100
|-ability|p1a: Zygarde|Aura Break
|
|-weather|Sandstorm|[upkeep]
|upkeep
|turn|4
|j| Rossaism
|inactive|GGeorgie◕‿◕ has 120 seconds left.
|inactive|GGeorgie◕‿◕ has 90 seconds left.
|
|t:|1668059052
|switch|p2a: Clefable|Clefable, M|100/100
|move|p1a: Zygarde|Thousand Arrows|p2a: Clefable
|-damage|p2a: Clefable|49/100
|
|-weather|Sandstorm|[upkeep]
|upkeep
|turn|5
|
|t:|1668059056
|move|p1a: Zygarde|Thousand Arrows|p2a: Clefable
|-damage|p2a: Clefable|2/100
|move|p2a: Clefable|Moonblast|p1a: Zygarde
|-supereffective|p1a: Zygarde
|-damage|p1a: Zygarde|0 fnt
|faint|p1a: Zygarde
|
|-weather|Sandstorm|[upkeep]
|upkeep
|
|t:|1668059079
|switch|p1a: Ninetales|Ninetales-Alola, M|100/100
|-weather|Hail|[from] ability: Snow Warning|[of] p1a: Ninetales
|turn|6
|
|t:|1668059103
|move|p1a: Ninetales|Freeze-Dry|p2a: Clefable
|-damage|p2a: Clefable|0 fnt
|faint|p2a: Clefable
|
|-weather|Hail|[upkeep]
|upkeep
|
|t:|1668059105
|switch|p2a: Tyranitar|Tyranitar, M, shiny|88/100
|-damage|p2a: Tyranitar|76/100|[from] Stealth Rock
|-weather|Sandstorm|[from] ability: Sand Stream|[of] p2a: Tyranitar
|turn|7
|
|t:|1668059112
|switch|p1a: Heatran|Heatran, M|52/100
|move|p2a: Tyranitar|Stone Edge|p1a: Heatran
|-damage|p1a: Heatran|0 fnt
|faint|p1a: Heatran
|
|-weather|Sandstorm|[upkeep]
|upkeep
|
|t:|1668059117
|switch|p1a: Ninetales|Ninetales-Alola, M|100/100
|-weather|Hail|[from] ability: Snow Warning|[of] p1a: Ninetales
|turn|8
|inactive|GGeorgie◕‿◕ has 120 seconds left.
|inactive|GGeorgie◕‿◕ has 90 seconds left.
|l| Rossaism
|
|t:|1668059181
|switch|p2a: Ferrothorn|Ferrothorn, M, shiny|100/100
|-damage|p2a: Ferrothorn|94/100|[from] Stealth Rock
|move|p1a: Ninetales|Hypnosis|p2a: Ferrothorn
|-status|p2a: Ferrothorn|slp|[from] move: Hypnosis
|
|-weather|Hail|[upkeep]
|-damage|p2a: Ferrothorn|88/100 slp|[from] Hail
|upkeep
|turn|9
|
|t:|1668059189
|switch|p1a: Tornadus|Tornadus-Therian, M|100/100
|switch|p2a: Tyranitar|Tyranitar, M, shiny|76/100
|-damage|p2a: Tyranitar|64/100|[from] Stealth Rock
|-weather|Sandstorm|[from] ability: Sand Stream|[of] p2a: Tyranitar
|
|-weather|Sandstorm|[upkeep]
|-damage|p1a: Tornadus|94/100|[from] Sandstorm
|upkeep
|turn|10
|
|t:|1668059194
|switch|p2a: Landorus|Landorus-Therian, M|100/100
|-damage|p2a: Landorus|88/100|[from] Stealth Rock
|-ability|p2a: Landorus|Intimidate|boost
|-unboost|p1a: Tornadus|atk|1
|move|p1a: Tornadus|Focus Blast|p2a: Landorus
|-resisted|p2a: Landorus
|-damage|p2a: Landorus|67/100
|-unboost|p2a: Landorus|spd|1
|
|-weather|Sandstorm|[upkeep]
|-damage|p1a: Tornadus|88/100|[from] Sandstorm
|upkeep
|turn|11
|
|t:|1668059200
|move|p2a: Landorus|Stone Edge|p1a: Tornadus
|-supereffective|p1a: Tornadus
|-crit|p1a: Tornadus
|-damage|p1a: Tornadus|0 fnt
|faint|p1a: Tornadus
|
|-weather|Sandstorm|[upkeep]
|upkeep
|
|t:|1668059206
|switch|p1a: Ninetales|Ninetales-Alola, M|100/100
|-weather|Hail|[from] ability: Snow Warning|[of] p1a: Ninetales
|turn|12
|inactive|GGeorgie◕‿◕ has 90 seconds left.
|
|t:|1668059251
|switch|p1a: Arctozolt|Arctozolt|100/100
|move|p2a: Landorus|Stone Edge|p1a: Arctozolt
|-supereffective|p1a: Arctozolt
|-damage|p1a: Arctozolt|12/100
|
|-weather|Hail|[upkeep]
|-damage|p2a: Landorus|61/100|[from] Hail
|upkeep
|turn|13
|
|t:|1668059261
|switch|p2a: Ferrothorn|Ferrothorn, M, shiny|88/100 slp
|-damage|p2a: Ferrothorn|82/100 slp|[from] Stealth Rock
|move|p1a: Arctozolt|Low Kick|p2a: Ferrothorn
|-supereffective|p2a: Ferrothorn
|-damage|p2a: Ferrothorn|31/100 slp
|-damage|p1a: Arctozolt|0 fnt|[from] ability: Iron Barbs|[of] p2a: Ferrothorn
|faint|p1a: Arctozolt
|
|-weather|Hail|[upkeep]
|-damage|p2a: Ferrothorn|25/100 slp|[from] Hail
|upkeep
|
|t:|1668059265
|switch|p1a: Dragapult|Dragapult, F|100/100
|turn|14
|
|t:|1668059279
|move|p1a: Dragapult|Dragon Dance|p1a: Dragapult
|-boost|p1a: Dragapult|atk|1
|-boost|p1a: Dragapult|spe|1
|cant|p2a: Ferrothorn|slp
|
|-weather|Hail|[upkeep]
|-damage|p1a: Dragapult|94/100|[from] Hail
|-damage|p2a: Ferrothorn|18/100 slp|[from] Hail
|upkeep
|turn|15
|
|t:|1668059283
|move|p1a: Dragapult|Dragon Dance|p1a: Dragapult
|-boost|p1a: Dragapult|atk|1
|-boost|p1a: Dragapult|spe|1
|cant|p2a: Ferrothorn|slp
|
|-weather|Hail|[upkeep]
|-damage|p1a: Dragapult|88/100|[from] Hail
|-damage|p2a: Ferrothorn|12/100 slp|[from] Hail
|upkeep
|turn|16
|j| Rossaism
|
|t:|1668059288
|move|p1a: Dragapult|Dragon Dance|p1a: Dragapult
|-boost|p1a: Dragapult|atk|1
|-boost|p1a: Dragapult|spe|1
|-curestatus|p2a: Ferrothorn|slp|[msg]
|move|p2a: Ferrothorn|Knock Off|p1a: Dragapult
|-supereffective|p1a: Dragapult
|-damage|p1a: Dragapult|38/100
|-enditem|p1a: Dragapult|Weakness Policy
|-boost|p1a: Dragapult|atk|2|[from] item: Weakness Policy
|-boost|p1a: Dragapult|spa|2|[from] item: Weakness Policy
|
|-weather|Hail|[upkeep]
|-damage|p1a: Dragapult|32/100|[from] Hail
|-damage|p2a: Ferrothorn|6/100|[from] Hail
|upkeep
|turn|17
|
|t:|1668059292
|move|p1a: Dragapult|Dragon Darts|p2a: Ferrothorn
|-resisted|p2a: Ferrothorn
|-damage|p2a: Ferrothorn|0 fnt
|faint|p2a: Ferrothorn
|
|-weather|Hail|[upkeep]
|-damage|p1a: Dragapult|26/100|[from] Hail
|upkeep
|
|t:|1668059294
|switch|p2a: Excadrill|Excadrill, F|100/100
|-damage|p2a: Excadrill|97/100|[from] Stealth Rock
|turn|18
|
|t:|1668059303
|switch|p2a: Tyranitar|Tyranitar, M, shiny|64/100
|-damage|p2a: Tyranitar|51/100|[from] Stealth Rock
|-weather|Sandstorm|[from] ability: Sand Stream|[of] p2a: Tyranitar
|move|p1a: Dragapult|Fire Blast|p2a: Tyranitar|[miss]
|-miss|p1a: Dragapult|p2a: Tyranitar
|
|-weather|Sandstorm|[upkeep]
|-damage|p1a: Dragapult|20/100|[from] Sandstorm
|upkeep
|turn|19
|
|t:|1668059314
|switch|p2a: Landorus|Landorus-Therian, M|61/100
|-damage|p2a: Landorus|49/100|[from] Stealth Rock
|-ability|p2a: Landorus|Intimidate|boost
|-fail|p1a: Dragapult|unboost|[from] ability: Clear Body|[of] p1a: Dragapult
|move|p1a: Dragapult|Dragon Darts|p2a: Landorus
|-damage|p2a: Landorus|0 fnt
|faint|p2a: Landorus
|
|-weather|Sandstorm|[upkeep]
|-damage|p1a: Dragapult|14/100|[from] Sandstorm
|upkeep
|
|t:|1668059316
|switch|p2a: Excadrill|Excadrill, F|97/100
|-damage|p2a: Excadrill|94/100|[from] Stealth Rock
|turn|20
|
|t:|1668059322
|move|p1a: Dragapult|Fire Blast|p2a: Excadrill|[miss]
|-miss|p1a: Dragapult|p2a: Excadrill
|move|p2a: Excadrill|Earthquake|p1a: Dragapult
|-damage|p1a: Dragapult|0 fnt
|faint|p1a: Dragapult
|
|-weather|Sandstorm|[upkeep]
|-heal|p2a: Excadrill|100/100|[from] item: Leftovers
|upkeep
|
|t:|1668059324
|switch|p1a: Ninetales|Ninetales-Alola, M|100/100
|-weather|Hail|[from] ability: Snow Warning|[of] p1a: Ninetales
|turn|21
|-message|ibechillinB forfeited.
|
|win|GGeorgie◕‿◕
|raw|ibechillinB's rating: 1516 &rarr; <strong>1501</strong><br />(-15 for losing)
|raw|GGeorgie◕‿◕'s rating: 1605 &rarr; <strong>1620</strong><br />(+15 for winning)
|l|☆ibechillinB
