|j|☆rain on meee
|j|☆TESLA ROADSTER
|t:|1616087975
|player|p1|rain on meee|skierf|2039
|player|p2|TESLA ROADSTER|102|1822
|teamsize|p1|6
|teamsize|p2|6
|gametype|singles
|gen|8
|tier|[Gen 8] OU
|rated|
|clearpoke
|poke|p1|Heatran, M|
|poke|p1|Hydreigon, F|
|poke|p1|Landorus-Therian, M|
|poke|p1|Mandibuzz, F|
|poke|p1|Toxapex, F|
|poke|p1|Volcarona, F|
|poke|p2|Pelipper, M|
|poke|p2|Scizor, F|
|poke|p2|Rillaboom, F|
|poke|p2|Seismitoad, F|
|poke|p2|Tapu Koko|
|poke|p2|Urshifu-*, F|
|rule|Sleep Clause Mod: Limit one foe put to sleep
|rule|Species Clause: Limit one of each Pokémon
|rule|OHKO Clause: OHKO moves are banned
|rule|Evasion Moves Clause: Evasion moves are banned
|rule|Endless Battle Clause: Forcing endless battles is banned
|rule|HP Percentage Mod: HP is shown in percentages
|rule|Dynamax Clause: You cannot dynamax
|teampreview
|inactive|Battle timer is ON: inactive players will automatically lose when time's up. (requested by rain on meee)
|
|t:|1616088027
|start
|switch|p1a: Toxapex|Toxapex, F|100/100
|switch|p2a: Pelipper|Pelipper, M|100/100
|-weather|RainDance|[from] ability: Drizzle|[of] p2a: Pelipper
|turn|1
|j| Lancer MK
|
|t:|1616088040
|switch|p2a: Scizor|Scizor, F|100/100
|move|p1a: Toxapex|Knock Off|p2a: Scizor
|-damage|p2a: Scizor|85/100
|-enditem|p2a: Scizor|Leftovers|[from] move: Knock Off|[of] p1a: Toxapex
|
|-weather|RainDance|[upkeep]
|upkeep
|turn|2
|
|t:|1616088048
|move|p2a: Scizor|Knock Off|p1a: Toxapex
|-damage|p1a: Toxapex|82/100
|-damage|p2a: Scizor|68/100|[from] item: Rocky Helmet|[of] p1a: Toxapex
|-enditem|p1a: Toxapex|Rocky Helmet|[from] move: Knock Off|[of] p2a: Scizor
|move|p1a: Toxapex|Toxic Spikes|p2a: Scizor
|-sidestart|p2: TESLA ROADSTER|move: Toxic Spikes
|
|-weather|RainDance|[upkeep]
|upkeep
|turn|3
|
|t:|1616088057
|move|p2a: Scizor|U-turn|p1a: Toxapex
|-resisted|p1a: Toxapex
|-damage|p1a: Toxapex|73/100
|
|t:|1616088059
|switch|p2a: Pelipper|Pelipper, M|100/100|[from]move: U-turn
|move|p1a: Toxapex|Knock Off|p2a: Pelipper
|-damage|p2a: Pelipper|88/100
|-enditem|p2a: Pelipper|Damp Rock|[from] move: Knock Off|[of] p1a: Toxapex
|
|-weather|RainDance|[upkeep]
|upkeep
|turn|4
|j| divine pony
|
|t:|1616088065
|move|p2a: Pelipper|Defog|p1a: Toxapex
|-unboost|p1a: Toxapex|evasion|1
|-sideend|p2: TESLA ROADSTER|Toxic Spikes|[from] move: Defog|[of] p2a: Pelipper
|move|p1a: Toxapex|Toxic Spikes|p2a: Pelipper
|-sidestart|p2: TESLA ROADSTER|move: Toxic Spikes
|
|-weather|RainDance|[upkeep]
|upkeep
|turn|5
|
|t:|1616088069
|move|p2a: Pelipper|Defog|p1a: Toxapex
|-unboost|p1a: Toxapex|evasion|1
|-sideend|p2: TESLA ROADSTER|Toxic Spikes|[from] move: Defog|[of] p2a: Pelipper
|move|p1a: Toxapex|Toxic Spikes|p2a: Pelipper
|-sidestart|p2: TESLA ROADSTER|move: Toxic Spikes
|
|-weather|RainDance|[upkeep]
|upkeep
|turn|6
|
|t:|1616088076
|switch|p1a: Hydreigon|Hydreigon, F|100/100
|move|p2a: Pelipper|Defog|p1a: Hydreigon
|-unboost|p1a: Hydreigon|evasion|1
|-sideend|p2: TESLA ROADSTER|Toxic Spikes|[from] move: Defog|[of] p2a: Pelipper
|
|-weather|RainDance|[upkeep]
|upkeep
|turn|7
|j| Farmland
|
|t:|1616088086
|move|p1a: Hydreigon|Dark Pulse|p2a: Pelipper
|-damage|p2a: Pelipper|21/100
|move|p2a: Pelipper|U-turn|p1a: Hydreigon
|-supereffective|p1a: Hydreigon
|-damage|p1a: Hydreigon|81/100
|
|t:|1616088093
|switch|p2a: Tapu Koko|Tapu Koko|100/100|[from]move: U-turn
|-fieldstart|move: Electric Terrain|[from] ability: Electric Surge|[of] p2a: Tapu Koko
|
|-weather|RainDance|[upkeep]
|-heal|p1a: Hydreigon|87/100|[from] item: Leftovers
|upkeep
|turn|8
|
|t:|1616088103
|switch|p1a: Landorus|Landorus-Therian, M|100/100
|-ability|p1a: Landorus|Intimidate|boost
|-unboost|p2a: Tapu Koko|atk|1
|move|p2a: Tapu Koko|Volt Switch|p1a: Landorus
|-immune|p1a: Landorus
|
|-weather|none
|upkeep
|turn|9
|
|t:|1616088111
|switch|p2a: Pelipper|Pelipper, M|21/100
|-weather|RainDance|[from] ability: Drizzle|[of] p2a: Pelipper
|move|p1a: Landorus|Stealth Rock|p2a: Pelipper
|-sidestart|p2: TESLA ROADSTER|move: Stealth Rock
|
|-weather|RainDance|[upkeep]
|upkeep
|turn|10
|
|t:|1616088120
|switch|p1a: Toxapex|Toxapex, F|100/100
|move|p2a: Pelipper|Roost|p2a: Pelipper
|-heal|p2a: Pelipper|71/100
|-singleturn|p2a: Pelipper|move: Roost
|
|-weather|RainDance|[upkeep]
|upkeep
|turn|11
|
|t:|1616088123
|move|p2a: Pelipper|Defog|p1a: Toxapex
|-unboost|p1a: Toxapex|evasion|1
|-sideend|p2: TESLA ROADSTER|Stealth Rock|[from] move: Defog|[of] p2a: Pelipper
|-fieldend|move: Electric Terrain
|move|p1a: Toxapex|Toxic Spikes|p2a: Pelipper
|-sidestart|p2: TESLA ROADSTER|move: Toxic Spikes
|
|-weather|RainDance|[upkeep]
|upkeep
|turn|12
|
|t:|1616088128
|move|p2a: Pelipper|Scald|p1a: Toxapex
|-resisted|p1a: Toxapex
|-damage|p1a: Toxapex|85/100
|-status|p1a: Toxapex|brn
|move|p1a: Toxapex|Knock Off|p2a: Pelipper
|-damage|p2a: Pelipper|68/100
|
|-weather|RainDance|[upkeep]
|-damage|p1a: Toxapex|79/100 brn|[from] brn
|upkeep
|turn|13
|
|t:|1616088137
|switch|p1a: Hydreigon|Hydreigon, F|87/100
|move|p2a: Pelipper|Defog|p1a: Hydreigon
|-unboost|p1a: Hydreigon|evasion|1
|-sideend|p2: TESLA ROADSTER|Toxic Spikes|[from] move: Defog|[of] p2a: Pelipper
|
|-weather|none
|-heal|p1a: Hydreigon|93/100|[from] item: Leftovers
|upkeep
|turn|14
|
|t:|1616088145
|switch|p2a: Tapu Koko|Tapu Koko|100/100
|-fieldstart|move: Electric Terrain|[from] ability: Electric Surge|[of] p2a: Tapu Koko
|move|p1a: Hydreigon|Dark Pulse|p2a: Tapu Koko
|-resisted|p2a: Tapu Koko
|-damage|p2a: Tapu Koko|65/100
|
|-heal|p1a: Hydreigon|99/100|[from] item: Leftovers
|upkeep
|turn|15
|
|t:|1616088152
|switch|p1a: Landorus|Landorus-Therian, M|100/100
|-ability|p1a: Landorus|Intimidate|boost
|-unboost|p2a: Tapu Koko|atk|1
|move|p2a: Tapu Koko|Volt Switch|p1a: Landorus
|-immune|p1a: Landorus
|
|upkeep
|turn|16
|j| Coronavirus EUW
|
|t:|1616088155
|switch|p2a: Pelipper|Pelipper, M|68/100
|-weather|RainDance|[from] ability: Drizzle|[of] p2a: Pelipper
|move|p1a: Landorus|Stealth Rock|p2a: Pelipper
|-sidestart|p2: TESLA ROADSTER|move: Stealth Rock
|
|-weather|RainDance|[upkeep]
|upkeep
|turn|17
|
|t:|1616088161
|switch|p1a: Hydreigon|Hydreigon, F|99/100
|move|p2a: Pelipper|Defog|p1a: Hydreigon
|-unboost|p1a: Hydreigon|evasion|1
|-sideend|p2: TESLA ROADSTER|Stealth Rock|[from] move: Defog|[of] p2a: Pelipper
|-fieldend|move: Electric Terrain
|
|-weather|RainDance|[upkeep]
|-heal|p1a: Hydreigon|100/100|[from] item: Leftovers
|upkeep
|turn|18
|
|t:|1616088170
|switch|p2a: Tapu Koko|Tapu Koko|65/100
|-fieldstart|move: Electric Terrain|[from] ability: Electric Surge|[of] p2a: Tapu Koko
|move|p1a: Hydreigon|Dark Pulse|p2a: Tapu Koko
|-resisted|p2a: Tapu Koko
|-damage|p2a: Tapu Koko|31/100
|
|-weather|RainDance|[upkeep]
|upkeep
|turn|19
|
|t:|1616088173
|switch|p1a: Landorus|Landorus-Therian, M|100/100
|-ability|p1a: Landorus|Intimidate|boost
|-unboost|p2a: Tapu Koko|atk|1
|move|p2a: Tapu Koko|Dazzling Gleam|p1a: Landorus
|-damage|p1a: Landorus|42/100
|
|-weather|RainDance|[upkeep]
|upkeep
|turn|20
|
|t:|1616088182
|switch|p2a: Pelipper|Pelipper, M|68/100
|move|p1a: Landorus|Stone Edge|p2a: Pelipper
|-supereffective|p2a: Pelipper
|-damage|p2a: Pelipper|21/100
|
|-weather|none
|upkeep
|turn|21
|l| Coronavirus EUW
|
|t:|1616088190
|move|p1a: Landorus|Stone Edge|p2a: Pelipper
|-supereffective|p2a: Pelipper
|-damage|p2a: Pelipper|0 fnt
|faint|p2a: Pelipper
|
|upkeep
|
|t:|1616088198
|switch|p2a: Urshifu|Urshifu-Rapid-Strike, F|100/100
|turn|22
|j| andreasmang
|
|t:|1616088204
|switch|p1a: Toxapex|Toxapex, F|100/100 brn
|move|p2a: Urshifu|U-turn|p1a: Toxapex
|-resisted|p1a: Toxapex
|-damage|p1a: Toxapex|91/100 brn
|
|t:|1616088208
|switch|p2a: Tapu Koko|Tapu Koko|31/100|[from]move: U-turn
|
|-damage|p1a: Toxapex|85/100 brn|[from] brn
|-fieldend|move: Electric Terrain
|upkeep
|turn|23
|
|t:|1616088213
|move|p2a: Tapu Koko|Thunder|p1a: Toxapex
|-supereffective|p1a: Toxapex
|-damage|p1a: Toxapex|0 fnt
|faint|p1a: Toxapex
|
|upkeep
|
|t:|1616088222
|switch|p1a: Landorus|Landorus-Therian, M|42/100
|-ability|p1a: Landorus|Intimidate|boost
|-unboost|p2a: Tapu Koko|atk|1
|turn|24
|
|t:|1616088232
|switch|p2a: Scizor|Scizor, F|68/100
|move|p1a: Landorus|Stealth Rock|p2a: Scizor
|-sidestart|p2: TESLA ROADSTER|move: Stealth Rock
|
|upkeep
|turn|25
|
|t:|1616088243
|switch|p1a: Heatran|Heatran, M|100/100
|move|p2a: Scizor|U-turn|p1a: Heatran
|-resisted|p1a: Heatran
|-damage|p1a: Heatran|94/100
|
|t:|1616088249
|switch|p2a: Urshifu|Urshifu-Rapid-Strike, F|100/100|[from]move: U-turn
|-damage|p2a: Urshifu|94/100|[from] Stealth Rock
|
|-heal|p1a: Heatran|99/100|[from] item: Leftovers
|upkeep
|turn|26
|
|t:|1616088272
|switch|p1a: Landorus|Landorus-Therian, M|42/100
|-ability|p1a: Landorus|Intimidate|boost
|-unboost|p2a: Urshifu|atk|1
|move|p2a: Urshifu|Close Combat|p1a: Landorus
|-resisted|p1a: Landorus
|-damage|p1a: Landorus|18/100
|-unboost|p2a: Urshifu|def|1
|-unboost|p2a: Urshifu|spd|1
|
|upkeep
|turn|27
|j| neverwantedto
|
|t:|1616088282
|move|p1a: Landorus|U-turn|p2a: Urshifu
|-resisted|p2a: Urshifu
|-damage|p2a: Urshifu|77/100
|
|t:|1616088285
|switch|p1a: Volcarona|Volcarona, F|100/100|[from]move: U-turn
|move|p2a: Urshifu|Close Combat|p1a: Volcarona
|-resisted|p1a: Volcarona
|-damage|p1a: Volcarona|72/100
|-unboost|p2a: Urshifu|def|1
|-unboost|p2a: Urshifu|spd|1
|
|upkeep
|turn|28
|j| livin rent free
|
|t:|1616088297
|switch|p2a: Seismitoad|Seismitoad, F|100/100
|-damage|p2a: Seismitoad|95/100|[from] Stealth Rock
|move|p1a: Volcarona|Flamethrower|p2a: Seismitoad
|-resisted|p2a: Seismitoad
|-damage|p2a: Seismitoad|67/100
|
|upkeep
|turn|29
|
|t:|1616088307
|-singleturn|p2a: Seismitoad|move: Focus Punch
|move|p1a: Volcarona|Giga Drain|p2a: Seismitoad
|-supereffective|p2a: Seismitoad
|-damage|p2a: Seismitoad|0 fnt
|-heal|p1a: Volcarona|100/100|[from] drain|[of] p2a: Seismitoad
|faint|p2a: Seismitoad
|
|upkeep
|
|t:|1616088314
|switch|p2a: Urshifu|Urshifu-Rapid-Strike, F|77/100
|-damage|p2a: Urshifu|71/100|[from] Stealth Rock
|turn|30
|
|t:|1616088322
|switch|p1a: Heatran|Heatran, M|99/100
|move|p2a: Urshifu|Surging Strikes|p1a: Heatran
|-supereffective|p1a: Heatran
|-crit|p1a: Heatran
|-damage|p1a: Heatran|63/100
|-supereffective|p1a: Heatran
|-crit|p1a: Heatran
|-damage|p1a: Heatran|26/100
|-supereffective|p1a: Heatran
|-crit|p1a: Heatran
|-damage|p1a: Heatran|0 fnt
|-hitcount|p1a: Heatran|3
|faint|p1a: Heatran
|
|upkeep
|
|t:|1616088328
|switch|p1a: Hydreigon|Hydreigon, F|100/100
|turn|31
|
|t:|1616088332
|switch|p2a: Scizor|Scizor, F|68/100
|-damage|p2a: Scizor|56/100|[from] Stealth Rock
|move|p1a: Hydreigon|Dark Pulse|p2a: Scizor
|-damage|p2a: Scizor|23/100
|
|upkeep
|turn|32
|
|t:|1616088336
|move|p1a: Hydreigon|Dark Pulse|p2a: Scizor
|-damage|p2a: Scizor|0 fnt
|faint|p2a: Scizor
|
|upkeep
|
|t:|1616088338
|switch|p2a: Tapu Koko|Tapu Koko|31/100
|-damage|p2a: Tapu Koko|19/100|[from] Stealth Rock
|-fieldstart|move: Electric Terrain|[from] ability: Electric Surge|[of] p2a: Tapu Koko
|turn|33
|
|t:|1616088349
|switch|p1a: Landorus|Landorus-Therian, M|18/100
|-ability|p1a: Landorus|Intimidate|boost
|-unboost|p2a: Tapu Koko|atk|1
|move|p2a: Tapu Koko|Dazzling Gleam|p1a: Landorus
|-damage|p1a: Landorus|0 fnt
|faint|p1a: Landorus
|
|upkeep
|j| Daniextras
|
|t:|1616088354
|switch|p1a: Volcarona|Volcarona, F|100/100
|turn|34
|
|t:|1616088361
|switch|p2a: Urshifu|Urshifu-Rapid-Strike, F|71/100
|-damage|p2a: Urshifu|65/100|[from] Stealth Rock
|move|p1a: Volcarona|Giga Drain|p2a: Urshifu
|-supereffective|p2a: Urshifu
|-damage|p2a: Urshifu|0 fnt
|faint|p2a: Urshifu
|
|upkeep
|j| epsilon_xd
|-message|TESLA ROADSTER forfeited.
|
|win|rain on meee
|raw|rain on meee's rating: 2039 &rarr; <strong>2048</strong><br />(+9 for winning)
|raw|TESLA ROADSTER's rating: 1822 &rarr; <strong>1813</strong><br />(-9 for losing)
|l|☆TESLA ROADSTER
|l| neverwantedto
|l| epsilon_xd
|l| Farmland
||Ladder isn't responding, score probably updated but might not have (Request timeout).
