|j|☆GorLeon
|j|☆soap776
|t:|1664468651
|gametype|singles
|player|p1|GorLeon|dragontamer|1543
|player|p2|soap776|102|1473
|teamsize|p1|6
|teamsize|p2|6
|gen|8
|tier|[Gen 8] OU
|rated|
|rule|Sleep Clause Mod: Limit one foe put to sleep
|rule|Species Clause: Limit one of each Pokémon
|rule|OHKO Clause: OHKO moves are banned
|rule|Evasion Items Clause: Evasion items are banned
|rule|Evasion Moves Clause: Evasion moves are banned
|rule|Endless Battle Clause: Forcing endless battles is banned
|rule|HP Percentage Mod: HP is shown in percentages
|rule|Dynamax Clause: You cannot dynamax
|clearpoke
|poke|p1|Landorus-Therian, M|
|poke|p1|Ferrothorn, F|
|poke|p1|Urshifu-*, F|
|poke|p1|Tornadus-Therian, M|
|poke|p1|Dragapult, F|
|poke|p1|Tapu Lele|
|poke|p2|Barraskewda, M|
|poke|p2|Pelipper, M|
|poke|p2|Tornadus, M|
|poke|p2|Ferrothorn, F|
|poke|p2|Garchomp, F|
|poke|p2|Melmetal|
|teampreview
|inactive|Battle timer is ON: inactive players will automatically lose when time's up. (requested by GorLeon)
|c|☆GorLeon|gl hf
|c|☆soap776|u2
|
|t:|1664468674
|start
|switch|p1a: Tapu Lele|Tapu Lele|100/100
|switch|p2a: Melmetal|Melmetal|100/100
|-fieldstart|move: Psychic Terrain|[from] ability: Psychic Surge|[of] p1a: Tapu Lele
|turn|1
|
|t:|1664468683
|switch|p1a: Ferrothorn|Ferrothorn, F|100/100
|move|p2a: Melmetal|Earthquake|p1a: Ferrothorn
|-damage|p1a: Ferrothorn|82/100
|
|upkeep
|turn|2
|
|t:|1664468693
|switch|p2a: Ferrothorn|Ferrothorn, F|100/100
|move|p1a: Ferrothorn|Stealth Rock|p2a: Ferrothorn
|-sidestart|p2: soap776|move: Stealth Rock
|
|upkeep
|turn|3
|
|t:|1664468701
|move|p2a: Ferrothorn|Stealth Rock|p1a: Ferrothorn
|-sidestart|p1: GorLeon|move: Stealth Rock
|move|p1a: Ferrothorn|Knock Off|p2a: Ferrothorn
|-damage|p2a: Ferrothorn|85/100
|-damage|p1a: Ferrothorn|69/100|[from] ability: Iron Barbs|[of] p2a: Ferrothorn
|-enditem|p2a: Ferrothorn|Leftovers|[from] move: Knock Off|[of] p1a: Ferrothorn
|
|upkeep
|turn|4
|
|t:|1664468708
|switch|p1a: Landorus|Landorus-Therian, M|100/100
|-damage|p1a: Landorus|88/100|[from] Stealth Rock
|-ability|p1a: Landorus|Intimidate|boost
|-unboost|p2a: Ferrothorn|atk|1
|move|p2a: Ferrothorn|Knock Off|p1a: Landorus
|-damage|p1a: Landorus|74/100
|-enditem|p1a: Landorus|Leftovers|[from] move: Knock Off|[of] p2a: Ferrothorn
|
|upkeep
|turn|5
|inactive|soap776 has 120 seconds left.
|
|t:|1664468739
|switch|p2a: Pelipper|Pelipper, M|100/100
|-damage|p2a: Pelipper|76/100|[from] Stealth Rock
|-weather|RainDance|[from] ability: Drizzle|[of] p2a: Pelipper
|move|p1a: Landorus|U-turn|p2a: Pelipper
|-resisted|p2a: Pelipper
|-damage|p2a: Pelipper|67/100
|inactive|GorLeon has 120 seconds left.
|
|t:|1664468759
|switch|p1a: Dragapult|Dragapult, F|100/100|[from]move: U-turn
|-damage|p1a: Dragapult|88/100|[from] Stealth Rock
|
|-weather|RainDance|[upkeep]
|-fieldend|move: Psychic Terrain
|upkeep
|turn|6
|
|t:|1664468766
|switch|p2a: Melmetal|Melmetal|100/100
|-damage|p2a: Melmetal|94/100|[from] Stealth Rock
|move|p1a: Dragapult|Shadow Ball|p2a: Melmetal
|-damage|p2a: Melmetal|69/100
|
|-weather|RainDance|[upkeep]
|upkeep
|turn|7
|
|t:|1664468776
|switch|p1a: Landorus|Landorus-Therian, M|74/100
|-damage|p1a: Landorus|62/100|[from] Stealth Rock
|-ability|p1a: Landorus|Intimidate|boost
|-unboost|p2a: Melmetal|atk|1
|move|p2a: Melmetal|Earthquake|p1a: Landorus
|-immune|p1a: Landorus
|
|-weather|RainDance|[upkeep]
|upkeep
|turn|8
|
|t:|1664468784
|switch|p1a: Ferrothorn|Ferrothorn, F|69/100
|-damage|p1a: Ferrothorn|63/100|[from] Stealth Rock
|switch|p2a: Tornadus|Tornadus, M|100/100
|
|-weather|RainDance|[upkeep]
|upkeep
|turn|9
|
|t:|1664468796
|move|p2a: Tornadus|Hurricane|p1a: Ferrothorn
|-damage|p1a: Ferrothorn|13/100
|move|p1a: Ferrothorn|Gyro Ball|p2a: Tornadus
|-damage|p2a: Tornadus|26/100
|
|-weather|RainDance|[upkeep]
|upkeep
|turn|10
|
|t:|1664468803
|switch|p1a: Tornadus|Tornadus-Therian, M|100/100
|-damage|p1a: Tornadus|75/100|[from] Stealth Rock
|move|p2a: Tornadus|Hurricane|p1a: Tornadus
|-damage|p1a: Tornadus|39/100
|
|-weather|RainDance|[upkeep]
|upkeep
|turn|11
|
|t:|1664468820
|switch|p2a: Ferrothorn|Ferrothorn, F|85/100
|-damage|p2a: Ferrothorn|79/100|[from] Stealth Rock
|move|p1a: Tornadus|Knock Off|p2a: Ferrothorn
|-damage|p2a: Ferrothorn|68/100
|-damage|p1a: Tornadus|26/100|[from] ability: Iron Barbs|[of] p2a: Ferrothorn
|
|-weather|RainDance|[upkeep]
|upkeep
|turn|12
|
|t:|1664468839
|move|p1a: Tornadus|Hurricane|p2a: Ferrothorn
|-damage|p2a: Ferrothorn|40/100
|-start|p2a: Ferrothorn|confusion
|-activate|p2a: Ferrothorn|confusion
|-damage|p2a: Ferrothorn|33/100|[from] confusion
|
|-weather|none
|upkeep
|turn|13
|
|t:|1664468850
|switch|p1a: Landorus|Landorus-Therian, M|62/100
|-damage|p1a: Landorus|50/100|[from] Stealth Rock
|-ability|p1a: Landorus|Intimidate|boost
|-unboost|p2a: Ferrothorn|atk|1
|-end|p2a: Ferrothorn|confusion
|move|p2a: Ferrothorn|Leech Seed|p1a: Landorus
|-start|p1a: Landorus|move: Leech Seed
|
|-damage|p1a: Landorus|37/100|[from] Leech Seed|[of] p2a: Ferrothorn
|-heal|p2a: Ferrothorn|46/100|[silent]
|upkeep
|turn|14
|
|t:|1664468868
|switch|p1a: Dragapult|Dragapult, F|88/100
|-damage|p1a: Dragapult|76/100|[from] Stealth Rock
|move|p2a: Ferrothorn|Knock Off|p1a: Dragapult
|-supereffective|p1a: Dragapult
|-damage|p1a: Dragapult|37/100
|-enditem|p1a: Dragapult|Choice Specs|[from] move: Knock Off|[of] p2a: Ferrothorn
|
|upkeep
|turn|15
|inactive|soap776 has 120 seconds left.
|
|t:|1664468899
|switch|p2a: Tornadus|Tornadus, M|26/100
|move|p1a: Dragapult|Flamethrower|p2a: Tornadus
|-damage|p2a: Tornadus|0 fnt
|faint|p2a: Tornadus
|
|upkeep
|
|t:|1664468920
|switch|p2a: Pelipper|Pelipper, M|67/100
|-damage|p2a: Pelipper|42/100|[from] Stealth Rock
|-weather|RainDance|[from] ability: Drizzle|[of] p2a: Pelipper
|turn|16
|
|t:|1664468925
|switch|p2a: Melmetal|Melmetal|69/100
|-damage|p2a: Melmetal|63/100|[from] Stealth Rock
|move|p1a: Dragapult|Shadow Ball|p2a: Melmetal
|-damage|p2a: Melmetal|45/100
|
|-weather|RainDance|[upkeep]
|upkeep
|turn|17
|
|t:|1664468937
|switch|p1a: Landorus|Landorus-Therian, M|37/100
|-damage|p1a: Landorus|25/100|[from] Stealth Rock
|-ability|p1a: Landorus|Intimidate|boost
|-unboost|p2a: Melmetal|atk|1
|move|p2a: Melmetal|Earthquake|p1a: Landorus
|-immune|p1a: Landorus
|
|-weather|RainDance|[upkeep]
|upkeep
|turn|18
|
|t:|1664468954
|switch|p2a: Garchomp|Garchomp, F|100/100
|-damage|p2a: Garchomp|94/100|[from] Stealth Rock
|move|p1a: Landorus|Earthquake|p2a: Garchomp
|-damage|p2a: Garchomp|43/100
|
|-weather|RainDance|[upkeep]
|-heal|p2a: Garchomp|49/100|[from] item: Leftovers
|upkeep
|turn|19
|
|t:|1664468965
|move|p2a: Garchomp|Scale Shot|p1a: Landorus
|-damage|p1a: Landorus|12/100
|-damage|p1a: Landorus|0 fnt
|faint|p1a: Landorus
|-hitcount|p1: Landorus|2
|-unboost|p2a: Garchomp|def|1
|-boost|p2a: Garchomp|spe|1
|
|-weather|RainDance|[upkeep]
|-heal|p2a: Garchomp|55/100|[from] item: Leftovers
|upkeep
|
|t:|1664468974
|switch|p1a: Tapu Lele|Tapu Lele|100/100
|-damage|p1a: Tapu Lele|88/100|[from] Stealth Rock
|-fieldstart|move: Psychic Terrain|[from] ability: Psychic Surge|[of] p1a: Tapu Lele
|turn|20
|inactive|soap776 has 90 seconds left.
|
|t:|1664469015
|switch|p2a: Ferrothorn|Ferrothorn, F|46/100
|-damage|p2a: Ferrothorn|40/100|[from] Stealth Rock
|move|p1a: Tapu Lele|Moonblast|p2a: Ferrothorn
|-resisted|p2a: Ferrothorn
|-damage|p2a: Ferrothorn|21/100
|
|-weather|RainDance|[upkeep]
|upkeep
|turn|21
|
|t:|1664469022
|move|p1a: Tapu Lele|Moonblast|p2a: Ferrothorn
|-resisted|p2a: Ferrothorn
|-damage|p2a: Ferrothorn|4/100
|-unboost|p2a: Ferrothorn|spa|1
|move|p2a: Ferrothorn|Knock Off|p1a: Tapu Lele
|-damage|p1a: Tapu Lele|57/100
|-enditem|p1a: Tapu Lele|Choice Scarf|[from] move: Knock Off|[of] p2a: Ferrothorn
|
|-weather|RainDance|[upkeep]
|upkeep
|turn|22
|inactive|soap776 has 90 seconds left.
|
|t:|1664469032
|move|p1a: Tapu Lele|Moonblast|p2a: Ferrothorn
|-resisted|p2a: Ferrothorn
|-damage|p2a: Ferrothorn|0 fnt
|faint|p2a: Ferrothorn
|
|-weather|RainDance|[upkeep]
|upkeep
|
|t:|1664469050
|switch|p2a: Garchomp|Garchomp, F|55/100
|-damage|p2a: Garchomp|49/100|[from] Stealth Rock
|turn|23
|
|t:|1664469071
|switch|p1a: Tornadus|Tornadus-Therian, M|60/100
|-damage|p1a: Tornadus|35/100|[from] Stealth Rock
|move|p2a: Garchomp|Earthquake|p1a: Tornadus
|-immune|p1a: Tornadus
|
|-weather|none
|-heal|p2a: Garchomp|55/100|[from] item: Leftovers
|upkeep
|turn|24
|inactive|soap776 has 60 seconds left.
|inactive|soap776 has 30 seconds left.
|
|t:|1664469118
|switch|p2a: Pelipper|Pelipper, M|42/100
|-damage|p2a: Pelipper|18/100|[from] Stealth Rock
|-weather|RainDance|[from] ability: Drizzle|[of] p2a: Pelipper
|move|p1a: Tornadus|Icy Wind|p2a: Pelipper
|-damage|p2a: Pelipper|0 fnt
|faint|p2a: Pelipper
|
|-weather|RainDance|[upkeep]
|-fieldend|move: Psychic Terrain
|upkeep
|inactive|soap776 has 30 seconds left.
|
|t:|1664469123
|switch|p2a: Barraskewda|Barraskewda, M|100/100
|-damage|p2a: Barraskewda|88/100|[from] Stealth Rock
|turn|25
|
|t:|1664469132
|switch|p1a: Ferrothorn|Ferrothorn, F|13/100
|-damage|p1a: Ferrothorn|6/100|[from] Stealth Rock
|move|p2a: Barraskewda|Liquidation|p1a: Ferrothorn
|-resisted|p1a: Ferrothorn
|-damage|p1a: Ferrothorn|0 fnt
|-damage|p2a: Barraskewda|76/100|[from] ability: Iron Barbs|[of] p1a: Ferrothorn
|-damage|p2a: Barraskewda|60/100|[from] item: Rocky Helmet|[of] p1a: Ferrothorn
|faint|p1a: Ferrothorn
|
|-weather|RainDance|[upkeep]
|upkeep
|
|t:|1664469149
|switch|p1a: Urshifu|Urshifu-Rapid-Strike, F|100/100
|-damage|p1a: Urshifu|94/100|[from] Stealth Rock
|turn|26
|
|t:|1664469160
|move|p2a: Barraskewda|Liquidation|p1a: Urshifu
|-resisted|p1a: Urshifu
|-damage|p1a: Urshifu|40/100
|move|p1a: Urshifu|Surging Strikes|p2a: Barraskewda
|-resisted|p2a: Barraskewda
|-crit|p2a: Barraskewda
|-damage|p2a: Barraskewda|26/100
|-resisted|p2a: Barraskewda
|-crit|p2a: Barraskewda
|-damage|p2a: Barraskewda|0 fnt
|faint|p2a: Barraskewda
|-hitcount|p2: Barraskewda|2
|
|-weather|RainDance|[upkeep]
|upkeep
|
|t:|1664469165
|switch|p2a: Garchomp|Garchomp, F|55/100
|-damage|p2a: Garchomp|49/100|[from] Stealth Rock
|turn|27
|
|t:|1664469175
|switch|p1a: Tapu Lele|Tapu Lele|57/100
|-damage|p1a: Tapu Lele|45/100|[from] Stealth Rock
|-fieldstart|move: Psychic Terrain|[from] ability: Psychic Surge|[of] p1a: Tapu Lele
|move|p2a: Garchomp|Scale Shot|p1a: Tapu Lele
|-immune|p1a: Tapu Lele
|
|-weather|RainDance|[upkeep]
|-heal|p2a: Garchomp|55/100|[from] item: Leftovers
|upkeep
|turn|28
|
|t:|1664469187
|move|p2a: Garchomp|Aqua Tail|p1a: Tapu Lele
|-damage|p1a: Tapu Lele|0 fnt
|faint|p1a: Tapu Lele
|
|-weather|RainDance|[upkeep]
|-heal|p2a: Garchomp|61/100|[from] item: Leftovers
|upkeep
|
|t:|1664469195
|switch|p1a: Dragapult|Dragapult, F|37/100
|-damage|p1a: Dragapult|24/100|[from] Stealth Rock
|turn|29
|
|t:|1664469204
|switch|p2a: Melmetal|Melmetal|45/100
|-damage|p2a: Melmetal|39/100|[from] Stealth Rock
|move|p1a: Dragapult|Draco Meteor|p2a: Melmetal
|-resisted|p2a: Melmetal
|-damage|p2a: Melmetal|25/100
|-unboost|p1a: Dragapult|spa|2
|
|-weather|RainDance|[upkeep]
|upkeep
|turn|30
|
|t:|1664469217
|move|p1a: Dragapult|Shadow Ball|p2a: Melmetal
|-damage|p2a: Melmetal|16/100
|move|p2a: Melmetal|Thunder Punch|p1a: Dragapult
|-resisted|p1a: Dragapult
|-damage|p1a: Dragapult|2/100
|
|-weather|RainDance|[upkeep]
|upkeep
|turn|31
|
|t:|1664469225
|move|p1a: Dragapult|Shadow Ball|p2a: Melmetal
|-damage|p2a: Melmetal|8/100
|move|p2a: Melmetal|Thunder Punch|p1a: Dragapult
|-resisted|p1a: Dragapult
|-damage|p1a: Dragapult|0 fnt
|faint|p1a: Dragapult
|
|-weather|none
|-fieldend|move: Psychic Terrain
|upkeep
|
|t:|1664469235
|switch|p1a: Tornadus|Tornadus-Therian, M|68/100
|-damage|p1a: Tornadus|43/100|[from] Stealth Rock
|turn|32
|
|t:|1664469240
|move|p1a: Tornadus|Knock Off|p2a: Melmetal
|-damage|p2a: Melmetal|0 fnt
|-enditem|p2a: Melmetal|Assault Vest|[from] move: Knock Off|[of] p1a: Tornadus
|faint|p2a: Melmetal
|
|upkeep
|
|t:|1664469242
|switch|p2a: Garchomp|Garchomp, F|61/100
|-damage|p2a: Garchomp|55/100|[from] Stealth Rock
|turn|33
|
|t:|1664469249
|move|p1a: Tornadus|Icy Wind|p2a: Garchomp
|-supereffective|p2a: Garchomp
|-crit|p2a: Garchomp
|-damage|p2a: Garchomp|0 fnt
|faint|p2a: Garchomp
|
|win|GorLeon
|raw|GorLeon's rating: 1543 &rarr; <strong>1559</strong><br />(+16 for winning)
|raw|soap776's rating: 1473 &rarr; <strong>1457</strong><br />(-16 for losing)
|c|☆GorLeon|gg
|c|☆soap776|gg
|l|☆soap776
||Ladder isn't responding, score probably updated but might not have (Request timeout).
