|j|☆LT81YL slainey
|j|☆SkipTheDripBayless
|t:|1625979446
|gametype|singles
|player|p1|LT81YL slainey|iris-gen5bw2|
|player|p2|SkipTheDripBayless|wally-gen3|
|teamsize|p1|6
|teamsize|p2|6
|gen|8
|tier|[Gen 8] OU
|rule|Sleep Clause Mod: Limit one foe put to sleep
|rule|Species Clause: Limit one of each Pokémon
|rule|OHKO Clause: OHKO moves are banned
|rule|Evasion Moves Clause: Evasion moves are banned
|rule|Endless Battle Clause: Forcing endless battles is banned
|rule|HP Percentage Mod: HP is shown in percentages
|rule|Dynamax Clause: You cannot dynamax
|clearpoke
|poke|p1|Garchomp, F|
|poke|p1|Togekiss, M|
|poke|p1|Dragapult, M|
|poke|p1|Cloyster, M|
|poke|p1|Mew|
|poke|p1|Volcarona, F|
|poke|p2|Poliwrath, M|
|poke|p2|Tornadus-Therian, M|
|poke|p2|Skarmory, M|
|poke|p2|Hippowdon, F|
|poke|p2|Hydreigon, F|
|poke|p2|Slowking-Galar, F|
|teampreview
|c|☆SkipTheDripBayless|Why
|c|☆SkipTheDripBayless|did u bring the demon
|c|☆LT81YL slainey|"Kings Rock is obviously an item which fishes for odds. However, I think that this is not necessarily a negative aspect at all. Pokémon is all about managing these odds well and minimizing the odds against you, while maximizing those in your favor."
|c|☆SkipTheDripBayless|Ye I forgot that
|
|t:|1625979487
|start
|switch|p1a: Genesis|Mew|100/100
|switch|p2a: Tornadus|Tornadus-Therian, M|100/100
|turn|1
|
|t:|1625979492
|move|p2a: Tornadus|Hurricane|p1a: Genesis|[miss]
|-miss|p2a: Tornadus|p1a: Genesis
|move|p1a: Genesis|Thunder Wave|p2a: Tornadus
|-status|p2a: Tornadus|par
|
|upkeep
|turn|2
|
|t:|1625979498
|move|p1a: Genesis|Stealth Rock|p2a: Tornadus
|-sidestart|p2: SkipTheDripBayless|move: Stealth Rock
|move|p2a: Tornadus|Hurricane|p1a: Genesis
|-damage|p1a: Genesis|62/100
|-start|p1a: Genesis|confusion
|
|upkeep
|turn|3
|
|t:|1625979501
|-activate|p1a: Genesis|confusion
|-damage|p1a: Genesis|54/100|[from] confusion
|move|p2a: Tornadus|Knock Off|p1a: Genesis
|-supereffective|p1a: Genesis
|-damage|p1a: Genesis|12/100
|-enditem|p1a: Genesis|Focus Sash|[from] move: Knock Off|[of] p2a: Tornadus
|
|upkeep
|turn|4
|
|t:|1625979504
|-end|p1a: Genesis|confusion
|move|p1a: Genesis|Ice Beam|p2a: Tornadus
|-supereffective|p2a: Tornadus
|-damage|p2a: Tornadus|46/100 par
|move|p2a: Tornadus|U-turn|p1a: Genesis
|-supereffective|p1a: Genesis
|-damage|p1a: Genesis|0 fnt
|faint|p1a: Genesis
|
|t:|1625979509
|switch|p2a: Hippowdon|Hippowdon, F|100/100|[from]move: U-turn
|-damage|p2a: Hippowdon|94/100|[from] Stealth Rock
|-weather|Sandstorm|[from] ability: Sand Stream|[of] p2a: Hippowdon
|
|-weather|Sandstorm|[upkeep]
|-heal|p2a: Hippowdon|100/100|[from] item: Leftovers
|upkeep
|
|t:|1625979525
|switch|p1a: Perfect Defense|Cloyster, M|100/100
|turn|5
|
|t:|1625979530
|switch|p2a: Poliwrath|Poliwrath, M, shiny|100/100
|-damage|p2a: Poliwrath|94/100|[from] Stealth Rock
|move|p1a: Perfect Defense|Shell Smash|p1a: Perfect Defense
|-unboost|p1a: Perfect Defense|def|1
|-unboost|p1a: Perfect Defense|spd|1
|-boost|p1a: Perfect Defense|atk|2
|-boost|p1a: Perfect Defense|spa|2
|-boost|p1a: Perfect Defense|spe|2
|
|-weather|Sandstorm|[upkeep]
|-damage|p1a: Perfect Defense|94/100|[from] Sandstorm
|-damage|p2a: Poliwrath|88/100|[from] Sandstorm
|-heal|p2a: Poliwrath|94/100|[from] item: Leftovers
|upkeep
|turn|6
|
|t:|1625979555
|switch|p1a: ashes|Volcarona, F|100/100
|move|p2a: Poliwrath|Drain Punch|p1a: ashes
|-resisted|p1a: ashes
|-damage|p1a: ashes|90/100
|-heal|p2a: Poliwrath|99/100|[from] drain|[of] p1a: ashes
|-status|p2a: Poliwrath|brn|[from] ability: Flame Body|[of] p1a: ashes
|
|-weather|Sandstorm|[upkeep]
|-damage|p1a: ashes|84/100|[from] Sandstorm
|-damage|p2a: Poliwrath|94/100 brn|[from] Sandstorm
|-heal|p2a: Poliwrath|99/100 brn|[from] item: Leftovers
|-damage|p2a: Poliwrath|94/100 brn|[from] brn
|upkeep
|turn|7
|
|t:|1625979571
|move|p1a: ashes|Quiver Dance|p1a: ashes
|-boost|p1a: ashes|spa|1
|-boost|p1a: ashes|spd|1
|-boost|p1a: ashes|spe|1
|move|p2a: Poliwrath|Rest|p2a: Poliwrath
|-status|p2a: Poliwrath|slp|[from] move: Rest
|-heal|p2a: Poliwrath|100/100 slp|[silent]
|
|-weather|Sandstorm|[upkeep]
|-damage|p1a: ashes|78/100|[from] Sandstorm
|-damage|p2a: Poliwrath|94/100 slp|[from] Sandstorm
|-heal|p2a: Poliwrath|100/100 slp|[from] item: Leftovers
|upkeep
|turn|8
|
|t:|1625979579
|switch|p2a: Hippowdon|Hippowdon, F|100/100
|-damage|p2a: Hippowdon|94/100|[from] Stealth Rock
|move|p1a: ashes|Quiver Dance|p1a: ashes
|-boost|p1a: ashes|spa|1
|-boost|p1a: ashes|spd|1
|-boost|p1a: ashes|spe|1
|
|-weather|none
|-heal|p2a: Hippowdon|100/100|[from] item: Leftovers
|upkeep
|turn|9
|
|t:|1625979581
|move|p1a: ashes|Giga Drain|p2a: Hippowdon
|-supereffective|p2a: Hippowdon
|-damage|p2a: Hippowdon|39/100
|-heal|p1a: ashes|100/100|[from] drain|[of] p2a: Hippowdon
|move|p2a: Hippowdon|Toxic|p1a: ashes
|-status|p1a: ashes|tox
|
|-heal|p2a: Hippowdon|45/100|[from] item: Leftovers
|-damage|p1a: ashes|94/100 tox|[from] psn
|upkeep
|turn|10
|c|☆LT81YL slainey|i shoulda giga on switch
|c|☆SkipTheDripBayless|Ye
|
|t:|1625979596
|switch|p2a: Slowking|Slowking-Galar, F|100/100
|-damage|p2a: Slowking|88/100|[from] Stealth Rock
|move|p1a: ashes|Flamethrower|p2a: Slowking
|-damage|p2a: Slowking|54/100
|-status|p2a: Slowking|brn
|
|-damage|p1a: ashes|82/100 tox|[from] psn
|-damage|p2a: Slowking|48/100 brn|[from] brn
|upkeep
|turn|11
|
|t:|1625979613
|switch|p2a: Tornadus|Tornadus-Therian, M|80/100 par
|move|p1a: ashes|Quiver Dance|p1a: ashes
|-boost|p1a: ashes|spa|1
|-boost|p1a: ashes|spd|1
|-boost|p1a: ashes|spe|1
|
|-damage|p1a: ashes|64/100 tox|[from] psn
|upkeep
|turn|12
|
|t:|1625979622
|switch|p2a: Hydreigon|Hydreigon, F, shiny|100/100
|-damage|p2a: Hydreigon|88/100|[from] Stealth Rock
|move|p1a: ashes|Flamethrower|p2a: Hydreigon
|-resisted|p2a: Hydreigon
|-damage|p2a: Hydreigon|30/100
|
|-damage|p1a: ashes|39/100 tox|[from] psn
|upkeep
|turn|13
|
|t:|1625979635
|move|p1a: ashes|Flamethrower|p2a: Hydreigon
|-resisted|p2a: Hydreigon
|-damage|p2a: Hydreigon|0 fnt
|faint|p2a: Hydreigon
|
|-damage|p1a: ashes|8/100 tox|[from] psn
|upkeep
|
|t:|1625979637
|switch|p2a: Slowking|Slowking-Galar, F|81/100 brn
|-damage|p2a: Slowking|69/100 brn|[from] Stealth Rock
|turn|14
|
|t:|1625979643
|move|p1a: ashes|Flamethrower|p2a: Slowking
|-damage|p2a: Slowking|22/100 brn
|move|p2a: Slowking|Future Sight|p1a: ashes
|-start|p2a: Slowking|move: Future Sight
|
|-damage|p1a: ashes|0 fnt|[from] psn
|faint|p1a: ashes
|-damage|p2a: Slowking|16/100 brn|[from] brn
|upkeep
|
|t:|1625979656
|switch|p1a: Diablos|Garchomp, F|100/100
|turn|15
|
|t:|1625979658
|move|p1a: Diablos|Swords Dance|p1a: Diablos
|-boost|p1a: Diablos|atk|2
|move|p2a: Slowking|Ice Beam|p1a: Diablos
|-supereffective|p1a: Diablos
|-damage|p1a: Diablos|0 fnt
|faint|p1a: Diablos
|
|-damage|p2a: Slowking|10/100 brn|[from] brn
|upkeep
|
|t:|1625979677
|switch|p1a: Vaal Hazak|Dragapult, M|100/100
|turn|16
|c|☆SkipTheDripBayless|Don’t go toge
|c|☆SkipTheDripBayless|pls
|
|t:|1625979693
|switch|p2a: Tornadus|Tornadus-Therian, M|100/100 par
|move|p1a: Vaal Hazak|Dragon Darts|p2a: Tornadus
|-damage|p2a: Tornadus|69/100 par
|-anim|p1a: Vaal Hazak|Dragon Darts|p2a: Tornadus
|-damage|p2a: Tornadus|41/100 par
|
|-end|p1a: Vaal Hazak|move: Future Sight
|-damage|p1a: Vaal Hazak|28/100
|-heal|p1a: Vaal Hazak|34/100|[from] item: Leftovers
|upkeep
|turn|17
|
|t:|1625979706
|switch|p2a: Hippowdon|Hippowdon, F|45/100
|-damage|p2a: Hippowdon|39/100|[from] Stealth Rock
|-weather|Sandstorm|[from] ability: Sand Stream|[of] p2a: Hippowdon
|move|p1a: Vaal Hazak|Substitute|p1a: Vaal Hazak
|-start|p1a: Vaal Hazak|Substitute
|-damage|p1a: Vaal Hazak|9/100
|
|-weather|Sandstorm|[upkeep]
|-damage|p1a: Vaal Hazak|3/100|[from] Sandstorm
|-heal|p1a: Vaal Hazak|9/100|[from] item: Leftovers
|-heal|p2a: Hippowdon|45/100|[from] item: Leftovers
|upkeep
|turn|18
|c|☆LT81YL slainey|i can do way worse
|
|t:|1625979713
|move|p1a: Vaal Hazak|Dragon Darts|p2a: Hippowdon
|-damage|p2a: Hippowdon|29/100
|-anim|p1a: Vaal Hazak|Dragon Darts|p2a: Hippowdon
|-damage|p2a: Hippowdon|12/100
|move|p2a: Hippowdon|Stealth Rock|p1a: Vaal Hazak
|-sidestart|p1: LT81YL slainey|move: Stealth Rock
|
|-weather|Sandstorm|[upkeep]
|-damage|p1a: Vaal Hazak|3/100|[from] Sandstorm
|-heal|p1a: Vaal Hazak|9/100|[from] item: Leftovers
|-heal|p2a: Hippowdon|18/100|[from] item: Leftovers
|upkeep
|turn|19
|
|t:|1625979719
|switch|p2a: Skarmory|Skarmory, M, shiny|100/100
|-damage|p2a: Skarmory|88/100|[from] Stealth Rock
|move|p1a: Vaal Hazak|Dragon Darts|p2a: Skarmory
|-resisted|p2a: Skarmory
|-damage|p2a: Skarmory|80/100
|-anim|p1a: Vaal Hazak|Dragon Darts|p2a: Skarmory
|-resisted|p2a: Skarmory
|-damage|p2a: Skarmory|74/100
|
|-weather|Sandstorm|[upkeep]
|-damage|p1a: Vaal Hazak|3/100|[from] Sandstorm
|-heal|p1a: Vaal Hazak|9/100|[from] item: Leftovers
|upkeep
|turn|20
|
|t:|1625979721
|move|p1a: Vaal Hazak|Thunder Wave|p2a: Skarmory
|-status|p2a: Skarmory|par
|move|p2a: Skarmory|Taunt|p1a: Vaal Hazak
|-start|p1a: Vaal Hazak|move: Taunt
|
|-weather|Sandstorm|[upkeep]
|-damage|p1a: Vaal Hazak|3/100|[from] Sandstorm
|-heal|p1a: Vaal Hazak|9/100|[from] item: Leftovers
|upkeep
|turn|21
|c|☆LT81YL slainey|u will regret
|c|☆LT81YL slainey|those rocks
|
|t:|1625979730
|move|p1a: Vaal Hazak|Hex|p2a: Skarmory
|-damage|p2a: Skarmory|3/100 par
|cant|p2a: Skarmory|par
|
|-weather|none
|-heal|p1a: Vaal Hazak|15/100|[from] item: Leftovers
|upkeep
|turn|22
|c|☆LT81YL slainey|sorry bro was just
|c|☆SkipTheDripBayless|I see now
|c|☆LT81YL slainey|**MAXIMIZING**
|c|☆LT81YL slainey|the odds.
|c|☆SkipTheDripBayless|corv over skatm
|c|☆SkipTheDripBayless|idk
|c|☆SkipTheDripBayless|i don’t like skarm
|
|t:|1625979771
|move|p1a: Vaal Hazak|Hex|p2a: Skarmory
|-damage|p2a: Skarmory|0 fnt
|faint|p2a: Skarmory
|
|-heal|p1a: Vaal Hazak|21/100|[from] item: Leftovers
|upkeep
|c|☆SkipTheDripBayless|poli covers it’s role
|c|☆SkipTheDripBayless|kinda
|c|☆SkipTheDripBayless|gg
|
|t:|1625979787
|switch|p2a: Slowking|Slowking-Galar, F|43/100 brn
|-damage|p2a: Slowking|31/100 brn|[from] Stealth Rock
|turn|23
|
|t:|1625979803
|switch|p2a: Hippowdon|Hippowdon, F|18/100
|-damage|p2a: Hippowdon|12/100|[from] Stealth Rock
|-weather|Sandstorm|[from] ability: Sand Stream|[of] p2a: Hippowdon
|move|p1a: Vaal Hazak|Hex|p2a: Hippowdon
|-damage|p2a: Hippowdon|0 fnt
|faint|p2a: Hippowdon
|
|-weather|Sandstorm|[upkeep]
|-damage|p1a: Vaal Hazak|15/100|[from] Sandstorm
|-heal|p1a: Vaal Hazak|21/100|[from] item: Leftovers
|-end|p1a: Vaal Hazak|move: Taunt
|upkeep
|
|t:|1625979815
|switch|p2a: Slowking|Slowking-Galar, F|64/100 brn
|-damage|p2a: Slowking|52/100 brn|[from] Stealth Rock
|turn|24
|
|t:|1625979821
|move|p1a: Vaal Hazak|Hex|p2a: Slowking
|-supereffective|p2a: Slowking
|-damage|p2a: Slowking|3/100 brn
|move|p2a: Slowking|Future Sight|p1a: Vaal Hazak
|-start|p2a: Slowking|move: Future Sight
|
|-weather|Sandstorm|[upkeep]
|-damage|p1a: Vaal Hazak|15/100|[from] Sandstorm
|-damage|p2a: Slowking|0 fnt|[from] Sandstorm
|faint|p2a: Slowking
|-heal|p1a: Vaal Hazak|21/100|[from] item: Leftovers
|upkeep
|
|t:|1625979825
|switch|p2a: Tornadus|Tornadus-Therian, M|74/100 par
|turn|25
|
|t:|1625979829
|move|p1a: Vaal Hazak|Hex|p2a: Tornadus
|-damage|p2a: Tornadus|20/100 par
|move|p2a: Tornadus|Knock Off|p1a: Vaal Hazak
|-supereffective|p1a: Vaal Hazak
|-end|p1a: Vaal Hazak|Substitute
|
|-weather|Sandstorm|[upkeep]
|-damage|p1a: Vaal Hazak|15/100|[from] Sandstorm
|-damage|p2a: Tornadus|13/100 par|[from] Sandstorm
|-heal|p1a: Vaal Hazak|21/100|[from] item: Leftovers
|upkeep
|turn|26
|
|t:|1625979836
|move|p1a: Vaal Hazak|Dragon Darts|p2a: Tornadus
|-damage|p2a: Tornadus|0 fnt
|faint|p2a: Tornadus
|
|-weather|Sandstorm|[upkeep]
|-damage|p1a: Vaal Hazak|15/100|[from] Sandstorm
|-end|p1a: Vaal Hazak|move: Future Sight
|-damage|p1a: Vaal Hazak|0 fnt
|faint|p1a: Vaal Hazak
|upkeep
|c|☆LT81YL slainey|i wanna flinnch.
|
|t:|1625979845
|switch|p2a: Poliwrath|Poliwrath, M, shiny|100/100 slp
|switch|p1a: Perfect Defense|Cloyster, M|94/100
|-damage|p1a: Perfect Defense|69/100|[from] Stealth Rock
|-damage|p2a: Poliwrath|94/100 slp|[from] Stealth Rock
|turn|27
|
|t:|1625979852
|move|p1a: Perfect Defense|Shell Smash|p1a: Perfect Defense
|-unboost|p1a: Perfect Defense|def|1
|-unboost|p1a: Perfect Defense|spd|1
|-boost|p1a: Perfect Defense|atk|2
|-boost|p1a: Perfect Defense|spa|2
|-boost|p1a: Perfect Defense|spe|2
|cant|p2a: Poliwrath|slp
|move|p2a: Poliwrath|Sleep Talk|p2a: Poliwrath
|move|p2a: Poliwrath|Rest||[from]move: Sleep Talk|[still]
|-fail|p2a: Poliwrath
|
|-weather|none
|-heal|p2a: Poliwrath|100/100 slp|[from] item: Leftovers
|upkeep
|turn|28
|
|t:|1625979861
|move|p1a: Perfect Defense|Icicle Spear|p2a: Poliwrath
|-resisted|p2a: Poliwrath
|-damage|p2a: Poliwrath|93/100 slp
|-resisted|p2a: Poliwrath
|-damage|p2a: Poliwrath|85/100 slp
|-resisted|p2a: Poliwrath
|-damage|p2a: Poliwrath|77/100 slp
|-resisted|p2a: Poliwrath
|-damage|p2a: Poliwrath|68/100 slp
|-resisted|p2a: Poliwrath
|-damage|p2a: Poliwrath|61/100 slp
|-hitcount|p2a: Poliwrath|5
|cant|p2a: Poliwrath|slp
|cant|p2a: Poliwrath|flinch
|
|-heal|p2a: Poliwrath|67/100 slp|[from] item: Leftovers
|upkeep
|turn|29
|c|☆LT81YL slainey|shoulda maximized the odds better
|c|☆LT81YL slainey|tsk tsk tsk
|
|t:|1625979884
|move|p1a: Perfect Defense|Icicle Spear|p2a: Poliwrath
|-resisted|p2a: Poliwrath
|-damage|p2a: Poliwrath|60/100 slp
|-resisted|p2a: Poliwrath
|-damage|p2a: Poliwrath|52/100 slp
|-resisted|p2a: Poliwrath
|-damage|p2a: Poliwrath|45/100 slp
|-resisted|p2a: Poliwrath
|-damage|p2a: Poliwrath|38/100 slp
|-resisted|p2a: Poliwrath
|-damage|p2a: Poliwrath|30/100 slp
|-hitcount|p2a: Poliwrath|5
|-curestatus|p2a: Poliwrath|slp|[msg]
|move|p2a: Poliwrath|Drain Punch|p1a: Perfect Defense
|-supereffective|p1a: Perfect Defense
|-damage|p1a: Perfect Defense|4/100
|-heal|p2a: Poliwrath|51/100|[from] drain|[of] p1a: Perfect Defense
|
|-heal|p2a: Poliwrath|57/100|[from] item: Leftovers
|upkeep
|turn|30
|c|☆SkipTheDripBayless|I’m trying 😎
|
|t:|1625979896
|move|p1a: Perfect Defense|Icicle Spear|p2a: Poliwrath
|-resisted|p2a: Poliwrath
|-damage|p2a: Poliwrath|49/100
|-resisted|p2a: Poliwrath
|-damage|p2a: Poliwrath|41/100
|-resisted|p2a: Poliwrath
|-damage|p2a: Poliwrath|34/100
|-resisted|p2a: Poliwrath
|-damage|p2a: Poliwrath|27/100
|-resisted|p2a: Poliwrath
|-damage|p2a: Poliwrath|19/100
|-hitcount|p2a: Poliwrath|5
|move|p2a: Poliwrath|Scald|p1a: Perfect Defense
|-resisted|p1a: Perfect Defense
|-crit|p1a: Perfect Defense
|-damage|p1a: Perfect Defense|0 fnt
|faint|p1a: Perfect Defense
|
|-heal|p2a: Poliwrath|25/100|[from] item: Leftovers
|upkeep
|
|t:|1625979912
|switch|p1a: Amatsu|Togekiss, M|100/100
|-damage|p1a: Amatsu|76/100|[from] Stealth Rock
|turn|31
|
|t:|1625979921
|move|p1a: Amatsu|Substitute|p1a: Amatsu
|-start|p1a: Amatsu|Substitute
|-damage|p1a: Amatsu|51/100
|move|p2a: Poliwrath|Scald|p1a: Amatsu
|-activate|p1a: Amatsu|move: Substitute|[damage]
|
|-heal|p2a: Poliwrath|31/100|[from] item: Leftovers
|upkeep
|turn|32
|c|☆LT81YL slainey|owned.
|c|☆LT81YL slainey|gg
|
|t:|1625979928
|move|p1a: Amatsu|Air Slash|p2a: Poliwrath
|-supereffective|p2a: Poliwrath
|-damage|p2a: Poliwrath|0 fnt
|faint|p2a: Poliwrath
|
|win|LT81YL slainey
|l|☆SkipTheDripBayless
|l|☆LT81YL slainey
|j|☆LT81YL slainey
|player|p1|LT81YL slainey|iris-gen5bw2
