|j|☆1200 hell
|j|☆Fastpitchkiller
|t:|1658385178
|gametype|singles
|player|p1|1200 hell|102|1631
|player|p2|Fastpitchkiller|2|1730
|teamsize|p1|6
|teamsize|p2|6
|gen|8
|tier|[Gen 8] OU
|rated|
|rule|Sleep Clause Mod: Limit one foe put to sleep
|rule|Species Clause: Limit one of each Pokémon
|rule|OHKO Clause: OHKO moves are banned
|rule|Evasion Moves Clause: Evasion moves are banned
|rule|Endless Battle Clause: Forcing endless battles is banned
|rule|HP Percentage Mod: HP is shown in percentages
|rule|Dynamax Clause: You cannot dynamax
|clearpoke
|poke|p1|Tapu Koko|
|poke|p1|Victini|
|poke|p1|Ferrothorn, M|
|poke|p1|Landorus-Therian, M|
|poke|p1|Slowbro, M|
|poke|p1|Bisharp, M|
|poke|p2|Slowbro, F|
|poke|p2|Dracozolt|
|poke|p2|Hippowdon, F|
|poke|p2|Scizor, M|
|poke|p2|Zapdos-Galar|
|poke|p2|Regieleki|
|teampreview
|inactive|Battle timer is ON: inactive players will automatically lose when time's up. (requested by 1200 hell)
|inactive|Fastpitchkiller has 120 seconds left.
|inactive|Fastpitchkiller has 90 seconds left.
|j| sikiya
|
|t:|1658385259
|start
|switch|p1a: Ferrothorn|Ferrothorn, M|100/100
|switch|p2a: Hippowdon|Hippowdon, F|100/100
|-weather|Sandstorm|[from] ability: Sand Stream|[of] p2a: Hippowdon
|turn|1
|inactive|1200 hell has 120 seconds left.
|
|t:|1658385318
|switch|p2a: Slowgatell|Slowbro, F|100/100
|move|p1a: Ferrothorn|Spikes|p2a: Slowgatell
|-sidestart|p2: Fastpitchkiller|Spikes
|
|-weather|Sandstorm|[upkeep]
|-damage|p2a: Slowgatell|94/100|[from] Sandstorm
|upkeep
|turn|2
|inactive|1200 hell has 90 seconds left.
|j| LLLLita
|
|t:|1658385349
|switch|p1a: Slowbro|Slowbro, M|100/100
|move|p2a: Slowgatell|Future Sight|p1a: Slowbro
|-start|p2a: Slowgatell|move: Future Sight
|
|-weather|Sandstorm|[upkeep]
|-damage|p1a: Slowbro|94/100|[from] Sandstorm
|-damage|p2a: Slowgatell|88/100|[from] Sandstorm
|upkeep
|turn|3
|
|t:|1658385357
|move|p1a: Slowbro|Teleport|p1a: Slowbro
|
|t:|1658385364
|switch|p1a: Bisharp|Bisharp, M|100/100|[from]move: Teleport
|move|p2a: Slowgatell|Teleport|p2a: Slowgatell
|
|t:|1658385372
|switch|p2a: Zapdos|Zapdos-Galar|100/100|[from]move: Teleport
|
|-weather|Sandstorm|[upkeep]
|-damage|p2a: Zapdos|94/100|[from] Sandstorm
|upkeep
|turn|4
|inactive|1200 hell has 90 seconds left.
|
|t:|1658385379
|switch|p1a: Slowbro|Slowbro, M|100/100
|move|p2a: Zapdos|Close Combat|p1a: Slowbro
|-resisted|p1a: Slowbro
|-damage|p1a: Slowbro|67/100
|-unboost|p2a: Zapdos|def|1
|-unboost|p2a: Zapdos|spd|1
|
|-weather|Sandstorm|[upkeep]
|-damage|p2a: Zapdos|88/100|[from] Sandstorm
|-damage|p1a: Slowbro|61/100|[from] Sandstorm
|-end|p1a: Slowbro|move: Future Sight
|-resisted|p1a: Slowbro
|-damage|p1a: Slowbro|45/100
|upkeep
|turn|5
|inactive|1200 hell has 90 seconds left.
|
|t:|1658385392
|switch|p2a: Slowgatell|Slowbro, F|100/100
|-damage|p2a: Slowgatell|88/100|[from] Spikes
|switch|p1a: Ferrothorn|Ferrothorn, M|100/100
|
|-weather|none
|upkeep
|turn|6
|
|t:|1658385401
|move|p2a: Slowgatell|Future Sight|p1a: Ferrothorn
|-start|p2a: Slowgatell|move: Future Sight
|move|p1a: Ferrothorn|Spikes|p2a: Slowgatell
|-sidestart|p2: Fastpitchkiller|Spikes
|
|upkeep
|turn|7
|
|t:|1658385410
|move|p1a: Ferrothorn|Spikes|p2a: Slowgatell
|-sidestart|p2: Fastpitchkiller|Spikes
|move|p2a: Slowgatell|Teleport|p2a: Slowgatell
|
|t:|1658385413
|switch|p2a: Zapdos|Zapdos-Galar|88/100|[from]move: Teleport
|
|upkeep
|turn|8
|
|t:|1658385418
|move|p2a: Zapdos|Close Combat|p1a: Ferrothorn
|-supereffective|p1a: Ferrothorn
|-damage|p1a: Ferrothorn|0 fnt
|-unboost|p2a: Zapdos|def|1
|-unboost|p2a: Zapdos|spd|1
|-damage|p2a: Zapdos|76/100|[from] ability: Iron Barbs|[of] p1a: Ferrothorn
|-damage|p2a: Zapdos|59/100|[from] item: Rocky Helmet|[of] p1a: Ferrothorn
|faint|p1a: Ferrothorn
|
|-hint|Future Sight did not hit because the target is fainted.
|upkeep
|
|t:|1658385428
|switch|p1a: Tapu Koko|Tapu Koko|100/100
|-fieldstart|move: Electric Terrain|[from] ability: Electric Surge|[of] p1a: Tapu Koko
|turn|9
|
|t:|1658385433
|switch|p2a: Hippowdon|Hippowdon, F|100/100
|-damage|p2a: Hippowdon|75/100|[from] Spikes
|-weather|Sandstorm|[from] ability: Sand Stream|[of] p2a: Hippowdon
|move|p1a: Tapu Koko|U-turn|p2a: Hippowdon
|-damage|p2a: Hippowdon|65/100
|
|t:|1658385437
|switch|p1a: Landorus|Landorus-Therian, M|100/100|[from]move: U-turn
|-ability|p1a: Landorus|Intimidate|boost
|-unboost|p2a: Hippowdon|atk|1
|
|-weather|Sandstorm|[upkeep]
|-heal|p2a: Hippowdon|71/100|[from] item: Leftovers
|upkeep
|turn|10
|
|t:|1658385447
|move|p1a: Landorus|Stealth Rock|p2a: Hippowdon
|-sidestart|p2: Fastpitchkiller|move: Stealth Rock
|move|p2a: Hippowdon|Toxic|p1a: Landorus
|-status|p1a: Landorus|tox
|
|-weather|Sandstorm|[upkeep]
|-heal|p2a: Hippowdon|77/100|[from] item: Leftovers
|-damage|p1a: Landorus|94/100 tox|[from] psn
|upkeep
|turn|11
|
|t:|1658385456
|move|p1a: Landorus|Toxic|p2a: Hippowdon
|-status|p2a: Hippowdon|tox
|move|p2a: Hippowdon|Stealth Rock|p1a: Landorus
|-sidestart|p1: 1200 hell|move: Stealth Rock
|
|-weather|Sandstorm|[upkeep]
|-heal|p1a: Landorus|100/100 tox|[from] item: Leftovers
|-heal|p2a: Hippowdon|83/100 tox|[from] item: Leftovers
|-damage|p1a: Landorus|88/100 tox|[from] psn
|-damage|p2a: Hippowdon|77/100 tox|[from] psn
|upkeep
|turn|12
|l| sikiya
|
|t:|1658385467
|switch|p1a: Slowbro|Slowbro, M|79/100
|switch|p2a: Zapdos|Zapdos-Galar|59/100
|-damage|p2a: Zapdos|47/100|[from] Stealth Rock
|
|-weather|Sandstorm|[upkeep]
|-damage|p2a: Zapdos|40/100|[from] Sandstorm
|-damage|p1a: Slowbro|73/100|[from] Sandstorm
|upkeep
|turn|13
|
|t:|1658385477
|move|p2a: Zapdos|U-turn|p1a: Slowbro
|-supereffective|p1a: Slowbro
|-damage|p1a: Slowbro|14/100
|
|t:|1658385483
|switch|p2a: Regieleki|Regieleki|100/100|[from]move: U-turn
|-damage|p2a: Regieleki|76/100|[from] Spikes
|-damage|p2a: Regieleki|63/100|[from] Stealth Rock
|move|p1a: Slowbro|Teleport|p1a: Slowbro
|
|t:|1658385489
|switch|p1a: Landorus|Landorus-Therian, M|88/100 tox|[from]move: Teleport
|-damage|p1a: Landorus|76/100 tox|[from] Stealth Rock
|-ability|p1a: Landorus|Intimidate|boost
|-unboost|p2a: Regieleki|atk|1
|
|-weather|none
|-heal|p1a: Landorus|82/100 tox|[from] item: Leftovers
|-damage|p1a: Landorus|76/100 tox|[from] psn
|-fieldend|move: Electric Terrain
|upkeep
|turn|14
|
|t:|1658385499
|move|p2a: Regieleki|Rapid Spin|p1a: Landorus
|-damage|p1a: Landorus|69/100 tox
|-boost|p2a: Regieleki|spe|1
|-sideend|p2: Fastpitchkiller|Spikes|[from] move: Rapid Spin|[of] p2a: Regieleki
|-sideend|p2: Fastpitchkiller|Stealth Rock|[from] move: Rapid Spin|[of] p2a: Regieleki
|move|p1a: Landorus|U-turn|p2a: Regieleki
|-damage|p2a: Regieleki|22/100
|
|t:|1658385508
|switch|p1a: Bisharp|Bisharp, M|100/100|[from]move: U-turn
|-damage|p1a: Bisharp|95/100|[from] Stealth Rock
|
|upkeep
|turn|15
|
|t:|1658385515
|switch|p2a: Zapdos|Zapdos-Galar|40/100
|move|p1a: Bisharp|Swords Dance|p1a: Bisharp
|-boost|p1a: Bisharp|atk|2
|
|upkeep
|turn|16
|
|t:|1658385522
|move|p1a: Bisharp|Sucker Punch|p2a: Zapdos
|-resisted|p2a: Zapdos
|-damage|p2a: Zapdos|0 fnt
|faint|p2a: Zapdos
|
|upkeep
|
|t:|1658385530
|switch|p2a: Hippowdon|Hippowdon, F|77/100 tox
|-weather|Sandstorm|[from] ability: Sand Stream|[of] p2a: Hippowdon
|turn|17
|
|t:|1658385552
|move|p1a: Bisharp|Knock Off|p2a: Hippowdon
|-damage|p2a: Hippowdon|0 fnt
|-enditem|p2a: Hippowdon|Leftovers|[from] move: Knock Off|[of] p1a: Bisharp
|faint|p2a: Hippowdon
|
|-weather|Sandstorm|[upkeep]
|upkeep
|
|t:|1658385559
|switch|p2a: Dracozolt|Dracozolt|100/100
|turn|18
|
|t:|1658385563
|move|p2a: Dracozolt|Substitute|p2a: Dracozolt
|-start|p2a: Dracozolt|Substitute
|-damage|p2a: Dracozolt|76/100
|move|p1a: Bisharp|Knock Off|p2a: Dracozolt
|-end|p2a: Dracozolt|Substitute
|
|-weather|Sandstorm|[upkeep]
|-heal|p2a: Dracozolt|82/100|[from] item: Leftovers
|upkeep
|turn|19
|
|t:|1658385571
|move|p1a: Bisharp|Sucker Punch||[still]
|-fail|p1a: Bisharp
|move|p2a: Dracozolt|Substitute|p2a: Dracozolt
|-start|p2a: Dracozolt|Substitute
|-damage|p2a: Dracozolt|57/100
|
|-weather|Sandstorm|[upkeep]
|-heal|p2a: Dracozolt|63/100|[from] item: Leftovers
|upkeep
|turn|20
|
|t:|1658385580
|move|p1a: Bisharp|Sucker Punch|p2a: Dracozolt
|-end|p2a: Dracozolt|Substitute
|move|p2a: Dracozolt|Fire Spin|p1a: Bisharp
|-supereffective|p1a: Bisharp
|-damage|p1a: Bisharp|70/100
|-activate|p1a: Bisharp|move: Fire Spin|[of] p2a: Dracozolt
|
|-weather|Sandstorm|[upkeep]
|-heal|p2a: Dracozolt|69/100|[from] item: Leftovers
|-damage|p1a: Bisharp|57/100|[from] move: Fire Spin|[partiallytrapped]
|upkeep
|turn|21
|
|t:|1658385590
|move|p2a: Dracozolt|Bolt Beak|p1a: Bisharp
|-damage|p1a: Bisharp|0 fnt
|faint|p1a: Bisharp
|
|-weather|none
|-heal|p2a: Dracozolt|76/100|[from] item: Leftovers
|upkeep
|
|t:|1658385601
|switch|p1a: Tapu Koko|Tapu Koko|100/100
|-fieldstart|move: Electric Terrain|[from] ability: Electric Surge|[of] p1a: Tapu Koko
|turn|22
|
|t:|1658385607
|move|p1a: Tapu Koko|Dazzling Gleam|p2a: Dracozolt
|-supereffective|p2a: Dracozolt
|-damage|p2a: Dracozolt|0 fnt
|faint|p2a: Dracozolt
|
|upkeep
|
|t:|1658385615
|switch|p2a: Scizor|Scizor, M|100/100
|turn|23
|
|t:|1658385619
|move|p1a: Tapu Koko|U-turn|p2a: Scizor
|-resisted|p2a: Scizor
|-damage|p2a: Scizor|94/100
|
|t:|1658385621
|switch|p1a: Victini|Victini|100/100|[from]move: U-turn
|move|p2a: Scizor|Swords Dance|p2a: Scizor
|-boost|p2a: Scizor|atk|2
|
|-heal|p2a: Scizor|100/100|[from] item: Leftovers
|upkeep
|turn|24
|
|t:|1658385630
|switch|p2a: Slowgatell|Slowbro, F|100/100
|move|p1a: Victini|V-create|p2a: Slowgatell
|-resisted|p2a: Slowgatell
|-damage|p2a: Slowgatell|75/100
|-unboost|p1a: Victini|spe|1
|-unboost|p1a: Victini|def|1
|-unboost|p1a: Victini|spd|1
|-damage|p1a: Victini|84/100|[from] item: Rocky Helmet|[of] p2a: Slowgatell
|
|upkeep
|turn|25
|
|t:|1658385640
|move|p1a: Victini|Bolt Strike|p2a: Slowgatell
|-supereffective|p2a: Slowgatell
|-damage|p2a: Slowgatell|14/100
|-damage|p1a: Victini|68/100|[from] item: Rocky Helmet|[of] p2a: Slowgatell
|move|p2a: Slowgatell|Teleport|p2a: Slowgatell
|
|t:|1658385645
|switch|p2a: Regieleki|Regieleki|22/100|[from]move: Teleport
|
|upkeep
|turn|26
|
|t:|1658385651
|switch|p2a: Slowgatell|Slowbro, F|47/100
|switch|p1a: Slowbro|Slowbro, M|48/100
|
|-fieldend|move: Electric Terrain
|upkeep
|turn|27
|
|t:|1658385658
|move|p1a: Slowbro|Future Sight|p2a: Slowgatell
|-start|p1a: Slowbro|move: Future Sight
|move|p2a: Slowgatell|Teleport|p2a: Slowgatell
|
|t:|1658385662
|switch|p2a: Scizor|Scizor, M|100/100|[from]move: Teleport
|
|upkeep
|turn|28
|
|t:|1658385666
|move|p2a: Scizor|U-turn|p1a: Slowbro
|-supereffective|p1a: Slowbro
|-damage|p1a: Slowbro|0 fnt
|faint|p1a: Slowbro
|
|t:|1658385671
|switch|p2a: Slowgatell|Slowbro, F|80/100|[from]move: U-turn
|
|upkeep
|
|t:|1658385674
|switch|p1a: Tapu Koko|Tapu Koko|100/100
|-fieldstart|move: Electric Terrain|[from] ability: Electric Surge|[of] p1a: Tapu Koko
|turn|29
|
|t:|1658385679
|move|p1a: Tapu Koko|Thunderbolt|p2a: Slowgatell
|-supereffective|p2a: Slowgatell
|-damage|p2a: Slowgatell|0 fnt
|faint|p2a: Slowgatell
|
|-hint|Future Sight did not hit because the target is fainted.
|upkeep
|
|t:|1658385689
|switch|p2a: Scizor|Scizor, M|100/100
|turn|30
|
|t:|1658385694
|move|p1a: Tapu Koko|U-turn|p2a: Scizor
|-resisted|p2a: Scizor
|-damage|p2a: Scizor|94/100
|
|t:|1658385697
|switch|p1a: Landorus|Landorus-Therian, M|69/100 tox|[from]move: U-turn
|-damage|p1a: Landorus|57/100 tox|[from] Stealth Rock
|-ability|p1a: Landorus|Intimidate|boost
|-unboost|p2a: Scizor|atk|1
|move|p2a: Scizor|U-turn|p1a: Landorus
|-resisted|p1a: Landorus
|-damage|p1a: Landorus|48/100 tox
|
|t:|1658385706
|switch|p2a: Regieleki|Regieleki|22/100|[from]move: U-turn
|
|-heal|p1a: Landorus|54/100 tox|[from] item: Leftovers
|-damage|p1a: Landorus|48/100 tox|[from] psn
|upkeep
|turn|31
|
|t:|1658385713
|switch|p2a: Scizor|Scizor, M|94/100
|move|p1a: Landorus|U-turn|p2a: Scizor
|-resisted|p2a: Scizor
|-damage|p2a: Scizor|86/100
|
|t:|1658385716
|switch|p1a: Victini|Victini|68/100|[from]move: U-turn
|
|-heal|p2a: Scizor|92/100|[from] item: Leftovers
|upkeep
|turn|32
|
|t:|1658385724
|switch|p2a: Regieleki|Regieleki|22/100
|move|p1a: Victini|V-create|p2a: Regieleki
|-damage|p2a: Regieleki|0 fnt
|-unboost|p1a: Victini|spe|1
|-unboost|p1a: Victini|def|1
|-unboost|p1a: Victini|spd|1
|faint|p2a: Regieleki
|
|upkeep
|-message|Fastpitchkiller forfeited.
|
|win|1200 hell
|raw|1200 hell's rating: 1631 &rarr; <strong>1657</strong><br />(+26 for winning)
|raw|Fastpitchkiller's rating: 1730 &rarr; <strong>1704</strong><br />(-26 for losing)
|l|☆Fastpitchkiller
