|raw|<div class="broadcast-blue"><strong>This battle is required to be public due to a player having a name starting with 'lt92pf'.</div>
|j|☆Sww-Suwa
|j|☆Lt92pf addicted
|t:|1659902543
|gametype|singles
|player|p1|Sww-Suwa|lisia|1828
|player|p2|Lt92pf addicted|102|1854
|teamsize|p1|6
|teamsize|p2|6
|gen|8
|tier|[Gen 8] OU
|rated|
|rule|Sleep Clause Mod: Limit one foe put to sleep
|rule|Species Clause: Limit one of each Pokémon
|rule|OHKO Clause: OHKO moves are banned
|rule|Evasion Items Clause: Evasion items are banned
|rule|Evasion Moves Clause: Evasion moves are banned
|rule|Endless Battle Clause: Forcing endless battles is banned
|rule|HP Percentage Mod: HP is shown in percentages
|rule|Dynamax Clause: You cannot dynamax
|clearpoke
|poke|p1|Weavile, M|
|poke|p1|Landorus-Therian, M|
|poke|p1|Toxapex, M|
|poke|p1|Jirachi|
|poke|p1|Thundurus-Therian, M|
|poke|p1|Urshifu-*, M|
|poke|p2|Hippowdon, F|
|poke|p2|Tapu Lele|
|poke|p2|Zarude-Dada|
|poke|p2|Corviknight, M|
|poke|p2|Dragapult, M|
|poke|p2|Toxapex, F|
|teampreview
|c|☆Sww-Suwa|hf
|c|☆Lt92pf addicted|u2
|
|t:|1659902566
|start
|switch|p1a: Landorus|Landorus-Therian, M|100/100
|switch|p2a: Dragapult|Dragapult, M, shiny|100/100
|-ability|p1a: Landorus|Intimidate|boost
|-unboost|p2a: Dragapult|atk|1
|turn|1
|inactive|Battle timer is ON: inactive players will automatically lose when time's up. (requested by Sww-Suwa)
|
|t:|1659902571
|move|p2a: Dragapult|U-turn|p1a: Landorus
|-resisted|p1a: Landorus
|-damage|p1a: Landorus|94/100
|
|t:|1659902576
|switch|p2a: Corviknight|Corviknight, M|100/100|[from]move: U-turn
|-ability|p2a: Corviknight|Pressure
|move|p1a: Landorus|U-turn|p2a: Corviknight
|-resisted|p2a: Corviknight
|-damage|p2a: Corviknight|94/100
|-damage|p1a: Landorus|77/100|[from] item: Rocky Helmet|[of] p2a: Corviknight
|
|t:|1659902579
|switch|p1a: Thundurus|Thundurus-Therian, M|100/100|[from]move: U-turn
|
|upkeep
|turn|2
|
|t:|1659902589
|switch|p2a: Dragapult|Dragapult, M, shiny|100/100
|move|p1a: Thundurus|Nasty Plot|p1a: Thundurus
|-boost|p1a: Thundurus|spa|2
|
|upkeep
|turn|3
|
|t:|1659902594
|switch|p1a: Toxapex|Toxapex, M, shiny|100/100
|move|p2a: Dragapult|Draco Meteor|p1a: Toxapex
|-damage|p1a: Toxapex|33/100
|-unboost|p2a: Dragapult|spa|2
|-enditem|p1a: Toxapex|Eject Button
|
|t:|1659902597
|switch|p1a: Jirachi|Jirachi|100/100
|
|upkeep
|turn|4
|j| zReptar
|
|t:|1659902609
|switch|p2a: Toxapex|Toxapex, F, shiny|100/100
|move|p1a: Jirachi|U-turn|p2a: Toxapex
|-resisted|p2a: Toxapex
|-damage|p2a: Toxapex|96/100
|
|t:|1659902615
|switch|p1a: Thundurus|Thundurus-Therian, M|100/100|[from]move: U-turn
|
|upkeep
|turn|5
|
|t:|1659902618
|switch|p2a: Hippowdon|Hippowdon, F|100/100
|-weather|Sandstorm|[from] ability: Sand Stream|[of] p2a: Hippowdon
|move|p1a: Thundurus|Nasty Plot|p1a: Thundurus
|-boost|p1a: Thundurus|spa|2
|
|-weather|Sandstorm|[upkeep]
|-damage|p1a: Thundurus|94/100|[from] Sandstorm
|upkeep
|turn|6
|
|t:|1659902621
|move|p1a: Thundurus|Grass Knot|p2a: Hippowdon
|-supereffective|p2a: Hippowdon
|-damage|p2a: Hippowdon|0 fnt
|faint|p2a: Hippowdon
|
|-weather|Sandstorm|[upkeep]
|-damage|p1a: Thundurus|88/100|[from] Sandstorm
|upkeep
|
|t:|1659902625
|switch|p2a: Dragapult|Dragapult, M, shiny|100/100
|turn|7
|j| GCCGHC
|
|t:|1659902631
|switch|p1a: Weavile|Weavile, M|100/100
|-ability|p1a: Weavile|Pressure
|move|p2a: Dragapult|Shadow Ball|p1a: Weavile
|-resisted|p1a: Weavile
|-damage|p1a: Weavile|63/100
|
|-weather|Sandstorm|[upkeep]
|-damage|p2a: Dragapult|95/100|[from] Sandstorm
|-damage|p1a: Weavile|57/100|[from] Sandstorm
|upkeep
|turn|8
|j|@ironwater
|j| gohannbestperso
|
|t:|1659902635
|switch|p2a: Corviknight|Corviknight, M|94/100
|-ability|p2a: Corviknight|Pressure
|move|p1a: Weavile|Knock Off|p2a: Corviknight
|-damage|p2a: Corviknight|61/100
|-damage|p1a: Weavile|41/100|[from] item: Rocky Helmet|[of] p2a: Corviknight
|-enditem|p2a: Corviknight|Rocky Helmet|[from] move: Knock Off|[of] p1a: Weavile
|
|-weather|Sandstorm|[upkeep]
|-damage|p1a: Weavile|35/100|[from] Sandstorm
|upkeep
|turn|9
|
|t:|1659902644
|switch|p1a: Thundurus|Thundurus-Therian, M|88/100
|move|p2a: Corviknight|U-turn|p1a: Thundurus
|-resisted|p1a: Thundurus
|-damage|p1a: Thundurus|76/100
|
|t:|1659902647
|switch|p2a: Dragapult|Dragapult, M, shiny|95/100|[from]move: U-turn
|
|-weather|none
|upkeep
|turn|10
|
|t:|1659902653
|switch|p1a: Weavile|Weavile, M|35/100
|-ability|p1a: Weavile|Pressure
|move|p2a: Dragapult|Shadow Ball|p1a: Weavile
|-resisted|p1a: Weavile
|-damage|p1a: Weavile|0 fnt
|faint|p1a: Weavile
|
|upkeep
|l| zReptar
|
|t:|1659902659
|switch|p1a: Landorus|Landorus-Therian, M|77/100
|-ability|p1a: Landorus|Intimidate|boost
|-unboost|p2a: Dragapult|atk|1
|turn|11
|
|t:|1659902661
|switch|p2a: Corviknight|Corviknight, M|61/100
|-ability|p2a: Corviknight|Pressure
|move|p1a: Landorus|Earthquake|p2a: Corviknight
|-immune|p2a: Corviknight
|
|upkeep
|turn|12
|
|t:|1659902664
|switch|p1a: Toxapex|Toxapex, M, shiny|66/100
|move|p2a: Corviknight|Roost|p2a: Corviknight
|-heal|p2a: Corviknight|100/100
|-singleturn|p2a: Corviknight|move: Roost
|
|upkeep
|turn|13
|l| gohannbestperso
|
|t:|1659902669
|move|p2a: Corviknight|U-turn|p1a: Toxapex
|-resisted|p1a: Toxapex
|-damage|p1a: Toxapex|62/100
|
|t:|1659902676
|switch|p2a: Zarude|Zarude-Dada|100/100|[from]move: U-turn
|move|p1a: Toxapex|Recover|p1a: Toxapex
|-heal|p1a: Toxapex|100/100
|
|upkeep
|turn|14
|
|t:|1659902682
|switch|p1a: Landorus|Landorus-Therian, M|77/100
|-ability|p1a: Landorus|Intimidate|boost
|-unboost|p2a: Zarude|atk|1
|move|p2a: Zarude|Bulk Up|p2a: Zarude
|-boost|p2a: Zarude|atk|1
|-boost|p2a: Zarude|def|1
|
|upkeep
|turn|15
|
|t:|1659902698
|move|p2a: Zarude|Power Whip|p1a: Landorus
|-damage|p1a: Landorus|12/100
|move|p1a: Landorus|U-turn|p2a: Zarude
|-supereffective|p2a: Zarude
|-crit|p2a: Zarude
|-damage|p2a: Zarude|0 fnt
|faint|p2a: Zarude
|j| Lt92pf nagi
|l| Lt92pf nagi
|
|t:|1659902705
|switch|p1a: Jirachi|Jirachi|100/100|[from]move: U-turn
|
|upkeep
|
|t:|1659902725
|switch|p2a: Toxapex|Toxapex, F, shiny|100/100
|turn|16
|
|t:|1659902729
|switch|p1a: Toxapex|Toxapex, M, shiny|100/100
|move|p2a: Toxapex|Knock Off|p1a: Toxapex
|-damage|p1a: Toxapex|95/100
|
|upkeep
|turn|17
|
|t:|1659902739
|move|p2a: Toxapex|Scald|p1a: Toxapex
|-resisted|p1a: Toxapex
|-damage|p1a: Toxapex|87/100
|move|p1a: Toxapex|Knock Off|p2a: Toxapex
|-crit|p2a: Toxapex
|-damage|p2a: Toxapex|85/100
|-enditem|p2a: Toxapex|Shed Shell|[from] move: Knock Off|[of] p1a: Toxapex
|
|upkeep
|turn|18
|
|t:|1659902747
|move|p2a: Toxapex|Scald|p1a: Toxapex
|-resisted|p1a: Toxapex
|-damage|p1a: Toxapex|81/100
|move|p1a: Toxapex|Knock Off|p2a: Toxapex
|-damage|p2a: Toxapex|77/100
|
|upkeep
|turn|19
|
|t:|1659902752
|switch|p1a: Thundurus|Thundurus-Therian, M|76/100
|move|p2a: Toxapex|Scald|p1a: Thundurus
|-crit|p1a: Thundurus
|-damage|p1a: Thundurus|40/100
|
|upkeep
|turn|20
|
|t:|1659902754
|switch|p2a: Dragapult|Dragapult, M, shiny|95/100
|move|p1a: Thundurus|Thunderbolt|p2a: Dragapult
|-resisted|p2a: Dragapult
|-damage|p2a: Dragapult|61/100
|-status|p2a: Dragapult|par
|
|upkeep
|turn|21
|
|t:|1659902760
|switch|p1a: Toxapex|Toxapex, M, shiny|100/100
|cant|p2a: Dragapult|par
|
|upkeep
|turn|22
|
|t:|1659902768
|switch|p1a: Thundurus|Thundurus-Therian, M|40/100
|move|p2a: Dragapult|U-turn|p1a: Thundurus
|-resisted|p1a: Thundurus
|-damage|p1a: Thundurus|28/100
|
|t:|1659902771
|switch|p2a: Tapu Lele|Tapu Lele|100/100|[from]move: U-turn
|-fieldstart|move: Psychic Terrain|[from] ability: Psychic Surge|[of] p2a: Tapu Lele
|
|upkeep
|turn|23
|
|t:|1659902784
|switch|p1a: Jirachi|Jirachi|100/100
|move|p2a: Tapu Lele|Focus Blast|p1a: Jirachi
|-damage|p1a: Jirachi|40/100
|
|upkeep
|turn|24
|inactive|Lt92pf addicted has 120 seconds left.
|
|t:|1659902819
|move|p1a: Jirachi|U-turn|p2a: Tapu Lele
|-damage|p2a: Tapu Lele|79/100
|j| LT92PF Dasmer
|
|t:|1659902823
|switch|p1a: Toxapex|Toxapex, M, shiny|100/100|[from]move: U-turn
|move|p2a: Tapu Lele|Focus Blast|p1a: Toxapex
|-resisted|p1a: Toxapex
|-damage|p1a: Toxapex|72/100
|
|upkeep
|turn|25
|
|t:|1659902831
|move|p2a: Tapu Lele|Focus Blast|p1a: Toxapex
|-resisted|p1a: Toxapex
|-damage|p1a: Toxapex|43/100
|move|p1a: Toxapex|Toxic|p2a: Tapu Lele
|-status|p2a: Tapu Lele|tox
|
|-damage|p2a: Tapu Lele|73/100 tox|[from] psn
|upkeep
|turn|26
|
|t:|1659902836
|switch|p2a: Toxapex|Toxapex, F, shiny|100/100
|move|p1a: Toxapex|Recover|p1a: Toxapex
|-heal|p1a: Toxapex|94/100
|
|-fieldend|move: Psychic Terrain
|upkeep
|turn|27
|
|t:|1659902841
|switch|p1a: Landorus|Landorus-Therian, M|12/100
|-ability|p1a: Landorus|Intimidate|boost
|-unboost|p2a: Toxapex|atk|1
|move|p2a: Toxapex|Scald|p1a: Landorus
|-supereffective|p1a: Landorus
|-damage|p1a: Landorus|0 fnt
|faint|p1a: Landorus
|
|upkeep
|
|t:|1659902843
|switch|p1a: Thundurus|Thundurus-Therian, M|28/100
|turn|28
|
|t:|1659902846
|move|p1a: Thundurus|Thunderbolt|p2a: Toxapex
|-supereffective|p2a: Toxapex
|-damage|p2a: Toxapex|29/100
|move|p2a: Toxapex|Scald|p1a: Thundurus
|-damage|p1a: Thundurus|5/100
|
|upkeep
|turn|29
|
|t:|1659902852
|switch|p2a: Tapu Lele|Tapu Lele|73/100 tox
|-fieldstart|move: Psychic Terrain|[from] ability: Psychic Surge|[of] p2a: Tapu Lele
|move|p1a: Thundurus|Thunderbolt|p2a: Tapu Lele
|-damage|p2a: Tapu Lele|18/100 tox
|
|-damage|p2a: Tapu Lele|12/100 tox|[from] psn
|upkeep
|turn|30
|
|t:|1659902855
|move|p1a: Thundurus|Thunderbolt|p2a: Tapu Lele
|-damage|p2a: Tapu Lele|0 fnt
|faint|p2a: Tapu Lele
|
|upkeep
|
|t:|1659902857
|switch|p2a: Dragapult|Dragapult, M, shiny|61/100 par
|turn|31
|
|t:|1659902870
|switch|p1a: Toxapex|Toxapex, M, shiny|100/100
|move|p2a: Dragapult|Shadow Ball|p1a: Toxapex
|-damage|p1a: Toxapex|57/100
|
|upkeep
|turn|32
|
|t:|1659902877
|switch|p2a: Toxapex|Toxapex, F, shiny|62/100
|move|p1a: Toxapex|Knock Off|p2a: Toxapex
|-damage|p2a: Toxapex|55/100
|
|upkeep
|turn|33
|j| blooclipse
|
|t:|1659902888
|switch|p1a: Jirachi|Jirachi|40/100
|move|p2a: Toxapex|Scald|p1a: Jirachi
|-damage|p1a: Jirachi|25/100
|
|-fieldend|move: Psychic Terrain
|upkeep
|turn|34
|
|t:|1659902894
|switch|p2a: Dragapult|Dragapult, M, shiny|61/100 par
|move|p1a: Jirachi|Psychic|p2a: Dragapult
|-damage|p2a: Dragapult|0 fnt
|faint|p2a: Dragapult
|
|upkeep
|c| blooclipse|bro actually doing this high ladder
|
|t:|1659902904
|switch|p2a: Corviknight|Corviknight, M|100/100
|-ability|p2a: Corviknight|Pressure
|turn|35
|
|t:|1659902913
|switch|p1a: Urshifu|Urshifu-Rapid-Strike, M|100/100
|move|p2a: Corviknight|U-turn|p1a: Urshifu
|-resisted|p1a: Urshifu
|-damage|p1a: Urshifu|93/100
|
|t:|1659902916
|switch|p2a: Toxapex|Toxapex, F, shiny|88/100|[from]move: U-turn
|
|upkeep
|turn|36
|
|t:|1659902919
|move|p1a: Urshifu|U-turn|p2a: Toxapex
|-resisted|p2a: Toxapex
|-damage|p2a: Toxapex|77/100
|
|t:|1659902922
|switch|p1a: Toxapex|Toxapex, M, shiny|90/100|[from]move: U-turn
|move|p2a: Toxapex|Scald|p1a: Toxapex
|-resisted|p1a: Toxapex
|-damage|p1a: Toxapex|83/100
|-status|p1a: Toxapex|brn
|
|-damage|p1a: Toxapex|77/100 brn|[from] brn
|upkeep
|turn|37
|
|t:|1659902925
|move|p2a: Toxapex|Knock Off|p1a: Toxapex
|-damage|p1a: Toxapex|70/100 brn
|move|p1a: Toxapex|Knock Off|p2a: Toxapex
|-damage|p2a: Toxapex|74/100
|
|-damage|p1a: Toxapex|64/100 brn|[from] brn
|upkeep
|turn|38
|
|t:|1659902928
|move|p2a: Toxapex|Knock Off|p1a: Toxapex
|-damage|p1a: Toxapex|57/100 brn
|move|p1a: Toxapex|Knock Off|p2a: Toxapex
|-damage|p2a: Toxapex|71/100
|
|-damage|p1a: Toxapex|51/100 brn|[from] brn
|upkeep
|turn|39
|
|t:|1659902930
|move|p2a: Toxapex|Knock Off|p1a: Toxapex
|-damage|p1a: Toxapex|45/100 brn
|move|p1a: Toxapex|Knock Off|p2a: Toxapex
|-damage|p2a: Toxapex|67/100
|
|-damage|p1a: Toxapex|39/100 brn|[from] brn
|upkeep
|turn|40
|
|t:|1659902932
|move|p2a: Toxapex|Haze|p2a: Toxapex
|-clearallboost
|move|p1a: Toxapex|Knock Off|p2a: Toxapex
|-damage|p2a: Toxapex|64/100
|
|-damage|p1a: Toxapex|33/100 brn|[from] brn
|upkeep
|turn|41
|
|t:|1659902934
|move|p2a: Toxapex|Recover|p2a: Toxapex
|-heal|p2a: Toxapex|100/100
|move|p1a: Toxapex|Knock Off|p2a: Toxapex
|-damage|p2a: Toxapex|97/100
|
|-damage|p1a: Toxapex|27/100 brn|[from] brn
|upkeep
|turn|42
|
|t:|1659902936
|move|p2a: Toxapex|Knock Off|p1a: Toxapex
|-damage|p1a: Toxapex|21/100 brn
|move|p1a: Toxapex|Knock Off|p2a: Toxapex
|-damage|p2a: Toxapex|94/100
|
|-damage|p1a: Toxapex|15/100 brn|[from] brn
|upkeep
|turn|43
|
|t:|1659902940
|move|p2a: Toxapex|Knock Off|p1a: Toxapex
|-damage|p1a: Toxapex|9/100 brn
|move|p1a: Toxapex|Knock Off|p2a: Toxapex
|-damage|p2a: Toxapex|90/100
|
|-damage|p1a: Toxapex|3/100 brn|[from] brn
|upkeep
|turn|44
|
|t:|1659902945
|move|p2a: Toxapex|Recover|p2a: Toxapex
|-heal|p2a: Toxapex|100/100
|move|p1a: Toxapex|Recover|p1a: Toxapex
|-heal|p1a: Toxapex|53/100 brn
|
|-damage|p1a: Toxapex|47/100 brn|[from] brn
|upkeep
|turn|45
|
|t:|1659902951
|move|p2a: Toxapex|Knock Off|p1a: Toxapex
|-damage|p1a: Toxapex|40/100 brn
|move|p1a: Toxapex|Recover|p1a: Toxapex
|-heal|p1a: Toxapex|91/100 brn
|
|-damage|p1a: Toxapex|85/100 brn|[from] brn
|upkeep
|turn|46
|
|t:|1659902953
|move|p2a: Toxapex|Knock Off|p1a: Toxapex
|-damage|p1a: Toxapex|79/100 brn
|move|p1a: Toxapex|Knock Off|p2a: Toxapex
|-damage|p2a: Toxapex|97/100
|
|-damage|p1a: Toxapex|73/100 brn|[from] brn
|upkeep
|turn|47
|
|t:|1659902956
|move|p2a: Toxapex|Knock Off|p1a: Toxapex
|-damage|p1a: Toxapex|67/100 brn
|move|p1a: Toxapex|Knock Off|p2a: Toxapex
|-damage|p2a: Toxapex|94/100
|
|-damage|p1a: Toxapex|61/100 brn|[from] brn
|upkeep
|turn|48
|
|t:|1659902957
|move|p2a: Toxapex|Knock Off|p1a: Toxapex
|-damage|p1a: Toxapex|55/100 brn
|move|p1a: Toxapex|Knock Off|p2a: Toxapex
|-damage|p2a: Toxapex|90/100
|
|-damage|p1a: Toxapex|49/100 brn|[from] brn
|upkeep
|turn|49
|
|t:|1659902960
|move|p2a: Toxapex|Haze|p2a: Toxapex
|-clearallboost
|move|p1a: Toxapex|Recover|p1a: Toxapex
|-heal|p1a: Toxapex|99/100 brn
|
|-damage|p1a: Toxapex|94/100 brn|[from] brn
|upkeep
|turn|50
|
|t:|1659902963
|move|p2a: Toxapex|Knock Off|p1a: Toxapex
|-damage|p1a: Toxapex|87/100 brn
|move|p1a: Toxapex|Knock Off|p2a: Toxapex
|-damage|p2a: Toxapex|87/100
|
|-damage|p1a: Toxapex|81/100 brn|[from] brn
|upkeep
|turn|51
|
|t:|1659902968
|move|p2a: Toxapex|Knock Off|p1a: Toxapex
|-damage|p1a: Toxapex|75/100 brn
|move|p1a: Toxapex|Haze|p1a: Toxapex
|-clearallboost
|
|-damage|p1a: Toxapex|69/100 brn|[from] brn
|upkeep
|turn|52
|
|t:|1659902970
|move|p2a: Toxapex|Knock Off|p1a: Toxapex
|-damage|p1a: Toxapex|63/100 brn
|move|p1a: Toxapex|Knock Off|p2a: Toxapex
|-damage|p2a: Toxapex|83/100
|
|-damage|p1a: Toxapex|57/100 brn|[from] brn
|upkeep
|turn|53
|
|t:|1659902972
|move|p2a: Toxapex|Scald|p1a: Toxapex
|-resisted|p1a: Toxapex
|-damage|p1a: Toxapex|51/100 brn
|move|p1a: Toxapex|Knock Off|p2a: Toxapex
|-damage|p2a: Toxapex|80/100
|
|-damage|p1a: Toxapex|45/100 brn|[from] brn
|upkeep
|turn|54
|
|t:|1659902974
|move|p2a: Toxapex|Haze|p2a: Toxapex
|-clearallboost
|move|p1a: Toxapex|Recover|p1a: Toxapex
|-heal|p1a: Toxapex|95/100 brn
|
|-damage|p1a: Toxapex|89/100 brn|[from] brn
|upkeep
|turn|55
|
|t:|1659902977
|move|p2a: Toxapex|Haze|p2a: Toxapex
|-clearallboost
|move|p1a: Toxapex|Knock Off|p2a: Toxapex
|-damage|p2a: Toxapex|77/100
|
|-damage|p1a: Toxapex|83/100 brn|[from] brn
|upkeep
|turn|56
|
|t:|1659902981
|move|p2a: Toxapex|Knock Off|p1a: Toxapex
|-damage|p1a: Toxapex|76/100 brn
|move|p1a: Toxapex|Knock Off|p2a: Toxapex
|-damage|p2a: Toxapex|74/100
|
|-damage|p1a: Toxapex|70/100 brn|[from] brn
|upkeep
|turn|57
|
|t:|1659902983
|move|p2a: Toxapex|Haze|p2a: Toxapex
|-clearallboost
|move|p1a: Toxapex|Knock Off|p2a: Toxapex
|-damage|p2a: Toxapex|70/100
|
|-damage|p1a: Toxapex|65/100 brn|[from] brn
|upkeep
|turn|58
|
|t:|1659902987
|move|p2a: Toxapex|Haze|p2a: Toxapex
|-clearallboost
|move|p1a: Toxapex|Knock Off|p2a: Toxapex
|-damage|p2a: Toxapex|67/100
|
|-damage|p1a: Toxapex|59/100 brn|[from] brn
|upkeep
|turn|59
|
|t:|1659902989
|move|p2a: Toxapex|Haze|p2a: Toxapex
|-clearallboost
|move|p1a: Toxapex|Knock Off|p2a: Toxapex
|-damage|p2a: Toxapex|63/100
|
|-damage|p1a: Toxapex|53/100 brn|[from] brn
|upkeep
|turn|60
|
|t:|1659902991
|move|p2a: Toxapex|Haze|p2a: Toxapex
|-clearallboost
|move|p1a: Toxapex|Recover|p1a: Toxapex
|-heal|p1a: Toxapex|100/100 brn
|
|-damage|p1a: Toxapex|95/100 brn|[from] brn
|upkeep
|turn|61
|
|t:|1659902993
|move|p2a: Toxapex|Haze|p2a: Toxapex
|-clearallboost
|move|p1a: Toxapex|Haze|p1a: Toxapex
|-clearallboost
|
|-damage|p1a: Toxapex|89/100 brn|[from] brn
|upkeep
|turn|62
|
|t:|1659902995
|move|p2a: Toxapex|Haze|p2a: Toxapex
|-clearallboost
|move|p1a: Toxapex|Haze|p1a: Toxapex
|-clearallboost
|
|-damage|p1a: Toxapex|83/100 brn|[from] brn
|upkeep
|turn|63
|
|t:|1659902996
|move|p2a: Toxapex|Knock Off|p1a: Toxapex
|-damage|p1a: Toxapex|77/100 brn
|move|p1a: Toxapex|Toxic|p2a: Toxapex
|-immune|p2a: Toxapex
|
|-damage|p1a: Toxapex|71/100 brn|[from] brn
|upkeep
|turn|64
|
|t:|1659903000
|switch|p2a: Corviknight|Corviknight, M|100/100
|-ability|p2a: Corviknight|Pressure
|move|p1a: Toxapex|Toxic|p2a: Corviknight
|-immune|p2a: Corviknight
|
|-damage|p1a: Toxapex|65/100 brn|[from] brn
|upkeep
|turn|65
|
|t:|1659903016
|move|p2a: Corviknight|Brave Bird|p1a: Toxapex
|-damage|p1a: Toxapex|42/100 brn
|-damage|p2a: Corviknight|95/100|[from] Recoil
|move|p1a: Toxapex|Haze|p1a: Toxapex
|-clearallboost
|
|-damage|p1a: Toxapex|36/100 brn|[from] brn
|upkeep
|turn|66
|
|t:|1659903020
|move|p2a: Corviknight|Brave Bird|p1a: Toxapex
|-damage|p1a: Toxapex|15/100 brn
|-damage|p2a: Corviknight|89/100|[from] Recoil
|move|p1a: Toxapex|Recover|p1a: Toxapex
|-heal|p1a: Toxapex|66/100 brn
|
|-damage|p1a: Toxapex|60/100 brn|[from] brn
|upkeep
|turn|67
|
|t:|1659903023
|move|p2a: Corviknight|Roost|p2a: Corviknight
|-heal|p2a: Corviknight|100/100
|-singleturn|p2a: Corviknight|move: Roost
|move|p1a: Toxapex|Haze|p1a: Toxapex
|-clearallboost
|
|-damage|p1a: Toxapex|54/100 brn|[from] brn
|upkeep
|turn|68
|
|t:|1659903029
|move|p2a: Corviknight|Brave Bird|p1a: Toxapex
|-damage|p1a: Toxapex|34/100 brn
|-damage|p2a: Corviknight|95/100|[from] Recoil
|move|p1a: Toxapex|Haze|p1a: Toxapex
|-clearallboost
|
|-damage|p1a: Toxapex|28/100 brn|[from] brn
|upkeep
|turn|69
|
|t:|1659903038
|move|p2a: Corviknight|Brave Bird|p1a: Toxapex
|-damage|p1a: Toxapex|5/100 brn
|-damage|p2a: Corviknight|90/100|[from] Recoil
|move|p1a: Toxapex|Knock Off|p2a: Corviknight
|-damage|p2a: Corviknight|87/100
|
|-damage|p1a: Toxapex|0 fnt|[from] brn
|faint|p1a: Toxapex
|upkeep
|
|t:|1659903043
|switch|p1a: Thundurus|Thundurus-Therian, M|5/100
|turn|70
|
|t:|1659903045
|move|p1a: Thundurus|Thunderbolt|p2a: Corviknight
|-supereffective|p2a: Corviknight
|-damage|p2a: Corviknight|0 fnt
|faint|p2a: Corviknight
|
|upkeep
|
|t:|1659903047
|switch|p2a: Toxapex|Toxapex, F, shiny|97/100
|turn|71
|
|t:|1659903049
|move|p1a: Thundurus|Thunderbolt|p2a: Toxapex
|-supereffective|p2a: Toxapex
|-damage|p2a: Toxapex|13/100
|-status|p2a: Toxapex|par
|move|p2a: Toxapex|Knock Off|p1a: Thundurus
|-damage|p1a: Thundurus|0 fnt
|-enditem|p1a: Thundurus|Heavy-Duty Boots|[from] move: Knock Off|[of] p2a: Toxapex
|faint|p1a: Thundurus
|
|upkeep
|
|t:|1659903052
|switch|p1a: Jirachi|Jirachi|25/100
|turn|72
|-message|Lt92pf addicted forfeited.
|
|win|Sww-Suwa
|raw|Sww-Suwa's rating: 1828 &rarr; <strong>1849</strong><br />(+21 for winning)
|raw|Lt92pf addicted's rating: 1854 &rarr; <strong>1833</strong><br />(-21 for losing)
|c|☆Sww-Suwa|gg
