|html|<div class="broadcast-blue"><strong>[Gen 8] OU is currently suspecting Zamazenta-Crowned! For information on how to participate check out the <a href="https://www.smogon.com/forums/threads/np-ss-ou-suspect-process-round-10-royals.3681787/">suspect thread</a>.</strong></div>
|j|☆PULPITO REVERSIBLE
|j|☆ArcanineSquad
|t:|1618309831
|gametype|singles
|player|p1|PULPITO REVERSIBLE|boarder-gen2|1639
|player|p2|ArcanineSquad|cynthia-gen4|1622
|teamsize|p1|6
|teamsize|p2|6
|gen|8
|tier|[Gen 8] OU
|rated|
|clearpoke
|poke|p1|Zamazenta-Crowned|
|poke|p1|Slowbro, F|
|poke|p1|Blissey, F|
|poke|p1|Nidoking, M|
|poke|p1|Ferrothorn, M|
|poke|p1|Skarmory, F|
|poke|p2|Zamazenta-Crowned|
|poke|p2|Hippowdon, M|
|poke|p2|Blissey, F|
|poke|p2|Dragapult, F|
|poke|p2|Slowking, F|
|poke|p2|Zapdos|
|rule|Sleep Clause Mod: Limit one foe put to sleep
|rule|Species Clause: Limit one of each Pokémon
|rule|OHKO Clause: OHKO moves are banned
|rule|Evasion Moves Clause: Evasion moves are banned
|rule|Endless Battle Clause: Forcing endless battles is banned
|rule|HP Percentage Mod: HP is shown in percentages
|rule|Dynamax Clause: You cannot dynamax
|teampreview
|inactive|Battle timer is ON: inactive players will automatically lose when time's up. (requested by ArcanineSquad)
|j| XerneasStan
|
|t:|1618309843
|start
|switch|p1a: Ferroheat|Ferrothorn, M|100/100
|switch|p2a: Hippowdon|Hippowdon, M|100/100
|-weather|Sandstorm|[from] ability: Sand Stream|[of] p2a: Hippowdon
|turn|1
|
|t:|1618309850
|switch|p2a: Zapdos|Zapdos|100/100
|move|p1a: Ferroheat|Power Whip|p2a: Zapdos
|-resisted|p2a: Zapdos
|-damage|p2a: Zapdos|70/100
|
|-weather|Sandstorm|[upkeep]
|-damage|p2a: Zapdos|64/100|[from] Sandstorm
|upkeep
|turn|2
|
|t:|1618309858
|switch|p1a: Nidoheat|Nidoking, M|100/100
|move|p2a: Zapdos|Roost|p2a: Zapdos
|-heal|p2a: Zapdos|100/100
|-singleturn|p2a: Zapdos|move: Roost
|
|-weather|Sandstorm|[upkeep]
|-damage|p2a: Zapdos|94/100|[from] Sandstorm
|upkeep
|turn|3
|
|t:|1618309863
|switch|p2a: Blissey|Blissey, F|100/100
|move|p1a: Nidoheat|Stealth Rock|p2a: Blissey
|-sidestart|p2: ArcanineSquad|move: Stealth Rock
|
|-weather|Sandstorm|[upkeep]
|-damage|p2a: Blissey|94/100|[from] Sandstorm
|upkeep
|turn|4
|
|t:|1618309869
|switch|p1a: Ferroheat|Ferrothorn, M|100/100
|move|p2a: Blissey|Toxic|p1a: Ferroheat
|-immune|p1a: Ferroheat
|
|-weather|Sandstorm|[upkeep]
|-damage|p2a: Blissey|88/100|[from] Sandstorm
|upkeep
|turn|5
|j| Jorgeta57
|l| Jorgeta57
|
|t:|1618309877
|switch|p2a: Zapdos|Zapdos|94/100
|move|p1a: Ferroheat|Knock Off|p2a: Zapdos
|-crit|p2a: Zapdos
|-damage|p2a: Zapdos|46/100
|-enditem|p2a: Zapdos|Heavy-Duty Boots|[from] move: Knock Off|[of] p1a: Ferroheat
|
|-weather|none
|upkeep
|turn|6
|
|t:|1618309888
|switch|p1a: Nidoheat|Nidoking, M|100/100
|move|p2a: Zapdos|Roost|p2a: Zapdos
|-heal|p2a: Zapdos|96/100
|-singleturn|p2a: Zapdos|move: Roost
|
|upkeep
|turn|7
|
|t:|1618309891
|switch|p2a: Blissey|Blissey, F|88/100
|move|p1a: Nidoheat|Ice Beam|p2a: Blissey
|-damage|p2a: Blissey|74/100
|
|upkeep
|turn|8
|
|t:|1618309895
|switch|p1a: Ferroheat|Ferrothorn, M|100/100
|move|p2a: Blissey|Wish|p2a: Blissey
|
|upkeep
|turn|9
|
|t:|1618309903
|switch|p2a: Zapdos|Zapdos|96/100
|-damage|p2a: Zapdos|71/100|[from] Stealth Rock
|switch|p1a: Blissey no es heat|Blissey, F|100/100
|
|-heal|p2a: Zapdos|100/100|[from] move: Wish|[wisher] Blissey
|upkeep
|turn|10
|
|t:|1618309909
|switch|p2a: Blissey|Blissey, F|74/100
|move|p1a: Blissey no es heat|Toxic|p2a: Blissey|[miss]
|-miss|p1a: Blissey no es heat|p2a: Blissey
|
|upkeep
|turn|11
|
|t:|1618309913
|switch|p1a: Ferroheat|Ferrothorn, M|100/100
|move|p2a: Blissey|Wish|p2a: Blissey
|
|upkeep
|turn|12
|
|t:|1618309921
|switch|p2a: Zapdos|Zapdos|100/100
|-damage|p2a: Zapdos|75/100|[from] Stealth Rock
|switch|p1a: Slowheat|Slowbro, F|100/100
|
|-heal|p2a: Zapdos|100/100|[from] move: Wish|[wisher] Blissey
|upkeep
|turn|13
|
|t:|1618309929
|move|p2a: Zapdos|Defog|p1a: Slowheat
|-unboost|p1a: Slowheat|evasion|1
|-sideend|p2: ArcanineSquad|Stealth Rock|[from] move: Defog|[of] p2a: Zapdos
|move|p1a: Slowheat|Future Sight|p2a: Zapdos
|-start|p1a: Slowheat|move: Future Sight
|
|upkeep
|turn|14
|
|t:|1618309932
|switch|p1a: Blissey no es heat|Blissey, F|100/100
|move|p2a: Zapdos|Discharge|p1a: Blissey no es heat
|-damage|p1a: Blissey no es heat|89/100
|
|upkeep
|turn|15
|
|t:|1618309942
|switch|p2a: Blissey|Blissey, F|74/100
|move|p1a: Blissey no es heat|Toxic|p2a: Blissey
|-status|p2a: Blissey|tox
|
|-end|p2a: Blissey|move: Future Sight
|-damage|p2a: Blissey|59/100 tox
|-damage|p2a: Blissey|53/100 tox|[from] psn
|upkeep
|turn|16
|
|t:|1618309947
|switch|p1a: Nidoheat|Nidoking, M|100/100
|move|p2a: Blissey|Soft-Boiled|p2a: Blissey
|-heal|p2a: Blissey|100/100 tox
|
|-damage|p2a: Blissey|88/100 tox|[from] psn
|upkeep
|turn|17
|
|t:|1618309951
|switch|p2a: Slowking|Slowking, F|100/100
|move|p1a: Nidoheat|Stealth Rock|p2a: Slowking
|-sidestart|p2: ArcanineSquad|move: Stealth Rock
|
|upkeep
|turn|18
|
|t:|1618309956
|switch|p1a: Slowheat|Slowbro, F|100/100
|move|p2a: Slowking|Scald|p1a: Slowheat
|-resisted|p1a: Slowheat
|-damage|p1a: Slowheat|87/100
|
|upkeep
|turn|19
|
|t:|1618309958
|move|p1a: Slowheat|Future Sight|p2a: Slowking
|-start|p1a: Slowheat|move: Future Sight
|move|p2a: Slowking|Scald|p1a: Slowheat
|-resisted|p1a: Slowheat
|-damage|p1a: Slowheat|72/100
|
|upkeep
|turn|20
|
|t:|1618309962
|switch|p1a: Blissey no es heat|Blissey, F|89/100
|move|p2a: Slowking|Scald|p1a: Blissey no es heat
|-damage|p1a: Blissey no es heat|78/100
|
|upkeep
|turn|21
|
|t:|1618309968
|switch|p2a: Blissey|Blissey, F|88/100
|move|p1a: Blissey no es heat|Toxic|p2a: Blissey
|-status|p2a: Blissey|tox
|
|-end|p2a: Blissey|move: Future Sight
|-damage|p2a: Blissey|73/100 tox
|-damage|p2a: Blissey|67/100 tox|[from] psn
|upkeep
|turn|22
|
|t:|1618309972
|move|p2a: Blissey|Wish|p2a: Blissey
|move|p1a: Blissey no es heat|Seismic Toss|p2a: Blissey
|-damage|p2a: Blissey|53/100 tox
|
|-damage|p2a: Blissey|41/100 tox|[from] psn
|upkeep
|turn|23
|
|t:|1618309977
|-curestatus|p2a: Blissey|tox|[from] ability: Natural Cure
|switch|p2a: Zamazenta|Zamazenta-Crowned|100/100
|-damage|p2a: Zamazenta|97/100|[from] Stealth Rock
|-ability|p2a: Zamazenta|Dauntless Shield|boost
|-boost|p2a: Zamazenta|def|1
|switch|p1a: Ferroheat|Ferrothorn, M|100/100
|
|-heal|p2a: Zamazenta|100/100|[from] move: Wish|[wisher] Blissey
|upkeep
|turn|24
|
|t:|1618309988
|switch|p2a: Zapdos|Zapdos|100/100
|-damage|p2a: Zapdos|75/100|[from] Stealth Rock
|move|p1a: Ferroheat|Bulldoze|p2a: Zapdos
|-immune|p2a: Zapdos
|
|upkeep
|turn|25
|
|t:|1618309993
|switch|p1a: Blissey no es heat|Blissey, F|78/100
|move|p2a: Zapdos|Defog|p1a: Blissey no es heat
|-unboost|p1a: Blissey no es heat|evasion|1
|-sideend|p2: ArcanineSquad|Stealth Rock|[from] move: Defog|[of] p2a: Zapdos
|
|upkeep
|turn|26
|
|t:|1618309999
|switch|p2a: Blissey|Blissey, F|41/100
|move|p1a: Blissey no es heat|Toxic|p2a: Blissey
|-status|p2a: Blissey|tox
|
|-damage|p2a: Blissey|35/100 tox|[from] psn
|upkeep
|turn|27
|
|t:|1618310003
|move|p1a: Blissey no es heat|Seismic Toss|p2a: Blissey
|-damage|p2a: Blissey|21/100 tox
|move|p2a: Blissey|Soft-Boiled|p2a: Blissey
|-heal|p2a: Blissey|71/100 tox
|
|-damage|p2a: Blissey|58/100 tox|[from] psn
|upkeep
|turn|28
|
|t:|1618310007
|switch|p1a: Nidoheat|Nidoking, M|100/100
|move|p2a: Blissey|Soft-Boiled|p2a: Blissey
|-heal|p2a: Blissey|100/100 tox
|
|-damage|p2a: Blissey|82/100 tox|[from] psn
|upkeep
|turn|29
|
|t:|1618310010
|-curestatus|p2a: Blissey|tox|[from] ability: Natural Cure
|switch|p2a: Slowking|Slowking, F|100/100
|move|p1a: Nidoheat|Stealth Rock|p2a: Slowking
|-sidestart|p2: ArcanineSquad|move: Stealth Rock
|
|upkeep
|turn|30
|
|t:|1618310016
|switch|p1a: Blissey no es heat|Blissey, F|78/100
|move|p2a: Slowking|Teleport|p2a: Slowking
|j| liptonic
|
|t:|1618310020
|switch|p2a: Zamazenta|Zamazenta-Crowned|100/100|[from]move: Teleport
|-damage|p2a: Zamazenta|97/100|[from] Stealth Rock
|-ability|p2a: Zamazenta|Dauntless Shield|boost
|-boost|p2a: Zamazenta|def|1
|
|upkeep
|turn|31
|
|t:|1618310024
|switch|p1a: Slowheat|Slowbro, F|100/100
|move|p2a: Zamazenta|Howl|p2a: Zamazenta
|-boost|p2a: Zamazenta|atk|1
|
|upkeep
|turn|32
|j| Escavalier
|
|t:|1618310028
|switch|p2a: Zapdos|Zapdos|75/100
|-damage|p2a: Zapdos|50/100|[from] Stealth Rock
|move|p1a: Slowheat|Slack Off||[still]
|-fail|p1a: Slowheat|heal
|
|upkeep
|turn|33
|l| Escavalier
|
|t:|1618310031
|move|p2a: Zapdos|Roost|p2a: Zapdos
|-heal|p2a: Zapdos|100/100
|-singleturn|p2a: Zapdos|move: Roost
|move|p1a: Slowheat|Future Sight|p2a: Zapdos
|-start|p1a: Slowheat|move: Future Sight
|
|upkeep
|turn|34
|j| Escavalier
|
|t:|1618310036
|switch|p1a: Blissey no es heat|Blissey, F|78/100
|move|p2a: Zapdos|Defog|p1a: Blissey no es heat
|-unboost|p1a: Blissey no es heat|evasion|1
|-sideend|p2: ArcanineSquad|Stealth Rock|[from] move: Defog|[of] p2a: Zapdos
|
|upkeep
|turn|35
|
|t:|1618310044
|switch|p2a: Dragapult|Dragapult, F|100/100
|move|p1a: Blissey no es heat|Toxic|p2a: Dragapult
|-status|p2a: Dragapult|tox
|
|-end|p2a: Dragapult|move: Future Sight
|-damage|p2a: Dragapult|41/100 tox
|-damage|p2a: Dragapult|35/100 tox|[from] psn
|upkeep
|turn|36
|
|t:|1618310051
|move|p2a: Dragapult|U-turn|p1a: Blissey no es heat
|-crit|p1a: Blissey no es heat
|-damage|p1a: Blissey no es heat|57/100
|
|t:|1618310056
|switch|p2a: Zamazenta|Zamazenta-Crowned|97/100|[from]move: U-turn
|-ability|p2a: Zamazenta|Dauntless Shield|boost
|-boost|p2a: Zamazenta|def|1
|move|p1a: Blissey no es heat|Wish|p1a: Blissey no es heat
|
|upkeep
|turn|37
|
|t:|1618310060
|switch|p2a: Dragapult|Dragapult, F|35/100 tox
|switch|p1a: Slowheat|Slowbro, F|100/100
|
|-damage|p2a: Dragapult|29/100 tox|[from] psn
|upkeep
|turn|38
|
|t:|1618310066
|switch|p1a: Blissey no es heat|Blissey, F|57/100
|move|p2a: Dragapult|Shadow Ball|p1a: Blissey no es heat
|-immune|p1a: Blissey no es heat
|
|-damage|p2a: Dragapult|17/100 tox|[from] psn
|upkeep
|turn|39
|
|t:|1618310071
|switch|p2a: Blissey|Blissey, F|82/100
|move|p1a: Blissey no es heat|Soft-Boiled|p1a: Blissey no es heat
|-heal|p1a: Blissey no es heat|100/100
|
|upkeep
|turn|40
|
|t:|1618310076
|switch|p1a: Ferroheat|Ferrothorn, M|100/100
|move|p2a: Blissey|Wish|p2a: Blissey
|
|upkeep
|turn|41
|l| Escavalier
|
|t:|1618310087
|switch|p2a: Zapdos|Zapdos|100/100
|move|p1a: Ferroheat|Knock Off|p2a: Zapdos
|-damage|p2a: Zapdos|77/100
|-status|p1a: Ferroheat|par|[from] ability: Static|[of] p2a: Zapdos
|
|-heal|p2a: Zapdos|100/100|[from] move: Wish|[wisher] Blissey
|upkeep
|turn|42
|
|t:|1618310097
|switch|p1a: Blissey no es heat|Blissey, F|100/100
|move|p2a: Zapdos|Heat Wave|p1a: Blissey no es heat
|-damage|p1a: Blissey no es heat|91/100
|
|upkeep
|turn|43
|
|t:|1618310103
|switch|p2a: Blissey|Blissey, F|82/100
|switch|p1a: Nidoheat|Nidoking, M|100/100
|
|upkeep
|turn|44
|
|t:|1618310108
|move|p1a: Nidoheat|Stealth Rock|p2a: Blissey
|-sidestart|p2: ArcanineSquad|move: Stealth Rock
|move|p2a: Blissey|Seismic Toss|p1a: Nidoheat
|-damage|p1a: Nidoheat|67/100
|
|upkeep
|turn|45
|
|t:|1618310115
|switch|p1a: Slowheat|Slowbro, F|100/100
|move|p2a: Blissey|Seismic Toss|p1a: Slowheat
|-damage|p1a: Slowheat|75/100
|-damage|p2a: Blissey|65/100|[from] item: Rocky Helmet|[of] p1a: Slowheat
|
|upkeep
|turn|46
|
|t:|1618310119
|move|p2a: Blissey|Toxic|p1a: Slowheat
|-status|p1a: Slowheat|tox
|move|p1a: Slowheat|Future Sight|p2a: Blissey
|-start|p1a: Slowheat|move: Future Sight
|
|-damage|p1a: Slowheat|69/100 tox|[from] psn
|upkeep
|turn|47
|
|t:|1618310123
|switch|p1a: Blissey no es heat|Blissey, F|91/100
|move|p2a: Blissey|Soft-Boiled|p2a: Blissey
|-heal|p2a: Blissey|100/100
|
|upkeep
|turn|48
|
|t:|1618310128
|switch|p2a: Zamazenta|Zamazenta-Crowned|97/100
|-damage|p2a: Zamazenta|94/100|[from] Stealth Rock
|-ability|p2a: Zamazenta|Dauntless Shield|boost
|-boost|p2a: Zamazenta|def|1
|move|p1a: Blissey no es heat|Toxic|p2a: Zamazenta|[miss]
|-miss|p1a: Blissey no es heat|p2a: Zamazenta
|
|-end|p2a: Zamazenta|move: Future Sight
|-damage|p2a: Zamazenta|63/100
|upkeep
|turn|49
|
|t:|1618310134
|switch|p2a: Zapdos|Zapdos|100/100
|-damage|p2a: Zapdos|75/100|[from] Stealth Rock
|switch|p1a: Heatmory|Skarmory, F|100/100
|
|upkeep
|turn|50
|
|t:|1618310138
|move|p2a: Zapdos|Defog|p1a: Heatmory
|-unboost|p1a: Heatmory|evasion|1
|-sideend|p2: ArcanineSquad|Stealth Rock|[from] move: Defog|[of] p2a: Zapdos
|move|p1a: Heatmory|Spikes|p2a: Zapdos
|-sidestart|p2: ArcanineSquad|Spikes
|
|upkeep
|turn|51
|
|t:|1618310143
|switch|p1a: Blissey no es heat|Blissey, F|91/100
|move|p2a: Zapdos|Defog|p1a: Blissey no es heat
|-unboost|p1a: Blissey no es heat|evasion|1
|-sideend|p2: ArcanineSquad|Spikes|[from] move: Defog|[of] p2a: Zapdos
|
|upkeep
|turn|52
|
|t:|1618310149
|switch|p2a: Blissey|Blissey, F|100/100
|move|p1a: Blissey no es heat|Seismic Toss|p2a: Blissey
|-damage|p2a: Blissey|86/100
|
|upkeep
|turn|53
|
|t:|1618310160
|switch|p2a: Dragapult|Dragapult, F|17/100 tox
|move|p1a: Blissey no es heat|Toxic|p2a: Dragapult
|-fail|p2a: Dragapult|tox
|
|-damage|p2a: Dragapult|11/100 tox|[from] psn
|upkeep
|turn|54
|
|t:|1618310164
|move|p2a: Dragapult|Fire Blast|p1a: Blissey no es heat
|-damage|p1a: Blissey no es heat|74/100
|move|p1a: Blissey no es heat|Wish|p1a: Blissey no es heat
|
|-damage|p2a: Dragapult|0 fnt|[from] psn
|faint|p2a: Dragapult
|upkeep
|
|t:|1618310173
|switch|p2a: Zamazenta|Zamazenta-Crowned|63/100
|-ability|p2a: Zamazenta|Dauntless Shield|boost
|-boost|p2a: Zamazenta|def|1
|turn|55
|
|t:|1618310182
|switch|p2a: Zapdos|Zapdos|75/100
|switch|p1a: Nidoheat|Nidoking, M|67/100
|
|-heal|p1a: Nidoheat|100/100|[from] move: Wish|[wisher] Blissey no es heat
|upkeep
|turn|56
|
|t:|1618310186
|switch|p2a: Blissey|Blissey, F|86/100
|move|p1a: Nidoheat|Stealth Rock|p2a: Blissey
|-sidestart|p2: ArcanineSquad|move: Stealth Rock
|
|upkeep
|turn|57
|
|t:|1618310192
|switch|p1a: Heatmory|Skarmory, F|100/100
|move|p2a: Blissey|Wish|p2a: Blissey
|
|upkeep
|turn|58
|
|t:|1618310196
|switch|p2a: Zapdos|Zapdos|75/100
|-damage|p2a: Zapdos|50/100|[from] Stealth Rock
|move|p1a: Heatmory|Whirlwind|p2a: Zapdos
|drag|p2a: Zamazenta|Zamazenta-Crowned|63/100
|-damage|p2a: Zamazenta|60/100|[from] Stealth Rock
|-ability|p2a: Zamazenta|Dauntless Shield|boost
|-boost|p2a: Zamazenta|def|1
|
|-heal|p2a: Zamazenta|100/100|[from] move: Wish|[wisher] Blissey
|upkeep
|turn|59
|
|t:|1618310206
|switch|p2a: Zapdos|Zapdos|50/100
|-damage|p2a: Zapdos|25/100|[from] Stealth Rock
|move|p1a: Heatmory|Whirlwind|p2a: Zapdos
|drag|p2a: Hippowdon|Hippowdon, M|100/100
|-damage|p2a: Hippowdon|94/100|[from] Stealth Rock
|-weather|Sandstorm|[from] ability: Sand Stream|[of] p2a: Hippowdon
|
|-weather|Sandstorm|[upkeep]
|upkeep
|turn|60
|
|t:|1618310210
|move|p1a: Heatmory|Spikes|p2a: Hippowdon
|-sidestart|p2: ArcanineSquad|Spikes
|move|p2a: Hippowdon|Stealth Rock|p1a: Heatmory
|-sidestart|p1: PULPITO REVERSIBLE|move: Stealth Rock
|
|-weather|Sandstorm|[upkeep]
|upkeep
|turn|61
|
|t:|1618310216
|move|p1a: Heatmory|Whirlwind|p2a: Hippowdon
|drag|p2a: Zapdos|Zapdos|25/100
|-damage|p2a: Zapdos|0 fnt|[from] Stealth Rock
|faint|p2a: Zapdos
|
|-weather|Sandstorm|[upkeep]
|upkeep
|
|t:|1618310221
|switch|p2a: Hippowdon|Hippowdon, M|94/100
|-damage|p2a: Hippowdon|88/100|[from] Stealth Rock
|-damage|p2a: Hippowdon|76/100|[from] Spikes
|turn|62
|
|t:|1618310225
|move|p1a: Heatmory|Spikes|p2a: Hippowdon
|-sidestart|p2: ArcanineSquad|Spikes
|move|p2a: Hippowdon|Slack Off|p2a: Hippowdon
|-heal|p2a: Hippowdon|100/100
|
|-weather|Sandstorm|[upkeep]
|upkeep
|turn|63
|
|t:|1618310230
|switch|p2a: Slowking|Slowking, F|100/100
|move|p1a: Heatmory|Spikes|p2a: Slowking
|-sidestart|p2: ArcanineSquad|Spikes
|
|-weather|none
|upkeep
|turn|64
|j| cxintao5
|
|t:|1618310236
|switch|p1a: Blissey no es heat|Blissey, F|74/100
|move|p2a: Slowking|Scald|p1a: Blissey no es heat
|-damage|p1a: Blissey no es heat|65/100
|
|upkeep
|turn|65
|
|t:|1618310240
|switch|p2a: Blissey|Blissey, F|86/100
|move|p1a: Blissey no es heat|Wish|p1a: Blissey no es heat
|
|upkeep
|turn|66
|
|t:|1618310245
|move|p2a: Blissey|Seismic Toss|p1a: Blissey no es heat
|-damage|p1a: Blissey no es heat|51/100
|move|p1a: Blissey no es heat|Toxic|p2a: Blissey
|-status|p2a: Blissey|tox
|
|-heal|p1a: Blissey no es heat|100/100|[from] move: Wish|[wisher] Blissey no es heat
|-damage|p2a: Blissey|80/100 tox|[from] psn
|upkeep
|turn|67
|
|t:|1618310251
|switch|p1a: Ferroheat|Ferrothorn, M|100/100 par
|-damage|p1a: Ferroheat|95/100 par|[from] Stealth Rock
|move|p2a: Blissey|Toxic||[still]
|-fail|p2a: Blissey
|
|-damage|p2a: Blissey|68/100 tox|[from] psn
|upkeep
|turn|68
|
|t:|1618310257
|-curestatus|p2a: Blissey|tox|[from] ability: Natural Cure
|switch|p2a: Zamazenta|Zamazenta-Crowned|100/100
|-damage|p2a: Zamazenta|97/100|[from] Stealth Rock
|-damage|p2a: Zamazenta|72/100|[from] Spikes
|-ability|p2a: Zamazenta|Dauntless Shield|boost
|-boost|p2a: Zamazenta|def|1
|switch|p1a: Slowheat|Slowbro, F|100/100 tox
|-damage|p1a: Slowheat|88/100 tox|[from] Stealth Rock
|
|-damage|p1a: Slowheat|82/100 tox|[from] psn
|upkeep
|turn|69
|
|t:|1618310263
|switch|p2a: Blissey|Blissey, F|68/100
|move|p1a: Slowheat|Teleport|p1a: Slowheat
|
|t:|1618310267
|switch|p1a: Heatmory|Skarmory, F|100/100|[from]move: Teleport
|-damage|p1a: Heatmory|88/100|[from] Stealth Rock
|
|upkeep
|turn|70
|
|t:|1618310273
|move|p2a: Blissey|Soft-Boiled|p2a: Blissey
|-heal|p2a: Blissey|100/100
|move|p1a: Heatmory|Whirlwind|p2a: Blissey
|drag|p2a: Hippowdon|Hippowdon, M|100/100
|-damage|p2a: Hippowdon|94/100|[from] Stealth Rock
|-damage|p2a: Hippowdon|69/100|[from] Spikes
|-weather|Sandstorm|[from] ability: Sand Stream|[of] p2a: Hippowdon
|
|-weather|Sandstorm|[upkeep]
|upkeep
|turn|71
|
|t:|1618310280
|move|p2a: Hippowdon|Slack Off|p2a: Hippowdon
|-heal|p2a: Hippowdon|100/100
|move|p1a: Heatmory|Whirlwind|p2a: Hippowdon
|drag|p2a: Slowking|Slowking, F|100/100
|
|-weather|Sandstorm|[upkeep]
|-damage|p2a: Slowking|94/100|[from] Sandstorm
|upkeep
|turn|72
|
|t:|1618310286
|switch|p1a: Blissey no es heat|Blissey, F|100/100
|move|p2a: Slowking|Future Sight|p1a: Blissey no es heat
|-start|p2a: Slowking|move: Future Sight
|
|-weather|Sandstorm|[upkeep]
|-damage|p1a: Blissey no es heat|94/100|[from] Sandstorm
|-damage|p2a: Slowking|88/100|[from] Sandstorm
|upkeep
|turn|73
|
|t:|1618310291
|move|p1a: Blissey no es heat|Seismic Toss|p2a: Slowking
|-damage|p2a: Slowking|63/100
|move|p2a: Slowking|Teleport|p2a: Slowking
|
|t:|1618310295
|switch|p2a: Zamazenta|Zamazenta-Crowned|72/100|[from]move: Teleport
|-damage|p2a: Zamazenta|48/100|[from] Spikes
|-damage|p2a: Zamazenta|44/100|[from] Stealth Rock
|-ability|p2a: Zamazenta|Dauntless Shield|boost
|-boost|p2a: Zamazenta|def|1
|
|-weather|Sandstorm|[upkeep]
|-damage|p1a: Blissey no es heat|88/100|[from] Sandstorm
|upkeep
|turn|74
|
|t:|1618310306
|switch|p1a: Slowheat|Slowbro, F|100/100 tox
|-damage|p1a: Slowheat|88/100 tox|[from] Stealth Rock
|move|p2a: Zamazenta|Howl|p2a: Zamazenta
|-boost|p2a: Zamazenta|atk|1
|
|-weather|none
|-end|p1a: Slowheat|move: Future Sight
|-resisted|p1a: Slowheat
|-damage|p1a: Slowheat|66/100 tox
|-damage|p1a: Slowheat|60/100 tox|[from] psn
|upkeep
|turn|75
|
|t:|1618310310
|switch|p1a: Ferroheat|Ferrothorn, M|95/100 par
|-damage|p1a: Ferroheat|89/100 par|[from] Stealth Rock
|move|p2a: Zamazenta|Behemoth Bash|p1a: Ferroheat
|-resisted|p1a: Ferroheat
|-damage|p1a: Ferroheat|60/100 par
|-damage|p2a: Zamazenta|32/100|[from] ability: Iron Barbs|[of] p1a: Ferroheat
|
|upkeep
|turn|76
|
|t:|1618310319
|move|p2a: Zamazenta|Close Combat|p1a: Ferroheat
|-supereffective|p1a: Ferroheat
|-damage|p1a: Ferroheat|0 fnt
|-unboost|p2a: Zamazenta|def|1
|-unboost|p2a: Zamazenta|spd|1
|-damage|p2a: Zamazenta|20/100|[from] ability: Iron Barbs|[of] p1a: Ferroheat
|faint|p1a: Ferroheat
|
|upkeep
|
|t:|1618310324
|switch|p1a: Slowheat|Slowbro, F|94/100 tox
|-damage|p1a: Slowheat|81/100 tox|[from] Stealth Rock
|turn|77
|
|t:|1618310332
|move|p2a: Zamazenta|Close Combat|p1a: Slowheat
|-resisted|p1a: Slowheat
|-damage|p1a: Slowheat|53/100 tox
|-unboost|p2a: Zamazenta|def|1
|-unboost|p2a: Zamazenta|spd|1
|-damage|p2a: Zamazenta|3/100|[from] item: Rocky Helmet|[of] p1a: Slowheat
|move|p1a: Slowheat|Scald|p2a: Zamazenta
|-damage|p2a: Zamazenta|0 fnt
|faint|p2a: Zamazenta
|
|-damage|p1a: Slowheat|47/100 tox|[from] psn
|upkeep
|
|t:|1618310341
|switch|p2a: Blissey|Blissey, F|100/100
|turn|78
|c|☆PULPITO REVERSIBLE|gg
|c|☆ArcanineSquad|Gg
|
|t:|1618310348
|switch|p1a: Blissey no es heat|Blissey, F|88/100
|move|p2a: Blissey|Seismic Toss|p1a: Blissey no es heat
|-damage|p1a: Blissey no es heat|74/100
|
|upkeep
|turn|79
|
|t:|1618310352
|move|p1a: Blissey no es heat|Toxic|p2a: Blissey
|-status|p2a: Blissey|tox
|move|p2a: Blissey|Toxic|p1a: Blissey no es heat
|-status|p1a: Blissey no es heat|tox
|
|-damage|p1a: Blissey no es heat|68/100 tox|[from] psn
|-damage|p2a: Blissey|94/100 tox|[from] psn
|upkeep
|turn|80
|
|t:|1618310357
|switch|p1a: Heatmory|Skarmory, F|88/100
|-damage|p1a: Heatmory|76/100|[from] Stealth Rock
|-curestatus|p2a: Blissey|tox|[from] ability: Natural Cure
|switch|p2a: Slowking|Slowking, F|96/100
|
|upkeep
|turn|81
|
|t:|1618310361
|switch|p1a: Blissey no es heat|Blissey, F|68/100
|move|p2a: Slowking|Scald|p1a: Blissey no es heat
|-damage|p1a: Blissey no es heat|57/100
|-status|p1a: Blissey no es heat|brn
|
|-damage|p1a: Blissey no es heat|51/100 brn|[from] brn
|upkeep
|turn|82
|
|t:|1618310364
|switch|p2a: Blissey|Blissey, F|94/100
|move|p1a: Blissey no es heat|Soft-Boiled|p1a: Blissey no es heat
|-heal|p1a: Blissey no es heat|100/100 brn
|
|-damage|p1a: Blissey no es heat|94/100 brn|[from] brn
|upkeep
|turn|83
|
|t:|1618310372
|move|p1a: Blissey no es heat|Wish|p1a: Blissey no es heat
|move|p2a: Blissey|Seismic Toss|p1a: Blissey no es heat
|-damage|p1a: Blissey no es heat|80/100 brn
|
|-damage|p1a: Blissey no es heat|74/100 brn|[from] brn
|upkeep
|turn|84
|
|t:|1618310376
|switch|p2a: Hippowdon|Hippowdon, M|100/100
|-damage|p2a: Hippowdon|75/100|[from] Spikes
|-damage|p2a: Hippowdon|69/100|[from] Stealth Rock
|-weather|Sandstorm|[from] ability: Sand Stream|[of] p2a: Hippowdon
|-curestatus|p1a: Blissey no es heat|brn|[from] ability: Natural Cure
|switch|p1a: Zamaheat-Crowned|Zamazenta-Crowned|100/100
|-damage|p1a: Zamaheat-Crowned|97/100|[from] Stealth Rock
|-ability|p1a: Zamaheat-Crowned|Dauntless Shield|boost
|-boost|p1a: Zamaheat-Crowned|def|1
|
|-weather|Sandstorm|[upkeep]
|-heal|p1a: Zamaheat-Crowned|100/100|[from] move: Wish|[wisher] Blissey no es heat
|upkeep
|turn|85
|
|t:|1618310384
|move|p1a: Zamaheat-Crowned|Howl|p1a: Zamaheat-Crowned
|-boost|p1a: Zamaheat-Crowned|atk|1
|move|p2a: Hippowdon|Slack Off|p2a: Hippowdon
|-heal|p2a: Hippowdon|100/100
|
|-weather|Sandstorm|[upkeep]
|upkeep
|turn|86
|
|t:|1618310392
|move|p1a: Zamaheat-Crowned|Behemoth Bash|p2a: Hippowdon
|-damage|p2a: Hippowdon|61/100
|-damage|p1a: Zamaheat-Crowned|84/100|[from] item: Rocky Helmet|[of] p2a: Hippowdon
|move|p2a: Hippowdon|Earthquake|p1a: Zamaheat-Crowned
|-supereffective|p1a: Zamaheat-Crowned
|-damage|p1a: Zamaheat-Crowned|46/100
|
|-weather|Sandstorm|[upkeep]
|upkeep
|turn|87
|
|t:|1618310403
|move|p1a: Zamaheat-Crowned|Howl|p1a: Zamaheat-Crowned
|-boost|p1a: Zamaheat-Crowned|atk|1
|move|p2a: Hippowdon|Slack Off|p2a: Hippowdon
|-heal|p2a: Hippowdon|100/100
|
|-weather|Sandstorm|[upkeep]
|upkeep
|turn|88
|
|t:|1618310406
|switch|p1a: Heatmory|Skarmory, F|76/100
|-damage|p1a: Heatmory|63/100|[from] Stealth Rock
|move|p2a: Hippowdon|Earthquake|p1a: Heatmory
|-immune|p1a: Heatmory
|
|-weather|none
|upkeep
|turn|89
|
|t:|1618310415
|move|p1a: Heatmory|Roost|p1a: Heatmory
|-heal|p1a: Heatmory|100/100
|-singleturn|p1a: Heatmory|move: Roost
|move|p2a: Hippowdon|Whirlwind|p1a: Heatmory
|drag|p1a: Zamaheat-Crowned|Zamazenta-Crowned|46/100
|-damage|p1a: Zamaheat-Crowned|43/100|[from] Stealth Rock
|-ability|p1a: Zamaheat-Crowned|Dauntless Shield|boost
|-boost|p1a: Zamaheat-Crowned|def|1
|
|upkeep
|turn|90
|
|t:|1618310423
|switch|p1a: Heatmory|Skarmory, F|100/100
|-damage|p1a: Heatmory|88/100|[from] Stealth Rock
|move|p2a: Hippowdon|Whirlwind|p1a: Heatmory
|drag|p1a: Nidoheat|Nidoking, M|100/100
|-damage|p1a: Nidoheat|95/100|[from] Stealth Rock
|
|upkeep
|turn|91
|
|t:|1618310430
|switch|p1a: Heatmory|Skarmory, F|88/100
|-damage|p1a: Heatmory|76/100|[from] Stealth Rock
|switch|p2a: Slowking|Slowking, F|100/100
|
|upkeep
|turn|92
|
|t:|1618310436
|switch|p1a: Blissey no es heat|Blissey, F|74/100
|move|p2a: Slowking|Scald|p1a: Blissey no es heat
|-damage|p1a: Blissey no es heat|64/100
|
|upkeep
|turn|93
|
|t:|1618310443
|move|p1a: Blissey no es heat|Wish|p1a: Blissey no es heat
|move|p2a: Slowking|Teleport|p2a: Slowking
|
|t:|1618310447
|switch|p2a: Blissey|Blissey, F|94/100|[from]move: Teleport
|
|upkeep
|turn|94
|
|t:|1618310452
|switch|p1a: Zamaheat-Crowned|Zamazenta-Crowned|43/100
|-damage|p1a: Zamaheat-Crowned|40/100|[from] Stealth Rock
|-ability|p1a: Zamaheat-Crowned|Dauntless Shield|boost
|-boost|p1a: Zamaheat-Crowned|def|1
|move|p2a: Blissey|Seismic Toss|p1a: Zamaheat-Crowned
|-damage|p1a: Zamaheat-Crowned|9/100
|
|-heal|p1a: Zamaheat-Crowned|100/100|[from] move: Wish|[wisher] Blissey no es heat
|upkeep
|turn|95
|j| Treetasdafasd
|
|t:|1618310461
|switch|p2a: Hippowdon|Hippowdon, M|100/100
|-damage|p2a: Hippowdon|94/100|[from] Stealth Rock
|-damage|p2a: Hippowdon|69/100|[from] Spikes
|-weather|Sandstorm|[from] ability: Sand Stream|[of] p2a: Hippowdon
|move|p1a: Zamaheat-Crowned|Howl|p1a: Zamaheat-Crowned
|-boost|p1a: Zamaheat-Crowned|atk|1
|
|-weather|Sandstorm|[upkeep]
|upkeep
|turn|96
|
|t:|1618310468
|move|p1a: Zamaheat-Crowned|Howl|p1a: Zamaheat-Crowned
|-boost|p1a: Zamaheat-Crowned|atk|1
|move|p2a: Hippowdon|Slack Off|p2a: Hippowdon
|-heal|p2a: Hippowdon|100/100
|
|-weather|Sandstorm|[upkeep]
|upkeep
|turn|97
|
|t:|1618310481
|move|p1a: Zamaheat-Crowned|Behemoth Bash|p2a: Hippowdon
|-damage|p2a: Hippowdon|50/100
|-damage|p1a: Zamaheat-Crowned|84/100|[from] item: Rocky Helmet|[of] p2a: Hippowdon
|move|p2a: Hippowdon|Earthquake|p1a: Zamaheat-Crowned
|-supereffective|p1a: Zamaheat-Crowned
|-damage|p1a: Zamaheat-Crowned|48/100
|
|-weather|Sandstorm|[upkeep]
|upkeep
|turn|98
|
|t:|1618310490
|switch|p2a: Slowking|Slowking, F|100/100
|move|p1a: Zamaheat-Crowned|Close Combat|p2a: Slowking
|-resisted|p2a: Slowking
|-damage|p2a: Slowking|38/100
|-unboost|p1a: Zamaheat-Crowned|def|1
|-unboost|p1a: Zamaheat-Crowned|spd|1
|
|-weather|Sandstorm|[upkeep]
|-damage|p2a: Slowking|32/100|[from] Sandstorm
|upkeep
|turn|99
|
|t:|1618310497
|move|p1a: Zamaheat-Crowned|Close Combat|p2a: Slowking
|-resisted|p2a: Slowking
|-damage|p2a: Slowking|0 fnt
|-unboost|p1a: Zamaheat-Crowned|def|1
|-unboost|p1a: Zamaheat-Crowned|spd|1
|faint|p2a: Slowking
|
|-weather|none
|upkeep
|-message|ArcanineSquad forfeited.
|
|win|PULPITO REVERSIBLE
|raw|PULPITO REVERSIBLE's rating: 1639 &rarr; <strong>1658</strong><br />(+19 for winning)
|raw|ArcanineSquad's rating: 1622 &rarr; <strong>1603</strong><br />(-19 for losing)
|l|☆ArcanineSquad
