|html|<div class="broadcast-blue"><strong>[Gen 8] OU is currently suspecting Urshifu-S! For information on how to participate check out the <a href="https://www.smogon.com/forums/threads/np-ss-ou-suspect-process-round-8-aint-no-rest-for-the-wicked.3675310/">suspect thread</a>.</strong></div>
|j|☆windbegantohowl
|j|☆roboPOKE
|t:|1610116598
|player|p1|windbegantohowl|acetrainer|2027
|player|p2|roboPOKE|101|1815
|teamsize|p1|6
|teamsize|p2|6
|gametype|singles
|gen|8
|tier|[Gen 8] OU
|rated|
|clearpoke
|poke|p1|Toxapex, M|
|poke|p1|Celesteela|
|poke|p1|Tangrowth, M|
|poke|p1|Tornadus-Therian, M|
|poke|p1|Tyranitar, F|
|poke|p1|Excadrill, M|
|poke|p2|Ninetales-Alola, F|
|poke|p2|Sandaconda, F|
|poke|p2|Excadrill, F|
|poke|p2|Magearna|
|poke|p2|Golurk|
|poke|p2|Zarude|
|rule|Sleep Clause Mod: Limit one foe put to sleep
|rule|Species Clause: Limit one of each Pokémon
|rule|OHKO Clause: OHKO moves are banned
|rule|Evasion Moves Clause: Evasion moves are banned
|rule|Endless Battle Clause: Forcing endless battles is banned
|rule|HP Percentage Mod: HP is shown in percentages
|rule|Dynamax Clause: You cannot dynamax
|teampreview
|inactive|Battle timer is ON: inactive players will automatically lose when time's up. (requested by roboPOKE)
|
|t:|1610116613
|start
|switch|p1a: Celesteela|Celesteela|100/100
|switch|p2a: Sandaconda|Sandaconda, F|100/100
|turn|1
|j| Zombini62
|
|t:|1610116638
|switch|p1a: Tangrowth|Tangrowth, M|100/100
|move|p2a: Sandaconda|Glare|p1a: Tangrowth
|-status|p1a: Tangrowth|par
|
|upkeep
|turn|2
|
|t:|1610116649
|move|p2a: Sandaconda|Stealth Rock|p1a: Tangrowth
|-sidestart|p1: windbegantohowl|move: Stealth Rock
|move|p1a: Tangrowth|Sleep Powder|p2a: Sandaconda
|-status|p2a: Sandaconda|slp|[from] move: Sleep Powder
|
|upkeep
|turn|3
|j| Fourthstar
|
|t:|1610116659
|switch|p2a: Ninetales|Ninetales-Alola, F|100/100
|-weather|Hail|[from] ability: Snow Warning|[of] p2a: Ninetales
|move|p1a: Tangrowth|Earthquake|p2a: Ninetales
|-damage|p2a: Ninetales|72/100
|
|-weather|Hail|[upkeep]
|-damage|p1a: Tangrowth|94/100 par|[from] Hail
|upkeep
|turn|4
|j| meatybawls
|
|t:|1610116669
|move|p2a: Ninetales|Hail||[still]
|-fail|p2a: Ninetales
|move|p1a: Tangrowth|Giga Drain|p2a: Ninetales
|-damage|p2a: Ninetales|44/100
|-heal|p1a: Tangrowth|100/100 par|[from] drain|[of] p2a: Ninetales
|
|-weather|Hail|[upkeep]
|-damage|p1a: Tangrowth|94/100 par|[from] Hail
|upkeep
|turn|5
|
|t:|1610116674
|switch|p2a: Magearna|Magearna|100/100
|switch|p1a: Tyranitar|Tyranitar, F|100/100
|-damage|p1a: Tyranitar|88/100|[from] Stealth Rock
|-weather|Sandstorm|[from] ability: Sand Stream|[of] p1a: Tyranitar
|
|-weather|Sandstorm|[upkeep]
|-heal|p1a: Tyranitar|94/100|[from] item: Leftovers
|upkeep
|turn|6
|
|t:|1610116679
|switch|p1a: Toxapex|Toxapex, M|100/100
|-damage|p1a: Toxapex|88/100|[from] Stealth Rock
|move|p2a: Magearna|Calm Mind|p2a: Magearna
|-boost|p2a: Magearna|spa|1
|-boost|p2a: Magearna|spd|1
|
|-weather|Sandstorm|[upkeep]
|-damage|p1a: Toxapex|82/100|[from] Sandstorm
|upkeep
|turn|7
|
|t:|1610116681
|move|p2a: Magearna|Stored Power|p1a: Toxapex
|-supereffective|p1a: Toxapex
|-damage|p1a: Toxapex|41/100
|move|p1a: Toxapex|Haze|p1a: Toxapex
|-clearallboost
|
|-weather|Sandstorm|[upkeep]
|-damage|p1a: Toxapex|35/100|[from] Sandstorm
|upkeep
|turn|8
|
|t:|1610116688
|switch|p2a: Ninetales|Ninetales-Alola, F|44/100
|-weather|Hail|[from] ability: Snow Warning|[of] p2a: Ninetales
|move|p1a: Toxapex|Recover|p1a: Toxapex
|-heal|p1a: Toxapex|85/100
|
|-weather|Hail|[upkeep]
|-damage|p1a: Toxapex|79/100|[from] Hail
|upkeep
|turn|9
|
|t:|1610116692
|switch|p1a: Tyranitar|Tyranitar, F|94/100
|-damage|p1a: Tyranitar|82/100|[from] Stealth Rock
|-weather|Sandstorm|[from] ability: Sand Stream|[of] p1a: Tyranitar
|move|p2a: Ninetales|Freeze-Dry|p1a: Tyranitar
|-damage|p1a: Tyranitar|74/100
|
|-weather|Sandstorm|[upkeep]
|-damage|p2a: Ninetales|38/100|[from] Sandstorm
|-heal|p1a: Tyranitar|80/100|[from] item: Leftovers
|upkeep
|turn|10
|
|t:|1610116695
|switch|p2a: Excadrill|Excadrill, F|100/100
|move|p1a: Tyranitar|Stealth Rock|p2a: Excadrill
|-sidestart|p2: roboPOKE|move: Stealth Rock
|
|-weather|Sandstorm|[upkeep]
|-heal|p1a: Tyranitar|86/100|[from] item: Leftovers
|upkeep
|turn|11
|
|t:|1610116700
|switch|p1a: Celesteela|Celesteela|100/100
|-damage|p1a: Celesteela|88/100|[from] Stealth Rock
|move|p2a: Excadrill|Swords Dance|p2a: Excadrill
|-boost|p2a: Excadrill|atk|2
|
|-weather|Sandstorm|[upkeep]
|-heal|p1a: Celesteela|94/100|[from] item: Leftovers
|upkeep
|turn|12
|
|t:|1610116702
|move|p2a: Excadrill|Swords Dance|p2a: Excadrill
|-boost|p2a: Excadrill|atk|2
|move|p1a: Celesteela|Flamethrower|p2a: Excadrill
|-supereffective|p2a: Excadrill
|-damage|p2a: Excadrill|45/100
|
|-weather|Sandstorm|[upkeep]
|-heal|p1a: Celesteela|99/100|[from] item: Leftovers
|upkeep
|turn|13
|
|t:|1610116706
|move|p2a: Excadrill|Rock Slide|p1a: Celesteela
|-damage|p1a: Celesteela|9/100
|-damage|p2a: Excadrill|35/100|[from] item: Life Orb
|move|p1a: Celesteela|Flamethrower|p2a: Excadrill
|-supereffective|p2a: Excadrill
|-damage|p2a: Excadrill|0 fnt
|faint|p2a: Excadrill
|-ability|p1a: Celesteela|Beast Boost|boost
|-boost|p1a: Celesteela|spd|1
|
|-weather|none
|-heal|p1a: Celesteela|15/100|[from] item: Leftovers
|upkeep
|
|t:|1610116710
|switch|p2a: Golurk|Golurk|100/100
|-damage|p2a: Golurk|95/100|[from] Stealth Rock
|turn|14
|j| outw lool
|
|t:|1610116714
|switch|p1a: Tangrowth|Tangrowth, M|100/100 par
|-damage|p1a: Tangrowth|88/100 par|[from] Stealth Rock
|move|p2a: Golurk|Poltergeist|p1a: Tangrowth
|-activate|p1a: Tangrowth|move: Poltergeist|Rocky Helmet
|-damage|p1a: Tangrowth|40/100 par
|
|upkeep
|turn|15
|j| massssssssssssssip
|
|t:|1610116737
|switch|p1a: Celesteela|Celesteela|15/100
|-damage|p1a: Celesteela|3/100|[from] Stealth Rock
|move|p2a: Golurk|Poltergeist|p1a: Celesteela
|-activate|p1a: Celesteela|move: Poltergeist|Leftovers
|-damage|p1a: Celesteela|0 fnt
|faint|p1a: Celesteela
|
|upkeep
|inactive|windbegantohowl has 120 seconds left.
|
|t:|1610116755
|switch|p1a: Tyranitar|Tyranitar, F|86/100
|-damage|p1a: Tyranitar|74/100|[from] Stealth Rock
|-weather|Sandstorm|[from] ability: Sand Stream|[of] p1a: Tyranitar
|turn|16
|
|t:|1610116759
|switch|p2a: Magearna|Magearna|100/100
|-damage|p2a: Magearna|94/100|[from] Stealth Rock
|move|p1a: Tyranitar|Rock Blast|p2a: Magearna
|-resisted|p2a: Magearna
|-damage|p2a: Magearna|90/100
|-resisted|p2a: Magearna
|-damage|p2a: Magearna|86/100
|-hitcount|p2a: Magearna|2
|
|-weather|Sandstorm|[upkeep]
|-heal|p1a: Tyranitar|80/100|[from] item: Leftovers
|upkeep
|turn|17
|
|t:|1610116764
|move|p2a: Magearna|Draining Kiss|p1a: Tyranitar
|-supereffective|p1a: Tyranitar
|-damage|p1a: Tyranitar|61/100
|-heal|p2a: Magearna|100/100|[from] drain|[of] p1a: Tyranitar
|move|p1a: Tyranitar|Thunder Wave|p2a: Magearna
|-status|p2a: Magearna|par
|
|-weather|Sandstorm|[upkeep]
|-heal|p1a: Tyranitar|68/100|[from] item: Leftovers
|upkeep
|turn|18
|
|t:|1610116771
|switch|p2a: Ninetales|Ninetales-Alola, F|38/100
|-damage|p2a: Ninetales|13/100|[from] Stealth Rock
|-weather|Hail|[from] ability: Snow Warning|[of] p2a: Ninetales
|move|p1a: Tyranitar|Rock Blast|p2a: Ninetales
|-supereffective|p2a: Ninetales
|-damage|p2a: Ninetales|0 fnt
|-hitcount|p2a: Ninetales|1
|faint|p2a: Ninetales
|
|-weather|Hail|[upkeep]
|-damage|p1a: Tyranitar|61/100|[from] Hail
|-heal|p1a: Tyranitar|68/100|[from] item: Leftovers
|upkeep
|
|t:|1610116779
|switch|p2a: Golurk|Golurk|95/100
|-damage|p2a: Golurk|89/100|[from] Stealth Rock
|turn|19
|
|t:|1610116783
|switch|p1a: Tangrowth|Tangrowth, M|73/100 par
|-damage|p1a: Tangrowth|61/100 par|[from] Stealth Rock
|move|p2a: Golurk|Poltergeist|p1a: Tangrowth
|-activate|p1a: Tangrowth|move: Poltergeist|Rocky Helmet
|-damage|p1a: Tangrowth|13/100 par
|
|-weather|Hail|[upkeep]
|-damage|p2a: Golurk|83/100|[from] Hail
|-damage|p1a: Tangrowth|7/100 par|[from] Hail
|upkeep
|turn|20
|
|t:|1610116786
|switch|p1a: Tyranitar|Tyranitar, F|68/100
|-damage|p1a: Tyranitar|55/100|[from] Stealth Rock
|-weather|Sandstorm|[from] ability: Sand Stream|[of] p1a: Tyranitar
|move|p2a: Golurk|Poltergeist|p1a: Tyranitar
|-activate|p1a: Tyranitar|move: Poltergeist|Leftovers
|-resisted|p1a: Tyranitar
|-damage|p1a: Tyranitar|22/100
|
|-weather|Sandstorm|[upkeep]
|-heal|p1a: Tyranitar|28/100|[from] item: Leftovers
|upkeep
|turn|21
|
|t:|1610116791
|move|p2a: Golurk|Poltergeist|p1a: Tyranitar
|-activate|p1a: Tyranitar|move: Poltergeist|Leftovers
|-resisted|p1a: Tyranitar
|-damage|p1a: Tyranitar|0 fnt
|faint|p1a: Tyranitar
|
|-weather|Sandstorm|[upkeep]
|upkeep
|
|t:|1610116801
|switch|p1a: Toxapex|Toxapex, M|100/100
|-damage|p1a: Toxapex|88/100|[from] Stealth Rock
|turn|22
|
|t:|1610116809
|switch|p2a: Magearna|Magearna|100/100 par
|-damage|p2a: Magearna|94/100 par|[from] Stealth Rock
|move|p1a: Toxapex|Recover|p1a: Toxapex
|-heal|p1a: Toxapex|100/100
|
|-weather|Sandstorm|[upkeep]
|-damage|p1a: Toxapex|95/100|[from] Sandstorm
|upkeep
|turn|23
|
|t:|1610116817
|switch|p2a: Zarude|Zarude|100/100
|-damage|p2a: Zarude|88/100|[from] Stealth Rock
|move|p1a: Toxapex|Knock Off|p2a: Zarude
|-resisted|p2a: Zarude
|-damage|p2a: Zarude|80/100
|-enditem|p2a: Zarude|Leftovers|[from] move: Knock Off|[of] p1a: Toxapex
|
|-weather|Sandstorm|[upkeep]
|-damage|p2a: Zarude|74/100|[from] Sandstorm
|-damage|p1a: Toxapex|89/100|[from] Sandstorm
|upkeep
|turn|24
|
|t:|1610116821
|move|p2a: Zarude|Darkest Lariat|p1a: Toxapex
|-damage|p1a: Toxapex|65/100
|-damage|p2a: Zarude|58/100|[from] item: Rocky Helmet|[of] p1a: Toxapex
|move|p1a: Toxapex|Toxic|p2a: Zarude
|-status|p2a: Zarude|tox
|
|-weather|none
|-damage|p2a: Zarude|52/100 tox|[from] psn
|upkeep
|turn|25
|
|t:|1610116824
|move|p2a: Zarude|Jungle Healing|p2a: Zarude
|-heal|p2a: Zarude|77/100 tox
|-curestatus|p2a: Zarude|tox|[msg]
|move|p1a: Toxapex|Recover|p1a: Toxapex
|-heal|p1a: Toxapex|100/100
|
|upkeep
|turn|26
|j| Oldmonkenba
|
|t:|1610116828
|move|p2a: Zarude|Jungle Healing|p2a: Zarude
|-heal|p2a: Zarude|100/100
|move|p1a: Toxapex|Toxic|p2a: Zarude
|-status|p2a: Zarude|tox
|
|-damage|p2a: Zarude|95/100 tox|[from] psn
|upkeep
|turn|27
|
|t:|1610116832
|move|p2a: Zarude|Darkest Lariat|p1a: Toxapex
|-damage|p1a: Toxapex|77/100
|-damage|p2a: Zarude|78/100 tox|[from] item: Rocky Helmet|[of] p1a: Toxapex
|move|p1a: Toxapex|Knock Off|p2a: Zarude
|-resisted|p2a: Zarude
|-crit|p2a: Zarude
|-damage|p2a: Zarude|70/100 tox
|
|-damage|p2a: Zarude|58/100 tox|[from] psn
|upkeep
|turn|28
|
|t:|1610116834
|move|p2a: Zarude|Jungle Healing|p2a: Zarude
|-heal|p2a: Zarude|83/100 tox
|-curestatus|p2a: Zarude|tox|[msg]
|move|p1a: Toxapex|Knock Off|p2a: Zarude
|-resisted|p2a: Zarude
|-damage|p2a: Zarude|78/100
|
|upkeep
|turn|29
|
|t:|1610116841
|move|p2a: Zarude|Bulk Up|p2a: Zarude
|-boost|p2a: Zarude|atk|1
|-boost|p2a: Zarude|def|1
|move|p1a: Toxapex|Toxic|p2a: Zarude
|-status|p2a: Zarude|tox
|
|-damage|p2a: Zarude|72/100 tox|[from] psn
|upkeep
|turn|30
|j| OUTW why lol
|
|t:|1610116843
|move|p2a: Zarude|Darkest Lariat|p1a: Toxapex
|-damage|p1a: Toxapex|36/100
|-damage|p2a: Zarude|56/100 tox|[from] item: Rocky Helmet|[of] p1a: Toxapex
|move|p1a: Toxapex|Recover|p1a: Toxapex
|-heal|p1a: Toxapex|86/100
|
|-damage|p2a: Zarude|44/100 tox|[from] psn
|upkeep
|turn|31
|
|t:|1610116845
|move|p2a: Zarude|Darkest Lariat|p1a: Toxapex
|-damage|p1a: Toxapex|47/100
|-damage|p2a: Zarude|27/100 tox|[from] item: Rocky Helmet|[of] p1a: Toxapex
|move|p1a: Toxapex|Haze|p1a: Toxapex
|-clearallboost
|
|-damage|p2a: Zarude|9/100 tox|[from] psn
|upkeep
|turn|32
|
|t:|1610116850
|move|p2a: Zarude|Jungle Healing|p2a: Zarude
|-heal|p2a: Zarude|34/100 tox
|-curestatus|p2a: Zarude|tox|[msg]
|move|p1a: Toxapex|Recover|p1a: Toxapex
|-heal|p1a: Toxapex|98/100
|
|upkeep
|turn|33
|l| OUTW why lol
|
|t:|1610116853
|move|p2a: Zarude|Jungle Healing|p2a: Zarude
|-heal|p2a: Zarude|59/100
|move|p1a: Toxapex|Toxic|p2a: Zarude
|-status|p2a: Zarude|tox
|
|-damage|p2a: Zarude|53/100 tox|[from] psn
|upkeep
|turn|34
|
|t:|1610116858
|move|p2a: Zarude|Jungle Healing|p2a: Zarude
|-heal|p2a: Zarude|79/100 tox
|-curestatus|p2a: Zarude|tox|[msg]
|move|p1a: Toxapex|Knock Off|p2a: Zarude
|-resisted|p2a: Zarude
|-damage|p2a: Zarude|73/100
|
|upkeep
|turn|35
|
|t:|1610116861
|move|p2a: Zarude|Bulk Up|p2a: Zarude
|-boost|p2a: Zarude|atk|1
|-boost|p2a: Zarude|def|1
|move|p1a: Toxapex|Toxic|p2a: Zarude
|-status|p2a: Zarude|tox
|
|-damage|p2a: Zarude|67/100 tox|[from] psn
|upkeep
|turn|36
|
|t:|1610116864
|move|p2a: Zarude|Jungle Healing|p2a: Zarude
|-heal|p2a: Zarude|92/100 tox
|-curestatus|p2a: Zarude|tox|[msg]
|move|p1a: Toxapex|Haze|p1a: Toxapex
|-clearallboost
|
|upkeep
|turn|37
|
|t:|1610116867
|move|p2a: Zarude|Bulk Up|p2a: Zarude
|-boost|p2a: Zarude|atk|1
|-boost|p2a: Zarude|def|1
|move|p1a: Toxapex|Haze|p1a: Toxapex
|-clearallboost
|
|upkeep
|turn|38
|
|t:|1610116869
|move|p2a: Zarude|Bulk Up|p2a: Zarude
|-boost|p2a: Zarude|atk|1
|-boost|p2a: Zarude|def|1
|move|p1a: Toxapex|Haze|p1a: Toxapex
|-clearallboost
|
|upkeep
|turn|39
|
|t:|1610116871
|move|p2a: Zarude|Power Whip|p1a: Toxapex
|-damage|p1a: Toxapex|61/100
|-damage|p2a: Zarude|76/100|[from] item: Rocky Helmet|[of] p1a: Toxapex
|move|p1a: Toxapex|Toxic|p2a: Zarude
|-status|p2a: Zarude|tox
|
|-damage|p2a: Zarude|70/100 tox|[from] psn
|upkeep
|turn|40
|
|t:|1610116875
|move|p2a: Zarude|Jungle Healing|p2a: Zarude
|-heal|p2a: Zarude|95/100 tox
|-curestatus|p2a: Zarude|tox|[msg]
|move|p1a: Toxapex|Recover|p1a: Toxapex
|-heal|p1a: Toxapex|100/100
|
|upkeep
|turn|41
|
|t:|1610116878
|move|p2a: Zarude|Bulk Up|p2a: Zarude
|-boost|p2a: Zarude|atk|1
|-boost|p2a: Zarude|def|1
|move|p1a: Toxapex|Toxic|p2a: Zarude
|-status|p2a: Zarude|tox
|
|-damage|p2a: Zarude|89/100 tox|[from] psn
|upkeep
|turn|42
|
|t:|1610116880
|move|p2a: Zarude|Power Whip|p1a: Toxapex
|-damage|p1a: Toxapex|51/100
|-damage|p2a: Zarude|72/100 tox|[from] item: Rocky Helmet|[of] p1a: Toxapex
|move|p1a: Toxapex|Haze|p1a: Toxapex
|-clearallboost
|
|-damage|p2a: Zarude|60/100 tox|[from] psn
|upkeep
|turn|43
|
|t:|1610116885
|move|p2a: Zarude|Jungle Healing|p2a: Zarude
|-heal|p2a: Zarude|85/100 tox
|-curestatus|p2a: Zarude|tox|[msg]
|move|p1a: Toxapex|Toxic|p2a: Zarude
|-status|p2a: Zarude|tox
|
|-damage|p2a: Zarude|79/100 tox|[from] psn
|upkeep
|turn|44
|j| Vessev
|
|t:|1610116890
|move|p2a: Zarude|Bulk Up|p2a: Zarude
|-boost|p2a: Zarude|atk|1
|-boost|p2a: Zarude|def|1
|move|p1a: Toxapex|Recover|p1a: Toxapex
|-heal|p1a: Toxapex|100/100
|
|-damage|p2a: Zarude|67/100 tox|[from] psn
|upkeep
|turn|45
|
|t:|1610116894
|move|p2a: Zarude|Power Whip|p1a: Toxapex
|-damage|p1a: Toxapex|49/100
|-damage|p2a: Zarude|51/100 tox|[from] item: Rocky Helmet|[of] p1a: Toxapex
|move|p1a: Toxapex|Haze|p1a: Toxapex
|-clearallboost
|
|-damage|p2a: Zarude|33/100 tox|[from] psn
|upkeep
|turn|46
|
|t:|1610116898
|move|p2a: Zarude|Jungle Healing|p2a: Zarude
|-heal|p2a: Zarude|58/100 tox
|-curestatus|p2a: Zarude|tox|[msg]
|move|p1a: Toxapex|Recover|p1a: Toxapex
|-heal|p1a: Toxapex|99/100
|
|upkeep
|turn|47
|
|t:|1610116902
|move|p2a: Zarude|Bulk Up|p2a: Zarude
|-boost|p2a: Zarude|atk|1
|-boost|p2a: Zarude|def|1
|move|p1a: Toxapex|Toxic|p2a: Zarude
|-status|p2a: Zarude|tox
|
|-damage|p2a: Zarude|52/100 tox|[from] psn
|upkeep
|turn|48
|
|t:|1610116904
|move|p2a: Zarude|Jungle Healing|p2a: Zarude
|-heal|p2a: Zarude|77/100 tox
|-curestatus|p2a: Zarude|tox|[msg]
|move|p1a: Toxapex|Haze|p1a: Toxapex
|-clearallboost
|
|upkeep
|turn|49
|
|t:|1610116908
|move|p2a: Zarude|Bulk Up|p2a: Zarude
|-boost|p2a: Zarude|atk|1
|-boost|p2a: Zarude|def|1
|move|p1a: Toxapex|Toxic|p2a: Zarude
|-status|p2a: Zarude|tox
|
|-damage|p2a: Zarude|71/100 tox|[from] psn
|upkeep
|turn|50
|
|t:|1610116914
|move|p2a: Zarude|Power Whip|p1a: Toxapex
|-damage|p1a: Toxapex|50/100
|-damage|p2a: Zarude|55/100 tox|[from] item: Rocky Helmet|[of] p1a: Toxapex
|move|p1a: Toxapex|Haze|p1a: Toxapex
|-clearallboost
|
|-damage|p2a: Zarude|43/100 tox|[from] psn
|upkeep
|turn|51
|j| Weresyrr90
|
|t:|1610116925
|move|p2a: Zarude|Jungle Healing|p2a: Zarude
|-heal|p2a: Zarude|68/100 tox
|-curestatus|p2a: Zarude|tox|[msg]
|move|p1a: Toxapex|Knock Off|p2a: Zarude
|-resisted|p2a: Zarude
|-damage|p2a: Zarude|62/100
|
|upkeep
|turn|52
|
|t:|1610116930
|switch|p2a: Magearna|Magearna|94/100 par
|-damage|p2a: Magearna|88/100 par|[from] Stealth Rock
|move|p1a: Toxapex|Recover|p1a: Toxapex
|-heal|p1a: Toxapex|100/100
|
|upkeep
|turn|53
|
|t:|1610116933
|switch|p2a: Zarude|Zarude|62/100
|-damage|p2a: Zarude|50/100|[from] Stealth Rock
|move|p1a: Toxapex|Knock Off|p2a: Zarude
|-resisted|p2a: Zarude
|-damage|p2a: Zarude|45/100
|
|upkeep
|turn|54
|
|t:|1610116936
|switch|p2a: Magearna|Magearna|88/100 par
|-damage|p2a: Magearna|82/100 par|[from] Stealth Rock
|move|p1a: Toxapex|Knock Off|p2a: Magearna
|-resisted|p2a: Magearna
|-damage|p2a: Magearna|76/100 par
|-enditem|p2a: Magearna|Weakness Policy|[from] move: Knock Off|[of] p1a: Toxapex
|
|upkeep
|turn|55
|
|t:|1610116942
|switch|p2a: Zarude|Zarude|45/100
|-damage|p2a: Zarude|33/100|[from] Stealth Rock
|move|p1a: Toxapex|Knock Off|p2a: Zarude
|-resisted|p2a: Zarude
|-damage|p2a: Zarude|28/100
|
|upkeep
|turn|56
|
|t:|1610116944
|move|p2a: Zarude|Bulk Up|p2a: Zarude
|-boost|p2a: Zarude|atk|1
|-boost|p2a: Zarude|def|1
|move|p1a: Toxapex|Knock Off|p2a: Zarude
|-resisted|p2a: Zarude
|-damage|p2a: Zarude|25/100
|
|upkeep
|turn|57
|
|t:|1610116947
|move|p2a: Zarude|Power Whip|p1a: Toxapex
|-damage|p1a: Toxapex|47/100
|-damage|p2a: Zarude|8/100|[from] item: Rocky Helmet|[of] p1a: Toxapex
|move|p1a: Toxapex|Haze|p1a: Toxapex
|-clearallboost
|
|upkeep
|turn|58
|j| Herpguy
|
|t:|1610116949
|move|p2a: Zarude|Jungle Healing|p2a: Zarude
|-heal|p2a: Zarude|34/100
|move|p1a: Toxapex|Recover|p1a: Toxapex
|-heal|p1a: Toxapex|97/100
|
|upkeep
|turn|59
|
|t:|1610116951
|move|p2a: Zarude|Bulk Up|p2a: Zarude
|-boost|p2a: Zarude|atk|1
|-boost|p2a: Zarude|def|1
|move|p1a: Toxapex|Toxic|p2a: Zarude
|-status|p2a: Zarude|tox
|
|-damage|p2a: Zarude|28/100 tox|[from] psn
|upkeep
|turn|60
|
|t:|1610116954
|move|p2a: Zarude|Jungle Healing|p2a: Zarude
|-heal|p2a: Zarude|53/100 tox
|-curestatus|p2a: Zarude|tox|[msg]
|move|p1a: Toxapex|Haze|p1a: Toxapex
|-clearallboost
|
|upkeep
|turn|61
|
|t:|1610116956
|move|p2a: Zarude|Bulk Up|p2a: Zarude
|-boost|p2a: Zarude|atk|1
|-boost|p2a: Zarude|def|1
|move|p1a: Toxapex|Toxic|p2a: Zarude
|-status|p2a: Zarude|tox
|
|-damage|p2a: Zarude|47/100 tox|[from] psn
|upkeep
|turn|62
|
|t:|1610116960
|move|p2a: Zarude|Jungle Healing|p2a: Zarude
|-heal|p2a: Zarude|72/100 tox
|-curestatus|p2a: Zarude|tox|[msg]
|move|p1a: Toxapex|Haze|p1a: Toxapex
|-clearallboost
|
|upkeep
|turn|63
|
|t:|1610116963
|switch|p2a: Magearna|Magearna|76/100 par
|-damage|p2a: Magearna|70/100 par|[from] Stealth Rock
|move|p1a: Toxapex|Toxic||[still]
|-fail|p1a: Toxapex
|
|upkeep
|turn|64
|
|t:|1610116966
|move|p2a: Magearna|Calm Mind|p2a: Magearna
|-boost|p2a: Magearna|spa|1
|-boost|p2a: Magearna|spd|1
|move|p1a: Toxapex|Knock Off|p2a: Magearna
|-resisted|p2a: Magearna
|-damage|p2a: Magearna|66/100 par
|
|upkeep
|turn|65
|
|t:|1610116967
|cant|p2a: Magearna|par
|move|p1a: Toxapex|Haze|p1a: Toxapex
|-clearallboost
|
|upkeep
|turn|66
|
|t:|1610116972
|switch|p1a: Excadrill|Excadrill, M|100/100
|-damage|p1a: Excadrill|97/100|[from] Stealth Rock
|move|p2a: Magearna|Draining Kiss|p1a: Excadrill
|-resisted|p1a: Excadrill
|-damage|p1a: Excadrill|82/100
|-heal|p2a: Magearna|78/100 par|[from] drain|[of] p1a: Excadrill
|
|-heal|p1a: Excadrill|89/100|[from] item: Leftovers
|upkeep
|turn|67
|
|t:|1610116981
|switch|p2a: Zarude|Zarude|72/100
|-damage|p2a: Zarude|59/100|[from] Stealth Rock
|move|p1a: Excadrill|Earthquake|p2a: Zarude
|-resisted|p2a: Zarude
|-damage|p2a: Zarude|35/100
|
|-heal|p1a: Excadrill|95/100|[from] item: Leftovers
|upkeep
|turn|68
|
|t:|1610116985
|switch|p1a: Toxapex|Toxapex, M|100/100
|-damage|p1a: Toxapex|88/100|[from] Stealth Rock
|move|p2a: Zarude|Bulk Up|p2a: Zarude
|-boost|p2a: Zarude|atk|1
|-boost|p2a: Zarude|def|1
|
|upkeep
|turn|69
|
|t:|1610116989
|switch|p2a: Golurk|Golurk|83/100
|-damage|p2a: Golurk|77/100|[from] Stealth Rock
|move|p1a: Toxapex|Recover|p1a: Toxapex
|-heal|p1a: Toxapex|100/100
|
|upkeep
|turn|70
|
|t:|1610116992
|switch|p1a: Tornadus|Tornadus-Therian, M|100/100
|move|p2a: Golurk|Earthquake|p1a: Tornadus
|-immune|p1a: Tornadus
|
|upkeep
|turn|71
|
|t:|1610116999
|switch|p2a: Magearna|Magearna|78/100 par
|-damage|p2a: Magearna|72/100 par|[from] Stealth Rock
|move|p1a: Tornadus|Nasty Plot|p1a: Tornadus
|-boost|p1a: Tornadus|spa|2
|
|upkeep
|turn|72
|
|t:|1610117002
|move|p1a: Tornadus|Heat Wave|p2a: Magearna
|-supereffective|p2a: Magearna
|-damage|p2a: Magearna|0 fnt
|faint|p2a: Magearna
|
|upkeep
|
|t:|1610117006
|switch|p2a: Golurk|Golurk|77/100
|-damage|p2a: Golurk|71/100|[from] Stealth Rock
|turn|73
|
|t:|1610117008
|move|p1a: Tornadus|Hurricane|p2a: Golurk
|-damage|p2a: Golurk|0 fnt
|faint|p2a: Golurk
|
|upkeep
|
|t:|1610117016
|switch|p2a: Zarude|Zarude|35/100
|-damage|p2a: Zarude|22/100|[from] Stealth Rock
|turn|74
|
|t:|1610117017
|move|p1a: Tornadus|Heat Wave|p2a: Zarude
|-supereffective|p2a: Zarude
|-damage|p2a: Zarude|0 fnt
|faint|p2a: Zarude
|
|upkeep
|j| erenle
|-message|roboPOKE forfeited.
|
|win|windbegantohowl
|l| erenle
|l|☆windbegantohowl
