|j|☆RNGesus
|j|☆CoconutCrabs
|t:|1649624343
|gametype|singles
|player|p1|RNGesus|bede|1784
|player|p2|CoconutCrabs|chuck|1826
|teamsize|p1|6
|teamsize|p2|6
|gen|8
|tier|[Gen 8] OU
|rated|
|rule|Sleep Clause Mod: Limit one foe put to sleep
|rule|Species Clause: Limit one of each Pokémon
|rule|OHKO Clause: OHKO moves are banned
|rule|Evasion Moves Clause: Evasion moves are banned
|rule|Endless Battle Clause: Forcing endless battles is banned
|rule|HP Percentage Mod: HP is shown in percentages
|rule|Dynamax Clause: You cannot dynamax
|clearpoke
|poke|p1|Landorus-Therian, M|
|poke|p1|Weezing-Galar, M|
|poke|p1|Xurkitree|
|poke|p1|Ferrothorn, F|
|poke|p1|Dragapult, F|
|poke|p1|Melmetal|
|poke|p2|Tyranitar, M|
|poke|p2|Excadrill, M|
|poke|p2|Tornadus-Therian, M|
|poke|p2|Toxapex, M|
|poke|p2|Heatran, M|
|poke|p2|Tangrowth, F|
|teampreview
|inactive|Battle timer is ON: inactive players will automatically lose when time's up. (requested by RNGesus)
|
|t:|1649624347
|start
|switch|p1a: JLO chair sniff|Landorus-Therian, M|100/100
|switch|p2a: Paloma|Tornadus-Therian, M|100/100
|-ability|p1a: JLO chair sniff|Intimidate|boost
|-unboost|p2a: Paloma|atk|1
|turn|1
|
|t:|1649624349
|move|p2a: Paloma|Icy Wind|p1a: JLO chair sniff
|-supereffective|p1a: JLO chair sniff
|-crit|p1a: JLO chair sniff
|-damage|p1a: JLO chair sniff|0 fnt
|faint|p1a: JLO chair sniff
|
|upkeep
|
|t:|1649624352
|switch|p1a: size queen|Melmetal|100/100
|turn|2
|
|t:|1649624355
|switch|p2a: Baby|Toxapex, M|100/100
|move|p1a: size queen|Thunder Wave|p2a: Baby
|-status|p2a: Baby|par
|
|upkeep
|turn|3
|
|t:|1649624359
|switch|p1a: compression|Xurkitree, shiny|100/100
|move|p2a: Baby|Knock Off|p1a: compression
|-damage|p1a: compression|76/100
|-enditem|p1a: compression|Choice Specs|[from] move: Knock Off|[of] p2a: Baby
|
|upkeep
|turn|4
|
|t:|1649624362
|switch|p2a: Boogers|Tyranitar, M|100/100
|-weather|Sandstorm|[from] ability: Sand Stream|[of] p2a: Boogers
|move|p1a: compression|Energy Ball|p2a: Boogers
|-supereffective|p2a: Boogers
|-damage|p2a: Boogers|64/100
|
|-weather|Sandstorm|[upkeep]
|-damage|p1a: compression|70/100|[from] Sandstorm
|-heal|p2a: Boogers|71/100|[from] item: Leftovers
|upkeep
|turn|5
|
|t:|1649624366
|switch|p1a: jiggle physics|Ferrothorn, F|100/100
|move|p2a: Boogers|Stealth Rock|p1a: jiggle physics
|-sidestart|p1: RNGesus|move: Stealth Rock
|
|-weather|Sandstorm|[upkeep]
|-heal|p2a: Boogers|77/100|[from] item: Leftovers
|upkeep
|turn|6
|j| mrpuncherv2
|
|t:|1649624369
|switch|p2a: Little Man|Heatran, M|100/100
|move|p1a: jiggle physics|Body Press|p2a: Little Man
|-supereffective|p2a: Little Man
|-damage|p2a: Little Man|47/100
|
|-weather|Sandstorm|[upkeep]
|upkeep
|turn|7
|
|t:|1649624373
|switch|p1a: wray & nephews|Dragapult, F|100/100
|-damage|p1a: wray & nephews|88/100|[from] Stealth Rock
|move|p2a: Little Man|Flamethrower|p1a: wray & nephews
|-resisted|p1a: wray & nephews
|-damage|p1a: wray & nephews|58/100
|
|-weather|Sandstorm|[upkeep]
|-damage|p1a: wray & nephews|52/100|[from] Sandstorm
|upkeep
|turn|8
|
|t:|1649624380
|switch|p2a: Baby|Toxapex, M|100/100 par
|move|p1a: wray & nephews|U-turn|p2a: Baby
|-resisted|p2a: Baby
|-damage|p2a: Baby|95/100 par
|-damage|p1a: wray & nephews|36/100|[from] item: Rocky Helmet|[of] p2a: Baby
|
|t:|1649624382
|switch|p1a: compression|Xurkitree, shiny|70/100|[from]move: U-turn
|-damage|p1a: compression|57/100|[from] Stealth Rock
|
|-weather|none
|upkeep
|turn|9
|
|t:|1649624385
|switch|p2a: Mole Man|Excadrill, M|100/100
|move|p1a: compression|Thunderbolt|p2a: Mole Man
|-immune|p2a: Mole Man
|
|upkeep
|turn|10
|
|t:|1649624389
|move|p2a: Mole Man|Earthquake|p1a: compression
|-supereffective|p1a: compression
|-damage|p1a: compression|0 fnt
|faint|p1a: compression
|
|upkeep
|j| ABCDJO
|
|t:|1649624390
|switch|p1a: jiggle physics|Ferrothorn, F|100/100
|-damage|p1a: jiggle physics|94/100|[from] Stealth Rock
|turn|11
|
|t:|1649624397
|switch|p2a: Paloma|Tornadus-Therian, M|100/100
|move|p1a: jiggle physics|Spikes|p2a: Paloma
|-sidestart|p2: CoconutCrabs|Spikes
|
|upkeep
|turn|12
|
|t:|1649624400
|move|p2a: Paloma|Heat Wave|p1a: jiggle physics
|-supereffective|p1a: jiggle physics
|-damage|p1a: jiggle physics|0 fnt
|faint|p1a: jiggle physics
|
|upkeep
|-message|RNGesus forfeited.
|
|win|CoconutCrabs
|raw|RNGesus's rating: 1784 &rarr; <strong>1766</strong><br />(-18 for losing)
|raw|CoconutCrabs's rating: 1826 &rarr; <strong>1844</strong><br />(+18 for winning)
|l|☆RNGesus
|l|☆CoconutCrabs
