|j|☆Ctrl Z-Move
|j|☆Bassyxx
|player|p1|Ctrl Z-Move|188|1308
|player|p2|Bassyxx|teammagmagruntf-gen3|1289
|teamsize|p1|6
|teamsize|p2|6
|gametype|singles
|gen|8
|tier|[Gen 8] OU
|rated|
|html|<div class="broadcast-blue"><strong>OU is currently suspecting Dracovish! For information on how to participate check out the <a href="https://www.smogon.com/forums/threads/3664521/">suspect thread</a>.</strong></div>
|clearpoke
|poke|p1|Hawlucha, M|
|poke|p1|Vanilluxe, F|
|poke|p1|Mantine, M|
|poke|p1|Dragapult, M|
|poke|p1|Rotom-Heat|
|poke|p1|Ferrothorn, F|
|poke|p2|Cinderace, F|
|poke|p2|Kyurem|
|poke|p2|Rotom-Wash|
|poke|p2|Togekiss, F|
|poke|p2|Excadrill, M|
|poke|p2|Rillaboom, F|
|rule|Sleep Clause Mod: Limit one foe put to sleep
|rule|Species Clause: Limit one of each Pokémon
|rule|OHKO Clause: OHKO moves are banned
|rule|Evasion Moves Clause: Evasion moves are banned
|rule|Endless Battle Clause: Forcing endless battles is banned
|rule|HP Percentage Mod: HP is shown in percentages
|rule|Dynamax Clause: You cannot dynamax
|teampreview
|inactive|Battle timer is ON: inactive players will automatically lose when time's up. (requested by Ctrl Z-Move)
|
|start
|switch|p1a: Ferrothorn|Ferrothorn, F|100/100
|switch|p2a: Excadrill|Excadrill, M|100/100
|turn|1
|
|move|p2a: Excadrill|Stealth Rock|p1a: Ferrothorn
|-sidestart|p1: Ctrl Z-Move|move: Stealth Rock
|move|p1a: Ferrothorn|Knock Off|p2a: Excadrill
|-damage|p2a: Excadrill|74/100
|-enditem|p2a: Excadrill|Focus Sash|[from] move: Knock Off|[of] p1a: Ferrothorn
|
|upkeep
|turn|2
|
|move|p2a: Excadrill|Earthquake|p1a: Ferrothorn
|-damage|p1a: Ferrothorn|69/100
|move|p1a: Ferrothorn|Stealth Rock|p2a: Excadrill
|-sidestart|p2: Bassyxx|move: Stealth Rock
|
|upkeep
|turn|3
|
|move|p2a: Excadrill|Rapid Spin|p1a: Ferrothorn
|-resisted|p1a: Ferrothorn
|-damage|p1a: Ferrothorn|63/100
|-boost|p2a: Excadrill|spe|1
|-damage|p2a: Excadrill|61/100|[from] ability: Iron Barbs|[of] p1a: Ferrothorn
|-damage|p2a: Excadrill|45/100|[from] item: Rocky Helmet|[of] p1a: Ferrothorn
|-sideend|p2: Bassyxx|Stealth Rock|[from] move: Rapid Spin|[of] p2a: Excadrill
|move|p1a: Ferrothorn|Leech Seed|p2a: Excadrill
|-start|p2a: Excadrill|move: Leech Seed
|
|-damage|p2a: Excadrill|32/100|[from] Leech Seed|[of] p1a: Ferrothorn
|-heal|p1a: Ferrothorn|78/100|[silent]
|upkeep
|turn|4
|
|switch|p2a: Rillaboom|Rillaboom, F|100/100
|move|p1a: Ferrothorn|Stealth Rock|p2a: Rillaboom
|-sidestart|p2: Bassyxx|move: Stealth Rock
|
|upkeep
|turn|5
|
|move|p2a: Rillaboom|Swords Dance|p2a: Rillaboom
|-boost|p2a: Rillaboom|atk|2
|move|p1a: Ferrothorn|Thunder Wave|p2a: Rillaboom
|-status|p2a: Rillaboom|par
|
|upkeep
|turn|6
|
|switch|p1a: Rotom|Rotom-Heat|100/100
|move|p2a: Rillaboom|Swords Dance|p2a: Rillaboom
|-boost|p2a: Rillaboom|atk|2
|
|upkeep
|turn|7
|
|move|p1a: Rotom|Overheat|p2a: Rillaboom
|-supereffective|p2a: Rillaboom
|-damage|p2a: Rillaboom|0 fnt
|-unboost|p1a: Rotom|spa|2
|faint|p2a: Rillaboom
|
|upkeep
|
|switch|p2a: Rotom|Rotom-Wash|100/100
|-damage|p2a: Rotom|88/100|[from] Stealth Rock
|turn|8
|
|switch|p1a: Ferrothorn|Ferrothorn, F|78/100
|-damage|p1a: Ferrothorn|72/100|[from] Stealth Rock
|move|p2a: Rotom|Volt Switch|p1a: Ferrothorn
|-resisted|p1a: Ferrothorn
|-damage|p1a: Ferrothorn|62/100
|
|switch|p2a: Cinderace|Cinderace, F|100/100|[from]move: Volt Switch
|-damage|p2a: Cinderace|76/100|[from] Stealth Rock
|
|upkeep
|turn|9
|
|switch|p1a: Rotom|Rotom-Heat|100/100
|move|p2a: Cinderace|Pyro Ball|p1a: Rotom
|-resisted|p1a: Rotom
|-damage|p1a: Rotom|58/100
|
|upkeep
|turn|10
|
|switch|p2a: Togekiss|Togekiss, F|100/100
|-damage|p2a: Togekiss|76/100|[from] Stealth Rock
|move|p1a: Rotom|Volt Switch|p2a: Togekiss
|-supereffective|p2a: Togekiss
|-damage|p2a: Togekiss|42/100
|
|switch|p1a: Ferrothorn|Ferrothorn, F|62/100|[from]move: Volt Switch
|-damage|p1a: Ferrothorn|56/100|[from] Stealth Rock
|
|-heal|p2a: Togekiss|48/100|[from] item: Leftovers
|upkeep
|turn|11
|
|switch|p1a: Rotom|Rotom-Heat|58/100
|move|p2a: Togekiss|Thunder Wave|p1a: Rotom|[miss]
|-miss|p2a: Togekiss|p1a: Rotom
|
|-heal|p2a: Togekiss|54/100|[from] item: Leftovers
|upkeep
|turn|12
|
|move|p1a: Rotom|Volt Switch|p2a: Togekiss
|-supereffective|p2a: Togekiss
|-damage|p2a: Togekiss|24/100
|
|switch|p1a: Ferrothorn|Ferrothorn, F|56/100|[from]move: Volt Switch
|-damage|p1a: Ferrothorn|50/100|[from] Stealth Rock
|move|p2a: Togekiss|Defog|p1a: Ferrothorn
|-unboost|p1a: Ferrothorn|evasion|1
|-sideend|p1: Ctrl Z-Move|Stealth Rock|[from] move: Defog|[of] p2a: Togekiss
|-sideend|p2: Bassyxx|Stealth Rock|[from] move: Defog|[of] p2a: Togekiss
|
|-heal|p2a: Togekiss|30/100|[from] item: Leftovers
|upkeep
|turn|13
|
|move|p2a: Togekiss|Wish|p2a: Togekiss
|move|p1a: Ferrothorn|Thunder Wave|p2a: Togekiss|[miss]
|-miss|p1a: Ferrothorn|p2a: Togekiss
|
|-heal|p2a: Togekiss|36/100|[from] item: Leftovers
|upkeep
|turn|14
|
|switch|p2a: Excadrill|Excadrill, M|32/100
|move|p1a: Ferrothorn|Thunder Wave|p2a: Excadrill
|-immune|p2a: Excadrill
|
|-heal|p2a: Excadrill|77/100|[from] move: Wish|[wisher] Togekiss
|upkeep
|turn|15
|
|switch|p2a: Togekiss|Togekiss, F|36/100
|move|p1a: Ferrothorn|Leech Seed|p2a: Togekiss
|-start|p2a: Togekiss|move: Leech Seed
|
|-heal|p2a: Togekiss|42/100|[from] item: Leftovers
|-damage|p2a: Togekiss|30/100|[from] Leech Seed|[of] p1a: Ferrothorn
|-heal|p1a: Ferrothorn|63/100|[silent]
|upkeep
|turn|16
|
|switch|p2a: Cinderace|Cinderace, F|76/100
|move|p1a: Ferrothorn|Stealth Rock|p2a: Cinderace
|-sidestart|p2: Bassyxx|move: Stealth Rock
|
|upkeep
|turn|17
|
|move|p2a: Cinderace|Pyro Ball|p1a: Ferrothorn
|-supereffective|p1a: Ferrothorn
|-damage|p1a: Ferrothorn|0 fnt
|faint|p1a: Ferrothorn
|
|upkeep
|
|switch|p1a: Dragapult|Dragapult, M|100/100
|turn|18
|
|move|p1a: Dragapult|Substitute|p1a: Dragapult
|-start|p1a: Dragapult|Substitute
|-damage|p1a: Dragapult|76/100
|move|p2a: Cinderace|Pyro Ball|p1a: Dragapult
|-resisted|p1a: Dragapult
|-end|p1a: Dragapult|Substitute
|
|-heal|p1a: Dragapult|82/100|[from] item: Leftovers
|upkeep
|turn|19
|
|switch|p1a: Rotom|Rotom-Heat|58/100
|move|p2a: Cinderace|Pyro Ball|p1a: Rotom
|-resisted|p1a: Rotom
|-damage|p1a: Rotom|13/100
|
|upkeep
|turn|20
|
|move|p2a: Cinderace|Pyro Ball|p1a: Rotom
|-resisted|p1a: Rotom
|-damage|p1a: Rotom|0 fnt
|faint|p1a: Rotom
|
|upkeep
|
|switch|p1a: Mantine|Mantine, M|100/100
|turn|21
|
|move|p2a: Cinderace|Pyro Ball|p1a: Mantine
|-resisted|p1a: Mantine
|-damage|p1a: Mantine|67/100
|move|p1a: Mantine|Toxic|p2a: Cinderace
|-status|p2a: Cinderace|tox
|
|-damage|p2a: Cinderace|70/100 tox|[from] psn
|upkeep
|turn|22
|
|move|p2a: Cinderace|Pyro Ball|p1a: Mantine
|-resisted|p1a: Mantine
|-damage|p1a: Mantine|29/100
|move|p1a: Mantine|Roost|p1a: Mantine
|-heal|p1a: Mantine|79/100
|-singleturn|p1a: Mantine|move: Roost
|
|-damage|p2a: Cinderace|58/100 tox|[from] psn
|upkeep
|turn|23
|
|move|p2a: Cinderace|Pyro Ball|p1a: Mantine
|-resisted|p1a: Mantine
|-damage|p1a: Mantine|45/100
|move|p1a: Mantine|Roost|p1a: Mantine
|-heal|p1a: Mantine|95/100
|-singleturn|p1a: Mantine|move: Roost
|
|-damage|p2a: Cinderace|40/100 tox|[from] psn
|upkeep
|turn|24
|
|switch|p2a: Excadrill|Excadrill, M|77/100
|-damage|p2a: Excadrill|74/100|[from] Stealth Rock
|move|p1a: Mantine|Toxic|p2a: Excadrill
|-immune|p2a: Excadrill
|
|upkeep
|turn|25
|
|move|p2a: Excadrill|Rapid Spin|p1a: Mantine
|-damage|p1a: Mantine|84/100
|-boost|p2a: Excadrill|spe|1
|-sideend|p2: Bassyxx|Stealth Rock|[from] move: Rapid Spin|[of] p2a: Excadrill
|move|p1a: Mantine|Scald|p2a: Excadrill
|-supereffective|p2a: Excadrill
|-damage|p2a: Excadrill|25/100
|
|upkeep
|turn|26
|
|move|p2a: Excadrill|Stealth Rock|p1a: Mantine
|-sidestart|p1: Ctrl Z-Move|move: Stealth Rock
|move|p1a: Mantine|Scald|p2a: Excadrill
|-supereffective|p2a: Excadrill
|-damage|p2a: Excadrill|0 fnt
|faint|p2a: Excadrill
|
|upkeep
|
|switch|p2a: Rotom|Rotom-Wash|88/100
|turn|27
|
|move|p2a: Rotom|Trick|p1a: Mantine
|-activate|p2a: Rotom|move: Trick|[of] p1a: Mantine
|-item|p1a: Mantine|Choice Scarf|[from] move: Trick
|-item|p2a: Rotom|Heavy-Duty Boots|[from] move: Trick
|move|p1a: Mantine|Defog|p2a: Rotom
|-unboost|p2a: Rotom|evasion|1
|-sideend|p1: Ctrl Z-Move|Stealth Rock|[from] move: Defog|[of] p1a: Mantine
|
|upkeep
|turn|28
|
|switch|p1a: Vanilluxe|Vanilluxe, F|100/100
|-weather|Hail|[from] ability: Snow Warning|[of] p1a: Vanilluxe
|move|p2a: Rotom|Volt Switch|p1a: Vanilluxe
|-damage|p1a: Vanilluxe|62/100
|
|switch|p2a: Cinderace|Cinderace, F|40/100 tox|[from]move: Volt Switch
|
|-weather|Hail|[upkeep]
|-damage|p2a: Cinderace|34/100 tox|[from] Hail
|-damage|p2a: Cinderace|28/100 tox|[from] psn
|upkeep
|turn|29
|
|switch|p1a: Mantine|Mantine, M|84/100
|move|p2a: Cinderace|High Jump Kick|p1a: Mantine
|-resisted|p1a: Mantine
|-damage|p1a: Mantine|59/100
|
|-weather|Hail|[upkeep]
|-damage|p2a: Cinderace|22/100 tox|[from] Hail
|-damage|p1a: Mantine|53/100|[from] Hail
|-damage|p2a: Cinderace|10/100 tox|[from] psn
|upkeep
|turn|30
|
|move|p2a: Cinderace|High Jump Kick|p1a: Mantine
|-resisted|p1a: Mantine
|-damage|p1a: Mantine|26/100
|move|p1a: Mantine|Toxic|p2a: Cinderace
|-fail|p2a: Cinderace|tox
|
|-weather|Hail|[upkeep]
|-damage|p2a: Cinderace|4/100 tox|[from] Hail
|-damage|p1a: Mantine|20/100|[from] Hail
|-damage|p2a: Cinderace|0 fnt|[from] psn
|faint|p2a: Cinderace
|upkeep
|
|switch|p2a: Rotom|Rotom-Wash|88/100
|turn|31
|
|move|p2a: Rotom|Volt Switch|p1a: Mantine
|-supereffective|p1a: Mantine
|-damage|p1a: Mantine|0 fnt
|faint|p1a: Mantine
|
|switch|p2a: Kyurem|Kyurem|100/100|[from]move: Volt Switch
|-ability|p2a: Kyurem|Pressure
|
|-weather|Hail|[upkeep]
|upkeep
|
|switch|p1a: Hawlucha|Hawlucha, M|100/100
|turn|32
|
|move|p1a: Hawlucha|Close Combat|p2a: Kyurem
|-supereffective|p2a: Kyurem
|-damage|p2a: Kyurem|12/100
|-unboost|p1a: Hawlucha|def|1
|-unboost|p1a: Hawlucha|spd|1
|move|p2a: Kyurem|Freeze-Dry|p1a: Hawlucha
|-supereffective|p1a: Hawlucha
|-damage|p1a: Hawlucha|0 fnt
|faint|p1a: Hawlucha
|
|-weather|none
|upkeep
|
|switch|p1a: Vanilluxe|Vanilluxe, F|62/100
|-weather|Hail|[from] ability: Snow Warning|[of] p1a: Vanilluxe
|turn|33
|
|move|p1a: Vanilluxe|Freeze-Dry|p2a: Kyurem
|-damage|p2a: Kyurem|0 fnt
|faint|p2a: Kyurem
|
|-weather|Hail|[upkeep]
|upkeep
|
|switch|p2a: Togekiss|Togekiss, F|30/100
|turn|34
|
|move|p1a: Vanilluxe|Freeze-Dry|p2a: Togekiss
|-supereffective|p2a: Togekiss
|-damage|p2a: Togekiss|0 fnt
|faint|p2a: Togekiss
|
|-weather|Hail|[upkeep]
|upkeep
|c|☆Ctrl Z-Move|gg
|
|switch|p2a: Rotom|Rotom-Wash|88/100
|turn|35
|
|move|p1a: Vanilluxe|Freeze-Dry|p2a: Rotom
|-supereffective|p2a: Rotom
|-crit|p2a: Rotom
|-damage|p2a: Rotom|0 fnt
|faint|p2a: Rotom
|
|win|Ctrl Z-Move
|raw|Ctrl Z-Move's rating: 1308 &rarr; <strong>1327</strong><br />(+19 for winning)
|raw|Bassyxx's rating: 1289 &rarr; <strong>1266</strong><br />(-23 for losing)
|c|☆Bassyxx|K
|l|☆Bassyxx
