|j|☆dreaming eyes
|j|☆galarian dragapult
|t:|1632765879
|gametype|singles
|player|p1|dreaming eyes|pokemonranger-gen4|1516
|player|p2|galarian dragapult|266|1618
|teamsize|p1|6
|teamsize|p2|6
|gen|8
|tier|[Gen 8] OU
|rated|
|rule|Sleep Clause Mod: Limit one foe put to sleep
|rule|Species Clause: Limit one of each Pokémon
|rule|OHKO Clause: OHKO moves are banned
|rule|Evasion Moves Clause: Evasion moves are banned
|rule|Endless Battle Clause: Forcing endless battles is banned
|rule|HP Percentage Mod: HP is shown in percentages
|rule|Dynamax Clause: You cannot dynamax
|clearpoke
|poke|p1|Slowking-Galar, F|
|poke|p1|Garchomp, M|
|poke|p1|Urshifu-*, F|
|poke|p1|Kartana|
|poke|p1|Corviknight, F|
|poke|p1|Weavile, M|
|poke|p2|Dragapult, M|
|poke|p2|Heatran, M|
|poke|p2|Magnezone|
|poke|p2|Landorus-Therian, M|
|poke|p2|Tapu Fini|
|poke|p2|Melmetal|
|teampreview
|inactive|Battle timer is ON: inactive players will automatically lose when time's up. (requested by dreaming eyes)
|
|t:|1632765899
|start
|switch|p1a: Urshifu|Urshifu-Rapid-Strike, F|100/100
|switch|p2a: Dragapult|Dragapult, M|100/100
|turn|1
|inactive|dreaming eyes has 120 seconds left.
|
|t:|1632765935
|move|p1a: Urshifu|Ice Punch|p2a: Dragapult
|-supereffective|p2a: Dragapult
|-damage|p2a: Dragapult|31/100
|move|p2a: Dragapult|Shadow Ball|p1a: Urshifu
|-damage|p1a: Urshifu|19/100
|
|upkeep
|turn|2
|inactive|dreaming eyes has 120 seconds left.
|
|t:|1632765963
|move|p1a: Urshifu|Ice Punch|p2a: Dragapult
|-supereffective|p2a: Dragapult
|-damage|p2a: Dragapult|0 fnt
|faint|p2a: Dragapult
|
|upkeep
|inactive|galarian dragapult has 120 seconds left.
|
|t:|1632765973
|switch|p2a: Heatran|Heatran, M|100/100
|turn|3
|
|t:|1632765978
|switch|p1a: Garchomp|Garchomp, M, shiny|100/100
|move|p2a: Heatran|Stealth Rock|p1a: Garchomp
|-sidestart|p1: dreaming eyes|move: Stealth Rock
|
|upkeep
|turn|4
|j| RTSG tests
|
|t:|1632765986
|switch|p2a: Landorus|Landorus-Therian, M|100/100
|-ability|p2a: Landorus|Intimidate|boost
|-unboost|p1a: Garchomp|atk|1
|move|p1a: Garchomp|Stealth Rock|p2a: Landorus
|-sidestart|p2: galarian dragapult|move: Stealth Rock
|
|upkeep
|turn|5
|
|t:|1632765990
|move|p1a: Garchomp|Toxic|p2a: Landorus
|-status|p2a: Landorus|tox
|move|p2a: Landorus|Earthquake|p1a: Garchomp
|-damage|p1a: Garchomp|68/100
|
|-heal|p1a: Garchomp|74/100|[from] item: Leftovers
|-damage|p2a: Landorus|94/100 tox|[from] psn
|upkeep
|turn|6
|
|t:|1632765996
|move|p1a: Garchomp|Protect|p1a: Garchomp
|-singleturn|p1a: Garchomp|Protect
|move|p2a: Landorus|U-turn|p1a: Garchomp
|-activate|p1a: Garchomp|move: Protect
|
|-heal|p1a: Garchomp|80/100|[from] item: Leftovers
|-heal|p2a: Landorus|100/100 tox|[from] item: Leftovers
|-damage|p2a: Landorus|88/100 tox|[from] psn
|upkeep
|turn|7
|
|t:|1632766004
|move|p1a: Garchomp|Protect|p1a: Garchomp
|-singleturn|p1a: Garchomp|Protect
|move|p2a: Landorus|Earthquake|p1a: Garchomp
|-activate|p1a: Garchomp|move: Protect
|
|-heal|p1a: Garchomp|86/100|[from] item: Leftovers
|-heal|p2a: Landorus|94/100 tox|[from] item: Leftovers
|-damage|p2a: Landorus|76/100 tox|[from] psn
|upkeep
|turn|8
|
|t:|1632766019
|switch|p2a: Tapu Fini|Tapu Fini|100/100
|-damage|p2a: Tapu Fini|88/100|[from] Stealth Rock
|-fieldstart|move: Misty Terrain|[from] ability: Misty Surge|[of] p2a: Tapu Fini
|move|p1a: Garchomp|Protect||[still]
|-fail|p1a: Garchomp
|
|-heal|p1a: Garchomp|92/100|[from] item: Leftovers
|-heal|p2a: Tapu Fini|94/100|[from] item: Leftovers
|upkeep
|turn|9
|l| RTSG tests
|
|t:|1632766031
|switch|p1a: Slowking|Slowking-Galar, F, shiny|100/100
|-damage|p1a: Slowking|88/100|[from] Stealth Rock
|move|p2a: Tapu Fini|Calm Mind|p2a: Tapu Fini
|-boost|p2a: Tapu Fini|spa|1
|-boost|p2a: Tapu Fini|spd|1
|
|-heal|p2a: Tapu Fini|100/100|[from] item: Leftovers
|upkeep
|turn|10
|
|t:|1632766037
|move|p2a: Tapu Fini|Calm Mind|p2a: Tapu Fini
|-boost|p2a: Tapu Fini|spa|1
|-boost|p2a: Tapu Fini|spd|1
|move|p1a: Slowking|Sludge Bomb|p2a: Tapu Fini
|-supereffective|p2a: Tapu Fini
|-damage|p2a: Tapu Fini|62/100
|
|-heal|p2a: Tapu Fini|68/100|[from] item: Leftovers
|upkeep
|turn|11
|
|t:|1632766042
|move|p2a: Tapu Fini|Calm Mind|p2a: Tapu Fini
|-boost|p2a: Tapu Fini|spa|1
|-boost|p2a: Tapu Fini|spd|1
|move|p1a: Slowking|Future Sight|p2a: Tapu Fini
|-start|p1a: Slowking|move: Future Sight
|
|-heal|p2a: Tapu Fini|74/100|[from] item: Leftovers
|upkeep
|turn|12
|
|t:|1632766047
|move|p2a: Tapu Fini|Calm Mind|p2a: Tapu Fini
|-boost|p2a: Tapu Fini|spa|1
|-boost|p2a: Tapu Fini|spd|1
|move|p1a: Slowking|Sludge Bomb|p2a: Tapu Fini
|-supereffective|p2a: Tapu Fini
|-damage|p2a: Tapu Fini|52/100
|
|-heal|p2a: Tapu Fini|58/100|[from] item: Leftovers
|-fieldend|Misty Terrain
|upkeep
|turn|13
|
|t:|1632766060
|move|p2a: Tapu Fini|Scald|p1a: Slowking
|-damage|p1a: Slowking|47/100
|move|p1a: Slowking|Sludge Bomb|p2a: Tapu Fini
|-supereffective|p2a: Tapu Fini
|-damage|p2a: Tapu Fini|34/100
|
|-end|p2a: Tapu Fini|move: Future Sight
|-damage|p2a: Tapu Fini|19/100
|-heal|p2a: Tapu Fini|25/100|[from] item: Leftovers
|upkeep
|turn|14
|
|t:|1632766069
|move|p2a: Tapu Fini|Scald|p1a: Slowking
|-damage|p1a: Slowking|10/100
|move|p1a: Slowking|Sludge Bomb|p2a: Tapu Fini
|-supereffective|p2a: Tapu Fini
|-damage|p2a: Tapu Fini|1/100
|
|-heal|p2a: Tapu Fini|7/100|[from] item: Leftovers
|upkeep
|turn|15
|
|t:|1632766080
|move|p2a: Tapu Fini|Draining Kiss|p1a: Slowking
|-resisted|p1a: Slowking
|-damage|p1a: Slowking|0 fnt
|-heal|p2a: Tapu Fini|15/100|[from] drain|[of] p1a: Slowking
|faint|p1a: Slowking
|
|-heal|p2a: Tapu Fini|21/100|[from] item: Leftovers
|upkeep
|
|t:|1632766098
|switch|p1a: Garchomp|Garchomp, M, shiny|92/100
|-damage|p1a: Garchomp|86/100|[from] Stealth Rock
|turn|16
|
|t:|1632766100
|move|p1a: Garchomp|Earthquake|p2a: Tapu Fini
|-damage|p2a: Tapu Fini|0 fnt
|faint|p2a: Tapu Fini
|
|-heal|p1a: Garchomp|92/100|[from] item: Leftovers
|upkeep
|
|t:|1632766104
|switch|p2a: Melmetal|Melmetal|100/100
|-damage|p2a: Melmetal|94/100|[from] Stealth Rock
|turn|17
|
|t:|1632766110
|move|p1a: Garchomp|Earthquake|p2a: Melmetal
|-supereffective|p2a: Melmetal
|-damage|p2a: Melmetal|37/100
|move|p2a: Melmetal|Toxic|p1a: Garchomp
|-status|p1a: Garchomp|tox
|
|-heal|p1a: Garchomp|99/100 tox|[from] item: Leftovers
|-heal|p2a: Melmetal|44/100|[from] item: Leftovers
|-damage|p1a: Garchomp|92/100 tox|[from] psn
|upkeep
|turn|18
|
|t:|1632766120
|switch|p1a: Urshifu|Urshifu-Rapid-Strike, F|19/100
|-damage|p1a: Urshifu|13/100|[from] Stealth Rock
|move|p2a: Melmetal|Protect||[still]
|-fail|p2a: Melmetal
|
|-heal|p2a: Melmetal|50/100|[from] item: Leftovers
|upkeep
|turn|19
|
|t:|1632766133
|move|p1a: Urshifu|Close Combat|p2a: Melmetal
|-supereffective|p2a: Melmetal
|-damage|p2a: Melmetal|0 fnt
|-unboost|p1a: Urshifu|def|1
|-unboost|p1a: Urshifu|spd|1
|faint|p2a: Melmetal
|
|upkeep
|
|t:|1632766136
|switch|p2a: Landorus|Landorus-Therian, M|76/100 tox
|-damage|p2a: Landorus|64/100 tox|[from] Stealth Rock
|-ability|p2a: Landorus|Intimidate|boost
|-unboost|p1a: Urshifu|atk|1
|turn|20
|
|t:|1632766145
|switch|p1a: Garchomp|Garchomp, M, shiny|92/100 tox
|-damage|p1a: Garchomp|86/100 tox|[from] Stealth Rock
|move|p2a: Landorus|U-turn|p1a: Garchomp
|-damage|p1a: Garchomp|69/100 tox
|-damage|p2a: Landorus|52/100 tox|[from] ability: Rough Skin|[of] p1a: Garchomp
|-message|galarian dragapult forfeited.
|
|win|dreaming eyes
|raw|dreaming eyes's rating: 1516 &rarr; <strong>1542</strong><br />(+26 for winning)
|raw|galarian dragapult's rating: 1618 &rarr; <strong>1592</strong><br />(-26 for losing)
|l|☆galarian dragapult
