|j|☆LT_Alt1
|j|☆walch5566
|t:|1661249498
|gametype|singles
|player|p1|LT_Alt1|2|1760
|player|p2|walch5566|102|1723
|teamsize|p1|6
|teamsize|p2|6
|gen|8
|tier|[Gen 8] OU
|rated|
|rule|Sleep Clause Mod: Limit one foe put to sleep
|rule|Species Clause: Limit one of each Pokémon
|rule|OHKO Clause: OHKO moves are banned
|rule|Evasion Items Clause: Evasion items are banned
|rule|Evasion Moves Clause: Evasion moves are banned
|rule|Endless Battle Clause: Forcing endless battles is banned
|rule|HP Percentage Mod: HP is shown in percentages
|rule|Dynamax Clause: You cannot dynamax
|clearpoke
|poke|p1|Alakazam, F|
|poke|p1|Chansey, F|
|poke|p1|Zapdos|
|poke|p1|Clefable, F|
|poke|p1|Slowbro, F|
|poke|p1|Rhydon, F|
|poke|p2|Seismitoad, M|
|poke|p2|Hawlucha, F|
|poke|p2|Gengar, M|
|poke|p2|Melmetal|
|poke|p2|Rillaboom, F|
|poke|p2|Kartana|
|teampreview
|
|t:|1661249507
|start
|switch|p1a: Rhydon|Rhydon, F|100/100
|switch|p2a: Gengar|Gengar, M|100/100
|turn|1
|j| lt94je ACII
|
|t:|1661249512
|switch|p2a: Seismitoad|Seismitoad, M|100/100
|move|p1a: Rhydon|Stealth Rock|p2a: Seismitoad
|-sidestart|p2: walch5566|move: Stealth Rock
|
|upkeep
|turn|2
|
|t:|1661249517
|move|p2a: Seismitoad|Stealth Rock|p1a: Rhydon
|-sidestart|p1: LT_Alt1|move: Stealth Rock
|move|p1a: Rhydon|Earthquake|p2a: Seismitoad
|-damage|p2a: Seismitoad|58/100
|
|-heal|p2a: Seismitoad|65/100|[from] item: Leftovers
|upkeep
|turn|3
|
|t:|1661249523
|switch|p1a: Slowbro|Slowbro, F|100/100
|-damage|p1a: Slowbro|88/100|[from] Stealth Rock
|move|p2a: Seismitoad|Scald|p1a: Slowbro
|-resisted|p1a: Slowbro
|-damage|p1a: Slowbro|76/100
|-status|p1a: Slowbro|brn
|
|-heal|p2a: Seismitoad|71/100|[from] item: Leftovers
|-damage|p1a: Slowbro|70/100 brn|[from] brn
|upkeep
|turn|4
|
|t:|1661249534
|move|p2a: Seismitoad|Knock Off|p1a: Slowbro
|-supereffective|p1a: Slowbro
|-damage|p1a: Slowbro|46/100 brn
|-damage|p2a: Seismitoad|54/100|[from] item: Rocky Helmet|[of] p1a: Slowbro
|-enditem|p1a: Slowbro|Rocky Helmet|[from] move: Knock Off|[of] p2a: Seismitoad
|move|p1a: Slowbro|Future Sight|p2a: Seismitoad
|-start|p1a: Slowbro|move: Future Sight
|
|-heal|p2a: Seismitoad|60/100|[from] item: Leftovers
|-damage|p1a: Slowbro|40/100 brn|[from] brn
|upkeep
|turn|5
|
|t:|1661249543
|move|p2a: Seismitoad|Knock Off|p1a: Slowbro
|-supereffective|p1a: Slowbro
|-damage|p1a: Slowbro|24/100 brn
|move|p1a: Slowbro|Teleport|p1a: Slowbro
|
|t:|1661249554
|switch|p1a: Clefable|Clefable, F|100/100|[from]move: Teleport
|
|-heal|p2a: Seismitoad|66/100|[from] item: Leftovers
|upkeep
|turn|6
|
|t:|1661249560
|switch|p1a: Slowbro|Slowbro, F|58/100 brn
|-damage|p1a: Slowbro|45/100 brn|[from] Stealth Rock
|switch|p2a: Melmetal|Melmetal|100/100
|-damage|p2a: Melmetal|94/100|[from] Stealth Rock
|
|-end|p2a: Melmetal|move: Future Sight
|-resisted|p2a: Melmetal
|-damage|p2a: Melmetal|84/100
|-damage|p1a: Slowbro|39/100 brn|[from] brn
|upkeep
|turn|7
|
|t:|1661249572
|switch|p1a: Zapdos|Zapdos|100/100
|move|p2a: Melmetal|Double Iron Bash|p1a: Zapdos
|-resisted|p1a: Zapdos
|-damage|p1a: Zapdos|85/100
|-resisted|p1a: Zapdos
|-damage|p1a: Zapdos|69/100
|-status|p2a: Melmetal|par|[from] ability: Static|[of] p1a: Zapdos
|-hitcount|p1a: Zapdos|2
|
|upkeep
|turn|8
|
|t:|1661249580
|switch|p2a: Gengar|Gengar, M|100/100
|-damage|p2a: Gengar|88/100|[from] Stealth Rock
|move|p1a: Zapdos|Volt Switch|p2a: Gengar
|-damage|p2a: Gengar|40/100
|-start|p1a: Zapdos|Disable|Volt Switch|[from] ability: Cursed Body|[of] p2a: Gengar
|
|t:|1661249592
|switch|p1a: Rhydon|Rhydon, F|100/100|[from]move: Volt Switch
|-damage|p1a: Rhydon|94/100|[from] Stealth Rock
|
|upkeep
|turn|9
|
|t:|1661249597
|switch|p2a: Seismitoad|Seismitoad, M|66/100
|-damage|p2a: Seismitoad|60/100|[from] Stealth Rock
|move|p1a: Rhydon|Stone Edge|p2a: Seismitoad
|-resisted|p2a: Seismitoad
|-damage|p2a: Seismitoad|40/100
|
|-heal|p2a: Seismitoad|46/100|[from] item: Leftovers
|upkeep
|turn|10
|inactive|Battle timer is ON: inactive players will automatically lose when time's up. (requested by walch5566)
|
|t:|1661249618
|switch|p2a: Gengar|Gengar, M|40/100
|-damage|p2a: Gengar|28/100|[from] Stealth Rock
|switch|p1a: Slowbro|Slowbro, F|72/100 brn
|-damage|p1a: Slowbro|60/100 brn|[from] Stealth Rock
|
|-damage|p1a: Slowbro|54/100 brn|[from] brn
|upkeep
|turn|11
|l| lt94je ACII
|j| kuai_hao_kuai
|inactive|walch5566 has 120 seconds left.
|j| Punicorn34
|
|t:|1661249656
|switch|p1a: Chansey|Chansey, F|100/100
|-damage|p1a: Chansey|88/100|[from] Stealth Rock
|move|p2a: Gengar|Trick|p1a: Chansey
|-activate|p2a: Gengar|move: Trick|[of] p1a: Chansey
|-item|p1a: Chansey|Choice Specs|[from] move: Trick
|-item|p2a: Gengar|Eviolite|[from] move: Trick
|
|upkeep
|turn|12
|inactive|walch5566 has 120 seconds left.
|
|t:|1661249666
|switch|p2a: Rillaboom|Rillaboom, F|100/100
|-damage|p2a: Rillaboom|88/100|[from] Stealth Rock
|-fieldstart|move: Grassy Terrain|[from] ability: Grassy Surge|[of] p2a: Rillaboom
|move|p1a: Chansey|Teleport|p1a: Chansey
|
|t:|1661249672
|switch|p1a: Zapdos|Zapdos|69/100|[from]move: Teleport
|
|-heal|p2a: Rillaboom|94/100|[from] Grassy Terrain
|upkeep
|turn|13
|
|t:|1661249679
|switch|p2a: Seismitoad|Seismitoad, M|46/100
|-damage|p2a: Seismitoad|40/100|[from] Stealth Rock
|move|p1a: Zapdos|Hurricane|p2a: Seismitoad|[miss]
|-miss|p1a: Zapdos|p2a: Seismitoad
|
|-heal|p2a: Seismitoad|46/100|[from] Grassy Terrain
|-heal|p2a: Seismitoad|52/100|[from] item: Leftovers
|upkeep
|turn|14
|
|t:|1661249693
|switch|p1a: Alakazam|Alakazam, F|100/100
|move|p2a: Seismitoad|Toxic|p1a: Alakazam|[miss]
|-miss|p2a: Seismitoad|p1a: Alakazam
|
|-heal|p2a: Seismitoad|58/100|[from] Grassy Terrain
|-heal|p2a: Seismitoad|65/100|[from] item: Leftovers
|upkeep
|turn|15
|
|t:|1661249700
|switch|p2a: Melmetal|Melmetal|84/100 par
|-damage|p2a: Melmetal|78/100 par|[from] Stealth Rock
|move|p1a: Alakazam|Encore||[still]
|-fail|p1a: Alakazam
|
|-heal|p2a: Melmetal|84/100 par|[from] Grassy Terrain
|upkeep
|turn|16
|
|t:|1661249715
|switch|p1a: Slowbro|Slowbro, F|87/100 brn
|-damage|p1a: Slowbro|75/100 brn|[from] Stealth Rock
|switch|p2a: Gengar|Gengar, M|28/100
|-damage|p2a: Gengar|15/100|[from] Stealth Rock
|
|-heal|p2a: Gengar|21/100|[from] Grassy Terrain
|-heal|p1a: Slowbro|81/100 brn|[from] Grassy Terrain
|-damage|p1a: Slowbro|75/100 brn|[from] brn
|-fieldend|move: Grassy Terrain
|upkeep
|turn|17
|l| kuai_hao_kuai
|
|t:|1661249728
|switch|p1a: Chansey|Chansey, F|88/100
|-damage|p1a: Chansey|75/100|[from] Stealth Rock
|move|p2a: Gengar|Shadow Ball|p1a: Chansey
|-immune|p1a: Chansey
|
|upkeep
|turn|18
|
|t:|1661249734
|move|p2a: Gengar|Focus Blast|p1a: Chansey
|-supereffective|p1a: Chansey
|-damage|p1a: Chansey|36/100
|move|p1a: Chansey|Teleport|p1a: Chansey
|
|t:|1661249740
|switch|p1a: Alakazam|Alakazam, F|100/100|[from]move: Teleport
|
|upkeep
|turn|19
|
|t:|1661249743
|switch|p2a: Melmetal|Melmetal|84/100 par
|-damage|p2a: Melmetal|78/100 par|[from] Stealth Rock
|move|p1a: Alakazam|Psychic|p2a: Melmetal
|-resisted|p2a: Melmetal
|-damage|p2a: Melmetal|62/100 par
|-unboost|p2a: Melmetal|spd|1
|
|upkeep
|turn|20
|
|t:|1661249753
|switch|p1a: Slowbro|Slowbro, F|100/100 brn
|-damage|p1a: Slowbro|88/100 brn|[from] Stealth Rock
|move|p2a: Melmetal|Double Iron Bash|p1a: Slowbro
|-resisted|p1a: Slowbro
|-damage|p1a: Slowbro|78/100 brn
|-resisted|p1a: Slowbro
|-damage|p1a: Slowbro|66/100 brn
|-hitcount|p1a: Slowbro|2
|
|-damage|p1a: Slowbro|60/100 brn|[from] brn
|upkeep
|turn|21
|
|t:|1661249763
|move|p2a: Melmetal|Double Iron Bash|p1a: Slowbro
|-resisted|p1a: Slowbro
|-damage|p1a: Slowbro|49/100 brn
|-resisted|p1a: Slowbro
|-damage|p1a: Slowbro|39/100 brn
|-hitcount|p1a: Slowbro|2
|move|p1a: Slowbro|Teleport|p1a: Slowbro
|
|t:|1661249770
|switch|p1a: Zapdos|Zapdos|69/100|[from]move: Teleport
|
|upkeep
|turn|22
|
|t:|1661249775
|move|p1a: Zapdos|Hurricane|p2a: Melmetal|[miss]
|-miss|p1a: Zapdos|p2a: Melmetal
|cant|p2a: Melmetal|par
|
|upkeep
|turn|23
|
|t:|1661249781
|move|p1a: Zapdos|Volt Switch|p2a: Melmetal
|-damage|p2a: Melmetal|42/100 par
|
|t:|1661249785
|switch|p1a: Slowbro|Slowbro, F|72/100 brn|[from]move: Volt Switch
|-damage|p1a: Slowbro|59/100 brn|[from] Stealth Rock
|move|p2a: Melmetal|Earthquake|p1a: Slowbro
|-damage|p1a: Slowbro|38/100 brn
|
|-damage|p1a: Slowbro|32/100 brn|[from] brn
|upkeep
|turn|24
|
|t:|1661249795
|move|p1a: Slowbro|Body Press|p2a: Melmetal
|-supereffective|p2a: Melmetal
|-damage|p2a: Melmetal|25/100 par
|move|p2a: Melmetal|Double Iron Bash|p1a: Slowbro
|-resisted|p1a: Slowbro
|-damage|p1a: Slowbro|21/100 brn
|-resisted|p1a: Slowbro
|-crit|p1a: Slowbro
|-damage|p1a: Slowbro|6/100 brn
|-hitcount|p1a: Slowbro|2
|
|-damage|p1a: Slowbro|0 fnt|[from] brn
|faint|p1a: Slowbro
|upkeep
|inactive|LT_Alt1 has 120 seconds left.
|inactiveoff|Battle timer is now OFF.
|
|t:|1661249847
|switch|p1a: Rhydon|Rhydon, F|94/100
|-damage|p1a: Rhydon|88/100|[from] Stealth Rock
|turn|25
|
|t:|1661249859
|move|p1a: Rhydon|Fire Punch|p2a: Melmetal
|-supereffective|p2a: Melmetal
|-damage|p2a: Melmetal|0 fnt
|faint|p2a: Melmetal
|
|upkeep
|
|t:|1661249864
|switch|p2a: Rillaboom|Rillaboom, F|94/100
|-damage|p2a: Rillaboom|82/100|[from] Stealth Rock
|-fieldstart|move: Grassy Terrain|[from] ability: Grassy Surge|[of] p2a: Rillaboom
|turn|26
|
|t:|1661249873
|switch|p1a: Chansey|Chansey, F|36/100
|-damage|p1a: Chansey|23/100|[from] Stealth Rock
|move|p2a: Rillaboom|Swords Dance|p2a: Rillaboom
|-boost|p2a: Rillaboom|atk|2
|
|-heal|p2a: Rillaboom|88/100|[from] Grassy Terrain
|-heal|p1a: Chansey|29/100|[from] Grassy Terrain
|upkeep
|turn|27
|
|t:|1661249881
|move|p2a: Rillaboom|Knock Off|p1a: Chansey
|-damage|p1a: Chansey|0 fnt
|-enditem|p1a: Chansey|Choice Specs|[from] move: Knock Off|[of] p2a: Rillaboom
|faint|p1a: Chansey
|-damage|p2a: Rillaboom|78/100|[from] item: Life Orb
|
|-heal|p2a: Rillaboom|84/100|[from] Grassy Terrain
|upkeep
|
|t:|1661249889
|switch|p1a: Zapdos|Zapdos|69/100
|turn|28
|
|t:|1661249895
|move|p2a: Rillaboom|Grassy Glide|p1a: Zapdos
|-resisted|p1a: Zapdos
|-damage|p1a: Zapdos|9/100
|-damage|p2a: Rillaboom|75/100|[from] item: Life Orb
|move|p1a: Zapdos|Hurricane|p2a: Rillaboom|[miss]
|-miss|p1a: Zapdos|p2a: Rillaboom
|
|-heal|p2a: Rillaboom|81/100|[from] Grassy Terrain
|upkeep
|turn|29
|
|t:|1661249906
|move|p2a: Rillaboom|Grassy Glide|p1a: Zapdos
|-resisted|p1a: Zapdos
|-damage|p1a: Zapdos|0 fnt
|faint|p1a: Zapdos
|-damage|p2a: Rillaboom|71/100|[from] item: Life Orb
|
|-heal|p2a: Rillaboom|77/100|[from] Grassy Terrain
|upkeep
|-message|LT_Alt1 forfeited.
|
|win|walch5566
|raw|LT_Alt1's rating: 1760 &rarr; <strong>1738</strong><br />(-22 for losing)
|raw|walch5566's rating: 1723 &rarr; <strong>1745</strong><br />(+22 for winning)
|l|☆LT_Alt1
||Ladder isn't responding, score probably updated but might not have (Request timeout).
