|j|☆Pepo0142
|j|☆FENDINI
|t:|1653181500
|gametype|singles
|player|p1|Pepo0142|roughneck-gen4|1636
|player|p2|FENDINI|n|1664
|teamsize|p1|6
|teamsize|p2|6
|gen|8
|tier|[Gen 8] OU
|rated|
|rule|Sleep Clause Mod: Limit one foe put to sleep
|rule|Species Clause: Limit one of each Pokémon
|rule|OHKO Clause: OHKO moves are banned
|rule|Evasion Moves Clause: Evasion moves are banned
|rule|Endless Battle Clause: Forcing endless battles is banned
|rule|HP Percentage Mod: HP is shown in percentages
|rule|Dynamax Clause: You cannot dynamax
|clearpoke
|poke|p1|Espeon, F|
|poke|p1|Kommo-o, M|
|poke|p1|Melmetal|
|poke|p1|Zapdos|
|poke|p1|Nidoking, M|
|poke|p1|Blaziken, M|
|poke|p2|Dragapult, M|
|poke|p2|Urshifu-*, M|
|poke|p2|Tapu Lele|
|poke|p2|Tornadus-Therian, M|
|poke|p2|Landorus-Therian, M|
|poke|p2|Ferrothorn, M|
|teampreview
|inactive|Battle timer is ON: inactive players will automatically lose when time's up. (requested by Pepo0142)
|inactive|Pepo0142 has 120 seconds left.
|inactive|FENDINI has 120 seconds left.
|
|t:|1653181544
|start
|switch|p1a: Espeon|Espeon, F|100/100
|switch|p2a: Dragapult|Dragapult, M|100/100
|turn|1
|
|t:|1653181556
|switch|p1a: Zapdos|Zapdos|100/100
|move|p2a: Dragapult|U-turn|p1a: Zapdos
|-resisted|p1a: Zapdos
|-damage|p1a: Zapdos|94/100
|-damage|p2a: Dragapult|84/100|[from] item: Rocky Helmet|[of] p1a: Zapdos
|
|t:|1653181565
|switch|p2a: Landorus|Landorus-Therian, M|100/100|[from]move: U-turn
|-ability|p2a: Landorus|Intimidate|boost
|-unboost|p1a: Zapdos|atk|1
|
|upkeep
|turn|2
|
|t:|1653181577
|switch|p2a: Tornadus|Tornadus-Therian, M|100/100
|switch|p1a: Espeon|Espeon, F|100/100
|
|upkeep
|turn|3
|
|t:|1653181594
|switch|p1a: Zapdos|Zapdos|94/100
|move|p2a: Tornadus|U-turn|p1a: Zapdos
|-resisted|p1a: Zapdos
|-damage|p1a: Zapdos|89/100
|-damage|p2a: Tornadus|84/100|[from] item: Rocky Helmet|[of] p1a: Zapdos
|
|t:|1653181596
|switch|p2a: Dragapult|Dragapult, M|84/100|[from]move: U-turn
|
|upkeep
|turn|4
|
|t:|1653181599
|move|p2a: Dragapult|Shadow Ball|p1a: Zapdos
|-damage|p1a: Zapdos|42/100
|move|p1a: Zapdos|Roost|p1a: Zapdos
|-heal|p1a: Zapdos|92/100
|-singleturn|p1a: Zapdos|move: Roost
|
|upkeep
|turn|5
|
|t:|1653181604
|switch|p1a: Kommo-o|Kommo-o, M|100/100
|move|p2a: Dragapult|Shadow Ball|p1a: Kommo-o
|-immune|p1a: Kommo-o|[from] ability: Bulletproof
|
|upkeep
|turn|6
|
|t:|1653181609
|switch|p2a: Tornadus|Tornadus-Therian, M|100/100
|move|p1a: Kommo-o|Drain Punch|p2a: Tornadus
|-resisted|p2a: Tornadus
|-damage|p2a: Tornadus|81/100
|
|upkeep
|turn|7
|
|t:|1653181616
|switch|p2a: Tapu Lele|Tapu Lele|100/100
|-fieldstart|move: Psychic Terrain|[from] ability: Psychic Surge|[of] p2a: Tapu Lele
|switch|p1a: Zapdos|Zapdos|92/100
|
|upkeep
|turn|8
|
|t:|1653181622
|switch|p1a: Melmetal|Melmetal|100/100
|move|p2a: Tapu Lele|Psychic|p1a: Melmetal
|-resisted|p1a: Melmetal
|-damage|p1a: Melmetal|75/100
|
|upkeep
|turn|9
|
|t:|1653181627
|switch|p2a: Ferrothorn|Ferrothorn, M|100/100
|move|p1a: Melmetal|Ice Punch|p2a: Ferrothorn
|-damage|p2a: Ferrothorn|67/100
|-damage|p1a: Melmetal|62/100|[from] ability: Iron Barbs|[of] p2a: Ferrothorn
|
|-heal|p2a: Ferrothorn|74/100|[from] item: Leftovers
|upkeep
|turn|10
|
|t:|1653181632
|switch|p1a: Espeon|Espeon, F|100/100
|move|p2a: Ferrothorn|Leech Seed|p1a: Espeon
|move|p1a: Espeon|Leech Seed|p2a: Ferrothorn|[from]ability: Magic Bounce
|-immune|p2a: Ferrothorn
|
|-heal|p2a: Ferrothorn|80/100|[from] item: Leftovers
|upkeep
|turn|11
|
|t:|1653181637
|move|p1a: Espeon|Reflect|p1a: Espeon
|-sidestart|p1: Pepo0142|Reflect
|move|p2a: Ferrothorn|Knock Off|p1a: Espeon
|-supereffective|p1a: Espeon
|-damage|p1a: Espeon|80/100
|-enditem|p1a: Espeon|Light Clay|[from] move: Knock Off|[of] p2a: Ferrothorn
|
|-heal|p2a: Ferrothorn|86/100|[from] item: Leftovers
|-fieldend|move: Psychic Terrain
|upkeep
|turn|12
|
|t:|1653181644
|switch|p2a: Dragapult|Dragapult, M|84/100
|move|p1a: Espeon|Light Screen|p1a: Espeon
|-sidestart|p1: Pepo0142|move: Light Screen
|
|upkeep
|turn|13
|
|t:|1653181649
|switch|p1a: Zapdos|Zapdos|92/100
|move|p2a: Dragapult|Shadow Ball|p1a: Zapdos
|-damage|p1a: Zapdos|40/100
|
|upkeep
|turn|14
|
|t:|1653181655
|move|p2a: Dragapult|Shadow Ball|p1a: Zapdos
|-damage|p1a: Zapdos|0 fnt
|faint|p1a: Zapdos
|
|upkeep
|
|t:|1653181663
|switch|p1a: Blaziken|Blaziken, M|100/100
|turn|15
|
|t:|1653181670
|move|p2a: Dragapult|Shadow Ball|p1a: Blaziken
|-damage|p1a: Blaziken|7/100
|move|p1a: Blaziken|Swords Dance|p1a: Blaziken
|-boost|p1a: Blaziken|atk|2
|
|-ability|p1a: Blaziken|Speed Boost|boost
|-boost|p1a: Blaziken|spe|1
|upkeep
|turn|16
|
|t:|1653181686
|switch|p2a: Ferrothorn|Ferrothorn, M|86/100
|move|p1a: Blaziken|Blaze Kick|p2a: Ferrothorn
|-supereffective|p2a: Ferrothorn
|-damage|p2a: Ferrothorn|0 fnt
|-damage|p1a: Blaziken|0 fnt|[from] ability: Iron Barbs|[of] p2a: Ferrothorn
|faint|p2a: Ferrothorn
|faint|p1a: Blaziken
|
|-sideend|p1: Pepo0142|move: Light Screen
|upkeep
|
|t:|1653181703
|switch|p1a: Nidoking|Nidoking, M|100/100
|switch|p2a: Dragapult|Dragapult, M|84/100
|turn|17
|
|t:|1653181710
|switch|p1a: Kommo-o|Kommo-o, M|100/100
|move|p2a: Dragapult|Draco Meteor|p1a: Kommo-o
|-supereffective|p1a: Kommo-o
|-damage|p1a: Kommo-o|0 fnt
|-unboost|p2a: Dragapult|spa|2
|faint|p1a: Kommo-o
|
|upkeep
|
|t:|1653181712
|switch|p1a: Nidoking|Nidoking, M|100/100
|turn|18
|
|t:|1653181723
|switch|p2a: Tornadus|Tornadus-Therian, M|100/100
|move|p1a: Nidoking|Sludge Wave|p2a: Tornadus
|-damage|p2a: Tornadus|31/100
|
|-sideend|p1: Pepo0142|Reflect
|upkeep
|turn|19
|
|t:|1653181729
|move|p2a: Tornadus|Knock Off|p1a: Nidoking
|-damage|p1a: Nidoking|73/100
|-enditem|p1a: Nidoking|Life Orb|[from] move: Knock Off|[of] p2a: Tornadus
|move|p1a: Nidoking|Ice Beam|p2a: Tornadus
|-supereffective|p2a: Tornadus
|-damage|p2a: Tornadus|0 fnt
|faint|p2a: Tornadus
|
|upkeep
|
|t:|1653181735
|switch|p2a: Dragapult|Dragapult, M|84/100
|turn|20
|
|t:|1653181739
|switch|p1a: Melmetal|Melmetal|62/100
|move|p2a: Dragapult|Shadow Ball|p1a: Melmetal
|-damage|p1a: Melmetal|9/100
|
|upkeep
|turn|21
|-message|Pepo0142 forfeited.
|
|win|FENDINI
|raw|Pepo0142's rating: 1636 &rarr; <strong>1618</strong><br />(-18 for losing)
|raw|FENDINI's rating: 1664 &rarr; <strong>1682</strong><br />(+18 for winning)
|l|☆Pepo0142
