|j|☆chilledcow
|j|☆Daunzu
|t:|1597540456
|player|p1|chilledcow|misty-gen1rb|1532
|player|p2|Daunzu|ingo|1516
|teamsize|p1|6
|teamsize|p2|6
|gametype|singles
|gen|8
|tier|[Gen 8] OU
|rated|
|clearpoke
|poke|p1|Volcarona, M|
|poke|p1|Heracross, F|
|poke|p1|Mandibuzz, F|
|poke|p1|Toxapex, M|
|poke|p1|Zeraora|
|poke|p1|Clefable, F|
|poke|p2|Primarina, F|
|poke|p2|Hydreigon, F|
|poke|p2|Conkeldurr, M|
|poke|p2|Mandibuzz, F|
|poke|p2|Excadrill, M|
|poke|p2|Tentacruel, M|
|rule|Sleep Clause Mod: Limit one foe put to sleep
|rule|Species Clause: Limit one of each Pokémon
|rule|OHKO Clause: OHKO moves are banned
|rule|Evasion Moves Clause: Evasion moves are banned
|rule|Endless Battle Clause: Forcing endless battles is banned
|rule|HP Percentage Mod: HP is shown in percentages
|rule|Dynamax Clause: You cannot dynamax
|teampreview
|inactive|Battle timer is ON: inactive players will automatically lose when time's up. (requested by chilledcow)
|
|t:|1597540477
|start
|switch|p1a: Clefable|Clefable, F|100/100
|switch|p2a: Hydreigon|Hydreigon, F|100/100
|turn|1
|
|t:|1597540484
|switch|p2a: Tentacruel|Tentacruel, M|100/100
|move|p1a: Clefable|Trick|p2a: Tentacruel
|-activate|p1a: Clefable|move: Trick|[of] p2a: Tentacruel
|-item|p2a: Tentacruel|Choice Scarf|[from] move: Trick
|-item|p1a: Clefable|Black Sludge|[from] move: Trick
|
|upkeep
|turn|2
|
|t:|1597540491
|move|p2a: Tentacruel|Scald|p1a: Clefable
|-damage|p1a: Clefable|78/100
|move|p1a: Clefable|Stealth Rock|p2a: Tentacruel
|-sidestart|p2: Daunzu|move: Stealth Rock
|
|upkeep
|turn|3
|
|t:|1597540508
|switch|p1a: Mandibuzz|Mandibuzz, F|100/100
|move|p2a: Tentacruel|Scald|p1a: Mandibuzz
|-damage|p1a: Mandibuzz|85/100
|
|upkeep
|turn|4
|
|t:|1597540514
|switch|p1a: Clefable|Clefable, F|78/100
|move|p2a: Tentacruel|Scald|p1a: Clefable
|-damage|p1a: Clefable|57/100
|
|upkeep
|turn|5
|
|t:|1597540528
|move|p2a: Tentacruel|Scald|p1a: Clefable
|-damage|p1a: Clefable|37/100
|move|p1a: Clefable|Soft-Boiled|p1a: Clefable
|-heal|p1a: Clefable|87/100
|
|upkeep
|turn|6
|
|t:|1597540534
|move|p2a: Tentacruel|Scald|p1a: Clefable
|-damage|p1a: Clefable|66/100
|move|p1a: Clefable|Moonblast|p2a: Tentacruel
|-resisted|p2a: Tentacruel
|-damage|p2a: Tentacruel|91/100
|
|upkeep
|turn|7
|
|t:|1597540540
|move|p2a: Tentacruel|Scald|p1a: Clefable
|-damage|p1a: Clefable|43/100
|move|p1a: Clefable|Soft-Boiled|p1a: Clefable
|-heal|p1a: Clefable|93/100
|
|upkeep
|turn|8
|
|t:|1597540546
|move|p2a: Tentacruel|Scald|p1a: Clefable
|-damage|p1a: Clefable|71/100
|move|p1a: Clefable|Moonblast|p2a: Tentacruel
|-resisted|p2a: Tentacruel
|-damage|p2a: Tentacruel|82/100
|
|upkeep
|turn|9
|
|t:|1597540553
|switch|p2a: Primarina|Primarina, F|100/100
|-damage|p2a: Primarina|88/100|[from] Stealth Rock
|move|p1a: Clefable|Soft-Boiled|p1a: Clefable
|-heal|p1a: Clefable|100/100
|
|-heal|p2a: Primarina|94/100|[from] item: Leftovers
|upkeep
|turn|10
|
|t:|1597540563
|switch|p1a: Toxapex|Toxapex, M|100/100
|move|p2a: Primarina|Calm Mind|p2a: Primarina
|-boost|p2a: Primarina|spa|1
|-boost|p2a: Primarina|spd|1
|
|-heal|p2a: Primarina|99/100|[from] item: Leftovers
|upkeep
|turn|11
|
|t:|1597540569
|move|p2a: Primarina|Scald|p1a: Toxapex
|-resisted|p1a: Toxapex
|-damage|p1a: Toxapex|74/100
|-status|p1a: Toxapex|brn
|move|p1a: Toxapex|Haze|p1a: Toxapex
|-clearallboost
|
|-heal|p2a: Primarina|100/100|[from] item: Leftovers
|-heal|p1a: Toxapex|80/100 brn|[from] item: Black Sludge
|-damage|p1a: Toxapex|74/100 brn|[from] brn
|upkeep
|turn|12
|
|t:|1597540583
|switch|p2a: Hydreigon|Hydreigon, F|100/100
|-damage|p2a: Hydreigon|88/100|[from] Stealth Rock
|switch|p1a: Zeraora|Zeraora|100/100
|
|upkeep
|turn|13
|
|t:|1597540594
|switch|p2a: Tentacruel|Tentacruel, M|82/100
|-damage|p2a: Tentacruel|69/100|[from] Stealth Rock
|move|p1a: Zeraora|Volt Switch|p2a: Tentacruel
|-supereffective|p2a: Tentacruel
|-damage|p2a: Tentacruel|41/100
|
|t:|1597540606
|switch|p1a: Clefable|Clefable, F|100/100|[from]move: Volt Switch
|
|upkeep
|turn|14
|
|t:|1597540609
|move|p2a: Tentacruel|Rapid Spin|p1a: Clefable
|-damage|p1a: Clefable|96/100
|-boost|p2a: Tentacruel|spe|1
|-sideend|p2: Daunzu|Stealth Rock|[from] move: Rapid Spin|[of] p2a: Tentacruel
|move|p1a: Clefable|Moonblast|p2a: Tentacruel
|-resisted|p2a: Tentacruel
|-damage|p2a: Tentacruel|32/100
|
|upkeep
|turn|15
|
|t:|1597540618
|switch|p2a: Primarina|Primarina, F|100/100
|move|p1a: Clefable|Trick|p2a: Primarina
|-activate|p1a: Clefable|move: Trick|[of] p2a: Primarina
|-item|p2a: Primarina|Black Sludge|[from] move: Trick
|-item|p1a: Clefable|Leftovers|[from] move: Trick
|
|-heal|p1a: Clefable|100/100|[from] item: Leftovers
|-damage|p2a: Primarina|88/100|[from] item: Black Sludge
|upkeep
|turn|16
|
|t:|1597540631
|move|p1a: Clefable|Stealth Rock|p2a: Primarina
|-sidestart|p2: Daunzu|move: Stealth Rock
|move|p2a: Primarina|Moonblast|p1a: Clefable
|-damage|p1a: Clefable|50/100
|
|-heal|p1a: Clefable|56/100|[from] item: Leftovers
|-damage|p2a: Primarina|76/100|[from] item: Black Sludge
|upkeep
|turn|17
|
|t:|1597540639
|switch|p1a: Toxapex|Toxapex, M|100/100 brn
|switch|p2a: Hydreigon|Hydreigon, F|88/100
|-damage|p2a: Hydreigon|76/100|[from] Stealth Rock
|
|-damage|p1a: Toxapex|95/100 brn|[from] brn
|upkeep
|turn|18
|
|t:|1597540648
|move|p1a: Toxapex|Baneful Bunker|p1a: Toxapex
|-singleturn|p1a: Toxapex|move: Protect
|move|p2a: Hydreigon|Nasty Plot|p2a: Hydreigon
|-boost|p2a: Hydreigon|spa|2
|
|-heal|p1a: Toxapex|100/100 brn|[from] item: Black Sludge
|-damage|p1a: Toxapex|95/100 brn|[from] brn
|upkeep
|turn|19
|
|t:|1597540664
|switch|p1a: Volcarona|Volcarona, M|100/100
|move|p2a: Hydreigon|Draco Meteor|p1a: Volcarona
|-damage|p1a: Volcarona|0 fnt
|-unboost|p2a: Hydreigon|spa|2
|-damage|p2a: Hydreigon|66/100|[from] item: Life Orb
|faint|p1a: Volcarona
|
|upkeep
|
|t:|1597540667
|switch|p1a: Zeraora|Zeraora|100/100
|turn|20
|
|t:|1597540674
|switch|p2a: Tentacruel|Tentacruel, M|32/100
|-damage|p2a: Tentacruel|20/100|[from] Stealth Rock
|move|p1a: Zeraora|Close Combat|p2a: Tentacruel
|-resisted|p2a: Tentacruel
|-damage|p2a: Tentacruel|0 fnt
|-unboost|p1a: Zeraora|def|1
|-unboost|p1a: Zeraora|spd|1
|faint|p2a: Tentacruel
|
|upkeep
|
|t:|1597540694
|switch|p2a: Conkeldurr|Conkeldurr, M|100/100
|-damage|p2a: Conkeldurr|94/100|[from] Stealth Rock
|turn|21
|
|t:|1597540708
|move|p1a: Zeraora|Volt Switch|p2a: Conkeldurr
|-damage|p2a: Conkeldurr|70/100
|
|t:|1597540712
|switch|p1a: Toxapex|Toxapex, M|100/100 brn|[from]move: Volt Switch
|move|p2a: Conkeldurr|Knock Off|p1a: Toxapex
|-damage|p1a: Toxapex|75/100 brn
|-enditem|p1a: Toxapex|Black Sludge|[from] move: Knock Off|[of] p2a: Conkeldurr
|
|-damage|p1a: Toxapex|69/100 brn|[from] brn
|-status|p2a: Conkeldurr|brn|[from] item: Flame Orb
|upkeep
|turn|22
|
|t:|1597540722
|move|p2a: Conkeldurr|Facade|p1a: Toxapex
|-damage|p1a: Toxapex|20/100 brn
|move|p1a: Toxapex|Recover|p1a: Toxapex
|-heal|p1a: Toxapex|70/100 brn
|
|-damage|p2a: Conkeldurr|64/100 brn|[from] brn
|-damage|p1a: Toxapex|65/100 brn|[from] brn
|upkeep
|turn|23
|
|t:|1597540728
|move|p2a: Conkeldurr|Facade|p1a: Toxapex
|-damage|p1a: Toxapex|12/100 brn
|move|p1a: Toxapex|Recover|p1a: Toxapex
|-heal|p1a: Toxapex|63/100 brn
|
|-damage|p2a: Conkeldurr|58/100 brn|[from] brn
|-damage|p1a: Toxapex|57/100 brn|[from] brn
|upkeep
|turn|24
|
|t:|1597540737
|switch|p2a: Hydreigon|Hydreigon, F|66/100
|-damage|p2a: Hydreigon|54/100|[from] Stealth Rock
|move|p1a: Toxapex|Recover|p1a: Toxapex
|-heal|p1a: Toxapex|100/100 brn
|
|-damage|p1a: Toxapex|95/100 brn|[from] brn
|upkeep
|turn|25
|
|t:|1597540750
|switch|p1a: Zeraora|Zeraora|100/100
|move|p2a: Hydreigon|Draco Meteor|p1a: Zeraora
|-damage|p1a: Zeraora|0 fnt
|-unboost|p2a: Hydreigon|spa|2
|-damage|p2a: Hydreigon|44/100|[from] item: Life Orb
|faint|p1a: Zeraora
|
|upkeep
|
|t:|1597540755
|switch|p1a: Clefable|Clefable, F|56/100
|turn|26
|
|t:|1597540760
|move|p2a: Hydreigon|Flash Cannon|p1a: Clefable
|-supereffective|p1a: Clefable
|-damage|p1a: Clefable|19/100
|-damage|p2a: Hydreigon|34/100|[from] item: Life Orb
|move|p1a: Clefable|Soft-Boiled|p1a: Clefable
|-heal|p1a: Clefable|69/100
|
|-heal|p1a: Clefable|75/100|[from] item: Leftovers
|upkeep
|turn|27
|
|t:|1597540782
|switch|p2a: Primarina|Primarina, F|76/100
|-damage|p2a: Primarina|63/100|[from] Stealth Rock
|move|p1a: Clefable|Soft-Boiled|p1a: Clefable
|-heal|p1a: Clefable|100/100
|
|-damage|p2a: Primarina|51/100|[from] item: Black Sludge
|upkeep
|turn|28
|
|t:|1597540789
|switch|p1a: Toxapex|Toxapex, M|100/100 brn
|move|p2a: Primarina|Moonblast|p1a: Toxapex
|-resisted|p1a: Toxapex
|-damage|p1a: Toxapex|80/100 brn
|
|-damage|p2a: Primarina|39/100|[from] item: Black Sludge
|-damage|p1a: Toxapex|74/100 brn|[from] brn
|upkeep
|turn|29
|
|t:|1597540800
|switch|p2a: Mandibuzz|Mandibuzz, F|100/100
|move|p1a: Toxapex|Scald|p2a: Mandibuzz
|-damage|p2a: Mandibuzz|88/100
|
|-damage|p1a: Toxapex|68/100 brn|[from] brn
|upkeep
|turn|30
|
|t:|1597540808
|move|p1a: Toxapex|Baneful Bunker|p1a: Toxapex
|-singleturn|p1a: Toxapex|move: Protect
|move|p2a: Mandibuzz|Defog|p1a: Toxapex
|-activate|p1a: Toxapex|move: Protect
|
|-damage|p1a: Toxapex|62/100 brn|[from] brn
|upkeep
|turn|31
|
|t:|1597540814
|switch|p1a: Clefable|Clefable, F|100/100
|move|p2a: Mandibuzz|Defog|p1a: Clefable
|-unboost|p1a: Clefable|evasion|1
|-sideend|p2: Daunzu|Stealth Rock|[from] move: Defog|[of] p2a: Mandibuzz
|
|upkeep
|turn|32
|
|t:|1597540821
|move|p2a: Mandibuzz|U-turn|p1a: Clefable
|-resisted|p1a: Clefable
|-crit|p1a: Clefable
|-damage|p1a: Clefable|95/100
|
|t:|1597540843
|switch|p2a: Excadrill|Excadrill, M|100/100|[from]move: U-turn
|-ability|p2a: Excadrill|Mold Breaker
|move|p1a: Clefable|Moonblast|p2a: Excadrill
|-resisted|p2a: Excadrill
|-damage|p2a: Excadrill|80/100
|-unboost|p2a: Excadrill|spa|1
|
|-heal|p1a: Clefable|100/100|[from] item: Leftovers
|upkeep
|turn|33
|
|t:|1597540853
|switch|p2a: Primarina|Primarina, F|39/100
|switch|p1a: Mandibuzz|Mandibuzz, F|85/100
|
|-damage|p2a: Primarina|26/100|[from] item: Black Sludge
|upkeep
|turn|34
|
|t:|1597540860
|switch|p1a: Toxapex|Toxapex, M|95/100 brn
|switch|p2a: Hydreigon|Hydreigon, F|34/100
|
|-damage|p1a: Toxapex|89/100 brn|[from] brn
|upkeep
|turn|35
|
|t:|1597540872
|move|p2a: Hydreigon|Nasty Plot|p2a: Hydreigon
|-boost|p2a: Hydreigon|spa|2
|move|p1a: Toxapex|Haze|p1a: Toxapex
|-clearallboost
|
|-damage|p1a: Toxapex|83/100 brn|[from] brn
|upkeep
|turn|36
|
|t:|1597540879
|move|p2a: Hydreigon|Nasty Plot|p2a: Hydreigon
|-boost|p2a: Hydreigon|spa|2
|move|p1a: Toxapex|Scald|p2a: Hydreigon
|-resisted|p2a: Hydreigon
|-damage|p2a: Hydreigon|26/100
|
|-damage|p1a: Toxapex|77/100 brn|[from] brn
|upkeep
|turn|37
|
|t:|1597540886
|move|p1a: Toxapex|Baneful Bunker|p1a: Toxapex
|-singleturn|p1a: Toxapex|move: Protect
|move|p2a: Hydreigon|Draco Meteor|p1a: Toxapex
|-activate|p1a: Toxapex|move: Protect
|
|-damage|p1a: Toxapex|71/100 brn|[from] brn
|upkeep
|turn|38
|
|t:|1597540895
|switch|p1a: Clefable|Clefable, F|100/100
|move|p2a: Hydreigon|Draco Meteor|p1a: Clefable
|-immune|p1a: Clefable
|
|upkeep
|turn|39
|
|t:|1597540907
|switch|p1a: Toxapex|Toxapex, M|100/100 brn
|move|p2a: Hydreigon|Flash Cannon|p1a: Toxapex
|-resisted|p1a: Toxapex
|-damage|p1a: Toxapex|72/100 brn
|-damage|p2a: Hydreigon|16/100|[from] item: Life Orb
|
|-damage|p1a: Toxapex|66/100 brn|[from] brn
|upkeep
|turn|40
|
|t:|1597540914
|move|p1a: Toxapex|Baneful Bunker|p1a: Toxapex
|-singleturn|p1a: Toxapex|move: Protect
|move|p2a: Hydreigon|Draco Meteor|p1a: Toxapex
|-activate|p1a: Toxapex|move: Protect
|
|-damage|p1a: Toxapex|60/100 brn|[from] brn
|upkeep
|turn|41
|
|t:|1597540921
|switch|p1a: Clefable|Clefable, F|100/100
|move|p2a: Hydreigon|Draco Meteor|p1a: Clefable
|-immune|p1a: Clefable
|
|upkeep
|turn|42
|
|t:|1597540926
|switch|p1a: Toxapex|Toxapex, M|94/100 brn
|move|p2a: Hydreigon|Flash Cannon|p1a: Toxapex
|-resisted|p1a: Toxapex
|-damage|p1a: Toxapex|62/100 brn
|-damage|p2a: Hydreigon|6/100|[from] item: Life Orb
|
|-damage|p1a: Toxapex|56/100 brn|[from] brn
|upkeep
|turn|43
|
|t:|1597540936
|move|p2a: Hydreigon|Flamethrower|p1a: Toxapex
|-resisted|p1a: Toxapex
|-damage|p1a: Toxapex|25/100 brn
|-damage|p2a: Hydreigon|0 fnt|[from] item: Life Orb
|faint|p2a: Hydreigon
|move|p1a: Toxapex|Recover|p1a: Toxapex
|-heal|p1a: Toxapex|75/100 brn
|
|-damage|p1a: Toxapex|69/100 brn|[from] brn
|upkeep
|
|t:|1597540946
|switch|p2a: Excadrill|Excadrill, M|80/100
|-ability|p2a: Excadrill|Mold Breaker
|turn|44
|
|t:|1597540952
|switch|p1a: Mandibuzz|Mandibuzz, F|85/100
|move|p2a: Excadrill|Rock Slide|p1a: Mandibuzz
|-supereffective|p1a: Mandibuzz
|-damage|p1a: Mandibuzz|43/100
|
|upkeep
|turn|45
|
|t:|1597540958
|switch|p1a: Toxapex|Toxapex, M|100/100 brn
|move|p2a: Excadrill|Rock Slide|p1a: Toxapex
|-damage|p1a: Toxapex|85/100 brn
|
|-damage|p1a: Toxapex|79/100 brn|[from] brn
|upkeep
|turn|46
|
|t:|1597540965
|move|p2a: Excadrill|Earthquake|p1a: Toxapex
|-supereffective|p1a: Toxapex
|-damage|p1a: Toxapex|16/100 brn
|move|p1a: Toxapex|Scald|p2a: Excadrill
|-supereffective|p2a: Excadrill
|-damage|p2a: Excadrill|40/100
|
|-damage|p1a: Toxapex|10/100 brn|[from] brn
|upkeep
|turn|47
|
|t:|1597540979
|move|p2a: Excadrill|Iron Head|p1a: Toxapex
|-resisted|p1a: Toxapex
|-damage|p1a: Toxapex|0 fnt
|faint|p1a: Toxapex
|
|upkeep
|
|t:|1597540981
|switch|p1a: Heracross|Heracross, F|100/100
|turn|48
|
|t:|1597540989
|switch|p2a: Mandibuzz|Mandibuzz, F|88/100
|move|p1a: Heracross|Close Combat|p2a: Mandibuzz
|-damage|p2a: Mandibuzz|54/100
|-unboost|p1a: Heracross|def|1
|-unboost|p1a: Heracross|spd|1
|
|-status|p1a: Heracross|brn|[from] item: Flame Orb
|upkeep
|turn|49
|
|t:|1597540998
|move|p1a: Heracross|Close Combat|p2a: Mandibuzz
|-damage|p2a: Mandibuzz|3/100
|-unboost|p1a: Heracross|def|1
|-unboost|p1a: Heracross|spd|1
|move|p2a: Mandibuzz|Roost|p2a: Mandibuzz
|-heal|p2a: Mandibuzz|53/100
|-singleturn|p2a: Mandibuzz|move: Roost
|
|-damage|p1a: Heracross|95/100 brn|[from] brn
|upkeep
|turn|50
|
|t:|1597541011
|move|p1a: Heracross|Close Combat|p2a: Mandibuzz
|-damage|p2a: Mandibuzz|0 fnt
|-unboost|p1a: Heracross|def|1
|-unboost|p1a: Heracross|spd|1
|faint|p2a: Mandibuzz
|
|-damage|p1a: Heracross|89/100 brn|[from] brn
|upkeep
|
|t:|1597541022
|switch|p2a: Primarina|Primarina, F|26/100
|turn|51
|
|t:|1597541031
|move|p1a: Heracross|Facade|p2a: Primarina
|-damage|p2a: Primarina|0 fnt
|faint|p2a: Primarina
|
|-damage|p1a: Heracross|83/100 brn|[from] brn
|upkeep
|
|t:|1597541038
|switch|p2a: Excadrill|Excadrill, M|40/100
|-ability|p2a: Excadrill|Mold Breaker
|turn|52
|
|t:|1597541046
|switch|p1a: Mandibuzz|Mandibuzz, F|43/100
|move|p2a: Excadrill|Iron Head|p1a: Mandibuzz
|-damage|p1a: Mandibuzz|11/100
|
|upkeep
|turn|53
|
|t:|1597541051
|move|p2a: Excadrill|Iron Head|p1a: Mandibuzz
|-damage|p1a: Mandibuzz|0 fnt
|faint|p1a: Mandibuzz
|
|upkeep
|
|t:|1597541053
|switch|p1a: Heracross|Heracross, F|83/100 brn
|turn|54
|
|t:|1597541058
|move|p2a: Excadrill|Iron Head|p1a: Heracross
|-damage|p1a: Heracross|20/100 brn
|move|p1a: Heracross|Close Combat|p2a: Excadrill
|-supereffective|p2a: Excadrill
|-damage|p2a: Excadrill|0 fnt
|-unboost|p1a: Heracross|def|1
|-unboost|p1a: Heracross|spd|1
|faint|p2a: Excadrill
|
|-damage|p1a: Heracross|14/100 brn|[from] brn
|upkeep
|
|t:|1597541067
|switch|p2a: Conkeldurr|Conkeldurr, M|58/100 brn
|turn|55
|
|t:|1597541069
|move|p2a: Conkeldurr|Mach Punch|p1a: Heracross
|-resisted|p1a: Heracross
|-damage|p1a: Heracross|0 fnt
|faint|p1a: Heracross
|
|-damage|p2a: Conkeldurr|51/100 brn|[from] brn
|upkeep
|
|t:|1597541071
|switch|p1a: Clefable|Clefable, F|100/100
|turn|56
|
|t:|1597541076
|move|p1a: Clefable|Moonblast|p2a: Conkeldurr
|-supereffective|p2a: Conkeldurr
|-damage|p2a: Conkeldurr|0 fnt
|faint|p2a: Conkeldurr
|
|win|chilledcow
|l|☆Daunzu
|c|☆chilledcow|gg
|raw|chilledcow's rating: 1532 &rarr; <strong>1551</strong><br />(+19 for winning)
|raw|Daunzu's rating: 1516 &rarr; <strong>1497</strong><br />(-19 for losing)
