|j|☆GaijinEagle
|j|☆Shimaazu
|t:|1598894939
|player|p1|GaijinEagle|1|1341
|player|p2|Shimaazu|giovanni|1330
|teamsize|p1|6
|teamsize|p2|6
|gametype|singles
|gen|8
|tier|[Gen 8] OU
|rated|
|clearpoke
|poke|p1|Dragapult, M|
|poke|p1|Hippowdon, F|
|poke|p1|Clefable, M|
|poke|p1|Ferrothorn, F|
|poke|p1|Excadrill, M|
|poke|p1|Urshifu-*, M|
|poke|p2|Urshifu-*, M|
|poke|p2|Dragapult, M|
|poke|p2|Corviknight, M|
|poke|p2|Toxapex, F|
|poke|p2|Excadrill, M|
|poke|p2|Clefable, F|
|rule|Sleep Clause Mod: Limit one foe put to sleep
|rule|Species Clause: Limit one of each Pokémon
|rule|OHKO Clause: OHKO moves are banned
|rule|Evasion Moves Clause: Evasion moves are banned
|rule|Endless Battle Clause: Forcing endless battles is banned
|rule|HP Percentage Mod: HP is shown in percentages
|rule|Dynamax Clause: You cannot dynamax
|teampreview
|inactive|Battle timer is ON: inactive players will automatically lose when time's up. (requested by Shimaazu)
|inactive|GaijinEagle has 120 seconds left.
|inactive|GaijinEagle has 90 seconds left.
|
|t:|1598895005
|start
|switch|p1a: Dragapult|Dragapult, M|100/100
|switch|p2a: Clefable|Clefable, F|100/100
|turn|1
|
|t:|1598895025
|switch|p1a: Excadrill|Excadrill, M|100/100
|move|p2a: Clefable|Trick|p1a: Excadrill
|-activate|p2a: Clefable|move: Trick|[of] p1a: Excadrill
|-item|p1a: Excadrill|Choice Scarf|[from] move: Trick
|-item|p2a: Clefable|Life Orb|[from] move: Trick
|
|upkeep
|turn|2
|inactive|GaijinEagle has 120 seconds left.
|
|t:|1598895066
|switch|p2a: Corviknight|Corviknight, M|100/100
|-ability|p2a: Corviknight|Pressure
|move|p1a: Excadrill|Iron Head|p2a: Corviknight
|-resisted|p2a: Corviknight
|-damage|p2a: Corviknight|87/100
|-damage|p1a: Excadrill|84/100|[from] item: Rocky Helmet|[of] p2a: Corviknight
|
|upkeep
|turn|3
|
|t:|1598895082
|switch|p1a: Dragapult|Dragapult, M|100/100
|move|p2a: Corviknight|U-turn|p1a: Dragapult
|-resisted|p1a: Dragapult
|-damage|p1a: Dragapult|91/100
|
|t:|1598895088
|switch|p2a: Clefable|Clefable, F|100/100|[from]move: U-turn
|
|upkeep
|turn|4
|
|t:|1598895095
|switch|p1a: Excadrill|Excadrill, M|84/100
|move|p2a: Clefable|Moonblast|p1a: Excadrill
|-resisted|p1a: Excadrill
|-damage|p1a: Excadrill|58/100
|
|upkeep
|turn|5
|inactive|GaijinEagle has 120 seconds left.
|
|t:|1598895102
|switch|p2a: Corviknight|Corviknight, M|87/100
|-ability|p2a: Corviknight|Pressure
|move|p1a: Excadrill|Rock Slide|p2a: Corviknight
|-damage|p2a: Corviknight|70/100
|
|upkeep
|turn|6
|inactive|GaijinEagle has 120 seconds left.
|
|t:|1598895120
|switch|p1a: Urshifu|Urshifu, M|100/100
|move|p2a: Corviknight|Roost|p2a: Corviknight
|-heal|p2a: Corviknight|100/100
|-singleturn|p2a: Corviknight|move: Roost
|
|upkeep
|turn|7
|inactive|GaijinEagle has 120 seconds left.
|
|t:|1598895129
|move|p1a: Urshifu|Poison Jab|p2a: Corviknight
|-immune|p2a: Corviknight
|move|p2a: Corviknight|U-turn|p1a: Urshifu
|-damage|p1a: Urshifu|87/100
|
|t:|1598895137
|switch|p2a: Clefable|Clefable, F|100/100|[from]move: U-turn
|
|upkeep
|turn|8
|
|t:|1598895141
|switch|p1a: Hippowdon|Hippowdon, F|100/100
|-weather|Sandstorm|[from] ability: Sand Stream|[of] p1a: Hippowdon
|move|p2a: Clefable|Moonblast|p1a: Hippowdon
|-damage|p1a: Hippowdon|59/100
|
|-weather|Sandstorm|[upkeep]
|upkeep
|turn|9
|
|t:|1598895164
|switch|p2a: Corviknight|Corviknight, M|100/100
|-ability|p2a: Corviknight|Pressure
|move|p1a: Hippowdon|Stealth Rock|p2a: Corviknight
|-sidestart|p2: Shimaazu|move: Stealth Rock
|
|-weather|Sandstorm|[upkeep]
|upkeep
|turn|10
|
|t:|1598895170
|move|p2a: Corviknight|Defog|p1a: Hippowdon
|-unboost|p1a: Hippowdon|evasion|1
|-sideend|p2: Shimaazu|Stealth Rock|[from] move: Defog|[of] p2a: Corviknight
|move|p1a: Hippowdon|Whirlwind|p2a: Corviknight
|drag|p2a: Excadrill|Excadrill, M|100/100
|-ability|p2a: Excadrill|Mold Breaker
|
|-weather|Sandstorm|[upkeep]
|upkeep
|turn|11
|
|t:|1598895176
|switch|p2a: Corviknight|Corviknight, M|100/100
|-ability|p2a: Corviknight|Pressure
|move|p1a: Hippowdon|Slack Off|p1a: Hippowdon
|-heal|p1a: Hippowdon|100/100
|
|-weather|Sandstorm|[upkeep]
|upkeep
|turn|12
|
|t:|1598895190
|switch|p1a: Clefable|Clefable, M|100/100
|move|p2a: Corviknight|U-turn|p1a: Clefable
|-resisted|p1a: Clefable
|-damage|p1a: Clefable|95/100
|
|t:|1598895196
|switch|p2a: Excadrill|Excadrill, M|100/100|[from]move: U-turn
|-ability|p2a: Excadrill|Mold Breaker
|
|-weather|Sandstorm|[upkeep]
|upkeep
|turn|13
|
|t:|1598895205
|switch|p1a: Hippowdon|Hippowdon, F|100/100
|move|p2a: Excadrill|Stealth Rock|p1a: Hippowdon
|-sidestart|p1: GaijinEagle|move: Stealth Rock
|
|-weather|Sandstorm|[upkeep]
|upkeep
|turn|14
|
|t:|1598895217
|switch|p2a: Toxapex|Toxapex, F|100/100
|move|p1a: Hippowdon|Whirlwind|p2a: Toxapex
|drag|p2a: Excadrill|Excadrill, M|100/100
|-ability|p2a: Excadrill|Mold Breaker
|
|-weather|Sandstorm|[upkeep]
|upkeep
|turn|15
|
|t:|1598895230
|switch|p2a: Toxapex|Toxapex, F|100/100
|switch|p1a: Dragapult|Dragapult, M|91/100
|-damage|p1a: Dragapult|79/100|[from] Stealth Rock
|
|-weather|none
|upkeep
|turn|16
|
|t:|1598895235
|move|p1a: Dragapult|Thunderbolt|p2a: Toxapex
|-supereffective|p2a: Toxapex
|-damage|p2a: Toxapex|42/100
|-damage|p1a: Dragapult|69/100|[from] item: Life Orb
|move|p2a: Toxapex|Toxic|p1a: Dragapult
|-status|p1a: Dragapult|tox
|
|-heal|p2a: Toxapex|48/100|[from] item: Black Sludge
|-damage|p1a: Dragapult|63/100 tox|[from] psn
|upkeep
|turn|17
|
|t:|1598895239
|switch|p2a: Excadrill|Excadrill, M|100/100
|-ability|p2a: Excadrill|Mold Breaker
|move|p1a: Dragapult|Thunderbolt|p2a: Excadrill
|-immune|p2a: Excadrill
|
|-damage|p1a: Dragapult|51/100 tox|[from] psn
|upkeep
|turn|18
|
|t:|1598895256
|switch|p1a: Ferrothorn|Ferrothorn, F|100/100
|-damage|p1a: Ferrothorn|94/100|[from] Stealth Rock
|switch|p2a: Clefable|Clefable, F|100/100
|
|-heal|p1a: Ferrothorn|100/100|[from] item: Leftovers
|upkeep
|turn|19
|
|t:|1598895260
|switch|p2a: Corviknight|Corviknight, M|100/100
|-ability|p2a: Corviknight|Pressure
|move|p1a: Ferrothorn|Knock Off|p2a: Corviknight
|-damage|p2a: Corviknight|87/100
|-damage|p1a: Ferrothorn|84/100|[from] item: Rocky Helmet|[of] p2a: Corviknight
|-enditem|p2a: Corviknight|Rocky Helmet|[from] move: Knock Off|[of] p1a: Ferrothorn
|
|-heal|p1a: Ferrothorn|90/100|[from] item: Leftovers
|upkeep
|turn|20
|
|t:|1598895278
|move|p2a: Corviknight|U-turn|p1a: Ferrothorn
|-damage|p1a: Ferrothorn|82/100
|-damage|p2a: Corviknight|74/100|[from] ability: Iron Barbs|[of] p1a: Ferrothorn
|
|t:|1598895289
|switch|p2a: Dragapult|Dragapult, M, shiny|100/100|[from]move: U-turn
|move|p1a: Ferrothorn|Body Press|p2a: Dragapult
|-immune|p2a: Dragapult
|
|-heal|p1a: Ferrothorn|89/100|[from] item: Leftovers
|upkeep
|turn|21
|
|t:|1598895298
|switch|p1a: Clefable|Clefable, M|95/100
|move|p2a: Dragapult|Flamethrower|p1a: Clefable
|-damage|p1a: Clefable|57/100
|
|upkeep
|turn|22
|
|t:|1598895305
|switch|p2a: Excadrill|Excadrill, M|100/100
|-ability|p2a: Excadrill|Mold Breaker
|move|p1a: Clefable|Moonblast|p2a: Excadrill
|-resisted|p2a: Excadrill
|-damage|p2a: Excadrill|81/100
|
|-heal|p2a: Excadrill|88/100|[from] item: Leftovers
|upkeep
|turn|23
|
|t:|1598895315
|switch|p1a: Hippowdon|Hippowdon, F|100/100
|-damage|p1a: Hippowdon|94/100|[from] Stealth Rock
|-weather|Sandstorm|[from] ability: Sand Stream|[of] p1a: Hippowdon
|move|p2a: Excadrill|Earthquake|p1a: Hippowdon
|-damage|p1a: Hippowdon|69/100
|
|-weather|Sandstorm|[upkeep]
|-heal|p2a: Excadrill|94/100|[from] item: Leftovers
|upkeep
|turn|24
|
|t:|1598895324
|switch|p2a: Corviknight|Corviknight, M|74/100
|-ability|p2a: Corviknight|Pressure
|move|p1a: Hippowdon|Slack Off|p1a: Hippowdon
|-heal|p1a: Hippowdon|100/100
|
|-weather|Sandstorm|[upkeep]
|upkeep
|turn|25
|
|t:|1598895337
|switch|p1a: Urshifu|Urshifu, M|87/100
|-damage|p1a: Urshifu|81/100|[from] Stealth Rock
|move|p2a: Corviknight|Roost|p2a: Corviknight
|-heal|p2a: Corviknight|100/100
|-singleturn|p2a: Corviknight|move: Roost
|
|-weather|Sandstorm|[upkeep]
|-damage|p1a: Urshifu|74/100|[from] Sandstorm
|upkeep
|turn|26
|
|t:|1598895340
|move|p1a: Urshifu|Close Combat|p2a: Corviknight
|-damage|p2a: Corviknight|48/100
|-unboost|p1a: Urshifu|def|1
|-unboost|p1a: Urshifu|spd|1
|-damage|p1a: Urshifu|64/100|[from] item: Life Orb
|move|p2a: Corviknight|U-turn|p1a: Urshifu
|-damage|p1a: Urshifu|41/100
|
|t:|1598895355
|switch|p2a: Toxapex|Toxapex, F|81/100|[from]move: U-turn
|
|-weather|Sandstorm|[upkeep]
|-damage|p1a: Urshifu|35/100|[from] Sandstorm
|-damage|p2a: Toxapex|75/100|[from] Sandstorm
|-heal|p2a: Toxapex|81/100|[from] item: Black Sludge
|upkeep
|turn|27
|
|t:|1598895373
|switch|p1a: Excadrill|Excadrill, M|58/100
|-damage|p1a: Excadrill|55/100|[from] Stealth Rock
|move|p2a: Toxapex|Toxic|p1a: Excadrill
|-immune|p1a: Excadrill
|
|-weather|Sandstorm|[upkeep]
|-damage|p2a: Toxapex|75/100|[from] Sandstorm
|-heal|p2a: Toxapex|81/100|[from] item: Black Sludge
|upkeep
|turn|28
|
|t:|1598895382
|switch|p2a: Corviknight|Corviknight, M|48/100
|-ability|p2a: Corviknight|Pressure
|move|p1a: Excadrill|Earthquake|p2a: Corviknight
|-immune|p2a: Corviknight
|
|-weather|Sandstorm|[upkeep]
|upkeep
|turn|29
|
|t:|1598895395
|switch|p1a: Ferrothorn|Ferrothorn, F|89/100
|-damage|p1a: Ferrothorn|82/100|[from] Stealth Rock
|move|p2a: Corviknight|Roost|p2a: Corviknight
|-heal|p2a: Corviknight|98/100
|-singleturn|p2a: Corviknight|move: Roost
|
|-weather|Sandstorm|[upkeep]
|-heal|p1a: Ferrothorn|89/100|[from] item: Leftovers
|upkeep
|turn|30
|
|t:|1598895403
|move|p2a: Corviknight|Body Press|p1a: Ferrothorn
|-supereffective|p1a: Ferrothorn
|-damage|p1a: Ferrothorn|56/100
|-damage|p2a: Corviknight|85/100|[from] ability: Iron Barbs|[of] p1a: Ferrothorn
|move|p1a: Ferrothorn|Body Press|p2a: Corviknight
|-damage|p2a: Corviknight|65/100
|
|-weather|none
|-heal|p1a: Ferrothorn|62/100|[from] item: Leftovers
|upkeep
|turn|31
|
|t:|1598895427
|switch|p1a: Hippowdon|Hippowdon, F|100/100
|-damage|p1a: Hippowdon|94/100|[from] Stealth Rock
|-weather|Sandstorm|[from] ability: Sand Stream|[of] p1a: Hippowdon
|move|p2a: Corviknight|Roost|p2a: Corviknight
|-heal|p2a: Corviknight|100/100
|-singleturn|p2a: Corviknight|move: Roost
|
|-weather|Sandstorm|[upkeep]
|upkeep
|turn|32
|
|t:|1598895431
|move|p2a: Corviknight|U-turn|p1a: Hippowdon
|-damage|p1a: Hippowdon|86/100
|
|t:|1598895434
|switch|p2a: Toxapex|Toxapex, F|100/100|[from]move: U-turn
|move|p1a: Hippowdon|Stealth Rock|p2a: Toxapex
|-sidestart|p2: Shimaazu|move: Stealth Rock
|
|-weather|Sandstorm|[upkeep]
|-damage|p2a: Toxapex|94/100|[from] Sandstorm
|-heal|p2a: Toxapex|100/100|[from] item: Black Sludge
|upkeep
|turn|33
|
|t:|1598895438
|move|p2a: Toxapex|Toxic|p1a: Hippowdon
|-status|p1a: Hippowdon|tox
|move|p1a: Hippowdon|Earthquake|p2a: Toxapex
|-supereffective|p2a: Toxapex
|-damage|p2a: Toxapex|55/100
|
|-weather|Sandstorm|[upkeep]
|-damage|p2a: Toxapex|49/100|[from] Sandstorm
|-heal|p2a: Toxapex|55/100|[from] item: Black Sludge
|-damage|p1a: Hippowdon|80/100 tox|[from] psn
|upkeep
|turn|34
|
|t:|1598895443
|switch|p2a: Corviknight|Corviknight, M|100/100
|-damage|p2a: Corviknight|88/100|[from] Stealth Rock
|-ability|p2a: Corviknight|Pressure
|move|p1a: Hippowdon|Whirlwind|p2a: Corviknight
|drag|p2a: Excadrill|Excadrill, M|94/100
|-damage|p2a: Excadrill|91/100|[from] Stealth Rock
|-ability|p2a: Excadrill|Mold Breaker
|
|-weather|Sandstorm|[upkeep]
|-heal|p2a: Excadrill|97/100|[from] item: Leftovers
|-damage|p1a: Hippowdon|67/100 tox|[from] psn
|upkeep
|turn|35
|
|t:|1598895447
|switch|p2a: Corviknight|Corviknight, M|88/100
|-damage|p2a: Corviknight|75/100|[from] Stealth Rock
|-ability|p2a: Corviknight|Pressure
|move|p1a: Hippowdon|Whirlwind|p2a: Corviknight
|drag|p2a: Toxapex|Toxapex, F|88/100
|-damage|p2a: Toxapex|76/100|[from] Stealth Rock
|
|-weather|Sandstorm|[upkeep]
|-damage|p2a: Toxapex|70/100|[from] Sandstorm
|-heal|p2a: Toxapex|76/100|[from] item: Black Sludge
|-damage|p1a: Hippowdon|49/100 tox|[from] psn
|upkeep
|turn|36
|
|t:|1598895460
|switch|p2a: Corviknight|Corviknight, M|75/100
|-damage|p2a: Corviknight|63/100|[from] Stealth Rock
|-ability|p2a: Corviknight|Pressure
|move|p1a: Hippowdon|Whirlwind|p2a: Corviknight
|drag|p2a: Toxapex|Toxapex, F|100/100
|-damage|p2a: Toxapex|88/100|[from] Stealth Rock
|
|-weather|Sandstorm|[upkeep]
|-damage|p2a: Toxapex|82/100|[from] Sandstorm
|-heal|p2a: Toxapex|88/100|[from] item: Black Sludge
|-damage|p1a: Hippowdon|24/100 tox|[from] psn
|upkeep
|turn|37
|
|t:|1598895472
|switch|p2a: Corviknight|Corviknight, M|63/100
|-damage|p2a: Corviknight|50/100|[from] Stealth Rock
|-ability|p2a: Corviknight|Pressure
|move|p1a: Hippowdon|Slack Off|p1a: Hippowdon
|-heal|p1a: Hippowdon|74/100 tox
|
|-weather|Sandstorm|[upkeep]
|-damage|p1a: Hippowdon|43/100 tox|[from] psn
|upkeep
|turn|38
|
|t:|1598895481
|switch|p1a: Dragapult|Dragapult, M|51/100 tox
|-damage|p1a: Dragapult|39/100 tox|[from] Stealth Rock
|move|p2a: Corviknight|Roost|p2a: Corviknight
|-heal|p2a: Corviknight|100/100
|-singleturn|p2a: Corviknight|move: Roost
|
|-weather|none
|-damage|p1a: Dragapult|33/100 tox|[from] psn
|upkeep
|turn|39
|
|t:|1598895510
|switch|p2a: Clefable|Clefable, F|100/100
|move|p1a: Dragapult|Thunderbolt|p2a: Clefable
|-damage|p2a: Clefable|78/100
|-damage|p1a: Dragapult|23/100 tox|[from] item: Life Orb
|
|-damage|p1a: Dragapult|11/100 tox|[from] psn
|upkeep
|turn|40
|
|t:|1598895517
|switch|p1a: Excadrill|Excadrill, M|55/100
|-damage|p1a: Excadrill|52/100|[from] Stealth Rock
|move|p2a: Clefable|Soft-Boiled|p2a: Clefable
|-heal|p2a: Clefable|100/100
|
|upkeep
|turn|41
|
|t:|1598895522
|switch|p2a: Corviknight|Corviknight, M|100/100
|-damage|p2a: Corviknight|88/100|[from] Stealth Rock
|-ability|p2a: Corviknight|Pressure
|move|p1a: Excadrill|Rock Slide|p2a: Corviknight
|-damage|p2a: Corviknight|71/100
|
|upkeep
|turn|42
|
|t:|1598895532
|switch|p1a: Clefable|Clefable, M|57/100
|move|p2a: Corviknight|Roost|p2a: Corviknight
|-heal|p2a: Corviknight|100/100
|-singleturn|p2a: Corviknight|move: Roost
|
|upkeep
|turn|43
|
|t:|1598895535
|move|p1a: Clefable|Calm Mind|p1a: Clefable
|-boost|p1a: Clefable|spa|1
|-boost|p1a: Clefable|spd|1
|move|p2a: Corviknight|U-turn|p1a: Clefable
|-resisted|p1a: Clefable
|-damage|p1a: Clefable|52/100
|
|t:|1598895541
|switch|p2a: Excadrill|Excadrill, M|97/100|[from]move: U-turn
|-damage|p2a: Excadrill|94/100|[from] Stealth Rock
|-ability|p2a: Excadrill|Mold Breaker
|
|-heal|p2a: Excadrill|99/100|[from] item: Leftovers
|upkeep
|turn|44
|
|t:|1598895548
|switch|p1a: Excadrill|Excadrill, M|52/100
|-damage|p1a: Excadrill|49/100|[from] Stealth Rock
|move|p2a: Excadrill|Iron Head|p1a: Excadrill
|-resisted|p1a: Excadrill
|-damage|p1a: Excadrill|24/100
|
|-heal|p2a: Excadrill|100/100|[from] item: Leftovers
|upkeep
|turn|45
|
|t:|1598895555
|switch|p2a: Corviknight|Corviknight, M|100/100
|-damage|p2a: Corviknight|88/100|[from] Stealth Rock
|-ability|p2a: Corviknight|Pressure
|move|p1a: Excadrill|Rapid Spin|p2a: Corviknight
|-resisted|p2a: Corviknight
|-damage|p2a: Corviknight|82/100
|-boost|p1a: Excadrill|spe|1
|-sideend|p1: GaijinEagle|Stealth Rock|[from] move: Rapid Spin|[of] p1a: Excadrill
|
|upkeep
|turn|46
|
|t:|1598895564
|switch|p1a: Hippowdon|Hippowdon, F|43/100 tox
|-weather|Sandstorm|[from] ability: Sand Stream|[of] p1a: Hippowdon
|move|p2a: Corviknight|Defog|p1a: Hippowdon
|-unboost|p1a: Hippowdon|evasion|1
|-sideend|p2: Shimaazu|Stealth Rock|[from] move: Defog|[of] p2a: Corviknight
|
|-weather|Sandstorm|[upkeep]
|-damage|p1a: Hippowdon|37/100 tox|[from] psn
|upkeep
|turn|47
|
|t:|1598895568
|move|p2a: Corviknight|Roost|p2a: Corviknight
|-heal|p2a: Corviknight|100/100
|-singleturn|p2a: Corviknight|move: Roost
|move|p1a: Hippowdon|Slack Off|p1a: Hippowdon
|-heal|p1a: Hippowdon|87/100 tox
|
|-weather|Sandstorm|[upkeep]
|-damage|p1a: Hippowdon|74/100 tox|[from] psn
|upkeep
|turn|48
|
|t:|1598895575
|move|p2a: Corviknight|U-turn|p1a: Hippowdon
|-damage|p1a: Hippowdon|66/100 tox
|
|t:|1598895581
|switch|p2a: Clefable|Clefable, F|100/100|[from]move: U-turn
|move|p1a: Hippowdon|Stealth Rock|p2a: Clefable
|-sidestart|p2: Shimaazu|move: Stealth Rock
|
|-weather|Sandstorm|[upkeep]
|-damage|p1a: Hippowdon|48/100 tox|[from] psn
|upkeep
|turn|49
|
|t:|1598895593
|move|p2a: Clefable|Moonblast|p1a: Hippowdon
|-damage|p1a: Hippowdon|3/100 tox
|-unboost|p1a: Hippowdon|spa|1
|move|p1a: Hippowdon|Earthquake|p2a: Clefable
|-damage|p2a: Clefable|56/100
|
|-weather|Sandstorm|[upkeep]
|-damage|p1a: Hippowdon|0 fnt|[from] psn
|faint|p1a: Hippowdon
|upkeep
|
|t:|1598895596
|switch|p1a: Excadrill|Excadrill, M|24/100
|turn|50
|
|t:|1598895606
|switch|p1a: Urshifu|Urshifu, M|35/100
|switch|p2a: Corviknight|Corviknight, M|100/100
|-damage|p2a: Corviknight|88/100|[from] Stealth Rock
|-ability|p2a: Corviknight|Pressure
|
|-weather|Sandstorm|[upkeep]
|-damage|p1a: Urshifu|29/100|[from] Sandstorm
|upkeep
|turn|51
|
|t:|1598895610
|move|p1a: Urshifu|Close Combat|p2a: Corviknight
|-damage|p2a: Corviknight|36/100
|-unboost|p1a: Urshifu|def|1
|-unboost|p1a: Urshifu|spd|1
|-damage|p1a: Urshifu|19/100|[from] item: Life Orb
|move|p2a: Corviknight|Defog|p1a: Urshifu
|-unboost|p1a: Urshifu|evasion|1
|-sideend|p2: Shimaazu|Stealth Rock|[from] move: Defog|[of] p2a: Corviknight
|
|-weather|Sandstorm|[upkeep]
|-damage|p1a: Urshifu|13/100|[from] Sandstorm
|upkeep
|turn|52
|
|t:|1598895616
|switch|p2a: Dragapult|Dragapult, M, shiny|100/100
|move|p1a: Urshifu|Close Combat|p2a: Dragapult
|-immune|p2a: Dragapult
|
|-weather|Sandstorm|[upkeep]
|-damage|p2a: Dragapult|95/100|[from] Sandstorm
|-damage|p1a: Urshifu|7/100|[from] Sandstorm
|upkeep
|turn|53
|
|t:|1598895624
|switch|p2a: Clefable|Clefable, F|56/100
|move|p1a: Urshifu|Sucker Punch||[still]
|-fail|p1a: Urshifu
|
|-weather|none
|upkeep
|turn|54
|
|t:|1598895630
|move|p1a: Urshifu|Poison Jab|p2a: Clefable
|-supereffective|p2a: Clefable
|-crit|p2a: Clefable
|-damage|p2a: Clefable|0 fnt
|-damage|p1a: Urshifu|0 fnt|[from] item: Life Orb
|faint|p2a: Clefable
|faint|p1a: Urshifu
|
|upkeep
|
|t:|1598895642
|switch|p1a: Ferrothorn|Ferrothorn, F|62/100
|switch|p2a: Corviknight|Corviknight, M|36/100
|-ability|p2a: Corviknight|Pressure
|turn|55
|
|t:|1598895648
|move|p2a: Corviknight|Roost|p2a: Corviknight
|-heal|p2a: Corviknight|86/100
|-singleturn|p2a: Corviknight|move: Roost
|move|p1a: Ferrothorn|Body Press|p2a: Corviknight
|-supereffective|p2a: Corviknight
|-damage|p2a: Corviknight|52/100
|
|-heal|p1a: Ferrothorn|68/100|[from] item: Leftovers
|upkeep
|turn|56
|
|t:|1598895659
|switch|p1a: Dragapult|Dragapult, M|11/100 tox
|move|p2a: Corviknight|Roost|p2a: Corviknight
|-heal|p2a: Corviknight|100/100
|-singleturn|p2a: Corviknight|move: Roost
|
|-damage|p1a: Dragapult|5/100 tox|[from] psn
|upkeep
|turn|57
|
|t:|1598895666
|switch|p2a: Excadrill|Excadrill, M|100/100
|-ability|p2a: Excadrill|Mold Breaker
|move|p1a: Dragapult|Flamethrower|p2a: Excadrill
|-supereffective|p2a: Excadrill
|-damage|p2a: Excadrill|39/100
|-damage|p1a: Dragapult|0 fnt|[from] item: Life Orb
|faint|p1a: Dragapult
|
|-heal|p2a: Excadrill|46/100|[from] item: Leftovers
|upkeep
|
|t:|1598895673
|switch|p1a: Excadrill|Excadrill, M|24/100
|turn|58
|
|t:|1598895677
|switch|p2a: Corviknight|Corviknight, M|100/100
|-ability|p2a: Corviknight|Pressure
|move|p1a: Excadrill|Rock Slide|p2a: Corviknight
|-crit|p2a: Corviknight
|-damage|p2a: Corviknight|73/100
|
|upkeep
|turn|59
|
|t:|1598895686
|switch|p1a: Clefable|Clefable, M|52/100
|move|p2a: Corviknight|Roost|p2a: Corviknight
|-heal|p2a: Corviknight|100/100
|-singleturn|p2a: Corviknight|move: Roost
|
|upkeep
|turn|60
|
|t:|1598895692
|move|p1a: Clefable|Soft-Boiled|p1a: Clefable
|-heal|p1a: Clefable|100/100
|move|p2a: Corviknight|U-turn|p1a: Clefable
|-resisted|p1a: Clefable
|-damage|p1a: Clefable|95/100
|
|t:|1598895699
|switch|p2a: Excadrill|Excadrill, M|46/100|[from]move: U-turn
|-ability|p2a: Excadrill|Mold Breaker
|
|-heal|p2a: Excadrill|52/100|[from] item: Leftovers
|upkeep
|turn|61
|
|t:|1598895720
|switch|p1a: Ferrothorn|Ferrothorn, F|68/100
|move|p2a: Excadrill|Stealth Rock|p1a: Ferrothorn
|-sidestart|p1: GaijinEagle|move: Stealth Rock
|
|-heal|p2a: Excadrill|58/100|[from] item: Leftovers
|-heal|p1a: Ferrothorn|74/100|[from] item: Leftovers
|upkeep
|turn|62
|
|t:|1598895738
|switch|p2a: Corviknight|Corviknight, M|100/100
|-ability|p2a: Corviknight|Pressure
|move|p1a: Ferrothorn|Leech Seed|p2a: Corviknight
|-start|p2a: Corviknight|move: Leech Seed
|
|-heal|p1a: Ferrothorn|81/100|[from] item: Leftovers
|-damage|p2a: Corviknight|88/100|[from] Leech Seed|[of] p1a: Ferrothorn
|-heal|p1a: Ferrothorn|95/100|[silent]
|upkeep
|turn|63
|
|t:|1598895747
|move|p2a: Corviknight|U-turn|p1a: Ferrothorn
|-damage|p1a: Ferrothorn|87/100
|-damage|p2a: Corviknight|75/100|[from] ability: Iron Barbs|[of] p1a: Ferrothorn
|
|t:|1598895750
|switch|p2a: Dragapult|Dragapult, M, shiny|95/100|[from]move: U-turn
|move|p1a: Ferrothorn|Body Press|p2a: Dragapult
|-immune|p2a: Dragapult
|
|-heal|p1a: Ferrothorn|93/100|[from] item: Leftovers
|upkeep
|turn|64
|
|t:|1598895761
|switch|p1a: Clefable|Clefable, M|95/100
|move|p2a: Dragapult|Flamethrower|p1a: Clefable
|-damage|p1a: Clefable|58/100
|-status|p1a: Clefable|brn
|
|upkeep
|turn|65
|
|t:|1598895768
|switch|p2a: Excadrill|Excadrill, M|58/100
|-ability|p2a: Excadrill|Mold Breaker
|move|p1a: Clefable|Moonblast|p2a: Excadrill
|-resisted|p2a: Excadrill
|-damage|p2a: Excadrill|38/100
|
|-heal|p2a: Excadrill|44/100|[from] item: Leftovers
|upkeep
|turn|66
|
|t:|1598895779
|switch|p1a: Ferrothorn|Ferrothorn, F|93/100
|-damage|p1a: Ferrothorn|87/100|[from] Stealth Rock
|move|p2a: Excadrill|Iron Head|p1a: Ferrothorn
|-resisted|p1a: Ferrothorn
|-damage|p1a: Ferrothorn|77/100
|-damage|p2a: Excadrill|32/100|[from] ability: Iron Barbs|[of] p1a: Ferrothorn
|
|-heal|p2a: Excadrill|38/100|[from] item: Leftovers
|-heal|p1a: Ferrothorn|83/100|[from] item: Leftovers
|upkeep
|turn|67
|
|t:|1598895783
|switch|p2a: Corviknight|Corviknight, M|75/100
|-ability|p2a: Corviknight|Pressure
|move|p1a: Ferrothorn|Leech Seed|p2a: Corviknight
|-start|p2a: Corviknight|move: Leech Seed
|
|-heal|p1a: Ferrothorn|89/100|[from] item: Leftovers
|-damage|p2a: Corviknight|63/100|[from] Leech Seed|[of] p1a: Ferrothorn
|-heal|p1a: Ferrothorn|100/100|[silent]
|upkeep
|turn|68
|
|t:|1598895788
|move|p2a: Corviknight|Roost|p2a: Corviknight
|-heal|p2a: Corviknight|100/100
|-singleturn|p2a: Corviknight|move: Roost
|move|p1a: Ferrothorn|Knock Off|p2a: Corviknight
|-damage|p2a: Corviknight|91/100
|
|-damage|p2a: Corviknight|79/100|[from] Leech Seed|[of] p1a: Ferrothorn
|upkeep
|turn|69
|
|t:|1598895792
|move|p2a: Corviknight|Roost|p2a: Corviknight
|-heal|p2a: Corviknight|100/100
|-singleturn|p2a: Corviknight|move: Roost
|move|p1a: Ferrothorn|Knock Off|p2a: Corviknight
|-damage|p2a: Corviknight|92/100
|
|-damage|p2a: Corviknight|80/100|[from] Leech Seed|[of] p1a: Ferrothorn
|upkeep
|turn|70
|
|t:|1598895796
|move|p2a: Corviknight|U-turn|p1a: Ferrothorn
|-damage|p1a: Ferrothorn|93/100
|-damage|p2a: Corviknight|67/100|[from] ability: Iron Barbs|[of] p1a: Ferrothorn
|
|t:|1598895804
|switch|p2a: Toxapex|Toxapex, F|100/100|[from]move: U-turn
|move|p1a: Ferrothorn|Stealth Rock|p2a: Toxapex
|-sidestart|p2: Shimaazu|move: Stealth Rock
|
|-heal|p1a: Ferrothorn|99/100|[from] item: Leftovers
|upkeep
|turn|71
|
|t:|1598895812
|move|p2a: Toxapex|Scald|p1a: Ferrothorn
|-resisted|p1a: Ferrothorn
|-damage|p1a: Ferrothorn|91/100
|move|p1a: Ferrothorn|Knock Off|p2a: Toxapex
|-damage|p2a: Toxapex|89/100
|-enditem|p2a: Toxapex|Black Sludge|[from] move: Knock Off|[of] p1a: Ferrothorn
|
|-heal|p1a: Ferrothorn|97/100|[from] item: Leftovers
|upkeep
|turn|72
|
|t:|1598895820
|move|p2a: Toxapex|Scald|p1a: Ferrothorn
|-resisted|p1a: Ferrothorn
|-damage|p1a: Ferrothorn|90/100
|move|p1a: Ferrothorn|Leech Seed|p2a: Toxapex
|-start|p2a: Toxapex|move: Leech Seed
|
|-heal|p1a: Ferrothorn|96/100|[from] item: Leftovers
|-damage|p2a: Toxapex|76/100|[from] Leech Seed|[of] p1a: Ferrothorn
|-heal|p1a: Ferrothorn|100/100|[silent]
|upkeep
|turn|73
|
|t:|1598895826
|move|p2a: Toxapex|Scald|p1a: Ferrothorn
|-resisted|p1a: Ferrothorn
|-damage|p1a: Ferrothorn|93/100
|-status|p1a: Ferrothorn|brn
|move|p1a: Ferrothorn|Knock Off|p2a: Toxapex
|-damage|p2a: Toxapex|72/100
|
|-heal|p1a: Ferrothorn|99/100 brn|[from] item: Leftovers
|-damage|p2a: Toxapex|59/100|[from] Leech Seed|[of] p1a: Ferrothorn
|-heal|p1a: Ferrothorn|100/100 brn|[silent]
|-damage|p1a: Ferrothorn|94/100 brn|[from] brn
|upkeep
|turn|74
|
|t:|1598895834
|switch|p2a: Corviknight|Corviknight, M|67/100
|-damage|p2a: Corviknight|55/100|[from] Stealth Rock
|-ability|p2a: Corviknight|Pressure
|move|p1a: Ferrothorn|Knock Off|p2a: Corviknight
|-crit|p2a: Corviknight
|-damage|p2a: Corviknight|48/100
|
|-heal|p1a: Ferrothorn|100/100 brn|[from] item: Leftovers
|-damage|p1a: Ferrothorn|94/100 brn|[from] brn
|upkeep
|turn|75
|
|t:|1598895838
|move|p2a: Corviknight|Roost|p2a: Corviknight
|-heal|p2a: Corviknight|98/100
|-singleturn|p2a: Corviknight|move: Roost
|move|p1a: Ferrothorn|Body Press|p2a: Corviknight
|-supereffective|p2a: Corviknight
|-damage|p2a: Corviknight|81/100
|
|-heal|p1a: Ferrothorn|100/100 brn|[from] item: Leftovers
|-damage|p1a: Ferrothorn|94/100 brn|[from] brn
|upkeep
|turn|76
|
|t:|1598895842
|move|p2a: Corviknight|Roost|p2a: Corviknight
|-heal|p2a: Corviknight|100/100
|-singleturn|p2a: Corviknight|move: Roost
|move|p1a: Ferrothorn|Leech Seed|p2a: Corviknight
|-start|p2a: Corviknight|move: Leech Seed
|
|-heal|p1a: Ferrothorn|100/100 brn|[from] item: Leftovers
|-damage|p2a: Corviknight|88/100|[from] Leech Seed|[of] p1a: Ferrothorn
|-damage|p1a: Ferrothorn|94/100 brn|[from] brn
|upkeep
|turn|77
|
|t:|1598895845
|move|p2a: Corviknight|Body Press|p1a: Ferrothorn
|-supereffective|p1a: Ferrothorn
|-damage|p1a: Ferrothorn|66/100 brn
|-damage|p2a: Corviknight|75/100|[from] ability: Iron Barbs|[of] p1a: Ferrothorn
|move|p1a: Ferrothorn|Knock Off|p2a: Corviknight
|-damage|p2a: Corviknight|71/100
|
|-heal|p1a: Ferrothorn|72/100 brn|[from] item: Leftovers
|-damage|p2a: Corviknight|59/100|[from] Leech Seed|[of] p1a: Ferrothorn
|-heal|p1a: Ferrothorn|86/100 brn|[silent]
|-damage|p1a: Ferrothorn|80/100 brn|[from] brn
|upkeep
|turn|78
|
|t:|1598895849
|move|p2a: Corviknight|Roost|p2a: Corviknight
|-heal|p2a: Corviknight|100/100
|-singleturn|p2a: Corviknight|move: Roost
|move|p1a: Ferrothorn|Knock Off|p2a: Corviknight
|-damage|p2a: Corviknight|96/100
|
|-heal|p1a: Ferrothorn|86/100 brn|[from] item: Leftovers
|-damage|p2a: Corviknight|83/100|[from] Leech Seed|[of] p1a: Ferrothorn
|-heal|p1a: Ferrothorn|100/100 brn|[silent]
|-damage|p1a: Ferrothorn|94/100 brn|[from] brn
|upkeep
|turn|79
|
|t:|1598895853
|move|p2a: Corviknight|Body Press|p1a: Ferrothorn
|-supereffective|p1a: Ferrothorn
|-damage|p1a: Ferrothorn|65/100 brn
|-damage|p2a: Corviknight|71/100|[from] ability: Iron Barbs|[of] p1a: Ferrothorn
|move|p1a: Ferrothorn|Knock Off|p2a: Corviknight
|-damage|p2a: Corviknight|67/100
|
|-heal|p1a: Ferrothorn|72/100 brn|[from] item: Leftovers
|-damage|p2a: Corviknight|54/100|[from] Leech Seed|[of] p1a: Ferrothorn
|-heal|p1a: Ferrothorn|86/100 brn|[silent]
|-damage|p1a: Ferrothorn|79/100 brn|[from] brn
|upkeep
|turn|80
|
|t:|1598895855
|move|p2a: Corviknight|Body Press|p1a: Ferrothorn
|-supereffective|p1a: Ferrothorn
|-damage|p1a: Ferrothorn|48/100 brn
|-damage|p2a: Corviknight|42/100|[from] ability: Iron Barbs|[of] p1a: Ferrothorn
|move|p1a: Ferrothorn|Knock Off|p2a: Corviknight
|-damage|p2a: Corviknight|37/100
|
|-heal|p1a: Ferrothorn|54/100 brn|[from] item: Leftovers
|-damage|p2a: Corviknight|25/100|[from] Leech Seed|[of] p1a: Ferrothorn
|-heal|p1a: Ferrothorn|68/100 brn|[silent]
|-damage|p1a: Ferrothorn|62/100 brn|[from] brn
|upkeep
|turn|81
|
|t:|1598895857
|move|p2a: Corviknight|Roost|p2a: Corviknight
|-heal|p2a: Corviknight|75/100
|-singleturn|p2a: Corviknight|move: Roost
|move|p1a: Ferrothorn|Knock Off|p2a: Corviknight
|-damage|p2a: Corviknight|70/100
|
|-heal|p1a: Ferrothorn|68/100 brn|[from] item: Leftovers
|-damage|p2a: Corviknight|58/100|[from] Leech Seed|[of] p1a: Ferrothorn
|-heal|p1a: Ferrothorn|82/100 brn|[silent]
|-damage|p1a: Ferrothorn|76/100 brn|[from] brn
|upkeep
|turn|82
|
|t:|1598895860
|move|p2a: Corviknight|Body Press|p1a: Ferrothorn
|-supereffective|p1a: Ferrothorn
|-damage|p1a: Ferrothorn|45/100 brn
|-damage|p2a: Corviknight|45/100|[from] ability: Iron Barbs|[of] p1a: Ferrothorn
|move|p1a: Ferrothorn|Body Press|p2a: Corviknight
|-damage|p2a: Corviknight|36/100
|
|-heal|p1a: Ferrothorn|52/100 brn|[from] item: Leftovers
|-damage|p2a: Corviknight|24/100|[from] Leech Seed|[of] p1a: Ferrothorn
|-heal|p1a: Ferrothorn|66/100 brn|[silent]
|-damage|p1a: Ferrothorn|60/100 brn|[from] brn
|upkeep
|turn|83
|
|t:|1598895868
|move|p2a: Corviknight|Body Press|p1a: Ferrothorn
|-supereffective|p1a: Ferrothorn
|-damage|p1a: Ferrothorn|31/100 brn
|-damage|p2a: Corviknight|11/100|[from] ability: Iron Barbs|[of] p1a: Ferrothorn
|move|p1a: Ferrothorn|Knock Off|p2a: Corviknight
|-damage|p2a: Corviknight|8/100
|
|-heal|p1a: Ferrothorn|37/100 brn|[from] item: Leftovers
|-damage|p2a: Corviknight|0 fnt|[from] Leech Seed|[of] p1a: Ferrothorn
|-heal|p1a: Ferrothorn|45/100 brn|[silent]
|faint|p2a: Corviknight
|-damage|p1a: Ferrothorn|39/100 brn|[from] brn
|upkeep
|
|t:|1598895882
|switch|p2a: Urshifu|Urshifu, M, shiny|100/100
|-damage|p2a: Urshifu|94/100|[from] Stealth Rock
|turn|84
|
|t:|1598895894
|move|p2a: Urshifu|Close Combat|p1a: Ferrothorn
|-supereffective|p1a: Ferrothorn
|-damage|p1a: Ferrothorn|0 fnt
|-unboost|p2a: Urshifu|def|1
|-unboost|p2a: Urshifu|spd|1
|-damage|p2a: Urshifu|82/100|[from] ability: Iron Barbs|[of] p1a: Ferrothorn
|faint|p1a: Ferrothorn
|
|upkeep
|
|t:|1598895897
|switch|p1a: Excadrill|Excadrill, M|24/100
|-damage|p1a: Excadrill|21/100|[from] Stealth Rock
|turn|85
|
|t:|1598895902
|move|p1a: Excadrill|Earthquake|p2a: Urshifu
|-damage|p2a: Urshifu|0 fnt
|faint|p2a: Urshifu
|
|upkeep
|
|t:|1598895915
|switch|p2a: Dragapult|Dragapult, M, shiny|95/100
|-damage|p2a: Dragapult|82/100|[from] Stealth Rock
|turn|86
|
|t:|1598895918
|move|p2a: Dragapult|Flamethrower|p1a: Excadrill
|-supereffective|p1a: Excadrill
|-damage|p1a: Excadrill|0 fnt
|faint|p1a: Excadrill
|
|upkeep
|
|t:|1598895921
|switch|p1a: Clefable|Clefable, M|58/100 brn
|turn|87
|
|t:|1598895926
|move|p2a: Dragapult|Flamethrower|p1a: Clefable
|-damage|p1a: Clefable|21/100 brn
|move|p1a: Clefable|Soft-Boiled|p1a: Clefable
|-heal|p1a: Clefable|71/100 brn
|
|upkeep
|turn|88
|
|t:|1598895930
|move|p2a: Dragapult|Flamethrower|p1a: Clefable
|-damage|p1a: Clefable|32/100 brn
|move|p1a: Clefable|Moonblast|p2a: Dragapult
|-supereffective|p2a: Dragapult
|-damage|p2a: Dragapult|0 fnt
|faint|p2a: Dragapult
|
|upkeep
|
|t:|1598895936
|switch|p2a: Excadrill|Excadrill, M|38/100
|-damage|p2a: Excadrill|35/100|[from] Stealth Rock
|-ability|p2a: Excadrill|Mold Breaker
|turn|89
|
|t:|1598895938
|move|p2a: Excadrill|Iron Head|p1a: Clefable
|-supereffective|p1a: Clefable
|-damage|p1a: Clefable|0 fnt
|faint|p1a: Clefable
|
|win|Shimaazu
|c|☆GaijinEagle|gg
|c|☆Shimaazu|u2
||Ladder (probably) updated, but score could not be retrieved (Request timeout).
