|j|☆Danzer Chaney
|j|☆Mel2345
|t:|1641631169
|gametype|singles
|player|p1|Danzer Chaney|colress|1539
|player|p2|Mel2345|cheren-gen5bw2|1610
|teamsize|p1|6
|teamsize|p2|6
|gen|8
|tier|[Gen 8] OU
|rated|
|rule|Sleep Clause Mod: Limit one foe put to sleep
|rule|Species Clause: Limit one of each Pokémon
|rule|OHKO Clause: OHKO moves are banned
|rule|Evasion Moves Clause: Evasion moves are banned
|rule|Endless Battle Clause: Forcing endless battles is banned
|rule|HP Percentage Mod: HP is shown in percentages
|rule|Dynamax Clause: You cannot dynamax
|clearpoke
|poke|p1|Latias, F|
|poke|p1|Volcarona, F|
|poke|p1|Clefable, M|
|poke|p1|Necrozma|
|poke|p1|Togekiss, M|
|poke|p1|Quagsire, M|
|poke|p2|Ninetales-Alola, M|
|poke|p2|Rillaboom, F|
|poke|p2|Volcarona, M|
|poke|p2|Mew|
|poke|p2|Zeraora|
|poke|p2|Weavile, F|
|teampreview
|inactive|Battle timer is ON: inactive players will automatically lose when time's up. (requested by Danzer Chaney)
|inactive|Mel2345 also wants the timer to be on.
|
|t:|1641631188
|start
|switch|p1a: ClF₃|Volcarona, F, shiny|100/100
|switch|p2a: Ninetales|Ninetales-Alola, M|100/100
|-weather|Hail|[from] ability: Snow Warning|[of] p2a: Ninetales
|turn|1
|
|t:|1641631197
|move|p2a: Ninetales|Aurora Veil|p2a: Ninetales
|-sidestart|p2: Mel2345|move: Aurora Veil
|move|p1a: ClF₃|Quiver Dance|p1a: ClF₃
|-boost|p1a: ClF₃|spa|1
|-boost|p1a: ClF₃|spd|1
|-boost|p1a: ClF₃|spe|1
|
|-weather|Hail|[upkeep]
|-damage|p1a: ClF₃|94/100|[from] Hail
|upkeep
|turn|2
|
|t:|1641631201
|move|p1a: ClF₃|Fiery Dance|p2a: Ninetales
|-supereffective|p2a: Ninetales
|-damage|p2a: Ninetales|46/100
|move|p2a: Ninetales|Hypnosis|p1a: ClF₃
|-status|p1a: ClF₃|slp|[from] move: Hypnosis
|
|-weather|Hail|[upkeep]
|-damage|p1a: ClF₃|88/100 slp|[from] Hail
|upkeep
|turn|3
|
|t:|1641631213
|switch|p2a: Mew|Mew|100/100
|cant|p1a: ClF₃|slp
|
|-weather|Hail|[upkeep]
|-damage|p1a: ClF₃|82/100 slp|[from] Hail
|-damage|p2a: Mew|94/100|[from] Hail
|upkeep
|turn|4
|
|t:|1641631216
|cant|p1a: ClF₃|slp
|move|p2a: Mew|Cosmic Power|p2a: Mew
|-boost|p2a: Mew|def|1
|-boost|p2a: Mew|spd|1
|
|-weather|Hail|[upkeep]
|-damage|p1a: ClF₃|76/100 slp|[from] Hail
|-damage|p2a: Mew|88/100|[from] Hail
|upkeep
|turn|5
|
|t:|1641631219
|-curestatus|p1a: ClF₃|slp|[msg]
|move|p1a: ClF₃|Quiver Dance|p1a: ClF₃
|-boost|p1a: ClF₃|spa|1
|-boost|p1a: ClF₃|spd|1
|-boost|p1a: ClF₃|spe|1
|move|p2a: Mew|Cosmic Power|p2a: Mew
|-boost|p2a: Mew|def|1
|-boost|p2a: Mew|spd|1
|
|-weather|none
|upkeep
|turn|6
|
|t:|1641631224
|move|p1a: ClF₃|Fiery Dance|p2a: Mew
|-damage|p2a: Mew|73/100
|move|p2a: Mew|Cosmic Power|p2a: Mew
|-boost|p2a: Mew|def|1
|-boost|p2a: Mew|spd|1
|
|upkeep
|turn|7
|j| Venture laddering
|
|t:|1641631230
|move|p1a: ClF₃|Quiver Dance|p1a: ClF₃
|-boost|p1a: ClF₃|spa|1
|-boost|p1a: ClF₃|spd|1
|-boost|p1a: ClF₃|spe|1
|move|p2a: Mew|Cosmic Power|p2a: Mew
|-boost|p2a: Mew|def|1
|-boost|p2a: Mew|spd|1
|
|upkeep
|turn|8
|
|t:|1641631232
|move|p1a: ClF₃|Fiery Dance|p2a: Mew
|-damage|p2a: Mew|61/100
|move|p2a: Mew|Taunt|p1a: ClF₃
|-start|p1a: ClF₃|move: Taunt
|
|-sideend|p2: Mel2345|move: Aurora Veil
|upkeep
|turn|9
|
|t:|1641631235
|move|p1a: ClF₃|Fiery Dance|p2a: Mew
|-damage|p2a: Mew|34/100
|move|p2a: Mew|Roost|p2a: Mew
|-heal|p2a: Mew|84/100
|-singleturn|p2a: Mew|move: Roost
|
|upkeep
|turn|10
|
|t:|1641631240
|move|p1a: ClF₃|Fiery Dance|p2a: Mew
|-damage|p2a: Mew|57/100
|-boost|p1a: ClF₃|spa|1
|move|p2a: Mew|Cosmic Power|p2a: Mew
|-boost|p2a: Mew|def|1
|-boost|p2a: Mew|spd|1
|
|upkeep
|turn|11
|
|t:|1641631244
|move|p1a: ClF₃|Fiery Dance|p2a: Mew
|-damage|p2a: Mew|32/100
|move|p2a: Mew|Roost|p2a: Mew
|-heal|p2a: Mew|82/100
|-singleturn|p2a: Mew|move: Roost
|
|-end|p1a: ClF₃|move: Taunt
|upkeep
|turn|12
|
|t:|1641631249
|move|p1a: ClF₃|Quiver Dance|p1a: ClF₃
|-boost|p1a: ClF₃|spa|1
|-boost|p1a: ClF₃|spd|1
|-boost|p1a: ClF₃|spe|1
|move|p2a: Mew|Cosmic Power|p2a: Mew
|-boost|p2a: Mew|def|1
|-boost|p2a: Mew|spd|1
|
|upkeep
|turn|13
|
|t:|1641631251
|move|p1a: ClF₃|Fiery Dance|p2a: Mew
|-damage|p2a: Mew|58/100
|-boost|p1a: ClF₃|spa|1
|move|p2a: Mew|Stored Power|p1a: ClF₃
|-damage|p1a: ClF₃|51/100
|
|upkeep
|turn|14
|
|t:|1641631260
|move|p1a: ClF₃|Fiery Dance|p2a: Mew
|-damage|p2a: Mew|29/100
|move|p2a: Mew|Roost|p2a: Mew
|-heal|p2a: Mew|79/100
|-singleturn|p2a: Mew|move: Roost
|
|upkeep
|turn|15
|
|t:|1641631264
|move|p1a: ClF₃|Giga Drain|p2a: Mew
|-damage|p2a: Mew|61/100
|-heal|p1a: ClF₃|62/100|[from] drain|[of] p2a: Mew
|move|p2a: Mew|Roost|p2a: Mew
|-heal|p2a: Mew|100/100
|-singleturn|p2a: Mew|move: Roost
|
|upkeep
|turn|16
|
|t:|1641631267
|move|p1a: ClF₃|Fiery Dance|p2a: Mew
|-damage|p2a: Mew|72/100
|move|p2a: Mew|Stored Power|p1a: ClF₃
|-damage|p1a: ClF₃|37/100
|
|upkeep
|turn|17
|
|t:|1641631270
|move|p1a: ClF₃|Giga Drain|p2a: Mew
|-damage|p2a: Mew|54/100
|-heal|p1a: ClF₃|48/100|[from] drain|[of] p2a: Mew
|move|p2a: Mew|Stored Power|p1a: ClF₃
|-damage|p1a: ClF₃|22/100
|
|upkeep
|turn|18
|
|t:|1641631274
|move|p1a: ClF₃|Fiery Dance|p2a: Mew
|-damage|p2a: Mew|25/100
|move|p2a: Mew|Stored Power|p1a: ClF₃
|-damage|p1a: ClF₃|0 fnt
|faint|p1a: ClF₃
|
|upkeep
|
|t:|1641631281
|switch|p1a: Hypergamy|Latias, F, shiny|100/100
|turn|19
|
|t:|1641631284
|move|p2a: Mew|Roost|p2a: Mew
|-heal|p2a: Mew|75/100
|-singleturn|p2a: Mew|move: Roost
|move|p1a: Hypergamy|Calm Mind|p1a: Hypergamy
|-boost|p1a: Hypergamy|spa|1
|-boost|p1a: Hypergamy|spd|1
|
|upkeep
|turn|20
|
|t:|1641631288
|move|p2a: Mew|Taunt|p1a: Hypergamy
|-start|p1a: Hypergamy|move: Taunt
|cant|p1a: Hypergamy|move: Taunt|Calm Mind
|
|upkeep
|turn|21
|
|t:|1641631291
|move|p2a: Mew|Roost|p2a: Mew
|-heal|p2a: Mew|100/100
|-singleturn|p2a: Mew|move: Roost
|move|p1a: Hypergamy|Mystical Fire|p2a: Mew
|-damage|p2a: Mew|94/100
|-unboost|p2a: Mew|spa|1
|
|upkeep
|turn|22
|
|t:|1641631296
|move|p2a: Mew|Stored Power|p1a: Hypergamy
|-resisted|p1a: Hypergamy
|-damage|p1a: Hypergamy|86/100
|move|p1a: Hypergamy|Mystical Fire|p2a: Mew
|-damage|p2a: Mew|88/100
|-unboost|p2a: Mew|spa|1
|
|-end|p1a: Hypergamy|move: Taunt
|upkeep
|turn|23
|
|t:|1641631300
|switch|p2a: Weavile|Weavile, F|100/100
|-ability|p2a: Weavile|Pressure
|move|p1a: Hypergamy|Calm Mind|p1a: Hypergamy
|-boost|p1a: Hypergamy|spa|1
|-boost|p1a: Hypergamy|spd|1
|
|upkeep
|turn|24
|j| B4tt1enet
|
|t:|1641631304
|move|p2a: Weavile|Knock Off|p1a: Hypergamy
|-supereffective|p1a: Hypergamy
|-damage|p1a: Hypergamy|15/100
|-enditem|p1a: Hypergamy|Chesto Berry|[from] move: Knock Off|[of] p2a: Weavile
|move|p1a: Hypergamy|Mystical Fire|p2a: Weavile
|-supereffective|p2a: Weavile
|-damage|p2a: Weavile|2/100
|-unboost|p2a: Weavile|spa|1
|
|upkeep
|turn|25
|
|t:|1641631317
|switch|p1a: Gender dysphoria|Clefable, M, shiny|100/100
|move|p2a: Weavile|Ice Shard|p1a: Gender dysphoria
|-damage|p1a: Gender dysphoria|85/100
|
|upkeep
|turn|26
|
|t:|1641631321
|move|p2a: Weavile|Triple Axel|p1a: Gender dysphoria
|-damage|p1a: Gender dysphoria|76/100
|-damage|p1a: Gender dysphoria|60/100
|-damage|p1a: Gender dysphoria|35/100
|-hitcount|p1a: Gender dysphoria|3
|move|p1a: Gender dysphoria|Cosmic Power|p1a: Gender dysphoria
|-boost|p1a: Gender dysphoria|def|1
|-boost|p1a: Gender dysphoria|spd|1
|
|upkeep
|turn|27
|
|t:|1641631323
|move|p2a: Weavile|Triple Axel|p1a: Gender dysphoria
|-damage|p1a: Gender dysphoria|30/100
|-damage|p1a: Gender dysphoria|20/100
|-damage|p1a: Gender dysphoria|2/100
|-hitcount|p1a: Gender dysphoria|3
|move|p1a: Gender dysphoria|Rest|p1a: Gender dysphoria
|-status|p1a: Gender dysphoria|slp|[from] move: Rest
|-heal|p1a: Gender dysphoria|100/100 slp|[silent]
|-enditem|p1a: Gender dysphoria|Chesto Berry|[eat]
|-curestatus|p1a: Gender dysphoria|slp|[msg]
|
|upkeep
|turn|28
|j| I Have A Plan
|
|t:|1641631331
|move|p2a: Weavile|Triple Axel|p1a: Gender dysphoria
|-damage|p1a: Gender dysphoria|95/100
|-hitcount|p1a: Gender dysphoria|1
|move|p1a: Gender dysphoria|Rest|p1a: Gender dysphoria
|-status|p1a: Gender dysphoria|slp|[from] move: Rest
|-heal|p1a: Gender dysphoria|100/100 slp|[silent]
|
|upkeep
|turn|29
|
|t:|1641631341
|move|p2a: Weavile|Triple Axel|p1a: Gender dysphoria
|-damage|p1a: Gender dysphoria|95/100 slp
|-hitcount|p1a: Gender dysphoria|1
|cant|p1a: Gender dysphoria|slp
|
|upkeep
|turn|30
|
|t:|1641631349
|move|p2a: Weavile|Swords Dance|p2a: Weavile
|-boost|p2a: Weavile|atk|2
|cant|p1a: Gender dysphoria|slp
|
|upkeep
|turn|31
|
|t:|1641631351
|move|p2a: Weavile|Triple Axel|p1a: Gender dysphoria
|-damage|p1a: Gender dysphoria|89/100 slp
|-damage|p1a: Gender dysphoria|78/100 slp
|-damage|p1a: Gender dysphoria|63/100 slp
|-hitcount|p1a: Gender dysphoria|3
|-curestatus|p1a: Gender dysphoria|slp|[msg]
|move|p1a: Gender dysphoria|Cosmic Power|p1a: Gender dysphoria
|-boost|p1a: Gender dysphoria|def|1
|-boost|p1a: Gender dysphoria|spd|1
|
|upkeep
|turn|32
|
|t:|1641631365
|switch|p2a: Mew|Mew|88/100
|move|p1a: Gender dysphoria|Cosmic Power|p1a: Gender dysphoria
|-boost|p1a: Gender dysphoria|def|1
|-boost|p1a: Gender dysphoria|spd|1
|
|upkeep
|turn|33
|
|t:|1641631368
|move|p2a: Mew|Taunt|p1a: Gender dysphoria
|-start|p1a: Gender dysphoria|move: Taunt
|move|p1a: Gender dysphoria|Moonblast|p2a: Mew
|-damage|p2a: Mew|61/100
|
|upkeep
|turn|34
|
|t:|1641631374
|switch|p2a: Rillaboom|Rillaboom, F|100/100
|-fieldstart|move: Grassy Terrain|[from] ability: Grassy Surge|[of] p2a: Rillaboom
|move|p1a: Gender dysphoria|Moonblast|p2a: Rillaboom
|-damage|p2a: Rillaboom|57/100
|
|-heal|p2a: Rillaboom|63/100|[from] Grassy Terrain
|-heal|p1a: Gender dysphoria|69/100|[from] Grassy Terrain
|upkeep
|turn|35
|
|t:|1641631377
|move|p2a: Rillaboom|Swords Dance|p2a: Rillaboom
|-boost|p2a: Rillaboom|atk|2
|move|p1a: Gender dysphoria|Moonblast|p2a: Rillaboom
|-damage|p2a: Rillaboom|24/100
|
|-heal|p2a: Rillaboom|30/100|[from] Grassy Terrain
|-heal|p1a: Gender dysphoria|75/100|[from] Grassy Terrain
|-end|p1a: Gender dysphoria|move: Taunt
|upkeep
|turn|36
|
|t:|1641631381
|move|p2a: Rillaboom|Grassy Glide|p1a: Gender dysphoria
|-damage|p1a: Gender dysphoria|55/100
|-damage|p2a: Rillaboom|20/100|[from] item: Life Orb
|move|p1a: Gender dysphoria|Cosmic Power|p1a: Gender dysphoria
|-boost|p1a: Gender dysphoria|def|1
|-boost|p1a: Gender dysphoria|spd|1
|
|-heal|p2a: Rillaboom|26/100|[from] Grassy Terrain
|-heal|p1a: Gender dysphoria|62/100|[from] Grassy Terrain
|upkeep
|turn|37
|
|t:|1641631384
|move|p2a: Rillaboom|Swords Dance|p2a: Rillaboom
|-boost|p2a: Rillaboom|atk|2
|move|p1a: Gender dysphoria|Cosmic Power|p1a: Gender dysphoria
|-boost|p1a: Gender dysphoria|def|1
|-boost|p1a: Gender dysphoria|spd|1
|
|-heal|p2a: Rillaboom|32/100|[from] Grassy Terrain
|-heal|p1a: Gender dysphoria|68/100|[from] Grassy Terrain
|upkeep
|turn|38
|
|t:|1641631388
|move|p2a: Rillaboom|Grassy Glide|p1a: Gender dysphoria
|-damage|p1a: Gender dysphoria|52/100
|-damage|p2a: Rillaboom|22/100|[from] item: Life Orb
|move|p1a: Gender dysphoria|Cosmic Power|p1a: Gender dysphoria
|-boost|p1a: Gender dysphoria|def|1
|-boost|p1a: Gender dysphoria|spd|1
|
|-heal|p2a: Rillaboom|28/100|[from] Grassy Terrain
|-heal|p1a: Gender dysphoria|58/100|[from] Grassy Terrain
|-fieldend|move: Grassy Terrain
|upkeep
|turn|39
|
|t:|1641631392
|move|p2a: Rillaboom|Swords Dance|p2a: Rillaboom
|-boost|p2a: Rillaboom|atk|2
|move|p1a: Gender dysphoria|Moonblast|p2a: Rillaboom
|-damage|p2a: Rillaboom|0 fnt
|faint|p2a: Rillaboom
|
|upkeep
|
|t:|1641631397
|switch|p2a: Ninetales|Ninetales-Alola, M|46/100
|-weather|Hail|[from] ability: Snow Warning|[of] p2a: Ninetales
|turn|40
|
|t:|1641631400
|move|p2a: Ninetales|Hypnosis|p1a: Gender dysphoria
|-status|p1a: Gender dysphoria|slp|[from] move: Hypnosis
|cant|p1a: Gender dysphoria|slp
|
|-weather|Hail|[upkeep]
|-damage|p1a: Gender dysphoria|52/100 slp|[from] Hail
|upkeep
|turn|41
|
|t:|1641631407
|move|p2a: Ninetales|Aurora Veil|p2a: Ninetales
|-sidestart|p2: Mel2345|move: Aurora Veil
|cant|p1a: Gender dysphoria|slp
|
|-weather|Hail|[upkeep]
|-damage|p1a: Gender dysphoria|45/100 slp|[from] Hail
|upkeep
|turn|42
|
|t:|1641631411
|switch|p2a: Volcarona|Volcarona, M|100/100
|cant|p1a: Gender dysphoria|slp
|
|-weather|Hail|[upkeep]
|-damage|p2a: Volcarona|94/100|[from] Hail
|-damage|p1a: Gender dysphoria|39/100 slp|[from] Hail
|upkeep
|turn|43
|
|t:|1641631414
|move|p2a: Volcarona|Quiver Dance|p2a: Volcarona
|-boost|p2a: Volcarona|spa|1
|-boost|p2a: Volcarona|spd|1
|-boost|p2a: Volcarona|spe|1
|-curestatus|p1a: Gender dysphoria|slp|[msg]
|move|p1a: Gender dysphoria|Rest|p1a: Gender dysphoria
|-status|p1a: Gender dysphoria|slp|[from] move: Rest
|-heal|p1a: Gender dysphoria|100/100 slp|[silent]
|
|-weather|Hail|[upkeep]
|-damage|p2a: Volcarona|88/100|[from] Hail
|-damage|p1a: Gender dysphoria|94/100 slp|[from] Hail
|upkeep
|turn|44
|-message|Mel2345 forfeited.
|
|win|Danzer Chaney
|raw|Danzer Chaney's rating: 1539 &rarr; <strong>1563</strong><br />(+24 for winning)
|raw|Mel2345's rating: 1610 &rarr; <strong>1586</strong><br />(-24 for losing)
|j| EncoreShot
|l|☆Mel2345
|l| EncoreShot
|l|☆Danzer Chaney
|l| I Have A Plan
|l| B4tt1enet
