|raw|<div class="broadcast-blue"><strong>This battle is required to be public due to a player having a name starting with 'LT73IU'.</div>
|j|☆Shootingwolf
|j|☆LT73IU d
|t:|1598163716
|player|p1|Shootingwolf|erika|1523
|player|p2|LT73IU d|korrina|1554
|teamsize|p1|6
|teamsize|p2|6
|gametype|singles
|gen|8
|tier|[Gen 8] OU
|rated|
|clearpoke
|poke|p1|Pelipper, M|
|poke|p1|Kingdra, M|
|poke|p1|Ferrothorn, M|
|poke|p1|Crawdaunt, M|
|poke|p1|Clefable, F|
|poke|p1|Scolipede, M|
|poke|p2|Hatterene, F|
|poke|p2|Tyranitar, M|
|poke|p2|Excadrill, M|
|poke|p2|Amoonguss, M|
|poke|p2|Corviknight, F|
|poke|p2|Gengar, F|
|rule|Sleep Clause Mod: Limit one foe put to sleep
|rule|Species Clause: Limit one of each Pokémon
|rule|OHKO Clause: OHKO moves are banned
|rule|Evasion Moves Clause: Evasion moves are banned
|rule|Endless Battle Clause: Forcing endless battles is banned
|rule|HP Percentage Mod: HP is shown in percentages
|rule|Dynamax Clause: You cannot dynamax
|teampreview
|
|t:|1598163729
|start
|switch|p1a: Pelipper|Pelipper, M|100/100
|switch|p2a: Amoonguss|Amoonguss, M|100/100
|-weather|RainDance|[from] ability: Drizzle|[of] p1a: Pelipper
|turn|1
|
|t:|1598163736
|switch|p2a: Tyranitar|Tyranitar, M|100/100
|-weather|Sandstorm|[from] ability: Sand Stream|[of] p2a: Tyranitar
|move|p1a: Pelipper|U-turn|p2a: Tyranitar
|-supereffective|p2a: Tyranitar
|-damage|p2a: Tyranitar|85/100
|
|t:|1598163743
|switch|p1a: Crawdaunt|Crawdaunt, M|100/100|[from]move: U-turn
|
|-weather|Sandstorm|[upkeep]
|-damage|p1a: Crawdaunt|95/100|[from] Sandstorm
|-heal|p2a: Tyranitar|91/100|[from] item: Leftovers
|upkeep
|turn|2
|
|t:|1598163749
|switch|p2a: Amoonguss|Amoonguss, M|100/100
|move|p1a: Crawdaunt|Liquidation|p2a: Amoonguss
|-resisted|p2a: Amoonguss
|-damage|p2a: Amoonguss|74/100
|-unboost|p2a: Amoonguss|def|1
|-damage|p1a: Crawdaunt|78/100|[from] item: Rocky Helmet|[of] p2a: Amoonguss
|-damage|p1a: Crawdaunt|68/100|[from] item: Life Orb
|
|-weather|Sandstorm|[upkeep]
|-damage|p1a: Crawdaunt|62/100|[from] Sandstorm
|-damage|p2a: Amoonguss|68/100|[from] Sandstorm
|upkeep
|turn|3
|
|t:|1598163755
|switch|p2a: Corviknight|Corviknight, F|100/100
|-ability|p2a: Corviknight|Pressure
|move|p1a: Crawdaunt|Knock Off|p2a: Corviknight
|-damage|p2a: Corviknight|46/100
|-enditem|p2a: Corviknight|Shed Shell|[from] move: Knock Off|[of] p1a: Crawdaunt
|-damage|p1a: Crawdaunt|53/100|[from] item: Life Orb
|
|-weather|Sandstorm|[upkeep]
|-damage|p1a: Crawdaunt|47/100|[from] Sandstorm
|upkeep
|turn|4
|
|t:|1598163762
|move|p1a: Crawdaunt|Liquidation|p2a: Corviknight
|-damage|p2a: Corviknight|0 fnt
|-damage|p1a: Crawdaunt|37/100|[from] item: Life Orb
|faint|p2a: Corviknight
|
|-weather|Sandstorm|[upkeep]
|-damage|p1a: Crawdaunt|31/100|[from] Sandstorm
|upkeep
|
|t:|1598163768
|switch|p2a: Gengar|Gengar, F|100/100
|turn|5
|l|☆LT73IU d
|player|p2|
|j|☆LT73IU d
|player|p2|LT73IU d|korrina
|
|t:|1598163784
|switch|p1a: Clefable|Clefable, F, shiny|100/100
|move|p2a: Gengar|Sludge Bomb|p1a: Clefable
|-supereffective|p1a: Clefable
|-damage|p1a: Clefable|7/100
|-status|p1a: Clefable|psn
|
|-weather|none
|-heal|p1a: Clefable|13/100 psn|[from] item: Leftovers
|-damage|p1a: Clefable|1/100 psn|[from] psn
|upkeep
|turn|6
|
|t:|1598163792
|move|p2a: Gengar|Sludge Bomb|p1a: Clefable
|-supereffective|p1a: Clefable
|-damage|p1a: Clefable|0 fnt
|faint|p1a: Clefable
|
|upkeep
|
|t:|1598163809
|switch|p1a: Pelipper|Pelipper, M|100/100
|-weather|RainDance|[from] ability: Drizzle|[of] p1a: Pelipper
|turn|7
|
|t:|1598163821
|move|p2a: Gengar|Sludge Bomb|p1a: Pelipper
|-damage|p1a: Pelipper|53/100
|move|p1a: Pelipper|U-turn|p2a: Gengar
|-resisted|p2a: Gengar
|-damage|p2a: Gengar|97/100
|
|t:|1598163828
|switch|p1a: Kingdra|Kingdra, M|100/100|[from]move: U-turn
|
|-weather|RainDance|[upkeep]
|-heal|p2a: Gengar|100/100|[from] item: Black Sludge
|upkeep
|turn|8
|l|☆LT73IU d
|player|p2|
|j|☆LT73IU d
|player|p2|LT73IU d|korrina
|
|t:|1598163840
|switch|p2a: Amoonguss|Amoonguss, M|100/100
|move|p1a: Kingdra|Flip Turn|p2a: Amoonguss
|-resisted|p2a: Amoonguss
|-damage|p2a: Amoonguss|90/100
|-damage|p1a: Kingdra|84/100|[from] item: Rocky Helmet|[of] p2a: Amoonguss
|
|t:|1598163846
|switch|p1a: Crawdaunt|Crawdaunt, M|31/100|[from]move: Flip Turn
|
|-weather|RainDance|[upkeep]
|upkeep
|turn|9
|
|t:|1598163851
|move|p1a: Crawdaunt|Knock Off|p2a: Amoonguss
|-damage|p2a: Amoonguss|30/100
|-damage|p1a: Crawdaunt|14/100|[from] item: Rocky Helmet|[of] p2a: Amoonguss
|-enditem|p2a: Amoonguss|Rocky Helmet|[from] move: Knock Off|[of] p1a: Crawdaunt
|-damage|p1a: Crawdaunt|5/100|[from] item: Life Orb
|move|p2a: Amoonguss|Giga Drain|p1a: Crawdaunt
|-supereffective|p1a: Crawdaunt
|-damage|p1a: Crawdaunt|0 fnt
|-heal|p2a: Amoonguss|32/100|[from] drain|[of] p1a: Crawdaunt
|faint|p1a: Crawdaunt
|
|-weather|RainDance|[upkeep]
|upkeep
|
|t:|1598163854
|switch|p1a: Scolipede|Scolipede, M|100/100
|turn|10
|
|t:|1598163858
|move|p1a: Scolipede|Megahorn|p2a: Amoonguss
|-damage|p2a: Amoonguss|0 fnt
|-damage|p1a: Scolipede|91/100|[from] item: Life Orb
|faint|p2a: Amoonguss
|
|-weather|RainDance|[upkeep]
|-ability|p1a: Scolipede|Speed Boost|boost
|-boost|p1a: Scolipede|spe|1
|upkeep
|
|t:|1598163883
|switch|p2a: Tyranitar|Tyranitar, M|91/100
|-weather|Sandstorm|[from] ability: Sand Stream|[of] p2a: Tyranitar
|turn|11
|
|t:|1598163892
|switch|p2a: Gengar|Gengar, F|100/100
|move|p1a: Scolipede|Megahorn|p2a: Gengar
|-resisted|p2a: Gengar
|-damage|p2a: Gengar|68/100
|-damage|p1a: Scolipede|81/100|[from] item: Life Orb
|
|-weather|Sandstorm|[upkeep]
|-damage|p1a: Scolipede|74/100|[from] Sandstorm
|-damage|p2a: Gengar|62/100|[from] Sandstorm
|-heal|p2a: Gengar|68/100|[from] item: Black Sludge
|-ability|p1a: Scolipede|Speed Boost|boost
|-boost|p1a: Scolipede|spe|1
|upkeep
|turn|12
|
|t:|1598163903
|move|p1a: Scolipede|Earthquake|p2a: Gengar
|-supereffective|p2a: Gengar
|-damage|p2a: Gengar|0 fnt
|-damage|p1a: Scolipede|64/100|[from] item: Life Orb
|faint|p2a: Gengar
|
|-weather|Sandstorm|[upkeep]
|-damage|p1a: Scolipede|58/100|[from] Sandstorm
|-ability|p1a: Scolipede|Speed Boost|boost
|-boost|p1a: Scolipede|spe|1
|upkeep
|
|t:|1598163906
|switch|p2a: Hatterene|Hatterene, F|100/100
|turn|13
|
|t:|1598163912
|move|p1a: Scolipede|Poison Jab|p2a: Hatterene
|-supereffective|p2a: Hatterene
|-damage|p2a: Hatterene|4/100
|-damage|p1a: Scolipede|48/100|[from] item: Life Orb
|move|p2a: Hatterene|Psyshock|p1a: Scolipede
|-supereffective|p1a: Scolipede
|-damage|p1a: Scolipede|0 fnt
|faint|p1a: Scolipede
|
|-weather|Sandstorm|[upkeep]
|-damage|p2a: Hatterene|0 fnt|[from] Sandstorm
|faint|p2a: Hatterene
|upkeep
|
|t:|1598163932
|switch|p1a: Ferrothorn|Ferrothorn, M|100/100
|switch|p2a: Tyranitar|Tyranitar, M|91/100
|turn|14
|inactive|Battle timer is ON: inactive players will automatically lose when time's up. (requested by Shootingwolf)
|l|☆LT73IU d
|inactive|LT73IU d disconnected and has a minute to reconnect!
|player|p2|
|inactive|LT73IU d has 30 seconds to reconnect!
|j|☆LT73IU d
|inactive|LT73IU d reconnected and has 110 seconds left.
|player|p2|LT73IU d|korrina
|
|t:|1598163974
|switch|p1a: Pelipper|Pelipper, M|53/100
|-weather|RainDance|[from] ability: Drizzle|[of] p1a: Pelipper
|move|p2a: Tyranitar|Flamethrower|p1a: Pelipper
|-resisted|p1a: Pelipper
|-damage|p1a: Pelipper|48/100
|
|-weather|RainDance|[upkeep]
|-heal|p2a: Tyranitar|98/100|[from] item: Leftovers
|upkeep
|turn|15
|
|t:|1598163982
|switch|p1a: Kingdra|Kingdra, M|84/100
|move|p2a: Tyranitar|Rock Blast|p1a: Kingdra|[miss]
|-miss|p2a: Tyranitar|p1a: Kingdra
|
|-weather|RainDance|[upkeep]
|-heal|p2a: Tyranitar|100/100|[from] item: Leftovers
|upkeep
|turn|16
|
|t:|1598163986
|move|p1a: Kingdra|Surf|p2a: Tyranitar
|-supereffective|p2a: Tyranitar
|-damage|p2a: Tyranitar|0 fnt
|faint|p2a: Tyranitar
|
|-weather|RainDance|[upkeep]
|upkeep
|-message|LT73IU d forfeited.
|
|win|Shootingwolf
|l|☆LT73IU d
|raw|Shootingwolf's rating: 1523 &rarr; <strong>1545</strong><br />(+22 for winning)
|raw|LT73IU d's rating: 1554 &rarr; <strong>1532</strong><br />(-22 for losing)
