|j|☆tesla roadster
|j|☆josema_09
|inactive|Battle timer is ON: inactive players will automatically lose when time's up.
|t:|1667131456
|gametype|singles
|player|p1|tesla roadster|2|
|player|p2|josema_09|169|
|teamsize|p1|6
|teamsize|p2|6
|gen|8
|tier|[Gen 8] OU
|rated|Tournament battle
|rule|Sleep Clause Mod: Limit one foe put to sleep
|rule|Species Clause: Limit one of each Pokémon
|rule|OHKO Clause: OHKO moves are banned
|rule|Evasion Items Clause: Evasion items are banned
|rule|Evasion Moves Clause: Evasion moves are banned
|rule|Endless Battle Clause: Forcing endless battles is banned
|rule|HP Percentage Mod: HP is shown in percentages
|rule|Dynamax Clause: You cannot dynamax
|clearpoke
|poke|p1|Ninetales-Alola, M|
|poke|p1|Heatran, M|
|poke|p1|Landorus-Therian, M|
|poke|p1|Tapu Fini|
|poke|p1|Arctozolt|
|poke|p1|Kartana|
|poke|p2|Tyranitar, F|
|poke|p2|Kartana|
|poke|p2|Corviknight, M|
|poke|p2|Landorus-Therian, M|
|poke|p2|Dragapult, M|
|poke|p2|Volcanion|
|teampreview
|c|☆josema_09|hf
|c|☆tesla roadster|hf
|inactive|tesla roadster has 120 seconds left.
|j|%moondazing
|inactive|tesla roadster has 90 seconds left.
|
|t:|1667131526
|start
|switch|p1a: Enten|Landorus-Therian, M, shiny|100/100
|switch|p2a: Landorus|Landorus-Therian, M|100/100
|-ability|p1a: Enten|Intimidate|boost
|-unboost|p2a: Landorus|atk|1
|-ability|p2a: Landorus|Intimidate|boost
|-unboost|p1a: Enten|atk|1
|turn|1
|inactive|tesla roadster has 120 seconds left.
|
|t:|1667131566
|switch|p1a: Frozen Soul|Ninetales-Alola, M, shiny|100/100
|-weather|Hail|[from] ability: Snow Warning|[of] p1a: Frozen Soul
|move|p2a: Landorus|U-turn|p1a: Frozen Soul
|-resisted|p1a: Frozen Soul
|-damage|p1a: Frozen Soul|90/100
|
|t:|1667131572
|switch|p2a: Tyranitar|Tyranitar, F|100/100|[from]move: U-turn
|-weather|Sandstorm|[from] ability: Sand Stream|[of] p2a: Tyranitar
|
|-weather|Sandstorm|[upkeep]
|-damage|p1a: Frozen Soul|84/100|[from] Sandstorm
|upkeep
|turn|2
|j| Aftx
|
|t:|1667131582
|switch|p1a: Enten|Landorus-Therian, M, shiny|100/100
|-ability|p1a: Enten|Intimidate|boost
|-unboost|p2a: Tyranitar|atk|1
|move|p2a: Tyranitar|Stone Edge|p1a: Enten
|-damage|p1a: Enten|45/100
|
|-weather|Sandstorm|[upkeep]
|-heal|p1a: Enten|51/100|[from] item: Leftovers
|upkeep
|turn|3
|
|t:|1667131591
|switch|p2a: Corviknight|Corviknight, M|100/100
|-ability|p2a: Corviknight|Pressure
|move|p1a: Enten|Knock Off|p2a: Corviknight
|-damage|p2a: Corviknight|83/100
|-damage|p1a: Enten|35/100|[from] item: Rocky Helmet|[of] p2a: Corviknight
|-enditem|p2a: Corviknight|Rocky Helmet|[from] move: Knock Off|[of] p1a: Enten
|
|-weather|Sandstorm|[upkeep]
|-heal|p1a: Enten|41/100|[from] item: Leftovers
|upkeep
|turn|4
|
|t:|1667131612
|move|p1a: Enten|Knock Off|p2a: Corviknight
|-damage|p2a: Corviknight|71/100
|move|p2a: Corviknight|U-turn|p1a: Enten
|-resisted|p1a: Enten
|-damage|p1a: Enten|34/100
|
|t:|1667131626
|switch|p2a: Kartana|Kartana|100/100|[from]move: U-turn
|
|-weather|Sandstorm|[upkeep]
|-heal|p1a: Enten|40/100|[from] item: Leftovers
|upkeep
|turn|5
|j| g2 fyssure
|
|t:|1667131646
|switch|p1a: Deathstroke|Kartana, shiny|100/100
|move|p2a: Kartana|Swords Dance|p2a: Kartana
|-boost|p2a: Kartana|atk|2
|
|-weather|none
|upkeep
|turn|6
|
|t:|1667131658
|move|p1a: Deathstroke|Sacred Sword|p2a: Kartana
|-supereffective|p2a: Kartana
|-damage|p2a: Kartana|16/100
|move|p2a: Kartana|Sacred Sword|p1a: Deathstroke
|-supereffective|p1a: Deathstroke
|-damage|p1a: Deathstroke|0 fnt
|faint|p1a: Deathstroke
|-ability|p2a: Kartana|Beast Boost|boost
|-boost|p2a: Kartana|atk|1
|-damage|p2a: Kartana|6/100|[from] item: Life Orb
|
|upkeep
|inactive|tesla roadster has 120 seconds left.
|l| g2 fyssure
|
|t:|1667131677
|switch|p1a: Frozen Soul|Ninetales-Alola, M, shiny|84/100
|-weather|Hail|[from] ability: Snow Warning|[of] p1a: Frozen Soul
|turn|7
|inactive|tesla roadster has 120 seconds left.
|j| ono oh no
|
|t:|1667131699
|switch|p1a: Raven|Tapu Fini, shiny|100/100
|-fieldstart|move: Misty Terrain|[from] ability: Misty Surge|[of] p1a: Raven
|move|p2a: Kartana|Knock Off|p1a: Raven
|-resisted|p1a: Raven
|-damage|p1a: Raven|52/100
|-enditem|p1a: Raven|Leftovers|[from] move: Knock Off|[of] p2a: Kartana
|-damage|p2a: Kartana|0 fnt|[from] item: Life Orb
|faint|p2a: Kartana
|
|-weather|Hail|[upkeep]
|-damage|p1a: Raven|45/100|[from] Hail
|upkeep
|
|t:|1667131718
|switch|p2a: Corviknight|Corviknight, M|71/100
|-ability|p2a: Corviknight|Pressure
|turn|8
|inactive|tesla roadster has 120 seconds left.
|inactive|tesla roadster has 90 seconds left.
|
|t:|1667131768
|move|p1a: Raven|Surf|p2a: Corviknight
|-damage|p2a: Corviknight|42/100
|move|p2a: Corviknight|U-turn|p1a: Raven
|-resisted|p1a: Raven
|-damage|p1a: Raven|40/100
|
|t:|1667131776
|switch|p2a: Dragapult|Dragapult, M|100/100|[from]move: U-turn
|
|-weather|Hail|[upkeep]
|-damage|p2a: Dragapult|95/100|[from] Hail
|-damage|p1a: Raven|34/100|[from] Hail
|upkeep
|turn|9
|
|t:|1667131789
|move|p2a: Dragapult|Shadow Ball|p1a: Raven
|-damage|p1a: Raven|0 fnt
|faint|p1a: Raven
|
|-weather|Hail|[upkeep]
|-damage|p2a: Dragapult|89/100|[from] Hail
|upkeep
|
|t:|1667131792
|switch|p1a: Destroyer|Arctozolt, shiny|100/100
|turn|10
|inactive|tesla roadster has 90 seconds left.
|
|t:|1667131805
|move|p2a: Dragapult|Shadow Ball|p1a: Destroyer
|-damage|p1a: Destroyer|23/100
|move|p1a: Destroyer|Low Kick|p2a: Dragapult
|-immune|p2a: Dragapult
|
|-weather|Hail|[upkeep]
|-damage|p2a: Dragapult|83/100|[from] Hail
|upkeep
|turn|11
|inactive|tesla roadster has 90 seconds left.
|c|☆tesla roadster|gg
|-message|tesla roadster forfeited.
|
|win|josema_09
|n|☆tesla roadster|teslaroadster
|n|☆josema_09|josema09
|n|+moondazing|moondazing
|n| Aftx|aftx
|n| ono oh no|onoohno
|l|☆tesla roadster
