|raw|<div class="broadcast-blue"><strong>This battle is required to be public due to a player having a name starting with 'lt83aq'.</div>
|j|☆LT83AQ fris
|j|☆not mb
|t:|1626713045
|gametype|singles
|player|p1|LT83AQ fris|102|1709
|player|p2|not mb|265|1830
|teamsize|p1|6
|teamsize|p2|6
|gen|8
|tier|[Gen 8] OU
|rated|
|rule|Sleep Clause Mod: Limit one foe put to sleep
|rule|Species Clause: Limit one of each Pokémon
|rule|OHKO Clause: OHKO moves are banned
|rule|Evasion Moves Clause: Evasion moves are banned
|rule|Endless Battle Clause: Forcing endless battles is banned
|rule|HP Percentage Mod: HP is shown in percentages
|rule|Dynamax Clause: You cannot dynamax
|clearpoke
|poke|p1|Blaziken, M|
|poke|p1|Zeraora|
|poke|p1|Garchomp, F|
|poke|p1|Ninetales-Alola, F|
|poke|p1|Cloyster, M|
|poke|p1|Moltres-Galar|
|poke|p2|Landorus-Therian, M|
|poke|p2|Ferrothorn, F|
|poke|p2|Weavile, F|
|poke|p2|Toxapex, M|
|poke|p2|Tornadus-Therian, M|
|poke|p2|Zeraora|
|teampreview
|inactive|Battle timer is ON: inactive players will automatically lose when time's up. (requested by LT83AQ fris)
|j| LT83AQ Ming
|inactive|not mb has 120 seconds left.
|
|t:|1626713077
|start
|switch|p1a: Ninetales|Ninetales-Alola, F|100/100
|switch|p2a: Tornadus|Tornadus-Therian, M|100/100
|-weather|Hail|[from] ability: Snow Warning|[of] p1a: Ninetales
|turn|1
|
|t:|1626713083
|move|p2a: Tornadus|Taunt|p1a: Ninetales
|-start|p1a: Ninetales|move: Taunt
|cant|p1a: Ninetales|move: Taunt|Hypnosis
|
|-weather|Hail|[upkeep]
|-damage|p2a: Tornadus|94/100|[from] Hail
|upkeep
|turn|2
|
|t:|1626713094
|move|p2a: Tornadus|Knock Off|p1a: Ninetales
|-resisted|p1a: Ninetales
|-damage|p1a: Ninetales|87/100
|-enditem|p1a: Ninetales|Light Clay|[from] move: Knock Off|[of] p2a: Tornadus
|move|p1a: Ninetales|Moonblast|p2a: Tornadus
|-damage|p2a: Tornadus|66/100
|-unboost|p2a: Tornadus|spa|1
|
|-weather|Hail|[upkeep]
|-damage|p2a: Tornadus|60/100|[from] Hail
|upkeep
|turn|3
|
|t:|1626713120
|move|p2a: Tornadus|U-turn|p1a: Ninetales
|-resisted|p1a: Ninetales
|-damage|p1a: Ninetales|78/100
|
|t:|1626713129
|switch|p2a: Landorus|Landorus-Therian, M|100/100|[from]move: U-turn
|-ability|p2a: Landorus|Intimidate|boost
|-unboost|p1a: Ninetales|atk|1
|move|p1a: Ninetales|Moonblast|p2a: Landorus
|-damage|p2a: Landorus|77/100
|
|-weather|Hail|[upkeep]
|-damage|p2a: Landorus|71/100|[from] Hail
|-heal|p2a: Landorus|77/100|[from] item: Leftovers
|-end|p1a: Ninetales|move: Taunt
|upkeep
|turn|4
|
|t:|1626713139
|move|p1a: Ninetales|Hypnosis|p2a: Landorus
|-status|p2a: Landorus|slp|[from] move: Hypnosis
|cant|p2a: Landorus|slp
|
|-weather|Hail|[upkeep]
|-damage|p2a: Landorus|71/100 slp|[from] Hail
|-heal|p2a: Landorus|77/100 slp|[from] item: Leftovers
|upkeep
|turn|5
|
|t:|1626713143
|move|p1a: Ninetales|Aurora Veil|p1a: Ninetales
|-sidestart|p1: LT83AQ fris|move: Aurora Veil
|cant|p2a: Landorus|slp
|
|-weather|none
|-heal|p2a: Landorus|83/100 slp|[from] item: Leftovers
|upkeep
|turn|6
|
|t:|1626713145
|switch|p1a: Cloyster|Cloyster, M|100/100
|cant|p2a: Landorus|slp
|
|-heal|p2a: Landorus|90/100 slp|[from] item: Leftovers
|upkeep
|turn|7
|
|t:|1626713150
|-curestatus|p2a: Landorus|slp|[msg]
|move|p2a: Landorus|Toxic|p1a: Cloyster
|-status|p1a: Cloyster|tox
|move|p1a: Cloyster|Shell Smash|p1a: Cloyster
|-unboost|p1a: Cloyster|def|1
|-unboost|p1a: Cloyster|spd|1
|-boost|p1a: Cloyster|atk|2
|-boost|p1a: Cloyster|spa|2
|-boost|p1a: Cloyster|spe|2
|
|-heal|p2a: Landorus|96/100|[from] item: Leftovers
|-damage|p1a: Cloyster|94/100 tox|[from] psn
|upkeep
|turn|8
|
|t:|1626713156
|switch|p2a: Toxapex|Toxapex, M|100/100
|move|p1a: Cloyster|Rock Blast|p2a: Toxapex
|-damage|p2a: Toxapex|89/100
|-damage|p2a: Toxapex|77/100
|-damage|p2a: Toxapex|64/100
|-damage|p2a: Toxapex|51/100
|-damage|p2a: Toxapex|38/100
|-hitcount|p2a: Toxapex|5
|
|-heal|p2a: Toxapex|44/100|[from] item: Black Sludge
|-damage|p1a: Cloyster|82/100 tox|[from] psn
|upkeep
|turn|9
|
|t:|1626713167
|move|p1a: Cloyster|Icicle Spear|p2a: Toxapex
|-resisted|p2a: Toxapex
|-damage|p2a: Toxapex|35/100
|-resisted|p2a: Toxapex
|-damage|p2a: Toxapex|26/100
|-resisted|p2a: Toxapex
|-damage|p2a: Toxapex|17/100
|-resisted|p2a: Toxapex
|-damage|p2a: Toxapex|9/100
|-resisted|p2a: Toxapex
|-damage|p2a: Toxapex|0 fnt
|faint|p2a: Toxapex
|-hitcount|p2: Toxapex|5
|
|-damage|p1a: Cloyster|63/100 tox|[from] psn
|-sideend|p1: LT83AQ fris|move: Aurora Veil
|upkeep
|
|t:|1626713175
|switch|p2a: Ferrothorn|Ferrothorn, F|100/100
|turn|10
|
|t:|1626713177
|move|p1a: Cloyster|Icicle Spear|p2a: Ferrothorn
|-damage|p2a: Ferrothorn|86/100
|-damage|p2a: Ferrothorn|72/100
|-damage|p2a: Ferrothorn|58/100
|-damage|p2a: Ferrothorn|45/100
|-damage|p2a: Ferrothorn|31/100
|-hitcount|p2a: Ferrothorn|5
|move|p2a: Ferrothorn|Spikes|p1a: Cloyster
|-sidestart|p1: LT83AQ fris|Spikes
|
|-heal|p2a: Ferrothorn|37/100|[from] item: Leftovers
|-damage|p1a: Cloyster|38/100 tox|[from] psn
|upkeep
|turn|11
|j| 87h69567b7r6
|
|t:|1626713185
|move|p1a: Cloyster|Icicle Spear|p2a: Ferrothorn
|-damage|p2a: Ferrothorn|23/100
|-damage|p2a: Ferrothorn|10/100
|-damage|p2a: Ferrothorn|0 fnt
|faint|p2a: Ferrothorn
|-hitcount|p2: Ferrothorn|3
|
|-damage|p1a: Cloyster|7/100 tox|[from] psn
|upkeep
|
|t:|1626713188
|switch|p2a: Weavile|Weavile, F|100/100
|-ability|p2a: Weavile|Pressure
|turn|12
|
|t:|1626713191
|move|p1a: Cloyster|Ice Shard|p2a: Weavile
|-resisted|p2a: Weavile
|-damage|p2a: Weavile|71/100
|move|p2a: Weavile|Ice Shard|p1a: Cloyster
|-resisted|p1a: Cloyster
|-damage|p1a: Cloyster|0 fnt
|faint|p1a: Cloyster
|
|upkeep
|
|t:|1626713199
|switch|p1a: Blaziken|Blaziken, M|100/100
|-damage|p1a: Blaziken|88/100|[from] Spikes
|turn|13
|
|t:|1626713210
|switch|p2a: Landorus|Landorus-Therian, M|96/100
|-ability|p2a: Landorus|Intimidate|boost
|-unboost|p1a: Blaziken|atk|1
|move|p1a: Blaziken|Swords Dance|p1a: Blaziken
|-boost|p1a: Blaziken|atk|2
|
|-heal|p2a: Landorus|100/100|[from] item: Leftovers
|-ability|p1a: Blaziken|Speed Boost|boost
|-boost|p1a: Blaziken|spe|1
|upkeep
|turn|14
|
|t:|1626713214
|move|p1a: Blaziken|Flare Blitz|p2a: Landorus
|-damage|p2a: Landorus|0 fnt
|faint|p2a: Landorus
|-damage|p1a: Blaziken|46/100|[from] Recoil
|-damage|p1a: Blaziken|36/100|[from] item: Life Orb
|
|-ability|p1a: Blaziken|Speed Boost|boost
|-boost|p1a: Blaziken|spe|1
|upkeep
|
|t:|1626713222
|switch|p2a: Tornadus|Tornadus-Therian, M|93/100
|turn|15
|
|t:|1626713224
|move|p1a: Blaziken|Thunder Punch|p2a: Tornadus
|-supereffective|p2a: Tornadus
|-damage|p2a: Tornadus|0 fnt
|faint|p2a: Tornadus
|-damage|p1a: Blaziken|26/100|[from] item: Life Orb
|
|-ability|p1a: Blaziken|Speed Boost|boost
|-boost|p1a: Blaziken|spe|1
|upkeep
|-message|not mb forfeited.
|
|win|LT83AQ fris
|l|☆not mb
|l| LT83AQ Ming
|l|☆LT83AQ fris
|raw|LT83AQ fris's rating: 1709 &rarr; <strong>1736</strong><br />(+27 for winning)
|raw|not mb's rating: 1830 &rarr; <strong>1803</strong><br />(-27 for losing)
|j|☆LT83AQ fris
|player|p1|LT83AQ fris|102
|inactive|Battle timer is ON: inactive players will automatically lose when time's up. (requested by LT83AQ fris)
|l|☆LT83AQ fris
|player|p1|
||Ladder isn't responding, score probably updated but might not have (Request timeout).
