|raw|<div class="broadcast-blue"><strong>This battle is required to be public due to a player having a name starting with 'lt93oq'.</div>
|j|‽lt93oq yeatfan
|j|☆HOF69
|t:|1660973430
|gametype|singles
|player|p1|lt93oq yeatfan|nate|1910
|player|p2|HOF69|red|1702
|teamsize|p1|6
|teamsize|p2|6
|gen|8
|tier|[Gen 8] OU
|rated|
|rule|Sleep Clause Mod: Limit one foe put to sleep
|rule|Species Clause: Limit one of each Pokémon
|rule|OHKO Clause: OHKO moves are banned
|rule|Evasion Items Clause: Evasion items are banned
|rule|Evasion Moves Clause: Evasion moves are banned
|rule|Endless Battle Clause: Forcing endless battles is banned
|rule|HP Percentage Mod: HP is shown in percentages
|rule|Dynamax Clause: You cannot dynamax
|clearpoke
|poke|p1|Buzzwole|
|poke|p1|Tapu Fini|
|poke|p1|Heatran, M|
|poke|p1|Garchomp, M|
|poke|p1|Ferrothorn, M|
|poke|p1|Zapdos|
|poke|p2|Cloyster, M|
|poke|p2|Krookodile, M|
|poke|p2|Gengar, M|
|poke|p2|Tapu Lele|
|poke|p2|Kartana|
|poke|p2|Landorus-Therian, M|
|teampreview
|
|t:|1660973436
|start
|switch|p1a: Heatran|Heatran, M|100/100
|switch|p2a: Krookodile|Krookodile, M|100/100
|-ability|p2a: Krookodile|Intimidate|boost
|-unboost|p1a: Heatran|atk|1
|-item|p1a: Heatran|Air Balloon
|turn|1
|
|t:|1660973440
|move|p2a: Krookodile|Taunt|p1a: Heatran
|-start|p1a: Heatran|move: Taunt
|move|p1a: Heatran|Magma Storm|p2a: Krookodile
|-damage|p2a: Krookodile|20/100
|-activate|p2a: Krookodile|move: Magma Storm|[of] p1a: Heatran
|
|-damage|p2a: Krookodile|7/100|[from] move: Magma Storm|[partiallytrapped]
|upkeep
|turn|2
|
|t:|1660973448
|move|p2a: Krookodile|Stealth Rock|p1a: Heatran
|-sidestart|p1: lt93oq yeatfan|move: Stealth Rock
|move|p1a: Heatran|Earth Power|p2a: Krookodile
|-damage|p2a: Krookodile|0 fnt
|faint|p2a: Krookodile
|
|upkeep
|j| Helloguys001
|inactive|Battle timer is ON: inactive players will automatically lose when time's up. (requested by lt93oq yeatfan)
|
|t:|1660973466
|switch|p2a: Tapu Lele|Tapu Lele|100/100
|-fieldstart|move: Psychic Terrain|[from] ability: Psychic Surge|[of] p2a: Tapu Lele
|turn|3
|
|t:|1660973471
|move|p2a: Tapu Lele|Psyshock|p1a: Heatran
|-resisted|p1a: Heatran
|-damage|p1a: Heatran|67/100
|-enditem|p1a: Heatran|Air Balloon
|move|p1a: Heatran|Flash Cannon|p2a: Tapu Lele
|-supereffective|p2a: Tapu Lele
|-damage|p2a: Tapu Lele|2/100
|
|-end|p1a: Heatran|move: Taunt
|upkeep
|turn|4
|
|t:|1660973478
|switch|p1a: Garchomp|Garchomp, M|100/100
|-damage|p1a: Garchomp|94/100|[from] Stealth Rock
|move|p2a: Tapu Lele|Focus Blast|p1a: Garchomp
|-damage|p1a: Garchomp|51/100
|
|-heal|p1a: Garchomp|58/100|[from] item: Leftovers
|upkeep
|turn|5
|
|t:|1660973483
|move|p1a: Garchomp|Earthquake|p2a: Tapu Lele
|-damage|p2a: Tapu Lele|0 fnt
|faint|p2a: Tapu Lele
|
|-heal|p1a: Garchomp|64/100|[from] item: Leftovers
|upkeep
|
|t:|1660973498
|switch|p2a: Cloyster|Cloyster, M, shiny|100/100
|turn|6
|
|t:|1660973505
|move|p1a: Garchomp|Toxic|p2a: Cloyster
|-status|p2a: Cloyster|tox
|move|p2a: Cloyster|Shell Smash|p2a: Cloyster
|-unboost|p2a: Cloyster|def|1
|-unboost|p2a: Cloyster|spd|1
|-boost|p2a: Cloyster|atk|2
|-boost|p2a: Cloyster|spa|2
|-boost|p2a: Cloyster|spe|2
|
|-heal|p1a: Garchomp|70/100|[from] item: Leftovers
|-damage|p2a: Cloyster|94/100 tox|[from] psn
|upkeep
|turn|7
|
|t:|1660973513
|move|p1a: Garchomp|Protect|p1a: Garchomp
|-singleturn|p1a: Garchomp|Protect
|move|p2a: Cloyster|Icicle Spear|p1a: Garchomp
|-activate|p1a: Garchomp|move: Protect
|
|-heal|p1a: Garchomp|76/100|[from] item: Leftovers
|-damage|p2a: Cloyster|82/100 tox|[from] psn
|-fieldend|move: Psychic Terrain
|upkeep
|turn|8
|
|t:|1660973520
|switch|p1a: Ferrothorn|Ferrothorn, M|100/100
|-damage|p1a: Ferrothorn|94/100|[from] Stealth Rock
|move|p2a: Cloyster|Icicle Spear|p1a: Ferrothorn
|-damage|p1a: Ferrothorn|81/100
|-damage|p1a: Ferrothorn|67/100
|-damage|p1a: Ferrothorn|53/100
|-damage|p1a: Ferrothorn|39/100
|-damage|p1a: Ferrothorn|24/100
|-hitcount|p1a: Ferrothorn|5
|
|-heal|p1a: Ferrothorn|31/100|[from] item: Leftovers
|-damage|p2a: Cloyster|63/100 tox|[from] psn
|upkeep
|turn|9
|
|t:|1660973528
|move|p2a: Cloyster|Icicle Spear|p1a: Ferrothorn
|-damage|p1a: Ferrothorn|16/100
|-damage|p1a: Ferrothorn|1/100
|-damage|p1a: Ferrothorn|0 fnt
|faint|p1a: Ferrothorn
|-hitcount|p1: Ferrothorn|3
|
|-damage|p2a: Cloyster|38/100 tox|[from] psn
|upkeep
|
|t:|1660973530
|switch|p1a: Garchomp|Garchomp, M|76/100
|-damage|p1a: Garchomp|70/100|[from] Stealth Rock
|turn|10
|
|t:|1660973533
|move|p1a: Garchomp|Protect|p1a: Garchomp
|-singleturn|p1a: Garchomp|Protect
|move|p2a: Cloyster|Shell Smash|p2a: Cloyster
|-unboost|p2a: Cloyster|def|1
|-unboost|p2a: Cloyster|spd|1
|-boost|p2a: Cloyster|atk|2
|-boost|p2a: Cloyster|spa|2
|-boost|p2a: Cloyster|spe|2
|
|-heal|p1a: Garchomp|76/100|[from] item: Leftovers
|-damage|p2a: Cloyster|7/100 tox|[from] psn
|upkeep
|turn|11
|
|t:|1660973539
|switch|p1a: Heatran|Heatran, M|67/100
|-damage|p1a: Heatran|55/100|[from] Stealth Rock
|move|p2a: Cloyster|Icicle Spear|p1a: Heatran
|-resisted|p1a: Heatran
|-damage|p1a: Heatran|47/100
|-resisted|p1a: Heatran
|-damage|p1a: Heatran|39/100
|-resisted|p1a: Heatran
|-damage|p1a: Heatran|32/100
|-resisted|p1a: Heatran
|-damage|p1a: Heatran|24/100
|-resisted|p1a: Heatran
|-damage|p1a: Heatran|17/100
|-hitcount|p1a: Heatran|5
|
|-damage|p2a: Cloyster|0 fnt|[from] psn
|faint|p2a: Cloyster
|upkeep
|
|t:|1660973558
|switch|p2a: Gengar|Gengar, M, shiny|100/100
|turn|12
|
|t:|1660973572
|move|p2a: Gengar|Shadow Ball|p1a: Heatran
|-damage|p1a: Heatran|0 fnt
|faint|p1a: Heatran
|
|upkeep
|
|t:|1660973575
|switch|p1a: Zapdos|Zapdos|100/100
|turn|13
|
|t:|1660973579
|switch|p2a: Landorus|Landorus-Therian, M|100/100
|-ability|p2a: Landorus|Intimidate|boost
|-unboost|p1a: Zapdos|atk|1
|move|p1a: Zapdos|Volt Switch|p2a: Landorus
|-immune|p2a: Landorus
|
|upkeep
|turn|14
|
|t:|1660973584
|switch|p1a: Garchomp|Garchomp, M|76/100
|-damage|p1a: Garchomp|70/100|[from] Stealth Rock
|move|p2a: Landorus|Knock Off|p1a: Garchomp
|-damage|p1a: Garchomp|38/100
|-damage|p2a: Landorus|88/100|[from] ability: Rough Skin|[of] p1a: Garchomp
|-enditem|p1a: Garchomp|Leftovers|[from] move: Knock Off|[of] p2a: Landorus
|
|upkeep
|turn|15
|
|t:|1660973589
|move|p1a: Garchomp|Stealth Rock|p2a: Landorus
|-sidestart|p2: HOF69|move: Stealth Rock
|move|p2a: Landorus|Earthquake|p1a: Garchomp
|-damage|p1a: Garchomp|0 fnt
|faint|p1a: Garchomp
|
|upkeep
|
|t:|1660973594
|switch|p1a: Tapu Fini|Tapu Fini|100/100
|-damage|p1a: Tapu Fini|88/100|[from] Stealth Rock
|-fieldstart|move: Misty Terrain|[from] ability: Misty Surge|[of] p1a: Tapu Fini
|turn|16
|
|t:|1660973596
|move|p1a: Tapu Fini|Surf|p2a: Landorus
|-supereffective|p2a: Landorus
|-damage|p2a: Landorus|52/100
|move|p2a: Landorus|Knock Off|p1a: Tapu Fini
|-resisted|p1a: Tapu Fini
|-damage|p1a: Tapu Fini|73/100
|-enditem|p1a: Tapu Fini|Choice Scarf|[from] move: Knock Off|[of] p2a: Landorus
|
|upkeep
|turn|17
|
|t:|1660973602
|move|p1a: Tapu Fini|Surf|p2a: Landorus
|-supereffective|p2a: Landorus
|-damage|p2a: Landorus|15/100
|move|p2a: Landorus|Earthquake|p1a: Tapu Fini
|-damage|p1a: Tapu Fini|24/100
|
|upkeep
|turn|18
|
|t:|1660973607
|move|p1a: Tapu Fini|Surf|p2a: Landorus
|-supereffective|p2a: Landorus
|-damage|p2a: Landorus|0 fnt
|faint|p2a: Landorus
|
|upkeep
|
|t:|1660973619
|switch|p2a: Gengar|Gengar, M, shiny|100/100
|-damage|p2a: Gengar|88/100|[from] Stealth Rock
|turn|19
|
|t:|1660973622
|move|p2a: Gengar|Sludge Wave|p1a: Tapu Fini
|-supereffective|p1a: Tapu Fini
|-damage|p1a: Tapu Fini|0 fnt
|faint|p1a: Tapu Fini
|
|upkeep
|
|t:|1660973627
|switch|p1a: Zapdos|Zapdos|100/100
|turn|20
|
|t:|1660973635
|move|p2a: Gengar|Sludge Wave|p1a: Zapdos
|-damage|p1a: Zapdos|47/100
|move|p1a: Zapdos|Hurricane|p2a: Gengar
|-damage|p2a: Gengar|0 fnt
|-start|p1a: Zapdos|Disable|Hurricane|[from] ability: Cursed Body|[of] p2a: Gengar
|faint|p2a: Gengar
|
|-fieldend|Misty Terrain
|upkeep
|-message|HOF69 forfeited.
|
|win|lt93oq yeatfan
|raw|lt93oq yeatfan's rating: 1910 &rarr; <strong>1919</strong><br />(+9 for winning)
|raw|HOF69's rating: 1702 &rarr; <strong>1693</strong><br />(-9 for losing)
|l|☆HOF69
|l|‽lt93oq yeatfan
