|j|☆cump3
|j|☆Cooper Kuck
|t:|1660622424
|gametype|singles
|player|p1|cump3|pilot|1619
|player|p2|Cooper Kuck|artist-gen4|1571
|teamsize|p1|6
|teamsize|p2|6
|gen|8
|tier|[Gen 8] OU
|rated|
|rule|Sleep Clause Mod: Limit one foe put to sleep
|rule|Species Clause: Limit one of each Pokémon
|rule|OHKO Clause: OHKO moves are banned
|rule|Evasion Items Clause: Evasion items are banned
|rule|Evasion Moves Clause: Evasion moves are banned
|rule|Endless Battle Clause: Forcing endless battles is banned
|rule|HP Percentage Mod: HP is shown in percentages
|rule|Dynamax Clause: You cannot dynamax
|clearpoke
|poke|p1|Hippowdon, F|
|poke|p1|Mandibuzz, F|
|poke|p1|Slowking, M|
|poke|p1|Melmetal|
|poke|p1|Buzzwole|
|poke|p1|Reuniclus, M|
|poke|p2|Salamence, M|
|poke|p2|Magnezone|
|poke|p2|Swampert, F|
|poke|p2|Slowking-Galar, M|
|poke|p2|Garchomp, F|
|poke|p2|Latios, M|
|teampreview
|
|t:|1660622461
|start
|switch|p1a: Reuniclus|Reuniclus, M, shiny|100/100
|switch|p2a: Swampert|Swampert, F|100/100
|turn|1
|
|t:|1660622467
|move|p2a: Swampert|Liquidation|p1a: Reuniclus
|-damage|p1a: Reuniclus|49/100
|-unboost|p1a: Reuniclus|def|1
|move|p1a: Reuniclus|Acid Armor|p1a: Reuniclus
|-boost|p1a: Reuniclus|def|2
|
|upkeep
|turn|2
|
|t:|1660622479
|switch|p2a: Latios|Latios, M|100/100
|move|p1a: Reuniclus|Recover|p1a: Reuniclus
|-heal|p1a: Reuniclus|99/100
|
|upkeep
|turn|3
|
|t:|1660622487
|switch|p1a: Slowking|Slowking, M, shiny|100/100
|move|p2a: Latios|Trick|p1a: Slowking
|-activate|p2a: Latios|move: Trick|[of] p1a: Slowking
|-item|p1a: Slowking|Choice Scarf|[from] move: Trick
|-item|p2a: Latios|Heavy-Duty Boots|[from] move: Trick
|
|upkeep
|turn|4
|
|t:|1660622501
|switch|p2a: Garchomp|Garchomp, F|100/100
|move|p1a: Slowking|Teleport|p1a: Slowking
|
|t:|1660622505
|switch|p1a: Buzzwole|Buzzwole|100/100|[from]move: Teleport
|
|upkeep
|turn|5
|
|t:|1660622543
|switch|p2a: Slowking|Slowking-Galar, M|100/100
|move|p1a: Buzzwole|Ice Punch|p2a: Slowking
|-damage|p2a: Slowking|77/100
|
|upkeep
|turn|6
|inactive|Battle timer is ON: inactive players will automatically lose when time's up. (requested by Cooper Kuck)
|
|t:|1660622592
|switch|p1a: Slowking|Slowking, M, shiny|100/100
|move|p2a: Slowking|Ice Beam|p1a: Slowking
|-resisted|p1a: Slowking
|-damage|p1a: Slowking|94/100
|
|upkeep
|turn|7
|
|t:|1660622597
|move|p2a: Slowking|Future Sight|p1a: Slowking
|-start|p2a: Slowking|move: Future Sight
|move|p1a: Slowking|Teleport|p1a: Slowking
|
|t:|1660622601
|switch|p1a: Mandibuzz|Mandibuzz, F|100/100|[from]move: Teleport
|
|upkeep
|turn|8
|
|t:|1660622615
|switch|p2a: Magnezone|Magnezone|100/100
|move|p1a: Mandibuzz|Foul Play|p2a: Magnezone
|-damage|p2a: Magnezone|83/100
|
|-heal|p2a: Magnezone|89/100|[from] item: Leftovers
|upkeep
|turn|9
|
|t:|1660622624
|switch|p1a: Hippowdon|Hippowdon, F|100/100
|-weather|Sandstorm|[from] ability: Sand Stream|[of] p1a: Hippowdon
|move|p2a: Magnezone|Toxic|p1a: Hippowdon
|-status|p1a: Hippowdon|tox
|
|-weather|Sandstorm|[upkeep]
|-end|p1a: Hippowdon|move: Future Sight
|-damage|p1a: Hippowdon|66/100 tox
|-heal|p2a: Magnezone|95/100|[from] item: Leftovers
|-heal|p1a: Hippowdon|72/100 tox|[from] item: Leftovers
|-damage|p1a: Hippowdon|66/100 tox|[from] psn
|upkeep
|turn|10
|
|t:|1660622632
|switch|p2a: Swampert|Swampert, F|100/100
|move|p1a: Hippowdon|Stealth Rock|p2a: Swampert
|-sidestart|p2: Cooper Kuck|move: Stealth Rock
|
|-weather|Sandstorm|[upkeep]
|-heal|p1a: Hippowdon|72/100 tox|[from] item: Leftovers
|-damage|p1a: Hippowdon|60/100 tox|[from] psn
|upkeep
|turn|11
|
|t:|1660622639
|switch|p1a: Slowking|Slowking, M, shiny|100/100
|move|p2a: Swampert|Flip Turn|p1a: Slowking
|-resisted|p1a: Slowking
|-damage|p1a: Slowking|78/100
|
|t:|1660622663
|switch|p2a: Garchomp|Garchomp, F|100/100|[from]move: Flip Turn
|-damage|p2a: Garchomp|94/100|[from] Stealth Rock
|
|-weather|Sandstorm|[upkeep]
|-damage|p1a: Slowking|72/100|[from] Sandstorm
|upkeep
|turn|12
|
|t:|1660622666
|move|p2a: Garchomp|Stealth Rock|p1a: Slowking
|-sidestart|p1: cump3|move: Stealth Rock
|move|p1a: Slowking|Toxic|p2a: Garchomp
|-status|p2a: Garchomp|tox
|
|-weather|Sandstorm|[upkeep]
|-damage|p1a: Slowking|66/100|[from] Sandstorm
|-damage|p2a: Garchomp|88/100 tox|[from] psn
|upkeep
|turn|13
|
|t:|1660622676
|switch|p1a: Buzzwole|Buzzwole|100/100
|move|p2a: Garchomp|Toxic|p1a: Buzzwole|[miss]
|-miss|p2a: Garchomp|p1a: Buzzwole
|
|-weather|none
|-damage|p2a: Garchomp|76/100 tox|[from] psn
|upkeep
|turn|14
|
|t:|1660622684
|switch|p2a: Slowking|Slowking-Galar, M|100/100
|-damage|p2a: Slowking|88/100|[from] Stealth Rock
|switch|p1a: Reuniclus|Reuniclus, M, shiny|99/100
|
|upkeep
|turn|15
|
|t:|1660622697
|switch|p2a: Garchomp|Garchomp, F|76/100 tox
|-damage|p2a: Garchomp|70/100 tox|[from] Stealth Rock
|move|p1a: Reuniclus|Calm Mind|p1a: Reuniclus
|-boost|p1a: Reuniclus|spa|1
|-boost|p1a: Reuniclus|spd|1
|
|-damage|p2a: Garchomp|63/100 tox|[from] psn
|upkeep
|turn|16
|
|t:|1660622699
|move|p1a: Reuniclus|Acid Armor|p1a: Reuniclus
|-boost|p1a: Reuniclus|def|2
|move|p2a: Garchomp|Dragon Tail|p1a: Reuniclus
|-damage|p1a: Reuniclus|89/100
|drag|p1a: Mandibuzz|Mandibuzz, F|100/100
|
|-damage|p2a: Garchomp|51/100 tox|[from] psn
|upkeep
|turn|17
|
|t:|1660622711
|switch|p1a: Reuniclus|Reuniclus, M, shiny|89/100
|move|p2a: Garchomp|Toxic|p1a: Reuniclus
|-status|p1a: Reuniclus|tox
|
|-damage|p2a: Garchomp|32/100 tox|[from] psn
|upkeep
|turn|18
|
|t:|1660622717
|move|p1a: Reuniclus|Recover|p1a: Reuniclus
|-heal|p1a: Reuniclus|100/100 tox
|move|p2a: Garchomp|Dragon Tail|p1a: Reuniclus
|-damage|p1a: Reuniclus|83/100 tox
|drag|p1a: Buzzwole|Buzzwole|100/100
|
|-damage|p2a: Garchomp|8/100 tox|[from] psn
|upkeep
|turn|19
|
|t:|1660622721
|move|p2a: Garchomp|Toxic|p1a: Buzzwole
|-status|p1a: Buzzwole|tox
|move|p1a: Buzzwole|Earthquake|p2a: Garchomp
|-damage|p2a: Garchomp|0 fnt
|faint|p2a: Garchomp
|-ability|p1a: Buzzwole|Beast Boost|boost
|-boost|p1a: Buzzwole|def|1
|
|-damage|p1a: Buzzwole|94/100 tox|[from] psn
|upkeep
|
|t:|1660622733
|switch|p2a: Swampert|Swampert, F|100/100
|-damage|p2a: Swampert|94/100|[from] Stealth Rock
|turn|20
|
|t:|1660622742
|move|p1a: Buzzwole|Earthquake|p2a: Swampert
|-crit|p2a: Swampert
|-damage|p2a: Swampert|54/100
|move|p2a: Swampert|Flip Turn|p1a: Buzzwole
|-damage|p1a: Buzzwole|79/100 tox
|
|t:|1660622750
|switch|p2a: Salamence|Salamence, M|100/100|[from]move: Flip Turn
|
|-damage|p1a: Buzzwole|67/100 tox|[from] psn
|upkeep
|turn|21
|
|t:|1660622775
|move|p2a: Salamence|Dual Wingbeat|p1a: Buzzwole
|-supereffective|p1a: Buzzwole
|-damage|p1a: Buzzwole|37/100 tox
|-supereffective|p1a: Buzzwole
|-damage|p1a: Buzzwole|5/100 tox
|-hitcount|p1a: Buzzwole|2
|move|p1a: Buzzwole|Ice Punch|p2a: Salamence
|-supereffective|p2a: Salamence
|-damage|p2a: Salamence|0 fnt
|faint|p2a: Salamence
|-ability|p1a: Buzzwole|Beast Boost|boost
|-boost|p1a: Buzzwole|def|1
|
|-damage|p1a: Buzzwole|0 fnt|[from] psn
|faint|p1a: Buzzwole
|upkeep
|inactive|Cooper Kuck has 120 seconds left.
|
|t:|1660622797
|switch|p2a: Swampert|Swampert, F|54/100
|switch|p1a: Reuniclus|Reuniclus, M, shiny|83/100 tox
|-damage|p2a: Swampert|48/100|[from] Stealth Rock
|turn|22
|
|t:|1660622802
|move|p2a: Swampert|Earthquake|p1a: Reuniclus
|-damage|p1a: Reuniclus|26/100 tox
|move|p1a: Reuniclus|Recover|p1a: Reuniclus
|-heal|p1a: Reuniclus|76/100 tox
|
|upkeep
|turn|23
|
|t:|1660622809
|switch|p1a: Mandibuzz|Mandibuzz, F|100/100
|move|p2a: Swampert|Earthquake|p1a: Mandibuzz
|-immune|p1a: Mandibuzz
|
|upkeep
|turn|24
|
|t:|1660622814
|switch|p2a: Magnezone|Magnezone|95/100
|-damage|p2a: Magnezone|89/100|[from] Stealth Rock
|move|p1a: Mandibuzz|U-turn|p2a: Magnezone
|-resisted|p2a: Magnezone
|-damage|p2a: Magnezone|84/100
|
|t:|1660622818
|switch|p1a: Reuniclus|Reuniclus, M, shiny|76/100 tox|[from]move: U-turn
|
|-heal|p2a: Magnezone|90/100|[from] item: Leftovers
|upkeep
|turn|25
|inactive|Cooper Kuck has 120 seconds left.
|
|t:|1660622877
|switch|p2a: Swampert|Swampert, F|48/100
|-damage|p2a: Swampert|42/100|[from] Stealth Rock
|move|p1a: Reuniclus|Calm Mind|p1a: Reuniclus
|-boost|p1a: Reuniclus|spa|1
|-boost|p1a: Reuniclus|spd|1
|
|upkeep
|turn|26
|
|t:|1660622880
|move|p2a: Swampert|Earthquake|p1a: Reuniclus
|-damage|p1a: Reuniclus|16/100 tox
|move|p1a: Reuniclus|Recover|p1a: Reuniclus
|-heal|p1a: Reuniclus|66/100 tox
|
|upkeep
|turn|27
|
|t:|1660622888
|switch|p2a: Magnezone|Magnezone|90/100
|-damage|p2a: Magnezone|84/100|[from] Stealth Rock
|switch|p1a: Mandibuzz|Mandibuzz, F|100/100
|
|-heal|p2a: Magnezone|90/100|[from] item: Leftovers
|upkeep
|turn|28
|
|t:|1660622899
|switch|p1a: Slowking|Slowking, M, shiny|99/100
|-damage|p1a: Slowking|87/100|[from] Stealth Rock
|move|p2a: Magnezone|Thunderbolt|p1a: Slowking
|-supereffective|p1a: Slowking
|-damage|p1a: Slowking|42/100
|
|-heal|p2a: Magnezone|96/100|[from] item: Leftovers
|upkeep
|turn|29
|
|t:|1660622906
|move|p2a: Magnezone|Thunderbolt|p1a: Slowking
|-supereffective|p1a: Slowking
|-damage|p1a: Slowking|0 fnt
|faint|p1a: Slowking
|
|-heal|p2a: Magnezone|100/100|[from] item: Leftovers
|upkeep
|
|t:|1660622909
|switch|p1a: Reuniclus|Reuniclus, M, shiny|66/100 tox
|turn|30
|inactive|Cooper Kuck has 120 seconds left.
|
|t:|1660622935
|move|p2a: Magnezone|Thunderbolt|p1a: Reuniclus
|-damage|p1a: Reuniclus|31/100 tox
|move|p1a: Reuniclus|Recover|p1a: Reuniclus
|-heal|p1a: Reuniclus|81/100 tox
|
|upkeep
|turn|31
|
|t:|1660622941
|switch|p2a: Latios|Latios, M|100/100
|move|p1a: Reuniclus|Acid Armor|p1a: Reuniclus
|-boost|p1a: Reuniclus|def|2
|
|upkeep
|turn|32
|inactive|Cooper Kuck has 120 seconds left.
|
|t:|1660622956
|switch|p1a: Melmetal|Melmetal|100/100
|-damage|p1a: Melmetal|94/100|[from] Stealth Rock
|move|p2a: Latios|Draco Meteor|p1a: Melmetal
|-resisted|p1a: Melmetal
|-damage|p1a: Melmetal|59/100
|-unboost|p2a: Latios|spa|2
|
|upkeep
|turn|33
|inactive|Cooper Kuck has 120 seconds left.
|
|t:|1660622976
|switch|p2a: Slowking|Slowking-Galar, M|100/100
|-damage|p2a: Slowking|88/100|[from] Stealth Rock
|move|p1a: Melmetal|Ice Punch|p2a: Slowking
|-damage|p2a: Slowking|52/100
|
|upkeep
|turn|34
|
|t:|1660622979
|move|p1a: Melmetal|Earthquake|p2a: Slowking
|-supereffective|p2a: Slowking
|-damage|p2a: Slowking|0 fnt
|faint|p2a: Slowking
|
|upkeep
|
|t:|1660622983
|switch|p2a: Swampert|Swampert, F|42/100
|-damage|p2a: Swampert|36/100|[from] Stealth Rock
|turn|35
|
|t:|1660622987
|switch|p1a: Mandibuzz|Mandibuzz, F|100/100
|move|p2a: Swampert|Liquidation|p1a: Mandibuzz
|-damage|p1a: Mandibuzz|62/100
|
|upkeep
|turn|36
|
|t:|1660622989
|move|p1a: Mandibuzz|Roost|p1a: Mandibuzz
|-heal|p1a: Mandibuzz|100/100
|-singleturn|p1a: Mandibuzz|move: Roost
|move|p2a: Swampert|Liquidation|p1a: Mandibuzz
|-damage|p1a: Mandibuzz|64/100
|
|upkeep
|turn|37
|
|t:|1660622993
|switch|p2a: Magnezone|Magnezone|100/100
|-damage|p2a: Magnezone|94/100|[from] Stealth Rock
|move|p1a: Mandibuzz|Foul Play|p2a: Magnezone
|-damage|p2a: Magnezone|79/100
|
|-heal|p2a: Magnezone|85/100|[from] item: Leftovers
|upkeep
|turn|38
|
|t:|1660623002
|switch|p1a: Reuniclus|Reuniclus, M, shiny|81/100 tox
|move|p2a: Magnezone|Iron Defense|p2a: Magnezone
|-boost|p2a: Magnezone|def|2
|
|-heal|p2a: Magnezone|91/100|[from] item: Leftovers
|upkeep
|turn|39
|
|t:|1660623005
|move|p2a: Magnezone|Thunderbolt|p1a: Reuniclus
|-damage|p1a: Reuniclus|46/100 tox
|move|p1a: Reuniclus|Acid Armor|p1a: Reuniclus
|-boost|p1a: Reuniclus|def|2
|
|-heal|p2a: Magnezone|97/100|[from] item: Leftovers
|upkeep
|turn|40
|
|t:|1660623008
|move|p2a: Magnezone|Thunderbolt|p1a: Reuniclus
|-damage|p1a: Reuniclus|8/100 tox
|move|p1a: Reuniclus|Recover|p1a: Reuniclus
|-heal|p1a: Reuniclus|58/100 tox
|
|-heal|p2a: Magnezone|100/100|[from] item: Leftovers
|upkeep
|turn|41
|
|t:|1660623012
|move|p2a: Magnezone|Thunderbolt|p1a: Reuniclus
|-damage|p1a: Reuniclus|21/100 tox
|move|p1a: Reuniclus|Calm Mind|p1a: Reuniclus
|-boost|p1a: Reuniclus|spa|1
|-boost|p1a: Reuniclus|spd|1
|
|upkeep
|turn|42
|j| CanUrepeat
|
|t:|1660623015
|move|p2a: Magnezone|Thunderbolt|p1a: Reuniclus
|-damage|p1a: Reuniclus|0 fnt
|faint|p1a: Reuniclus
|
|upkeep
|
|t:|1660623021
|switch|p1a: Melmetal|Melmetal|59/100
|-damage|p1a: Melmetal|53/100|[from] Stealth Rock
|turn|43
|
|t:|1660623040
|move|p2a: Magnezone|Body Press|p1a: Melmetal
|-supereffective|p1a: Melmetal
|-damage|p1a: Melmetal|0 fnt
|faint|p1a: Melmetal
|
|upkeep
|-message|cump3 forfeited.
|
|win|Cooper Kuck
|raw|cump3's rating: 1619 &rarr; <strong>1596</strong><br />(-23 for losing)
|raw|Cooper Kuck's rating: 1571 &rarr; <strong>1594</strong><br />(+23 for winning)
|l|☆cump3
||Ladder isn't responding, score probably updated but might not have (Request timeout).
