|j|☆sighz 0-0
|j|☆minecraftuprising
|inactive|Battle timer is ON: inactive players will automatically lose when time's up.
|t:|1667347750
|gametype|singles
|player|p1|sighz 0-0|blue-gen1rbchampion|
|player|p2|minecraftuprising|1|
|teamsize|p1|6
|teamsize|p2|6
|gen|8
|tier|[Gen 8] OU
|rated|Tournament battle
|rule|Sleep Clause Mod: Limit one foe put to sleep
|rule|Species Clause: Limit one of each Pokémon
|rule|OHKO Clause: OHKO moves are banned
|rule|Evasion Items Clause: Evasion items are banned
|rule|Evasion Moves Clause: Evasion moves are banned
|rule|Endless Battle Clause: Forcing endless battles is banned
|rule|HP Percentage Mod: HP is shown in percentages
|rule|Dynamax Clause: You cannot dynamax
|rule|Re-Evolution Mod: Pokémon gain the boosts they would gain from evolving again
|clearpoke
|poke|p1|Toxapex, F|
|poke|p1|Hippowdon, M|
|poke|p1|Corviknight, M|
|poke|p1|Excadrill, F|
|poke|p1|Tornadus-Therian, M|
|poke|p1|Dragapult, M|
|poke|p2|Hippowdon, M|
|poke|p2|Aegislash, M|
|poke|p2|Clefable, M|
|poke|p2|Toxapex, M|
|poke|p2|Suicune|
|poke|p2|Tornadus-Therian, M|
|teampreview
|inactive|sighz 0-0 also wants the timer to be on.
|
|t:|1667347767
|start
|switch|p1a: Take Flight|Tornadus-Therian, M|100/100
|switch|p2a: Tornadus|Tornadus-Therian, M|100/100
|turn|1
|
|t:|1667347773
|move|p1a: Take Flight|Knock Off|p2a: Tornadus
|-damage|p2a: Tornadus|81/100
|-enditem|p2a: Tornadus|Heavy-Duty Boots|[from] move: Knock Off|[of] p1a: Take Flight
|move|p2a: Tornadus|Knock Off|p1a: Take Flight
|-damage|p1a: Take Flight|78/100
|-enditem|p1a: Take Flight|Heavy-Duty Boots|[from] move: Knock Off|[of] p2a: Tornadus
|
|upkeep
|turn|2
|
|t:|1667347782
|move|p1a: Take Flight|Hurricane|p2a: Tornadus
|-crit|p2a: Tornadus
|-damage|p2a: Tornadus|22/100
|-start|p2a: Tornadus|confusion
|-activate|p2a: Tornadus|confusion
|-damage|p2a: Tornadus|14/100|[from] confusion
|
|upkeep
|turn|3
|
|t:|1667347789
|switch|p2a: Toxapex|Toxapex, M|100/100
|move|p1a: Take Flight|Knock Off|p2a: Toxapex
|-damage|p2a: Toxapex|91/100
|-enditem|p2a: Toxapex|Shed Shell|[from] move: Knock Off|[of] p1a: Take Flight
|
|upkeep
|turn|4
|
|t:|1667347797
|switch|p1a: The Pex|Toxapex, F|100/100
|move|p2a: Toxapex|Knock Off|p1a: The Pex
|-damage|p1a: The Pex|93/100
|-enditem|p1a: The Pex|Eject Button|[from] move: Knock Off|[of] p2a: Toxapex
|
|upkeep
|turn|5
|
|t:|1667347805
|switch|p2a: Tornadus|Tornadus-Therian, M|47/100
|move|p1a: The Pex|Knock Off|p2a: Tornadus
|-damage|p2a: Tornadus|35/100
|
|upkeep
|turn|6
|
|t:|1667347809
|move|p2a: Tornadus|U-turn|p1a: The Pex
|-resisted|p1a: The Pex
|-damage|p1a: The Pex|90/100
|
|t:|1667347811
|switch|p2a: Toxapex|Toxapex, M|100/100|[from]move: U-turn
|move|p1a: The Pex|Toxic|p2a: Toxapex
|-immune|p2a: Toxapex
|
|upkeep
|turn|7
|
|t:|1667347826
|switch|p1a: rawr xd|Hippowdon, M|100/100
|-weather|Sandstorm|[from] ability: Sand Stream|[of] p1a: rawr xd
|move|p2a: Toxapex|Toxic Spikes|p1a: rawr xd
|-sidestart|p1: sighz 0-0|move: Toxic Spikes
|
|-weather|Sandstorm|[upkeep]
|-damage|p2a: Toxapex|95/100|[from] Sandstorm
|upkeep
|turn|8
|
|t:|1667347830
|move|p1a: rawr xd|Stealth Rock|p2a: Toxapex
|-sidestart|p2: minecraftuprising|move: Stealth Rock
|move|p2a: Toxapex|Knock Off|p1a: rawr xd
|-damage|p1a: rawr xd|92/100
|-enditem|p1a: rawr xd|Leftovers|[from] move: Knock Off|[of] p2a: Toxapex
|
|-weather|Sandstorm|[upkeep]
|-damage|p2a: Toxapex|89/100|[from] Sandstorm
|upkeep
|turn|9
|
|t:|1667347837
|switch|p1a: The Pex|Toxapex, F|100/100
|-sideend|p1: sighz 0-0|move: Toxic Spikes|[of] p1a: The Pex
|move|p2a: Toxapex|Scald|p1a: The Pex
|-resisted|p1a: The Pex
|-damage|p1a: The Pex|96/100
|
|-weather|Sandstorm|[upkeep]
|-damage|p2a: Toxapex|83/100|[from] Sandstorm
|-damage|p1a: The Pex|90/100|[from] Sandstorm
|upkeep
|turn|10
|
|t:|1667347841
|switch|p1a: Draco Drill|Excadrill, F, shiny|100/100
|-item|p1a: Draco Drill|Air Balloon
|move|p2a: Toxapex|Toxic Spikes|p1a: Draco Drill
|-sidestart|p1: sighz 0-0|move: Toxic Spikes
|
|-weather|Sandstorm|[upkeep]
|-damage|p2a: Toxapex|77/100|[from] Sandstorm
|upkeep
|turn|11
|
|t:|1667347852
|switch|p2a: Tornadus|Tornadus-Therian, M|69/100
|-damage|p2a: Tornadus|44/100|[from] Stealth Rock
|move|p1a: Draco Drill|Swords Dance|p1a: Draco Drill
|-boost|p1a: Draco Drill|atk|2
|
|-weather|none
|upkeep
|turn|12
|
|t:|1667347860
|move|p2a: Tornadus|Heat Wave|p1a: Draco Drill
|-supereffective|p1a: Draco Drill
|-damage|p1a: Draco Drill|61/100
|-enditem|p1a: Draco Drill|Air Balloon
|move|p1a: Draco Drill|Rapid Spin|p2a: Tornadus
|-damage|p2a: Tornadus|0 fnt
|-boost|p1a: Draco Drill|spe|1
|-sideend|p1: sighz 0-0|Toxic Spikes|[from] move: Rapid Spin|[of] p1a: Draco Drill
|faint|p2a: Tornadus
|
|upkeep
|
|t:|1667347868
|switch|p2a: Hippowdon|Hippowdon, M|100/100
|-damage|p2a: Hippowdon|94/100|[from] Stealth Rock
|-weather|Sandstorm|[from] ability: Sand Stream|[of] p2a: Hippowdon
|turn|13
|
|t:|1667347872
|move|p1a: Draco Drill|Earthquake|p2a: Hippowdon
|-damage|p2a: Hippowdon|30/100
|move|p2a: Hippowdon|Earthquake|p1a: Draco Drill
|-supereffective|p1a: Draco Drill
|-damage|p1a: Draco Drill|0 fnt
|faint|p1a: Draco Drill
|
|-weather|Sandstorm|[upkeep]
|-heal|p2a: Hippowdon|36/100|[from] item: Leftovers
|upkeep
|
|t:|1667347879
|switch|p1a: Assault|Dragapult, M|100/100
|turn|14
|
|t:|1667347883
|switch|p2a: Toxapex|Toxapex, M|100/100
|-damage|p2a: Toxapex|88/100|[from] Stealth Rock
|move|p1a: Assault|Shadow Ball|p2a: Toxapex
|-damage|p2a: Toxapex|60/100
|
|-weather|Sandstorm|[upkeep]
|-damage|p1a: Assault|94/100|[from] Sandstorm
|-damage|p2a: Toxapex|54/100|[from] Sandstorm
|upkeep
|turn|15
|
|t:|1667347891
|move|p1a: Assault|Shadow Ball|p2a: Toxapex
|-damage|p2a: Toxapex|27/100
|move|p2a: Toxapex|Knock Off|p1a: Assault
|-supereffective|p1a: Assault
|-damage|p1a: Assault|62/100
|-enditem|p1a: Assault|Choice Specs|[from] move: Knock Off|[of] p2a: Toxapex
|
|-weather|Sandstorm|[upkeep]
|-damage|p1a: Assault|56/100|[from] Sandstorm
|-damage|p2a: Toxapex|21/100|[from] Sandstorm
|upkeep
|turn|16
|
|t:|1667347908
|switch|p2a: Clefable|Clefable, M|100/100
|move|p1a: Assault|Shadow Ball|p2a: Clefable
|-damage|p2a: Clefable|71/100
|
|-weather|Sandstorm|[upkeep]
|-damage|p1a: Assault|50/100|[from] Sandstorm
|-damage|p2a: Clefable|64/100|[from] Sandstorm
|upkeep
|turn|17
|
|t:|1667347914
|move|p1a: Assault|Shadow Ball|p2a: Clefable
|-damage|p2a: Clefable|36/100
|move|p2a: Clefable|Soft-Boiled|p2a: Clefable
|-heal|p2a: Clefable|86/100
|
|-weather|none
|upkeep
|turn|18
|
|t:|1667347920
|switch|p1a: The Pex|Toxapex, F|100/100
|move|p2a: Clefable|Soft-Boiled|p2a: Clefable
|-heal|p2a: Clefable|100/100
|
|upkeep
|turn|19
|
|t:|1667347928
|switch|p2a: Toxapex|Toxapex, M|54/100
|-damage|p2a: Toxapex|42/100|[from] Stealth Rock
|move|p1a: The Pex|Knock Off|p2a: Toxapex
|-damage|p2a: Toxapex|36/100
|
|upkeep
|turn|20
|
|t:|1667347933
|switch|p1a: rawr xd|Hippowdon, M|92/100
|-weather|Sandstorm|[from] ability: Sand Stream|[of] p1a: rawr xd
|move|p2a: Toxapex|Recover|p2a: Toxapex
|-heal|p2a: Toxapex|86/100
|
|-weather|Sandstorm|[upkeep]
|-damage|p2a: Toxapex|80/100|[from] Sandstorm
|upkeep
|turn|21
|
|t:|1667347942
|move|p1a: rawr xd|Earthquake|p2a: Toxapex
|-supereffective|p2a: Toxapex
|-damage|p2a: Toxapex|30/100
|move|p2a: Toxapex|Scald|p1a: rawr xd
|-supereffective|p1a: rawr xd
|-damage|p1a: rawr xd|74/100
|
|-weather|Sandstorm|[upkeep]
|-damage|p2a: Toxapex|24/100|[from] Sandstorm
|upkeep
|turn|22
|
|t:|1667347948
|switch|p2a: Clefable|Clefable, M|100/100
|move|p1a: rawr xd|Earthquake|p2a: Clefable
|-damage|p2a: Clefable|73/100
|
|-weather|Sandstorm|[upkeep]
|-damage|p2a: Clefable|66/100|[from] Sandstorm
|upkeep
|turn|23
|
|t:|1667347956
|switch|p1a: The Pex|Toxapex, F|100/100
|move|p2a: Clefable|Wish|p2a: Clefable
|
|-weather|Sandstorm|[upkeep]
|-damage|p2a: Clefable|60/100|[from] Sandstorm
|-damage|p1a: The Pex|95/100|[from] Sandstorm
|upkeep
|turn|24
|
|t:|1667347963
|switch|p2a: Hippowdon|Hippowdon, M|36/100
|-damage|p2a: Hippowdon|30/100|[from] Stealth Rock
|move|p1a: The Pex|Toxic|p2a: Hippowdon
|-status|p2a: Hippowdon|tox
|
|-weather|none
|-heal|p2a: Hippowdon|74/100 tox|[from] move: Wish|[wisher] Clefable
|-heal|p2a: Hippowdon|81/100 tox|[from] item: Leftovers
|-damage|p2a: Hippowdon|74/100 tox|[from] psn
|upkeep
|turn|25
|
|t:|1667347968
|switch|p1a: The Knight|Corviknight, M|100/100
|-ability|p1a: The Knight|Pressure
|move|p2a: Hippowdon|Stealth Rock|p1a: The Knight
|-sidestart|p1: sighz 0-0|move: Stealth Rock
|
|-heal|p2a: Hippowdon|81/100 tox|[from] item: Leftovers
|-damage|p2a: Hippowdon|68/100 tox|[from] psn
|upkeep
|turn|26
|
|t:|1667347975
|switch|p2a: Toxapex|Toxapex, M|57/100
|-damage|p2a: Toxapex|45/100|[from] Stealth Rock
|move|p1a: The Knight|Defog|p2a: Toxapex
|-unboost|p2a: Toxapex|evasion|1
|-sideend|p2: minecraftuprising|Stealth Rock|[from] move: Defog|[of] p1a: The Knight
|-sideend|p1: sighz 0-0|Stealth Rock|[from] move: Defog|[of] p1a: The Knight
|
|upkeep
|turn|27
|
|t:|1667347983
|switch|p1a: rawr xd|Hippowdon, M|74/100
|-weather|Sandstorm|[from] ability: Sand Stream|[of] p1a: rawr xd
|move|p2a: Toxapex|Recover|p2a: Toxapex
|-heal|p2a: Toxapex|95/100
|
|-weather|Sandstorm|[upkeep]
|-damage|p2a: Toxapex|89/100|[from] Sandstorm
|upkeep
|turn|28
|
|t:|1667347986
|move|p1a: rawr xd|Stealth Rock|p2a: Toxapex
|-sidestart|p2: minecraftuprising|move: Stealth Rock
|move|p2a: Toxapex|Scald|p1a: rawr xd
|-supereffective|p1a: rawr xd
|-damage|p1a: rawr xd|56/100
|
|-weather|Sandstorm|[upkeep]
|-damage|p2a: Toxapex|83/100|[from] Sandstorm
|upkeep
|turn|29
|
|t:|1667347992
|switch|p1a: The Pex|Toxapex, F|100/100
|move|p2a: Toxapex|Scald|p1a: The Pex
|-resisted|p1a: The Pex
|-damage|p1a: The Pex|96/100
|
|-weather|Sandstorm|[upkeep]
|-damage|p1a: The Pex|90/100|[from] Sandstorm
|-damage|p2a: Toxapex|77/100|[from] Sandstorm
|upkeep
|turn|30
|
|t:|1667348000
|move|p1a: The Pex|Knock Off|p2a: Toxapex
|-damage|p2a: Toxapex|72/100
|move|p2a: Toxapex|Toxic Spikes|p1a: The Pex
|-sidestart|p1: sighz 0-0|move: Toxic Spikes
|
|-weather|Sandstorm|[upkeep]
|-damage|p2a: Toxapex|66/100|[from] Sandstorm
|-damage|p1a: The Pex|84/100|[from] Sandstorm
|upkeep
|turn|31
|
|t:|1667348005
|switch|p1a: The Knight|Corviknight, M|100/100
|-ability|p1a: The Knight|Pressure
|move|p2a: Toxapex|Scald|p1a: The Knight
|-damage|p1a: The Knight|90/100
|-status|p1a: The Knight|brn
|
|-weather|none
|-damage|p1a: The Knight|84/100 brn|[from] brn
|upkeep
|turn|32
|j| Georgina Tropicana
|
|t:|1667348010
|switch|p1a: The Pex|Toxapex, F|100/100
|-sideend|p1: sighz 0-0|move: Toxic Spikes|[of] p1a: The Pex
|move|p2a: Toxapex|Knock Off|p1a: The Pex
|-damage|p1a: The Pex|95/100
|
|upkeep
|turn|33
|
|t:|1667348015
|switch|p1a: The Knight|Corviknight, M|84/100 brn
|-ability|p1a: The Knight|Pressure
|switch|p2a: Hippowdon|Hippowdon, M|68/100 tox
|-damage|p2a: Hippowdon|62/100 tox|[from] Stealth Rock
|-weather|Sandstorm|[from] ability: Sand Stream|[of] p2a: Hippowdon
|
|-weather|Sandstorm|[upkeep]
|-heal|p2a: Hippowdon|68/100 tox|[from] item: Leftovers
|-damage|p2a: Hippowdon|62/100 tox|[from] psn
|-damage|p1a: The Knight|78/100 brn|[from] brn
|upkeep
|turn|34
|
|t:|1667348021
|move|p2a: Hippowdon|Slack Off|p2a: Hippowdon
|-heal|p2a: Hippowdon|100/100 tox
|move|p1a: The Knight|Body Press|p2a: Hippowdon
|-damage|p2a: Hippowdon|93/100 tox
|
|-weather|Sandstorm|[upkeep]
|-heal|p2a: Hippowdon|99/100 tox|[from] item: Leftovers
|-damage|p2a: Hippowdon|87/100 tox|[from] psn
|-damage|p1a: The Knight|72/100 brn|[from] brn
|upkeep
|turn|35
|
|t:|1667348027
|switch|p2a: Toxapex|Toxapex, M|99/100
|-damage|p2a: Toxapex|87/100|[from] Stealth Rock
|move|p1a: The Knight|U-turn|p2a: Toxapex
|-resisted|p2a: Toxapex
|-damage|p2a: Toxapex|85/100
|
|t:|1667348035
|switch|p1a: rawr xd|Hippowdon, M|56/100|[from]move: U-turn
|
|-weather|Sandstorm|[upkeep]
|-damage|p2a: Toxapex|79/100|[from] Sandstorm
|upkeep
|turn|36
|
|t:|1667348044
|switch|p1a: The Knight|Corviknight, M|72/100 brn
|-ability|p1a: The Knight|Pressure
|move|p2a: Toxapex|Scald|p1a: The Knight
|-damage|p1a: The Knight|62/100 brn
|
|-weather|Sandstorm|[upkeep]
|-damage|p2a: Toxapex|73/100|[from] Sandstorm
|-damage|p1a: The Knight|56/100 brn|[from] brn
|upkeep
|turn|37
|
|t:|1667348056
|switch|p1a: The Pex|Toxapex, F|100/100
|move|p2a: Toxapex|Knock Off|p1a: The Pex
|-damage|p1a: The Pex|96/100
|
|-weather|none
|upkeep
|turn|38
|
|t:|1667348063
|switch|p1a: The Knight|Corviknight, M|56/100 brn
|-ability|p1a: The Knight|Pressure
|move|p2a: Toxapex|Toxic Spikes|p1a: The Knight
|-sidestart|p1: sighz 0-0|move: Toxic Spikes
|
|-damage|p1a: The Knight|50/100 brn|[from] brn
|upkeep
|turn|39
|
|t:|1667348070
|switch|p1a: The Pex|Toxapex, F|100/100
|-sideend|p1: sighz 0-0|move: Toxic Spikes|[of] p1a: The Pex
|move|p2a: Toxapex|Knock Off|p1a: The Pex
|-damage|p1a: The Pex|96/100
|
|upkeep
|turn|40
|
|t:|1667348078
|move|p1a: The Pex|Knock Off|p2a: Toxapex
|-damage|p2a: Toxapex|67/100
|move|p2a: Toxapex|Toxic Spikes|p1a: The Pex
|-sidestart|p1: sighz 0-0|move: Toxic Spikes
|
|upkeep
|turn|41
|inactive|minecraftuprising has 120 seconds left.
|
|t:|1667348112
|switch|p1a: The Knight|Corviknight, M|50/100 brn
|-ability|p1a: The Knight|Pressure
|move|p2a: Toxapex|Knock Off|p1a: The Knight
|-damage|p1a: The Knight|43/100 brn
|-damage|p2a: Toxapex|51/100|[from] item: Rocky Helmet|[of] p1a: The Knight
|-enditem|p1a: The Knight|Rocky Helmet|[from] move: Knock Off|[of] p2a: Toxapex
|
|-damage|p1a: The Knight|37/100 brn|[from] brn
|upkeep
|turn|42
|inactive|minecraftuprising has 120 seconds left.
|
|t:|1667348122
|switch|p2a: Clefable|Clefable, M|60/100
|move|p1a: The Knight|Roost|p1a: The Knight
|-heal|p1a: The Knight|87/100 brn
|-singleturn|p1a: The Knight|move: Roost
|
|-damage|p1a: The Knight|81/100 brn|[from] brn
|upkeep
|turn|43
|
|t:|1667348129
|switch|p1a: The Pex|Toxapex, F|100/100
|-sideend|p1: sighz 0-0|move: Toxic Spikes|[of] p1a: The Pex
|move|p2a: Clefable|Soft-Boiled|p2a: Clefable
|-heal|p2a: Clefable|100/100
|
|upkeep
|turn|44
|
|t:|1667348134
|switch|p2a: Toxapex|Toxapex, M|84/100
|-damage|p2a: Toxapex|72/100|[from] Stealth Rock
|switch|p1a: The Knight|Corviknight, M|81/100 brn
|-ability|p1a: The Knight|Pressure
|
|-damage|p1a: The Knight|75/100 brn|[from] brn
|upkeep
|turn|45
|
|t:|1667348140
|switch|p1a: The Pex|Toxapex, F|100/100
|switch|p2a: Clefable|Clefable, M|100/100
|
|upkeep
|turn|46
|
|t:|1667348145
|switch|p2a: Toxapex|Toxapex, M|100/100
|-damage|p2a: Toxapex|88/100|[from] Stealth Rock
|move|p1a: The Pex|Knock Off|p2a: Toxapex
|-damage|p2a: Toxapex|83/100
|
|upkeep
|turn|47
|
|t:|1667348153
|switch|p1a: The Knight|Corviknight, M|75/100 brn
|-ability|p1a: The Knight|Pressure
|move|p2a: Toxapex|Knock Off|p1a: The Knight
|-damage|p1a: The Knight|70/100 brn
|
|-damage|p1a: The Knight|64/100 brn|[from] brn
|upkeep
|turn|48
|
|t:|1667348160
|switch|p1a: rawr xd|Hippowdon, M|56/100
|-weather|Sandstorm|[from] ability: Sand Stream|[of] p1a: rawr xd
|switch|p2a: Clefable|Clefable, M|100/100
|
|-weather|Sandstorm|[upkeep]
|-damage|p2a: Clefable|94/100|[from] Sandstorm
|upkeep
|turn|49
|
|t:|1667348166
|switch|p2a: Suicune|Suicune|100/100
|-damage|p2a: Suicune|88/100|[from] Stealth Rock
|-ability|p2a: Suicune|Pressure
|move|p1a: rawr xd|Slack Off|p1a: rawr xd
|-heal|p1a: rawr xd|100/100
|
|-weather|Sandstorm|[upkeep]
|-damage|p2a: Suicune|82/100|[from] Sandstorm
|-heal|p2a: Suicune|88/100|[from] item: Leftovers
|upkeep
|turn|50
|j| Pika Sup
|
|t:|1667348173
|switch|p1a: The Pex|Toxapex, F|100/100
|move|p2a: Suicune|Protect||[still]
|-fail|p2a: Suicune
|
|-weather|Sandstorm|[upkeep]
|-damage|p2a: Suicune|82/100|[from] Sandstorm
|-damage|p1a: The Pex|95/100|[from] Sandstorm
|-heal|p2a: Suicune|88/100|[from] item: Leftovers
|upkeep
|turn|51
|
|t:|1667348178
|move|p2a: Suicune|Substitute|p2a: Suicune
|-start|p2a: Suicune|Substitute
|-damage|p2a: Suicune|63/100
|move|p1a: The Pex|Knock Off|p2a: Suicune
|-activate|p2a: Suicune|move: Substitute|[damage]
|
|-weather|Sandstorm|[upkeep]
|-damage|p2a: Suicune|57/100|[from] Sandstorm
|-damage|p1a: The Pex|89/100|[from] Sandstorm
|-heal|p2a: Suicune|63/100|[from] item: Leftovers
|upkeep
|turn|52
|
|t:|1667348182
|move|p2a: Suicune|Calm Mind|p2a: Suicune
|-boost|p2a: Suicune|spa|1
|-boost|p2a: Suicune|spd|1
|move|p1a: The Pex|Knock Off|p2a: Suicune
|-end|p2a: Suicune|Substitute
|
|-weather|none
|-heal|p2a: Suicune|69/100|[from] item: Leftovers
|upkeep
|turn|53
|l| Pika Sup
|
|t:|1667348187
|move|p2a: Suicune|Substitute|p2a: Suicune
|-start|p2a: Suicune|Substitute
|-damage|p2a: Suicune|44/100
|move|p1a: The Pex|Haze|p1a: The Pex
|-clearallboost
|
|-heal|p2a: Suicune|50/100|[from] item: Leftovers
|upkeep
|turn|54
|
|t:|1667348198
|move|p2a: Suicune|Scald|p1a: The Pex
|-resisted|p1a: The Pex
|-damage|p1a: The Pex|82/100
|move|p1a: The Pex|Knock Off|p2a: Suicune
|-activate|p2a: Suicune|move: Substitute|[damage]
|
|-heal|p2a: Suicune|57/100|[from] item: Leftovers
|upkeep
|turn|55
|
|t:|1667348205
|move|p2a: Suicune|Protect|p2a: Suicune
|-singleturn|p2a: Suicune|Protect
|move|p1a: The Pex|Knock Off|p2a: Suicune
|-activate|p2a: Suicune|move: Protect
|
|-heal|p2a: Suicune|63/100|[from] item: Leftovers
|upkeep
|turn|56
|
|t:|1667348209
|move|p2a: Suicune|Calm Mind|p2a: Suicune
|-boost|p2a: Suicune|spa|1
|-boost|p2a: Suicune|spd|1
|move|p1a: The Pex|Knock Off|p2a: Suicune
|-end|p2a: Suicune|Substitute
|
|-heal|p2a: Suicune|69/100|[from] item: Leftovers
|upkeep
|turn|57
|
|t:|1667348212
|move|p2a: Suicune|Substitute|p2a: Suicune
|-start|p2a: Suicune|Substitute
|-damage|p2a: Suicune|44/100
|move|p1a: The Pex|Haze|p1a: The Pex
|-clearallboost
|
|-heal|p2a: Suicune|50/100|[from] item: Leftovers
|upkeep
|turn|58
|
|t:|1667348215
|switch|p1a: Assault|Dragapult, M|50/100
|move|p2a: Suicune|Scald|p1a: Assault
|-resisted|p1a: Assault
|-damage|p1a: Assault|36/100
|
|-heal|p2a: Suicune|56/100|[from] item: Leftovers
|upkeep
|turn|59
|
|t:|1667348218
|move|p2a: Suicune|Protect|p2a: Suicune
|-singleturn|p2a: Suicune|Protect
|move|p1a: Assault|Draco Meteor|p2a: Suicune
|-activate|p2a: Suicune|move: Protect
|
|-heal|p2a: Suicune|63/100|[from] item: Leftovers
|upkeep
|turn|60
|
|t:|1667348237
|switch|p2a: Toxapex|Toxapex, M|100/100
|-damage|p2a: Toxapex|88/100|[from] Stealth Rock
|move|p1a: Assault|Shadow Ball|p2a: Toxapex
|-damage|p2a: Toxapex|67/100
|-unboost|p2a: Toxapex|spd|1
|
|upkeep
|turn|61
|
|t:|1667348254
|switch|p1a: The Knight|Corviknight, M|64/100 brn
|-ability|p1a: The Knight|Pressure
|move|p2a: Toxapex|Knock Off|p1a: The Knight
|-damage|p1a: The Knight|59/100 brn
|
|-damage|p1a: The Knight|53/100 brn|[from] brn
|upkeep
|turn|62
|
|t:|1667348260
|switch|p2a: Hippowdon|Hippowdon, M|87/100 tox
|-damage|p2a: Hippowdon|80/100 tox|[from] Stealth Rock
|-weather|Sandstorm|[from] ability: Sand Stream|[of] p2a: Hippowdon
|move|p1a: The Knight|U-turn|p2a: Hippowdon
|-damage|p2a: Hippowdon|76/100 tox
|
|t:|1667348268
|switch|p1a: The Pex|Toxapex, F|100/100|[from]move: U-turn
|
|-weather|Sandstorm|[upkeep]
|-damage|p1a: The Pex|95/100|[from] Sandstorm
|-heal|p2a: Hippowdon|82/100 tox|[from] item: Leftovers
|-damage|p2a: Hippowdon|76/100 tox|[from] psn
|upkeep
|turn|63
|
|t:|1667348272
|switch|p2a: Toxapex|Toxapex, M|100/100
|-damage|p2a: Toxapex|88/100|[from] Stealth Rock
|move|p1a: The Pex|Knock Off|p2a: Toxapex
|-damage|p2a: Toxapex|82/100
|
|-weather|Sandstorm|[upkeep]
|-damage|p2a: Toxapex|76/100|[from] Sandstorm
|-damage|p1a: The Pex|89/100|[from] Sandstorm
|upkeep
|turn|64
|
|t:|1667348286
|switch|p1a: The Knight|Corviknight, M|53/100 brn
|-ability|p1a: The Knight|Pressure
|move|p2a: Toxapex|Knock Off|p1a: The Knight
|-damage|p1a: The Knight|48/100 brn
|
|-weather|Sandstorm|[upkeep]
|-damage|p2a: Toxapex|70/100|[from] Sandstorm
|-damage|p1a: The Knight|42/100 brn|[from] brn
|upkeep
|turn|65
|
|t:|1667348292
|switch|p2a: Hippowdon|Hippowdon, M|76/100 tox
|-damage|p2a: Hippowdon|70/100 tox|[from] Stealth Rock
|move|p1a: The Knight|Roost|p1a: The Knight
|-heal|p1a: The Knight|92/100 brn
|-singleturn|p1a: The Knight|move: Roost
|
|-weather|Sandstorm|[upkeep]
|-heal|p2a: Hippowdon|76/100 tox|[from] item: Leftovers
|-damage|p2a: Hippowdon|70/100 tox|[from] psn
|-damage|p1a: The Knight|86/100 brn|[from] brn
|upkeep
|turn|66
|
|t:|1667348300
|switch|p1a: Take Flight|Tornadus-Therian, M|100/100
|move|p2a: Hippowdon|Stealth Rock|p1a: Take Flight
|-sidestart|p1: sighz 0-0|move: Stealth Rock
|
|-weather|none
|-heal|p2a: Hippowdon|76/100 tox|[from] item: Leftovers
|-damage|p2a: Hippowdon|64/100 tox|[from] psn
|upkeep
|turn|67
|
|t:|1667348309
|switch|p1a: The Knight|Corviknight, M|86/100 brn
|-damage|p1a: The Knight|73/100 brn|[from] Stealth Rock
|-ability|p1a: The Knight|Pressure
|switch|p2a: Toxapex|Toxapex, M|100/100
|-damage|p2a: Toxapex|88/100|[from] Stealth Rock
|
|-damage|p1a: The Knight|67/100 brn|[from] brn
|upkeep
|turn|68
|
|t:|1667348315
|switch|p2a: Hippowdon|Hippowdon, M|64/100 tox
|-damage|p2a: Hippowdon|58/100 tox|[from] Stealth Rock
|-weather|Sandstorm|[from] ability: Sand Stream|[of] p2a: Hippowdon
|move|p1a: The Knight|Defog|p2a: Hippowdon
|-unboost|p2a: Hippowdon|evasion|1
|-sideend|p2: minecraftuprising|Stealth Rock|[from] move: Defog|[of] p1a: The Knight
|-sideend|p1: sighz 0-0|Stealth Rock|[from] move: Defog|[of] p1a: The Knight
|
|-weather|Sandstorm|[upkeep]
|-heal|p2a: Hippowdon|64/100 tox|[from] item: Leftovers
|-damage|p2a: Hippowdon|58/100 tox|[from] psn
|-damage|p1a: The Knight|61/100 brn|[from] brn
|upkeep
|turn|69
|
|t:|1667348321
|move|p2a: Hippowdon|Slack Off|p2a: Hippowdon
|-heal|p2a: Hippowdon|100/100 tox
|move|p1a: The Knight|U-turn|p2a: Hippowdon
|-damage|p2a: Hippowdon|97/100 tox
|
|t:|1667348327
|switch|p1a: Take Flight|Tornadus-Therian, M|100/100|[from]move: U-turn
|
|-weather|Sandstorm|[upkeep]
|-damage|p1a: Take Flight|94/100|[from] Sandstorm
|-heal|p2a: Hippowdon|100/100 tox|[from] item: Leftovers
|-damage|p2a: Hippowdon|88/100 tox|[from] psn
|upkeep
|turn|70
|j| KaenSoul
|inactive|minecraftuprising has 120 seconds left.
|l| KaenSoul
|j| Clastia
|inactive|minecraftuprising has 90 seconds left.
|
|t:|1667348398
|switch|p2a: Toxapex|Toxapex, M|100/100
|move|p1a: Take Flight|Knock Off|p2a: Toxapex
|-damage|p2a: Toxapex|94/100
|
|-weather|Sandstorm|[upkeep]
|-damage|p1a: Take Flight|88/100|[from] Sandstorm
|-damage|p2a: Toxapex|88/100|[from] Sandstorm
|upkeep
|turn|71
|
|t:|1667348407
|switch|p1a: The Knight|Corviknight, M|61/100 brn
|-ability|p1a: The Knight|Pressure
|move|p2a: Toxapex|Toxic Spikes|p1a: The Knight
|-sidestart|p1: sighz 0-0|move: Toxic Spikes
|
|-weather|Sandstorm|[upkeep]
|-damage|p2a: Toxapex|82/100|[from] Sandstorm
|-damage|p1a: The Knight|55/100 brn|[from] brn
|upkeep
|turn|72
|inactive|minecraftuprising has 90 seconds left.
|
|t:|1667348412
|switch|p1a: The Pex|Toxapex, F|100/100
|-sideend|p1: sighz 0-0|move: Toxic Spikes|[of] p1a: The Pex
|switch|p2a: Aegislash|Aegislash, M|100/100
|
|-weather|none
|upkeep
|turn|73
|
|t:|1667348417
|switch|p2a: Toxapex|Toxapex, M|100/100
|move|p1a: The Pex|Knock Off|p2a: Toxapex
|-damage|p2a: Toxapex|94/100
|
|upkeep
|turn|74
|
|t:|1667348427
|switch|p1a: The Knight|Corviknight, M|55/100 brn
|-ability|p1a: The Knight|Pressure
|move|p2a: Toxapex|Scald|p1a: The Knight
|-damage|p1a: The Knight|45/100 brn
|
|-damage|p1a: The Knight|39/100 brn|[from] brn
|upkeep
|turn|75
|
|t:|1667348432
|switch|p2a: Aegislash|Aegislash, M|100/100
|move|p1a: The Knight|Roost|p1a: The Knight
|-heal|p1a: The Knight|89/100 brn
|-singleturn|p1a: The Knight|move: Roost
|
|-damage|p1a: The Knight|83/100 brn|[from] brn
|upkeep
|turn|76
|inactive|minecraftuprising has 120 seconds left.
|
|t:|1667348438
|switch|p1a: The Pex|Toxapex, F|100/100
|move|p2a: Aegislash|Substitute|p2a: Aegislash
|-start|p2a: Aegislash|Substitute
|-damage|p2a: Aegislash|76/100
|
|-heal|p2a: Aegislash|82/100|[from] item: Leftovers
|upkeep
|turn|77
|
|t:|1667348444
|move|p2a: Aegislash|King's Shield|p2a: Aegislash
|-singleturn|p2a: Aegislash|Protect
|move|p1a: The Pex|Knock Off|p2a: Aegislash
|-activate|p2a: Aegislash|move: Protect
|-unboost|p1a: The Pex|atk|1
|
|-heal|p2a: Aegislash|88/100|[from] item: Leftovers
|upkeep
|turn|78
|
|t:|1667348448
|-formechange|p2a: Aegislash|Aegislash-Blade||[from] ability: Stance Change
|move|p2a: Aegislash|Shadow Ball|p1a: The Pex
|-damage|p1a: The Pex|81/100
|move|p1a: The Pex|Knock Off|p2a: Aegislash
|-supereffective|p2a: Aegislash
|-end|p2a: Aegislash|Substitute
|
|-heal|p2a: Aegislash|94/100|[from] item: Leftovers
|upkeep
|turn|79
|
|t:|1667348458
|switch|p1a: rawr xd|Hippowdon, M|100/100
|-weather|Sandstorm|[from] ability: Sand Stream|[of] p1a: rawr xd
|-formechange|p2a: Aegislash|Aegislash||[from] ability: Stance Change
|move|p2a: Aegislash|King's Shield||[still]
|-fail|p2a: Aegislash
|
|-weather|Sandstorm|[upkeep]
|-heal|p2a: Aegislash|100/100|[from] item: Leftovers
|upkeep
|turn|80
|
|t:|1667348466
|switch|p2a: Hippowdon|Hippowdon, M|88/100 tox
|move|p1a: rawr xd|Stealth Rock|p2a: Hippowdon
|-sidestart|p2: minecraftuprising|move: Stealth Rock
|
|-weather|Sandstorm|[upkeep]
|-heal|p2a: Hippowdon|94/100 tox|[from] item: Leftovers
|-damage|p2a: Hippowdon|88/100 tox|[from] psn
|upkeep
|turn|81
|
|t:|1667348471
|switch|p1a: The Knight|Corviknight, M|83/100 brn
|-ability|p1a: The Knight|Pressure
|move|p2a: Hippowdon|Stealth Rock|p1a: The Knight
|-sidestart|p1: sighz 0-0|move: Stealth Rock
|
|-weather|Sandstorm|[upkeep]
|-heal|p2a: Hippowdon|94/100 tox|[from] item: Leftovers
|-damage|p2a: Hippowdon|82/100 tox|[from] psn
|-damage|p1a: The Knight|77/100 brn|[from] brn
|upkeep
|turn|82
|
|t:|1667348478
|switch|p2a: Clefable|Clefable, M|94/100
|move|p1a: The Knight|Defog|p2a: Clefable
|-unboost|p2a: Clefable|evasion|1
|-sideend|p2: minecraftuprising|Stealth Rock|[from] move: Defog|[of] p1a: The Knight
|-sideend|p1: sighz 0-0|Stealth Rock|[from] move: Defog|[of] p1a: The Knight
|
|-weather|Sandstorm|[upkeep]
|-damage|p2a: Clefable|88/100|[from] Sandstorm
|-damage|p1a: The Knight|71/100 brn|[from] brn
|upkeep
|turn|83
|
|t:|1667348484
|switch|p1a: The Pex|Toxapex, F|100/100
|move|p2a: Clefable|Aromatherapy|p2a: Clefable
|-activate|p2a: Clefable|move: Aromatherapy
|-curestatus|p2: Hippowdon|tox|[msg]
|
|-weather|none
|upkeep
|turn|84
|
|t:|1667348494
|switch|p2a: Toxapex|Toxapex, M|100/100
|switch|p1a: rawr xd|Hippowdon, M|100/100
|-weather|Sandstorm|[from] ability: Sand Stream|[of] p1a: rawr xd
|
|-weather|Sandstorm|[upkeep]
|-damage|p2a: Toxapex|95/100|[from] Sandstorm
|upkeep
|turn|85
|
|t:|1667348499
|switch|p1a: The Knight|Corviknight, M|71/100 brn
|-ability|p1a: The Knight|Pressure
|move|p2a: Toxapex|Scald|p1a: The Knight
|-damage|p1a: The Knight|60/100 brn
|
|-weather|Sandstorm|[upkeep]
|-damage|p2a: Toxapex|89/100|[from] Sandstorm
|-damage|p1a: The Knight|54/100 brn|[from] brn
|upkeep
|turn|86
|
|t:|1667348514
|switch|p1a: Take Flight|Tornadus-Therian, M|100/100
|switch|p2a: Clefable|Clefable, M|88/100
|
|-weather|Sandstorm|[upkeep]
|-damage|p1a: Take Flight|94/100|[from] Sandstorm
|-damage|p2a: Clefable|82/100|[from] Sandstorm
|upkeep
|turn|87
|
|t:|1667348521
|switch|p2a: Toxapex|Toxapex, M|100/100
|move|p1a: Take Flight|U-turn|p2a: Toxapex
|-resisted|p2a: Toxapex
|-damage|p2a: Toxapex|97/100
|
|t:|1667348525
|switch|p1a: rawr xd|Hippowdon, M|100/100|[from]move: U-turn
|
|-weather|Sandstorm|[upkeep]
|-damage|p2a: Toxapex|91/100|[from] Sandstorm
|upkeep
|turn|88
|
|t:|1667348532
|switch|p1a: The Knight|Corviknight, M|54/100 brn
|-ability|p1a: The Knight|Pressure
|switch|p2a: Suicune|Suicune|63/100
|-ability|p2a: Suicune|Pressure
|
|-weather|none
|-heal|p2a: Suicune|69/100|[from] item: Leftovers
|-damage|p1a: The Knight|48/100 brn|[from] brn
|upkeep
|turn|89
|
|t:|1667348538
|switch|p1a: The Pex|Toxapex, F|100/100
|move|p2a: Suicune|Calm Mind|p2a: Suicune
|-boost|p2a: Suicune|spa|1
|-boost|p2a: Suicune|spd|1
|
|-heal|p2a: Suicune|75/100|[from] item: Leftovers
|upkeep
|turn|90
|
|t:|1667348543
|move|p2a: Suicune|Substitute|p2a: Suicune
|-start|p2a: Suicune|Substitute
|-damage|p2a: Suicune|50/100
|move|p1a: The Pex|Haze|p1a: The Pex
|-clearallboost
|
|-heal|p2a: Suicune|56/100|[from] item: Leftovers
|upkeep
|turn|91
|
|t:|1667348549
|move|p2a: Suicune|Scald|p1a: The Pex
|-resisted|p1a: The Pex
|-damage|p1a: The Pex|94/100
|-status|p1a: The Pex|brn
|move|p1a: The Pex|Knock Off|p2a: Suicune
|-activate|p2a: Suicune|move: Substitute|[damage]
|
|-heal|p2a: Suicune|62/100|[from] item: Leftovers
|-damage|p1a: The Pex|88/100 brn|[from] brn
|upkeep
|turn|92
|
|t:|1667348555
|move|p2a: Suicune|Calm Mind|p2a: Suicune
|-boost|p2a: Suicune|spa|1
|-boost|p2a: Suicune|spd|1
|move|p1a: The Pex|Knock Off|p2a: Suicune
|-activate|p2a: Suicune|move: Substitute|[damage]
|
|-heal|p2a: Suicune|69/100|[from] item: Leftovers
|-damage|p1a: The Pex|82/100 brn|[from] brn
|upkeep
|turn|93
|
|t:|1667348570
|move|p2a: Suicune|Calm Mind|p2a: Suicune
|-boost|p2a: Suicune|spa|1
|-boost|p2a: Suicune|spd|1
|move|p1a: The Pex|Haze|p1a: The Pex
|-clearallboost
|
|-heal|p2a: Suicune|75/100|[from] item: Leftovers
|-damage|p1a: The Pex|76/100 brn|[from] brn
|upkeep
|turn|94
|j| NoTollsNoRolls
|
|t:|1667348576
|move|p2a: Suicune|Calm Mind|p2a: Suicune
|-boost|p2a: Suicune|spa|1
|-boost|p2a: Suicune|spd|1
|move|p1a: The Pex|Knock Off|p2a: Suicune
|-activate|p2a: Suicune|move: Substitute|[damage]
|
|-heal|p2a: Suicune|81/100|[from] item: Leftovers
|-damage|p1a: The Pex|70/100 brn|[from] brn
|upkeep
|turn|95
|
|t:|1667348581
|move|p2a: Suicune|Substitute|p2a: Suicune
|-fail|p2a: Suicune|move: Substitute
|move|p1a: The Pex|Haze|p1a: The Pex
|-clearallboost
|
|-heal|p2a: Suicune|87/100|[from] item: Leftovers
|-damage|p1a: The Pex|64/100 brn|[from] brn
|upkeep
|turn|96
|
|t:|1667348583
|move|p2a: Suicune|Calm Mind|p2a: Suicune
|-boost|p2a: Suicune|spa|1
|-boost|p2a: Suicune|spd|1
|move|p1a: The Pex|Knock Off|p2a: Suicune
|-end|p2a: Suicune|Substitute
|
|-heal|p2a: Suicune|93/100|[from] item: Leftovers
|-damage|p1a: The Pex|58/100 brn|[from] brn
|upkeep
|turn|97
|
|t:|1667348589
|switch|p2a: Toxapex|Toxapex, M|100/100
|move|p1a: The Pex|Haze|p1a: The Pex
|-clearallboost
|
|-damage|p1a: The Pex|52/100 brn|[from] brn
|upkeep
|turn|98
|
|t:|1667348595
|switch|p1a: rawr xd|Hippowdon, M|100/100
|-weather|Sandstorm|[from] ability: Sand Stream|[of] p1a: rawr xd
|switch|p2a: Suicune|Suicune|93/100
|-ability|p2a: Suicune|Pressure
|
|-weather|Sandstorm|[upkeep]
|-damage|p2a: Suicune|87/100|[from] Sandstorm
|-heal|p2a: Suicune|93/100|[from] item: Leftovers
|upkeep
|turn|99
|
|t:|1667348604
|move|p2a: Suicune|Substitute|p2a: Suicune
|-start|p2a: Suicune|Substitute
|-damage|p2a: Suicune|68/100
|move|p1a: rawr xd|Earthquake|p2a: Suicune
|-end|p2a: Suicune|Substitute
|
|-weather|Sandstorm|[upkeep]
|-damage|p2a: Suicune|62/100|[from] Sandstorm
|-heal|p2a: Suicune|68/100|[from] item: Leftovers
|upkeep
|turn|100
|
|t:|1667348611
|switch|p2a: Clefable|Clefable, M|82/100
|switch|p1a: The Pex|Toxapex, F|85/100 brn
|
|-weather|Sandstorm|[upkeep]
|-damage|p2a: Clefable|76/100|[from] Sandstorm
|-damage|p1a: The Pex|79/100 brn|[from] Sandstorm
|-damage|p1a: The Pex|73/100 brn|[from] brn
|upkeep
|turn|101
|
|t:|1667348616
|switch|p2a: Toxapex|Toxapex, M|100/100
|switch|p1a: The Knight|Corviknight, M|48/100 brn
|-ability|p1a: The Knight|Pressure
|
|-weather|Sandstorm|[upkeep]
|-damage|p2a: Toxapex|95/100|[from] Sandstorm
|-damage|p1a: The Knight|42/100 brn|[from] brn
|upkeep
|turn|102
|
|t:|1667348620
|switch|p2a: Hippowdon|Hippowdon, M|82/100
|move|p1a: The Knight|Roost|p1a: The Knight
|-heal|p1a: The Knight|92/100 brn
|-singleturn|p1a: The Knight|move: Roost
|
|-weather|none
|-heal|p2a: Hippowdon|88/100|[from] item: Leftovers
|-damage|p1a: The Knight|86/100 brn|[from] brn
|upkeep
|turn|103
|
|t:|1667348625
|switch|p2a: Aegislash|Aegislash, M|100/100
|switch|p1a: Take Flight|Tornadus-Therian, M|100/100
|
|upkeep
|turn|104
|
|t:|1667348630
|switch|p2a: Toxapex|Toxapex, M|100/100
|move|p1a: Take Flight|Knock Off|p2a: Toxapex
|-damage|p2a: Toxapex|94/100
|
|upkeep
|turn|105
|
|t:|1667348641
|move|p1a: Take Flight|U-turn|p2a: Toxapex
|-resisted|p2a: Toxapex
|-damage|p2a: Toxapex|90/100
|
|t:|1667348644
|switch|p1a: The Knight|Corviknight, M|86/100 brn|[from]move: U-turn
|-ability|p1a: The Knight|Pressure
|move|p2a: Toxapex|Knock Off|p1a: The Knight
|-damage|p1a: The Knight|81/100 brn
|
|-damage|p1a: The Knight|75/100 brn|[from] brn
|upkeep
|turn|106
|
|t:|1667348652
|switch|p1a: The Pex|Toxapex, F|100/100 brn
|switch|p2a: Suicune|Suicune|68/100
|-ability|p2a: Suicune|Pressure
|
|-heal|p2a: Suicune|75/100|[from] item: Leftovers
|-damage|p1a: The Pex|95/100 brn|[from] brn
|upkeep
|turn|107
|
|t:|1667348658
|switch|p1a: Assault|Dragapult, M|36/100
|move|p2a: Suicune|Protect||[still]
|-fail|p2a: Suicune
|
|-heal|p2a: Suicune|81/100|[from] item: Leftovers
|upkeep
|turn|108
|
|t:|1667348663
|move|p1a: Assault|Shadow Ball|p2a: Suicune
|-damage|p2a: Suicune|49/100
|move|p2a: Suicune|Scald|p1a: Assault
|-resisted|p1a: Assault
|-damage|p1a: Assault|24/100
|
|-heal|p2a: Suicune|55/100|[from] item: Leftovers
|upkeep
|turn|109
|
|t:|1667348670
|move|p2a: Suicune|Protect|p2a: Suicune
|-singleturn|p2a: Suicune|Protect
|move|p1a: Assault|Shadow Ball|p2a: Suicune
|-activate|p2a: Suicune|move: Protect
|
|-heal|p2a: Suicune|62/100|[from] item: Leftovers
|upkeep
|turn|110
|
|t:|1667348673
|switch|p2a: Toxapex|Toxapex, M|100/100
|move|p1a: Assault|Shadow Ball|p2a: Toxapex
|-damage|p2a: Toxapex|82/100
|
|upkeep
|turn|111
|
|t:|1667348678
|switch|p1a: The Knight|Corviknight, M|75/100 brn
|-ability|p1a: The Knight|Pressure
|switch|p2a: Hippowdon|Hippowdon, M|88/100
|-weather|Sandstorm|[from] ability: Sand Stream|[of] p2a: Hippowdon
|
|-weather|Sandstorm|[upkeep]
|-heal|p2a: Hippowdon|94/100|[from] item: Leftovers
|-damage|p1a: The Knight|69/100 brn|[from] brn
|upkeep
|turn|112
|
|t:|1667348683
|switch|p2a: Aegislash|Aegislash, M|100/100
|switch|p1a: Take Flight|Tornadus-Therian, M|100/100
|
|-weather|Sandstorm|[upkeep]
|-damage|p1a: Take Flight|94/100|[from] Sandstorm
|upkeep
|turn|113
|
|t:|1667348689
|switch|p1a: The Pex|Toxapex, F|100/100 brn
|switch|p2a: Toxapex|Toxapex, M|100/100
|
|-weather|Sandstorm|[upkeep]
|-damage|p1a: The Pex|95/100 brn|[from] Sandstorm
|-damage|p2a: Toxapex|95/100|[from] Sandstorm
|-damage|p1a: The Pex|89/100 brn|[from] brn
|upkeep
|turn|114
|
|t:|1667348694
|switch|p1a: rawr xd|Hippowdon, M|100/100
|move|p2a: Toxapex|Toxic Spikes|p1a: rawr xd
|-sidestart|p1: sighz 0-0|move: Toxic Spikes
|
|-weather|Sandstorm|[upkeep]
|-damage|p2a: Toxapex|89/100|[from] Sandstorm
|upkeep
|turn|115
|
|t:|1667348700
|switch|p2a: Clefable|Clefable, M|76/100
|move|p1a: rawr xd|Earthquake|p2a: Clefable
|-damage|p2a: Clefable|49/100
|
|-weather|none
|upkeep
|turn|116
|
|t:|1667348705
|switch|p1a: Take Flight|Tornadus-Therian, M|100/100
|move|p2a: Clefable|Soft-Boiled|p2a: Clefable
|-heal|p2a: Clefable|99/100
|
|upkeep
|turn|117
|
|t:|1667348711
|switch|p1a: The Pex|Toxapex, F|100/100 brn
|-sideend|p1: sighz 0-0|move: Toxic Spikes|[of] p1a: The Pex
|switch|p2a: Toxapex|Toxapex, M|100/100
|
|-damage|p1a: The Pex|95/100 brn|[from] brn
|upkeep
|turn|118
|j| KaenSoul
|
|t:|1667348718
|switch|p1a: rawr xd|Hippowdon, M|100/100
|-weather|Sandstorm|[from] ability: Sand Stream|[of] p1a: rawr xd
|switch|p2a: Suicune|Suicune|62/100
|-ability|p2a: Suicune|Pressure
|
|-weather|Sandstorm|[upkeep]
|-damage|p2a: Suicune|55/100|[from] Sandstorm
|-heal|p2a: Suicune|62/100|[from] item: Leftovers
|upkeep
|turn|119
|
|t:|1667348724
|switch|p1a: The Pex|Toxapex, F|100/100 brn
|move|p2a: Suicune|Scald|p1a: The Pex
|-resisted|p1a: The Pex
|-damage|p1a: The Pex|94/100 brn
|
|-weather|Sandstorm|[upkeep]
|-damage|p2a: Suicune|55/100|[from] Sandstorm
|-damage|p1a: The Pex|88/100 brn|[from] Sandstorm
|-heal|p2a: Suicune|62/100|[from] item: Leftovers
|-damage|p1a: The Pex|82/100 brn|[from] brn
|upkeep
|turn|120
|
|t:|1667348730
|switch|p1a: Assault|Dragapult, M|24/100
|move|p2a: Suicune|Substitute|p2a: Suicune
|-start|p2a: Suicune|Substitute
|-damage|p2a: Suicune|37/100
|
|-weather|Sandstorm|[upkeep]
|-damage|p1a: Assault|18/100|[from] Sandstorm
|-damage|p2a: Suicune|30/100|[from] Sandstorm
|-heal|p2a: Suicune|37/100|[from] item: Leftovers
|upkeep
|turn|121
|
|t:|1667348736
|move|p2a: Suicune|Protect|p2a: Suicune
|-singleturn|p2a: Suicune|Protect
|move|p1a: Assault|Draco Meteor|p2a: Suicune
|-activate|p2a: Suicune|move: Protect
|
|-weather|Sandstorm|[upkeep]
|-damage|p1a: Assault|11/100|[from] Sandstorm
|-damage|p2a: Suicune|30/100|[from] Sandstorm
|-heal|p2a: Suicune|37/100|[from] item: Leftovers
|upkeep
|turn|122
|
|t:|1667348743
|switch|p1a: rawr xd|Hippowdon, M|100/100
|switch|p2a: Toxapex|Toxapex, M|100/100
|
|-weather|none
|upkeep
|turn|123
|
|t:|1667348750
|switch|p1a: The Knight|Corviknight, M|69/100 brn
|-ability|p1a: The Knight|Pressure
|move|p2a: Toxapex|Scald|p1a: The Knight
|-damage|p1a: The Knight|60/100 brn
|
|-damage|p1a: The Knight|54/100 brn|[from] brn
|upkeep
|turn|124
|
|t:|1667348758
|switch|p2a: Suicune|Suicune|37/100
|-ability|p2a: Suicune|Pressure
|move|p1a: The Knight|U-turn|p2a: Suicune
|-damage|p2a: Suicune|30/100
|
|t:|1667348765
|switch|p1a: Assault|Dragapult, M|11/100|[from]move: U-turn
|
|-heal|p2a: Suicune|37/100|[from] item: Leftovers
|upkeep
|turn|125
|
|t:|1667348767
|switch|p2a: Toxapex|Toxapex, M|100/100
|move|p1a: Assault|Shadow Ball|p2a: Toxapex
|-damage|p2a: Toxapex|82/100
|-unboost|p2a: Toxapex|spd|1
|
|upkeep
|turn|126
|
|t:|1667348773
|switch|p2a: Hippowdon|Hippowdon, M|94/100
|-weather|Sandstorm|[from] ability: Sand Stream|[of] p2a: Hippowdon
|move|p1a: Assault|Draco Meteor|p2a: Hippowdon
|-damage|p2a: Hippowdon|62/100
|-unboost|p1a: Assault|spa|2
|
|-weather|Sandstorm|[upkeep]
|-damage|p1a: Assault|5/100|[from] Sandstorm
|-heal|p2a: Hippowdon|68/100|[from] item: Leftovers
|upkeep
|turn|127
|
|t:|1667348778
|switch|p1a: Take Flight|Tornadus-Therian, M|100/100
|move|p2a: Hippowdon|Stealth Rock|p1a: Take Flight
|-sidestart|p1: sighz 0-0|move: Stealth Rock
|
|-weather|Sandstorm|[upkeep]
|-damage|p1a: Take Flight|94/100|[from] Sandstorm
|-heal|p2a: Hippowdon|74/100|[from] item: Leftovers
|upkeep
|turn|128
|
|t:|1667348782
|switch|p2a: Toxapex|Toxapex, M|100/100
|move|p1a: Take Flight|Defog|p2a: Toxapex
|-unboost|p2a: Toxapex|evasion|1
|-sideend|p1: sighz 0-0|Stealth Rock|[from] move: Defog|[of] p1a: Take Flight
|
|-weather|Sandstorm|[upkeep]
|-damage|p1a: Take Flight|88/100|[from] Sandstorm
|-damage|p2a: Toxapex|95/100|[from] Sandstorm
|upkeep
|turn|129
|
|t:|1667348789
|move|p1a: Take Flight|U-turn|p2a: Toxapex
|-resisted|p2a: Toxapex
|-damage|p2a: Toxapex|91/100
|
|t:|1667348791
|switch|p1a: The Knight|Corviknight, M|54/100 brn|[from]move: U-turn
|-ability|p1a: The Knight|Pressure
|move|p2a: Toxapex|Toxic Spikes|p1a: The Knight
|-sidestart|p1: sighz 0-0|move: Toxic Spikes
|
|-weather|Sandstorm|[upkeep]
|-damage|p2a: Toxapex|85/100|[from] Sandstorm
|-damage|p1a: The Knight|48/100 brn|[from] brn
|upkeep
|turn|130
|
|t:|1667348798
|switch|p2a: Suicune|Suicune|37/100
|-ability|p2a: Suicune|Pressure
|move|p1a: The Knight|U-turn|p2a: Suicune
|-damage|p2a: Suicune|30/100
|
|t:|1667348804
|switch|p1a: Take Flight|Tornadus-Therian, M|100/100|[from]move: U-turn
|
|-weather|none
|-heal|p2a: Suicune|36/100|[from] item: Leftovers
|upkeep
|turn|131
|
|t:|1667348806
|move|p2a: Suicune|Protect|p2a: Suicune
|-singleturn|p2a: Suicune|Protect
|move|p1a: Take Flight|Hurricane|p2a: Suicune
|-activate|p2a: Suicune|move: Protect
|
|-heal|p2a: Suicune|42/100|[from] item: Leftovers
|upkeep
|turn|132
|
|t:|1667348809
|switch|p2a: Toxapex|Toxapex, M|100/100
|move|p1a: Take Flight|Hurricane|p2a: Toxapex
|-crit|p2a: Toxapex
|-damage|p2a: Toxapex|74/100
|
|upkeep
|turn|133
|
|t:|1667348820
|switch|p2a: Hippowdon|Hippowdon, M|74/100
|-weather|Sandstorm|[from] ability: Sand Stream|[of] p2a: Hippowdon
|move|p1a: Take Flight|U-turn|p2a: Hippowdon
|-damage|p2a: Hippowdon|67/100
|
|t:|1667348828
|switch|p1a: The Pex|Toxapex, F|100/100 brn|[from]move: U-turn
|-sideend|p1: sighz 0-0|move: Toxic Spikes|[of] p1a: The Pex
|
|-weather|Sandstorm|[upkeep]
|-damage|p1a: The Pex|95/100 brn|[from] Sandstorm
|-heal|p2a: Hippowdon|73/100|[from] item: Leftovers
|-damage|p1a: The Pex|89/100 brn|[from] brn
|upkeep
|turn|134
|
|t:|1667348836
|switch|p2a: Toxapex|Toxapex, M|100/100
|switch|p1a: Take Flight|Tornadus-Therian, M|100/100
|
|-weather|Sandstorm|[upkeep]
|-damage|p1a: Take Flight|94/100|[from] Sandstorm
|-damage|p2a: Toxapex|95/100|[from] Sandstorm
|upkeep
|turn|135
|
|t:|1667348846
|move|p1a: Take Flight|U-turn|p2a: Toxapex
|-resisted|p2a: Toxapex
|-damage|p2a: Toxapex|91/100
|
|t:|1667348849
|switch|p1a: The Knight|Corviknight, M|48/100 brn|[from]move: U-turn
|-ability|p1a: The Knight|Pressure
|move|p2a: Toxapex|Toxic Spikes|p1a: The Knight
|-sidestart|p1: sighz 0-0|move: Toxic Spikes
|
|-weather|Sandstorm|[upkeep]
|-damage|p2a: Toxapex|85/100|[from] Sandstorm
|-damage|p1a: The Knight|42/100 brn|[from] brn
|upkeep
|turn|136
|
|t:|1667348859
|switch|p2a: Aegislash|Aegislash, M|100/100
|move|p1a: The Knight|Roost|p1a: The Knight
|-heal|p1a: The Knight|92/100 brn
|-singleturn|p1a: The Knight|move: Roost
|
|-weather|Sandstorm|[upkeep]
|-damage|p1a: The Knight|85/100 brn|[from] brn
|upkeep
|turn|137
|
|t:|1667348868
|switch|p1a: The Pex|Toxapex, F|100/100 brn
|-sideend|p1: sighz 0-0|move: Toxic Spikes|[of] p1a: The Pex
|move|p2a: Aegislash|Substitute|p2a: Aegislash
|-start|p2a: Aegislash|Substitute
|-damage|p2a: Aegislash|76/100
|
|-weather|none
|-heal|p2a: Aegislash|82/100|[from] item: Leftovers
|-damage|p1a: The Pex|95/100 brn|[from] brn
|upkeep
|turn|138
|
|t:|1667348875
|switch|p1a: Take Flight|Tornadus-Therian, M|100/100
|-formechange|p2a: Aegislash|Aegislash-Blade||[from] ability: Stance Change
|move|p2a: Aegislash|Shadow Ball|p1a: Take Flight
|-damage|p1a: Take Flight|57/100
|
|-heal|p2a: Aegislash|88/100|[from] item: Leftovers
|upkeep
|turn|139
|
|t:|1667348885
|switch|p1a: The Pex|Toxapex, F|100/100 brn
|-formechange|p2a: Aegislash|Aegislash||[from] ability: Stance Change
|move|p2a: Aegislash|King's Shield||[still]
|-fail|p2a: Aegislash
|
|-heal|p2a: Aegislash|94/100|[from] item: Leftovers
|-damage|p1a: The Pex|95/100 brn|[from] brn
|upkeep
|turn|140
|
|t:|1667348892
|switch|p2a: Hippowdon|Hippowdon, M|73/100
|-weather|Sandstorm|[from] ability: Sand Stream|[of] p2a: Hippowdon
|switch|p1a: Take Flight|Tornadus-Therian, M|91/100
|
|-weather|Sandstorm|[upkeep]
|-damage|p1a: Take Flight|84/100|[from] Sandstorm
|-heal|p2a: Hippowdon|79/100|[from] item: Leftovers
|upkeep
|turn|141
|
|t:|1667348898
|switch|p2a: Toxapex|Toxapex, M|100/100
|move|p1a: Take Flight|Knock Off|p2a: Toxapex
|-damage|p2a: Toxapex|93/100
|
|-weather|Sandstorm|[upkeep]
|-damage|p1a: Take Flight|78/100|[from] Sandstorm
|-damage|p2a: Toxapex|87/100|[from] Sandstorm
|upkeep
|turn|142
|
|t:|1667348903
|switch|p2a: Hippowdon|Hippowdon, M|79/100
|move|p1a: Take Flight|U-turn|p2a: Hippowdon
|-damage|p2a: Hippowdon|72/100
|
|t:|1667348910
|switch|p1a: The Pex|Toxapex, F|100/100 brn|[from]move: U-turn
|
|-weather|Sandstorm|[upkeep]
|-damage|p1a: The Pex|95/100 brn|[from] Sandstorm
|-heal|p2a: Hippowdon|79/100|[from] item: Leftovers
|-damage|p1a: The Pex|89/100 brn|[from] brn
|upkeep
|turn|143
|
|t:|1667348916
|switch|p2a: Toxapex|Toxapex, M|100/100
|switch|p1a: Take Flight|Tornadus-Therian, M|100/100
|
|-weather|Sandstorm|[upkeep]
|-damage|p1a: Take Flight|94/100|[from] Sandstorm
|-damage|p2a: Toxapex|95/100|[from] Sandstorm
|upkeep
|turn|144
|
|t:|1667348923
|switch|p1a: The Pex|Toxapex, F|100/100 brn
|move|p2a: Toxapex|Toxic Spikes|p1a: The Pex
|-sidestart|p1: sighz 0-0|move: Toxic Spikes
|
|-weather|none
|-damage|p1a: The Pex|95/100 brn|[from] brn
|upkeep
|turn|145
|
|t:|1667348930
|switch|p1a: Take Flight|Tornadus-Therian, M|100/100
|switch|p2a: Clefable|Clefable, M|99/100
|
|upkeep
|turn|146
|
|t:|1667348934
|switch|p1a: The Pex|Toxapex, F|100/100 brn
|-sideend|p1: sighz 0-0|move: Toxic Spikes|[of] p1a: The Pex
|switch|p2a: Toxapex|Toxapex, M|100/100
|
|-damage|p1a: The Pex|95/100 brn|[from] brn
|upkeep
|turn|147
|
|t:|1667348939
|switch|p1a: The Knight|Corviknight, M|85/100 brn
|-ability|p1a: The Knight|Pressure
|switch|p2a: Clefable|Clefable, M|99/100
|
|-damage|p1a: The Knight|79/100 brn|[from] brn
|upkeep
|turn|148
|j| SkipTheDripBayless
|
|t:|1667348943
|switch|p2a: Suicune|Suicune|42/100
|-ability|p2a: Suicune|Pressure
|move|p1a: The Knight|U-turn|p2a: Suicune
|-damage|p2a: Suicune|36/100
|
|t:|1667348949
|switch|p1a: Assault|Dragapult, M|5/100|[from]move: U-turn
|
|-heal|p2a: Suicune|42/100|[from] item: Leftovers
|upkeep
|turn|149
|
|t:|1667348955
|switch|p1a: Take Flight|Tornadus-Therian, M|100/100
|switch|p2a: Hippowdon|Hippowdon, M|79/100
|-weather|Sandstorm|[from] ability: Sand Stream|[of] p2a: Hippowdon
|
|-weather|Sandstorm|[upkeep]
|-damage|p1a: Take Flight|94/100|[from] Sandstorm
|-heal|p2a: Hippowdon|85/100|[from] item: Leftovers
|upkeep
|turn|150
|
|t:|1667348962
|switch|p1a: The Pex|Toxapex, F|100/100 brn
|switch|p2a: Toxapex|Toxapex, M|100/100
|
|-weather|Sandstorm|[upkeep]
|-damage|p1a: The Pex|95/100 brn|[from] Sandstorm
|-damage|p2a: Toxapex|95/100|[from] Sandstorm
|-damage|p1a: The Pex|89/100 brn|[from] brn
|upkeep
|turn|151
|
|t:|1667348968
|switch|p1a: rawr xd|Hippowdon, M|100/100
|move|p2a: Toxapex|Toxic Spikes|p1a: rawr xd
|-sidestart|p1: sighz 0-0|move: Toxic Spikes
|
|-weather|Sandstorm|[upkeep]
|-damage|p2a: Toxapex|89/100|[from] Sandstorm
|upkeep
|turn|152
|
|t:|1667348973
|switch|p1a: The Knight|Corviknight, M|79/100 brn
|-ability|p1a: The Knight|Pressure
|move|p2a: Toxapex|Scald|p1a: The Knight
|-damage|p1a: The Knight|69/100 brn
|
|-weather|Sandstorm|[upkeep]
|-damage|p2a: Toxapex|83/100|[from] Sandstorm
|-damage|p1a: The Knight|63/100 brn|[from] brn
|upkeep
|turn|153
|
|t:|1667348977
|switch|p1a: The Pex|Toxapex, F|100/100 brn
|-sideend|p1: sighz 0-0|move: Toxic Spikes|[of] p1a: The Pex
|switch|p2a: Suicune|Suicune|42/100
|-ability|p2a: Suicune|Pressure
|
|-weather|none
|-heal|p2a: Suicune|48/100|[from] item: Leftovers
|-damage|p1a: The Pex|95/100 brn|[from] brn
|upkeep
|turn|154
|
|t:|1667348990
|move|p2a: Suicune|Substitute|p2a: Suicune
|-start|p2a: Suicune|Substitute
|-damage|p2a: Suicune|23/100
|move|p1a: The Pex|Toxic||[still]
|-fail|p1a: The Pex
|
|-heal|p2a: Suicune|29/100|[from] item: Leftovers
|-damage|p1a: The Pex|89/100 brn|[from] brn
|upkeep
|turn|155
|
|t:|1667348997
|switch|p1a: Assault|Dragapult, M|5/100
|move|p2a: Suicune|Calm Mind|p2a: Suicune
|-boost|p2a: Suicune|spa|1
|-boost|p2a: Suicune|spd|1
|
|-heal|p2a: Suicune|35/100|[from] item: Leftovers
|upkeep
|turn|156
|
|t:|1667349000
|switch|p1a: The Pex|Toxapex, F|100/100 brn
|move|p2a: Suicune|Protect||[still]
|-fail|p2a: Suicune
|
|-heal|p2a: Suicune|42/100|[from] item: Leftovers
|-damage|p1a: The Pex|95/100 brn|[from] brn
|upkeep
|turn|157
|
|t:|1667349006
|move|p2a: Suicune|Calm Mind|p2a: Suicune
|-boost|p2a: Suicune|spa|1
|-boost|p2a: Suicune|spd|1
|move|p1a: The Pex|Haze|p1a: The Pex
|-clearallboost
|
|-heal|p2a: Suicune|48/100|[from] item: Leftovers
|-damage|p1a: The Pex|89/100 brn|[from] brn
|upkeep
|turn|158
|
|t:|1667349015
|switch|p1a: Take Flight|Tornadus-Therian, M|100/100
|move|p2a: Suicune|Scald|p1a: Take Flight
|-damage|p1a: Take Flight|75/100
|-status|p1a: Take Flight|brn
|
|-heal|p2a: Suicune|54/100|[from] item: Leftovers
|-damage|p1a: Take Flight|69/100 brn|[from] brn
|upkeep
|turn|159
|
|t:|1667349021
|switch|p1a: The Pex|Toxapex, F|100/100 brn
|move|p2a: Suicune|Calm Mind|p2a: Suicune
|-boost|p2a: Suicune|spa|1
|-boost|p2a: Suicune|spd|1
|
|-heal|p2a: Suicune|60/100|[from] item: Leftovers
|-damage|p1a: The Pex|95/100 brn|[from] brn
|upkeep
|turn|160
|
|t:|1667349033
|move|p2a: Suicune|Scald|p1a: The Pex
|-resisted|p1a: The Pex
|-crit|p1a: The Pex
|-damage|p1a: The Pex|80/100 brn
|move|p1a: The Pex|Haze|p1a: The Pex
|-clearallboost
|
|-heal|p2a: Suicune|66/100|[from] item: Leftovers
|-damage|p1a: The Pex|74/100 brn|[from] brn
|upkeep
|turn|161
|
|t:|1667349043
|switch|p1a: Take Flight|Tornadus-Therian, M|100/100 brn
|move|p2a: Suicune|Calm Mind|p2a: Suicune
|-boost|p2a: Suicune|spa|1
|-boost|p2a: Suicune|spd|1
|
|-heal|p2a: Suicune|73/100|[from] item: Leftovers
|-damage|p1a: Take Flight|94/100 brn|[from] brn
|upkeep
|turn|162
|inactive|minecraftuprising has 120 seconds left.
|
|t:|1667349076
|switch|p1a: The Pex|Toxapex, F|100/100 brn
|switch|p2a: Toxapex|Toxapex, M|100/100
|
|-damage|p1a: The Pex|95/100 brn|[from] brn
|upkeep
|turn|163
|j| Zombini62
|
|t:|1667349087
|switch|p1a: Take Flight|Tornadus-Therian, M|100/100 brn
|switch|p2a: Clefable|Clefable, M|99/100
|
|-damage|p1a: Take Flight|94/100 brn|[from] brn
|upkeep
|turn|164
|
|t:|1667349092
|switch|p2a: Toxapex|Toxapex, M|100/100
|move|p1a: Take Flight|Knock Off|p2a: Toxapex
|-damage|p2a: Toxapex|97/100
|
|-damage|p1a: Take Flight|88/100 brn|[from] brn
|upkeep
|turn|165
|j| seventyfive
|l| Zombini62
|
|t:|1667349099
|switch|p1a: rawr xd|Hippowdon, M|100/100
|-weather|Sandstorm|[from] ability: Sand Stream|[of] p1a: rawr xd
|move|p2a: Toxapex|Toxic Spikes|p1a: rawr xd
|-sidestart|p1: sighz 0-0|move: Toxic Spikes
|
|-weather|Sandstorm|[upkeep]
|-damage|p2a: Toxapex|91/100|[from] Sandstorm
|upkeep
|turn|166
|j| Zombini62
|j|+sufys12
|
|t:|1667349104
|switch|p1a: The Pex|Toxapex, F|100/100 brn
|-sideend|p1: sighz 0-0|move: Toxic Spikes|[of] p1a: The Pex
|switch|p2a: Clefable|Clefable, M|99/100
|
|-weather|Sandstorm|[upkeep]
|-damage|p2a: Clefable|93/100|[from] Sandstorm
|-damage|p1a: The Pex|95/100 brn|[from] Sandstorm
|-damage|p1a: The Pex|89/100 brn|[from] brn
|upkeep
|turn|167
|
|t:|1667349113
|switch|p2a: Toxapex|Toxapex, M|100/100
|switch|p1a: rawr xd|Hippowdon, M|100/100
|
|-weather|Sandstorm|[upkeep]
|-damage|p2a: Toxapex|95/100|[from] Sandstorm
|upkeep
|turn|168
|
|t:|1667349120
|switch|p2a: Clefable|Clefable, M|93/100
|move|p1a: rawr xd|Stealth Rock|p2a: Clefable
|-sidestart|p2: minecraftuprising|move: Stealth Rock
|
|-weather|Sandstorm|[upkeep]
|-damage|p2a: Clefable|87/100|[from] Sandstorm
|upkeep
|turn|169
|
|t:|1667349131
|switch|p1a: Take Flight|Tornadus-Therian, M|100/100 brn
|move|p2a: Clefable|Moonblast|p1a: Take Flight
|-damage|p1a: Take Flight|61/100 brn
|
|-weather|none
|-damage|p1a: Take Flight|55/100 brn|[from] brn
|upkeep
|turn|170
|
|t:|1667349136
|switch|p1a: The Pex|Toxapex, F|100/100 brn
|switch|p2a: Toxapex|Toxapex, M|100/100
|-damage|p2a: Toxapex|88/100|[from] Stealth Rock
|
|-damage|p1a: The Pex|95/100 brn|[from] brn
|upkeep
|turn|171
|
|t:|1667349143
|switch|p1a: rawr xd|Hippowdon, M|100/100
|-weather|Sandstorm|[from] ability: Sand Stream|[of] p1a: rawr xd
|switch|p2a: Clefable|Clefable, M|87/100
|
|-weather|Sandstorm|[upkeep]
|-damage|p2a: Clefable|81/100|[from] Sandstorm
|upkeep
|turn|172
|j| yeshahr
|
|t:|1667349149
|switch|p2a: Hippowdon|Hippowdon, M|85/100
|-damage|p2a: Hippowdon|79/100|[from] Stealth Rock
|switch|p1a: The Pex|Toxapex, F|100/100 brn
|
|-weather|Sandstorm|[upkeep]
|-damage|p1a: The Pex|95/100 brn|[from] Sandstorm
|-heal|p2a: Hippowdon|85/100|[from] item: Leftovers
|-damage|p1a: The Pex|89/100 brn|[from] brn
|upkeep
|turn|173
|j|%htcl
|
|t:|1667349155
|switch|p1a: Take Flight|Tornadus-Therian, M|88/100 brn
|move|p2a: Hippowdon|Stealth Rock|p1a: Take Flight
|-sidestart|p1: sighz 0-0|move: Stealth Rock
|
|-weather|Sandstorm|[upkeep]
|-damage|p1a: Take Flight|82/100 brn|[from] Sandstorm
|-heal|p2a: Hippowdon|91/100|[from] item: Leftovers
|-damage|p1a: Take Flight|76/100 brn|[from] brn
|upkeep
|turn|174
|
|t:|1667349161
|switch|p2a: Toxapex|Toxapex, M|100/100
|-damage|p2a: Toxapex|88/100|[from] Stealth Rock
|move|p1a: Take Flight|Defog|p2a: Toxapex
|-unboost|p2a: Toxapex|evasion|1
|-sideend|p2: minecraftuprising|Stealth Rock|[from] move: Defog|[of] p1a: Take Flight
|-sideend|p1: sighz 0-0|Stealth Rock|[from] move: Defog|[of] p1a: Take Flight
|
|-weather|Sandstorm|[upkeep]
|-damage|p1a: Take Flight|70/100 brn|[from] Sandstorm
|-damage|p2a: Toxapex|82/100|[from] Sandstorm
|-damage|p1a: Take Flight|63/100 brn|[from] brn
|upkeep
|turn|175
|
|t:|1667349171
|switch|p2a: Clefable|Clefable, M|81/100
|move|p1a: Take Flight|U-turn|p2a: Clefable
|-resisted|p2a: Clefable
|-damage|p2a: Clefable|78/100
|
|t:|1667349178
|switch|p1a: The Pex|Toxapex, F|100/100 brn|[from]move: U-turn
|
|-weather|none
|-damage|p1a: The Pex|95/100 brn|[from] brn
|upkeep
|turn|176
|
|t:|1667349184
|switch|p2a: Aegislash|Aegislash, M|94/100
|switch|p1a: rawr xd|Hippowdon, M|100/100
|-weather|Sandstorm|[from] ability: Sand Stream|[of] p1a: rawr xd
|
|-weather|Sandstorm|[upkeep]
|-heal|p2a: Aegislash|100/100|[from] item: Leftovers
|upkeep
|turn|177
|
|t:|1667349191
|switch|p2a: Suicune|Suicune|73/100
|-ability|p2a: Suicune|Pressure
|move|p1a: rawr xd|Earthquake|p2a: Suicune
|-damage|p2a: Suicune|35/100
|
|-weather|Sandstorm|[upkeep]
|-damage|p2a: Suicune|29/100|[from] Sandstorm
|-heal|p2a: Suicune|35/100|[from] item: Leftovers
|upkeep
|turn|178
|
|t:|1667349199
|switch|p2a: Clefable|Clefable, M|78/100
|move|p1a: rawr xd|Stealth Rock|p2a: Clefable
|-sidestart|p2: minecraftuprising|move: Stealth Rock
|
|-weather|Sandstorm|[upkeep]
|-damage|p2a: Clefable|72/100|[from] Sandstorm
|upkeep
|turn|179
|
|t:|1667349205
|switch|p1a: The Pex|Toxapex, F|100/100 brn
|move|p2a: Clefable|Wish|p2a: Clefable
|
|-weather|Sandstorm|[upkeep]
|-damage|p2a: Clefable|66/100|[from] Sandstorm
|-damage|p1a: The Pex|95/100 brn|[from] Sandstorm
|-damage|p1a: The Pex|89/100 brn|[from] brn
|upkeep
|turn|180
|
|t:|1667349213
|switch|p2a: Toxapex|Toxapex, M|100/100
|-damage|p2a: Toxapex|88/100|[from] Stealth Rock
|move|p1a: The Pex|Toxic|p2a: Toxapex
|-immune|p2a: Toxapex
|
|-weather|none
|-heal|p2a: Toxapex|100/100|[from] move: Wish|[wisher] Clefable
|-damage|p1a: The Pex|83/100 brn|[from] brn
|upkeep
|turn|181
|
|t:|1667349218
|switch|p2a: Clefable|Clefable, M|66/100
|switch|p1a: rawr xd|Hippowdon, M|100/100
|-weather|Sandstorm|[from] ability: Sand Stream|[of] p1a: rawr xd
|
|-weather|Sandstorm|[upkeep]
|-damage|p2a: Clefable|60/100|[from] Sandstorm
|upkeep
|turn|182
|
|t:|1667349223
|move|p2a: Clefable|Soft-Boiled|p2a: Clefable
|-heal|p2a: Clefable|100/100
|move|p1a: rawr xd|Earthquake|p2a: Clefable
|-damage|p2a: Clefable|72/100
|
|-weather|Sandstorm|[upkeep]
|-damage|p2a: Clefable|66/100|[from] Sandstorm
|upkeep
|turn|183
|
|t:|1667349227
|switch|p1a: The Pex|Toxapex, F|100/100 brn
|move|p2a: Clefable|Soft-Boiled|p2a: Clefable
|-heal|p2a: Clefable|100/100
|
|-weather|Sandstorm|[upkeep]
|-damage|p2a: Clefable|94/100|[from] Sandstorm
|-damage|p1a: The Pex|95/100 brn|[from] Sandstorm
|-damage|p1a: The Pex|89/100 brn|[from] brn
|upkeep
|turn|184
|j| CommitStab
|j|+AjTheEpic
|
|t:|1667349233
|switch|p2a: Toxapex|Toxapex, M|100/100
|-damage|p2a: Toxapex|88/100|[from] Stealth Rock
|switch|p1a: Take Flight|Tornadus-Therian, M|97/100 brn
|
|-weather|Sandstorm|[upkeep]
|-damage|p1a: Take Flight|91/100 brn|[from] Sandstorm
|-damage|p2a: Toxapex|82/100|[from] Sandstorm
|-damage|p1a: Take Flight|84/100 brn|[from] brn
|upkeep
|turn|185
|
|t:|1667349240
|switch|p1a: rawr xd|Hippowdon, M|100/100
|move|p2a: Toxapex|Toxic Spikes|p1a: rawr xd
|-sidestart|p1: sighz 0-0|move: Toxic Spikes
|
|-weather|none
|upkeep
|turn|186
|
|t:|1667349244
|switch|p1a: The Pex|Toxapex, F|100/100 brn
|-sideend|p1: sighz 0-0|move: Toxic Spikes|[of] p1a: The Pex
|switch|p2a: Clefable|Clefable, M|94/100
|
|-damage|p1a: The Pex|95/100 brn|[from] brn
|upkeep
|turn|187
|
|t:|1667349251
|switch|p1a: rawr xd|Hippowdon, M|100/100
|-weather|Sandstorm|[from] ability: Sand Stream|[of] p1a: rawr xd
|move|p2a: Clefable|Wish|p2a: Clefable
|
|-weather|Sandstorm|[upkeep]
|-damage|p2a: Clefable|88/100|[from] Sandstorm
|upkeep
|turn|188
|
|t:|1667349257
|move|p2a: Clefable|Moonblast|p1a: rawr xd
|-damage|p1a: rawr xd|79/100
|move|p1a: rawr xd|Earthquake|p2a: Clefable
|-damage|p2a: Clefable|62/100
|
|-weather|Sandstorm|[upkeep]
|-damage|p2a: Clefable|56/100|[from] Sandstorm
|-heal|p2a: Clefable|100/100|[from] move: Wish|[wisher] Clefable
|upkeep
|turn|189
|
|t:|1667349266
|switch|p1a: The Pex|Toxapex, F|100/100 brn
|move|p2a: Clefable|Wish|p2a: Clefable
|
|-weather|Sandstorm|[upkeep]
|-damage|p2a: Clefable|94/100|[from] Sandstorm
|-damage|p1a: The Pex|95/100 brn|[from] Sandstorm
|-damage|p1a: The Pex|89/100 brn|[from] brn
|upkeep
|turn|190
|
|t:|1667349275
|switch|p2a: Toxapex|Toxapex, M|100/100
|-damage|p2a: Toxapex|88/100|[from] Stealth Rock
|move|p1a: The Pex|Toxic|p2a: Toxapex
|-immune|p2a: Toxapex
|
|-weather|Sandstorm|[upkeep]
|-damage|p2a: Toxapex|82/100|[from] Sandstorm
|-damage|p1a: The Pex|83/100 brn|[from] Sandstorm
|-heal|p2a: Toxapex|100/100|[from] move: Wish|[wisher] Clefable
|-damage|p1a: The Pex|77/100 brn|[from] brn
|upkeep
|turn|191
|
|t:|1667349283
|switch|p1a: rawr xd|Hippowdon, M|79/100
|move|p2a: Toxapex|Toxic Spikes|p1a: rawr xd
|-sidestart|p1: sighz 0-0|move: Toxic Spikes
|
|-weather|none
|upkeep
|turn|192
|
|t:|1667349287
|switch|p1a: The Knight|Corviknight, M|63/100 brn
|-ability|p1a: The Knight|Pressure
|switch|p2a: Clefable|Clefable, M|94/100
|
|-damage|p1a: The Knight|57/100 brn|[from] brn
|upkeep
|turn|193
|l| yeshahr
|
|t:|1667349293
|switch|p1a: The Pex|Toxapex, F|100/100 brn
|-sideend|p1: sighz 0-0|move: Toxic Spikes|[of] p1a: The Pex
|move|p2a: Clefable|Wish|p2a: Clefable
|
|-damage|p1a: The Pex|95/100 brn|[from] brn
|upkeep
|turn|194
|c| CommitStab|stall v stall moment
|
|t:|1667349308
|switch|p2a: Suicune|Suicune|35/100
|-damage|p2a: Suicune|23/100|[from] Stealth Rock
|-ability|p2a: Suicune|Pressure
|switch|p1a: rawr xd|Hippowdon, M|79/100
|-weather|Sandstorm|[from] ability: Sand Stream|[of] p1a: rawr xd
|
|-weather|Sandstorm|[upkeep]
|-damage|p2a: Suicune|17/100|[from] Sandstorm
|-heal|p2a: Suicune|72/100|[from] move: Wish|[wisher] Clefable
|-heal|p2a: Suicune|78/100|[from] item: Leftovers
|upkeep
|turn|195
|
|t:|1667349320
|switch|p2a: Clefable|Clefable, M|94/100
|move|p1a: rawr xd|Toxic|p2a: Clefable
|-status|p2a: Clefable|tox
|
|-weather|Sandstorm|[upkeep]
|-damage|p2a: Clefable|88/100 tox|[from] Sandstorm
|-damage|p2a: Clefable|82/100 tox|[from] psn
|upkeep
|turn|196
|inactive|sighz 0-0 has 120 seconds left.
|inactive|minecraftuprising has 120 seconds left.
|
|t:|1667349343
|switch|p2a: Hippowdon|Hippowdon, M|91/100
|-damage|p2a: Hippowdon|85/100|[from] Stealth Rock
|switch|p1a: The Pex|Toxapex, F|100/100 brn
|
|-weather|Sandstorm|[upkeep]
|-damage|p1a: The Pex|95/100 brn|[from] Sandstorm
|-heal|p2a: Hippowdon|91/100|[from] item: Leftovers
|-damage|p1a: The Pex|89/100 brn|[from] brn
|upkeep
|turn|197
|
|t:|1667349350
|switch|p1a: Take Flight|Tornadus-Therian, M|100/100 brn
|move|p2a: Hippowdon|Stealth Rock|p1a: Take Flight
|-sidestart|p1: sighz 0-0|move: Stealth Rock
|
|-weather|Sandstorm|[upkeep]
|-damage|p1a: Take Flight|94/100 brn|[from] Sandstorm
|-heal|p2a: Hippowdon|97/100|[from] item: Leftovers
|-damage|p1a: Take Flight|88/100 brn|[from] brn
|upkeep
|turn|198
|
|t:|1667349356
|switch|p2a: Toxapex|Toxapex, M|100/100
|-damage|p2a: Toxapex|88/100|[from] Stealth Rock
|move|p1a: Take Flight|Defog|p2a: Toxapex
|-unboost|p2a: Toxapex|evasion|1
|-sideend|p2: minecraftuprising|Stealth Rock|[from] move: Defog|[of] p1a: Take Flight
|-sideend|p1: sighz 0-0|Stealth Rock|[from] move: Defog|[of] p1a: Take Flight
|
|-weather|none
|-damage|p1a: Take Flight|82/100 brn|[from] brn
|upkeep
|turn|199
|
|t:|1667349364
|switch|p1a: rawr xd|Hippowdon, M|79/100
|-weather|Sandstorm|[from] ability: Sand Stream|[of] p1a: rawr xd
|move|p2a: Toxapex|Toxic Spikes|p1a: rawr xd
|-sidestart|p1: sighz 0-0|move: Toxic Spikes
|
|-weather|Sandstorm|[upkeep]
|-damage|p2a: Toxapex|82/100|[from] Sandstorm
|upkeep
|turn|200
|
|t:|1667349366
|switch|p1a: The Pex|Toxapex, F|100/100 brn
|-sideend|p1: sighz 0-0|move: Toxic Spikes|[of] p1a: The Pex
|move|p2a: Toxapex|Scald|p1a: The Pex
|-resisted|p1a: The Pex
|-damage|p1a: The Pex|96/100 brn
|
|-weather|Sandstorm|[upkeep]
|-damage|p1a: The Pex|90/100 brn|[from] Sandstorm
|-damage|p2a: Toxapex|76/100|[from] Sandstorm
|-damage|p1a: The Pex|84/100 brn|[from] brn
|upkeep
|turn|201
|
|t:|1667349371
|switch|p1a: rawr xd|Hippowdon, M|79/100
|switch|p2a: Clefable|Clefable, M|82/100 tox
|
|-weather|Sandstorm|[upkeep]
|-damage|p2a: Clefable|76/100 tox|[from] Sandstorm
|-damage|p2a: Clefable|70/100 tox|[from] psn
|upkeep
|turn|202
|
|t:|1667349376
|move|p2a: Clefable|Soft-Boiled|p2a: Clefable
|-heal|p2a: Clefable|100/100 tox
|move|p1a: rawr xd|Earthquake|p2a: Clefable
|-damage|p2a: Clefable|72/100 tox
|
|-weather|Sandstorm|[upkeep]
|-damage|p2a: Clefable|66/100 tox|[from] Sandstorm
|-damage|p2a: Clefable|54/100 tox|[from] psn
|upkeep
|turn|203
|
|t:|1667349384
|switch|p2a: Suicune|Suicune|78/100
|-ability|p2a: Suicune|Pressure
|move|p1a: rawr xd|Earthquake|p2a: Suicune
|-damage|p2a: Suicune|39/100
|
|-weather|none
|-heal|p2a: Suicune|45/100|[from] item: Leftovers
|upkeep
|turn|204
|
|t:|1667349389
|switch|p1a: The Pex|Toxapex, F|100/100 brn
|move|p2a: Suicune|Protect||[still]
|-fail|p2a: Suicune
|
|-heal|p2a: Suicune|51/100|[from] item: Leftovers
|-damage|p1a: The Pex|95/100 brn|[from] brn
|upkeep
|turn|205
|
|t:|1667349394
|switch|p2a: Toxapex|Toxapex, M|100/100
|move|p1a: The Pex|Knock Off|p2a: Toxapex
|-damage|p2a: Toxapex|97/100
|
|-damage|p1a: The Pex|89/100 brn|[from] brn
|upkeep
|turn|206
|
|t:|1667349401
|switch|p2a: Suicune|Suicune|51/100
|-ability|p2a: Suicune|Pressure
|switch|p1a: Take Flight|Tornadus-Therian, M|100/100 brn
|
|-heal|p2a: Suicune|58/100|[from] item: Leftovers
|-damage|p1a: Take Flight|94/100 brn|[from] brn
|upkeep
|turn|207
|
|t:|1667349406
|switch|p2a: Toxapex|Toxapex, M|100/100
|move|p1a: Take Flight|Knock Off|p2a: Toxapex
|-damage|p2a: Toxapex|97/100
|
|-damage|p1a: Take Flight|88/100 brn|[from] brn
|upkeep
|turn|208
|
|t:|1667349412
|move|p1a: Take Flight|U-turn|p2a: Toxapex
|-resisted|p2a: Toxapex
|-damage|p2a: Toxapex|95/100
|
|t:|1667349415
|switch|p1a: The Knight|Corviknight, M|57/100 brn|[from]move: U-turn
|-ability|p1a: The Knight|Pressure
|move|p2a: Toxapex|Knock Off|p1a: The Knight
|-damage|p1a: The Knight|51/100 brn
|
|-damage|p1a: The Knight|45/100 brn|[from] brn
|upkeep
|turn|209
|
|t:|1667349419
|switch|p2a: Suicune|Suicune|58/100
|-ability|p2a: Suicune|Pressure
|move|p1a: The Knight|Roost|p1a: The Knight
|-heal|p1a: The Knight|95/100 brn
|-singleturn|p1a: The Knight|move: Roost
|
|-heal|p2a: Suicune|64/100|[from] item: Leftovers
|-damage|p1a: The Knight|89/100 brn|[from] brn
|upkeep
|turn|210
|
|t:|1667349426
|switch|p2a: Hippowdon|Hippowdon, M|97/100
|-weather|Sandstorm|[from] ability: Sand Stream|[of] p2a: Hippowdon
|switch|p1a: The Pex|Toxapex, F|100/100 brn
|
|-weather|Sandstorm|[upkeep]
|-damage|p1a: The Pex|95/100 brn|[from] Sandstorm
|-heal|p2a: Hippowdon|100/100|[from] item: Leftovers
|-damage|p1a: The Pex|89/100 brn|[from] brn
|upkeep
|turn|211
|
|t:|1667349438
|switch|p2a: Toxapex|Toxapex, M|100/100
|move|p1a: The Pex|Knock Off|p2a: Toxapex
|-damage|p2a: Toxapex|98/100
|
|-weather|Sandstorm|[upkeep]
|-damage|p1a: The Pex|83/100 brn|[from] Sandstorm
|-damage|p2a: Toxapex|92/100|[from] Sandstorm
|-damage|p1a: The Pex|77/100 brn|[from] brn
|upkeep
|turn|212
|
|t:|1667349450
|switch|p1a: rawr xd|Hippowdon, M|79/100
|move|p2a: Toxapex|Toxic Spikes|p1a: rawr xd
|-sidestart|p1: sighz 0-0|move: Toxic Spikes
|
|-weather|Sandstorm|[upkeep]
|-damage|p2a: Toxapex|86/100|[from] Sandstorm
|upkeep
|turn|213
|
|t:|1667349456
|move|p1a: rawr xd|Stealth Rock|p2a: Toxapex
|-sidestart|p2: minecraftuprising|move: Stealth Rock
|move|p2a: Toxapex|Knock Off|p1a: rawr xd
|-damage|p1a: rawr xd|74/100
|
|-weather|Sandstorm|[upkeep]
|-damage|p2a: Toxapex|80/100|[from] Sandstorm
|upkeep
|turn|214
|
|t:|1667349465
|switch|p1a: The Knight|Corviknight, M|89/100 brn
|-ability|p1a: The Knight|Pressure
|switch|p2a: Hippowdon|Hippowdon, M|100/100
|-damage|p2a: Hippowdon|94/100|[from] Stealth Rock
|
|-weather|none
|-heal|p2a: Hippowdon|100/100|[from] item: Leftovers
|-damage|p1a: The Knight|83/100 brn|[from] brn
|upkeep
|turn|215
|
|t:|1667349470
|switch|p1a: Take Flight|Tornadus-Therian, M|100/100 brn
|move|p2a: Hippowdon|Stealth Rock|p1a: Take Flight
|-sidestart|p1: sighz 0-0|move: Stealth Rock
|
|-damage|p1a: Take Flight|94/100 brn|[from] brn
|upkeep
|turn|216
|
|t:|1667349474
|switch|p2a: Suicune|Suicune|64/100
|-damage|p2a: Suicune|51/100|[from] Stealth Rock
|-ability|p2a: Suicune|Pressure
|move|p1a: Take Flight|Defog|p2a: Suicune
|-unboost|p2a: Suicune|evasion|1
|-sideend|p2: minecraftuprising|Stealth Rock|[from] move: Defog|[of] p1a: Take Flight
|-sideend|p1: sighz 0-0|Toxic Spikes|[from] move: Defog|[of] p1a: Take Flight
|-sideend|p1: sighz 0-0|Stealth Rock|[from] move: Defog|[of] p1a: Take Flight
|
|-heal|p2a: Suicune|58/100|[from] item: Leftovers
|-damage|p1a: Take Flight|88/100 brn|[from] brn
|upkeep
|turn|217
|
|t:|1667349479
|switch|p1a: The Pex|Toxapex, F|100/100 brn
|switch|p2a: Toxapex|Toxapex, M|100/100
|
|-damage|p1a: The Pex|95/100 brn|[from] brn
|upkeep
|turn|218
|
|t:|1667349489
|switch|p1a: The Knight|Corviknight, M|83/100 brn
|-ability|p1a: The Knight|Pressure
|move|p2a: Toxapex|Toxic Spikes|p1a: The Knight
|-sidestart|p1: sighz 0-0|move: Toxic Spikes
|
|-damage|p1a: The Knight|77/100 brn|[from] brn
|upkeep
|turn|219
|
|t:|1667349492
|switch|p1a: The Pex|Toxapex, F|100/100 brn
|-sideend|p1: sighz 0-0|move: Toxic Spikes|[of] p1a: The Pex
|switch|p2a: Aegislash|Aegislash, M|100/100
|
|-damage|p1a: The Pex|95/100 brn|[from] brn
|upkeep
|turn|220
|
|t:|1667349501
|switch|p1a: Take Flight|Tornadus-Therian, M|100/100 brn
|move|p2a: Aegislash|Substitute|p2a: Aegislash
|-start|p2a: Aegislash|Substitute
|-damage|p2a: Aegislash|76/100
|
|-heal|p2a: Aegislash|82/100|[from] item: Leftovers
|-damage|p1a: Take Flight|94/100 brn|[from] brn
|upkeep
|turn|221
|
|t:|1667349509
|switch|p1a: The Pex|Toxapex, F|100/100 brn
|-formechange|p2a: Aegislash|Aegislash-Blade||[from] ability: Stance Change
|move|p2a: Aegislash|Shadow Ball|p1a: The Pex
|-damage|p1a: The Pex|77/100 brn
|
|-heal|p2a: Aegislash|88/100|[from] item: Leftovers
|-damage|p1a: The Pex|71/100 brn|[from] brn
|upkeep
|turn|222
|
|t:|1667349515
|switch|p1a: Take Flight|Tornadus-Therian, M|100/100 brn
|move|p2a: Aegislash|Flash Cannon|p1a: Take Flight
|-damage|p1a: Take Flight|61/100 brn
|
|-heal|p2a: Aegislash|94/100|[from] item: Leftovers
|-damage|p1a: Take Flight|55/100 brn|[from] brn
|upkeep
|turn|223
|inactive|minecraftuprising has 90 seconds left.
|
|t:|1667349521
|switch|p1a: The Pex|Toxapex, F|100/100 brn
|move|p2a: Aegislash|Flash Cannon|p1a: The Pex
|-resisted|p1a: The Pex
|-damage|p1a: The Pex|89/100 brn
|
|-heal|p2a: Aegislash|100/100|[from] item: Leftovers
|-damage|p1a: The Pex|83/100 brn|[from] brn
|upkeep
|turn|224
|
|t:|1667349526
|switch|p1a: Take Flight|Tornadus-Therian, M|88/100 brn
|move|p2a: Aegislash|Flash Cannon|p1a: Take Flight
|-damage|p1a: Take Flight|49/100 brn
|
|-damage|p1a: Take Flight|43/100 brn|[from] brn
|upkeep
|turn|225
|inactive|minecraftuprising has 90 seconds left.
|
|t:|1667349533
|switch|p1a: The Pex|Toxapex, F|100/100 brn
|move|p2a: Aegislash|Shadow Ball|p1a: The Pex
|-crit|p1a: The Pex
|-damage|p1a: The Pex|68/100 brn
|
|-damage|p1a: The Pex|63/100 brn|[from] brn
|upkeep
|turn|226
|
|t:|1667349540
|move|p2a: Aegislash|Shadow Ball|p1a: The Pex
|-damage|p1a: The Pex|40/100 brn
|-unboost|p1a: The Pex|spd|1
|move|p1a: The Pex|Recover|p1a: The Pex
|-heal|p1a: The Pex|91/100 brn
|
|-damage|p1a: The Pex|85/100 brn|[from] brn
|upkeep
|turn|227
|
|t:|1667349547
|switch|p1a: rawr xd|Hippowdon, M|74/100
|-weather|Sandstorm|[from] ability: Sand Stream|[of] p1a: rawr xd
|move|p2a: Aegislash|Shadow Ball|p1a: rawr xd
|-damage|p1a: rawr xd|56/100
|-unboost|p1a: rawr xd|spd|1
|
|-weather|Sandstorm|[upkeep]
|upkeep
|turn|228
|
|t:|1667349554
|move|p2a: Aegislash|Flash Cannon|p1a: rawr xd
|-damage|p1a: rawr xd|27/100
|-unboost|p1a: rawr xd|spd|1
|move|p1a: rawr xd|Slack Off|p1a: rawr xd
|-heal|p1a: rawr xd|77/100
|
|-weather|Sandstorm|[upkeep]
|upkeep
|turn|229
|inactive|sighz 0-0 has 90 seconds left.
|
|t:|1667349560
|switch|p1a: The Pex|Toxapex, F|100/100 brn
|move|p2a: Aegislash|Shadow Ball|p1a: The Pex
|-damage|p1a: The Pex|79/100 brn
|
|-weather|Sandstorm|[upkeep]
|-damage|p1a: The Pex|73/100 brn|[from] Sandstorm
|-damage|p1a: The Pex|67/100 brn|[from] brn
|upkeep
|turn|230
|inactive|sighz 0-0 has 90 seconds left.
|
|t:|1667349567
|move|p2a: Aegislash|Shadow Ball|p1a: The Pex
|-damage|p1a: The Pex|46/100 brn
|move|p1a: The Pex|Knock Off|p2a: Aegislash
|-supereffective|p2a: Aegislash
|-end|p2a: Aegislash|Substitute
|
|-weather|Sandstorm|[upkeep]
|-damage|p1a: The Pex|40/100 brn|[from] Sandstorm
|-damage|p1a: The Pex|34/100 brn|[from] brn
|upkeep
|turn|231
|
|t:|1667349572
|move|p2a: Aegislash|Substitute|p2a: Aegislash
|-start|p2a: Aegislash|Substitute
|-damage|p2a: Aegislash|76/100
|move|p1a: The Pex|Recover|p1a: The Pex
|-heal|p1a: The Pex|84/100 brn
|
|-weather|none
|-heal|p2a: Aegislash|82/100|[from] item: Leftovers
|-damage|p1a: The Pex|78/100 brn|[from] brn
|upkeep
|turn|232
|inactive|sighz 0-0 has 90 seconds left.
|
|t:|1667349582
|switch|p1a: Take Flight|Tornadus-Therian, M|76/100 brn
|move|p2a: Aegislash|Shadow Ball|p1a: Take Flight
|-damage|p1a: Take Flight|30/100 brn
|
|-heal|p2a: Aegislash|88/100|[from] item: Leftovers
|-damage|p1a: Take Flight|24/100 brn|[from] brn
|upkeep
|turn|233
|
|t:|1667349586
|switch|p1a: rawr xd|Hippowdon, M|77/100
|-weather|Sandstorm|[from] ability: Sand Stream|[of] p1a: rawr xd
|move|p2a: Aegislash|Shadow Ball|p1a: rawr xd
|-damage|p1a: rawr xd|59/100
|
|-weather|Sandstorm|[upkeep]
|-heal|p2a: Aegislash|94/100|[from] item: Leftovers
|upkeep
|turn|234
|inactive|sighz 0-0 has 90 seconds left.
|
|t:|1667349591
|move|p2a: Aegislash|Flash Cannon|p1a: rawr xd
|-damage|p1a: rawr xd|37/100
|move|p1a: rawr xd|Slack Off|p1a: rawr xd
|-heal|p1a: rawr xd|87/100
|
|-weather|Sandstorm|[upkeep]
|-heal|p2a: Aegislash|100/100|[from] item: Leftovers
|upkeep
|turn|235
|
|t:|1667349595
|move|p2a: Aegislash|Shadow Ball|p1a: rawr xd
|-damage|p1a: rawr xd|68/100
|move|p1a: rawr xd|Stealth Rock|p2a: Aegislash
|-sidestart|p2: minecraftuprising|move: Stealth Rock
|
|-weather|Sandstorm|[upkeep]
|upkeep
|turn|236
|inactive|sighz 0-0 has 90 seconds left.
|
|t:|1667349601
|move|p2a: Aegislash|Flash Cannon|p1a: rawr xd
|-damage|p1a: rawr xd|49/100
|move|p1a: rawr xd|Slack Off|p1a: rawr xd
|-heal|p1a: rawr xd|99/100
|
|-weather|Sandstorm|[upkeep]
|upkeep
|turn|237
|
|t:|1667349607
|switch|p1a: The Pex|Toxapex, F|100/100 brn
|move|p2a: Aegislash|Shadow Ball|p1a: The Pex
|-damage|p1a: The Pex|79/100 brn
|
|-weather|none
|-damage|p1a: The Pex|73/100 brn|[from] brn
|upkeep
|turn|238
|
|t:|1667349614
|switch|p1a: rawr xd|Hippowdon, M|99/100
|-weather|Sandstorm|[from] ability: Sand Stream|[of] p1a: rawr xd
|move|p2a: Aegislash|Shadow Ball|p1a: rawr xd
|-damage|p1a: rawr xd|80/100
|-unboost|p1a: rawr xd|spd|1
|
|-weather|Sandstorm|[upkeep]
|upkeep
|turn|239
|inactive|minecraftuprising has 120 seconds left.
|
|t:|1667349625
|switch|p1a: The Pex|Toxapex, F|100/100 brn
|move|p2a: Aegislash|Flash Cannon|p1a: The Pex
|-resisted|p1a: The Pex
|-crit|p1a: The Pex
|-damage|p1a: The Pex|83/100 brn
|
|-weather|Sandstorm|[upkeep]
|-damage|p1a: The Pex|77/100 brn|[from] Sandstorm
|-damage|p1a: The Pex|71/100 brn|[from] brn
|upkeep
|turn|240
|
|t:|1667349632
|switch|p1a: rawr xd|Hippowdon, M|80/100
|move|p2a: Aegislash|Shadow Ball|p1a: rawr xd
|-damage|p1a: rawr xd|59/100
|
|-weather|Sandstorm|[upkeep]
|upkeep
|turn|241
|
|t:|1667349637
|switch|p2a: Hippowdon|Hippowdon, M|100/100
|-damage|p2a: Hippowdon|94/100|[from] Stealth Rock
|move|p1a: rawr xd|Slack Off|p1a: rawr xd
|-heal|p1a: rawr xd|100/100
|
|-weather|Sandstorm|[upkeep]
|-heal|p2a: Hippowdon|100/100|[from] item: Leftovers
|upkeep
|turn|242
|
|t:|1667349640
|switch|p1a: Take Flight|Tornadus-Therian, M|57/100 brn
|move|p2a: Hippowdon|Stealth Rock|p1a: Take Flight
|-sidestart|p1: sighz 0-0|move: Stealth Rock
|
|-weather|none
|-damage|p1a: Take Flight|51/100 brn|[from] brn
|upkeep
|turn|243
|inactive|minecraftuprising has 120 seconds left.
|
|t:|1667349645
|switch|p2a: Toxapex|Toxapex, M|100/100
|-damage|p2a: Toxapex|88/100|[from] Stealth Rock
|move|p1a: Take Flight|Defog|p2a: Toxapex
|-unboost|p2a: Toxapex|evasion|1
|-sideend|p2: minecraftuprising|Stealth Rock|[from] move: Defog|[of] p1a: Take Flight
|-sideend|p1: sighz 0-0|Stealth Rock|[from] move: Defog|[of] p1a: Take Flight
|
|-damage|p1a: Take Flight|45/100 brn|[from] brn
|upkeep
|turn|244
|inactive|sighz 0-0 has 90 seconds left.
|inactive|minecraftuprising has 120 seconds left.
|
|t:|1667349652
|switch|p1a: rawr xd|Hippowdon, M|100/100
|-weather|Sandstorm|[from] ability: Sand Stream|[of] p1a: rawr xd
|move|p2a: Toxapex|Toxic Spikes|p1a: rawr xd
|-sidestart|p1: sighz 0-0|move: Toxic Spikes
|
|-weather|Sandstorm|[upkeep]
|-damage|p2a: Toxapex|82/100|[from] Sandstorm
|upkeep
|turn|245
|
|t:|1667349659
|switch|p1a: The Pex|Toxapex, F|100/100 brn
|-sideend|p1: sighz 0-0|move: Toxic Spikes|[of] p1a: The Pex
|move|p2a: Toxapex|Scald|p1a: The Pex
|-resisted|p1a: The Pex
|-damage|p1a: The Pex|96/100 brn
|
|-weather|Sandstorm|[upkeep]
|-damage|p2a: Toxapex|76/100|[from] Sandstorm
|-damage|p1a: The Pex|90/100 brn|[from] Sandstorm
|-damage|p1a: The Pex|84/100 brn|[from] brn
|upkeep
|turn|246
|inactive|sighz 0-0 has 90 seconds left.
|
|t:|1667349668
|switch|p2a: Clefable|Clefable, M|54/100 tox
|switch|p1a: Take Flight|Tornadus-Therian, M|78/100 brn
|
|-weather|Sandstorm|[upkeep]
|-damage|p1a: Take Flight|72/100 brn|[from] Sandstorm
|-damage|p2a: Clefable|48/100 tox|[from] Sandstorm
|-damage|p2a: Clefable|41/100 tox|[from] psn
|-damage|p1a: Take Flight|66/100 brn|[from] brn
|upkeep
|turn|247
|
|t:|1667349675
|move|p1a: Take Flight|Knock Off|p2a: Clefable
|-resisted|p2a: Clefable
|-damage|p2a: Clefable|39/100 tox
|-enditem|p2a: Clefable|Heavy-Duty Boots|[from] move: Knock Off|[of] p1a: Take Flight
|move|p2a: Clefable|Soft-Boiled|p2a: Clefable
|-heal|p2a: Clefable|89/100 tox
|
|-weather|Sandstorm|[upkeep]
|-damage|p1a: Take Flight|60/100 brn|[from] Sandstorm
|-damage|p2a: Clefable|83/100 tox|[from] Sandstorm
|-damage|p2a: Clefable|71/100 tox|[from] psn
|-damage|p1a: Take Flight|54/100 brn|[from] brn
|upkeep
|turn|248
|
|t:|1667349681
|move|p1a: Take Flight|Hurricane|p2a: Clefable
|-damage|p2a: Clefable|42/100 tox
|move|p2a: Clefable|Aromatherapy|p2a: Clefable
|-activate|p2a: Clefable|move: Aromatherapy
|-curestatus|p2a: Clefable|tox|[msg]
|
|-weather|none
|-damage|p1a: Take Flight|48/100 brn|[from] brn
|upkeep
|turn|249
|
|t:|1667349687
|move|p1a: Take Flight|Hurricane|p2a: Clefable
|-damage|p2a: Clefable|13/100
|move|p2a: Clefable|Soft-Boiled|p2a: Clefable
|-heal|p2a: Clefable|63/100
|
|-damage|p1a: Take Flight|42/100 brn|[from] brn
|upkeep
|turn|250
|
|t:|1667349692
|switch|p1a: rawr xd|Hippowdon, M|100/100
|-weather|Sandstorm|[from] ability: Sand Stream|[of] p1a: rawr xd
|move|p2a: Clefable|Soft-Boiled|p2a: Clefable
|-heal|p2a: Clefable|100/100
|
|-weather|Sandstorm|[upkeep]
|-damage|p2a: Clefable|94/100|[from] Sandstorm
|upkeep
|turn|251
|j| yeshahr
|inactive|minecraftuprising has 90 seconds left.
|l| yeshahr
|inactive|minecraftuprising has 60 seconds left.
|
|t:|1667349772
|switch|p2a: Hippowdon|Hippowdon, M|100/100
|switch|p1a: Take Flight|Tornadus-Therian, M|75/100 brn
|
|-weather|Sandstorm|[upkeep]
|-damage|p1a: Take Flight|69/100 brn|[from] Sandstorm
|-damage|p1a: Take Flight|63/100 brn|[from] brn
|upkeep
|turn|252
|
|t:|1667349779
|switch|p2a: Toxapex|Toxapex, M|100/100
|move|p1a: Take Flight|Knock Off|p2a: Toxapex
|-damage|p2a: Toxapex|97/100
|
|-weather|Sandstorm|[upkeep]
|-damage|p1a: Take Flight|57/100 brn|[from] Sandstorm
|-damage|p2a: Toxapex|91/100|[from] Sandstorm
|-damage|p1a: Take Flight|51/100 brn|[from] brn
|upkeep
|turn|253
|j| Lost Temple
|j| ty-tyui↻
|inactive|minecraftuprising has 30 seconds left.
|j| NeonJolteonWasUsed
|
|t:|1667349801
|switch|p1a: rawr xd|Hippowdon, M|100/100
|move|p2a: Toxapex|Knock Off|p1a: rawr xd
|-damage|p1a: rawr xd|95/100
|
|-weather|Sandstorm|[upkeep]
|-damage|p2a: Toxapex|85/100|[from] Sandstorm
|upkeep
|turn|254
|inactive|minecraftuprising has 30 seconds left this turn.
|
|t:|1667349808
|switch|p1a: The Knight|Corviknight, M|77/100 brn
|-ability|p1a: The Knight|Pressure
|switch|p2a: Hippowdon|Hippowdon, M|100/100
|
|-weather|none
|-damage|p1a: The Knight|71/100 brn|[from] brn
|upkeep
|turn|255
|inactive|minecraftuprising has 30 seconds left this turn.
|l| NeonJolteonWasUsed
|c|+sufys12|htcl are you not going to end this one lol
|j| NeonJolteonWasUsed
|inactive|minecraftuprising has 20 seconds left.
|j|@Srn
|inactive|minecraftuprising has 15 seconds left.
|l| NeonJolteonWasUsed
|c|☆sighz 0-0|pp is being used so the match is winnable
|inactive|minecraftuprising has 10 seconds left.
|
|t:|1667349831
|switch|p2a: Aegislash|Aegislash, M|100/100
|switch|p1a: Take Flight|Tornadus-Therian, M|84/100 brn
|
|-damage|p1a: Take Flight|78/100 brn|[from] brn
|upkeep
|turn|256
|inactive|minecraftuprising has 15 seconds left this turn.
|j|@Wildfiree ❤
|
|t:|1667349836
|switch|p2a: Toxapex|Toxapex, M|100/100
|move|p1a: Take Flight|Knock Off|p2a: Toxapex
|-damage|p2a: Toxapex|98/100
|
|-damage|p1a: Take Flight|72/100 brn|[from] brn
|upkeep
|turn|257
|inactive|minecraftuprising has 15 seconds left this turn.
|inactive|minecraftuprising has 10 seconds left.
|inactive|minecraftuprising has 5 seconds left.
|c|+sufys12|is pp being used fast enough
|-message|minecraftuprising lost due to inactivity.
|
|win|sighz 0-0
|n|☆sighz 0-0|sighz00
|n|☆minecraftuprising|minecraftuprising
|n| Georgina Tropicana|georginatropicana
|n| Clastia|clastia
|n| NoTollsNoRolls|notollsnorolls
|n| KaenSoul|kaensoul
|n| SkipTheDripBayless|skipthedripbayless
|n| seventyfive|seventyfive
|n| Zombini62|zombini62
|n| sufys12|sufys12
|n| htcl|htcl
|n| CommitStab|commitstab
|n|+AjTheEpic|ajtheepic
|n| Lost Temple|losttemple
|n| ty-tyui↻|tytyui
|n|+Srn|srn
|n|+Wildfiree ❤|wildfiree
|c|+Wildfiree ❤|Heya I came to do a flip
|c| sufys12|oh
|c| Lost Temple|lol
|c|☆sighz 0-0|gg
|c|+Wildfiree ❤|oh
|c|+Srn|yeah I don't think this one is going anywhere anytime soon
|c| sufys12|lmao
|c|+Srn|oh ok
|c|+Wildfiree ❤|nvm
|c|+Srn|that's that
|c|☆sighz 0-0|lmao
|l|+Srn
|l| Lost Temple
|l|☆minecraftuprising
|l| KaenSoul
|c| Clastia|ok then LOL
|l| Zombini62
|l| Clastia
|l| ty-tyui↻
