|raw|<div class="broadcast-blue"><strong>This battle is required to be public due to a player having a name starting with 'lt91bb'.</div>
|j|☆lt91bb mind
|j|☆dmt dreams
|t:|1659525843
|gametype|singles
|player|p1|lt91bb mind|hilbert|1971
|player|p2|dmt dreams|pokefan-gen4|1955
|teamsize|p1|6
|teamsize|p2|6
|gen|8
|tier|[Gen 8] OU
|rated|
|rule|Sleep Clause Mod: Limit one foe put to sleep
|rule|Species Clause: Limit one of each Pokémon
|rule|OHKO Clause: OHKO moves are banned
|rule|Evasion Moves Clause: Evasion moves are banned
|rule|Endless Battle Clause: Forcing endless battles is banned
|rule|HP Percentage Mod: HP is shown in percentages
|rule|Dynamax Clause: You cannot dynamax
|clearpoke
|poke|p1|Slowking, M|
|poke|p1|Tyranitar, F|
|poke|p1|Excadrill, F|
|poke|p1|Tornadus-Therian, M|
|poke|p1|Tapu Lele|
|poke|p1|Buzzwole|
|poke|p2|Moltres|
|poke|p2|Corviknight, M|
|poke|p2|Toxapex, F|
|poke|p2|Blissey, F|
|poke|p2|Ditto|
|poke|p2|Zeraora|
|teampreview
|j| erfdvsfdev
|j| LT91BB xray
|j| marsandback
|l| erfdvsfdev
|j| Jimmy Powka
|j| gglrg
|
|t:|1659525867
|start
|switch|p1a: Slowking|Slowking, M|100/100
|switch|p2a: Toxapex|Toxapex, F|100/100
|turn|1
|
|t:|1659525871
|move|p2a: Toxapex|Toxic Spikes|p1a: Slowking
|-sidestart|p1: lt91bb mind|move: Toxic Spikes
|move|p1a: Slowking|Scald|p2a: Toxapex
|-resisted|p2a: Toxapex
|-damage|p2a: Toxapex|90/100
|
|upkeep
|turn|2
|
|t:|1659525873
|move|p2a: Toxapex|Knock Off|p1a: Slowking
|-supereffective|p1a: Slowking
|-damage|p1a: Slowking|66/100
|-enditem|p1a: Slowking|Heavy-Duty Boots|[from] move: Knock Off|[of] p2a: Toxapex
|move|p1a: Slowking|Scald|p2a: Toxapex
|-resisted|p2a: Toxapex
|-damage|p2a: Toxapex|79/100
|
|upkeep
|turn|3
|
|t:|1659525877
|move|p2a: Toxapex|Toxic|p1a: Slowking
|-status|p1a: Slowking|tox
|move|p1a: Slowking|Scald|p2a: Toxapex
|-resisted|p2a: Toxapex
|-damage|p2a: Toxapex|68/100
|
|-damage|p1a: Slowking|60/100 tox|[from] psn
|upkeep
|turn|4
|j| LT91BB Lennart
|
|t:|1659525884
|move|p2a: Toxapex|Knock Off|p1a: Slowking
|-supereffective|p1a: Slowking
|-damage|p1a: Slowking|40/100 tox
|move|p1a: Slowking|Teleport|p1a: Slowking
|j| Maagnar
|j| zReptar
|j| Curryisnotgood
|
|t:|1659525887
|switch|p1a: Tornadus|Tornadus-Therian, M|100/100|[from]move: Teleport
|
|upkeep
|turn|5
|
|t:|1659525891
|move|p1a: Tornadus|U-turn|p2a: Toxapex
|-resisted|p2a: Toxapex
|-damage|p2a: Toxapex|63/100
|j| ProXXDev
|
|t:|1659525892
|switch|p1a: Slowking|Slowking, M|73/100 tox|[from]move: U-turn
|move|p2a: Toxapex|Knock Off|p1a: Slowking
|-supereffective|p1a: Slowking
|-damage|p1a: Slowking|54/100 tox
|
|-damage|p1a: Slowking|47/100 tox|[from] psn
|upkeep
|turn|6
|
|t:|1659525895
|move|p2a: Toxapex|Recover|p2a: Toxapex
|-heal|p2a: Toxapex|100/100
|move|p1a: Slowking|Scald|p2a: Toxapex
|-resisted|p2a: Toxapex
|-damage|p2a: Toxapex|90/100
|
|-damage|p1a: Slowking|35/100 tox|[from] psn
|upkeep
|turn|7
|
|t:|1659525899
|move|p2a: Toxapex|Toxic Spikes|p1a: Slowking
|-sidestart|p1: lt91bb mind|move: Toxic Spikes
|move|p1a: Slowking|Slack Off|p1a: Slowking
|-heal|p1a: Slowking|85/100 tox
|
|-damage|p1a: Slowking|67/100 tox|[from] psn
|upkeep
|turn|8
|
|t:|1659525901
|switch|p2a: Corviknight|Corviknight, M|100/100
|-ability|p2a: Corviknight|Pressure
|move|p1a: Slowking|Teleport|p1a: Slowking
|
|t:|1659525904
|switch|p1a: Tornadus|Tornadus-Therian, M|100/100|[from]move: Teleport
|
|upkeep
|turn|9
|
|t:|1659525906
|switch|p2a: Toxapex|Toxapex, F|100/100
|move|p1a: Tornadus|Knock Off|p2a: Toxapex
|-damage|p2a: Toxapex|89/100
|-enditem|p2a: Toxapex|Shed Shell|[from] move: Knock Off|[of] p1a: Tornadus
|
|upkeep
|turn|10
|
|t:|1659525908
|move|p1a: Tornadus|U-turn|p2a: Toxapex
|-resisted|p2a: Toxapex
|-damage|p2a: Toxapex|85/100
|
|t:|1659525910
|switch|p1a: Slowking|Slowking, M|99/100 tox|[from]move: U-turn
|move|p2a: Toxapex|Knock Off|p1a: Slowking
|-supereffective|p1a: Slowking
|-damage|p1a: Slowking|80/100 tox
|
|-damage|p1a: Slowking|74/100 tox|[from] psn
|upkeep
|turn|11
|
|t:|1659525913
|move|p2a: Toxapex|Toxic Spikes||[still]
|-fail|p2a: Toxapex
|move|p1a: Slowking|Scald|p2a: Toxapex
|-resisted|p2a: Toxapex
|-damage|p2a: Toxapex|73/100
|-status|p2a: Toxapex|brn
|
|-damage|p1a: Slowking|62/100 tox|[from] psn
|-damage|p2a: Toxapex|67/100 brn|[from] brn
|upkeep
|turn|12
|
|t:|1659525917
|move|p2a: Toxapex|Toxic Spikes||[still]
|-fail|p2a: Toxapex
|move|p1a: Slowking|Teleport|p1a: Slowking
|
|t:|1659525919
|switch|p1a: Excadrill|Excadrill, F|100/100|[from]move: Teleport
|
|-damage|p2a: Toxapex|61/100 brn|[from] brn
|upkeep
|turn|13
|
|t:|1659525922
|move|p1a: Excadrill|Rapid Spin|p2a: Toxapex
|-damage|p2a: Toxapex|49/100 brn
|-boost|p1a: Excadrill|spe|1
|-sideend|p1: lt91bb mind|Toxic Spikes|[from] move: Rapid Spin|[of] p1a: Excadrill
|move|p2a: Toxapex|Knock Off|p1a: Excadrill
|-damage|p1a: Excadrill|90/100
|-enditem|p1a: Excadrill|Leftovers|[from] move: Knock Off|[of] p2a: Toxapex
|
|-damage|p2a: Toxapex|43/100 brn|[from] brn
|upkeep
|turn|14
|
|t:|1659525925
|switch|p2a: Corviknight|Corviknight, M|100/100
|-ability|p2a: Corviknight|Pressure
|move|p1a: Excadrill|Stealth Rock|p2a: Corviknight
|-sidestart|p2: dmt dreams|move: Stealth Rock
|
|upkeep
|turn|15
|
|t:|1659525934
|switch|p1a: Slowking|Slowking, M|95/100 tox
|move|p2a: Corviknight|Defog|p1a: Slowking
|-unboost|p1a: Slowking|evasion|1
|-sideend|p2: dmt dreams|Stealth Rock|[from] move: Defog|[of] p2a: Corviknight
|
|-damage|p1a: Slowking|89/100 tox|[from] psn
|upkeep
|turn|16
|
|t:|1659525936
|move|p2a: Corviknight|U-turn|p1a: Slowking
|-supereffective|p1a: Slowking
|-damage|p1a: Slowking|57/100 tox
|
|t:|1659525937
|switch|p2a: Toxapex|Toxapex, F|76/100 brn|[from]move: U-turn
|move|p1a: Slowking|Teleport|p1a: Slowking
|
|t:|1659525940
|switch|p1a: Tapu Lele|Tapu Lele|100/100|[from]move: Teleport
|-fieldstart|move: Psychic Terrain|[from] ability: Psychic Surge|[of] p1a: Tapu Lele
|
|-damage|p2a: Toxapex|70/100 brn|[from] brn
|upkeep
|turn|17
|
|t:|1659525948
|switch|p2a: Corviknight|Corviknight, M|100/100
|-ability|p2a: Corviknight|Pressure
|move|p1a: Tapu Lele|Thunderbolt|p2a: Corviknight
|-supereffective|p2a: Corviknight
|-crit|p2a: Corviknight
|-damage|p2a: Corviknight|0 fnt
|faint|p2a: Corviknight
|
|upkeep
|
|t:|1659525953
|switch|p2a: Zeraora|Zeraora|100/100
|turn|18
|
|t:|1659525956
|switch|p1a: Buzzwole|Buzzwole|100/100
|move|p2a: Zeraora|Knock Off|p1a: Buzzwole
|-resisted|p1a: Buzzwole
|-damage|p1a: Buzzwole|90/100
|-damage|p2a: Zeraora|84/100|[from] item: Rocky Helmet|[of] p1a: Buzzwole
|-enditem|p1a: Buzzwole|Rocky Helmet|[from] move: Knock Off|[of] p2a: Zeraora
|
|-heal|p2a: Zeraora|90/100|[from] item: Leftovers
|upkeep
|turn|19
|
|t:|1659525962
|switch|p2a: Blissey|Blissey, F|100/100
|move|p1a: Buzzwole|Earthquake|p2a: Blissey
|-damage|p2a: Blissey|76/100
|
|-damage|p2a: Blissey|64/100|[from] item: Sticky Barb
|upkeep
|turn|20
|c|☆dmt dreams|gg
|-message|dmt dreams forfeited.
|
|win|lt91bb mind
|raw|lt91bb mind's rating: 1971 &rarr; <strong>1990</strong><br />(+19 for winning)
|raw|dmt dreams's rating: 1955 &rarr; <strong>1936</strong><br />(-19 for losing)
|l| ProXXDev
|l|☆dmt dreams
|l| gglrg
||Ladder isn't responding, score probably updated but might not have (Request timeout).
|l|☆lt91bb mind
|l| zReptar
|l| Jimmy Powka
|l| Maagnar
|j| Ekzykes
|j| jfffj
