|j|☆koffingwoffing
|j|☆outd blundar
|t:|1668107724
|gametype|singles
|player|p1|koffingwoffing|will-gen2|1618
|player|p2|outd blundar|101|1795
|teamsize|p1|6
|teamsize|p2|6
|gen|8
|tier|[Gen 8] OU
|rated|
|rule|Sleep Clause Mod: Limit one foe put to sleep
|rule|Species Clause: Limit one of each Pokémon
|rule|OHKO Clause: OHKO moves are banned
|rule|Evasion Items Clause: Evasion items are banned
|rule|Evasion Moves Clause: Evasion moves are banned
|rule|Endless Battle Clause: Forcing endless battles is banned
|rule|HP Percentage Mod: HP is shown in percentages
|rule|Dynamax Clause: You cannot dynamax
|clearpoke
|poke|p1|Rillaboom, F|
|poke|p1|Dragapult, F|
|poke|p1|Urshifu-*, F|
|poke|p1|Volcarona, F|
|poke|p1|Magnezone|
|poke|p1|Hippowdon, F|
|poke|p2|Skarmory, M|
|poke|p2|Landorus-Therian, M|
|poke|p2|Kartana|
|poke|p2|Tyranitar, M|
|poke|p2|Magnezone|
|poke|p2|Moltres|
|teampreview
|inactive|Battle timer is ON: inactive players will automatically lose when time's up. (requested by outd blundar)
|
|t:|1668107818
|start
|switch|p1a: Urshifu|Urshifu-Rapid-Strike, F|100/100
|switch|p2a: Skarmory|Skarmory, M|100/100
|turn|1
|inactive|koffingwoffing has 120 seconds left.
|
|t:|1668107853
|move|p1a: Urshifu|Close Combat|p2a: Skarmory
|-damage|p2a: Skarmory|28/100
|-unboost|p1a: Urshifu|def|1
|-unboost|p1a: Urshifu|spd|1
|move|p2a: Skarmory|Body Press|p1a: Urshifu
|-damage|p1a: Urshifu|40/100
|-damage|p2a: Skarmory|19/100|[from] item: Life Orb
|
|upkeep
|turn|2
|inactive|koffingwoffing has 120 seconds left.
|
|t:|1668107867
|switch|p2a: Moltres|Moltres|100/100
|move|p1a: Urshifu|Close Combat|p2a: Moltres
|-resisted|p2a: Moltres
|-damage|p2a: Moltres|56/100
|-unboost|p1a: Urshifu|def|1
|-unboost|p1a: Urshifu|spd|1
|-status|p1a: Urshifu|brn|[from] ability: Flame Body|[of] p2a: Moltres
|
|-damage|p1a: Urshifu|34/100 brn|[from] brn
|upkeep
|turn|3
|c|☆koffingwoffing|oh piss off moltres
|inactive|koffingwoffing has 120 seconds left.
|inactive|koffingwoffing has 90 seconds left.
|
|t:|1668107919
|move|p1a: Urshifu|Close Combat|p2a: Moltres
|-resisted|p2a: Moltres
|-damage|p2a: Moltres|35/100
|-unboost|p1a: Urshifu|def|1
|-unboost|p1a: Urshifu|spd|1
|move|p2a: Moltres|Roost|p2a: Moltres
|-heal|p2a: Moltres|85/100
|-singleturn|p2a: Moltres|move: Roost
|
|-damage|p1a: Urshifu|27/100 brn|[from] brn
|upkeep
|turn|4
|
|t:|1668107933
|move|p1a: Urshifu|Close Combat|p2a: Moltres
|-resisted|p2a: Moltres
|-damage|p2a: Moltres|66/100
|-unboost|p1a: Urshifu|def|1
|-unboost|p1a: Urshifu|spd|1
|move|p2a: Moltres|Fire Spin|p1a: Urshifu
|-resisted|p1a: Urshifu
|-damage|p1a: Urshifu|0 fnt
|faint|p1a: Urshifu
|
|upkeep
|
|t:|1668107961
|switch|p1a: Dragapult|Dragapult, F|100/100
|turn|5
|
|t:|1668107965
|switch|p2a: Magnezone|Magnezone|100/100
|move|p1a: Dragapult|Shadow Ball|p2a: Magnezone
|-damage|p2a: Magnezone|65/100
|
|upkeep
|turn|6
|
|t:|1668107972
|switch|p2a: Tyranitar|Tyranitar, M|100/100
|-weather|Sandstorm|[from] ability: Sand Stream|[of] p2a: Tyranitar
|move|p1a: Dragapult|Shadow Ball|p2a: Tyranitar
|-resisted|p2a: Tyranitar
|-damage|p2a: Tyranitar|85/100
|
|-weather|Sandstorm|[upkeep]
|-damage|p1a: Dragapult|95/100|[from] Sandstorm
|-heal|p2a: Tyranitar|91/100|[from] item: Leftovers
|upkeep
|turn|7
|
|t:|1668108001
|switch|p1a: Hippowdon|Hippowdon, F|100/100
|switch|p2a: Skarmory|Skarmory, M|19/100
|
|-weather|Sandstorm|[upkeep]
|upkeep
|turn|8
|inactive|koffingwoffing has 60 seconds left.
|
|t:|1668108023
|move|p2a: Skarmory|Toxic|p1a: Hippowdon
|-status|p1a: Hippowdon|tox
|move|p1a: Hippowdon|Stealth Rock|p2a: Skarmory
|-sidestart|p2: outd blundar|move: Stealth Rock
|
|-weather|Sandstorm|[upkeep]
|-damage|p1a: Hippowdon|94/100 tox|[from] psn
|upkeep
|turn|9
|inactive|koffingwoffing has 60 seconds left.
|
|t:|1668108048
|move|p2a: Skarmory|Roost|p2a: Skarmory
|-heal|p2a: Skarmory|69/100
|-singleturn|p2a: Skarmory|move: Roost
|move|p1a: Hippowdon|Earthquake|p2a: Skarmory
|-supereffective|p2a: Skarmory
|-damage|p2a: Skarmory|13/100
|
|-weather|Sandstorm|[upkeep]
|-damage|p1a: Hippowdon|82/100 tox|[from] psn
|upkeep
|turn|10
|
|t:|1668108055
|switch|p1a: Magnezone|Magnezone|100/100
|move|p2a: Skarmory|Body Press|p1a: Magnezone
|-supereffective|p1a: Magnezone
|-crit|p1a: Magnezone
|-damage|p1a: Magnezone|0 fnt
|faint|p1a: Magnezone
|-damage|p2a: Skarmory|3/100|[from] item: Life Orb
|
|-weather|none
|upkeep
|c|☆koffingwoffing|bullshit
|
|t:|1668108068
|switch|p1a: Dragapult|Dragapult, F|95/100
|turn|11
|
|t:|1668108071
|switch|p2a: Magnezone|Magnezone|65/100
|-damage|p2a: Magnezone|59/100|[from] Stealth Rock
|move|p1a: Dragapult|U-turn|p2a: Magnezone
|-resisted|p2a: Magnezone
|-damage|p2a: Magnezone|52/100
|
|t:|1668108084
|switch|p1a: Hippowdon|Hippowdon, F|82/100 tox|[from]move: U-turn
|-weather|Sandstorm|[from] ability: Sand Stream|[of] p1a: Hippowdon
|
|-weather|Sandstorm|[upkeep]
|-damage|p1a: Hippowdon|76/100 tox|[from] psn
|upkeep
|turn|12
|
|t:|1668108090
|switch|p2a: Kartana|Kartana|100/100
|-damage|p2a: Kartana|94/100|[from] Stealth Rock
|move|p1a: Hippowdon|Toxic|p2a: Kartana
|-immune|p2a: Kartana
|
|-weather|Sandstorm|[upkeep]
|-damage|p1a: Hippowdon|63/100 tox|[from] psn
|upkeep
|turn|13
|inactive|koffingwoffing has 60 seconds left.
|
|t:|1668108106
|move|p2a: Kartana|Toxic|p1a: Hippowdon
|-fail|p1a: Hippowdon|tox
|move|p1a: Hippowdon|Earthquake|p2a: Kartana
|-damage|p2a: Kartana|61/100
|
|-weather|Sandstorm|[upkeep]
|-damage|p1a: Hippowdon|45/100 tox|[from] psn
|upkeep
|turn|14
|
|t:|1668108117
|move|p2a: Kartana|Knock Off|p1a: Hippowdon
|-damage|p1a: Hippowdon|23/100 tox
|-damage|p2a: Kartana|44/100|[from] item: Rocky Helmet|[of] p1a: Hippowdon
|-enditem|p1a: Hippowdon|Rocky Helmet|[from] move: Knock Off|[of] p2a: Kartana
|move|p1a: Hippowdon|Slack Off|p1a: Hippowdon
|-heal|p1a: Hippowdon|73/100 tox
|
|-weather|Sandstorm|[upkeep]
|-damage|p1a: Hippowdon|49/100 tox|[from] psn
|upkeep
|turn|15
|
|t:|1668108127
|move|p2a: Kartana|Synthesis|p2a: Kartana
|-heal|p2a: Kartana|69/100
|move|p1a: Hippowdon|Earthquake|p2a: Kartana
|-crit|p2a: Kartana
|-damage|p2a: Kartana|23/100
|
|-weather|none
|-damage|p1a: Hippowdon|18/100 tox|[from] psn
|upkeep
|turn|16
|
|t:|1668108141
|move|p2a: Kartana|Synthesis|p2a: Kartana
|-heal|p2a: Kartana|73/100
|move|p1a: Hippowdon|Slack Off|p1a: Hippowdon
|-heal|p1a: Hippowdon|68/100 tox
|
|-damage|p1a: Hippowdon|30/100 tox|[from] psn
|upkeep
|turn|17
|
|t:|1668108154
|move|p2a: Kartana|Leaf Blade|p1a: Hippowdon
|-supereffective|p1a: Hippowdon
|-damage|p1a: Hippowdon|0 fnt
|faint|p1a: Hippowdon
|-ability|p2a: Kartana|Beast Boost|boost
|-boost|p2a: Kartana|atk|1
|
|upkeep
|
|t:|1668108158
|switch|p1a: Dragapult|Dragapult, F|95/100
|turn|18
|
|t:|1668108163
|switch|p2a: Magnezone|Magnezone|52/100
|-damage|p2a: Magnezone|46/100|[from] Stealth Rock
|move|p1a: Dragapult|Shadow Ball|p2a: Magnezone
|-damage|p2a: Magnezone|10/100
|
|upkeep
|turn|19
|
|t:|1668108167
|switch|p2a: Tyranitar|Tyranitar, M|91/100
|-damage|p2a: Tyranitar|79/100|[from] Stealth Rock
|-weather|Sandstorm|[from] ability: Sand Stream|[of] p2a: Tyranitar
|move|p1a: Dragapult|Shadow Ball|p2a: Tyranitar
|-resisted|p2a: Tyranitar
|-damage|p2a: Tyranitar|63/100
|
|-weather|Sandstorm|[upkeep]
|-damage|p1a: Dragapult|89/100|[from] Sandstorm
|-heal|p2a: Tyranitar|69/100|[from] item: Leftovers
|upkeep
|turn|20
|
|t:|1668108172
|switch|p1a: Rillaboom|Rillaboom, F|100/100
|-fieldstart|move: Grassy Terrain|[from] ability: Grassy Surge|[of] p1a: Rillaboom
|move|p2a: Tyranitar|Stealth Rock|p1a: Rillaboom
|-sidestart|p1: koffingwoffing|move: Stealth Rock
|
|-weather|Sandstorm|[upkeep]
|-damage|p1a: Rillaboom|94/100|[from] Sandstorm
|-heal|p1a: Rillaboom|100/100|[from] Grassy Terrain
|-heal|p2a: Tyranitar|75/100|[from] Grassy Terrain
|-heal|p2a: Tyranitar|81/100|[from] item: Leftovers
|upkeep
|turn|21
|
|t:|1668108180
|switch|p2a: Skarmory|Skarmory, M|3/100
|-damage|p2a: Skarmory|0 fnt|[from] Stealth Rock
|faint|p2a: Skarmory
|move|p1a: Rillaboom|U-turn|p2: Skarmory|[notarget]
|-fail|p1a: Rillaboom
|
|-weather|Sandstorm|[upkeep]
|-damage|p1a: Rillaboom|94/100|[from] Sandstorm
|-heal|p1a: Rillaboom|100/100|[from] Grassy Terrain
|upkeep
|
|t:|1668108183
|switch|p2a: Moltres|Moltres|66/100
|turn|22
|
|t:|1668108186
|switch|p1a: Dragapult|Dragapult, F|89/100
|-damage|p1a: Dragapult|76/100|[from] Stealth Rock
|move|p2a: Moltres|Hurricane|p1a: Dragapult
|-damage|p1a: Dragapult|0 fnt
|faint|p1a: Dragapult
|
|-weather|Sandstorm|[upkeep]
|-damage|p2a: Moltres|60/100|[from] Sandstorm
|upkeep
|inactive|koffingwoffing has 120 seconds left.
|
|t:|1668108203
|switch|p1a: Volcarona|Volcarona, F|100/100
|turn|23
|
|t:|1668108206
|move|p1a: Volcarona|Quiver Dance|p1a: Volcarona
|-boost|p1a: Volcarona|spa|1
|-boost|p1a: Volcarona|spd|1
|-boost|p1a: Volcarona|spe|1
|move|p2a: Moltres|Hurricane|p1a: Volcarona
|-supereffective|p1a: Volcarona
|-damage|p1a: Volcarona|23/100
|
|-weather|none
|-heal|p1a: Volcarona|29/100|[from] Grassy Terrain
|upkeep
|turn|24
|
|t:|1668108214
|move|p1a: Volcarona|Psychic|p2a: Moltres
|-damage|p2a: Moltres|15/100
|move|p2a: Moltres|Hurricane|p1a: Volcarona
|-supereffective|p1a: Volcarona
|-damage|p1a: Volcarona|0 fnt
|faint|p1a: Volcarona
|
|-fieldend|move: Grassy Terrain
|upkeep
|
|t:|1668108219
|switch|p1a: Rillaboom|Rillaboom, F|100/100
|-damage|p1a: Rillaboom|88/100|[from] Stealth Rock
|-fieldstart|move: Grassy Terrain|[from] ability: Grassy Surge|[of] p1a: Rillaboom
|turn|25
|
|t:|1668108224
|switch|p2a: Landorus|Landorus-Therian, M|100/100
|-damage|p2a: Landorus|88/100|[from] Stealth Rock
|-ability|p2a: Landorus|Intimidate|boost
|-unboost|p1a: Rillaboom|atk|1
|move|p1a: Rillaboom|Grassy Glide|p2a: Landorus
|-damage|p2a: Landorus|37/100
|
|-heal|p1a: Rillaboom|94/100|[from] Grassy Terrain
|-heal|p2a: Landorus|43/100|[from] item: Leftovers
|upkeep
|turn|26
|c|☆koffingwoffing|lame
|
|t:|1668108227
|switch|p2a: Kartana|Kartana|73/100
|-damage|p2a: Kartana|66/100|[from] Stealth Rock
|move|p1a: Rillaboom|Grassy Glide|p2a: Kartana
|-resisted|p2a: Kartana
|-damage|p2a: Kartana|56/100
|-damage|p1a: Rillaboom|78/100|[from] item: Rocky Helmet|[of] p2a: Kartana
|
|-heal|p2a: Kartana|62/100|[from] Grassy Terrain
|-heal|p1a: Rillaboom|84/100|[from] Grassy Terrain
|upkeep
|turn|27
|
|t:|1668108230
|move|p1a: Rillaboom|Grassy Glide|p2a: Kartana
|-resisted|p2a: Kartana
|-damage|p2a: Kartana|50/100
|-damage|p1a: Rillaboom|68/100|[from] item: Rocky Helmet|[of] p2a: Kartana
|move|p2a: Kartana|Toxic|p1a: Rillaboom
|-status|p1a: Rillaboom|tox
|
|-heal|p2a: Kartana|57/100|[from] Grassy Terrain
|-heal|p1a: Rillaboom|74/100 tox|[from] Grassy Terrain
|-damage|p1a: Rillaboom|68/100 tox|[from] psn
|upkeep
|turn|28
|c|☆koffingwoffing|LAME
|c|☆koffingwoffing|KILL ME
|
|t:|1668108238
|move|p1a: Rillaboom|Grassy Glide|p2a: Kartana
|-resisted|p2a: Kartana
|-damage|p2a: Kartana|46/100
|-damage|p1a: Rillaboom|51/100 tox|[from] item: Rocky Helmet|[of] p2a: Kartana
|move|p2a: Kartana|Synthesis|p2a: Kartana
|-heal|p2a: Kartana|96/100
|
|-heal|p2a: Kartana|100/100|[from] Grassy Terrain
|-heal|p1a: Rillaboom|57/100 tox|[from] Grassy Terrain
|-damage|p1a: Rillaboom|45/100 tox|[from] psn
|upkeep
|turn|29
|c|☆koffingwoffing|DO IT
|c|☆koffingwoffing|STOP STALLING
|
|t:|1668108246
|move|p1a: Rillaboom|Grassy Glide|p2a: Kartana
|-resisted|p2a: Kartana
|-damage|p2a: Kartana|90/100
|-damage|p1a: Rillaboom|29/100 tox|[from] item: Rocky Helmet|[of] p2a: Kartana
|move|p2a: Kartana|Leaf Blade|p1a: Rillaboom
|-resisted|p1a: Rillaboom
|-damage|p1a: Rillaboom|0 fnt
|faint|p1a: Rillaboom
|
|win|outd blundar
|raw|koffingwoffing's rating: 1618 &rarr; <strong>1607</strong><br />(-11 for losing)
|raw|outd blundar's rating: 1795 &rarr; <strong>1806</strong><br />(+11 for winning)
