|j|☆big boss 447
|j|☆D00MED Guy
|player|p1|big boss 447|n|1821
|player|p2|D00MED Guy|marley|1781
|teamsize|p1|6
|teamsize|p2|6
|gametype|singles
|gen|8
|tier|[Gen 8] OU
|rated|
|clearpoke
|poke|p1|Urshifu-*, M|
|poke|p1|Barraskewda, M|
|poke|p1|Keldeo-Resolute|
|poke|p1|Ferrothorn, M|
|poke|p1|Pelipper, F|
|poke|p1|Magearna|
|poke|p2|Rillaboom, F|
|poke|p2|Cinderace, F|
|poke|p2|Hawlucha, F|
|poke|p2|Weezing-Galar, M|
|poke|p2|Mandibuzz, F|
|poke|p2|Chansey, F|
|rule|Sleep Clause Mod: Limit one foe put to sleep
|rule|Species Clause: Limit one of each Pokémon
|rule|OHKO Clause: OHKO moves are banned
|rule|Evasion Moves Clause: Evasion moves are banned
|rule|Endless Battle Clause: Forcing endless battles is banned
|rule|HP Percentage Mod: HP is shown in percentages
|rule|Dynamax Clause: You cannot dynamax
|teampreview
|inactive|Battle timer is ON: inactive players will automatically lose when time's up. (requested by D00MED Guy)
|
|start
|switch|p1a: Barraskewda|Barraskewda, M|100/100
|switch|p2a: Rillaboom|Rillaboom, F|100/100
|-fieldstart|move: Grassy Terrain|[from] ability: Grassy Surge|[of] p2a: Rillaboom
|turn|1
|
|switch|p1a: Ferrothorn|Ferrothorn, M|100/100
|move|p2a: Rillaboom|U-turn|p1a: Ferrothorn
|-damage|p1a: Ferrothorn|75/100
|-damage|p2a: Rillaboom|88/100|[from] ability: Iron Barbs|[of] p1a: Ferrothorn
|-damage|p2a: Rillaboom|78/100|[from] item: Life Orb
|
|switch|p2a: Hawlucha|Hawlucha, F|100/100|[from]move: U-turn
|-enditem|p2a: Hawlucha|Grassy Seed
|-boost|p2a: Hawlucha|def|1|[from] item: Grassy Seed
|
|-heal|p1a: Ferrothorn|82/100|[from] item: Leftovers
|-heal|p1a: Ferrothorn|88/100|[from] Grassy Terrain
|upkeep
|turn|2
|
|switch|p1a: Magearna|Magearna|100/100
|move|p2a: Hawlucha|Substitute|p2a: Hawlucha
|-start|p2a: Hawlucha|Substitute
|-damage|p2a: Hawlucha|76/100
|
|upkeep
|turn|3
|
|move|p2a: Hawlucha|Swords Dance|p2a: Hawlucha
|-boost|p2a: Hawlucha|atk|2
|move|p1a: Magearna|Volt Switch|p2a: Hawlucha
|-supereffective|p2a: Hawlucha
|-end|p2a: Hawlucha|Substitute
|
|switch|p1a: Pelipper|Pelipper, F|100/100|[from]move: Volt Switch
|-weather|RainDance|[from] ability: Drizzle|[of] p1a: Pelipper
|
|-weather|RainDance|[upkeep]
|upkeep
|turn|4
|
|move|p2a: Hawlucha|Substitute|p2a: Hawlucha
|-start|p2a: Hawlucha|Substitute
|-damage|p2a: Hawlucha|51/100
|move|p1a: Pelipper|Scald|p2a: Hawlucha
|-end|p2a: Hawlucha|Substitute
|
|-weather|RainDance|[upkeep]
|upkeep
|turn|5
|
|move|p2a: Hawlucha|Substitute|p2a: Hawlucha
|-start|p2a: Hawlucha|Substitute
|-damage|p2a: Hawlucha|26/100
|move|p1a: Pelipper|Scald|p2a: Hawlucha
|-end|p2a: Hawlucha|Substitute
|
|-weather|RainDance|[upkeep]
|-fieldend|move: Grassy Terrain
|upkeep
|turn|6
|
|move|p2a: Hawlucha|Acrobatics|p1a: Pelipper
|-damage|p1a: Pelipper|33/100
|move|p1a: Pelipper|Scald|p2a: Hawlucha
|-damage|p2a: Hawlucha|0 fnt
|faint|p2a: Hawlucha
|
|-weather|RainDance|[upkeep]
|upkeep
|j| BroYankeeNoBrim
|
|switch|p2a: Cinderace|Cinderace, F|100/100
|turn|7
|
|move|p2a: Cinderace|Zen Headbutt|p1a: Pelipper
|-start|p2a: Cinderace|typechange|Psychic|[from] ability: Libero
|-damage|p1a: Pelipper|0 fnt
|faint|p1a: Pelipper
|
|-weather|RainDance|[upkeep]
|upkeep
|
|switch|p1a: Barraskewda|Barraskewda, M|100/100
|turn|8
|
|move|p2a: Cinderace|Sucker Punch|p1a: Barraskewda
|-start|p2a: Cinderace|typechange|Dark|[from] ability: Libero
|-damage|p1a: Barraskewda|34/100
|move|p1a: Barraskewda|Liquidation|p2a: Cinderace
|-damage|p2a: Cinderace|0 fnt
|faint|p2a: Cinderace
|
|-weather|RainDance|[upkeep]
|upkeep
|
|switch|p2a: Rillaboom|Rillaboom, F|78/100
|-fieldstart|move: Grassy Terrain|[from] ability: Grassy Surge|[of] p2a: Rillaboom
|turn|9
|
|switch|p1a: Ferrothorn|Ferrothorn, M|88/100
|move|p2a: Rillaboom|Swords Dance|p2a: Rillaboom
|-boost|p2a: Rillaboom|atk|2
|
|-weather|RainDance|[upkeep]
|-heal|p2a: Rillaboom|85/100|[from] Grassy Terrain
|-heal|p1a: Ferrothorn|94/100|[from] item: Leftovers
|-heal|p1a: Ferrothorn|100/100|[from] Grassy Terrain
|upkeep
|turn|10
|
|move|p2a: Rillaboom|Knock Off|p1a: Ferrothorn
|-damage|p1a: Ferrothorn|37/100
|-damage|p2a: Rillaboom|72/100|[from] ability: Iron Barbs|[of] p1a: Ferrothorn
|-enditem|p1a: Ferrothorn|Leftovers|[from] move: Knock Off|[of] p2a: Rillaboom
|-damage|p2a: Rillaboom|63/100|[from] item: Life Orb
|move|p1a: Ferrothorn|Thunder Wave|p2a: Rillaboom
|-status|p2a: Rillaboom|par
|
|-weather|none
|-heal|p2a: Rillaboom|69/100 par|[from] Grassy Terrain
|-heal|p1a: Ferrothorn|44/100|[from] Grassy Terrain
|upkeep
|turn|11
|
|move|p2a: Rillaboom|U-turn|p1a: Ferrothorn
|-damage|p1a: Ferrothorn|0 fnt
|-damage|p2a: Rillaboom|56/100 par|[from] ability: Iron Barbs|[of] p1a: Ferrothorn
|-damage|p2a: Rillaboom|47/100 par|[from] item: Life Orb
|faint|p1a: Ferrothorn
|
|switch|p2a: Chansey|Chansey, F|100/100|[from]move: U-turn
|
|upkeep
|
|switch|p1a: Urshifu|Urshifu, M|100/100
|turn|12
|
|switch|p2a: Weezing|Weezing-Galar, M|100/100
|-ability|p2a: Weezing|Neutralizing Gas
|move|p1a: Urshifu|U-turn|p2a: Weezing
|-resisted|p2a: Weezing
|-damage|p2a: Weezing|94/100
|
|switch|p1a: Keldeo|Keldeo-Resolute|100/100|[from]move: U-turn
|
|-heal|p2a: Weezing|100/100|[from] item: Black Sludge
|upkeep
|turn|13
|j| VYREX
|
|move|p1a: Keldeo|Secret Sword|p2a: Weezing
|-resisted|p2a: Weezing
|-damage|p2a: Weezing|90/100
|move|p2a: Weezing|Sludge Bomb|p1a: Keldeo
|-damage|p1a: Keldeo|65/100
|
|-heal|p1a: Keldeo|71/100|[from] Grassy Terrain
|-heal|p2a: Weezing|96/100|[from] item: Black Sludge
|-heal|p2a: Weezing|100/100|[from] Grassy Terrain
|-fieldend|move: Grassy Terrain
|upkeep
|turn|14
|l|☆big boss 447
|inactive|big boss 447 disconnected and has a minute to reconnect!
|player|p1|
|j|☆big boss 447
|inactive|big boss 447 reconnected and has 145 seconds left.
|player|p1|big boss 447|n
|
|switch|p1a: Magearna|Magearna|100/100
|move|p2a: Weezing|Flamethrower|p1a: Magearna
|-supereffective|p1a: Magearna
|-damage|p1a: Magearna|66/100
|-status|p1a: Magearna|brn
|
|-damage|p1a: Magearna|60/100 brn|[from] brn
|upkeep
|turn|15
|l| VYREX
|
|move|p1a: Magearna|Volt Switch|p2a: Weezing
|-damage|p2a: Weezing|47/100
|
|switch|p1a: Keldeo|Keldeo-Resolute|71/100|[from]move: Volt Switch
|move|p2a: Weezing|Flamethrower|p1a: Keldeo
|-resisted|p1a: Keldeo
|-damage|p1a: Keldeo|60/100
|
|-heal|p2a: Weezing|53/100|[from] item: Black Sludge
|upkeep
|turn|16
|
|switch|p2a: Chansey|Chansey, F|100/100
|move|p1a: Keldeo|Secret Sword|p2a: Chansey
|-supereffective|p2a: Chansey
|-damage|p2a: Chansey|11/100
|
|upkeep
|turn|17
|
|switch|p1a: Magearna|Magearna|60/100 brn
|move|p2a: Chansey|Stealth Rock|p1a: Magearna
|-sidestart|p1: big boss 447|move: Stealth Rock
|
|-damage|p1a: Magearna|54/100 brn|[from] brn
|upkeep
|turn|18
|
|move|p1a: Magearna|Volt Switch|p2a: Chansey
|-damage|p2a: Chansey|0 fnt
|faint|p2a: Chansey
|-ability|p1a: Magearna|Soul-Heart|boost
|-boost|p1a: Magearna|spa|1
|
|switch|p1a: Barraskewda|Barraskewda, M|34/100|[from]move: Volt Switch
|-damage|p1a: Barraskewda|22/100|[from] Stealth Rock
|
|upkeep
|
|switch|p2a: Rillaboom|Rillaboom, F|47/100 par
|-fieldstart|move: Grassy Terrain|[from] ability: Grassy Surge|[of] p2a: Rillaboom
|turn|19
|
|move|p2a: Rillaboom|Grassy Glide|p1a: Barraskewda
|-supereffective|p1a: Barraskewda
|-damage|p1a: Barraskewda|0 fnt
|-damage|p2a: Rillaboom|37/100 par|[from] item: Life Orb
|faint|p1a: Barraskewda
|
|-heal|p2a: Rillaboom|43/100 par|[from] Grassy Terrain
|upkeep
|
|switch|p1a: Urshifu|Urshifu, M|100/100
|-damage|p1a: Urshifu|94/100|[from] Stealth Rock
|turn|20
|j| stfu itz a cartoon
|l| stfu itz a cartoon
|
|switch|p2a: Mandibuzz|Mandibuzz, F|100/100
|move|p1a: Urshifu|Close Combat|p2a: Mandibuzz
|-damage|p2a: Mandibuzz|39/100
|-unboost|p1a: Urshifu|def|1
|-unboost|p1a: Urshifu|spd|1
|
|-heal|p1a: Urshifu|100/100|[from] Grassy Terrain
|upkeep
|turn|21
|
|switch|p2a: Weezing|Weezing-Galar, M|53/100
|-ability|p2a: Weezing|Neutralizing Gas
|move|p1a: Urshifu|Close Combat|p2a: Weezing
|-resisted|p2a: Weezing
|-damage|p2a: Weezing|35/100
|-unboost|p1a: Urshifu|def|1
|-unboost|p1a: Urshifu|spd|1
|
|-heal|p2a: Weezing|41/100|[from] item: Black Sludge
|-heal|p2a: Weezing|47/100|[from] Grassy Terrain
|upkeep
|turn|22
|
|switch|p1a: Magearna|Magearna|54/100 brn
|-damage|p1a: Magearna|48/100 brn|[from] Stealth Rock
|move|p2a: Weezing|Flamethrower|p1a: Magearna
|-supereffective|p1a: Magearna
|-damage|p1a: Magearna|17/100 brn
|
|-heal|p1a: Magearna|23/100 brn|[from] Grassy Terrain
|-heal|p2a: Weezing|53/100|[from] item: Black Sludge
|-heal|p2a: Weezing|59/100|[from] Grassy Terrain
|-damage|p1a: Magearna|17/100 brn|[from] brn
|upkeep
|turn|23
|
|switch|p2a: Mandibuzz|Mandibuzz, F|39/100
|move|p1a: Magearna|Fleur Cannon|p2a: Mandibuzz
|-supereffective|p2a: Mandibuzz
|-crit|p2a: Mandibuzz
|-damage|p2a: Mandibuzz|0 fnt
|-unboost|p1a: Magearna|spa|2
|faint|p2a: Mandibuzz
|-ability|p1a: Magearna|Soul-Heart|boost
|-boost|p1a: Magearna|spa|1
|
|-heal|p1a: Magearna|23/100 brn|[from] Grassy Terrain
|-fieldend|move: Grassy Terrain
|-damage|p1a: Magearna|17/100 brn|[from] brn
|upkeep
|
|switch|p2a: Rillaboom|Rillaboom, F|43/100 par
|-fieldstart|move: Grassy Terrain|[from] ability: Grassy Surge|[of] p2a: Rillaboom
|turn|24
|
|move|p2a: Rillaboom|Grassy Glide|p1a: Magearna
|-resisted|p1a: Magearna
|-damage|p1a: Magearna|0 fnt
|-damage|p2a: Rillaboom|33/100 par|[from] item: Life Orb
|faint|p1a: Magearna
|
|-heal|p2a: Rillaboom|39/100 par|[from] Grassy Terrain
|upkeep
|
|switch|p1a: Urshifu|Urshifu, M|100/100
|-damage|p1a: Urshifu|94/100|[from] Stealth Rock
|turn|25
|
|switch|p2a: Weezing|Weezing-Galar, M|59/100
|-ability|p2a: Weezing|Neutralizing Gas
|move|p1a: Urshifu|Wicked Blow|p2a: Weezing
|-resisted|p2a: Weezing
|-crit|p2a: Weezing
|-damage|p2a: Weezing|26/100
|
|-heal|p1a: Urshifu|100/100|[from] Grassy Terrain
|-heal|p2a: Weezing|32/100|[from] item: Black Sludge
|-heal|p2a: Weezing|38/100|[from] Grassy Terrain
|upkeep
|turn|26
|j| Javvee
|
|switch|p1a: Keldeo|Keldeo-Resolute|60/100
|-damage|p1a: Keldeo|53/100|[from] Stealth Rock
|move|p2a: Weezing|Strange Steam|p1a: Keldeo
|-supereffective|p1a: Keldeo
|-damage|p1a: Keldeo|0 fnt
|faint|p1a: Keldeo
|
|-heal|p2a: Weezing|44/100|[from] item: Black Sludge
|-heal|p2a: Weezing|50/100|[from] Grassy Terrain
|upkeep
|
|switch|p1a: Urshifu|Urshifu, M|100/100
|-damage|p1a: Urshifu|94/100|[from] Stealth Rock
|turn|27
|
|move|p1a: Urshifu|Wicked Blow|p2a: Weezing
|-resisted|p2a: Weezing
|-crit|p2a: Weezing
|-damage|p2a: Weezing|16/100
|move|p2a: Weezing|Strange Steam|p1a: Urshifu
|-supereffective|p1a: Urshifu
|-damage|p1a: Urshifu|0 fnt
|faint|p1a: Urshifu
|
|win|D00MED Guy
|l| Javvee
|l|☆big boss 447
|l|☆D00MED Guy
|raw|big boss 447's rating: 1804 &rarr; <strong>1783</strong><br />(-21 for losing)
|raw|D00MED Guy's rating: 1781 &rarr; <strong>1803</strong><br />(+22 for winning)
