|raw|<div class="broadcast-blue"><strong>This battle is required to be public due to a player having a name starting with 'lt92pf'.</div>
|j|☆pokeda
|j|☆LT92PF casual
|t:|1659841616
|gametype|singles
|player|p1|pokeda|medium|1666
|player|p2|LT92PF casual|leon-masters|1814
|teamsize|p1|6
|teamsize|p2|6
|gen|8
|tier|[Gen 8] OU
|rated|
|rule|Sleep Clause Mod: Limit one foe put to sleep
|rule|Species Clause: Limit one of each Pokémon
|rule|OHKO Clause: OHKO moves are banned
|rule|Evasion Items Clause: Evasion items are banned
|rule|Evasion Moves Clause: Evasion moves are banned
|rule|Endless Battle Clause: Forcing endless battles is banned
|rule|HP Percentage Mod: HP is shown in percentages
|rule|Dynamax Clause: You cannot dynamax
|clearpoke
|poke|p1|Weavile, M|
|poke|p1|Slowking-Galar, F|
|poke|p1|Melmetal|
|poke|p1|Garchomp, F|
|poke|p1|Urshifu-*, F|
|poke|p1|Corviknight, M|
|poke|p2|Torkoal, F|
|poke|p2|Skarmory, M|
|poke|p2|Heatran, M|
|poke|p2|Weavile, M|
|poke|p2|Venusaur, F|
|poke|p2|Landorus-Therian, M|
|teampreview
|
|t:|1659841634
|start
|switch|p1a: Urshifu|Urshifu-Rapid-Strike, F|100/100
|switch|p2a: Weavile|Weavile, M|100/100
|-ability|p2a: Weavile|Pressure
|turn|1
|j| Tamagochi azulado
|
|t:|1659841664
|switch|p2a: Skarmory|Skarmory, M|100/100
|move|p1a: Urshifu|Surging Strikes|p2a: Skarmory
|-crit|p2a: Skarmory
|-damage|p2a: Skarmory|88/100
|-crit|p2a: Skarmory
|-damage|p2a: Skarmory|74/100
|-crit|p2a: Skarmory
|-damage|p2a: Skarmory|62/100
|-hitcount|p2a: Skarmory|3
|
|upkeep
|turn|2
|
|t:|1659841673
|move|p1a: Urshifu|Taunt|p2a: Skarmory
|-start|p2a: Skarmory|move: Taunt
|cant|p2a: Skarmory|move: Taunt|Roost
|
|upkeep
|turn|3
|j| LT92PF Sagordo
|inactive|Battle timer is ON: inactive players will automatically lose when time's up. (requested by pokeda)
|
|t:|1659841710
|switch|p2a: Torkoal|Torkoal, F|100/100
|-weather|SunnyDay|[from] ability: Drought|[of] p2a: Torkoal
|move|p1a: Urshifu|Surging Strikes|p2a: Torkoal
|-supereffective|p2a: Torkoal
|-crit|p2a: Torkoal
|-damage|p2a: Torkoal|88/100
|-supereffective|p2a: Torkoal
|-crit|p2a: Torkoal
|-damage|p2a: Torkoal|76/100
|-supereffective|p2a: Torkoal
|-crit|p2a: Torkoal
|-damage|p2a: Torkoal|63/100
|-hitcount|p2a: Torkoal|3
|
|-weather|SunnyDay|[upkeep]
|upkeep
|turn|4
|
|t:|1659841732
|switch|p2a: Venusaur|Venusaur, F|100/100
|move|p1a: Urshifu|U-turn|p2a: Venusaur
|-damage|p2a: Venusaur|66/100
|
|t:|1659841740
|switch|p1a: Slowking|Slowking-Galar, F|100/100|[from]move: U-turn
|
|-weather|SunnyDay|[upkeep]
|upkeep
|turn|5
|
|t:|1659841749
|switch|p2a: Heatran|Heatran, M|100/100
|switch|p1a: Garchomp|Garchomp, F|100/100
|
|-weather|SunnyDay|[upkeep]
|upkeep
|turn|6
|l| Tamagochi azulado
|
|t:|1659841760
|switch|p2a: Landorus|Landorus-Therian, M|100/100
|-ability|p2a: Landorus|Intimidate|boost
|-unboost|p1a: Garchomp|atk|1
|move|p1a: Garchomp|Stealth Rock|p2a: Landorus
|-sidestart|p2: LT92PF casual|move: Stealth Rock
|
|-weather|SunnyDay|[upkeep]
|upkeep
|turn|7
|
|t:|1659841764
|move|p1a: Garchomp|Toxic|p2a: Landorus
|-status|p2a: Landorus|tox
|move|p2a: Landorus|Stealth Rock|p1a: Garchomp
|-sidestart|p1: pokeda|move: Stealth Rock
|
|-weather|SunnyDay|[upkeep]
|-damage|p2a: Landorus|94/100 tox|[from] psn
|upkeep
|turn|8
|
|t:|1659841773
|switch|p2a: Skarmory|Skarmory, M|62/100
|-damage|p2a: Skarmory|49/100|[from] Stealth Rock
|move|p1a: Garchomp|Protect||[still]
|-fail|p1a: Garchomp
|
|-weather|SunnyDay|[upkeep]
|upkeep
|turn|9
|
|t:|1659841780
|switch|p1a: Slowking|Slowking-Galar, F|100/100
|-damage|p1a: Slowking|88/100|[from] Stealth Rock
|move|p2a: Skarmory|Roost|p2a: Skarmory
|-heal|p2a: Skarmory|99/100
|-singleturn|p2a: Skarmory|move: Roost
|
|-weather|SunnyDay|[upkeep]
|upkeep
|turn|10
|
|t:|1659841789
|switch|p2a: Heatran|Heatran, M|100/100
|-damage|p2a: Heatran|88/100|[from] Stealth Rock
|move|p1a: Slowking|Future Sight|p2a: Heatran
|-start|p1a: Slowking|move: Future Sight
|
|-weather|none
|upkeep
|turn|11
|
|t:|1659841794
|switch|p1a: Garchomp|Garchomp, F|100/100
|-damage|p1a: Garchomp|94/100|[from] Stealth Rock
|move|p2a: Heatran|Eruption|p1a: Garchomp
|-resisted|p1a: Garchomp
|-damage|p1a: Garchomp|57/100
|
|-heal|p1a: Garchomp|63/100|[from] item: Leftovers
|upkeep
|turn|12
|
|t:|1659841799
|switch|p2a: Skarmory|Skarmory, M|99/100
|-damage|p2a: Skarmory|87/100|[from] Stealth Rock
|move|p1a: Garchomp|Earthquake|p2a: Skarmory
|-immune|p2a: Skarmory
|
|-end|p2a: Skarmory|move: Future Sight
|-resisted|p2a: Skarmory
|-damage|p2a: Skarmory|49/100
|-heal|p1a: Garchomp|69/100|[from] item: Leftovers
|upkeep
|turn|13
|
|t:|1659841813
|switch|p1a: Slowking|Slowking-Galar, F|100/100
|-damage|p1a: Slowking|88/100|[from] Stealth Rock
|move|p2a: Skarmory|Roost|p2a: Skarmory
|-heal|p2a: Skarmory|99/100
|-singleturn|p2a: Skarmory|move: Roost
|
|upkeep
|turn|14
|
|t:|1659841820
|switch|p2a: Weavile|Weavile, M|100/100
|-ability|p2a: Weavile|Pressure
|move|p1a: Slowking|Flamethrower|p2a: Weavile
|-supereffective|p2a: Weavile
|-damage|p2a: Weavile|12/100
|
|upkeep
|turn|15
|
|t:|1659841833
|switch|p1a: Corviknight|Corviknight, M|100/100
|-damage|p1a: Corviknight|88/100|[from] Stealth Rock
|-ability|p1a: Corviknight|Pressure
|move|p2a: Weavile|Knock Off|p1a: Corviknight
|-damage|p1a: Corviknight|57/100
|-damage|p2a: Weavile|0 fnt|[from] item: Rocky Helmet|[of] p1a: Corviknight
|faint|p2a: Weavile
|
|upkeep
|
|t:|1659841837
|switch|p2a: Heatran|Heatran, M|88/100
|-damage|p2a: Heatran|76/100|[from] Stealth Rock
|turn|16
|
|t:|1659841841
|switch|p1a: Garchomp|Garchomp, F|69/100
|-damage|p1a: Garchomp|63/100|[from] Stealth Rock
|move|p2a: Heatran|Eruption|p1a: Garchomp
|-resisted|p1a: Garchomp
|-damage|p1a: Garchomp|32/100
|
|-heal|p1a: Garchomp|39/100|[from] item: Leftovers
|upkeep
|turn|17
|
|t:|1659841848
|switch|p2a: Skarmory|Skarmory, M|99/100
|-damage|p2a: Skarmory|87/100|[from] Stealth Rock
|move|p1a: Garchomp|Protect||[still]
|-fail|p1a: Garchomp
|
|-heal|p1a: Garchomp|45/100|[from] item: Leftovers
|upkeep
|turn|18
|
|t:|1659841852
|move|p1a: Garchomp|Protect|p1a: Garchomp
|-singleturn|p1a: Garchomp|Protect
|move|p2a: Skarmory|Spikes|p1a: Garchomp
|-sidestart|p1: pokeda|Spikes
|
|-heal|p1a: Garchomp|51/100|[from] item: Leftovers
|upkeep
|turn|19
|inactive|LT92PF casual has 120 seconds left.
|
|t:|1659841894
|switch|p2a: Heatran|Heatran, M|76/100
|-damage|p2a: Heatran|63/100|[from] Stealth Rock
|move|p1a: Garchomp|Earthquake|p2a: Heatran
|-supereffective|p2a: Heatran
|-damage|p2a: Heatran|0 fnt
|faint|p2a: Heatran
|
|-heal|p1a: Garchomp|57/100|[from] item: Leftovers
|upkeep
|inactive|LT92PF casual has 90 seconds left.
|
|t:|1659841922
|switch|p2a: Torkoal|Torkoal, F|63/100
|-damage|p2a: Torkoal|38/100|[from] Stealth Rock
|-weather|SunnyDay|[from] ability: Drought|[of] p2a: Torkoal
|turn|20
|
|t:|1659841927
|switch|p2a: Landorus|Landorus-Therian, M|94/100 tox
|-damage|p2a: Landorus|82/100 tox|[from] Stealth Rock
|-ability|p2a: Landorus|Intimidate|boost
|-unboost|p1a: Garchomp|atk|1
|move|p1a: Garchomp|Earthquake|p2a: Landorus
|-immune|p2a: Landorus
|
|-weather|SunnyDay|[upkeep]
|-heal|p1a: Garchomp|63/100|[from] item: Leftovers
|-heal|p2a: Landorus|88/100 tox|[from] item: Leftovers
|-damage|p2a: Landorus|82/100 tox|[from] psn
|upkeep
|turn|21
|
|t:|1659841930
|move|p1a: Garchomp|Protect|p1a: Garchomp
|-singleturn|p1a: Garchomp|Protect
|move|p2a: Landorus|U-turn|p1a: Garchomp
|-activate|p1a: Garchomp|move: Protect
|
|-weather|SunnyDay|[upkeep]
|-heal|p1a: Garchomp|70/100|[from] item: Leftovers
|-heal|p2a: Landorus|88/100 tox|[from] item: Leftovers
|-damage|p2a: Landorus|76/100 tox|[from] psn
|upkeep
|turn|22
|
|t:|1659841940
|switch|p1a: Corviknight|Corviknight, M|57/100
|-damage|p1a: Corviknight|45/100|[from] Stealth Rock
|-ability|p1a: Corviknight|Pressure
|move|p2a: Landorus|U-turn|p1a: Corviknight
|-resisted|p1a: Corviknight
|-damage|p1a: Corviknight|42/100
|-damage|p2a: Landorus|60/100 tox|[from] item: Rocky Helmet|[of] p1a: Corviknight
|
|t:|1659841944
|switch|p2a: Venusaur|Venusaur, F|66/100|[from]move: U-turn
|-damage|p2a: Venusaur|54/100|[from] Stealth Rock
|
|-weather|SunnyDay|[upkeep]
|upkeep
|turn|23
|
|t:|1659841948
|move|p2a: Venusaur|Weather Ball|p1a: Corviknight
|-supereffective|p1a: Corviknight
|-damage|p1a: Corviknight|0 fnt
|faint|p1a: Corviknight
|-damage|p2a: Venusaur|44/100|[from] item: Life Orb
|
|-weather|SunnyDay|[upkeep]
|upkeep
|
|t:|1659841953
|switch|p1a: Slowking|Slowking-Galar, F|100/100
|-damage|p1a: Slowking|88/100|[from] Stealth Rock
|-damage|p1a: Slowking|76/100|[from] Spikes
|turn|24
|
|t:|1659841962
|switch|p2a: Landorus|Landorus-Therian, M|60/100 tox
|-damage|p2a: Landorus|47/100 tox|[from] Stealth Rock
|-ability|p2a: Landorus|Intimidate|boost
|-unboost|p1a: Slowking|atk|1
|move|p1a: Slowking|Future Sight|p2a: Landorus
|-start|p1a: Slowking|move: Future Sight
|
|-weather|SunnyDay|[upkeep]
|-heal|p2a: Landorus|53/100 tox|[from] item: Leftovers
|-damage|p2a: Landorus|47/100 tox|[from] psn
|upkeep
|turn|25
|
|t:|1659841966
|switch|p1a: Urshifu|Urshifu-Rapid-Strike, F|100/100
|-damage|p1a: Urshifu|94/100|[from] Stealth Rock
|-damage|p1a: Urshifu|82/100|[from] Spikes
|move|p2a: Landorus|Earthquake|p1a: Urshifu
|-damage|p1a: Urshifu|30/100
|
|-weather|SunnyDay|[upkeep]
|-heal|p2a: Landorus|53/100 tox|[from] item: Leftovers
|-damage|p2a: Landorus|41/100 tox|[from] psn
|upkeep
|turn|26
|
|t:|1659841970
|move|p1a: Urshifu|Surging Strikes|p2a: Landorus
|-supereffective|p2a: Landorus
|-crit|p2a: Landorus
|-damage|p2a: Landorus|24/100 tox
|-supereffective|p2a: Landorus
|-crit|p2a: Landorus
|-damage|p2a: Landorus|3/100 tox
|-supereffective|p2a: Landorus
|-crit|p2a: Landorus
|-damage|p2a: Landorus|0 fnt
|faint|p2a: Landorus
|-hitcount|p2: Landorus|3
|
|-weather|SunnyDay|[upkeep]
|-hint|Future Sight did not hit because the target is fainted.
|upkeep
|
|t:|1659841973
|switch|p2a: Skarmory|Skarmory, M|87/100
|-damage|p2a: Skarmory|75/100|[from] Stealth Rock
|turn|27
|
|t:|1659841979
|switch|p1a: Slowking|Slowking-Galar, F|100/100
|-damage|p1a: Slowking|88/100|[from] Stealth Rock
|-damage|p1a: Slowking|76/100|[from] Spikes
|move|p2a: Skarmory|Body Press|p1a: Slowking
|-resisted|p1a: Slowking
|-damage|p1a: Slowking|68/100
|
|-weather|none
|upkeep
|turn|28
|
|t:|1659841982
|move|p2a: Skarmory|Roost|p2a: Skarmory
|-heal|p2a: Skarmory|100/100
|-singleturn|p2a: Skarmory|move: Roost
|move|p1a: Slowking|Flamethrower|p2a: Skarmory
|-supereffective|p2a: Skarmory
|-damage|p2a: Skarmory|21/100
|
|upkeep
|turn|29
|-message|LT92PF casual forfeited.
|
|win|pokeda
|raw|pokeda's rating: 1666 &rarr; <strong>1695</strong><br />(+29 for winning)
|raw|LT92PF casual's rating: 1843 &rarr; <strong>1814</strong><br />(-29 for losing)
|l|☆LT92PF casual
||Ladder isn't responding, score probably updated but might not have (Request timeout).
