|j|☆TheonReekGreyjoy
|j|☆will-i-am2
|t:|1663363801
|gametype|singles
|player|p1|TheonReekGreyjoy|2|1772
|player|p2|will-i-am2|101|1772
|teamsize|p1|6
|teamsize|p2|6
|gen|8
|tier|[Gen 8] OU
|rated|
|rule|Sleep Clause Mod: Limit one foe put to sleep
|rule|Species Clause: Limit one of each Pokémon
|rule|OHKO Clause: OHKO moves are banned
|rule|Evasion Items Clause: Evasion items are banned
|rule|Evasion Moves Clause: Evasion moves are banned
|rule|Endless Battle Clause: Forcing endless battles is banned
|rule|HP Percentage Mod: HP is shown in percentages
|rule|Dynamax Clause: You cannot dynamax
|clearpoke
|poke|p1|Arctozolt|
|poke|p1|Tornadus-Therian, M|
|poke|p1|Heatran, F|
|poke|p1|Landorus-Therian, M|
|poke|p1|Hatterene, F|
|poke|p1|Vanilluxe, M|
|poke|p2|Registeel|
|poke|p2|Hydreigon, M|
|poke|p2|Slowbro, F|
|poke|p2|Mandibuzz, F|
|poke|p2|Mamoswine, F|
|poke|p2|Crawdaunt, F|
|teampreview
|inactive|Battle timer is ON: inactive players will automatically lose when time's up. (requested by TheonReekGreyjoy)
|
|t:|1663363810
|start
|switch|p1a: Hatterene|Hatterene, F|100/100
|switch|p2a: Mamoswine|Mamoswine, F|100/100
|turn|1
|
|t:|1663363816
|move|p2a: Mamoswine|Earthquake|p1a: Hatterene
|-damage|p1a: Hatterene|37/100
|move|p1a: Hatterene|Draining Kiss|p2a: Mamoswine
|-damage|p2a: Mamoswine|70/100
|-heal|p1a: Hatterene|63/100|[from] drain|[of] p2a: Mamoswine
|
|-heal|p1a: Hatterene|69/100|[from] item: Leftovers
|upkeep
|turn|2
|
|t:|1663363825
|switch|p2a: Slowbro|Slowbro, F|100/100
|switch|p1a: Landorus|Landorus-Therian, M|100/100
|-ability|p1a: Landorus|Intimidate|boost
|-unboost|p2a: Slowbro|atk|1
|
|upkeep
|turn|3
|
|t:|1663363829
|move|p1a: Landorus|U-turn|p2a: Slowbro
|-supereffective|p2a: Slowbro
|-damage|p2a: Slowbro|66/100
|j| PCCWVictorMa
|
|t:|1663363831
|switch|p1a: Tornadus|Tornadus-Therian, M|100/100|[from]move: U-turn
|move|p2a: Slowbro|Scald|p1a: Tornadus
|-damage|p1a: Tornadus|73/100
|-status|p1a: Tornadus|brn
|
|-heal|p2a: Slowbro|72/100|[from] item: Leftovers
|-damage|p1a: Tornadus|67/100 brn|[from] brn
|upkeep
|turn|4
|j| dfghdhfdhsdfa
|
|t:|1663363839
|move|p1a: Tornadus|Knock Off|p2a: Slowbro
|-supereffective|p2a: Slowbro
|-damage|p2a: Slowbro|55/100
|-enditem|p2a: Slowbro|Leftovers|[from] move: Knock Off|[of] p1a: Tornadus
|move|p2a: Slowbro|Scald|p1a: Tornadus
|-damage|p1a: Tornadus|42/100 brn
|
|-damage|p1a: Tornadus|36/100 brn|[from] brn
|upkeep
|turn|5
|
|t:|1663363847
|move|p1a: Tornadus|U-turn|p2a: Slowbro
|-supereffective|p2a: Slowbro
|-damage|p2a: Slowbro|43/100
|
|t:|1663363850
|switch|p1a: Vanilluxe|Vanilluxe, M|100/100|[from]move: U-turn
|-weather|Hail|[from] ability: Snow Warning|[of] p1a: Vanilluxe
|move|p2a: Slowbro|Scald|p1a: Vanilluxe
|-damage|p1a: Vanilluxe|58/100
|
|-weather|Hail|[upkeep]
|-damage|p2a: Slowbro|37/100|[from] Hail
|upkeep
|turn|6
|
|t:|1663363860
|switch|p1a: Heatran|Heatran, F|100/100
|switch|p2a: Registeel|Registeel|100/100
|
|-weather|Hail|[upkeep]
|-damage|p1a: Heatran|94/100|[from] Hail
|-damage|p2a: Registeel|94/100|[from] Hail
|-heal|p1a: Heatran|100/100|[from] item: Leftovers
|-heal|p2a: Registeel|100/100|[from] item: Leftovers
|upkeep
|turn|7
|
|t:|1663363869
|switch|p2a: Hydreigon|Hydreigon, M|100/100
|move|p1a: Heatran|Stealth Rock|p2a: Hydreigon
|-sidestart|p2: will-i-am2|move: Stealth Rock
|
|-weather|Hail|[upkeep]
|-damage|p2a: Hydreigon|94/100|[from] Hail
|-damage|p1a: Heatran|94/100|[from] Hail
|-heal|p1a: Heatran|100/100|[from] item: Leftovers
|upkeep
|turn|8
|
|t:|1663363873
|switch|p1a: Tornadus|Tornadus-Therian, M|69/100 brn
|move|p2a: Hydreigon|Nasty Plot|p2a: Hydreigon
|-boost|p2a: Hydreigon|spa|2
|
|-weather|Hail|[upkeep]
|-damage|p1a: Tornadus|63/100 brn|[from] Hail
|-damage|p2a: Hydreigon|88/100|[from] Hail
|-damage|p1a: Tornadus|57/100 brn|[from] brn
|upkeep
|turn|9
|
|t:|1663363890
|move|p1a: Tornadus|Hurricane|p2a: Hydreigon|[miss]
|-miss|p1a: Tornadus|p2a: Hydreigon
|move|p2a: Hydreigon|Dark Pulse|p1a: Tornadus
|-damage|p1a: Tornadus|0 fnt
|faint|p1a: Tornadus
|
|-weather|none
|upkeep
|
|t:|1663363894
|switch|p1a: Vanilluxe|Vanilluxe, M|58/100
|-weather|Hail|[from] ability: Snow Warning|[of] p1a: Vanilluxe
|turn|10
|
|t:|1663363904
|switch|p2a: Registeel|Registeel|100/100
|-damage|p2a: Registeel|94/100|[from] Stealth Rock
|switch|p1a: Hatterene|Hatterene, F|69/100
|
|-weather|Hail|[upkeep]
|-damage|p2a: Registeel|88/100|[from] Hail
|-damage|p1a: Hatterene|63/100|[from] Hail
|-heal|p2a: Registeel|94/100|[from] item: Leftovers
|-heal|p1a: Hatterene|69/100|[from] item: Leftovers
|upkeep
|turn|11
|
|t:|1663363910
|move|p2a: Registeel|Iron Head|p1a: Hatterene
|-supereffective|p1a: Hatterene
|-damage|p1a: Hatterene|37/100
|move|p1a: Hatterene|Calm Mind|p1a: Hatterene
|-boost|p1a: Hatterene|spa|1
|-boost|p1a: Hatterene|spd|1
|
|-weather|Hail|[upkeep]
|-damage|p2a: Registeel|88/100|[from] Hail
|-damage|p1a: Hatterene|31/100|[from] Hail
|-heal|p2a: Registeel|94/100|[from] item: Leftovers
|-heal|p1a: Hatterene|37/100|[from] item: Leftovers
|upkeep
|turn|12
|
|t:|1663363915
|switch|p1a: Heatran|Heatran, F|100/100
|move|p2a: Registeel|Iron Head|p1a: Heatran
|-resisted|p1a: Heatran
|-damage|p1a: Heatran|97/100
|
|-weather|Hail|[upkeep]
|-damage|p1a: Heatran|90/100|[from] Hail
|-damage|p2a: Registeel|88/100|[from] Hail
|-heal|p1a: Heatran|97/100|[from] item: Leftovers
|-heal|p2a: Registeel|94/100|[from] item: Leftovers
|upkeep
|turn|13
|
|t:|1663363922
|switch|p2a: Hydreigon|Hydreigon, M|88/100
|-damage|p2a: Hydreigon|76/100|[from] Stealth Rock
|move|p1a: Heatran|Lava Plume|p2a: Hydreigon
|-resisted|p2a: Hydreigon
|-crit|p2a: Hydreigon
|-damage|p2a: Hydreigon|45/100
|
|-weather|Hail|[upkeep]
|-damage|p2a: Hydreigon|39/100|[from] Hail
|-damage|p1a: Heatran|90/100|[from] Hail
|-heal|p1a: Heatran|97/100|[from] item: Leftovers
|upkeep
|turn|14
|j| fork gaming
|
|t:|1663363936
|switch|p1a: Landorus|Landorus-Therian, M|100/100
|-ability|p1a: Landorus|Intimidate|boost
|-unboost|p2a: Hydreigon|atk|1
|move|p2a: Hydreigon|Dark Pulse|p1a: Landorus
|-damage|p1a: Landorus|69/100
|
|-weather|none
|-heal|p1a: Landorus|75/100|[from] item: Leftovers
|upkeep
|turn|15
|j| BrothaOptions
|
|t:|1663363946
|switch|p2a: Mandibuzz|Mandibuzz, F|100/100
|-damage|p2a: Mandibuzz|76/100|[from] Stealth Rock
|move|p1a: Landorus|U-turn|p2a: Mandibuzz
|-damage|p2a: Mandibuzz|63/100
|-damage|p1a: Landorus|59/100|[from] item: Rocky Helmet|[of] p2a: Mandibuzz
|l| PCCWVictorMa
|
|t:|1663363952
|switch|p1a: Vanilluxe|Vanilluxe, M|58/100|[from]move: U-turn
|-weather|Hail|[from] ability: Snow Warning|[of] p1a: Vanilluxe
|
|-weather|Hail|[upkeep]
|upkeep
|turn|16
|
|t:|1663363957
|switch|p2a: Registeel|Registeel|94/100
|-damage|p2a: Registeel|88/100|[from] Stealth Rock
|move|p1a: Vanilluxe|Blizzard|p2a: Registeel
|-resisted|p2a: Registeel
|-damage|p2a: Registeel|70/100
|
|-weather|Hail|[upkeep]
|-damage|p2a: Registeel|64/100|[from] Hail
|-heal|p2a: Registeel|70/100|[from] item: Leftovers
|upkeep
|turn|17
|
|t:|1663363965
|switch|p1a: Hatterene|Hatterene, F|37/100
|move|p2a: Registeel|Stealth Rock|p1a: Hatterene
|move|p1a: Hatterene|Stealth Rock||[from]ability: Magic Bounce|[still]
|-fail|p1a: Hatterene
|
|-weather|Hail|[upkeep]
|-damage|p2a: Registeel|64/100|[from] Hail
|-damage|p1a: Hatterene|31/100|[from] Hail
|-heal|p2a: Registeel|70/100|[from] item: Leftovers
|-heal|p1a: Hatterene|37/100|[from] item: Leftovers
|upkeep
|turn|18
|j| PCCWVictorMa
|
|t:|1663363970
|switch|p1a: Heatran|Heatran, F|97/100
|move|p2a: Registeel|Stealth Rock|p1a: Heatran
|-sidestart|p1: TheonReekGreyjoy|move: Stealth Rock
|
|-weather|Hail|[upkeep]
|-damage|p1a: Heatran|90/100|[from] Hail
|-damage|p2a: Registeel|64/100|[from] Hail
|-heal|p1a: Heatran|97/100|[from] item: Leftovers
|-heal|p2a: Registeel|70/100|[from] item: Leftovers
|upkeep
|turn|19
|
|t:|1663363979
|switch|p2a: Crawdaunt|Crawdaunt, F|100/100
|-damage|p2a: Crawdaunt|88/100|[from] Stealth Rock
|move|p1a: Heatran|Lava Plume|p2a: Crawdaunt
|-resisted|p2a: Crawdaunt
|-damage|p2a: Crawdaunt|56/100
|-status|p2a: Crawdaunt|brn
|
|-weather|none
|-heal|p1a: Heatran|100/100|[from] item: Leftovers
|-damage|p2a: Crawdaunt|50/100 brn|[from] brn
|upkeep
|turn|20
|
|t:|1663363990
|move|p1a: Heatran|Protect|p1a: Heatran
|-singleturn|p1a: Heatran|Protect
|move|p2a: Crawdaunt|Knock Off|p1a: Heatran
|-activate|p1a: Heatran|move: Protect
|
|-damage|p2a: Crawdaunt|44/100 brn|[from] brn
|upkeep
|turn|21
|
|t:|1663364003
|move|p1a: Heatran|Lava Plume|p2a: Crawdaunt
|-resisted|p2a: Crawdaunt
|-damage|p2a: Crawdaunt|14/100 brn
|move|p2a: Crawdaunt|Knock Off|p1a: Heatran
|-crit|p1a: Heatran
|-damage|p1a: Heatran|44/100
|-enditem|p1a: Heatran|Leftovers|[from] move: Knock Off|[of] p2a: Crawdaunt
|
|-damage|p2a: Crawdaunt|8/100 brn|[from] brn
|upkeep
|turn|22
|
|t:|1663364010
|move|p1a: Heatran|Lava Plume|p2a: Crawdaunt
|-resisted|p2a: Crawdaunt
|-damage|p2a: Crawdaunt|0 fnt
|faint|p2a: Crawdaunt
|
|upkeep
|
|t:|1663364012
|switch|p2a: Slowbro|Slowbro, F|70/100
|-damage|p2a: Slowbro|58/100|[from] Stealth Rock
|turn|23
|
|t:|1663364018
|switch|p1a: Hatterene|Hatterene, F|37/100
|-damage|p1a: Hatterene|24/100|[from] Stealth Rock
|move|p2a: Slowbro|Scald|p1a: Hatterene
|-damage|p1a: Hatterene|0 fnt
|faint|p1a: Hatterene
|
|upkeep
|
|t:|1663364022
|switch|p1a: Arctozolt|Arctozolt|100/100
|turn|24
|
|t:|1663364028
|switch|p2a: Mandibuzz|Mandibuzz, F|63/100
|-damage|p2a: Mandibuzz|38/100|[from] Stealth Rock
|move|p1a: Arctozolt|Low Kick|p2a: Mandibuzz
|-damage|p2a: Mandibuzz|29/100
|-damage|p1a: Arctozolt|84/100|[from] item: Rocky Helmet|[of] p2a: Mandibuzz
|
|upkeep
|turn|25
|
|t:|1663364035
|move|p1a: Arctozolt|Freeze-Dry|p2a: Mandibuzz
|-supereffective|p2a: Mandibuzz
|-damage|p2a: Mandibuzz|0 fnt
|faint|p2a: Mandibuzz
|
|upkeep
|
|t:|1663364037
|switch|p2a: Hydreigon|Hydreigon, M|39/100
|-damage|p2a: Hydreigon|27/100|[from] Stealth Rock
|turn|26
|
|t:|1663364042
|move|p2a: Hydreigon|Dark Pulse|p1a: Arctozolt
|-damage|p1a: Arctozolt|19/100
|move|p1a: Arctozolt|Freeze-Dry|p2a: Hydreigon
|-supereffective|p2a: Hydreigon
|-damage|p2a: Hydreigon|0 fnt
|faint|p2a: Hydreigon
|
|upkeep
|
|t:|1663364048
|switch|p2a: Mamoswine|Mamoswine, F|70/100
|-damage|p2a: Mamoswine|58/100|[from] Stealth Rock
|turn|27
|
|t:|1663364056
|switch|p1a: Heatran|Heatran, F|44/100
|-damage|p1a: Heatran|31/100|[from] Stealth Rock
|move|p2a: Mamoswine|Knock Off|p1a: Heatran
|-damage|p1a: Heatran|5/100
|
|upkeep
|turn|28
|
|t:|1663364062
|move|p2a: Mamoswine|Knock Off|p1a: Heatran
|-damage|p1a: Heatran|0 fnt
|faint|p1a: Heatran
|
|upkeep
|
|t:|1663364065
|switch|p1a: Landorus|Landorus-Therian, M|59/100
|-damage|p1a: Landorus|46/100|[from] Stealth Rock
|-ability|p1a: Landorus|Intimidate|boost
|-unboost|p2a: Mamoswine|atk|1
|turn|29
|
|t:|1663364071
|move|p2a: Mamoswine|Knock Off|p1a: Landorus
|-damage|p1a: Landorus|15/100
|-enditem|p1a: Landorus|Leftovers|[from] move: Knock Off|[of] p2a: Mamoswine
|move|p1a: Landorus|Defog|p2a: Mamoswine
|-unboost|p2a: Mamoswine|evasion|1
|-sideend|p2: will-i-am2|Stealth Rock|[from] move: Defog|[of] p1a: Landorus
|-sideend|p1: TheonReekGreyjoy|Stealth Rock|[from] move: Defog|[of] p1a: Landorus
|
|upkeep
|turn|30
|
|t:|1663364079
|move|p2a: Mamoswine|Knock Off|p1a: Landorus
|-damage|p1a: Landorus|0 fnt
|faint|p1a: Landorus
|
|upkeep
|
|t:|1663364081
|switch|p1a: Vanilluxe|Vanilluxe, M|58/100
|-weather|Hail|[from] ability: Snow Warning|[of] p1a: Vanilluxe
|turn|31
|j| prefirodizer
|
|t:|1663364087
|switch|p2a: Registeel|Registeel|70/100
|switch|p1a: Arctozolt|Arctozolt|19/100
|
|-weather|Hail|[upkeep]
|-damage|p2a: Registeel|64/100|[from] Hail
|-heal|p2a: Registeel|70/100|[from] item: Leftovers
|upkeep
|turn|32
|
|t:|1663364093
|move|p1a: Arctozolt|Bolt Beak|p2a: Registeel
|-damage|p2a: Registeel|30/100
|move|p2a: Registeel|Seismic Toss|p1a: Arctozolt
|-damage|p1a: Arctozolt|0 fnt
|faint|p1a: Arctozolt
|
|-weather|Hail|[upkeep]
|-damage|p2a: Registeel|24/100|[from] Hail
|-heal|p2a: Registeel|30/100|[from] item: Leftovers
|upkeep
|
|t:|1663364097
|switch|p1a: Vanilluxe|Vanilluxe, M|58/100
|turn|33
|
|t:|1663364101
|move|p1a: Vanilluxe|Blizzard|p2a: Registeel
|-resisted|p2a: Registeel
|-damage|p2a: Registeel|13/100
|move|p2a: Registeel|Iron Head|p1a: Vanilluxe
|-supereffective|p1a: Vanilluxe
|-damage|p1a: Vanilluxe|0 fnt
|faint|p1a: Vanilluxe
|
|win|will-i-am2
|raw|TheonReekGreyjoy's rating: 1772 &rarr; <strong>1752</strong><br />(-20 for losing)
|raw|will-i-am2's rating: 1772 &rarr; <strong>1792</strong><br />(+20 for winning)
|l|☆TheonReekGreyjoy
