|raw|<div class="broadcast-blue"><strong>This battle is required to be public due to a player having a name starting with 'lt91bb'.</div>
|j|☆ripreckful
|j|☆LT91BB qtipsa
|t:|1659590642
|gametype|singles
|player|p1|ripreckful|hilbert|1967
|player|p2|LT91BB qtipsa|marnie|1813
|teamsize|p1|6
|teamsize|p2|6
|gen|8
|tier|[Gen 8] OU
|rated|
|rule|Sleep Clause Mod: Limit one foe put to sleep
|rule|Species Clause: Limit one of each Pokémon
|rule|OHKO Clause: OHKO moves are banned
|rule|Evasion Items Clause: Evasion items are banned
|rule|Evasion Moves Clause: Evasion moves are banned
|rule|Endless Battle Clause: Forcing endless battles is banned
|rule|HP Percentage Mod: HP is shown in percentages
|rule|Dynamax Clause: You cannot dynamax
|clearpoke
|poke|p1|Ferrothorn, F|
|poke|p1|Rotom-Wash|
|poke|p1|Tyranitar, M|
|poke|p1|Excadrill, M|
|poke|p1|Clefable, M|
|poke|p1|Dragapult, M|
|poke|p2|Rillaboom, M|
|poke|p2|Crawdaunt, M|
|poke|p2|Dragonite, F|
|poke|p2|Heatran, F|
|poke|p2|Nidoking, M|
|poke|p2|Weavile, M|
|teampreview
|inactive|Battle timer is ON: inactive players will automatically lose when time's up. (requested by ripreckful)
|j| Fifigugugh
|c|☆ripreckful|hf
|inactive|ripreckful has 120 seconds left.
|c|☆LT91BB qtipsa|hf
|
|t:|1659590679
|start
|switch|p1a: Dragapult|Dragapult, M|100/100
|switch|p2a: Heatran|Heatran, F|100/100
|-item|p2a: Heatran|Air Balloon
|turn|1
|
|t:|1659590682
|move|p1a: Dragapult|Shadow Ball|p2a: Heatran
|-damage|p2a: Heatran|45/100
|-enditem|p2a: Heatran|Air Balloon
|move|p2a: Heatran|Stealth Rock|p1a: Dragapult
|-sidestart|p1: ripreckful|move: Stealth Rock
|
|upkeep
|turn|2
|
|t:|1659590687
|switch|p2a: Weavile|Weavile, M|100/100
|-ability|p2a: Weavile|Pressure
|move|p1a: Dragapult|Shadow Ball|p2a: Weavile
|-resisted|p2a: Weavile
|-damage|p2a: Weavile|60/100
|
|upkeep
|turn|3
|
|t:|1659590695
|switch|p1a: Ferrothorn|Ferrothorn, F|100/100
|-damage|p1a: Ferrothorn|94/100|[from] Stealth Rock
|move|p2a: Weavile|Knock Off|p1a: Ferrothorn
|-damage|p1a: Ferrothorn|66/100
|-damage|p2a: Weavile|48/100|[from] ability: Iron Barbs|[of] p1a: Ferrothorn
|-enditem|p1a: Ferrothorn|Leftovers|[from] move: Knock Off|[of] p2a: Weavile
|
|upkeep
|turn|4
|
|t:|1659590705
|switch|p2a: Heatran|Heatran, F|45/100
|move|p1a: Ferrothorn|Body Press|p2a: Heatran
|-supereffective|p2a: Heatran
|-damage|p2a: Heatran|0 fnt
|faint|p2a: Heatran
|
|upkeep
|inactive|LT91BB qtipsa has 120 seconds left.
|
|t:|1659590737
|switch|p2a: Rillaboom|Rillaboom, M|100/100
|-fieldstart|move: Grassy Terrain|[from] ability: Grassy Surge|[of] p2a: Rillaboom
|turn|5
|inactive|LT91BB qtipsa has 120 seconds left.
|
|t:|1659590764
|move|p2a: Rillaboom|Superpower|p1a: Ferrothorn
|-supereffective|p1a: Ferrothorn
|-damage|p1a: Ferrothorn|0 fnt
|-unboost|p2a: Rillaboom|atk|1
|-unboost|p2a: Rillaboom|def|1
|-damage|p2a: Rillaboom|88/100|[from] ability: Iron Barbs|[of] p1a: Ferrothorn
|faint|p1a: Ferrothorn
|-damage|p2a: Rillaboom|78/100|[from] item: Life Orb
|
|-heal|p2a: Rillaboom|84/100|[from] Grassy Terrain
|upkeep
|
|t:|1659590767
|switch|p1a: Dragapult|Dragapult, M|100/100
|-damage|p1a: Dragapult|88/100|[from] Stealth Rock
|turn|6
|inactive|LT91BB qtipsa has 120 seconds left.
|inactive|ripreckful has 120 seconds left.
|
|t:|1659590805
|switch|p2a: Weavile|Weavile, M|48/100
|-ability|p2a: Weavile|Pressure
|move|p1a: Dragapult|Draco Meteor|p2a: Weavile
|-damage|p2a: Weavile|0 fnt
|-unboost|p1a: Dragapult|spa|2
|faint|p2a: Weavile
|
|-heal|p1a: Dragapult|94/100|[from] Grassy Terrain
|upkeep
|
|t:|1659590835
|switch|p2a: Nidoking|Nidoking, M|100/100
|turn|7
|inactive|ripreckful has 120 seconds left.
|
|t:|1659590853
|switch|p1a: Tyranitar|Tyranitar, M|100/100
|-damage|p1a: Tyranitar|88/100|[from] Stealth Rock
|-weather|Sandstorm|[from] ability: Sand Stream|[of] p1a: Tyranitar
|move|p2a: Nidoking|Sludge Wave|p1a: Tyranitar
|-resisted|p1a: Tyranitar
|-damage|p1a: Tyranitar|67/100
|
|-weather|Sandstorm|[upkeep]
|-heal|p1a: Tyranitar|74/100|[from] Grassy Terrain
|upkeep
|turn|8
|
|t:|1659590859
|move|p2a: Nidoking|Earth Power|p1a: Tyranitar
|-supereffective|p1a: Tyranitar
|-damage|p1a: Tyranitar|0 fnt
|faint|p1a: Tyranitar
|
|-weather|Sandstorm|[upkeep]
|upkeep
|inactive|ripreckful has 120 seconds left.
|
|t:|1659590872
|switch|p1a: Dragapult|Dragapult, M|94/100
|-damage|p1a: Dragapult|82/100|[from] Stealth Rock
|turn|9
|inactive|LT91BB qtipsa has 120 seconds left.
|
|t:|1659590881
|switch|p2a: Crawdaunt|Crawdaunt, M|100/100
|move|p1a: Dragapult|Draco Meteor|p2a: Crawdaunt|[miss]
|-miss|p1a: Dragapult|p2a: Crawdaunt
|
|-weather|Sandstorm|[upkeep]
|-damage|p1a: Dragapult|76/100|[from] Sandstorm
|-damage|p2a: Crawdaunt|95/100|[from] Sandstorm
|-heal|p1a: Dragapult|82/100|[from] Grassy Terrain
|-heal|p2a: Crawdaunt|100/100|[from] Grassy Terrain
|-fieldend|move: Grassy Terrain
|upkeep
|turn|10
|
|t:|1659590884
|move|p2a: Crawdaunt|Aqua Jet|p1a: Dragapult
|-resisted|p1a: Dragapult
|-damage|p1a: Dragapult|56/100
|-damage|p2a: Crawdaunt|91/100|[from] item: Life Orb
|move|p1a: Dragapult|Draco Meteor|p2a: Crawdaunt
|-damage|p2a: Crawdaunt|0 fnt
|-unboost|p1a: Dragapult|spa|2
|faint|p2a: Crawdaunt
|
|-weather|Sandstorm|[upkeep]
|-damage|p1a: Dragapult|50/100|[from] Sandstorm
|upkeep
|inactive|LT91BB qtipsa has 120 seconds left.
|
|t:|1659590919
|switch|p2a: Nidoking|Nidoking, M|100/100
|turn|11
|
|t:|1659590928
|switch|p1a: Rotom|Rotom-Wash|100/100
|-damage|p1a: Rotom|88/100|[from] Stealth Rock
|move|p2a: Nidoking|Sludge Wave|p1a: Rotom
|-damage|p1a: Rotom|15/100
|
|-weather|none
|-heal|p1a: Rotom|21/100|[from] item: Leftovers
|upkeep
|turn|12
|
|t:|1659590934
|move|p1a: Rotom|Hydro Pump|p2a: Nidoking
|-supereffective|p2a: Nidoking
|-damage|p2a: Nidoking|0 fnt
|faint|p2a: Nidoking
|
|-heal|p1a: Rotom|27/100|[from] item: Leftovers
|upkeep
|
|t:|1659590940
|switch|p2a: Rillaboom|Rillaboom, M|84/100
|-fieldstart|move: Grassy Terrain|[from] ability: Grassy Surge|[of] p2a: Rillaboom
|turn|13
|
|t:|1659590957
|switch|p1a: Clefable|Clefable, M|100/100
|move|p2a: Rillaboom|Grassy Glide|p1a: Clefable
|-damage|p1a: Clefable|53/100
|-damage|p2a: Rillaboom|68/100|[from] item: Rocky Helmet|[of] p1a: Clefable
|-damage|p2a: Rillaboom|58/100|[from] item: Life Orb
|
|-heal|p2a: Rillaboom|64/100|[from] Grassy Terrain
|-heal|p1a: Clefable|59/100|[from] Grassy Terrain
|upkeep
|turn|14
|
|t:|1659590964
|move|p2a: Rillaboom|Wood Hammer|p1a: Clefable
|-damage|p1a: Clefable|0 fnt
|-damage|p2a: Rillaboom|48/100|[from] item: Rocky Helmet|[of] p1a: Clefable
|faint|p1a: Clefable
|-damage|p2a: Rillaboom|25/100|[from] Recoil
|-damage|p2a: Rillaboom|15/100|[from] item: Life Orb
|
|-heal|p2a: Rillaboom|22/100|[from] Grassy Terrain
|upkeep
|c|☆ripreckful|damn this draco miss fucked me up
|inactive|ripreckful has 120 seconds left.
|inactive|ripreckful has 90 seconds left.
|
|t:|1659591022
|switch|p1a: Excadrill|Excadrill, M|100/100
|-damage|p1a: Excadrill|97/100|[from] Stealth Rock
|turn|15
|
|t:|1659591036
|move|p2a: Rillaboom|Grassy Glide|p1a: Excadrill
|-damage|p1a: Excadrill|5/100
|-damage|p2a: Rillaboom|12/100|[from] item: Life Orb
|move|p1a: Excadrill|Rapid Spin|p2a: Rillaboom
|-damage|p2a: Rillaboom|0 fnt
|-boost|p1a: Excadrill|spe|1
|-sideend|p1: ripreckful|Stealth Rock|[from] move: Rapid Spin|[of] p1a: Excadrill
|faint|p2a: Rillaboom
|
|-heal|p1a: Excadrill|11/100|[from] Grassy Terrain
|-heal|p1a: Excadrill|17/100|[from] item: Leftovers
|upkeep
|
|t:|1659591040
|switch|p2a: Dragonite|Dragonite, F|100/100
|turn|16
|
|t:|1659591064
|move|p1a: Excadrill|Iron Head|p2a: Dragonite
|-damage|p2a: Dragonite|74/100
|move|p2a: Dragonite|Dragon Dance|p2a: Dragonite
|-boost|p2a: Dragonite|atk|1
|-boost|p2a: Dragonite|spe|1
|
|-heal|p1a: Excadrill|23/100|[from] Grassy Terrain
|-heal|p1a: Excadrill|30/100|[from] item: Leftovers
|upkeep
|turn|17
|
|t:|1659591072
|move|p2a: Dragonite|Dragon Dance|p2a: Dragonite
|-boost|p2a: Dragonite|atk|1
|-boost|p2a: Dragonite|spe|1
|move|p1a: Excadrill|Iron Head|p2a: Dragonite
|-damage|p2a: Dragonite|25/100
|
|-heal|p1a: Excadrill|36/100|[from] Grassy Terrain
|-heal|p1a: Excadrill|42/100|[from] item: Leftovers
|-fieldend|move: Grassy Terrain
|upkeep
|turn|18
|
|t:|1659591087
|move|p2a: Dragonite|Ice Punch|p1a: Excadrill
|-damage|p1a: Excadrill|0 fnt
|faint|p1a: Excadrill
|
|upkeep
|l| Fifigugugh
|
|t:|1659591091
|switch|p1a: Rotom|Rotom-Wash|27/100
|turn|19
|
|t:|1659591096
|move|p2a: Dragonite|Roost|p2a: Dragonite
|-heal|p2a: Dragonite|75/100
|-singleturn|p2a: Dragonite|move: Roost
|move|p1a: Rotom|Volt Switch|p2a: Dragonite
|-resisted|p2a: Dragonite
|-damage|p2a: Dragonite|63/100
|
|t:|1659591099
|switch|p1a: Dragapult|Dragapult, M|50/100|[from]move: Volt Switch
|
|upkeep
|turn|20
|
|t:|1659591102
|move|p2a: Dragonite|Ice Punch|p1a: Dragapult
|-supereffective|p1a: Dragapult
|-damage|p1a: Dragapult|0 fnt
|faint|p1a: Dragapult
|
|upkeep
|
|t:|1659591103
|switch|p1a: Rotom|Rotom-Wash|27/100
|turn|21
|
|t:|1659591105
|move|p2a: Dragonite|Ice Punch|p1a: Rotom
|-resisted|p1a: Rotom
|-damage|p1a: Rotom|0 fnt
|faint|p1a: Rotom
|
|win|LT91BB qtipsa
|raw|ripreckful's rating: 1967 &rarr; <strong>1939</strong><br />(-28 for losing)
|raw|LT91BB qtipsa's rating: 1813 &rarr; <strong>1841</strong><br />(+28 for winning)
|l|☆ripreckful
