|html|<div class="broadcast-blue"><strong>[Gen 8] OU is currently suspecting Urshifu-S! For information on how to participate check out the <a href="https://www.smogon.com/forums/threads/np-ss-ou-suspect-process-round-8-aint-no-rest-for-the-wicked.3675310/">suspect thread</a>.</strong></div>
|j|☆Tirkys
|j|☆OUTWVictitor0512
|t:|1610130366
|player|p1|Tirkys|hilda-dueldisk|1348
|player|p2|OUTWVictitor0512|brycenman|1343
|teamsize|p1|6
|teamsize|p2|6
|gametype|singles
|gen|8
|tier|[Gen 8] OU
|rated|
|clearpoke
|poke|p1|Volcarona, M|
|poke|p1|Quagsire, M|
|poke|p1|Xatu, F|
|poke|p1|Skorupi, F|
|poke|p1|Bronzong|
|poke|p1|Ninetales-Alola, F|
|poke|p2|Buzzwole|
|poke|p2|Slowking-Galar, F|
|poke|p2|Tyranitar, F|
|poke|p2|Tornadus-Therian, M|
|poke|p2|Garchomp, M|
|poke|p2|Magearna|
|rule|Sleep Clause Mod: Limit one foe put to sleep
|rule|Species Clause: Limit one of each Pokémon
|rule|OHKO Clause: OHKO moves are banned
|rule|Evasion Moves Clause: Evasion moves are banned
|rule|Endless Battle Clause: Forcing endless battles is banned
|rule|HP Percentage Mod: HP is shown in percentages
|rule|Dynamax Clause: You cannot dynamax
|teampreview
|inactive|Battle timer is ON: inactive players will automatically lose when time's up. (requested by Tirkys)
|
|t:|1610130377
|start
|switch|p1a: StarPlatinum|Quagsire, M, shiny|100/100
|switch|p2a: Tyranitar|Tyranitar, F, shiny|100/100
|-weather|Sandstorm|[from] ability: Sand Stream|[of] p2a: Tyranitar
|turn|1
|
|t:|1610130386
|switch|p1a: ManInTheMirror|Xatu, F|100/100
|move|p2a: Tyranitar|Stealth Rock|p1a: ManInTheMirror
|move|p1a: ManInTheMirror|Stealth Rock|p2a: Tyranitar|[from]ability: Magic Bounce
|-sidestart|p2: OUTWVictitor0512|move: Stealth Rock
|
|-weather|Sandstorm|[upkeep]
|-damage|p1a: ManInTheMirror|95/100|[from] Sandstorm
|upkeep
|turn|2
|
|t:|1610130405
|move|p1a: ManInTheMirror|Roost|p1a: ManInTheMirror
|-heal|p1a: ManInTheMirror|100/100
|-singleturn|p1a: ManInTheMirror|move: Roost
|move|p2a: Tyranitar|Crunch|p1a: ManInTheMirror
|-supereffective|p1a: ManInTheMirror
|-damage|p1a: ManInTheMirror|7/100
|-unboost|p1a: ManInTheMirror|def|1
|-damage|p2a: Tyranitar|84/100|[from] item: Rocky Helmet|[of] p1a: ManInTheMirror
|
|-weather|Sandstorm|[upkeep]
|-damage|p1a: ManInTheMirror|1/100|[from] Sandstorm
|-heal|p2a: Tyranitar|90/100|[from] item: Leftovers
|upkeep
|turn|3
|
|t:|1610130422
|switch|p1a: Magician'sRed|Volcarona, M|100/100
|move|p2a: Tyranitar|Crunch|p1a: Magician'sRed
|-damage|p1a: Magician'sRed|66/100
|
|-weather|Sandstorm|[upkeep]
|-damage|p1a: Magician'sRed|60/100|[from] Sandstorm
|-heal|p1a: Magician'sRed|66/100|[from] item: Leftovers
|-heal|p2a: Tyranitar|96/100|[from] item: Leftovers
|upkeep
|turn|4
|
|t:|1610130433
|move|p1a: Magician'sRed|Bug Buzz|p2a: Tyranitar
|-supereffective|p2a: Tyranitar
|-damage|p2a: Tyranitar|63/100
|-unboost|p2a: Tyranitar|spd|1
|move|p2a: Tyranitar|Rock Blast|p1a: Magician'sRed
|-supereffective|p1a: Magician'sRed
|-damage|p1a: Magician'sRed|26/100
|-supereffective|p1a: Magician'sRed
|-damage|p1a: Magician'sRed|0 fnt
|-hitcount|p1a: Magician'sRed|2
|faint|p1a: Magician'sRed
|
|-weather|Sandstorm|[upkeep]
|-heal|p2a: Tyranitar|69/100|[from] item: Leftovers
|upkeep
|
|t:|1610130438
|switch|p1a: WhiteAlbum|Ninetales-Alola, F|100/100
|-weather|Hail|[from] ability: Snow Warning|[of] p1a: WhiteAlbum
|turn|5
|
|t:|1610130450
|move|p1a: WhiteAlbum|Moonblast|p2a: Tyranitar
|-supereffective|p2a: Tyranitar
|-damage|p2a: Tyranitar|0 fnt
|faint|p2a: Tyranitar
|
|-weather|Hail|[upkeep]
|upkeep
|
|t:|1610130458
|switch|p2a: Magearna|Magearna|100/100
|-damage|p2a: Magearna|95/100|[from] Stealth Rock
|turn|6
|
|t:|1610130466
|switch|p1a: Metallica|Bronzong|100/100
|move|p2a: Magearna|Flash Cannon|p1a: Metallica
|-resisted|p1a: Metallica
|-damage|p1a: Metallica|77/100
|
|-weather|Hail|[upkeep]
|-damage|p2a: Magearna|89/100|[from] Hail
|-damage|p1a: Metallica|71/100|[from] Hail
|upkeep
|turn|7
|
|t:|1610130475
|switch|p2a: Tornadus|Tornadus-Therian, M, shiny|100/100
|move|p1a: Metallica|Trick|p2a: Tornadus
|-activate|p1a: Metallica|move: Trick|[of] p2a: Tornadus
|-item|p2a: Tornadus|Toxic Orb|[from] move: Trick
|-item|p1a: Metallica|Heavy-Duty Boots|[from] move: Trick
|
|-weather|Hail|[upkeep]
|-damage|p2a: Tornadus|94/100|[from] Hail
|-damage|p1a: Metallica|65/100|[from] Hail
|-status|p2a: Tornadus|tox|[from] item: Toxic Orb
|upkeep
|turn|8
|
|t:|1610130486
|switch|p1a: ManInTheMirror|Xatu, F|1/100
|move|p2a: Tornadus|Defog|p1a: ManInTheMirror
|move|p1a: ManInTheMirror|Defog|p2a: Tornadus|[from]ability: Magic Bounce
|-unboost|p2a: Tornadus|evasion|1
|-sideend|p2: OUTWVictitor0512|Stealth Rock|[from] move: Defog|[of] p1a: ManInTheMirror
|
|-weather|Hail|[upkeep]
|-damage|p2a: Tornadus|88/100 tox|[from] Hail
|-damage|p1a: ManInTheMirror|0 fnt|[from] Hail
|faint|p1a: ManInTheMirror
|-damage|p2a: Tornadus|82/100 tox|[from] psn
|upkeep
|
|t:|1610130489
|switch|p1a: WhiteAlbum|Ninetales-Alola, F|100/100
|turn|9
|
|t:|1610130503
|move|p1a: WhiteAlbum|Aurora Veil|p1a: WhiteAlbum
|-sidestart|p1: Tirkys|move: Aurora Veil
|move|p2a: Tornadus|U-turn|p1a: WhiteAlbum
|-resisted|p1a: WhiteAlbum
|-damage|p1a: WhiteAlbum|95/100
|inactive|OUTWVictitor0512 has 120 seconds left.
|
|t:|1610130532
|switch|p2a: Magearna|Magearna|89/100|[from]move: U-turn
|
|-weather|none
|upkeep
|turn|10
|
|t:|1610130539
|switch|p1a: Metallica|Bronzong|65/100
|move|p2a: Magearna|Volt Switch|p1a: Metallica
|-damage|p1a: Metallica|52/100
|
|t:|1610130548
|switch|p2a: Aivar|Garchomp, M|100/100|[from]move: Volt Switch
|
|upkeep
|turn|11
|inactive|OUTWVictitor0512 has 120 seconds left.
|
|t:|1610130567
|switch|p2a: Tornadus|Tornadus-Therian, M, shiny|100/100 tox
|switch|p1a: StarPlatinum|Quagsire, M, shiny|100/100
|
|-damage|p2a: Tornadus|94/100 tox|[from] psn
|upkeep
|turn|12
|
|t:|1610130576
|move|p2a: Tornadus|Knock Off|p1a: StarPlatinum
|-damage|p1a: StarPlatinum|93/100
|-enditem|p1a: StarPlatinum|Leftovers|[from] move: Knock Off|[of] p2a: Tornadus
|move|p1a: StarPlatinum|Stockpile|p1a: StarPlatinum
|-start|p1a: StarPlatinum|stockpile1
|-boost|p1a: StarPlatinum|def|1
|-boost|p1a: StarPlatinum|spd|1
|
|-damage|p2a: Tornadus|82/100 tox|[from] psn
|upkeep
|turn|13
|
|t:|1610130588
|move|p2a: Tornadus|U-turn|p1a: StarPlatinum
|-damage|p1a: StarPlatinum|90/100
|
|t:|1610130592
|switch|p2a: Buzzwole|Buzzwole|100/100|[from]move: U-turn
|move|p1a: StarPlatinum|Stockpile|p1a: StarPlatinum
|-start|p1a: StarPlatinum|stockpile2
|-boost|p1a: StarPlatinum|def|1
|-boost|p1a: StarPlatinum|spd|1
|
|-sideend|p1: Tirkys|move: Aurora Veil
|upkeep
|turn|14
|
|t:|1610130601
|move|p2a: Buzzwole|Toxic|p1a: StarPlatinum
|-status|p1a: StarPlatinum|tox
|move|p1a: StarPlatinum|Stockpile|p1a: StarPlatinum
|-start|p1a: StarPlatinum|stockpile3
|-boost|p1a: StarPlatinum|def|1
|-boost|p1a: StarPlatinum|spd|1
|
|-damage|p1a: StarPlatinum|84/100 tox|[from] psn
|upkeep
|turn|15
|
|t:|1610130614
|move|p2a: Buzzwole|Roost||[still]
|-fail|p2a: Buzzwole|heal
|move|p1a: StarPlatinum|Scald|p2a: Buzzwole
|-damage|p2a: Buzzwole|76/100
|
|-damage|p1a: StarPlatinum|72/100 tox|[from] psn
|upkeep
|turn|16
|
|t:|1610130626
|switch|p2a: Tornadus|Tornadus-Therian, M, shiny|100/100 tox
|move|p1a: StarPlatinum|Scald|p2a: Tornadus
|-damage|p2a: Tornadus|80/100 tox
|
|-damage|p2a: Tornadus|74/100 tox|[from] psn
|-damage|p1a: StarPlatinum|54/100 tox|[from] psn
|upkeep
|turn|17
|c|☆Tirkys|Check out this cool thing
|
|t:|1610130636
|move|p2a: Tornadus|Hurricane|p1a: StarPlatinum
|-damage|p1a: StarPlatinum|33/100 tox
|move|p1a: StarPlatinum|Rest|p1a: StarPlatinum
|-status|p1a: StarPlatinum|slp|[from] move: Rest
|-heal|p1a: StarPlatinum|100/100 slp|[silent]
|
|-damage|p2a: Tornadus|62/100 tox|[from] psn
|upkeep
|turn|18
|
|t:|1610130645
|move|p2a: Tornadus|U-turn|p1a: StarPlatinum
|-damage|p1a: StarPlatinum|97/100 slp
|
|t:|1610130653
|switch|p2a: Aivar|Garchomp, M|100/100|[from]move: U-turn
|cant|p1a: StarPlatinum|slp
|
|upkeep
|turn|19
|
|t:|1610130659
|move|p2a: Aivar|Swords Dance|p2a: Aivar
|-boost|p2a: Aivar|atk|2
|cant|p1a: StarPlatinum|slp
|
|upkeep
|turn|20
|
|t:|1610130665
|move|p2a: Aivar|Swords Dance|p2a: Aivar
|-boost|p2a: Aivar|atk|2
|-curestatus|p1a: StarPlatinum|slp|[msg]
|move|p1a: StarPlatinum|Scald|p2a: Aivar
|-damage|p2a: Aivar|80/100
|
|upkeep
|turn|21
|
|t:|1610130678
|switch|p2a: Buzzwole|Buzzwole|76/100
|move|p1a: StarPlatinum|Scald|p2a: Buzzwole
|-damage|p2a: Buzzwole|50/100
|
|upkeep
|turn|22
|
|t:|1610130685
|move|p2a: Buzzwole|Toxic|p1a: StarPlatinum
|-status|p1a: StarPlatinum|tox
|move|p1a: StarPlatinum|Scald|p2a: Buzzwole
|-damage|p2a: Buzzwole|24/100
|
|-damage|p1a: StarPlatinum|91/100 tox|[from] psn
|upkeep
|turn|23
|
|t:|1610130694
|move|p2a: Buzzwole|Roost|p2a: Buzzwole
|-heal|p2a: Buzzwole|74/100
|-singleturn|p2a: Buzzwole|move: Roost
|move|p1a: StarPlatinum|Scald|p2a: Buzzwole
|-damage|p2a: Buzzwole|47/100
|-status|p2a: Buzzwole|brn
|
|-damage|p2a: Buzzwole|41/100 brn|[from] brn
|-damage|p1a: StarPlatinum|78/100 tox|[from] psn
|upkeep
|turn|24
|
|t:|1610130705
|move|p2a: Buzzwole|Roost|p2a: Buzzwole
|-heal|p2a: Buzzwole|91/100 brn
|-singleturn|p2a: Buzzwole|move: Roost
|move|p1a: StarPlatinum|Rest|p1a: StarPlatinum
|-status|p1a: StarPlatinum|slp|[from] move: Rest
|-heal|p1a: StarPlatinum|100/100 slp|[silent]
|
|-damage|p2a: Buzzwole|85/100 brn|[from] brn
|upkeep
|turn|25
|
|t:|1610130719
|move|p2a: Buzzwole|Drain Punch|p1a: StarPlatinum
|-damage|p1a: StarPlatinum|95/100 slp
|-heal|p2a: Buzzwole|87/100 brn|[from] drain|[of] p1a: StarPlatinum
|cant|p1a: StarPlatinum|slp
|
|-damage|p2a: Buzzwole|81/100 brn|[from] brn
|upkeep
|turn|26
|
|t:|1610130728
|move|p2a: Buzzwole|Drain Punch|p1a: StarPlatinum
|-damage|p1a: StarPlatinum|91/100 slp
|-heal|p2a: Buzzwole|83/100 brn|[from] drain|[of] p1a: StarPlatinum
|cant|p1a: StarPlatinum|slp
|
|-damage|p2a: Buzzwole|77/100 brn|[from] brn
|upkeep
|turn|27
|
|t:|1610130737
|switch|p1a: Metallica|Bronzong|52/100
|move|p2a: Buzzwole|Drain Punch|p1a: Metallica
|-damage|p1a: Metallica|36/100
|-heal|p2a: Buzzwole|84/100 brn|[from] drain|[of] p1a: Metallica
|
|-damage|p2a: Buzzwole|77/100 brn|[from] brn
|upkeep
|turn|28
|
|t:|1610130749
|switch|p2a: Slowking|Slowking-Galar, F, shiny|100/100
|move|p1a: Metallica|Stealth Rock|p2a: Slowking
|-sidestart|p2: OUTWVictitor0512|move: Stealth Rock
|
|upkeep
|turn|29
|
|t:|1610130758
|move|p1a: Metallica|Rest|p1a: Metallica
|-status|p1a: Metallica|slp|[from] move: Rest
|-heal|p1a: Metallica|100/100 slp|[silent]
|move|p2a: Slowking|Future Sight|p1a: Metallica
|-start|p2a: Slowking|move: Future Sight
|
|upkeep
|turn|30
|
|t:|1610130764
|cant|p1a: Metallica|slp
|move|p2a: Slowking|Flamethrower|p1a: Metallica
|-supereffective|p1a: Metallica
|-damage|p1a: Metallica|84/100 slp
|
|upkeep
|turn|31
|
|t:|1610130773
|switch|p2a: Tornadus|Tornadus-Therian, M, shiny|95/100 tox
|-damage|p2a: Tornadus|70/100 tox|[from] Stealth Rock
|cant|p1a: Metallica|slp
|
|-end|p1a: Metallica|move: Future Sight
|-resisted|p1a: Metallica
|-damage|p1a: Metallica|76/100 slp
|-damage|p2a: Tornadus|64/100 tox|[from] psn
|upkeep
|turn|32
|
|t:|1610130786
|move|p2a: Tornadus|Defog|p1a: Metallica
|-unboost|p1a: Metallica|evasion|1
|-sideend|p2: OUTWVictitor0512|Stealth Rock|[from] move: Defog|[of] p2a: Tornadus
|-curestatus|p1a: Metallica|slp|[msg]
|move|p1a: Metallica|Stealth Rock|p2a: Tornadus
|-sidestart|p2: OUTWVictitor0512|move: Stealth Rock
|
|-damage|p2a: Tornadus|52/100 tox|[from] psn
|upkeep
|turn|33
|
|t:|1610130796
|move|p2a: Tornadus|Knock Off|p1a: Metallica
|-supereffective|p1a: Metallica
|-damage|p1a: Metallica|40/100
|-enditem|p1a: Metallica|Heavy-Duty Boots|[from] move: Knock Off|[of] p2a: Tornadus
|move|p1a: Metallica|Stealth Rock||[still]
|-fail|p1a: Metallica
|
|-damage|p2a: Tornadus|33/100 tox|[from] psn
|upkeep
|turn|34
|
|t:|1610130808
|move|p2a: Tornadus|Defog|p1a: Metallica
|-unboost|p1a: Metallica|evasion|1
|-sideend|p2: OUTWVictitor0512|Stealth Rock|[from] move: Defog|[of] p2a: Tornadus
|move|p1a: Metallica|Stealth Rock|p2a: Tornadus
|-sidestart|p2: OUTWVictitor0512|move: Stealth Rock
|
|-damage|p2a: Tornadus|9/100 tox|[from] psn
|upkeep
|turn|35
|
|t:|1610130830
|move|p2a: Tornadus|Defog|p1a: Metallica
|-unboost|p1a: Metallica|evasion|1
|-sideend|p2: OUTWVictitor0512|Stealth Rock|[from] move: Defog|[of] p2a: Tornadus
|move|p1a: Metallica|Rest|p1a: Metallica
|-status|p1a: Metallica|slp|[from] move: Rest
|-heal|p1a: Metallica|100/100 slp|[silent]
|
|-damage|p2a: Tornadus|0 fnt|[from] psn
|faint|p2a: Tornadus
|upkeep
|
|t:|1610130840
|switch|p2a: Aivar|Garchomp, M|80/100
|turn|36
|
|t:|1610130844
|switch|p1a: StarPlatinum|Quagsire, M, shiny|91/100 slp
|move|p2a: Aivar|Earthquake|p1a: StarPlatinum
|-damage|p1a: StarPlatinum|46/100 slp
|-damage|p2a: Aivar|71/100|[from] item: Life Orb
|
|upkeep
|turn|37
|
|t:|1610130852
|switch|p1a: TheTower|Skorupi, F|100/100
|move|p2a: Aivar|Earthquake|p1a: TheTower
|-damage|p1a: TheTower|59/100
|-damage|p2a: Aivar|61/100|[from] item: Life Orb
|
|upkeep
|turn|38
|
|t:|1610130864
|switch|p2a: Magearna|Magearna|89/100
|move|p1a: TheTower|Knock Off|p2a: Magearna
|-resisted|p2a: Magearna
|-damage|p2a: Magearna|82/100
|-enditem|p2a: Magearna|Choice Specs|[from] move: Knock Off|[of] p1a: TheTower
|
|upkeep
|turn|39
|
|t:|1610130875
|move|p2a: Magearna|Flash Cannon|p1a: TheTower
|-damage|p1a: TheTower|0 fnt
|faint|p1a: TheTower
|-ability|p2a: Magearna|Soul-Heart|boost
|-boost|p2a: Magearna|spa|1
|
|upkeep
|
|t:|1610130878
|switch|p1a: Metallica|Bronzong|100/100 slp
|turn|40
|
|t:|1610130883
|move|p2a: Magearna|Flash Cannon|p1a: Metallica
|-resisted|p1a: Metallica
|-damage|p1a: Metallica|79/100 slp
|cant|p1a: Metallica|slp
|
|upkeep
|turn|41
|
|t:|1610130889
|move|p2a: Magearna|Flash Cannon|p1a: Metallica
|-resisted|p1a: Metallica
|-damage|p1a: Metallica|58/100 slp
|cant|p1a: Metallica|slp
|
|upkeep
|turn|42
|
|t:|1610130896
|move|p2a: Magearna|Flash Cannon|p1a: Metallica
|-resisted|p1a: Metallica
|-damage|p1a: Metallica|35/100 slp
|-unboost|p1a: Metallica|spd|1
|-curestatus|p1a: Metallica|slp|[msg]
|move|p1a: Metallica|Light Screen|p1a: Metallica
|-sidestart|p1: Tirkys|move: Light Screen
|
|upkeep
|turn|43
|
|t:|1610130903
|move|p2a: Magearna|Flash Cannon|p1a: Metallica
|-resisted|p1a: Metallica
|-crit|p1a: Metallica
|-damage|p1a: Metallica|0 fnt
|faint|p1a: Metallica
|-ability|p2a: Magearna|Soul-Heart|boost
|-boost|p2a: Magearna|spa|1
|
|upkeep
|
|t:|1610130905
|switch|p1a: StarPlatinum|Quagsire, M, shiny|46/100 slp
|turn|44
|
|t:|1610130912
|move|p2a: Magearna|Fleur Cannon|p1a: StarPlatinum
|-damage|p1a: StarPlatinum|1/100 slp
|-unboost|p2a: Magearna|spa|2
|-curestatus|p1a: StarPlatinum|slp|[msg]
|move|p1a: StarPlatinum|Recover|p1a: StarPlatinum
|-heal|p1a: StarPlatinum|51/100
|
|upkeep
|turn|45
|
|t:|1610130929
|switch|p2a: Aivar|Garchomp, M|61/100
|move|p1a: StarPlatinum|Recover|p1a: StarPlatinum
|-heal|p1a: StarPlatinum|100/100
|
|upkeep
|turn|46
|
|t:|1610130935
|move|p2a: Aivar|Earthquake|p1a: StarPlatinum
|-damage|p1a: StarPlatinum|50/100
|-damage|p2a: Aivar|51/100|[from] item: Life Orb
|move|p1a: StarPlatinum|Stockpile|p1a: StarPlatinum
|-start|p1a: StarPlatinum|stockpile1
|-boost|p1a: StarPlatinum|def|1
|-boost|p1a: StarPlatinum|spd|1
|
|-sideend|p1: Tirkys|move: Light Screen
|upkeep
|turn|47
|
|t:|1610130945
|move|p2a: Aivar|Earthquake|p1a: StarPlatinum
|-damage|p1a: StarPlatinum|18/100
|-damage|p2a: Aivar|41/100|[from] item: Life Orb
|move|p1a: StarPlatinum|Recover|p1a: StarPlatinum
|-heal|p1a: StarPlatinum|68/100
|
|upkeep
|turn|48
|
|t:|1610130958
|switch|p2a: Buzzwole|Buzzwole|77/100 brn
|move|p1a: StarPlatinum|Stockpile|p1a: StarPlatinum
|-start|p1a: StarPlatinum|stockpile2
|-boost|p1a: StarPlatinum|def|1
|-boost|p1a: StarPlatinum|spd|1
|
|-damage|p2a: Buzzwole|71/100 brn|[from] brn
|upkeep
|turn|49
|
|t:|1610130968
|move|p2a: Buzzwole|Toxic|p1a: StarPlatinum
|-status|p1a: StarPlatinum|tox
|move|p1a: StarPlatinum|Stockpile|p1a: StarPlatinum
|-start|p1a: StarPlatinum|stockpile3
|-boost|p1a: StarPlatinum|def|1
|-boost|p1a: StarPlatinum|spd|1
|
|-damage|p2a: Buzzwole|65/100 brn|[from] brn
|-damage|p1a: StarPlatinum|62/100 tox|[from] psn
|upkeep
|turn|50
|
|t:|1610130981
|move|p2a: Buzzwole|Drain Punch|p1a: StarPlatinum
|-damage|p1a: StarPlatinum|57/100 tox
|-heal|p2a: Buzzwole|67/100 brn|[from] drain|[of] p1a: StarPlatinum
|move|p1a: StarPlatinum|Rest|p1a: StarPlatinum
|-status|p1a: StarPlatinum|slp|[from] move: Rest
|-heal|p1a: StarPlatinum|100/100 slp|[silent]
|
|-damage|p2a: Buzzwole|61/100 brn|[from] brn
|upkeep
|turn|51
|
|t:|1610130992
|move|p2a: Buzzwole|Drain Punch|p1a: StarPlatinum
|-damage|p1a: StarPlatinum|96/100 slp
|-heal|p2a: Buzzwole|64/100 brn|[from] drain|[of] p1a: StarPlatinum
|cant|p1a: StarPlatinum|slp
|
|-damage|p2a: Buzzwole|57/100 brn|[from] brn
|upkeep
|turn|52
|
|t:|1610131002
|move|p2a: Buzzwole|Drain Punch|p1a: StarPlatinum
|-damage|p1a: StarPlatinum|91/100 slp
|-heal|p2a: Buzzwole|60/100 brn|[from] drain|[of] p1a: StarPlatinum
|cant|p1a: StarPlatinum|slp
|
|-damage|p2a: Buzzwole|53/100 brn|[from] brn
|upkeep
|turn|53
|
|t:|1610131012
|move|p2a: Buzzwole|Roost|p2a: Buzzwole
|-heal|p2a: Buzzwole|100/100 brn
|-singleturn|p2a: Buzzwole|move: Roost
|-curestatus|p1a: StarPlatinum|slp|[msg]
|move|p1a: StarPlatinum|Scald|p2a: Buzzwole
|-damage|p2a: Buzzwole|76/100 brn
|
|-damage|p2a: Buzzwole|70/100 brn|[from] brn
|upkeep
|turn|54
|
|t:|1610131022
|move|p2a: Buzzwole|Toxic|p1a: StarPlatinum
|-status|p1a: StarPlatinum|tox
|move|p1a: StarPlatinum|Rest|p1a: StarPlatinum
|-status|p1a: StarPlatinum|slp|[from] move: Rest
|-heal|p1a: StarPlatinum|100/100 slp|[silent]
|
|-damage|p2a: Buzzwole|63/100 brn|[from] brn
|upkeep
|turn|55
|
|t:|1610131031
|move|p2a: Buzzwole|Drain Punch|p1a: StarPlatinum
|-damage|p1a: StarPlatinum|96/100 slp
|-heal|p2a: Buzzwole|66/100 brn|[from] drain|[of] p1a: StarPlatinum
|cant|p1a: StarPlatinum|slp
|
|-damage|p2a: Buzzwole|59/100 brn|[from] brn
|upkeep
|turn|56
|
|t:|1610131040
|move|p2a: Buzzwole|Drain Punch|p1a: StarPlatinum
|-damage|p1a: StarPlatinum|91/100 slp
|-heal|p2a: Buzzwole|62/100 brn|[from] drain|[of] p1a: StarPlatinum
|cant|p1a: StarPlatinum|slp
|
|-damage|p2a: Buzzwole|55/100 brn|[from] brn
|upkeep
|turn|57
|
|t:|1610131049
|move|p2a: Buzzwole|Roost|p2a: Buzzwole
|-heal|p2a: Buzzwole|100/100 brn
|-singleturn|p2a: Buzzwole|move: Roost
|-curestatus|p1a: StarPlatinum|slp|[msg]
|move|p1a: StarPlatinum|Stockpile||[still]
|-fail|p1a: StarPlatinum
|
|-damage|p2a: Buzzwole|94/100 brn|[from] brn
|upkeep
|turn|58
|
|t:|1610131058
|move|p2a: Buzzwole|Toxic|p1a: StarPlatinum
|-status|p1a: StarPlatinum|tox
|move|p1a: StarPlatinum|Stockpile||[still]
|-fail|p1a: StarPlatinum
|
|-damage|p2a: Buzzwole|88/100 brn|[from] brn
|-damage|p1a: StarPlatinum|85/100 tox|[from] psn
|upkeep
|turn|59
|
|t:|1610131068
|move|p2a: Buzzwole|Drain Punch|p1a: StarPlatinum
|-damage|p1a: StarPlatinum|80/100 tox
|-heal|p2a: Buzzwole|90/100 brn|[from] drain|[of] p1a: StarPlatinum
|move|p1a: StarPlatinum|Rest|p1a: StarPlatinum
|-status|p1a: StarPlatinum|slp|[from] move: Rest
|-heal|p1a: StarPlatinum|100/100 slp|[silent]
|
|-damage|p2a: Buzzwole|84/100 brn|[from] brn
|upkeep
|turn|60
|
|t:|1610131079
|move|p2a: Buzzwole|Drain Punch|p1a: StarPlatinum
|-damage|p1a: StarPlatinum|96/100 slp
|-heal|p2a: Buzzwole|86/100 brn|[from] drain|[of] p1a: StarPlatinum
|cant|p1a: StarPlatinum|slp
|
|-damage|p2a: Buzzwole|80/100 brn|[from] brn
|upkeep
|turn|61
|
|t:|1610131090
|move|p2a: Buzzwole|Drain Punch|p1a: StarPlatinum
|-damage|p1a: StarPlatinum|91/100 slp
|-heal|p2a: Buzzwole|82/100 brn|[from] drain|[of] p1a: StarPlatinum
|cant|p1a: StarPlatinum|slp
|
|-damage|p2a: Buzzwole|76/100 brn|[from] brn
|upkeep
|turn|62
|
|t:|1610131099
|move|p2a: Buzzwole|Drain Punch|p1a: StarPlatinum
|-damage|p1a: StarPlatinum|87/100 slp
|-heal|p2a: Buzzwole|78/100 brn|[from] drain|[of] p1a: StarPlatinum
|-curestatus|p1a: StarPlatinum|slp|[msg]
|move|p1a: StarPlatinum|Stockpile||[still]
|-fail|p1a: StarPlatinum
|
|-damage|p2a: Buzzwole|72/100 brn|[from] brn
|upkeep
|turn|63
|
|t:|1610131109
|move|p2a: Buzzwole|Toxic|p1a: StarPlatinum
|-status|p1a: StarPlatinum|tox
|move|p1a: StarPlatinum|Stockpile||[still]
|-fail|p1a: StarPlatinum
|
|-damage|p2a: Buzzwole|66/100 brn|[from] brn
|-damage|p1a: StarPlatinum|80/100 tox|[from] psn
|upkeep
|turn|64
|
|t:|1610131118
|move|p2a: Buzzwole|Drain Punch|p1a: StarPlatinum
|-damage|p1a: StarPlatinum|76/100 tox
|-heal|p2a: Buzzwole|68/100 brn|[from] drain|[of] p1a: StarPlatinum
|move|p1a: StarPlatinum|Stockpile||[still]
|-fail|p1a: StarPlatinum
|
|-damage|p2a: Buzzwole|62/100 brn|[from] brn
|-damage|p1a: StarPlatinum|64/100 tox|[from] psn
|upkeep
|turn|65
|
|t:|1610131128
|move|p2a: Buzzwole|Drain Punch|p1a: StarPlatinum
|-damage|p1a: StarPlatinum|59/100 tox
|-heal|p2a: Buzzwole|64/100 brn|[from] drain|[of] p1a: StarPlatinum
|move|p1a: StarPlatinum|Stockpile||[still]
|-fail|p1a: StarPlatinum
|
|-damage|p2a: Buzzwole|58/100 brn|[from] brn
|-damage|p1a: StarPlatinum|40/100 tox|[from] psn
|upkeep
|turn|66
|
|t:|1610131152
|switch|p2a: Magearna|Magearna|82/100
|move|p1a: StarPlatinum|Rest|p1a: StarPlatinum
|-status|p1a: StarPlatinum|slp|[from] move: Rest
|-heal|p1a: StarPlatinum|100/100 slp|[silent]
|
|upkeep
|turn|67
|
|t:|1610131161
|switch|p2a: Buzzwole|Buzzwole|58/100 brn
|cant|p1a: StarPlatinum|slp
|
|-damage|p2a: Buzzwole|52/100 brn|[from] brn
|upkeep
|turn|68
|
|t:|1610131168
|move|p2a: Buzzwole|Roost|p2a: Buzzwole
|-heal|p2a: Buzzwole|100/100 brn
|-singleturn|p2a: Buzzwole|move: Roost
|cant|p1a: StarPlatinum|slp
|
|-damage|p2a: Buzzwole|94/100 brn|[from] brn
|upkeep
|turn|69
|
|t:|1610131176
|move|p2a: Buzzwole|Drain Punch|p1a: StarPlatinum
|-damage|p1a: StarPlatinum|96/100 slp
|-heal|p2a: Buzzwole|97/100 brn|[from] drain|[of] p1a: StarPlatinum
|-curestatus|p1a: StarPlatinum|slp|[msg]
|move|p1a: StarPlatinum|Stockpile||[still]
|-fail|p1a: StarPlatinum
|
|-damage|p2a: Buzzwole|90/100 brn|[from] brn
|upkeep
|turn|70
|
|t:|1610131186
|move|p2a: Buzzwole|Toxic|p1a: StarPlatinum
|-status|p1a: StarPlatinum|tox
|move|p1a: StarPlatinum|Stockpile||[still]
|-fail|p1a: StarPlatinum
|
|-damage|p2a: Buzzwole|84/100 brn|[from] brn
|-damage|p1a: StarPlatinum|90/100 tox|[from] psn
|upkeep
|turn|71
|
|t:|1610131197
|move|p2a: Buzzwole|Drain Punch|p1a: StarPlatinum
|-damage|p1a: StarPlatinum|85/100 tox
|-heal|p2a: Buzzwole|86/100 brn|[from] drain|[of] p1a: StarPlatinum
|move|p1a: StarPlatinum|Stockpile||[still]
|-fail|p1a: StarPlatinum
|
|-damage|p2a: Buzzwole|80/100 brn|[from] brn
|-damage|p1a: StarPlatinum|73/100 tox|[from] psn
|upkeep
|turn|72
|
|t:|1610131208
|move|p2a: Buzzwole|Ice Punch|p1a: StarPlatinum
|-damage|p1a: StarPlatinum|69/100 tox
|move|p1a: StarPlatinum|Stockpile||[still]
|-fail|p1a: StarPlatinum
|
|-damage|p2a: Buzzwole|74/100 brn|[from] brn
|-damage|p1a: StarPlatinum|51/100 tox|[from] psn
|upkeep
|turn|73
|
|t:|1610131222
|switch|p2a: Slowking|Slowking-Galar, F, shiny|100/100
|move|p1a: StarPlatinum|Rest|p1a: StarPlatinum
|-status|p1a: StarPlatinum|slp|[from] move: Rest
|-heal|p1a: StarPlatinum|100/100 slp|[silent]
|
|upkeep
|turn|74
|
|t:|1610131233
|cant|p1a: StarPlatinum|slp
|move|p2a: Slowking|Future Sight|p1a: StarPlatinum
|-start|p2a: Slowking|move: Future Sight
|
|upkeep
|turn|75
|
|t:|1610131238
|switch|p2a: Buzzwole|Buzzwole|74/100 brn
|cant|p1a: StarPlatinum|slp
|
|-damage|p2a: Buzzwole|68/100 brn|[from] brn
|upkeep
|turn|76
|
|t:|1610131245
|move|p2a: Buzzwole|Ice Punch|p1a: StarPlatinum
|-damage|p1a: StarPlatinum|97/100 slp
|-curestatus|p1a: StarPlatinum|slp|[msg]
|move|p1a: StarPlatinum|Scald|p2a: Buzzwole
|-damage|p2a: Buzzwole|42/100 brn
|
|-end|p1a: StarPlatinum|move: Future Sight
|-damage|p1a: StarPlatinum|72/100
|-damage|p2a: Buzzwole|36/100 brn|[from] brn
|upkeep
|turn|77
|
|t:|1610131257
|move|p2a: Buzzwole|Roost|p2a: Buzzwole
|-heal|p2a: Buzzwole|86/100 brn
|-singleturn|p2a: Buzzwole|move: Roost
|move|p1a: StarPlatinum|Stockpile||[still]
|-fail|p1a: StarPlatinum
|
|-damage|p2a: Buzzwole|79/100 brn|[from] brn
|upkeep
|turn|78
|
|t:|1610131265
|move|p2a: Buzzwole|Toxic|p1a: StarPlatinum
|-status|p1a: StarPlatinum|tox
|move|p1a: StarPlatinum|Stockpile||[still]
|-fail|p1a: StarPlatinum
|
|-damage|p2a: Buzzwole|73/100 brn|[from] brn
|-damage|p1a: StarPlatinum|66/100 tox|[from] psn
|upkeep
|turn|79
|
|t:|1610131279
|switch|p2a: Magearna|Magearna|82/100
|move|p1a: StarPlatinum|Rest|p1a: StarPlatinum
|-status|p1a: StarPlatinum|slp|[from] move: Rest
|-heal|p1a: StarPlatinum|100/100 slp|[silent]
|
|upkeep
|turn|80
|
|t:|1610131289
|move|p2a: Magearna|Flash Cannon|p1a: StarPlatinum
|-resisted|p1a: StarPlatinum
|-damage|p1a: StarPlatinum|90/100 slp
|cant|p1a: StarPlatinum|slp
|
|upkeep
|turn|81
|
|t:|1610131295
|move|p2a: Magearna|Flash Cannon|p1a: StarPlatinum
|-resisted|p1a: StarPlatinum
|-damage|p1a: StarPlatinum|80/100 slp
|cant|p1a: StarPlatinum|slp
|
|upkeep
|turn|82
|
|t:|1610131302
|move|p2a: Magearna|Flash Cannon|p1a: StarPlatinum
|-resisted|p1a: StarPlatinum
|-damage|p1a: StarPlatinum|68/100 slp
|-curestatus|p1a: StarPlatinum|slp|[msg]
|move|p1a: StarPlatinum|Scald|p2a: Magearna
|-damage|p2a: Magearna|62/100
|
|upkeep
|turn|83
|
|t:|1610131311
|switch|p2a: Slowking|Slowking-Galar, F, shiny|100/100
|move|p1a: StarPlatinum|Scald|p2a: Slowking
|-damage|p2a: Slowking|90/100
|
|upkeep
|turn|84
|
|t:|1610131318
|move|p1a: StarPlatinum|Scald|p2a: Slowking
|-damage|p2a: Slowking|80/100
|move|p2a: Slowking|Future Sight|p1a: StarPlatinum
|-start|p2a: Slowking|move: Future Sight
|
|upkeep
|turn|85
|
|t:|1610131331
|move|p1a: StarPlatinum|Scald|p2a: Slowking
|-damage|p2a: Slowking|70/100
|move|p2a: Slowking|Sludge Bomb|p1a: StarPlatinum
|-resisted|p1a: StarPlatinum
|-damage|p1a: StarPlatinum|58/100
|
|upkeep
|turn|86
|
|t:|1610131340
|move|p1a: StarPlatinum|Recover|p1a: StarPlatinum
|-heal|p1a: StarPlatinum|100/100
|move|p2a: Slowking|Sludge Bomb|p1a: StarPlatinum
|-resisted|p1a: StarPlatinum
|-damage|p1a: StarPlatinum|91/100
|
|-end|p1a: StarPlatinum|move: Future Sight
|-damage|p1a: StarPlatinum|67/100
|upkeep
|turn|87
|
|t:|1610131350
|move|p1a: StarPlatinum|Scald|p2a: Slowking
|-damage|p2a: Slowking|60/100
|move|p2a: Slowking|Future Sight|p1a: StarPlatinum
|-start|p2a: Slowking|move: Future Sight
|
|upkeep
|turn|88
|
|t:|1610131355
|move|p1a: StarPlatinum|Scald|p2a: Slowking
|-damage|p2a: Slowking|51/100
|move|p2a: Slowking|Sludge Bomb|p1a: StarPlatinum
|-resisted|p1a: StarPlatinum
|-damage|p1a: StarPlatinum|59/100
|-status|p1a: StarPlatinum|psn
|
|-damage|p1a: StarPlatinum|46/100 psn|[from] psn
|upkeep
|turn|89
|
|t:|1610131366
|switch|p2a: Magearna|Magearna|62/100
|move|p1a: StarPlatinum|Recover|p1a: StarPlatinum
|-heal|p1a: StarPlatinum|96/100 psn
|
|-end|p1a: StarPlatinum|move: Future Sight
|-damage|p1a: StarPlatinum|73/100 psn
|-damage|p1a: StarPlatinum|60/100 psn|[from] psn
|upkeep
|turn|90
|
|t:|1610131378
|move|p2a: Magearna|Fleur Cannon|p1a: StarPlatinum
|-damage|p1a: StarPlatinum|23/100 psn
|-unboost|p2a: Magearna|spa|2
|move|p1a: StarPlatinum|Scald|p2a: Magearna
|-damage|p2a: Magearna|41/100
|
|-damage|p1a: StarPlatinum|10/100 psn|[from] psn
|upkeep
|turn|91
|
|t:|1610131388
|move|p2a: Magearna|Fleur Cannon|p1a: StarPlatinum
|-damage|p1a: StarPlatinum|0 fnt
|-unboost|p2a: Magearna|spa|2
|faint|p1a: StarPlatinum
|-ability|p2a: Magearna|Soul-Heart|boost
|-boost|p2a: Magearna|spa|1
|
|upkeep
|
|t:|1610131390
|switch|p1a: WhiteAlbum|Ninetales-Alola, F|95/100
|-weather|Hail|[from] ability: Snow Warning|[of] p1a: WhiteAlbum
|turn|92
|c|☆OUTWVictitor0512|Fuck off
|
|t:|1610131403
|move|p1a: WhiteAlbum|Blizzard|p2a: Magearna
|-resisted|p2a: Magearna
|-damage|p2a: Magearna|22/100
|move|p2a: Magearna|Flash Cannon|p1a: WhiteAlbum
|-supereffective|p1a: WhiteAlbum
|-damage|p1a: WhiteAlbum|5/100
|
|-weather|Hail|[upkeep]
|-damage|p2a: Magearna|16/100|[from] Hail
|upkeep
|turn|93
|
|t:|1610131413
|move|p1a: WhiteAlbum|Blizzard|p2a: Magearna
|-resisted|p2a: Magearna
|-damage|p2a: Magearna|0 fnt
|faint|p2a: Magearna
|
|-weather|Hail|[upkeep]
|upkeep
|
|t:|1610131420
|switch|p2a: Slowking|Slowking-Galar, F, shiny|85/100
|turn|94
|
|t:|1610131424
|move|p1a: WhiteAlbum|Blizzard|p2a: Slowking
|-damage|p2a: Slowking|64/100
|move|p2a: Slowking|Sludge Bomb|p1a: WhiteAlbum
|-supereffective|p1a: WhiteAlbum
|-damage|p1a: WhiteAlbum|0 fnt
|faint|p1a: WhiteAlbum
|
|win|OUTWVictitor0512
|l|☆Tirkys
|c|☆OUTWVictitor0512|FUCK OFF
