|raw|<div class="broadcast-blue"><strong>This battle is required to be public due to a player having a name starting with 'lt81yl'.</div>
|j|☆LT81YL Makicchi
|j|‽lonietzzz
|t:|1625228700
|gametype|singles
|player|p1|LT81YL Makicchi|lucas|1905
|player|p2|lonietzzz|pokemonbreederf|1803
|teamsize|p1|6
|teamsize|p2|6
|gen|8
|tier|[Gen 8] OU
|rated|
|rule|Sleep Clause Mod: Limit one foe put to sleep
|rule|Species Clause: Limit one of each Pokémon
|rule|OHKO Clause: OHKO moves are banned
|rule|Evasion Moves Clause: Evasion moves are banned
|rule|Endless Battle Clause: Forcing endless battles is banned
|rule|HP Percentage Mod: HP is shown in percentages
|rule|Dynamax Clause: You cannot dynamax
|clearpoke
|poke|p1|Dragapult, F|
|poke|p1|Urshifu-*, F|
|poke|p1|Heatran, M|
|poke|p1|Toxapex, M|
|poke|p1|Slowking-Galar, M|
|poke|p1|Landorus-Therian, M|
|poke|p2|Garchomp, F|
|poke|p2|Dragapult, M|
|poke|p2|Mew|
|poke|p2|Cloyster, F|
|poke|p2|Kartana|
|poke|p2|Weavile, F|
|teampreview
|j|+Lunala
|j| Fylkir Pudin
|inactive|Battle timer is ON: inactive players will automatically lose when time's up. (requested by LT81YL Makicchi)
|inactive|lonietzzz also wants the timer to be on.
|j| meeps$$$$$$$$$$$$$
|
|t:|1625228715
|start
|switch|p1a: youkai mountain|Heatran, M|100/100
|switch|p2a: Mew|Mew|100/100
|turn|1
|
|t:|1625228718
|move|p2a: Mew|Thunder Wave|p1a: youkai mountain
|-status|p1a: youkai mountain|par
|cant|p1a: youkai mountain|par
|
|upkeep
|turn|2
|j| LT81YL POWER
|
|t:|1625228722
|move|p2a: Mew|Taunt|p1a: youkai mountain
|-start|p1a: youkai mountain|move: Taunt
|cant|p1a: youkai mountain|move: Taunt|Toxic
|
|upkeep
|turn|3
|
|t:|1625228724
|move|p2a: Mew|Stealth Rock|p1a: youkai mountain
|-sidestart|p1: LT81YL Makicchi|move: Stealth Rock
|move|p1a: youkai mountain|Magma Storm|p2a: Mew
|-damage|p2a: Mew|61/100
|-activate|p2a: Mew|move: Magma Storm|[of] p1a: youkai mountain
|
|-damage|p2a: Mew|49/100|[from] move: Magma Storm|[partiallytrapped]
|upkeep
|turn|4
|
|t:|1625228727
|move|p2a: Mew|Spikes|p1a: youkai mountain
|-sidestart|p1: LT81YL Makicchi|Spikes
|move|p1a: youkai mountain|Earth Power|p2a: Mew
|-damage|p2a: Mew|28/100
|
|-damage|p2a: Mew|16/100|[from] move: Magma Storm|[partiallytrapped]
|-end|p1a: youkai mountain|move: Taunt
|upkeep
|turn|5
|j| LT81YL Chaos23333
|
|t:|1625228732
|move|p2a: Mew|Taunt|p1a: youkai mountain
|-start|p1a: youkai mountain|move: Taunt
|cant|p1a: youkai mountain|move: Taunt|Stealth Rock
|
|-damage|p2a: Mew|3/100|[from] move: Magma Storm|[partiallytrapped]
|upkeep
|turn|6
|j| LT81YL Tace
|j| aimcrazygirl
|c| Fylkir Pudin|!dt taunt
|
|t:|1625228745
|switch|p1a: dark side of fate|Dragapult, F|100/100
|-damage|p1a: dark side of fate|88/100|[from] Spikes
|-damage|p1a: dark side of fate|76/100|[from] Stealth Rock
|move|p2a: Mew|Spikes|p1a: dark side of fate
|-sidestart|p1: LT81YL Makicchi|Spikes
|
|-end|p2a: Mew|Magma Storm|[partiallytrapped]|[silent]
|upkeep
|turn|7
|j| garbos
|c|☆LT81YL Makicchi|thanks
|
|t:|1625228755
|move|p1a: dark side of fate|Draco Meteor|p2a: Mew
|-damage|p2a: Mew|0 fnt
|-unboost|p1a: dark side of fate|spa|2
|faint|p2a: Mew
|
|upkeep
|l| aimcrazygirl
|
|t:|1625228767
|switch|p2a: Kartana|Kartana|100/100
|turn|8
|j| myjava
|
|t:|1625228770
|switch|p1a: plain asia|Landorus-Therian, M|100/100
|-damage|p1a: plain asia|88/100|[from] Stealth Rock
|-ability|p1a: plain asia|Intimidate|boost
|-unboost|p2a: Kartana|atk|1
|-enditem|p2a: Kartana|Adrenaline Orb
|-boost|p2a: Kartana|spe|1|[from] item: Adrenaline Orb
|move|p2a: Kartana|Swords Dance|p2a: Kartana
|-boost|p2a: Kartana|atk|2
|
|-heal|p1a: plain asia|94/100|[from] item: Leftovers
|upkeep
|turn|9
|j| tigers jaw
|j|+talah☭
|j| RipReckful
|
|t:|1625228778
|move|p2a: Kartana|Swords Dance|p2a: Kartana
|-boost|p2a: Kartana|atk|2
|move|p1a: plain asia|Earthquake|p2a: Kartana
|-damage|p2a: Kartana|48/100
|
|-heal|p1a: plain asia|99/100|[from] item: Leftovers
|upkeep
|turn|10
|
|t:|1625228781
|move|p2a: Kartana|Leaf Blade|p1a: plain asia
|-damage|p1a: plain asia|3/100
|move|p1a: plain asia|Earthquake|p2a: Kartana
|-damage|p2a: Kartana|1/100
|
|-heal|p1a: plain asia|9/100|[from] item: Leftovers
|upkeep
|turn|11
|-message|LT81YL Makicchi forfeited.
|
|win|lonietzzz
|raw|LT81YL Makicchi's rating: 1905 &rarr; <strong>1879</strong><br />(-26 for losing)
|raw|lonietzzz's rating: 1803 &rarr; <strong>1829</strong><br />(+26 for winning)
|j| LT81YL stareal
|j| Gva
|l|+talah☭
|l|+Lunala
|l|☆LT81YL Makicchi
|l| Gva
|l| garbos
|l| Fylkir Pudin
|l| myjava
|l| LT81YL Tace
|j| ironwater
|l| ironwater
|l| tigers jaw
