|j|☆Seasons in the Sun
|j|☆Run For Me Plz
|t:|1643844154
|gametype|singles
|player|p1|Seasons in the Sun|wally|1660
|player|p2|Run For Me Plz|evelyn|1667
|teamsize|p1|6
|teamsize|p2|6
|gen|8
|tier|[Gen 8] OU
|rated|
|rule|Sleep Clause Mod: Limit one foe put to sleep
|rule|Species Clause: Limit one of each Pokémon
|rule|OHKO Clause: OHKO moves are banned
|rule|Evasion Moves Clause: Evasion moves are banned
|rule|Endless Battle Clause: Forcing endless battles is banned
|rule|HP Percentage Mod: HP is shown in percentages
|rule|Dynamax Clause: You cannot dynamax
|clearpoke
|poke|p1|Marowak-Alola, M|
|poke|p1|Ferrothorn, M|
|poke|p1|Tapu Fini|
|poke|p1|Landorus-Therian, M|
|poke|p1|Zeraora|
|poke|p1|Latias, F|
|poke|p2|Buzzwole|
|poke|p2|Slowbro, M|
|poke|p2|Slowking-Galar, F|
|poke|p2|Corviknight, F|
|poke|p2|Dragapult, M|
|poke|p2|Porygon-Z|
|teampreview
|inactive|Battle timer is ON: inactive players will automatically lose when time's up. (requested by Run For Me Plz)
|inactive|Seasons in the Sun has 120 seconds left.
|
|t:|1643844205
|start
|switch|p1a: Zeraora|Zeraora|100/100
|switch|p2a: Buzzwole|Buzzwole|100/100
|turn|1
|inactive|Seasons in the Sun has 120 seconds left.
|
|t:|1643844238
|switch|p1a: Landorus|Landorus-Therian, M|100/100
|-ability|p1a: Landorus|Intimidate|boost
|-unboost|p2a: Buzzwole|atk|1
|move|p2a: Buzzwole|Earthquake|p1a: Landorus
|-immune|p1a: Landorus
|
|upkeep
|turn|2
|inactive|Seasons in the Sun has 120 seconds left.
|
|t:|1643844253
|switch|p2a: Excalibird|Corviknight, F, shiny|100/100
|-ability|p2a: Excalibird|Pressure
|switch|p1a: Ferrothorn|Ferrothorn, M|100/100
|
|upkeep
|turn|3
|inactive|Seasons in the Sun has 120 seconds left.
|
|t:|1643844280
|switch|p2a: Slowbro|Slowbro, M|100/100
|move|p1a: Ferrothorn|Stealth Rock|p2a: Slowbro
|-sidestart|p2: Run For Me Plz|move: Stealth Rock
|
|upkeep
|turn|4
|inactive|Seasons in the Sun has 90 seconds left.
|j| 0SiegeWarfare
|c| 0SiegeWarfare|flame
|
|t:|1643844333
|move|p1a: Ferrothorn|Knock Off|p2a: Slowbro
|-supereffective|p2a: Slowbro
|-crit|p2a: Slowbro
|-damage|p2a: Slowbro|63/100
|-enditem|p2a: Slowbro|Heavy-Duty Boots|[from] move: Knock Off|[of] p1a: Ferrothorn
|move|p2a: Slowbro|Future Sight|p1a: Ferrothorn
|-start|p2a: Slowbro|move: Future Sight
|
|upkeep
|turn|5
|inactive|Seasons in the Sun has 60 seconds left.
|j| icnincieninec
|
|t:|1643844355
|move|p1a: Ferrothorn|Knock Off|p2a: Slowbro
|-supereffective|p2a: Slowbro
|-damage|p2a: Slowbro|46/100
|move|p2a: Slowbro|Teleport|p2a: Slowbro
|
|t:|1643844369
|switch|p2a: Buzzwole|Buzzwole|100/100|[from]move: Teleport
|-damage|p2a: Buzzwole|88/100|[from] Stealth Rock
|
|upkeep
|turn|6
|inactive|Seasons in the Sun has 60 seconds left.
|
|t:|1643844395
|switch|p1a: Landorus|Landorus-Therian, M|100/100
|-ability|p1a: Landorus|Intimidate|boost
|-unboost|p2a: Buzzwole|atk|1
|move|p2a: Buzzwole|Close Combat|p1a: Landorus
|-resisted|p1a: Landorus
|-damage|p1a: Landorus|66/100
|-unboost|p2a: Buzzwole|def|1
|-unboost|p2a: Buzzwole|spd|1
|
|-end|p1a: Landorus|move: Future Sight
|-damage|p1a: Landorus|33/100
|-heal|p1a: Landorus|39/100|[from] item: Leftovers
|upkeep
|turn|7
|
|t:|1643844413
|switch|p2a: Excalibird|Corviknight, F, shiny|100/100
|-damage|p2a: Excalibird|88/100|[from] Stealth Rock
|-ability|p2a: Excalibird|Pressure
|switch|p1a: Marowak|Marowak-Alola, M|100/100
|
|-heal|p2a: Excalibird|94/100|[from] item: Leftovers
|upkeep
|turn|8
|
|t:|1643844425
|switch|p2a: Porygon-Z|Porygon-Z, shiny|100/100
|-damage|p2a: Porygon-Z|88/100|[from] Stealth Rock
|-ability|p2a: Porygon-Z|Download|boost
|-boost|p2a: Porygon-Z|spa|1
|move|p1a: Marowak|Flare Blitz|p2a: Porygon-Z
|-damage|p2a: Porygon-Z|0 fnt
|faint|p2a: Porygon-Z
|-damage|p1a: Marowak|68/100|[from] Recoil
|
|upkeep
|
|t:|1643844430
|switch|p2a: Dragapult|Dragapult, M|100/100
|-damage|p2a: Dragapult|88/100|[from] Stealth Rock
|turn|9
|c| 0SiegeWarfare|gg
|inactive|Seasons in the Sun has 30 seconds left.
|inactive|Seasons in the Sun has 20 seconds left.
|inactive|Seasons in the Sun has 15 seconds left.
|inactive|Seasons in the Sun has 10 seconds left.
|
|t:|1643844477
|switch|p1a: Ferrothorn|Ferrothorn, M|100/100
|move|p2a: Dragapult|Shadow Ball|p1a: Ferrothorn
|-damage|p1a: Ferrothorn|77/100
|
|-heal|p1a: Ferrothorn|83/100|[from] item: Leftovers
|upkeep
|turn|10
|inactive|Seasons in the Sun has 20 seconds left this turn.
|inactive|Seasons in the Sun has 15 seconds left.
|
|t:|1643844485
|switch|p2a: Slowking|Slowking-Galar, F|100/100
|-damage|p2a: Slowking|88/100|[from] Stealth Rock
|move|p1a: Ferrothorn|Leech Seed|p2a: Slowking
|-start|p2a: Slowking|move: Leech Seed
|
|-heal|p1a: Ferrothorn|89/100|[from] item: Leftovers
|-damage|p2a: Slowking|76/100|[from] Leech Seed|[of] p1a: Ferrothorn
|-heal|p1a: Ferrothorn|100/100|[silent]
|upkeep
|turn|11
|inactive|Seasons in the Sun has 25 seconds left this turn.
|inactive|Seasons in the Sun has 20 seconds left.
|inactive|Seasons in the Sun has 15 seconds left.
|
|t:|1643844499
|switch|p1a: Landorus|Landorus-Therian, M|39/100
|-ability|p1a: Landorus|Intimidate|boost
|-unboost|p2a: Slowking|atk|1
|move|p2a: Slowking|Sludge Bomb|p1a: Landorus
|-resisted|p1a: Landorus
|-damage|p1a: Landorus|24/100
|-status|p1a: Landorus|psn
|
|-heal|p1a: Landorus|30/100 psn|[from] item: Leftovers
|-damage|p2a: Slowking|63/100|[from] Leech Seed|[of] p1a: Landorus
|-heal|p1a: Landorus|43/100 psn|[silent]
|-damage|p1a: Landorus|31/100 psn|[from] psn
|upkeep
|turn|12
|inactive|Seasons in the Sun has 25 seconds left this turn.
|inactive|Seasons in the Sun has 20 seconds left.
|
|t:|1643844508
|switch|p2a: Slowbro|Slowbro, M|79/100
|-damage|p2a: Slowbro|66/100|[from] Stealth Rock
|move|p1a: Landorus|U-turn|p2a: Slowbro
|-supereffective|p2a: Slowbro
|-damage|p2a: Slowbro|38/100
|inactive|Seasons in the Sun has 25 seconds left this turn.
|
|t:|1643844512
|switch|p1a: Marowak|Marowak-Alola, M|68/100|[from]move: U-turn
|
|upkeep
|turn|13
|inactive|Seasons in the Sun has 30 seconds left.
|
|t:|1643844519
|switch|p2a: Excalibird|Corviknight, F, shiny|94/100
|-damage|p2a: Excalibird|82/100|[from] Stealth Rock
|-ability|p2a: Excalibird|Pressure
|move|p1a: Marowak|Shadow Bone|p2a: Excalibird
|-damage|p2a: Excalibird|37/100
|-unboost|p2a: Excalibird|def|1
|
|-heal|p2a: Excalibird|43/100|[from] item: Leftovers
|upkeep
|turn|14
|
|t:|1643844529
|switch|p2a: Dragapult|Dragapult, M|88/100
|-damage|p2a: Dragapult|76/100|[from] Stealth Rock
|move|p1a: Marowak|Shadow Bone|p2a: Dragapult
|-supereffective|p2a: Dragapult
|-damage|p2a: Dragapult|0 fnt
|faint|p2a: Dragapult
|
|upkeep
|-message|Run For Me Plz forfeited.
|
|win|Seasons in the Sun
|raw|Seasons in the Sun's rating: 1660 &rarr; <strong>1680</strong><br />(+20 for winning)
|raw|Run For Me Plz's rating: 1667 &rarr; <strong>1647</strong><br />(-20 for losing)
|l|☆Run For Me Plz
|c|☆Seasons in the Sun|gg
|l| icnincieninec
|l| 0SiegeWarfare
