|raw|<div class="broadcast-blue"><strong>This battle is required to be public due to a player having a name starting with 'lt94je'.</div>
|j|☆LT94JE KEBAB
|j|‽kinetic chain
|t:|1661646537
|gametype|singles
|player|p1|LT94JE KEBAB|volkner|1924
|player|p2|kinetic chain|giovanni-gen1|1862
|teamsize|p1|6
|teamsize|p2|6
|gen|8
|tier|[Gen 8] OU
|rated|
|rule|Sleep Clause Mod: Limit one foe put to sleep
|rule|Species Clause: Limit one of each Pokémon
|rule|OHKO Clause: OHKO moves are banned
|rule|Evasion Items Clause: Evasion items are banned
|rule|Evasion Moves Clause: Evasion moves are banned
|rule|Endless Battle Clause: Forcing endless battles is banned
|rule|HP Percentage Mod: HP is shown in percentages
|rule|Dynamax Clause: You cannot dynamax
|clearpoke
|poke|p1|Landorus-Therian, M|
|poke|p1|Urshifu-*, M|
|poke|p1|Slowking-Galar, M|
|poke|p1|Ferrothorn, F|
|poke|p1|Dragapult, F|
|poke|p1|Zapdos|
|poke|p2|Kartana|
|poke|p2|Heatran, M|
|poke|p2|Landorus-Therian, M|
|poke|p2|Dragapult, M|
|poke|p2|Rotom-Wash|
|poke|p2|Nidoking, M|
|teampreview
|j| Mara Sattei
|j| isabela000◥▶_◀◤
|j|+starmaster
|
|t:|1661646555
|start
|switch|p1a: Urshifu|Urshifu-Rapid-Strike, M|100/100
|switch|p2a: Rotom|Rotom-Wash, shiny|100/100
|turn|1
|inactive|Battle timer is ON: inactive players will automatically lose when time's up. (requested by kinetic chain)
|
|t:|1661646565
|move|p1a: Urshifu|U-turn|p2a: Rotom
|-damage|p2a: Rotom|59/100
|
|t:|1661646567
|switch|p1a: Dragapult|Dragapult, F|100/100|[from]move: U-turn
|move|p2a: Rotom|Volt Switch|p1a: Dragapult
|-resisted|p1a: Dragapult
|-damage|p1a: Dragapult|84/100
|
|t:|1661646570
|switch|p2a: Heatran|Heatran, M, shiny|100/100|[from]move: Volt Switch
|-item|p2a: Heatran|Air Balloon
|
|upkeep
|turn|2
|
|t:|1661646574
|move|p1a: Dragapult|U-turn|p2a: Heatran
|-resisted|p2a: Heatran
|-damage|p2a: Heatran|98/100
|-enditem|p2a: Heatran|Air Balloon
|
|t:|1661646577
|switch|p1a: Landorus|Landorus-Therian, M|100/100|[from]move: U-turn
|-ability|p1a: Landorus|Intimidate|boost
|-unboost|p2a: Heatran|atk|1
|move|p2a: Heatran|Stealth Rock|p1a: Landorus
|-sidestart|p1: LT94JE KEBAB|move: Stealth Rock
|
|upkeep
|turn|3
|j| Ninjack Testing
|
|t:|1661646591
|switch|p2a: Rotom|Rotom-Wash, shiny|59/100
|move|p1a: Landorus|Defog|p2a: Rotom
|-unboost|p2a: Rotom|evasion|1
|-sideend|p1: LT94JE KEBAB|Stealth Rock|[from] move: Defog|[of] p1a: Landorus
|
|-heal|p2a: Rotom|65/100|[from] item: Leftovers
|upkeep
|turn|4
|
|t:|1661646598
|move|p1a: Landorus|U-turn|p2a: Rotom
|-damage|p2a: Rotom|41/100
|
|t:|1661646600
|switch|p1a: Slowking|Slowking-Galar, M|100/100|[from]move: U-turn
|move|p2a: Rotom|Hydro Pump|p1a: Slowking
|-damage|p1a: Slowking|80/100
|
|-heal|p2a: Rotom|47/100|[from] item: Leftovers
|upkeep
|turn|5
|
|t:|1661646603
|move|p2a: Rotom|Volt Switch|p1a: Slowking
|-damage|p1a: Slowking|67/100
|j| xImRaptor
|
|t:|1661646606
|switch|p2a: Heatran|Heatran, M, shiny|98/100|[from]move: Volt Switch
|move|p1a: Slowking|Future Sight|p2a: Heatran
|-start|p1a: Slowking|move: Future Sight
|
|upkeep
|turn|6
|j| CJQ1990
|
|t:|1661646612
|switch|p1a: Landorus|Landorus-Therian, M|100/100
|-ability|p1a: Landorus|Intimidate|boost
|-unboost|p2a: Heatran|atk|1
|move|p2a: Heatran|Stealth Rock|p1a: Landorus
|-sidestart|p1: LT94JE KEBAB|move: Stealth Rock
|
|upkeep
|turn|7
|l| isabela000◥▶_◀◤
|j| isabela000◥▶_◀◤
|
|t:|1661646626
|move|p2a: Heatran|Protect|p2a: Heatran
|-singleturn|p2a: Heatran|Protect
|move|p1a: Landorus|Defog|p2a: Heatran
|-activate|p2a: Heatran|move: Protect
|
|-end|p2a: Heatran|move: Future Sight
|-resisted|p2a: Heatran
|-damage|p2a: Heatran|73/100
|upkeep
|turn|8
|
|t:|1661646630
|switch|p2a: Rotom|Rotom-Wash, shiny|47/100
|move|p1a: Landorus|Defog|p2a: Rotom
|-unboost|p2a: Rotom|evasion|1
|-sideend|p1: LT94JE KEBAB|Stealth Rock|[from] move: Defog|[of] p1a: Landorus
|
|-heal|p2a: Rotom|53/100|[from] item: Leftovers
|upkeep
|turn|9
|
|t:|1661646633
|move|p1a: Landorus|U-turn|p2a: Rotom
|-damage|p2a: Rotom|30/100
|
|t:|1661646635
|switch|p1a: Slowking|Slowking-Galar, M|99/100|[from]move: U-turn
|move|p2a: Rotom|Pain Split|p1a: Slowking
|-sethp|p1a: Slowking|62/100|[from] move: Pain Split|[silent]
|-sethp|p2a: Rotom|80/100|[from] move: Pain Split
|
|-heal|p2a: Rotom|86/100|[from] item: Leftovers
|upkeep
|turn|10
|
|t:|1661646638
|move|p2a: Rotom|Volt Switch|p1a: Slowking
|-damage|p1a: Slowking|49/100
|
|t:|1661646639
|switch|p2a: Heatran|Heatran, M, shiny|73/100|[from]move: Volt Switch
|move|p1a: Slowking|Future Sight|p2a: Heatran
|-start|p1a: Slowking|move: Future Sight
|
|upkeep
|turn|11
|j| LT94JE Tace
|
|t:|1661646643
|switch|p1a: Urshifu|Urshifu-Rapid-Strike, M|100/100
|move|p2a: Heatran|Stealth Rock|p1a: Urshifu
|-sidestart|p1: LT94JE KEBAB|move: Stealth Rock
|
|upkeep
|turn|12
|l| LT94JE Tace
|
|t:|1661646657
|move|p1a: Urshifu|Surging Strikes|p2a: Heatran
|-supereffective|p2a: Heatran
|-crit|p2a: Heatran
|-damage|p2a: Heatran|35/100
|-supereffective|p2a: Heatran
|-crit|p2a: Heatran
|-damage|p2a: Heatran|0 fnt
|-status|p1a: Urshifu|brn|[from] ability: Flame Body|[of] p2a: Heatran
|faint|p2a: Heatran
|-hitcount|p2: Heatran|2
|
|-hint|Future Sight did not hit because the target is fainted.
|-damage|p1a: Urshifu|94/100 brn|[from] brn
|upkeep
|j| LT94JE Tace
|
|t:|1661646672
|switch|p2a: Rotom|Rotom-Wash, shiny|86/100
|turn|13
|
|t:|1661646677
|switch|p1a: Landorus|Landorus-Therian, M|100/100
|-damage|p1a: Landorus|88/100|[from] Stealth Rock
|-ability|p1a: Landorus|Intimidate|boost
|-unboost|p2a: Rotom|atk|1
|move|p2a: Rotom|Volt Switch|p1a: Landorus
|-immune|p1a: Landorus
|
|-heal|p1a: Landorus|94/100|[from] item: Leftovers
|-heal|p2a: Rotom|92/100|[from] item: Leftovers
|upkeep
|turn|14
|
|t:|1661646686
|move|p1a: Landorus|Defog|p2a: Rotom
|-unboost|p2a: Rotom|evasion|1
|-sideend|p1: LT94JE KEBAB|Stealth Rock|[from] move: Defog|[of] p1a: Landorus
|move|p2a: Rotom|Hydro Pump|p1a: Landorus
|-supereffective|p1a: Landorus
|-damage|p1a: Landorus|31/100
|
|-heal|p1a: Landorus|37/100|[from] item: Leftovers
|-heal|p2a: Rotom|98/100|[from] item: Leftovers
|upkeep
|turn|15
|
|t:|1661646691
|move|p1a: Landorus|Knock Off|p2a: Rotom
|-damage|p2a: Rotom|64/100
|-enditem|p2a: Rotom|Leftovers|[from] move: Knock Off|[of] p1a: Landorus
|move|p2a: Rotom|Volt Switch|p1a: Landorus
|-immune|p1a: Landorus
|
|-heal|p1a: Landorus|43/100|[from] item: Leftovers
|upkeep
|turn|16
|
|t:|1661646696
|move|p1a: Landorus|U-turn|p2a: Rotom
|-damage|p2a: Rotom|41/100
|
|t:|1661646698
|switch|p1a: Dragapult|Dragapult, F|84/100|[from]move: U-turn
|move|p2a: Rotom|Volt Switch|p1a: Dragapult
|-resisted|p1a: Dragapult
|-damage|p1a: Dragapult|67/100
|
|t:|1661646702
|switch|p2a: Kartana|Kartana, shiny|100/100|[from]move: Volt Switch
|
|upkeep
|turn|17
|
|t:|1661646711
|switch|p1a: Zapdos|Zapdos|100/100
|move|p2a: Kartana|Knock Off|p1a: Zapdos
|-damage|p1a: Zapdos|66/100
|-enditem|p1a: Zapdos|Heavy-Duty Boots|[from] move: Knock Off|[of] p2a: Kartana
|
|upkeep
|turn|18
|
|t:|1661646715
|switch|p2a: Rotom|Rotom-Wash, shiny|41/100
|move|p1a: Zapdos|Roost|p1a: Zapdos
|-heal|p1a: Zapdos|100/100
|-singleturn|p1a: Zapdos|move: Roost
|
|upkeep
|turn|19
|
|t:|1661646721
|move|p1a: Zapdos|Volt Switch|p2a: Rotom
|-damage|p2a: Rotom|20/100
|
|t:|1661646727
|switch|p1a: Landorus|Landorus-Therian, M|43/100|[from]move: Volt Switch
|-ability|p1a: Landorus|Intimidate|boost
|-unboost|p2a: Rotom|atk|1
|move|p2a: Rotom|Pain Split|p1a: Landorus
|-sethp|p1a: Landorus|29/100|[from] move: Pain Split|[silent]
|-sethp|p2a: Rotom|37/100|[from] move: Pain Split
|
|-heal|p1a: Landorus|35/100|[from] item: Leftovers
|upkeep
|turn|20
|
|t:|1661646731
|move|p1a: Landorus|Knock Off|p2a: Rotom
|-damage|p2a: Rotom|14/100
|move|p2a: Rotom|Hydro Pump|p1a: Landorus
|-supereffective|p1a: Landorus
|-damage|p1a: Landorus|0 fnt
|faint|p1a: Landorus
|
|upkeep
|
|t:|1661646734
|switch|p1a: Dragapult|Dragapult, F|67/100
|turn|21
|
|t:|1661646738
|move|p1a: Dragapult|Shadow Ball|p2a: Rotom
|-damage|p2a: Rotom|0 fnt
|faint|p2a: Rotom
|
|upkeep
|
|t:|1661646747
|switch|p2a: Nidoking|Nidoking, M, shiny|100/100
|turn|22
|
|t:|1661646761
|switch|p1a: Ferrothorn|Ferrothorn, F|100/100
|move|p2a: Nidoking|Earth Power|p1a: Ferrothorn
|-damage|p1a: Ferrothorn|55/100
|
|-heal|p1a: Ferrothorn|61/100|[from] item: Leftovers
|upkeep
|turn|23
|
|t:|1661646769
|move|p2a: Nidoking|Flamethrower|p1a: Ferrothorn
|-supereffective|p1a: Ferrothorn
|-damage|p1a: Ferrothorn|0 fnt
|faint|p1a: Ferrothorn
|
|upkeep
|
|t:|1661646771
|switch|p1a: Urshifu|Urshifu-Rapid-Strike, M|94/100 brn
|turn|24
|
|t:|1661646776
|switch|p2a: Kartana|Kartana, shiny|100/100
|move|p1a: Urshifu|U-turn|p2a: Kartana
|-damage|p2a: Kartana|81/100
|
|t:|1661646778
|switch|p1a: Zapdos|Zapdos|100/100|[from]move: U-turn
|
|upkeep
|turn|25
|
|t:|1661646785
|switch|p2a: Landorus|Landorus-Therian, M, shiny|100/100
|-ability|p2a: Landorus|Intimidate|boost
|-unboost|p1a: Zapdos|atk|1
|move|p1a: Zapdos|Heat Wave|p2a: Landorus
|-damage|p2a: Landorus|64/100
|-status|p2a: Landorus|brn
|
|-damage|p2a: Landorus|58/100 brn|[from] brn
|upkeep
|turn|26
|
|t:|1661646792
|move|p2a: Landorus|Gravity|p2a: Landorus
|-fieldstart|move: Gravity
|move|p1a: Zapdos|Heat Wave|p2a: Landorus
|-damage|p2a: Landorus|26/100 brn
|
|-damage|p2a: Landorus|20/100 brn|[from] brn
|upkeep
|turn|27
|
|t:|1661646799
|switch|p1a: Urshifu|Urshifu-Rapid-Strike, M|94/100 brn
|move|p2a: Landorus|Earthquake|p1a: Urshifu
|-damage|p1a: Urshifu|56/100 brn
|
|-damage|p1a: Urshifu|50/100 brn|[from] brn
|-damage|p2a: Landorus|14/100 brn|[from] brn
|upkeep
|turn|28
|
|t:|1661646807
|move|p1a: Urshifu|U-turn|p2a: Landorus
|-resisted|p2a: Landorus
|-crit|p2a: Landorus
|-damage|p2a: Landorus|0 fnt
|faint|p2a: Landorus
|
|t:|1661646810
|switch|p1a: Dragapult|Dragapult, F|67/100|[from]move: U-turn
|
|upkeep
|
|t:|1661646814
|switch|p2a: Kartana|Kartana, shiny|81/100
|turn|29
|
|t:|1661646821
|switch|p2a: Nidoking|Nidoking, M, shiny|100/100
|move|p1a: Dragapult|Shadow Ball|p2a: Nidoking
|-damage|p2a: Nidoking|31/100
|
|upkeep
|turn|30
|
|t:|1661646829
|move|p1a: Dragapult|Shadow Ball|p2a: Nidoking
|-damage|p2a: Nidoking|0 fnt
|faint|p2a: Nidoking
|
|-fieldend|move: Gravity
|upkeep
|
|t:|1661646833
|switch|p2a: Kartana|Kartana, shiny|81/100
|turn|31
|
|t:|1661646836
|switch|p1a: Zapdos|Zapdos|100/100
|move|p2a: Kartana|Knock Off|p1a: Zapdos
|-damage|p1a: Zapdos|79/100
|
|upkeep
|turn|32
|
|t:|1661646844
|move|p2a: Kartana|Knock Off|p1a: Zapdos
|-damage|p1a: Zapdos|56/100
|move|p1a: Zapdos|Volt Switch|p2a: Kartana
|-resisted|p2a: Kartana
|-damage|p2a: Kartana|34/100
|
|t:|1661646848
|switch|p1a: Urshifu|Urshifu-Rapid-Strike, M|50/100 brn|[from]move: Volt Switch
|
|-damage|p1a: Urshifu|44/100 brn|[from] brn
|upkeep
|turn|33
|
|t:|1661646851
|move|p2a: Kartana|Knock Off|p1a: Urshifu
|-resisted|p1a: Urshifu
|-damage|p1a: Urshifu|21/100 brn
|-enditem|p1a: Urshifu|Choice Band|[from] move: Knock Off|[of] p2a: Kartana
|move|p1a: Urshifu|U-turn|p2a: Kartana
|-damage|p2a: Kartana|21/100
|
|t:|1661646853
|switch|p1a: Zapdos|Zapdos|56/100|[from]move: U-turn
|
|upkeep
|turn|34
|
|t:|1661646858
|move|p2a: Kartana|Knock Off|p1a: Zapdos
|-damage|p1a: Zapdos|33/100
|move|p1a: Zapdos|Roost|p1a: Zapdos
|-heal|p1a: Zapdos|84/100
|-singleturn|p1a: Zapdos|move: Roost
|
|upkeep
|turn|35
|
|t:|1661646861
|move|p2a: Kartana|Knock Off|p1a: Zapdos
|-damage|p1a: Zapdos|58/100
|-status|p2a: Kartana|par|[from] ability: Static|[of] p1a: Zapdos
|move|p1a: Zapdos|Volt Switch|p2a: Kartana
|-resisted|p2a: Kartana
|-damage|p2a: Kartana|0 fnt
|faint|p2a: Kartana
|
|t:|1661646866
|switch|p1a: Slowking|Slowking-Galar, M|83/100|[from]move: Volt Switch
|
|upkeep
|
|t:|1661646867
|switch|p2a: Dragapult|Dragapult, M, shiny|100/100
|turn|36
|
|t:|1661646871
|switch|p1a: Urshifu|Urshifu-Rapid-Strike, M|21/100 brn
|move|p2a: Dragapult|Dragon Dance|p2a: Dragapult
|-boost|p2a: Dragapult|atk|1
|-boost|p2a: Dragapult|spe|1
|
|-damage|p1a: Urshifu|15/100 brn|[from] brn
|upkeep
|turn|37
|
|t:|1661646876
|move|p2a: Dragapult|Dragon Darts|p1a: Urshifu
|-damage|p1a: Urshifu|0 fnt
|faint|p1a: Urshifu
|
|upkeep
|
|t:|1661646878
|switch|p1a: Zapdos|Zapdos|58/100
|turn|38
|
|t:|1661646882
|move|p2a: Dragapult|Dragon Darts|p1a: Zapdos
|-damage|p1a: Zapdos|28/100
|-anim|p2a: Dragapult|Dragon Darts|p1a: Zapdos
|-damage|p1a: Zapdos|0 fnt
|faint|p1a: Zapdos
|
|upkeep
|
|t:|1661646885
|switch|p1a: Slowking|Slowking-Galar, M|100/100
|turn|39
|j| CXXXXVI
|
|t:|1661646890
|move|p2a: Dragapult|Phantom Force||[still]
|-prepare|p2a: Dragapult|Phantom Force
|-enditem|p2a: Dragapult|Power Herb
|-anim|p2a: Dragapult|Phantom Force|p1a: Slowking
|-supereffective|p1a: Slowking
|-damage|p1a: Slowking|0 fnt
|faint|p1a: Slowking
|
|upkeep
|
|t:|1661646894
|switch|p1a: Dragapult|Dragapult, F|67/100
|turn|40
|
|t:|1661646896
|move|p2a: Dragapult|Dragon Darts|p1a: Dragapult
|-supereffective|p1a: Dragapult
|-damage|p1a: Dragapult|0 fnt
|faint|p1a: Dragapult
|
|win|kinetic chain
|raw|LT94JE KEBAB's rating: 1924 &rarr; <strong>1900</strong><br />(-24 for losing)
|raw|kinetic chain's rating: 1862 &rarr; <strong>1886</strong><br />(+24 for winning)
|l|☆LT94JE KEBAB
|l| isabela000◥▶_◀◤
|l| Mara Sattei
|l|‽kinetic chain
|l| LT94JE Tace
|l| CXXXXVI
||Ladder isn't responding, score probably updated but might not have (Request timeout).
|l| CJQ1990
|l| xImRaptor
|l| Ninjack Testing
|j| LT94JE tj
