|html|<div class="broadcast-blue"><strong>[Gen 8] OU is currently suspecting Melmetal! For information on how to participate check out the <a href="https://www.smogon.com/forums/threads/np-ss-ou-suspect-process-round-12-monster-mash.3709234/">suspect thread</a>.</strong></div>
|j|☆No Policy
|j|☆dddjfdw
|t:|1666231676
|gametype|singles
|player|p1|No Policy|1|1086
|player|p2|dddjfdw|2|1108
|teamsize|p1|6
|teamsize|p2|6
|gen|8
|tier|[Gen 8] OU
|rated|
|rule|Sleep Clause Mod: Limit one foe put to sleep
|rule|Species Clause: Limit one of each Pokémon
|rule|OHKO Clause: OHKO moves are banned
|rule|Evasion Items Clause: Evasion items are banned
|rule|Evasion Moves Clause: Evasion moves are banned
|rule|Endless Battle Clause: Forcing endless battles is banned
|rule|HP Percentage Mod: HP is shown in percentages
|rule|Dynamax Clause: You cannot dynamax
|clearpoke
|poke|p1|Sylveon, F|
|poke|p1|Latios, M|
|poke|p1|Scolipede, F|
|poke|p1|Landorus-Therian, M|
|poke|p1|Magnezone|
|poke|p1|Vaporeon, F|
|poke|p2|Landorus-Therian, M|
|poke|p2|Heatran, M|
|poke|p2|Slowbro, M|
|poke|p2|Urshifu-*, M|
|poke|p2|Zapdos|
|poke|p2|Rillaboom, F|
|teampreview
|inactive|Battle timer is ON: inactive players will automatically lose when time's up. (requested by dddjfdw)
|
|t:|1666231692
|start
|switch|p1a: Landorus|Landorus-Therian, M|100/100
|switch|p2a: Landorus|Landorus-Therian, M|100/100
|-ability|p1a: Landorus|Intimidate|boost
|-unboost|p2a: Landorus|atk|1
|-ability|p2a: Landorus|Intimidate|boost
|-unboost|p1a: Landorus|atk|1
|turn|1
|
|t:|1666231695
|move|p1a: Landorus|Knock Off|p2a: Landorus
|-damage|p2a: Landorus|78/100
|-enditem|p2a: Landorus|Leftovers|[from] move: Knock Off|[of] p1a: Landorus
|move|p2a: Landorus|Stealth Rock|p1a: Landorus
|-sidestart|p1: No Policy|move: Stealth Rock
|
|upkeep
|turn|2
|
|t:|1666231702
|move|p1a: Landorus|Defog|p2a: Landorus
|-unboost|p2a: Landorus|evasion|1
|-sideend|p1: No Policy|Stealth Rock|[from] move: Defog|[of] p1a: Landorus
|move|p2a: Landorus|Knock Off|p1a: Landorus
|-damage|p1a: Landorus|77/100
|-enditem|p1a: Landorus|Leftovers|[from] move: Knock Off|[of] p2a: Landorus
|
|upkeep
|turn|3
|
|t:|1666231706
|move|p1a: Landorus|U-turn|p2a: Landorus
|-resisted|p2a: Landorus
|-damage|p2a: Landorus|69/100
|
|t:|1666231718
|switch|p1a: Vaporeon|Vaporeon, F|100/100|[from]move: U-turn
|move|p2a: Landorus|Stealth Rock|p1a: Vaporeon
|-sidestart|p1: No Policy|move: Stealth Rock
|
|upkeep
|turn|4
|
|t:|1666231725
|move|p2a: Landorus|Knock Off|p1a: Vaporeon
|-damage|p1a: Vaporeon|86/100
|-enditem|p1a: Vaporeon|Leftovers|[from] move: Knock Off|[of] p2a: Landorus
|move|p1a: Vaporeon|Scald|p2a: Landorus
|-supereffective|p2a: Landorus
|-damage|p2a: Landorus|2/100
|
|upkeep
|turn|5
|
|t:|1666231732
|move|p2a: Landorus|U-turn|p1a: Vaporeon
|-damage|p1a: Vaporeon|75/100
|
|t:|1666231737
|switch|p2a: Slowbro|Slowbro, M|100/100|[from]move: U-turn
|move|p1a: Vaporeon|Scald|p2a: Slowbro
|-resisted|p2a: Slowbro
|-damage|p2a: Slowbro|85/100
|
|upkeep
|turn|6
|
|t:|1666231744
|move|p1a: Vaporeon|Toxic|p2a: Slowbro
|-status|p2a: Slowbro|tox
|move|p2a: Slowbro|Thunder Wave|p1a: Vaporeon|[miss]
|-miss|p2a: Slowbro|p1a: Vaporeon
|
|-damage|p2a: Slowbro|79/100 tox|[from] psn
|upkeep
|turn|7
|
|t:|1666231750
|switch|p1a: Magnezone|Magnezone|100/100
|-damage|p1a: Magnezone|94/100|[from] Stealth Rock
|move|p2a: Slowbro|Future Sight|p1a: Magnezone
|-start|p2a: Slowbro|move: Future Sight
|
|-damage|p2a: Slowbro|66/100 tox|[from] psn
|upkeep
|turn|8
|
|t:|1666231760
|switch|p2a: Heatran|Heatran, M|100/100
|move|p1a: Magnezone|Flash Cannon|p2a: Heatran
|-resisted|p2a: Heatran
|-damage|p2a: Heatran|93/100
|
|-heal|p2a: Heatran|99/100|[from] item: Leftovers
|upkeep
|turn|9
|
|t:|1666231771
|switch|p1a: Vaporeon|Vaporeon, F|75/100
|-damage|p1a: Vaporeon|63/100|[from] Stealth Rock
|move|p2a: Heatran|Magma Storm|p1a: Vaporeon
|-resisted|p1a: Vaporeon
|-damage|p1a: Vaporeon|47/100
|-activate|p1a: Vaporeon|move: Magma Storm|[of] p2a: Heatran
|
|-end|p1a: Vaporeon|move: Future Sight
|-damage|p1a: Vaporeon|13/100
|-heal|p2a: Heatran|100/100|[from] item: Leftovers
|-damage|p1a: Vaporeon|1/100|[from] move: Magma Storm|[partiallytrapped]
|upkeep
|turn|10
|
|t:|1666231783
|move|p2a: Heatran|Earth Power|p1a: Vaporeon
|-damage|p1a: Vaporeon|0 fnt
|faint|p1a: Vaporeon
|
|upkeep
|
|t:|1666231794
|switch|p1a: Landorus|Landorus-Therian, M|77/100
|-damage|p1a: Landorus|64/100|[from] Stealth Rock
|-ability|p1a: Landorus|Intimidate|boost
|-unboost|p2a: Heatran|atk|1
|turn|11
|
|t:|1666231799
|move|p1a: Landorus|Defog|p2a: Heatran
|-unboost|p2a: Heatran|evasion|1
|-sideend|p1: No Policy|Stealth Rock|[from] move: Defog|[of] p1a: Landorus
|move|p2a: Heatran|Will-O-Wisp|p1a: Landorus|[miss]
|-miss|p2a: Heatran|p1a: Landorus
|
|upkeep
|turn|12
|
|t:|1666231811
|switch|p2a: Zapdos|Zapdos|100/100
|move|p1a: Landorus|Knock Off|p2a: Zapdos
|-damage|p2a: Zapdos|55/100
|-enditem|p2a: Zapdos|Heavy-Duty Boots|[from] move: Knock Off|[of] p1a: Landorus
|
|upkeep
|turn|13
|
|t:|1666231819
|switch|p1a: Latios|Latios, M|100/100
|move|p2a: Zapdos|Hurricane|p1a: Latios
|-damage|p1a: Latios|37/100
|
|upkeep
|turn|14
|
|t:|1666231825
|move|p1a: Latios|Draco Meteor|p2a: Zapdos
|-damage|p2a: Zapdos|0 fnt
|-unboost|p1a: Latios|spa|2
|faint|p2a: Zapdos
|
|upkeep
|
|t:|1666231830
|switch|p2a: Heatran|Heatran, M|100/100
|turn|15
|
|t:|1666231833
|switch|p1a: Landorus|Landorus-Therian, M|64/100
|-ability|p1a: Landorus|Intimidate|boost
|-unboost|p2a: Heatran|atk|1
|move|p2a: Heatran|Will-O-Wisp|p1a: Landorus
|-status|p1a: Landorus|brn
|
|-damage|p1a: Landorus|58/100 brn|[from] brn
|upkeep
|turn|16
|
|t:|1666231842
|move|p2a: Heatran|Protect|p2a: Heatran
|-singleturn|p2a: Heatran|Protect
|move|p1a: Landorus|Knock Off|p2a: Heatran
|-activate|p2a: Heatran|move: Protect
|
|-damage|p1a: Landorus|53/100 brn|[from] brn
|upkeep
|turn|17
|
|t:|1666231850
|switch|p2a: Landorus|Landorus-Therian, M|2/100
|-ability|p2a: Landorus|Intimidate|boost
|-unboost|p1a: Landorus|atk|1
|move|p1a: Landorus|Earthquake|p2a: Landorus
|-immune|p2a: Landorus
|
|-damage|p1a: Landorus|47/100 brn|[from] brn
|upkeep
|turn|18
|
|t:|1666231859
|move|p1a: Landorus|U-turn|p2a: Landorus
|-resisted|p2a: Landorus
|-damage|p2a: Landorus|0 fnt
|faint|p2a: Landorus
|
|t:|1666231862
|switch|p1a: Latios|Latios, M|37/100|[from]move: U-turn
|
|upkeep
|
|t:|1666231873
|switch|p2a: Heatran|Heatran, M|100/100
|turn|19
|
|t:|1666231894
|move|p1a: Latios|Draco Meteor|p2a: Heatran
|-resisted|p2a: Heatran
|-damage|p2a: Heatran|79/100
|-unboost|p1a: Latios|spa|2
|move|p2a: Heatran|Magma Storm|p1a: Latios
|-resisted|p1a: Latios
|-damage|p1a: Latios|13/100
|-activate|p1a: Latios|move: Magma Storm|[of] p2a: Heatran
|
|-heal|p2a: Heatran|85/100|[from] item: Leftovers
|-damage|p1a: Latios|1/100|[from] move: Magma Storm|[partiallytrapped]
|upkeep
|turn|20
|
|t:|1666231904
|move|p2a: Heatran|Protect|p2a: Heatran
|-singleturn|p2a: Heatran|Protect
|move|p1a: Latios|Draco Meteor|p2a: Heatran
|-activate|p2a: Heatran|move: Protect
|
|-heal|p2a: Heatran|91/100|[from] item: Leftovers
|-damage|p1a: Latios|0 fnt|[from] move: Magma Storm|[partiallytrapped]
|faint|p1a: Latios
|upkeep
|
|t:|1666231910
|switch|p1a: Landorus|Landorus-Therian, M|47/100 brn
|-ability|p1a: Landorus|Intimidate|boost
|-unboost|p2a: Heatran|atk|1
|turn|21
|
|t:|1666231916
|move|p2a: Heatran|Protect||[still]
|-fail|p2a: Heatran
|move|p1a: Landorus|Earthquake|p2a: Heatran
|-supereffective|p2a: Heatran
|-crit|p2a: Heatran
|-damage|p2a: Heatran|0 fnt
|faint|p2a: Heatran
|
|-damage|p1a: Landorus|41/100 brn|[from] brn
|upkeep
|
|t:|1666231922
|switch|p2a: Urshifu|Urshifu-Rapid-Strike, M|100/100
|turn|22
|
|t:|1666231928
|move|p2a: Urshifu|Surging Strikes|p1a: Landorus
|-supereffective|p1a: Landorus
|-crit|p1a: Landorus
|-damage|p1a: Landorus|0 fnt
|faint|p1a: Landorus
|-hitcount|p1: Landorus|1
|
|upkeep
|
|t:|1666231936
|switch|p1a: Scolipede|Scolipede, F|100/100
|turn|23
|
|t:|1666231941
|move|p1a: Scolipede|Protect|p1a: Scolipede
|-singleturn|p1a: Scolipede|Protect
|move|p2a: Urshifu|Surging Strikes|p1a: Scolipede
|-crit|p1a: Scolipede
|-damage|p1a: Scolipede|61/100
|-crit|p1a: Scolipede
|-damage|p1a: Scolipede|18/100
|-crit|p1a: Scolipede
|-damage|p1a: Scolipede|0 fnt
|faint|p1a: Scolipede
|-hitcount|p1: Scolipede|3
|
|upkeep
|
|t:|1666231948
|switch|p1a: Magnezone|Magnezone|94/100
|turn|24
|
|t:|1666231953
|switch|p2a: Rillaboom|Rillaboom, F|100/100
|-fieldstart|move: Grassy Terrain|[from] ability: Grassy Surge|[of] p2a: Rillaboom
|move|p1a: Magnezone|Thunderbolt|p2a: Rillaboom
|-resisted|p2a: Rillaboom
|-crit|p2a: Rillaboom
|-damage|p2a: Rillaboom|60/100
|
|-heal|p2a: Rillaboom|67/100|[from] Grassy Terrain
|-heal|p1a: Magnezone|100/100|[from] Grassy Terrain
|upkeep
|turn|25
|
|t:|1666231970
|move|p2a: Rillaboom|U-turn|p1a: Magnezone
|-resisted|p1a: Magnezone
|-damage|p1a: Magnezone|84/100
|
|t:|1666231977
|switch|p2a: Slowbro|Slowbro, M|99/100 tox|[from]move: U-turn
|move|p1a: Magnezone|Iron Defense|p1a: Magnezone
|-boost|p1a: Magnezone|def|2
|
|-heal|p1a: Magnezone|90/100|[from] Grassy Terrain
|-heal|p2a: Slowbro|100/100 tox|[from] Grassy Terrain
|-damage|p2a: Slowbro|94/100 tox|[from] psn
|upkeep
|turn|26
|
|t:|1666231991
|move|p1a: Magnezone|Thunderbolt|p2a: Slowbro
|-supereffective|p2a: Slowbro
|-damage|p2a: Slowbro|0 fnt
|faint|p2a: Slowbro
|
|-heal|p1a: Magnezone|96/100|[from] Grassy Terrain
|upkeep
|
|t:|1666231997
|switch|p2a: Urshifu|Urshifu-Rapid-Strike, M|100/100
|turn|27
|
|t:|1666232000
|move|p2a: Urshifu|Close Combat|p1a: Magnezone
|-supereffective|p1a: Magnezone
|-damage|p1a: Magnezone|11/100
|-unboost|p2a: Urshifu|def|1
|-unboost|p2a: Urshifu|spd|1
|move|p1a: Magnezone|Thunderbolt|p2a: Urshifu
|-supereffective|p2a: Urshifu
|-damage|p2a: Urshifu|0 fnt
|faint|p2a: Urshifu
|
|-heal|p1a: Magnezone|17/100|[from] Grassy Terrain
|upkeep
|
|t:|1666232007
|switch|p2a: Rillaboom|Rillaboom, F|67/100
|turn|28
|
|t:|1666232013
|move|p2a: Rillaboom|Grassy Glide|p1a: Magnezone
|-resisted|p1a: Magnezone
|-damage|p1a: Magnezone|0 fnt
|faint|p1a: Magnezone
|
|-heal|p2a: Rillaboom|73/100|[from] Grassy Terrain
|-fieldend|move: Grassy Terrain
|upkeep
|
|t:|1666232017
|switch|p1a: Sylveon|Sylveon, F|100/100
|turn|29
|
|t:|1666232027
|move|p1a: Sylveon|Mystical Fire|p2a: Rillaboom
|-supereffective|p2a: Rillaboom
|-damage|p2a: Rillaboom|23/100
|-unboost|p2a: Rillaboom|spa|1
|move|p2a: Rillaboom|Grassy Glide|p1a: Sylveon
|-damage|p1a: Sylveon|22/100
|
|upkeep
|turn|30
|
|t:|1666232034
|move|p1a: Sylveon|Mystical Fire|p2a: Rillaboom
|-supereffective|p2a: Rillaboom
|-damage|p2a: Rillaboom|0 fnt
|faint|p2a: Rillaboom
|
|win|No Policy
|raw|No Policy's rating: 1086 &rarr; <strong>1115</strong><br />(+29 for winning)
|raw|dddjfdw's rating: 1108 &rarr; <strong>1081</strong><br />(-27 for losing)
|l|☆dddjfdw
