|j|☆andrevc6_
|j|☆ArcanineSquad
|t:|1607966167
|player|p1|andrevc6_|steven|1382
|player|p2|ArcanineSquad|cynthia-gen4|1419
|teamsize|p1|6
|teamsize|p2|6
|gametype|singles
|gen|8
|tier|[Gen 8] OU
|rated|
|clearpoke
|poke|p1|Ferrothorn, F|
|poke|p1|Toxapex, M|
|poke|p1|Moltres|
|poke|p1|Clefable, F|
|poke|p1|Corviknight, F|
|poke|p1|Garchomp, M|
|poke|p2|Clefable, M|
|poke|p2|Cinderace, M|
|poke|p2|Slowking, F|
|poke|p2|Landorus-Therian, M|
|poke|p2|Magearna|
|poke|p2|Hydreigon, M|
|rule|Sleep Clause Mod: Limit one foe put to sleep
|rule|Species Clause: Limit one of each Pokémon
|rule|OHKO Clause: OHKO moves are banned
|rule|Evasion Moves Clause: Evasion moves are banned
|rule|Endless Battle Clause: Forcing endless battles is banned
|rule|HP Percentage Mod: HP is shown in percentages
|rule|Dynamax Clause: You cannot dynamax
|teampreview
|inactive|Battle timer is ON: inactive players will automatically lose when time's up. (requested by andrevc6_)
|
|t:|1607966185
|start
|switch|p1a: Toxapex|Toxapex, M|100/100
|switch|p2a: Cinderace|Cinderace, M|100/100
|turn|1
|
|t:|1607966208
|switch|p2a: Slowking|Slowking, F|100/100
|move|p1a: Toxapex|Toxic|p2a: Slowking
|-status|p2a: Slowking|tox
|
|-damage|p2a: Slowking|94/100 tox|[from] psn
|upkeep
|turn|2
|
|t:|1607966216
|switch|p1a: Ferrothorn|Ferrothorn, F|100/100
|move|p2a: Slowking|Future Sight|p1a: Ferrothorn
|-start|p2a: Slowking|move: Future Sight
|
|-damage|p2a: Slowking|82/100 tox|[from] psn
|upkeep
|turn|3
|
|t:|1607966235
|move|p1a: Ferrothorn|Leech Seed|p2a: Slowking
|-start|p2a: Slowking|move: Leech Seed
|move|p2a: Slowking|Teleport|p2a: Slowking
|
|t:|1607966239
|switch|p2a: Cinderace|Cinderace, M|100/100|[from]move: Teleport
|
|upkeep
|turn|4
|
|t:|1607966255
|switch|p1a: Corviknight|Corviknight, F|100/100
|-ability|p1a: Corviknight|Pressure
|move|p2a: Cinderace|Gunk Shot|p1a: Corviknight
|-start|p2a: Cinderace|typechange|Poison|[from] ability: Libero
|-immune|p1a: Corviknight
|
|-end|p1a: Corviknight|move: Future Sight
|-resisted|p1a: Corviknight
|-damage|p1a: Corviknight|79/100
|upkeep
|turn|5
|
|t:|1607966268
|switch|p1a: Toxapex|Toxapex, M|100/100
|move|p2a: Cinderace|U-turn|p1a: Toxapex
|-start|p2a: Cinderace|typechange|Bug|[from] ability: Libero
|-resisted|p1a: Toxapex
|-crit|p1a: Toxapex
|-damage|p1a: Toxapex|82/100
|
|t:|1607966273
|switch|p2a: Magearna|Magearna|100/100|[from]move: U-turn
|
|-heal|p1a: Toxapex|88/100|[from] item: Black Sludge
|upkeep
|turn|6
|
|t:|1607966281
|move|p2a: Magearna|Trick|p1a: Toxapex
|-activate|p2a: Magearna|move: Trick|[of] p1a: Toxapex
|-item|p1a: Toxapex|Choice Specs|[from] move: Trick
|-item|p2a: Magearna|Black Sludge|[from] move: Trick
|move|p1a: Toxapex|Scald|p2a: Magearna
|-damage|p2a: Magearna|77/100
|-status|p2a: Magearna|brn
|
|-damage|p2a: Magearna|65/100 brn|[from] item: Black Sludge
|-damage|p2a: Magearna|59/100 brn|[from] brn
|upkeep
|turn|7
|
|t:|1607966291
|move|p2a: Magearna|Volt Switch|p1a: Toxapex
|-supereffective|p1a: Toxapex
|-damage|p1a: Toxapex|40/100
|
|t:|1607966297
|switch|p2a: Clefable|Clefable, M|100/100|[from]move: Volt Switch
|move|p1a: Toxapex|Scald|p2a: Clefable
|-damage|p2a: Clefable|77/100
|
|upkeep
|turn|8
|c|☆andrevc6_|specs pex hard hitting scald
|c|☆andrevc6_|new meta
|
|t:|1607966304
|switch|p1a: Ferrothorn|Ferrothorn, F|100/100
|move|p2a: Clefable|Stealth Rock|p1a: Ferrothorn
|-sidestart|p1: andrevc6_|move: Stealth Rock
|
|upkeep
|turn|9
|c|☆ArcanineSquad|Lmao
|
|t:|1607966316
|move|p2a: Clefable|Knock Off|p1a: Ferrothorn
|-damage|p1a: Ferrothorn|89/100
|-activate|p1a: Ferrothorn|ability: Iron Barbs
|-enditem|p1a: Ferrothorn|Rocky Helmet|[from] move: Knock Off|[of] p2a: Clefable
|move|p1a: Ferrothorn|Knock Off|p2a: Clefable
|-resisted|p2a: Clefable
|-damage|p2a: Clefable|69/100
|-damage|p1a: Ferrothorn|73/100|[from] item: Rocky Helmet|[of] p2a: Clefable
|-enditem|p2a: Clefable|Rocky Helmet|[from] move: Knock Off|[of] p1a: Ferrothorn
|
|upkeep
|turn|10
|
|t:|1607966327
|move|p2a: Clefable|Soft-Boiled|p2a: Clefable
|-heal|p2a: Clefable|100/100
|move|p1a: Ferrothorn|Stealth Rock|p2a: Clefable
|-sidestart|p2: ArcanineSquad|move: Stealth Rock
|
|upkeep
|turn|11
|
|t:|1607966330
|move|p2a: Clefable|Moonblast|p1a: Ferrothorn
|-resisted|p1a: Ferrothorn
|-damage|p1a: Ferrothorn|62/100
|move|p1a: Ferrothorn|Spikes|p2a: Clefable
|-sidestart|p2: ArcanineSquad|Spikes
|
|upkeep
|turn|12
|
|t:|1607966334
|move|p2a: Clefable|Moonblast|p1a: Ferrothorn
|-resisted|p1a: Ferrothorn
|-damage|p1a: Ferrothorn|52/100
|-unboost|p1a: Ferrothorn|spa|1
|move|p1a: Ferrothorn|Spikes|p2a: Clefable
|-sidestart|p2: ArcanineSquad|Spikes
|
|upkeep
|turn|13
|
|t:|1607966338
|move|p2a: Clefable|Moonblast|p1a: Ferrothorn
|-resisted|p1a: Ferrothorn
|-damage|p1a: Ferrothorn|41/100
|move|p1a: Ferrothorn|Spikes|p2a: Clefable
|-sidestart|p2: ArcanineSquad|Spikes
|
|upkeep
|turn|14
|
|t:|1607966343
|switch|p1a: Corviknight|Corviknight, F|79/100
|-ability|p1a: Corviknight|Pressure
|move|p2a: Clefable|Moonblast|p1a: Corviknight
|-resisted|p1a: Corviknight
|-damage|p1a: Corviknight|64/100
|-unboost|p1a: Corviknight|spa|1
|
|upkeep
|turn|15
|
|t:|1607966348
|move|p1a: Corviknight|U-turn|p2a: Clefable
|-resisted|p2a: Clefable
|-damage|p2a: Clefable|95/100
|
|t:|1607966354
|switch|p1a: Garchomp|Garchomp, M|100/100|[from]move: U-turn
|-damage|p1a: Garchomp|94/100|[from] Stealth Rock
|move|p2a: Clefable|Knock Off|p1a: Garchomp
|-damage|p1a: Garchomp|79/100
|-activate|p1a: Garchomp|ability: Rough Skin
|-enditem|p1a: Garchomp|Choice Scarf|[from] move: Knock Off|[of] p2a: Clefable
|
|upkeep
|turn|16
|
|t:|1607966363
|move|p1a: Garchomp|Poison Jab|p2a: Clefable
|-supereffective|p2a: Clefable
|-damage|p2a: Clefable|49/100
|move|p2a: Clefable|Moonblast|p1a: Garchomp
|-supereffective|p1a: Garchomp
|-damage|p1a: Garchomp|12/100
|
|upkeep
|turn|17
|
|t:|1607966370
|move|p1a: Garchomp|Earthquake|p2a: Clefable
|-damage|p2a: Clefable|11/100
|move|p2a: Clefable|Soft-Boiled|p2a: Clefable
|-heal|p2a: Clefable|61/100
|
|upkeep
|turn|18
|
|t:|1607966382
|switch|p1a: Clefable|Clefable, F|100/100
|-damage|p1a: Clefable|88/100|[from] Stealth Rock
|move|p2a: Clefable|Soft-Boiled|p2a: Clefable
|-heal|p2a: Clefable|100/100
|
|-heal|p1a: Clefable|94/100|[from] item: Leftovers
|upkeep
|turn|19
|
|t:|1607966385
|move|p2a: Clefable|Knock Off|p1a: Clefable
|-resisted|p1a: Clefable
|-damage|p1a: Clefable|87/100
|-enditem|p1a: Clefable|Leftovers|[from] move: Knock Off|[of] p2a: Clefable
|move|p1a: Clefable|Wish|p1a: Clefable
|
|upkeep
|turn|20
|
|t:|1607966397
|move|p2a: Clefable|Moonblast|p1a: Clefable
|-damage|p1a: Clefable|64/100
|move|p1a: Clefable|Teleport|p1a: Clefable
|
|t:|1607966400
|switch|p1a: Garchomp|Garchomp, M|12/100|[from]move: Teleport
|-damage|p1a: Garchomp|6/100|[from] Stealth Rock
|
|-heal|p1a: Garchomp|61/100|[from] move: Wish|[wisher] Clefable
|upkeep
|turn|21
|
|t:|1607966405
|switch|p1a: Corviknight|Corviknight, F|64/100
|-ability|p1a: Corviknight|Pressure
|move|p2a: Clefable|Knock Off|p1a: Corviknight
|-damage|p1a: Corviknight|55/100
|-enditem|p1a: Corviknight|Heavy-Duty Boots|[from] move: Knock Off|[of] p2a: Clefable
|
|upkeep
|turn|22
|
|t:|1607966413
|switch|p2a: Hydreigon|Hydreigon, M|100/100
|-damage|p2a: Hydreigon|88/100|[from] Stealth Rock
|move|p1a: Corviknight|Brave Bird|p2a: Hydreigon
|-damage|p2a: Hydreigon|48/100
|-damage|p1a: Corviknight|43/100|[from] Recoil
|
|-heal|p2a: Hydreigon|54/100|[from] item: Leftovers
|upkeep
|turn|23
|
|t:|1607966419
|switch|p1a: Toxapex|Toxapex, M|73/100
|-damage|p1a: Toxapex|60/100|[from] Stealth Rock
|move|p2a: Hydreigon|Defog|p1a: Toxapex
|-unboost|p1a: Toxapex|evasion|1
|-sideend|p1: andrevc6_|Stealth Rock|[from] move: Defog|[of] p2a: Hydreigon
|-sideend|p2: ArcanineSquad|Spikes|[from] move: Defog|[of] p2a: Hydreigon
|-sideend|p2: ArcanineSquad|Stealth Rock|[from] move: Defog|[of] p2a: Hydreigon
|
|-heal|p2a: Hydreigon|60/100|[from] item: Leftovers
|upkeep
|turn|24
|
|t:|1607966424
|move|p2a: Hydreigon|Earth Power|p1a: Toxapex
|-supereffective|p1a: Toxapex
|-damage|p1a: Toxapex|18/100
|move|p1a: Toxapex|Toxic|p2a: Hydreigon
|-status|p2a: Hydreigon|tox
|
|-heal|p2a: Hydreigon|67/100 tox|[from] item: Leftovers
|-damage|p2a: Hydreigon|60/100 tox|[from] psn
|upkeep
|turn|25
|
|t:|1607966433
|switch|p2a: Clefable|Clefable, M|100/100
|switch|p1a: Moltres|Moltres|100/100
|
|upkeep
|turn|26
|
|t:|1607966438
|move|p1a: Moltres|U-turn|p2a: Clefable
|-resisted|p2a: Clefable
|-damage|p2a: Clefable|96/100
|
|t:|1607966440
|switch|p1a: Corviknight|Corviknight, F|43/100|[from]move: U-turn
|-ability|p1a: Corviknight|Pressure
|move|p2a: Clefable|Knock Off|p1a: Corviknight
|-damage|p1a: Corviknight|37/100
|
|upkeep
|turn|27
|
|t:|1607966446
|move|p1a: Corviknight|Roost|p1a: Corviknight
|-heal|p1a: Corviknight|87/100
|-singleturn|p1a: Corviknight|move: Roost
|move|p2a: Clefable|Stealth Rock|p1a: Corviknight
|-sidestart|p1: andrevc6_|move: Stealth Rock
|
|upkeep
|turn|28
|
|t:|1607966453
|switch|p2a: Slowking|Slowking, F|100/100 tox
|move|p1a: Corviknight|Brave Bird|p2a: Slowking
|-damage|p2a: Slowking|70/100 tox
|-damage|p1a: Corviknight|77/100|[from] Recoil
|
|-damage|p2a: Slowking|64/100 tox|[from] psn
|upkeep
|turn|29
|
|t:|1607966456
|move|p1a: Corviknight|U-turn|p2a: Slowking
|-supereffective|p2a: Slowking
|-damage|p2a: Slowking|38/100 tox
|
|t:|1607966461
|switch|p1a: Toxapex|Toxapex, M|51/100|[from]move: U-turn
|-damage|p1a: Toxapex|38/100|[from] Stealth Rock
|move|p2a: Slowking|Future Sight|p1a: Toxapex
|-start|p2a: Slowking|move: Future Sight
|
|-damage|p2a: Slowking|26/100 tox|[from] psn
|upkeep
|turn|30
|
|t:|1607966466
|move|p1a: Toxapex|Recover|p1a: Toxapex
|-heal|p1a: Toxapex|88/100
|move|p2a: Slowking|Teleport|p2a: Slowking
|
|t:|1607966471
|switch|p2a: Magearna|Magearna|59/100 brn|[from]move: Teleport
|
|-damage|p2a: Magearna|46/100 brn|[from] item: Black Sludge
|-damage|p2a: Magearna|40/100 brn|[from] brn
|upkeep
|turn|31
|
|t:|1607966487
|switch|p1a: Garchomp|Garchomp, M|61/100
|-damage|p1a: Garchomp|55/100|[from] Stealth Rock
|move|p2a: Magearna|Volt Switch|p1a: Garchomp
|-immune|p1a: Garchomp
|
|-end|p1a: Garchomp|move: Future Sight
|-damage|p1a: Garchomp|10/100
|-damage|p2a: Magearna|28/100 brn|[from] item: Black Sludge
|-damage|p2a: Magearna|21/100 brn|[from] brn
|upkeep
|turn|32
|
|t:|1607966505
|switch|p2a: Clefable|Clefable, M|96/100
|move|p1a: Garchomp|Earthquake|p2a: Clefable
|-damage|p2a: Clefable|54/100
|
|upkeep
|turn|33
|
|t:|1607966523
|switch|p1a: Clefable|Clefable, F|64/100
|-damage|p1a: Clefable|52/100|[from] Stealth Rock
|move|p2a: Clefable|Soft-Boiled|p2a: Clefable
|-heal|p2a: Clefable|100/100
|
|upkeep
|turn|34
|
|t:|1607966528
|switch|p2a: Magearna|Magearna|21/100 brn
|move|p1a: Clefable|Wish|p1a: Clefable
|
|-damage|p2a: Magearna|9/100 brn|[from] item: Black Sludge
|-damage|p2a: Magearna|3/100 brn|[from] brn
|upkeep
|turn|35
|inactive|andrevc6_ has 120 seconds left.
|
|t:|1607966562
|switch|p1a: Ferrothorn|Ferrothorn, F|41/100
|-damage|p1a: Ferrothorn|35/100|[from] Stealth Rock
|move|p2a: Magearna|Flash Cannon|p1a: Ferrothorn
|-resisted|p1a: Ferrothorn
|-damage|p1a: Ferrothorn|21/100
|
|-heal|p1a: Ferrothorn|77/100|[from] move: Wish|[wisher] Clefable
|-damage|p2a: Magearna|0 fnt|[from] item: Black Sludge
|faint|p2a: Magearna
|upkeep
|
|t:|1607966575
|switch|p2a: Cinderace|Cinderace, M|100/100
|turn|36
|
|t:|1607966579
|switch|p1a: Moltres|Moltres|100/100
|move|p2a: Cinderace|U-turn|p1a: Moltres
|-start|p2a: Cinderace|typechange|Bug|[from] ability: Libero
|-resisted|p1a: Moltres
|-damage|p1a: Moltres|92/100
|-status|p2a: Cinderace|brn|[from] ability: Flame Body|[of] p1a: Moltres
|-message|ArcanineSquad forfeited.
|
|win|andrevc6_
|l|☆ArcanineSquad
||Ladder (probably) updated, but score could not be retrieved (Request timeout).
