|j|☆Charzu'sFaves1
|j|☆SetsuStsna
|inactive|Battle timer is ON: inactive players will automatically lose when time's up.
|t:|1650905695
|gametype|singles
|player|p1|Charzu'sFaves1|karen|
|player|p2|SetsuStsna|dawn-gen4pt|
|teamsize|p1|6
|teamsize|p2|6
|gen|8
|tier|[Gen 8] OU
|rated|Tournament battle
|rule|Sleep Clause Mod: Limit one foe put to sleep
|rule|Species Clause: Limit one of each Pokémon
|rule|OHKO Clause: OHKO moves are banned
|rule|Evasion Moves Clause: Evasion moves are banned
|rule|Endless Battle Clause: Forcing endless battles is banned
|rule|HP Percentage Mod: HP is shown in percentages
|rule|Dynamax Clause: You cannot dynamax
|clearpoke
|poke|p1|Nidoking, M|
|poke|p1|Weavile, F|
|poke|p1|Diancie|
|poke|p1|Dragonite, F|
|poke|p1|Jirachi|
|poke|p1|Bewear, M|
|poke|p2|Garchomp, M|
|poke|p2|Landorus-Therian, M|
|poke|p2|Tapu Koko|
|poke|p2|Urshifu-*, F|
|poke|p2|Buzzwole|
|poke|p2|Tapu Fini|
|teampreview
|j| fruityiscool423
|j| Atlhoe
|j| JiminyRickets
|inactive|SetsuStsna has 120 seconds left.
|c| fruityiscool423|double ground double fighting double fairy
|c|☆SetsuStsna|another finals where i get 6-0 by nidoking
|c|☆SetsuStsna|insane
|c| fruityiscool423|every single mon outspeeds it
|c| fruityiscool423|except lando and fini
|j| SavageSwordX
|inactive|SetsuStsna has 90 seconds left.
|
|t:|1650905767
|start
|switch|p1a: Nidoking|Nidoking, M|100/100
|switch|p2a: Urshifu|Urshifu-Rapid-Strike, F|100/100
|turn|1
|j| Terror Fangツ
|
|t:|1650905779
|switch|p2a: Austin|Buzzwole|100/100
|switch|p1a: Dragonite|Dragonite, F|100/100
|
|upkeep
|turn|2
|
|t:|1650905786
|move|p2a: Austin|Ice Punch|p1a: Dragonite
|-supereffective|p1a: Dragonite
|-damage|p1a: Dragonite|44/100
|move|p1a: Dragonite|Flamethrower|p2a: Austin
|-supereffective|p2a: Austin
|-crit|p2a: Austin
|-damage|p2a: Austin|0 fnt
|faint|p2a: Austin
|
|upkeep
|j| Karl La Hire
|c|☆SetsuStsna|56 is mad depressing
|c|☆Charzu'sFaves1|mb
|c| fruityiscool423|,
|c|☆SetsuStsna|idt it mattered
|c| fruityiscool423|it did
|c|☆SetsuStsna|maybe it did if you are 0 lol
|inactive|SetsuStsna has 120 seconds left.
|
|t:|1650905818
|switch|p2a: Uniqua|Tapu Koko, shiny|100/100
|-fieldstart|move: Electric Terrain|[from] ability: Electric Surge|[of] p2a: Uniqua
|turn|3
|inactive|SetsuStsna has 120 seconds left.
|
|t:|1650905829
|switch|p1a: Nidoking|Nidoking, M|100/100
|move|p2a: Uniqua|Dazzling Gleam|p1a: Nidoking
|-resisted|p1a: Nidoking
|-damage|p1a: Nidoking|68/100
|
|upkeep
|turn|4
|
|t:|1650905839
|switch|p2a: Tyrone|Landorus-Therian, M|100/100
|-ability|p2a: Tyrone|Intimidate|boost
|-unboost|p1a: Nidoking|atk|1
|move|p1a: Nidoking|Sludge Wave|p2a: Tyrone
|-resisted|p2a: Tyrone
|-damage|p2a: Tyrone|75/100
|
|-heal|p2a: Tyrone|81/100|[from] item: Leftovers
|upkeep
|turn|5
|
|t:|1650905848
|switch|p2a: Urshifu|Urshifu-Rapid-Strike, F|100/100
|move|p1a: Nidoking|Ice Beam|p2a: Urshifu
|-resisted|p2a: Urshifu
|-damage|p2a: Urshifu|71/100
|
|upkeep
|turn|6
|
|t:|1650905860
|switch|p1a: Diancie|Diancie|100/100
|move|p2a: Urshifu|Surging Strikes|p1a: Diancie
|-supereffective|p1a: Diancie
|-crit|p1a: Diancie
|-damage|p1a: Diancie|65/100
|-supereffective|p1a: Diancie
|-crit|p1a: Diancie
|-damage|p1a: Diancie|31/100
|-supereffective|p1a: Diancie
|-crit|p1a: Diancie
|-damage|p1a: Diancie|0 fnt
|faint|p1a: Diancie
|-hitcount|p1: Diancie|3
|
|upkeep
|inactive|Charzu'sFaves1 has 120 seconds left.
|
|t:|1650905908
|switch|p1a: Dragonite|Dragonite, F|44/100
|turn|7
|
|t:|1650905920
|switch|p2a: Uniqua|Tapu Koko, shiny|100/100
|move|p1a: Dragonite|Roost|p1a: Dragonite
|-heal|p1a: Dragonite|94/100
|-singleturn|p1a: Dragonite|move: Roost
|
|-fieldend|move: Electric Terrain
|upkeep
|turn|8
|
|t:|1650905935
|move|p2a: Uniqua|Volt Switch|p1a: Dragonite
|-damage|p1a: Dragonite|55/100
|c| Karl La Hire|Imagine using nido and not licky
|c|☆SetsuStsna|wdyf is this
|inactive|SetsuStsna has 120 seconds left.
|c|☆SetsuStsna|wtf*
|
|t:|1650905977
|switch|p2a: Pufi|Tapu Fini, shiny|100/100|[from]move: Volt Switch
|-fieldstart|move: Misty Terrain|[from] ability: Misty Surge|[of] p2a: Pufi
|move|p1a: Dragonite|Earthquake|p2a: Pufi
|-damage|p2a: Pufi|77/100
|
|-heal|p2a: Pufi|84/100|[from] item: Leftovers
|upkeep
|turn|9
|c| fruityiscool423|flame eq roost bell/fog
|
|t:|1650905986
|switch|p2a: Tyrone|Landorus-Therian, M|81/100
|-ability|p2a: Tyrone|Intimidate|boost
|-unboost|p1a: Dragonite|atk|1
|switch|p1a: Jirachi|Jirachi|100/100
|
|-heal|p2a: Tyrone|87/100|[from] item: Leftovers
|upkeep
|turn|10
|
|t:|1650905999
|switch|p1a: Dragonite|Dragonite, F|55/100
|move|p2a: Tyrone|Knock Off|p1a: Dragonite
|-damage|p1a: Dragonite|34/100
|-enditem|p1a: Dragonite|Heavy-Duty Boots|[from] move: Knock Off|[of] p2a: Tyrone
|
|-heal|p2a: Tyrone|93/100|[from] item: Leftovers
|upkeep
|turn|11
|c|☆SetsuStsna|bro i was so scared
|c|☆SetsuStsna|it was going to be
|c|☆SetsuStsna|flame ice beam
|inactive|SetsuStsna has 120 seconds left.
|c|☆SetsuStsna|actually it might still be
|c| fruityiscool423|scout anyway
|
|t:|1650906015
|switch|p2a: Pufi|Tapu Fini, shiny|84/100
|move|p1a: Dragonite|Roost|p1a: Dragonite
|-heal|p1a: Dragonite|84/100
|-singleturn|p1a: Dragonite|move: Roost
|
|-heal|p2a: Pufi|90/100|[from] item: Leftovers
|upkeep
|turn|12
|c| fruityiscool423|yea LMAO
|inactive|SetsuStsna has 120 seconds left.
|
|t:|1650906026
|switch|p2a: Tyrone|Landorus-Therian, M|93/100
|-ability|p2a: Tyrone|Intimidate|boost
|-unboost|p1a: Dragonite|atk|1
|switch|p1a: Jirachi|Jirachi|100/100
|
|-heal|p2a: Tyrone|99/100|[from] item: Leftovers
|-fieldend|Misty Terrain
|upkeep
|turn|13
|
|t:|1650906036
|switch|p1a: Dragonite|Dragonite, F|84/100
|move|p2a: Tyrone|U-turn|p1a: Dragonite
|-resisted|p1a: Dragonite
|-damage|p1a: Dragonite|76/100
|l| Atlhoe
|
|t:|1650906042
|switch|p2a: Pablo|Garchomp, M|100/100|[from]move: U-turn
|
|upkeep
|turn|14
|
|t:|1650906054
|switch|p1a: Bewear|Bewear, M|100/100
|move|p2a: Pablo|Stealth Rock|p1a: Bewear
|-sidestart|p1: Charzu'sFaves1|move: Stealth Rock
|
|upkeep
|turn|15
|
|t:|1650906066
|move|p2a: Pablo|Protect|p2a: Pablo
|-singleturn|p2a: Pablo|Protect
|move|p1a: Bewear|Double-Edge|p2a: Pablo
|-activate|p2a: Pablo|move: Protect
|
|upkeep
|turn|16
|
|t:|1650906073
|switch|p2a: Tyrone|Landorus-Therian, M|99/100
|-ability|p2a: Tyrone|Intimidate|boost
|-unboost|p1a: Bewear|atk|1
|move|p1a: Bewear|Swords Dance|p1a: Bewear
|-boost|p1a: Bewear|atk|2
|
|-heal|p2a: Tyrone|100/100|[from] item: Leftovers
|upkeep
|turn|17
|
|t:|1650906083
|move|p1a: Bewear|Drain Punch|p2a: Tyrone
|-resisted|p2a: Tyrone
|-damage|p2a: Tyrone|74/100
|move|p2a: Tyrone|U-turn|p1a: Bewear
|-resisted|p1a: Bewear
|-damage|p1a: Bewear|95/100
|
|t:|1650906088
|switch|p2a: Uniqua|Tapu Koko, shiny|100/100|[from]move: U-turn
|-fieldstart|move: Electric Terrain|[from] ability: Electric Surge|[of] p2a: Uniqua
|
|-heal|p1a: Bewear|100/100|[from] item: Leftovers
|upkeep
|turn|18
|
|t:|1650906117
|switch|p1a: Jirachi|Jirachi|100/100
|-damage|p1a: Jirachi|94/100|[from] Stealth Rock
|move|p2a: Uniqua|Dazzling Gleam|p1a: Jirachi
|-resisted|p1a: Jirachi
|-damage|p1a: Jirachi|79/100
|
|-heal|p1a: Jirachi|85/100|[from] item: Leftovers
|upkeep
|turn|19
|
|t:|1650906128
|switch|p2a: Urshifu|Urshifu-Rapid-Strike, F|71/100
|move|p1a: Jirachi|Zen Headbutt|p2a: Urshifu
|-supereffective|p2a: Urshifu
|-damage|p2a: Urshifu|15/100
|
|-heal|p1a: Jirachi|92/100|[from] item: Leftovers
|upkeep
|turn|20
|
|t:|1650906137
|move|p2a: Urshifu|Surging Strikes|p1a: Jirachi
|-crit|p1a: Jirachi
|-damage|p1a: Jirachi|76/100
|-crit|p1a: Jirachi
|-damage|p1a: Jirachi|61/100
|-crit|p1a: Jirachi
|-damage|p1a: Jirachi|46/100
|-hitcount|p1a: Jirachi|3
|move|p1a: Jirachi|Zen Headbutt|p2a: Urshifu
|-supereffective|p2a: Urshifu
|-damage|p2a: Urshifu|0 fnt
|faint|p2a: Urshifu
|
|-heal|p1a: Jirachi|52/100|[from] item: Leftovers
|upkeep
|
|t:|1650906141
|switch|p2a: Pablo|Garchomp, M|100/100
|turn|21
|
|t:|1650906163
|move|p2a: Pablo|Toxic|p1a: Jirachi
|-immune|p1a: Jirachi
|move|p1a: Jirachi|Zen Headbutt|p2a: Pablo|[miss]
|-miss|p1a: Jirachi|p2a: Pablo
|
|-heal|p1a: Jirachi|58/100|[from] item: Leftovers
|-fieldend|move: Electric Terrain
|upkeep
|turn|22
|
|t:|1650906175
|switch|p1a: Dragonite|Dragonite, F|76/100
|-damage|p1a: Dragonite|51/100|[from] Stealth Rock
|move|p2a: Pablo|Earthquake|p1a: Dragonite
|-immune|p1a: Dragonite
|
|upkeep
|turn|23
|
|t:|1650906182
|move|p2a: Pablo|Toxic|p1a: Dragonite
|-status|p1a: Dragonite|tox
|move|p1a: Dragonite|Roost|p1a: Dragonite
|-heal|p1a: Dragonite|100/100 tox
|-singleturn|p1a: Dragonite|move: Roost
|
|-damage|p1a: Dragonite|94/100 tox|[from] psn
|upkeep
|turn|24
|c| fruityiscool423|outplayed
|j| CuddleMyMight3
|
|t:|1650906197
|switch|p1a: Bewear|Bewear, M|100/100
|-damage|p1a: Bewear|94/100|[from] Stealth Rock
|move|p2a: Pablo|Toxic|p1a: Bewear
|-status|p1a: Bewear|tox
|
|-heal|p1a: Bewear|100/100 tox|[from] item: Leftovers
|-damage|p1a: Bewear|94/100 tox|[from] psn
|upkeep
|turn|25
|
|t:|1650906209
|move|p2a: Pablo|Earthquake|p1a: Bewear
|-damage|p1a: Bewear|53/100 tox
|move|p1a: Bewear|Swords Dance|p1a: Bewear
|-boost|p1a: Bewear|atk|2
|
|-heal|p1a: Bewear|60/100 tox|[from] item: Leftovers
|-damage|p1a: Bewear|47/100 tox|[from] psn
|upkeep
|turn|26
|inactive|SetsuStsna has 120 seconds left.
|l| Terror Fangツ
|
|t:|1650906269
|switch|p1a: Weavile|Weavile, F|100/100
|-damage|p1a: Weavile|76/100|[from] Stealth Rock
|-ability|p1a: Weavile|Pressure
|move|p2a: Pablo|Protect||[still]
|-fail|p2a: Pablo
|
|upkeep
|turn|27
|c|☆SetsuStsna|im so BAD
|
|t:|1650906282
|move|p2a: Pablo|Protect|p2a: Pablo
|-singleturn|p2a: Pablo|Protect
|move|p1a: Weavile|Triple Axel|p2a: Pablo
|-activate|p2a: Pablo|move: Protect
|
|upkeep
|turn|28
|
|t:|1650906292
|switch|p1a: Nidoking|Nidoking, M|68/100
|-damage|p1a: Nidoking|62/100|[from] Stealth Rock
|switch|p2a: Pufi|Tapu Fini, shiny|90/100
|-fieldstart|move: Misty Terrain|[from] ability: Misty Surge|[of] p2a: Pufi
|
|-heal|p2a: Pufi|96/100|[from] item: Leftovers
|upkeep
|turn|29
|
|t:|1650906308
|switch|p2a: Pablo|Garchomp, M|100/100
|move|p1a: Nidoking|Sludge Wave|p2a: Pablo
|-resisted|p2a: Pablo
|-damage|p2a: Pablo|77/100
|
|-heal|p2a: Pablo|84/100|[from] item: Leftovers
|upkeep
|turn|30
|inactive|SetsuStsna has 90 seconds left.
|inactive|Charzu'sFaves1 has 120 seconds left.
|j| Terror Fangツ
|
|t:|1650906354
|move|p2a: Pablo|Earthquake|p1a: Nidoking
|-supereffective|p1a: Nidoking
|-damage|p1a: Nidoking|0 fnt
|faint|p1a: Nidoking
|
|-heal|p2a: Pablo|90/100|[from] item: Leftovers
|upkeep
|
|t:|1650906367
|switch|p1a: Weavile|Weavile, F|76/100
|-damage|p1a: Weavile|51/100|[from] Stealth Rock
|-ability|p1a: Weavile|Pressure
|turn|31
|
|t:|1650906372
|move|p2a: Pablo|Protect|p2a: Pablo
|-singleturn|p2a: Pablo|Protect
|move|p1a: Weavile|Triple Axel|p2a: Pablo
|-activate|p2a: Pablo|move: Protect
|
|-heal|p2a: Pablo|96/100|[from] item: Leftovers
|upkeep
|turn|32
|
|t:|1650906379
|switch|p2a: Pufi|Tapu Fini, shiny|96/100
|move|p1a: Weavile|Triple Axel|p2a: Pufi
|-resisted|p2a: Pufi
|-damage|p2a: Pufi|91/100
|-resisted|p2a: Pufi
|-damage|p2a: Pufi|83/100
|-resisted|p2a: Pufi
|-damage|p2a: Pufi|71/100
|-hitcount|p2a: Pufi|3
|
|-heal|p2a: Pufi|77/100|[from] item: Leftovers
|-fieldend|Misty Terrain
|upkeep
|turn|33
|
|t:|1650906390
|switch|p1a: Jirachi|Jirachi|58/100
|-damage|p1a: Jirachi|52/100|[from] Stealth Rock
|move|p2a: Pufi|Scald|p1a: Jirachi
|-damage|p1a: Jirachi|33/100
|
|-heal|p2a: Pufi|84/100|[from] item: Leftovers
|-heal|p1a: Jirachi|40/100|[from] item: Leftovers
|upkeep
|turn|34
|
|t:|1650906401
|switch|p2a: Tyrone|Landorus-Therian, M|74/100
|-ability|p2a: Tyrone|Intimidate|boost
|-unboost|p1a: Jirachi|atk|1
|move|p1a: Jirachi|Healing Wish|p1a: Jirachi
|faint|p1a: Jirachi
|
|-heal|p2a: Tyrone|80/100|[from] item: Leftovers
|upkeep
|
|t:|1650906408
|switch|p1a: Bewear|Bewear, M|47/100 tox
|-heal|p1a: Bewear|100/100|[from] move: Healing Wish
|-damage|p1a: Bewear|94/100|[from] Stealth Rock
|turn|35
|
|t:|1650906418
|move|p1a: Bewear|Swords Dance|p1a: Bewear
|-boost|p1a: Bewear|atk|2
|move|p2a: Tyrone|U-turn|p1a: Bewear
|-resisted|p1a: Bewear
|-damage|p1a: Bewear|89/100
|inactive|SetsuStsna has 120 seconds left.
|
|t:|1650906454
|switch|p2a: Uniqua|Tapu Koko, shiny|100/100|[from]move: U-turn
|-fieldstart|move: Electric Terrain|[from] ability: Electric Surge|[of] p2a: Uniqua
|
|-heal|p1a: Bewear|95/100|[from] item: Leftovers
|upkeep
|turn|36
|c| fruityiscool423|ya over
|
|t:|1650906461
|move|p2a: Uniqua|Volt Switch|p1a: Bewear
|-damage|p1a: Bewear|22/100
|
|t:|1650906465
|switch|p2a: Tyrone|Landorus-Therian, M|80/100|[from]move: Volt Switch
|-ability|p2a: Tyrone|Intimidate|boost
|-unboost|p1a: Bewear|atk|1
|move|p1a: Bewear|Earthquake|p2a: Tyrone
|-immune|p2a: Tyrone
|
|-heal|p1a: Bewear|29/100|[from] item: Leftovers
|-heal|p2a: Tyrone|86/100|[from] item: Leftovers
|upkeep
|turn|37
|inactive|Charzu'sFaves1 has 120 seconds left.
|
|t:|1650906475
|switch|p1a: Dragonite|Dragonite, F|94/100 tox
|-damage|p1a: Dragonite|69/100 tox|[from] Stealth Rock
|move|p2a: Tyrone|U-turn|p1a: Dragonite
|-resisted|p1a: Dragonite
|-damage|p1a: Dragonite|62/100 tox
|
|t:|1650906479
|switch|p2a: Uniqua|Tapu Koko, shiny|100/100|[from]move: U-turn
|
|-damage|p1a: Dragonite|56/100 tox|[from] psn
|upkeep
|turn|38
|l| SavageSwordX
|
|t:|1650906486
|move|p2a: Uniqua|Dazzling Gleam|p1a: Dragonite
|-supereffective|p1a: Dragonite
|-damage|p1a: Dragonite|0 fnt
|faint|p1a: Dragonite
|
|upkeep
|c|☆Charzu'sFaves1|gg
|c|☆SetsuStsna|gg
|c|☆Charzu'sFaves1|man, the calculator lied to me lol
|inactive|Charzu'sFaves1 has 120 seconds left.
|-message|Charzu'sFaves1 forfeited.
|
|win|SetsuStsna
|n|☆Charzu'sFaves1|charzusfaves1
|n|☆SetsuStsna|setsustsna
|n| fruityiscool423|fruityiscool423
|n| JiminyRickets|jiminyrickets
|n| Karl La Hire|karllahire
|n| CuddleMyMight3|cuddlemymight3
|n| Terror Fangツ|terrorfang
