|j|☆Monsieur Eans
|j|☆AvatarAang15
|t:|1645461652
|gametype|singles
|player|p1|Monsieur Eans|juan|1471
|player|p2|AvatarAang15|102|1475
|teamsize|p1|6
|teamsize|p2|6
|gen|8
|tier|[Gen 8] OU
|rated|
|rule|Sleep Clause Mod: Limit one foe put to sleep
|rule|Species Clause: Limit one of each Pokémon
|rule|OHKO Clause: OHKO moves are banned
|rule|Evasion Moves Clause: Evasion moves are banned
|rule|Endless Battle Clause: Forcing endless battles is banned
|rule|HP Percentage Mod: HP is shown in percentages
|rule|Dynamax Clause: You cannot dynamax
|clearpoke
|poke|p1|Bisharp, M|
|poke|p1|Victini|
|poke|p1|Slowbro, F|
|poke|p1|Kommo-o, M|
|poke|p1|Melmetal|
|poke|p1|Gengar, F|
|poke|p2|Landorus-Therian, M|
|poke|p2|Tapu Lele|
|poke|p2|Buzzwole|
|poke|p2|Blacephalon|
|poke|p2|Cryogonal|
|poke|p2|Mew|
|teampreview
|inactive|Battle timer is ON: inactive players will automatically lose when time's up. (requested by Monsieur Eans)
|
|t:|1645461686
|start
|switch|p1a: Slowbro|Slowbro, F|100/100
|switch|p2a: Cryogonal|Cryogonal|100/100
|turn|1
|
|t:|1645461700
|move|p2a: Cryogonal|Substitute|p2a: Cryogonal
|-start|p2a: Cryogonal|Substitute
|-damage|p2a: Cryogonal|76/100
|move|p1a: Slowbro|Teleport|p1a: Slowbro
|
|t:|1645461703
|switch|p1a: Melmetal|Melmetal|100/100|[from]move: Teleport
|
|upkeep
|turn|2
|
|t:|1645461720
|switch|p2a: Buzzwole|Buzzwole|100/100
|move|p1a: Melmetal|Double Iron Bash|p2a: Buzzwole
|-damage|p2a: Buzzwole|83/100
|-damage|p1a: Melmetal|84/100|[from] item: Rocky Helmet|[of] p2a: Buzzwole
|-damage|p2a: Buzzwole|65/100
|-damage|p1a: Melmetal|67/100|[from] item: Rocky Helmet|[of] p2a: Buzzwole
|-hitcount|p2a: Buzzwole|2
|
|upkeep
|turn|3
|inactive|AvatarAang15 has 120 seconds left.
|
|t:|1645461749
|switch|p2a: Cryogonal|Cryogonal|76/100
|switch|p1a: Gengar|Gengar, F|100/100
|
|upkeep
|turn|4
|
|t:|1645461756
|move|p1a: Gengar|Substitute|p1a: Gengar
|-start|p1a: Gengar|Substitute
|-damage|p1a: Gengar|76/100
|move|p2a: Cryogonal|Freeze-Dry|p1a: Gengar
|-end|p1a: Gengar|Substitute
|
|-heal|p1a: Gengar|82/100|[from] item: Black Sludge
|upkeep
|turn|5
|
|t:|1645461765
|move|p1a: Gengar|Disable|p2a: Cryogonal
|-start|p2a: Cryogonal|Disable|Freeze-Dry
|cant|p2a: Cryogonal|Disable|Freeze-Dry
|
|-heal|p1a: Gengar|88/100|[from] item: Black Sludge
|upkeep
|turn|6
|
|t:|1645461773
|switch|p2a: Mew|Mew|100/100
|move|p1a: Gengar|Substitute|p1a: Gengar
|-start|p1a: Gengar|Substitute
|-damage|p1a: Gengar|63/100
|
|-heal|p1a: Gengar|69/100|[from] item: Black Sludge
|upkeep
|turn|7
|
|t:|1645461785
|move|p1a: Gengar|Nasty Plot|p1a: Gengar
|-boost|p1a: Gengar|spa|2
|move|p2a: Mew|Zen Headbutt|p1a: Gengar
|-supereffective|p1a: Gengar
|-end|p1a: Gengar|Substitute
|
|-heal|p1a: Gengar|75/100|[from] item: Black Sludge
|upkeep
|turn|8
|
|t:|1645461794
|move|p1a: Gengar|Shadow Ball|p2a: Mew
|-supereffective|p2a: Mew
|-damage|p2a: Mew|0 fnt
|faint|p2a: Mew
|
|-heal|p1a: Gengar|81/100|[from] item: Black Sludge
|upkeep
|
|t:|1645461804
|switch|p2a: Blacephalon|Blacephalon|100/100
|turn|9
|
|t:|1645461812
|switch|p1a: Kommo-o|Kommo-o, M|100/100
|move|p2a: Blacephalon|Shadow Ball|p1a: Kommo-o
|-immune|p1a: Kommo-o|[from] ability: Bulletproof
|
|upkeep
|turn|10
|
|t:|1645461823
|switch|p2a: Buzzwole|Buzzwole|65/100
|switch|p1a: Melmetal|Melmetal|67/100
|
|upkeep
|turn|11
|
|t:|1645461832
|switch|p1a: Gengar|Gengar, F|81/100
|move|p2a: Buzzwole|Earthquake|p1a: Gengar
|-supereffective|p1a: Gengar
|-damage|p1a: Gengar|0 fnt
|-start|p2a: Buzzwole|Disable|Earthquake|[from] ability: Cursed Body|[of] p1a: Gengar
|faint|p1a: Gengar
|-ability|p2a: Buzzwole|Beast Boost|boost
|-boost|p2a: Buzzwole|def|1
|
|upkeep
|
|t:|1645461850
|switch|p1a: Slowbro|Slowbro, F|100/100
|turn|12
|
|t:|1645461855
|switch|p2a: Cryogonal|Cryogonal|76/100
|move|p1a: Slowbro|Future Sight|p2a: Cryogonal
|-start|p1a: Slowbro|move: Future Sight
|
|upkeep
|turn|13
|
|t:|1645461862
|move|p2a: Cryogonal|Substitute|p2a: Cryogonal
|-start|p2a: Cryogonal|Substitute
|-damage|p2a: Cryogonal|51/100
|move|p1a: Slowbro|Teleport|p1a: Slowbro
|
|t:|1645461866
|switch|p1a: Melmetal|Melmetal|67/100|[from]move: Teleport
|
|upkeep
|turn|14
|
|t:|1645461875
|move|p2a: Cryogonal|Freeze-Dry|p1a: Melmetal
|-resisted|p1a: Melmetal
|-damage|p1a: Melmetal|60/100
|move|p1a: Melmetal|Double Iron Bash|p2a: Cryogonal
|-supereffective|p2a: Cryogonal
|-end|p2a: Cryogonal|Substitute
|-supereffective|p2a: Cryogonal
|-damage|p2a: Cryogonal|0 fnt
|faint|p2a: Cryogonal
|-hitcount|p2: Cryogonal|2
|
|-hint|Future Sight did not hit because the target is fainted.
|upkeep
|
|t:|1645461887
|switch|p2a: Buzzwole|Buzzwole|65/100
|turn|15
|
|t:|1645461891
|switch|p1a: Victini|Victini|100/100
|move|p2a: Buzzwole|Roost|p2a: Buzzwole
|-heal|p2a: Buzzwole|100/100
|-singleturn|p2a: Buzzwole|move: Roost
|
|upkeep
|turn|16
|
|t:|1645461907
|switch|p1a: Slowbro|Slowbro, F|100/100
|switch|p2a: Landorus|Landorus-Therian, M|100/100
|-ability|p2a: Landorus|Intimidate|boost
|-unboost|p1a: Slowbro|atk|1
|
|upkeep
|turn|17
|
|t:|1645461916
|move|p2a: Landorus|Knock Off|p1a: Slowbro
|-supereffective|p1a: Slowbro
|-damage|p1a: Slowbro|67/100
|-damage|p2a: Landorus|84/100|[from] item: Rocky Helmet|[of] p1a: Slowbro
|-enditem|p1a: Slowbro|Rocky Helmet|[from] move: Knock Off|[of] p2a: Landorus
|move|p1a: Slowbro|Future Sight|p2a: Landorus
|-start|p1a: Slowbro|move: Future Sight
|
|-heal|p2a: Landorus|90/100|[from] item: Leftovers
|upkeep
|turn|18
|
|t:|1645461928
|move|p2a: Landorus|Stealth Rock|p1a: Slowbro
|-sidestart|p1: Monsieur Eans|move: Stealth Rock
|move|p1a: Slowbro|Teleport|p1a: Slowbro
|l|☆AvatarAang15
|inactive|AvatarAang15 disconnected and has a minute to reconnect!
|player|p2|
|
|t:|1645461934
|switch|p1a: Kommo-o|Kommo-o, M|100/100|[from]move: Teleport
|-damage|p1a: Kommo-o|94/100|[from] Stealth Rock
|
|-heal|p2a: Landorus|96/100|[from] item: Leftovers
|-heal|p1a: Kommo-o|100/100|[from] item: Leftovers
|upkeep
|turn|19
|inactive|AvatarAang15 has 30 seconds to reconnect!
|inactive|AvatarAang15 has 20 seconds to reconnect!
|j|☆AvatarAang15
|inactive|AvatarAang15 reconnected and has 110 seconds left.
|player|p2|AvatarAang15|102
|
|t:|1645461978
|move|p2a: Landorus|U-turn|p1a: Kommo-o
|-resisted|p1a: Kommo-o
|-damage|p1a: Kommo-o|94/100
|
|t:|1645461991
|switch|p2a: Buzzwole|Buzzwole|100/100|[from]move: U-turn
|move|p1a: Kommo-o|Stealth Rock|p2a: Buzzwole
|-sidestart|p2: AvatarAang15|move: Stealth Rock
|
|-end|p2a: Buzzwole|move: Future Sight
|-supereffective|p2a: Buzzwole
|-damage|p2a: Buzzwole|0 fnt
|faint|p2a: Buzzwole
|-heal|p1a: Kommo-o|100/100|[from] item: Leftovers
|upkeep
|
|t:|1645462005
|switch|p2a: Tapu Lele|Tapu Lele|100/100
|-damage|p2a: Tapu Lele|88/100|[from] Stealth Rock
|-fieldstart|move: Psychic Terrain|[from] ability: Psychic Surge|[of] p2a: Tapu Lele
|turn|20
|
|t:|1645462022
|move|p2a: Tapu Lele|Moonblast|p1a: Kommo-o
|-supereffective|p1a: Kommo-o
|-damage|p1a: Kommo-o|0 fnt
|faint|p1a: Kommo-o
|
|upkeep
|
|t:|1645462025
|switch|p1a: Melmetal|Melmetal|60/100
|-damage|p1a: Melmetal|54/100|[from] Stealth Rock
|turn|21
|
|t:|1645462032
|switch|p2a: Landorus|Landorus-Therian, M|96/100
|-damage|p2a: Landorus|84/100|[from] Stealth Rock
|-ability|p2a: Landorus|Intimidate|boost
|-unboost|p1a: Melmetal|atk|1
|move|p1a: Melmetal|Double Iron Bash|p2a: Landorus
|-damage|p2a: Landorus|58/100
|-damage|p2a: Landorus|32/100
|-hitcount|p2a: Landorus|2
|
|-heal|p2a: Landorus|38/100|[from] item: Leftovers
|upkeep
|turn|22
|
|t:|1645462044
|switch|p1a: Slowbro|Slowbro, F|99/100
|-damage|p1a: Slowbro|88/100|[from] Stealth Rock
|move|p2a: Landorus|Earthquake|p1a: Slowbro
|-damage|p1a: Slowbro|58/100
|
|-heal|p2a: Landorus|44/100|[from] item: Leftovers
|upkeep
|turn|23
|
|t:|1645462056
|move|p2a: Landorus|U-turn|p1a: Slowbro
|-supereffective|p1a: Slowbro
|-damage|p1a: Slowbro|31/100
|
|t:|1645462060
|switch|p2a: Tapu Lele|Tapu Lele|88/100|[from]move: U-turn
|-damage|p2a: Tapu Lele|76/100|[from] Stealth Rock
|move|p1a: Slowbro|Future Sight|p2a: Tapu Lele
|-start|p1a: Slowbro|move: Future Sight
|
|upkeep
|turn|24
|inactive|AvatarAang15 has 120 seconds left.
|
|t:|1645462070
|move|p2a: Tapu Lele|Moonblast|p1a: Slowbro
|-damage|p1a: Slowbro|0 fnt
|faint|p1a: Slowbro
|
|-fieldend|move: Psychic Terrain
|upkeep
|
|t:|1645462078
|switch|p1a: Melmetal|Melmetal|54/100
|-damage|p1a: Melmetal|48/100|[from] Stealth Rock
|turn|25
|
|t:|1645462087
|switch|p2a: Landorus|Landorus-Therian, M|44/100
|-damage|p2a: Landorus|32/100|[from] Stealth Rock
|-ability|p2a: Landorus|Intimidate|boost
|-unboost|p1a: Melmetal|atk|1
|move|p1a: Melmetal|Double Iron Bash|p2a: Landorus
|-damage|p2a: Landorus|6/100
|-damage|p2a: Landorus|0 fnt
|faint|p2a: Landorus
|-hitcount|p2: Landorus|2
|
|-hint|Future Sight did not hit because the target is fainted.
|upkeep
|inactive|AvatarAang15 has 120 seconds left.
|
|t:|1645462118
|switch|p2a: Blacephalon|Blacephalon|100/100
|-damage|p2a: Blacephalon|76/100|[from] Stealth Rock
|turn|26
|
|t:|1645462133
|switch|p1a: Victini|Victini|100/100
|-damage|p1a: Victini|76/100|[from] Stealth Rock
|move|p2a: Blacephalon|Shadow Ball|p1a: Victini
|-supereffective|p1a: Victini
|-damage|p1a: Victini|0 fnt
|faint|p1a: Victini
|-ability|p2a: Blacephalon|Beast Boost|boost
|-boost|p2a: Blacephalon|spa|1
|
|upkeep
|
|t:|1645462140
|switch|p1a: Bisharp|Bisharp, M, shiny|100/100
|-damage|p1a: Bisharp|95/100|[from] Stealth Rock
|turn|27
|inactive|AvatarAang15 has 120 seconds left.
|
|t:|1645462148
|switch|p2a: Tapu Lele|Tapu Lele|76/100
|-damage|p2a: Tapu Lele|63/100|[from] Stealth Rock
|-fieldstart|move: Psychic Terrain|[from] ability: Psychic Surge|[of] p2a: Tapu Lele
|move|p1a: Bisharp|Knock Off|p2a: Tapu Lele
|-damage|p2a: Tapu Lele|0 fnt
|-enditem|p2a: Tapu Lele|Choice Specs|[from] move: Knock Off|[of] p1a: Bisharp
|faint|p2a: Tapu Lele
|
|upkeep
|inactive|AvatarAang15 has 120 seconds left.
|
|t:|1645462160
|switch|p2a: Blacephalon|Blacephalon|76/100
|-damage|p2a: Blacephalon|51/100|[from] Stealth Rock
|turn|28
|inactive|AvatarAang15 has 120 seconds left.
|
|t:|1645462166
|move|p2a: Blacephalon|Flamethrower|p1a: Bisharp
|-supereffective|p1a: Bisharp
|-damage|p1a: Bisharp|0 fnt
|faint|p1a: Bisharp
|-ability|p2a: Blacephalon|Beast Boost|boost
|-boost|p2a: Blacephalon|spa|1
|
|upkeep
|
|t:|1645462169
|switch|p1a: Melmetal|Melmetal|48/100
|-damage|p1a: Melmetal|42/100|[from] Stealth Rock
|turn|29
|c|☆Monsieur Eans|gg
|c|☆AvatarAang15|Gg
|
|t:|1645462177
|move|p2a: Blacephalon|Flamethrower|p1a: Melmetal
|-supereffective|p1a: Melmetal
|-damage|p1a: Melmetal|0 fnt
|faint|p1a: Melmetal
|
|win|AvatarAang15
|raw|Monsieur Eans's rating: 1471 &rarr; <strong>1451</strong><br />(-20 for losing)
|raw|AvatarAang15's rating: 1475 &rarr; <strong>1495</strong><br />(+20 for winning)
|l|☆Monsieur Eans
||Ladder isn't responding, score probably updated but might not have (Request timeout).
