|j|☆Laroxyl
|j|☆yokobaby
|t:|1667669205
|gametype|singles
|player|p1|Laroxyl|#scl1spartans|1774
|player|p2|yokobaby|pokemonrangerf-gen4|1696
|teamsize|p1|6
|teamsize|p2|6
|gen|8
|tier|[Gen 8] OU
|rated|
|rule|Sleep Clause Mod: Limit one foe put to sleep
|rule|Species Clause: Limit one of each Pokémon
|rule|OHKO Clause: OHKO moves are banned
|rule|Evasion Items Clause: Evasion items are banned
|rule|Evasion Moves Clause: Evasion moves are banned
|rule|Endless Battle Clause: Forcing endless battles is banned
|rule|HP Percentage Mod: HP is shown in percentages
|rule|Dynamax Clause: You cannot dynamax
|clearpoke
|poke|p1|Dragonite, F|
|poke|p1|Clefable, M|
|poke|p1|Toxapex, F|
|poke|p1|Corviknight, M|
|poke|p1|Quagsire, F|
|poke|p1|Chansey, F|
|poke|p2|Nihilego|
|poke|p2|Zapdos-Galar|
|poke|p2|Kartana|
|poke|p2|Celesteela|
|poke|p2|Garchomp, M|
|poke|p2|Tapu Fini|
|teampreview
|c|☆yokobaby|wow
|c|☆yokobaby|Are you icemaster？
|inactive|Battle timer is ON: inactive players will automatically lose when time's up. (requested by Laroxyl)
|c|☆Laroxyl|nop
|inactive|yokobaby has 120 seconds left.
|c|☆yokobaby|You have the same Avatar as him.
|
|t:|1667669279
|start
|switch|p1a: Toxapex|Toxapex, F|100/100
|switch|p2a: Garchomp|Garchomp, M|100/100
|turn|1
|
|t:|1667669282
|move|p2a: Garchomp|Stealth Rock|p1a: Toxapex
|-sidestart|p1: Laroxyl|move: Stealth Rock
|move|p1a: Toxapex|Toxic|p2a: Garchomp
|-status|p2a: Garchomp|tox
|
|-damage|p2a: Garchomp|94/100 tox|[from] psn
|upkeep
|turn|2
|
|t:|1667669300
|move|p2a: Garchomp|Earthquake|p1a: Toxapex
|-supereffective|p1a: Toxapex
|-damage|p1a: Toxapex|45/100
|move|p1a: Toxapex|Toxic Spikes|p2a: Garchomp
|-sidestart|p2: yokobaby|move: Toxic Spikes
|
|-damage|p2a: Garchomp|82/100 tox|[from] psn
|upkeep
|turn|3
|j| BabyPigsAreLaughin
|
|t:|1667669306
|switch|p1a: Corviknight|Corviknight, M|100/100
|-damage|p1a: Corviknight|88/100|[from] Stealth Rock
|-ability|p1a: Corviknight|Pressure
|move|p2a: Garchomp|Fire Blast|p1a: Corviknight|[miss]
|-miss|p2a: Garchomp|p1a: Corviknight
|
|-heal|p1a: Corviknight|94/100|[from] item: Leftovers
|-damage|p2a: Garchomp|63/100 tox|[from] psn
|upkeep
|turn|4
|
|t:|1667669325
|switch|p2a: Zapdos|Zapdos-Galar|100/100
|switch|p1a: Quagsire|Quagsire, F|100/100
|-damage|p1a: Quagsire|94/100|[from] Stealth Rock
|
|-heal|p1a: Quagsire|100/100|[from] item: Leftovers
|upkeep
|turn|5
|
|t:|1667669333
|move|p2a: Zapdos|Close Combat|p1a: Quagsire
|-damage|p1a: Quagsire|38/100
|-unboost|p2a: Zapdos|def|1
|-unboost|p2a: Zapdos|spd|1
|move|p1a: Quagsire|Toxic|p2a: Zapdos
|-status|p2a: Zapdos|tox
|
|-heal|p1a: Quagsire|45/100|[from] item: Leftovers
|-damage|p2a: Zapdos|94/100 tox|[from] psn
|upkeep
|turn|6
|j| Pain96
|
|t:|1667669339
|switch|p2a: Kartana|Kartana|100/100
|switch|p1a: Toxapex|Toxapex, F|78/100
|-damage|p1a: Toxapex|66/100|[from] Stealth Rock
|
|upkeep
|turn|7
|
|t:|1667669357
|switch|p1a: Dragonite|Dragonite, F|100/100
|move|p2a: Kartana|Knock Off|p1a: Dragonite
|-damage|p1a: Dragonite|82/100
|-enditem|p1a: Dragonite|Heavy-Duty Boots|[from] move: Knock Off|[of] p2a: Kartana
|
|upkeep
|turn|8
|
|t:|1667669365
|switch|p2a: Zapdos|Zapdos-Galar|94/100 tox
|move|p1a: Dragonite|Roost|p1a: Dragonite
|-heal|p1a: Dragonite|100/100
|-singleturn|p1a: Dragonite|move: Roost
|
|-damage|p2a: Zapdos|88/100 tox|[from] psn
|upkeep
|turn|9
|
|t:|1667669370
|move|p2a: Zapdos|U-turn|p1a: Dragonite
|-resisted|p1a: Dragonite
|-damage|p1a: Dragonite|94/100
|
|t:|1667669374
|switch|p2a: Celesteela|Celesteela|100/100|[from]move: U-turn
|move|p1a: Dragonite|Roost|p1a: Dragonite
|-heal|p1a: Dragonite|100/100
|-singleturn|p1a: Dragonite|move: Roost
|
|upkeep
|turn|10
|
|t:|1667669383
|move|p2a: Celesteela|Meteor Beam||[still]
|-prepare|p2a: Celesteela|Meteor Beam
|-boost|p2a: Celesteela|spa|1
|-enditem|p2a: Celesteela|Power Herb
|-anim|p2a: Celesteela|Meteor Beam|p1a: Dragonite
|-supereffective|p1a: Dragonite
|-damage|p1a: Dragonite|58/100
|move|p1a: Dragonite|Defog|p2a: Celesteela
|-unboost|p2a: Celesteela|evasion|1
|-sideend|p2: yokobaby|Toxic Spikes|[from] move: Defog|[of] p1a: Dragonite
|-sideend|p1: Laroxyl|Stealth Rock|[from] move: Defog|[of] p1a: Dragonite
|
|upkeep
|turn|11
|
|t:|1667669391
|switch|p1a: Chansey|Chansey, F|100/100
|move|p2a: Celesteela|Air Slash|p1a: Chansey
|-damage|p1a: Chansey|82/100
|
|upkeep
|turn|12
|
|t:|1667669395
|move|p2a: Celesteela|Meteor Beam||[still]
|-prepare|p2a: Celesteela|Meteor Beam
|-boost|p2a: Celesteela|spa|1
|move|p1a: Chansey|Thunder Wave|p2a: Celesteela
|-status|p2a: Celesteela|par
|
|upkeep
|turn|13
|
|t:|1667669398
|move|p1a: Chansey|Seismic Toss|p2a: Celesteela
|-damage|p2a: Celesteela|71/100 par
|move|p2a: Celesteela|Meteor Beam|p1a: Chansey|[from]lockedmove
|-damage|p1a: Chansey|56/100
|
|upkeep
|turn|14
|
|t:|1667669403
|move|p1a: Chansey|Soft-Boiled|p1a: Chansey
|-heal|p1a: Chansey|100/100
|move|p2a: Celesteela|Autotomize|p2a: Celesteela
|-boost|p2a: Celesteela|spe|2
|-start|p2a: Celesteela|Autotomize
|
|upkeep
|turn|15
|
|t:|1667669407
|move|p2a: Celesteela|Air Slash|p1a: Chansey
|-damage|p1a: Chansey|78/100
|move|p1a: Chansey|Seismic Toss|p2a: Celesteela
|-damage|p2a: Celesteela|41/100 par
|
|upkeep
|turn|16
|
|t:|1667669412
|move|p2a: Celesteela|Air Slash|p1a: Chansey
|-damage|p1a: Chansey|56/100
|cant|p1a: Chansey|flinch
|
|upkeep
|turn|17
|
|t:|1667669417
|move|p2a: Celesteela|Air Slash|p1a: Chansey
|-damage|p1a: Chansey|32/100
|cant|p1a: Chansey|flinch
|
|upkeep
|turn|18
|
|t:|1667669421
|move|p2a: Celesteela|Air Slash|p1a: Chansey
|-damage|p1a: Chansey|7/100
|cant|p1a: Chansey|flinch
|
|upkeep
|turn|19
|c|☆yokobaby|sry
|
|t:|1667669430
|move|p2a: Celesteela|Flamethrower|p1a: Chansey
|-damage|p1a: Chansey|0 fnt
|faint|p1a: Chansey
|-ability|p2a: Celesteela|Beast Boost|boost
|-boost|p2a: Celesteela|spa|1
|
|upkeep
|
|t:|1667669434
|switch|p1a: Quagsire|Quagsire, F|45/100
|turn|20
|
|t:|1667669436
|move|p2a: Celesteela|Air Slash|p1a: Quagsire
|-damage|p1a: Quagsire|1/100
|cant|p1a: Quagsire|flinch
|
|-heal|p1a: Quagsire|7/100|[from] item: Leftovers
|upkeep
|turn|21
|c|☆Laroxyl|well
|
|t:|1667669451
|move|p2a: Celesteela|Air Slash|p1a: Quagsire
|-damage|p1a: Quagsire|0 fnt
|faint|p1a: Quagsire
|-ability|p2a: Celesteela|Beast Boost|boost
|-boost|p2a: Celesteela|spa|1
|
|upkeep
|
|t:|1667669463
|switch|p1a: Clefable|Clefable, M|100/100
|turn|22
|
|t:|1667669467
|move|p2a: Celesteela|Air Slash|p1a: Clefable
|-damage|p1a: Clefable|0 fnt
|faint|p1a: Clefable
|-ability|p2a: Celesteela|Beast Boost|boost
|-boost|p2a: Celesteela|spa|1
|
|upkeep
|c| BabyPigsAreLaughin|Is this about to be a 6-0?
|
|t:|1667669481
|switch|p1a: Dragonite|Dragonite, F|58/100
|turn|23
|
|t:|1667669489
|cant|p2a: Celesteela|par
|move|p1a: Dragonite|Superpower|p2a: Celesteela
|-damage|p2a: Celesteela|3/100 par
|-unboost|p1a: Dragonite|atk|1
|-unboost|p1a: Dragonite|def|1
|
|upkeep
|turn|24
|
|t:|1667669492
|move|p2a: Celesteela|Air Slash|p1a: Dragonite
|-damage|p1a: Dragonite|0 fnt
|faint|p1a: Dragonite
|-ability|p2a: Celesteela|Beast Boost|boost
|-boost|p2a: Celesteela|spa|1
|
|upkeep
|
|t:|1667669494
|switch|p1a: Corviknight|Corviknight, M|94/100
|-ability|p1a: Corviknight|Pressure
|turn|25
|
|t:|1667669500
|move|p2a: Celesteela|Flamethrower|p1a: Corviknight
|-supereffective|p1a: Corviknight
|-damage|p1a: Corviknight|0 fnt
|faint|p1a: Corviknight
|
|upkeep
|
|t:|1667669510
|switch|p1a: Toxapex|Toxapex, F|99/100
|turn|26
|
|t:|1667669515
|cant|p2a: Celesteela|par
|move|p1a: Toxapex|Knock Off|p2a: Celesteela
|-damage|p2a: Celesteela|0 fnt
|faint|p2a: Celesteela
|
|upkeep
|
|t:|1667669521
|switch|p2a: Zapdos|Zapdos-Galar|88/100 tox
|turn|27
|
|t:|1667669523
|move|p2a: Zapdos|Stomping Tantrum|p1a: Toxapex
|-supereffective|p1a: Toxapex
|-damage|p1a: Toxapex|55/100
|move|p1a: Toxapex|Recover|p1a: Toxapex
|-heal|p1a: Toxapex|100/100
|
|-damage|p2a: Zapdos|82/100 tox|[from] psn
|upkeep
|turn|28
|j| Ran Kob
|
|t:|1667669530
|switch|p2a: Tapu Fini|Tapu Fini|100/100
|-fieldstart|move: Misty Terrain|[from] ability: Misty Surge|[of] p2a: Tapu Fini
|move|p1a: Toxapex|Recover||[still]
|-fail|p1a: Toxapex|heal
|
|upkeep
|turn|29
|
|t:|1667669534
|move|p2a: Tapu Fini|Taunt|p1a: Toxapex
|-start|p1a: Toxapex|move: Taunt
|move|p1a: Toxapex|Knock Off|p2a: Tapu Fini
|-resisted|p2a: Tapu Fini
|-damage|p2a: Tapu Fini|95/100
|-enditem|p2a: Tapu Fini|Leftovers|[from] move: Knock Off|[of] p1a: Toxapex
|
|upkeep
|turn|30
|l| Pain96
|
|t:|1667669537
|move|p2a: Tapu Fini|Calm Mind|p2a: Tapu Fini
|-boost|p2a: Tapu Fini|spa|1
|-boost|p2a: Tapu Fini|spd|1
|move|p1a: Toxapex|Knock Off|p2a: Tapu Fini
|-resisted|p2a: Tapu Fini
|-damage|p2a: Tapu Fini|91/100
|
|upkeep
|turn|31
|
|t:|1667669539
|move|p2a: Tapu Fini|Calm Mind|p2a: Tapu Fini
|-boost|p2a: Tapu Fini|spa|1
|-boost|p2a: Tapu Fini|spd|1
|move|p1a: Toxapex|Knock Off|p2a: Tapu Fini
|-resisted|p2a: Tapu Fini
|-damage|p2a: Tapu Fini|87/100
|
|-end|p1a: Toxapex|move: Taunt
|upkeep
|turn|32
|
|t:|1667669542
|move|p2a: Tapu Fini|Taunt|p1a: Toxapex
|-start|p1a: Toxapex|move: Taunt
|move|p1a: Toxapex|Knock Off|p2a: Tapu Fini
|-resisted|p2a: Tapu Fini
|-damage|p2a: Tapu Fini|83/100
|
|-fieldend|Misty Terrain
|upkeep
|turn|33
|
|t:|1667669543
|move|p2a: Tapu Fini|Calm Mind|p2a: Tapu Fini
|-boost|p2a: Tapu Fini|spa|1
|-boost|p2a: Tapu Fini|spd|1
|move|p1a: Toxapex|Knock Off|p2a: Tapu Fini
|-resisted|p2a: Tapu Fini
|-damage|p2a: Tapu Fini|78/100
|
|upkeep
|turn|34
|
|t:|1667669545
|move|p2a: Tapu Fini|Calm Mind|p2a: Tapu Fini
|-boost|p2a: Tapu Fini|spa|1
|-boost|p2a: Tapu Fini|spd|1
|move|p1a: Toxapex|Knock Off|p2a: Tapu Fini
|-resisted|p2a: Tapu Fini
|-damage|p2a: Tapu Fini|74/100
|
|-end|p1a: Toxapex|move: Taunt
|upkeep
|turn|35
|
|t:|1667669547
|move|p2a: Tapu Fini|Taunt|p1a: Toxapex
|-start|p1a: Toxapex|move: Taunt
|move|p1a: Toxapex|Knock Off|p2a: Tapu Fini
|-resisted|p2a: Tapu Fini
|-damage|p2a: Tapu Fini|71/100
|
|upkeep
|turn|36
|
|t:|1667669549
|move|p2a: Tapu Fini|Calm Mind|p2a: Tapu Fini
|-boost|p2a: Tapu Fini|spa|1
|-boost|p2a: Tapu Fini|spd|1
|move|p1a: Toxapex|Knock Off|p2a: Tapu Fini
|-resisted|p2a: Tapu Fini
|-damage|p2a: Tapu Fini|67/100
|
|upkeep
|turn|37
|
|t:|1667669551
|move|p2a: Tapu Fini|Calm Mind|p2a: Tapu Fini
|-boost|p2a: Tapu Fini|spa|1
|-boost|p2a: Tapu Fini|spd|1
|move|p1a: Toxapex|Knock Off|p2a: Tapu Fini
|-resisted|p2a: Tapu Fini
|-damage|p2a: Tapu Fini|63/100
|
|-end|p1a: Toxapex|move: Taunt
|upkeep
|turn|38
|
|t:|1667669554
|move|p2a: Tapu Fini|Taunt|p1a: Toxapex
|-start|p1a: Toxapex|move: Taunt
|move|p1a: Toxapex|Knock Off|p2a: Tapu Fini
|-resisted|p2a: Tapu Fini
|-damage|p2a: Tapu Fini|59/100
|
|upkeep
|turn|39
|
|t:|1667669555
|move|p2a: Tapu Fini|Draining Kiss|p1a: Toxapex
|-resisted|p1a: Toxapex
|-damage|p1a: Toxapex|73/100
|-heal|p2a: Tapu Fini|77/100|[from] drain|[of] p1a: Toxapex
|move|p1a: Toxapex|Knock Off|p2a: Tapu Fini
|-resisted|p2a: Tapu Fini
|-damage|p2a: Tapu Fini|74/100
|
|upkeep
|turn|40
|
|t:|1667669559
|move|p2a: Tapu Fini|Scald|p1a: Toxapex
|-resisted|p1a: Toxapex
|-damage|p1a: Toxapex|28/100
|-status|p1a: Toxapex|brn
|move|p1a: Toxapex|Knock Off|p2a: Tapu Fini
|-resisted|p2a: Tapu Fini
|-damage|p2a: Tapu Fini|72/100
|
|-damage|p1a: Toxapex|22/100 brn|[from] brn
|-end|p1a: Toxapex|move: Taunt
|upkeep
|turn|41
|-message|Laroxyl forfeited.
|
|win|yokobaby
|raw|Laroxyl's rating: 1774 &rarr; <strong>1750</strong><br />(-24 for losing)
|raw|yokobaby's rating: 1696 &rarr; <strong>1720</strong><br />(+24 for winning)
|c|☆yokobaby|gg
|c|☆Laroxyl|meh not really
|c| BabyPigsAreLaughin|That salt, though.
|l|☆Laroxyl
||Ladder isn't responding, score probably updated but might not have (Request timeout).
