|j|☆I'm Arnaud
|j|☆svenou
|t:|1656340697
|gametype|singles
|player|p1|I'm Arnaud|chase|1590
|player|p2|svenou|170|1549
|teamsize|p1|6
|teamsize|p2|6
|gen|8
|tier|[Gen 8] OU
|rated|
|rule|Sleep Clause Mod: Limit one foe put to sleep
|rule|Species Clause: Limit one of each Pokémon
|rule|OHKO Clause: OHKO moves are banned
|rule|Evasion Moves Clause: Evasion moves are banned
|rule|Endless Battle Clause: Forcing endless battles is banned
|rule|HP Percentage Mod: HP is shown in percentages
|rule|Dynamax Clause: You cannot dynamax
|clearpoke
|poke|p1|Landorus-Therian, M|
|poke|p1|Tapu Koko|
|poke|p1|Decidueye, M|
|poke|p1|Slowbro, M|
|poke|p1|Corviknight, M|
|poke|p1|Tyranitar, M|
|poke|p2|Tapu Lele|
|poke|p2|Victini|
|poke|p2|Melmetal|
|poke|p2|Dragonite, M|
|poke|p2|Landorus-Therian, M|
|poke|p2|Urshifu-*, M|
|teampreview
|inactive|Battle timer is ON: inactive players will automatically lose when time's up. (requested by I'm Arnaud)
|
|t:|1656340730
|start
|switch|p1a: Slowbro|Slowbro, M|100/100
|switch|p2a: Landorus|Landorus-Therian, M|100/100
|-ability|p2a: Landorus|Intimidate|boost
|-unboost|p1a: Slowbro|atk|1
|turn|1
|
|t:|1656340737
|move|p2a: Landorus|U-turn|p1a: Slowbro
|-supereffective|p1a: Slowbro
|-damage|p1a: Slowbro|75/100
|
|t:|1656340760
|switch|p2a: Urshifu|Urshifu-Rapid-Strike, M|100/100|[from]move: U-turn
|move|p1a: Slowbro|Future Sight|p2a: Urshifu
|-start|p1a: Slowbro|move: Future Sight
|
|upkeep
|turn|2
|
|t:|1656340767
|move|p2a: Urshifu|U-turn|p1a: Slowbro
|-supereffective|p1a: Slowbro
|-damage|p1a: Slowbro|35/100
|
|t:|1656340774
|switch|p2a: Dragonite|Dragonite, M|100/100|[from]move: U-turn
|move|p1a: Slowbro|Teleport|p1a: Slowbro
|
|t:|1656340780
|switch|p1a: Tyranitar|Tyranitar, M|100/100|[from]move: Teleport
|-weather|Sandstorm|[from] ability: Sand Stream|[of] p1a: Tyranitar
|
|-weather|Sandstorm|[upkeep]
|-damage|p2a: Dragonite|94/100|[from] Sandstorm
|upkeep
|turn|3
|
|t:|1656340801
|move|p2a: Dragonite|Roost|p2a: Dragonite
|-heal|p2a: Dragonite|100/100
|-singleturn|p2a: Dragonite|move: Roost
|move|p1a: Tyranitar|Crunch|p2a: Dragonite
|-damage|p2a: Dragonite|76/100
|-unboost|p2a: Dragonite|def|1
|
|-weather|Sandstorm|[upkeep]
|-damage|p2a: Dragonite|69/100|[from] Sandstorm
|-end|p2a: Dragonite|move: Future Sight
|-damage|p2a: Dragonite|35/100
|upkeep
|turn|4
|inactive|svenou has 120 seconds left.
|
|t:|1656340833
|switch|p2a: Melmetal|Melmetal|100/100
|move|p1a: Tyranitar|Crunch|p2a: Melmetal
|-crit|p2a: Melmetal
|-damage|p2a: Melmetal|43/100
|-unboost|p2a: Melmetal|def|1
|
|-weather|Sandstorm|[upkeep]
|upkeep
|turn|5
|
|t:|1656340840
|move|p1a: Tyranitar|Crunch|p2a: Melmetal
|-damage|p2a: Melmetal|0 fnt
|faint|p2a: Melmetal
|
|-weather|Sandstorm|[upkeep]
|upkeep
|
|t:|1656340843
|switch|p2a: Urshifu|Urshifu-Rapid-Strike, M|100/100
|turn|6
|
|t:|1656340850
|switch|p1a: Corviknight|Corviknight, M|100/100
|-ability|p1a: Corviknight|Pressure
|move|p2a: Urshifu|Surging Strikes|p1a: Corviknight
|-crit|p1a: Corviknight
|-damage|p1a: Corviknight|82/100
|-crit|p1a: Corviknight
|-damage|p1a: Corviknight|63/100
|-crit|p1a: Corviknight
|-damage|p1a: Corviknight|43/100
|-hitcount|p1a: Corviknight|3
|
|-weather|none
|upkeep
|turn|7
|
|t:|1656340861
|switch|p1a: Slowbro|Slowbro, M|68/100
|move|p2a: Urshifu|Surging Strikes|p1a: Slowbro
|-resisted|p1a: Slowbro
|-crit|p1a: Slowbro
|-damage|p1a: Slowbro|59/100
|-resisted|p1a: Slowbro
|-crit|p1a: Slowbro
|-damage|p1a: Slowbro|50/100
|-resisted|p1a: Slowbro
|-crit|p1a: Slowbro
|-damage|p1a: Slowbro|41/100
|-hitcount|p1a: Slowbro|3
|
|upkeep
|turn|8
|
|t:|1656340873
|move|p2a: Urshifu|Surging Strikes|p1a: Slowbro
|-resisted|p1a: Slowbro
|-crit|p1a: Slowbro
|-damage|p1a: Slowbro|32/100
|-resisted|p1a: Slowbro
|-crit|p1a: Slowbro
|-damage|p1a: Slowbro|24/100
|-resisted|p1a: Slowbro
|-crit|p1a: Slowbro
|-damage|p1a: Slowbro|15/100
|-hitcount|p1a: Slowbro|3
|move|p1a: Slowbro|Teleport|p1a: Slowbro
|
|t:|1656340877
|switch|p1a: Tapu Koko|Tapu Koko|100/100|[from]move: Teleport
|-fieldstart|move: Electric Terrain|[from] ability: Electric Surge|[of] p1a: Tapu Koko
|
|upkeep
|turn|9
|
|t:|1656340885
|switch|p2a: Landorus|Landorus-Therian, M|100/100
|-ability|p2a: Landorus|Intimidate|boost
|-unboost|p1a: Tapu Koko|atk|1
|move|p1a: Tapu Koko|U-turn|p2a: Landorus
|-resisted|p2a: Landorus
|-damage|p2a: Landorus|95/100
|
|t:|1656340888
|switch|p1a: Corviknight|Corviknight, M|43/100|[from]move: U-turn
|-ability|p1a: Corviknight|Pressure
|
|-heal|p2a: Landorus|100/100|[from] item: Leftovers
|upkeep
|turn|10
|
|t:|1656340896
|move|p2a: Landorus|U-turn|p1a: Corviknight
|-resisted|p1a: Corviknight
|-damage|p1a: Corviknight|40/100
|
|t:|1656340899
|switch|p2a: Victini|Victini|100/100|[from]move: U-turn
|move|p1a: Corviknight|Roost|p1a: Corviknight
|-heal|p1a: Corviknight|90/100
|-singleturn|p1a: Corviknight|move: Roost
|
|upkeep
|turn|11
|
|t:|1656340913
|switch|p1a: Landorus|Landorus-Therian, M|100/100
|-ability|p1a: Landorus|Intimidate|boost
|-unboost|p2a: Victini|atk|1
|move|p2a: Victini|V-create|p1a: Landorus
|-damage|p1a: Landorus|49/100
|-unboost|p2a: Victini|spe|1
|-unboost|p2a: Victini|def|1
|-unboost|p2a: Victini|spd|1
|
|-heal|p1a: Landorus|55/100|[from] item: Leftovers
|upkeep
|turn|12
|
|t:|1656340921
|move|p2a: Victini|V-create|p1a: Landorus
|-damage|p1a: Landorus|1/100
|-unboost|p2a: Victini|spe|1
|-unboost|p2a: Victini|def|1
|-unboost|p2a: Victini|spd|1
|move|p1a: Landorus|Stealth Rock|p2a: Victini
|-sidestart|p2: svenou|move: Stealth Rock
|
|-heal|p1a: Landorus|7/100|[from] item: Leftovers
|-fieldend|move: Electric Terrain
|upkeep
|turn|13
|
|t:|1656340933
|switch|p2a: Dragonite|Dragonite, M|35/100
|move|p1a: Landorus|U-turn|p2a: Dragonite
|-resisted|p2a: Dragonite
|-crit|p2a: Dragonite
|-damage|p2a: Dragonite|22/100
|
|t:|1656340938
|switch|p1a: Slowbro|Slowbro, M|48/100|[from]move: U-turn
|
|upkeep
|turn|14
|
|t:|1656340944
|move|p2a: Dragonite|Defog|p1a: Slowbro
|-unboost|p1a: Slowbro|evasion|1
|-sideend|p2: svenou|Stealth Rock|[from] move: Defog|[of] p2a: Dragonite
|move|p1a: Slowbro|Slack Off|p1a: Slowbro
|-heal|p1a: Slowbro|98/100
|
|upkeep
|turn|15
|
|t:|1656340947
|move|p2a: Dragonite|Roost|p2a: Dragonite
|-heal|p2a: Dragonite|72/100
|-singleturn|p2a: Dragonite|move: Roost
|move|p1a: Slowbro|Future Sight|p2a: Dragonite
|-start|p1a: Slowbro|move: Future Sight
|
|upkeep
|turn|16
|
|t:|1656340954
|move|p2a: Dragonite|Roost|p2a: Dragonite
|-heal|p2a: Dragonite|100/100
|-singleturn|p2a: Dragonite|move: Roost
|move|p1a: Slowbro|Teleport|p1a: Slowbro
|
|t:|1656340960
|switch|p1a: Tyranitar|Tyranitar, M|100/100|[from]move: Teleport
|-weather|Sandstorm|[from] ability: Sand Stream|[of] p1a: Tyranitar
|
|-weather|Sandstorm|[upkeep]
|-damage|p2a: Dragonite|94/100|[from] Sandstorm
|upkeep
|turn|17
|
|t:|1656340967
|move|p2a: Dragonite|Roost|p2a: Dragonite
|-heal|p2a: Dragonite|100/100
|-singleturn|p2a: Dragonite|move: Roost
|move|p1a: Tyranitar|Stone Edge|p2a: Dragonite|[miss]
|-miss|p1a: Tyranitar|p2a: Dragonite
|
|-weather|Sandstorm|[upkeep]
|-damage|p2a: Dragonite|94/100|[from] Sandstorm
|-end|p2a: Dragonite|move: Future Sight
|-damage|p2a: Dragonite|63/100
|upkeep
|turn|18
|
|t:|1656340985
|switch|p2a: Urshifu|Urshifu-Rapid-Strike, M|100/100
|move|p1a: Tyranitar|Stone Edge|p2a: Urshifu
|-resisted|p2a: Urshifu
|-damage|p2a: Urshifu|60/100
|
|-weather|Sandstorm|[upkeep]
|-damage|p2a: Urshifu|54/100|[from] Sandstorm
|upkeep
|turn|19
|
|t:|1656340993
|switch|p1a: Slowbro|Slowbro, M|100/100
|move|p2a: Urshifu|Surging Strikes|p1a: Slowbro
|-resisted|p1a: Slowbro
|-crit|p1a: Slowbro
|-damage|p1a: Slowbro|92/100
|-resisted|p1a: Slowbro
|-crit|p1a: Slowbro
|-damage|p1a: Slowbro|83/100
|-resisted|p1a: Slowbro
|-crit|p1a: Slowbro
|-damage|p1a: Slowbro|74/100
|-hitcount|p1a: Slowbro|3
|
|-weather|Sandstorm|[upkeep]
|-damage|p2a: Urshifu|48/100|[from] Sandstorm
|-damage|p1a: Slowbro|68/100|[from] Sandstorm
|upkeep
|turn|20
|-message|svenou forfeited.
|
|win|I'm Arnaud
|raw|I&apos;m Arnaud's rating: 1590 &rarr; <strong>1608</strong><br />(+18 for winning)
|raw|svenou's rating: 1549 &rarr; <strong>1531</strong><br />(-18 for losing)
|l|☆svenou
