|raw|<div class="broadcast-blue"><strong>This battle is required to be public due to a player having a name starting with 'lt81yl'.</div>
|j|‽lonietzzz
|j|☆LT81YL Makicchi
|t:|1625230808
|gametype|singles
|player|p1|lonietzzz|pokemonbreederf|1771
|player|p2|LT81YL Makicchi|lucas|1894
|teamsize|p1|6
|teamsize|p2|6
|gen|8
|tier|[Gen 8] OU
|rated|
|rule|Sleep Clause Mod: Limit one foe put to sleep
|rule|Species Clause: Limit one of each Pokémon
|rule|OHKO Clause: OHKO moves are banned
|rule|Evasion Moves Clause: Evasion moves are banned
|rule|Endless Battle Clause: Forcing endless battles is banned
|rule|HP Percentage Mod: HP is shown in percentages
|rule|Dynamax Clause: You cannot dynamax
|clearpoke
|poke|p1|Garchomp, F|
|poke|p1|Dragapult, M|
|poke|p1|Mew|
|poke|p1|Cloyster, M|
|poke|p1|Kartana|
|poke|p1|Weavile, M|
|poke|p2|Dragapult, M|
|poke|p2|Urshifu-*, F|
|poke|p2|Heatran, M|
|poke|p2|Toxapex, M|
|poke|p2|Slowking-Galar, F|
|poke|p2|Landorus-Therian, M|
|teampreview
|j| Fylkir Pudin
|inactive|Battle timer is ON: inactive players will automatically lose when time's up. (requested by lonietzzz)
|j| LT81YL Tace
|
|t:|1625230818
|start
|switch|p1a: Mew|Mew|100/100
|switch|p2a: dark side of fate|Dragapult, M|100/100
|turn|1
|
|t:|1625230822
|move|p2a: dark side of fate|U-turn|p1a: Mew
|-supereffective|p1a: Mew
|-damage|p1a: Mew|70/100
|
|t:|1625230825
|switch|p2a: plain asia|Landorus-Therian, M|100/100|[from]move: U-turn
|-ability|p2a: plain asia|Intimidate|boost
|-unboost|p1a: Mew|atk|1
|move|p1a: Mew|Thunder Wave|p2a: plain asia
|-immune|p2a: plain asia
|
|upkeep
|turn|2
|j| Lasen
|
|t:|1625230829
|move|p1a: Mew|Stealth Rock|p2a: plain asia
|-sidestart|p2: LT81YL Makicchi|move: Stealth Rock
|move|p2a: plain asia|U-turn|p1a: Mew
|-supereffective|p1a: Mew
|-damage|p1a: Mew|33/100
|j|+Lunala
|
|t:|1625230831
|switch|p2a: dark side of fate|Dragapult, M|100/100|[from]move: U-turn
|-damage|p2a: dark side of fate|88/100|[from] Stealth Rock
|
|upkeep
|turn|3
|
|t:|1625230836
|move|p2a: dark side of fate|Shadow Ball|p1a: Mew
|-supereffective|p1a: Mew
|-damage|p1a: Mew|0 fnt
|faint|p1a: Mew
|
|upkeep
|
|t:|1625230840
|switch|p1a: Weavile|Weavile, M|100/100
|-ability|p1a: Weavile|Pressure
|turn|4
|
|t:|1625230849
|switch|p2a: necrofantasia|Urshifu-Rapid-Strike, F|100/100
|-damage|p2a: necrofantasia|94/100|[from] Stealth Rock
|move|p1a: Weavile|Swords Dance|p1a: Weavile
|-boost|p1a: Weavile|atk|2
|
|upkeep
|turn|5
|j|@Quite Quiet
|j| LT81YL Kibo
|
|t:|1625230856
|move|p1a: Weavile|Beat Up|p2a: necrofantasia
|-resisted|p2a: necrofantasia
|-damage|p2a: necrofantasia|86/100
|-resisted|p2a: necrofantasia
|-damage|p2a: necrofantasia|78/100
|-resisted|p2a: necrofantasia
|-crit|p2a: necrofantasia
|-damage|p2a: necrofantasia|64/100
|-resisted|p2a: necrofantasia
|-damage|p2a: necrofantasia|57/100
|-resisted|p2a: necrofantasia
|-damage|p2a: necrofantasia|46/100
|-hitcount|p2a: necrofantasia|5
|cant|p2a: necrofantasia|flinch
|
|upkeep
|turn|6
|l|@Quite Quiet
|j| sabella
|c|☆LT81YL Makicchi|oh
|c| Fylkir Pudin|smashed
|j| Bald old guy
|j| LT81YL stareal
|c| Lasen|destroyed maybe
|j| dubbel
|
|t:|1625230868
|move|p1a: Weavile|Beat Up|p2a: necrofantasia
|-resisted|p2a: necrofantasia
|-damage|p2a: necrofantasia|37/100
|-resisted|p2a: necrofantasia
|-damage|p2a: necrofantasia|29/100
|-resisted|p2a: necrofantasia
|-damage|p2a: necrofantasia|19/100
|-resisted|p2a: necrofantasia
|-damage|p2a: necrofantasia|12/100
|-resisted|p2a: necrofantasia
|-damage|p2a: necrofantasia|1/100
|-hitcount|p2a: necrofantasia|5
|cant|p2a: necrofantasia|flinch
|
|upkeep
|turn|7
|j| Gt0x
|c|☆LT81YL Makicchi|sigh
|
|t:|1625230885
|move|p1a: Weavile|Beat Up|p2a: necrofantasia
|-resisted|p2a: necrofantasia
|-damage|p2a: necrofantasia|0 fnt
|faint|p2a: necrofantasia
|-hitcount|p2: necrofantasia|1
|
|upkeep
|
|t:|1625230887
|switch|p2a: youkai mountain|Heatran, M|100/100
|-damage|p2a: youkai mountain|88/100|[from] Stealth Rock
|turn|8
|c| Fylkir Pudin|honethtly
|
|t:|1625230892
|move|p1a: Weavile|Beat Up|p2a: youkai mountain
|-damage|p2a: youkai mountain|75/100
|-damage|p2a: youkai mountain|61/100
|-damage|p2a: youkai mountain|46/100
|-damage|p2a: youkai mountain|34/100
|-damage|p2a: youkai mountain|13/100
|-hitcount|p2a: youkai mountain|5
|cant|p2a: youkai mountain|flinch
|
|-heal|p2a: youkai mountain|20/100|[from] item: Leftovers
|upkeep
|turn|9
|c|☆LT81YL Makicchi|shut the fuck up fylkir.
|-message|LT81YL Makicchi forfeited.
|
|win|lonietzzz
|raw|lonietzzz's rating: 1771 &rarr; <strong>1798</strong><br />(+27 for winning)
|raw|LT81YL Makicchi's rating: 1894 &rarr; <strong>1867</strong><br />(-27 for losing)
|j| DesiBandey
|l|☆LT81YL Makicchi
|l| LT81YL stareal
|j| Mara Sattei
|l| LT81YL Kibo
|l| sabella
|l|+Lunala
|j| AndreyVGC
