|html|<div class="broadcast-blue"><strong>[Gen 8] OU is currently suspecting Melmetal! For information on how to participate check out the <a href="https://www.smogon.com/forums/threads/np-ss-ou-suspect-process-round-12-monster-mash.3709234/">suspect thread</a>.</strong></div>
|j|☆Firelord0zaii
|j|☆ty-tyui↻
|t:|1665946970
|gametype|singles
|player|p1|Firelord0zaii|rood|1726
|player|p2|ty-tyui↻|grace|1746
|teamsize|p1|6
|teamsize|p2|6
|gen|8
|tier|[Gen 8] OU
|rated|
|rule|Sleep Clause Mod: Limit one foe put to sleep
|rule|Species Clause: Limit one of each Pokémon
|rule|OHKO Clause: OHKO moves are banned
|rule|Evasion Items Clause: Evasion items are banned
|rule|Evasion Moves Clause: Evasion moves are banned
|rule|Endless Battle Clause: Forcing endless battles is banned
|rule|HP Percentage Mod: HP is shown in percentages
|rule|Dynamax Clause: You cannot dynamax
|clearpoke
|poke|p1|Tornadus-Therian, M|
|poke|p1|Reuniclus, F|
|poke|p1|Buzzwole|
|poke|p1|Hippowdon, M|
|poke|p1|Dracozolt|
|poke|p1|Tauros, M|
|poke|p2|Mienshao, M|
|poke|p2|Ninetales-Alola, M|
|poke|p2|Blacephalon|
|poke|p2|Landorus-Therian, M|
|poke|p2|Corviknight, F|
|poke|p2|Rotom-Wash|
|teampreview
|
|t:|1665946986
|start
|switch|p1a: Tauros|Tauros, M, shiny|100/100
|switch|p2a: Ninetales|Ninetales-Alola, M|100/100
|-weather|Hail|[from] ability: Snow Warning|[of] p2a: Ninetales
|turn|1
|
|t:|1665946990
|switch|p2a: Corviknight|Corviknight, F|100/100
|-ability|p2a: Corviknight|Pressure
|move|p1a: Tauros|Iron Head|p2a: Corviknight
|-resisted|p2a: Corviknight
|-damage|p2a: Corviknight|89/100
|-damage|p1a: Tauros|84/100|[from] item: Rocky Helmet|[of] p2a: Corviknight
|
|-weather|Hail|[upkeep]
|-damage|p1a: Tauros|78/100|[from] Hail
|-damage|p2a: Corviknight|83/100|[from] Hail
|upkeep
|turn|2
|
|t:|1665946994
|move|p1a: Tauros|Flamethrower|p2a: Corviknight
|-supereffective|p2a: Corviknight
|-damage|p2a: Corviknight|61/100
|move|p2a: Corviknight|U-turn|p1a: Tauros
|-crit|p1a: Tauros
|-damage|p1a: Tauros|47/100
|j| hejfweff
|
|t:|1665946998
|switch|p2a: Blacephalon|Blacephalon, shiny|100/100|[from]move: U-turn
|
|-weather|Hail|[upkeep]
|-damage|p2a: Blacephalon|94/100|[from] Hail
|-damage|p1a: Tauros|41/100|[from] Hail
|upkeep
|turn|3
|inactive|Battle timer is ON: inactive players will automatically lose when time's up. (requested by Firelord0zaii)
|
|t:|1665947004
|switch|p1a: Hippowdon|Hippowdon, M|100/100
|-weather|Sandstorm|[from] ability: Sand Stream|[of] p1a: Hippowdon
|move|p2a: Blacephalon|Flamethrower|p1a: Hippowdon
|-damage|p1a: Hippowdon|63/100
|-status|p1a: Hippowdon|brn
|
|-weather|Sandstorm|[upkeep]
|-damage|p2a: Blacephalon|88/100|[from] Sandstorm
|-heal|p1a: Hippowdon|70/100 brn|[from] item: Leftovers
|-damage|p1a: Hippowdon|63/100 brn|[from] brn
|upkeep
|turn|4
|
|t:|1665947008
|switch|p2a: Corviknight|Corviknight, F|61/100
|-ability|p2a: Corviknight|Pressure
|move|p1a: Hippowdon|Stealth Rock|p2a: Corviknight
|-sidestart|p2: ty-tyui↻|move: Stealth Rock
|
|-weather|Sandstorm|[upkeep]
|-heal|p1a: Hippowdon|70/100 brn|[from] item: Leftovers
|-damage|p1a: Hippowdon|63/100 brn|[from] brn
|upkeep
|turn|5
|
|t:|1665947013
|switch|p1a: Dracozolt|Dracozolt, shiny|100/100
|move|p2a: Corviknight|Defog|p1a: Dracozolt
|-unboost|p1a: Dracozolt|evasion|1
|-sideend|p2: ty-tyui↻|Stealth Rock|[from] move: Defog|[of] p2a: Corviknight
|
|-weather|Sandstorm|[upkeep]
|upkeep
|turn|6
|
|t:|1665947017
|switch|p2a: Landorus|Landorus-Therian, M|100/100
|-ability|p2a: Landorus|Intimidate|boost
|-unboost|p1a: Dracozolt|atk|1
|move|p1a: Dracozolt|Substitute|p1a: Dracozolt
|-start|p1a: Dracozolt|Substitute
|-damage|p1a: Dracozolt|76/100
|
|-weather|Sandstorm|[upkeep]
|-heal|p1a: Dracozolt|82/100|[from] item: Leftovers
|upkeep
|turn|7
|
|t:|1665947021
|move|p1a: Dracozolt|Draco Meteor|p2a: Landorus
|-damage|p2a: Landorus|65/100
|-unboost|p1a: Dracozolt|spa|2
|move|p2a: Landorus|Earthquake|p1a: Dracozolt
|-supereffective|p1a: Dracozolt
|-end|p1a: Dracozolt|Substitute
|
|-weather|none
|-heal|p1a: Dracozolt|88/100|[from] item: Leftovers
|-heal|p2a: Landorus|71/100|[from] item: Leftovers
|upkeep
|turn|8
|
|t:|1665947027
|switch|p1a: Tornadus|Tornadus-Therian, M|100/100
|move|p2a: Landorus|Toxic|p1a: Tornadus
|-status|p1a: Tornadus|tox
|
|-heal|p2a: Landorus|77/100|[from] item: Leftovers
|-damage|p1a: Tornadus|94/100 tox|[from] psn
|upkeep
|turn|9
|
|t:|1665947033
|switch|p2a: Rotom|Rotom-Wash|100/100
|move|p1a: Tornadus|Toxic|p2a: Rotom
|-status|p2a: Rotom|tox
|
|-damage|p1a: Tornadus|82/100 tox|[from] psn
|-damage|p2a: Rotom|94/100 tox|[from] psn
|upkeep
|turn|10
|
|t:|1665947041
|switch|p1a: Reuniclus|Reuniclus, F, shiny|100/100
|move|p2a: Rotom|Hydro Pump|p1a: Reuniclus|[miss]
|-miss|p2a: Rotom|p1a: Reuniclus
|
|-heal|p2a: Rotom|100/100 tox|[from] item: Leftovers
|-damage|p2a: Rotom|88/100 tox|[from] psn
|upkeep
|turn|11
|
|t:|1665947045
|move|p2a: Rotom|Thunder Wave|p1a: Reuniclus
|-status|p1a: Reuniclus|par
|move|p1a: Reuniclus|Calm Mind|p1a: Reuniclus
|-boost|p1a: Reuniclus|spa|1
|-boost|p1a: Reuniclus|spd|1
|
|-heal|p2a: Rotom|94/100 tox|[from] item: Leftovers
|-damage|p2a: Rotom|75/100 tox|[from] psn
|upkeep
|turn|12
|
|t:|1665947047
|move|p2a: Rotom|Volt Switch|p1a: Reuniclus
|-damage|p1a: Reuniclus|85/100 par
|
|t:|1665947049
|switch|p2a: Mienshao|Mienshao, M, shiny|100/100|[from]move: Volt Switch
|move|p1a: Reuniclus|Calm Mind|p1a: Reuniclus
|-boost|p1a: Reuniclus|spa|1
|-boost|p1a: Reuniclus|spd|1
|
|-heal|p1a: Reuniclus|92/100 par|[from] item: Leftovers
|upkeep
|turn|13
|
|t:|1665947053
|move|p2a: Mienshao|Knock Off|p1a: Reuniclus
|-supereffective|p1a: Reuniclus
|-damage|p1a: Reuniclus|32/100 par
|-enditem|p1a: Reuniclus|Leftovers|[from] move: Knock Off|[of] p2a: Mienshao
|-damage|p2a: Mienshao|91/100|[from] item: Life Orb
|move|p1a: Reuniclus|Acid Armor|p1a: Reuniclus
|-boost|p1a: Reuniclus|def|2
|
|upkeep
|turn|14
|
|t:|1665947058
|move|p2a: Mienshao|U-turn|p1a: Reuniclus
|-supereffective|p1a: Reuniclus
|-damage|p1a: Reuniclus|11/100 par
|-damage|p2a: Mienshao|81/100|[from] item: Life Orb
|
|t:|1665947064
|switch|p2a: Ninetales|Ninetales-Alola, M|100/100|[from]move: U-turn
|-weather|Hail|[from] ability: Snow Warning|[of] p2a: Ninetales
|move|p1a: Reuniclus|Recover|p1a: Reuniclus
|-heal|p1a: Reuniclus|61/100 par
|
|-weather|Hail|[upkeep]
|upkeep
|turn|15
|
|t:|1665947070
|move|p2a: Ninetales|Blizzard|p1a: Reuniclus
|-damage|p1a: Reuniclus|32/100 par
|cant|p1a: Reuniclus|par
|
|-weather|Hail|[upkeep]
|upkeep
|turn|16
|
|t:|1665947077
|move|p2a: Ninetales|Blizzard|p1a: Reuniclus
|-damage|p1a: Reuniclus|2/100 par
|cant|p1a: Reuniclus|par
|
|-weather|Hail|[upkeep]
|upkeep
|turn|17
|
|t:|1665947080
|switch|p1a: Hippowdon|Hippowdon, M|63/100 brn
|-weather|Sandstorm|[from] ability: Sand Stream|[of] p1a: Hippowdon
|move|p2a: Ninetales|Blizzard|p1a: Hippowdon|[miss]
|-miss|p2a: Ninetales|p1a: Hippowdon
|
|-weather|Sandstorm|[upkeep]
|-damage|p2a: Ninetales|94/100|[from] Sandstorm
|-heal|p1a: Hippowdon|70/100 brn|[from] item: Leftovers
|-damage|p1a: Hippowdon|63/100 brn|[from] brn
|upkeep
|turn|18
|j| virus in the brain
|
|t:|1665947086
|switch|p1a: Dracozolt|Dracozolt, shiny|88/100
|move|p2a: Ninetales|Blizzard|p1a: Dracozolt
|-supereffective|p1a: Dracozolt
|-damage|p1a: Dracozolt|0 fnt
|faint|p1a: Dracozolt
|
|-weather|Sandstorm|[upkeep]
|-damage|p2a: Ninetales|88/100|[from] Sandstorm
|upkeep
|-message|Firelord0zaii forfeited.
|
|win|ty-tyui↻
|raw|Firelord0zaii's rating: 1726 &rarr; <strong>1707</strong><br />(-19 for losing)
|raw|ty-tyui↻'s rating: 1746 &rarr; <strong>1765</strong><br />(+19 for winning)
