|j|☆Pok et Glace
|j|☆michaelscottmyers
|t:|1665329690
|gametype|singles
|player|p1|Pok et Glace|cynthia-masters|1716
|player|p2|michaelscottmyers|169|1641
|teamsize|p1|6
|teamsize|p2|6
|gen|8
|tier|[Gen 8] OU
|rated|
|rule|Sleep Clause Mod: Limit one foe put to sleep
|rule|Species Clause: Limit one of each Pokémon
|rule|OHKO Clause: OHKO moves are banned
|rule|Evasion Items Clause: Evasion items are banned
|rule|Evasion Moves Clause: Evasion moves are banned
|rule|Endless Battle Clause: Forcing endless battles is banned
|rule|HP Percentage Mod: HP is shown in percentages
|rule|Dynamax Clause: You cannot dynamax
|clearpoke
|poke|p1|Entei|
|poke|p1|Dragapult, M|
|poke|p1|Rotom-Wash|
|poke|p1|Ferrothorn, F|
|poke|p1|Landorus-Therian, M|
|poke|p1|Amoonguss, M|
|poke|p2|Garchomp, M|
|poke|p2|Tornadus-Therian, M|
|poke|p2|Dhelmise|
|poke|p2|Ferrothorn, F|
|poke|p2|Weavile, F|
|poke|p2|Volcanion|
|teampreview
|j| Matheus RW
|
|t:|1665329712
|start
|switch|p1a: Landorus|Landorus-Therian, M|100/100
|switch|p2a: Weavile|Weavile, F|100/100
|-ability|p2a: Weavile|Pressure
|-ability|p1a: Landorus|Intimidate|boost
|-unboost|p2a: Weavile|atk|1
|turn|1
|inactive|Battle timer is ON: inactive players will automatically lose when time's up. (requested by michaelscottmyers)
|
|t:|1665329719
|switch|p1a: Ferrothorn|Ferrothorn, F|100/100
|move|p2a: Weavile|Knock Off|p1a: Ferrothorn
|-damage|p1a: Ferrothorn|72/100
|-damage|p2a: Weavile|88/100|[from] ability: Iron Barbs|[of] p1a: Ferrothorn
|-enditem|p1a: Ferrothorn|Leftovers|[from] move: Knock Off|[of] p2a: Weavile
|
|upkeep
|turn|2
|j| DJStankyJunk
|
|t:|1665329727
|switch|p2a: Tornadus|Tornadus-Therian, M, shiny|100/100
|move|p1a: Ferrothorn|Stealth Rock|p2a: Tornadus
|-sidestart|p2: michaelscottmyers|move: Stealth Rock
|
|upkeep
|turn|3
|
|t:|1665329732
|switch|p1a: Landorus|Landorus-Therian, M|100/100
|-ability|p1a: Landorus|Intimidate|boost
|-unboost|p2a: Tornadus|atk|1
|move|p2a: Tornadus|Defog|p1a: Landorus
|-unboost|p1a: Landorus|evasion|1
|-sideend|p2: michaelscottmyers|Stealth Rock|[from] move: Defog|[of] p2a: Tornadus
|
|upkeep
|turn|4
|
|t:|1665329739
|move|p2a: Tornadus|Hurricane|p1a: Landorus
|-damage|p1a: Landorus|69/100
|move|p1a: Landorus|Toxic|p2a: Tornadus
|-status|p2a: Tornadus|tox
|
|-heal|p1a: Landorus|75/100|[from] item: Leftovers
|-damage|p2a: Tornadus|94/100 tox|[from] psn
|upkeep
|turn|5
|
|t:|1665329747
|move|p2a: Tornadus|Hurricane|p1a: Landorus
|-damage|p1a: Landorus|44/100
|move|p1a: Landorus|U-turn|p2a: Tornadus
|-resisted|p2a: Tornadus
|-damage|p2a: Tornadus|85/100 tox
|
|t:|1665329754
|switch|p1a: Dragapult|Dragapult, M|100/100|[from]move: U-turn
|
|-damage|p2a: Tornadus|73/100 tox|[from] psn
|upkeep
|turn|6
|
|t:|1665329762
|move|p1a: Dragapult|Draco Meteor|p2a: Tornadus
|-crit|p2a: Tornadus
|-damage|p2a: Tornadus|0 fnt
|-unboost|p1a: Dragapult|spa|2
|faint|p2a: Tornadus
|
|upkeep
|
|t:|1665329791
|switch|p2a: Garchomp|Garchomp, M, shiny|100/100
|turn|7
|
|t:|1665329795
|switch|p1a: Rotom|Rotom-Wash|100/100
|move|p2a: Garchomp|Swords Dance|p2a: Garchomp
|-boost|p2a: Garchomp|atk|2
|
|upkeep
|turn|8
|
|t:|1665329801
|move|p2a: Garchomp|Substitute|p2a: Garchomp
|-start|p2a: Garchomp|Substitute
|-damage|p2a: Garchomp|76/100
|move|p1a: Rotom|Will-O-Wisp||[still]
|-fail|p1a: Rotom
|
|-heal|p2a: Garchomp|82/100|[from] item: Leftovers
|upkeep
|turn|9
|
|t:|1665329814
|move|p2a: Garchomp|Scale Shot|p1a: Rotom
|-damage|p1a: Rotom|79/100
|-damage|p1a: Rotom|56/100
|-hitcount|p1a: Rotom|2
|-unboost|p2a: Garchomp|def|1
|-boost|p2a: Garchomp|spe|1
|move|p1a: Rotom|Hydro Pump|p2a: Garchomp|[miss]
|-miss|p1a: Rotom|p2a: Garchomp
|
|-heal|p2a: Garchomp|88/100|[from] item: Leftovers
|-heal|p1a: Rotom|62/100|[from] item: Leftovers
|upkeep
|turn|10
|c|☆Pok et Glace|noice
|
|t:|1665329826
|move|p2a: Garchomp|Scale Shot|p1a: Rotom
|-damage|p1a: Rotom|42/100
|-damage|p1a: Rotom|20/100
|-damage|p1a: Rotom|0 fnt
|faint|p1a: Rotom
|-hitcount|p1: Rotom|3
|-unboost|p2a: Garchomp|def|1
|-boost|p2a: Garchomp|spe|1
|
|-heal|p2a: Garchomp|94/100|[from] item: Leftovers
|upkeep
|
|t:|1665329834
|switch|p1a: Ferrothorn|Ferrothorn, F|72/100
|turn|11
|c|☆michaelscottmyers|yh noice
|
|t:|1665329840
|move|p2a: Garchomp|Earthquake|p1a: Ferrothorn
|-damage|p1a: Ferrothorn|12/100
|move|p1a: Ferrothorn|Body Press|p2a: Garchomp
|-end|p2a: Garchomp|Substitute
|
|-heal|p2a: Garchomp|99/100|[from] item: Leftovers
|upkeep
|turn|12
|
|t:|1665329850
|move|p2a: Garchomp|Swords Dance|p2a: Garchomp
|-boost|p2a: Garchomp|atk|2
|move|p1a: Ferrothorn|Body Press|p2a: Garchomp
|-damage|p2a: Garchomp|41/100
|-damage|p1a: Ferrothorn|0 fnt|[from] ability: Rough Skin|[of] p2a: Garchomp
|faint|p1a: Ferrothorn
|
|-heal|p2a: Garchomp|47/100|[from] item: Leftovers
|upkeep
|
|t:|1665329856
|switch|p1a: Entei|Entei|100/100
|turn|13
|
|t:|1665329866
|switch|p2a: Dhelmise|Dhelmise, shiny|100/100
|move|p1a: Entei|Extreme Speed|p2a: Dhelmise
|-immune|p2a: Dhelmise
|
|upkeep
|turn|14
|
|t:|1665329875
|switch|p1a: Amoonguss|Amoonguss, M|100/100
|move|p2a: Dhelmise|Swords Dance|p2a: Dhelmise
|-boost|p2a: Dhelmise|atk|2
|
|upkeep
|turn|15
|
|t:|1665329882
|move|p2a: Dhelmise|Poltergeist|p1a: Amoonguss
|-activate|p1a: Amoonguss|move: Poltergeist|Assault Vest
|-damage|p1a: Amoonguss|0 fnt
|faint|p1a: Amoonguss
|
|upkeep
|
|t:|1665329886
|switch|p1a: Dragapult|Dragapult, M|100/100
|turn|16
|j| fork gaming
|
|t:|1665329894
|switch|p2a: Ferrothorn|Ferrothorn, F|100/100
|move|p1a: Dragapult|Shadow Ball|p2a: Ferrothorn
|-damage|p2a: Ferrothorn|70/100
|
|-heal|p2a: Ferrothorn|77/100|[from] item: Leftovers
|upkeep
|turn|17
|j| Pinkmons are funny
|
|t:|1665329903
|switch|p1a: Entei|Entei|100/100
|move|p2a: Ferrothorn|Thunder Wave|p1a: Entei|[miss]
|-miss|p2a: Ferrothorn|p1a: Entei
|
|-heal|p2a: Ferrothorn|83/100|[from] item: Leftovers
|upkeep
|turn|18
|
|t:|1665329910
|switch|p2a: Volcanion|Volcanion|100/100
|move|p1a: Entei|Sacred Fire|p2a: Volcanion
|-resisted|p2a: Volcanion
|-damage|p2a: Volcanion|86/100
|
|upkeep
|turn|19
|
|t:|1665329917
|switch|p1a: Dragapult|Dragapult, M|100/100
|move|p2a: Volcanion|Steam Eruption|p1a: Dragapult
|-resisted|p1a: Dragapult
|-damage|p1a: Dragapult|54/100
|
|upkeep
|turn|20
|inactive|michaelscottmyers has 120 seconds left.
|
|t:|1665329947
|move|p1a: Dragapult|Shadow Ball|p2a: Volcanion
|-damage|p2a: Volcanion|51/100
|move|p2a: Volcanion|Earth Power|p1a: Dragapult
|-damage|p1a: Dragapult|3/100
|
|upkeep
|turn|21
|inactive|michaelscottmyers has 120 seconds left.
|
|t:|1665329958
|move|p1a: Dragapult|Shadow Ball|p2a: Volcanion
|-damage|p2a: Volcanion|13/100
|move|p2a: Volcanion|Steam Eruption|p1a: Dragapult
|-resisted|p1a: Dragapult
|-damage|p1a: Dragapult|0 fnt
|faint|p1a: Dragapult
|
|upkeep
|
|t:|1665329973
|switch|p1a: Entei|Entei|100/100
|turn|22
|
|t:|1665329977
|move|p1a: Entei|Sacred Fire|p2a: Volcanion
|-resisted|p2a: Volcanion
|-damage|p2a: Volcanion|0 fnt
|faint|p2a: Volcanion
|
|upkeep
|
|t:|1665329996
|switch|p2a: Garchomp|Garchomp, M, shiny|47/100
|turn|23
|l| Pinkmons are funny
|inactive|michaelscottmyers has 120 seconds left.
|
|t:|1665330015
|switch|p2a: Ferrothorn|Ferrothorn, F|83/100
|move|p1a: Entei|Sacred Fire|p2a: Ferrothorn
|-supereffective|p2a: Ferrothorn
|-damage|p2a: Ferrothorn|0 fnt
|faint|p2a: Ferrothorn
|
|upkeep
|inactive|michaelscottmyers has 120 seconds left.
|
|t:|1665330029
|switch|p2a: Weavile|Weavile, F|88/100
|-ability|p2a: Weavile|Pressure
|turn|24
|
|t:|1665330033
|move|p2a: Weavile|Knock Off|p1a: Entei
|-damage|p1a: Entei|23/100
|-enditem|p1a: Entei|Choice Band|[from] move: Knock Off|[of] p2a: Weavile
|move|p1a: Entei|Sacred Fire|p2a: Weavile
|-supereffective|p2a: Weavile
|-damage|p2a: Weavile|0 fnt
|faint|p2a: Weavile
|
|upkeep
|
|t:|1665330041
|switch|p2a: Garchomp|Garchomp, M, shiny|47/100
|turn|25
|
|t:|1665330044
|switch|p1a: Landorus|Landorus-Therian, M|44/100
|-ability|p1a: Landorus|Intimidate|boost
|-unboost|p2a: Garchomp|atk|1
|move|p2a: Garchomp|Scale Shot|p1a: Landorus
|-damage|p1a: Landorus|36/100
|-damage|p1a: Landorus|27/100
|-hitcount|p1a: Landorus|2
|-unboost|p2a: Garchomp|def|1
|-boost|p2a: Garchomp|spe|1
|
|-heal|p2a: Garchomp|54/100|[from] item: Leftovers
|-heal|p1a: Landorus|33/100|[from] item: Leftovers
|upkeep
|turn|26
|
|t:|1665330057
|switch|p2a: Dhelmise|Dhelmise, shiny|100/100
|move|p1a: Landorus|U-turn|p2a: Dhelmise
|-damage|p2a: Dhelmise|78/100
|
|t:|1665330061
|switch|p1a: Entei|Entei|23/100|[from]move: U-turn
|
|-heal|p2a: Dhelmise|84/100|[from] item: Leftovers
|upkeep
|turn|27
|
|t:|1665330068
|move|p1a: Entei|Sacred Fire|p2a: Dhelmise
|-supereffective|p2a: Dhelmise
|-damage|p2a: Dhelmise|0 fnt
|faint|p2a: Dhelmise
|
|upkeep
|
|t:|1665330072
|switch|p2a: Garchomp|Garchomp, M, shiny|54/100
|turn|28
|
|t:|1665330082
|move|p1a: Entei|Extreme Speed|p2a: Garchomp
|-damage|p2a: Garchomp|27/100
|-damage|p1a: Entei|11/100|[from] ability: Rough Skin|[of] p2a: Garchomp
|move|p2a: Garchomp|Substitute|p2a: Garchomp
|-start|p2a: Garchomp|Substitute
|-damage|p2a: Garchomp|2/100
|
|-heal|p2a: Garchomp|8/100|[from] item: Leftovers
|upkeep
|turn|29
|
|t:|1665330091
|move|p1a: Entei|Extreme Speed|p2a: Garchomp
|-end|p2a: Garchomp|Substitute
|move|p2a: Garchomp|Scale Shot|p1a: Entei
|-damage|p1a: Entei|0 fnt
|faint|p1a: Entei
|-hitcount|p1: Entei|1
|-unboost|p2a: Garchomp|def|1
|-boost|p2a: Garchomp|spe|1
|
|-heal|p2a: Garchomp|14/100|[from] item: Leftovers
|upkeep
|
|t:|1665330095
|switch|p1a: Landorus|Landorus-Therian, M|33/100
|-ability|p1a: Landorus|Intimidate|boost
|-unboost|p2a: Garchomp|atk|1
|turn|30
|
|t:|1665330104
|move|p2a: Garchomp|Scale Shot|p1a: Landorus
|-damage|p1a: Landorus|23/100
|-damage|p1a: Landorus|15/100
|-damage|p1a: Landorus|5/100
|-hitcount|p1a: Landorus|3
|-unboost|p2a: Garchomp|def|1
|-boost|p2a: Garchomp|spe|1
|move|p1a: Landorus|Earthquake|p2a: Garchomp
|-damage|p2a: Garchomp|0 fnt
|faint|p2a: Garchomp
|
|win|Pok et Glace
|raw|Pok et Glace's rating: 1716 &rarr; <strong>1732</strong><br />(+16 for winning)
|raw|michaelscottmyers's rating: 1641 &rarr; <strong>1625</strong><br />(-16 for losing)
|l|☆michaelscottmyers
|c|☆Pok et Glace|damn gg
|l| fork gaming
|l| DJStankyJunk
