|j|☆Buraq
|j|☆RNKnight ◢◤
|inactive|Battle timer is ON: inactive players will automatically lose when time's up.
|t:|1667641057
|gametype|singles
|player|p1|Buraq|lucas|
|player|p2|RNKnight ◢◤|nessa|
|teamsize|p1|6
|teamsize|p2|6
|gen|8
|tier|[Gen 8] OU
|rated|Tournament battle
|rule|Sleep Clause Mod: Limit one foe put to sleep
|rule|Species Clause: Limit one of each Pokémon
|rule|OHKO Clause: OHKO moves are banned
|rule|Evasion Items Clause: Evasion items are banned
|rule|Evasion Moves Clause: Evasion moves are banned
|rule|Endless Battle Clause: Forcing endless battles is banned
|rule|HP Percentage Mod: HP is shown in percentages
|rule|Dynamax Clause: You cannot dynamax
|clearpoke
|poke|p1|Rillaboom, F|
|poke|p1|Tornadus-Therian, M|
|poke|p1|Blaziken, M|
|poke|p1|Melmetal|
|poke|p1|Garchomp, F|
|poke|p1|Slowbro, F|
|poke|p2|Ferrothorn, F|
|poke|p2|Nihilego|
|poke|p2|Celesteela|
|poke|p2|Dragapult, F|
|poke|p2|Bisharp, F|
|poke|p2|Dragonite, M|
|teampreview
|j|@moondazing
|j| King Of Peak
|inactive|Buraq has 120 seconds left.
|
|t:|1667641090
|start
|switch|p1a: Tornadus|Tornadus-Therian, M|100/100
|switch|p2a: Celesteela|Celesteela|100/100
|turn|1
|
|t:|1667641095
|move|p1a: Tornadus|Knock Off|p2a: Celesteela
|-damage|p2a: Celesteela|82/100
|-enditem|p2a: Celesteela|Power Herb|[from] move: Knock Off|[of] p1a: Tornadus
|move|p2a: Celesteela|Autotomize|p2a: Celesteela
|-boost|p2a: Celesteela|spe|2
|-start|p2a: Celesteela|Autotomize
|
|upkeep
|turn|2
|j| baiqing
|
|t:|1667641100
|move|p2a: Celesteela|Meteor Beam||[still]
|-prepare|p2a: Celesteela|Meteor Beam
|-boost|p2a: Celesteela|spa|1
|move|p1a: Tornadus|Heat Wave|p2a: Celesteela
|-supereffective|p2a: Celesteela
|-damage|p2a: Celesteela|36/100
|
|upkeep
|turn|3
|l| baiqing
|
|t:|1667641111
|switch|p1a: Garchomp|Garchomp, F|100/100
|move|p2a: Celesteela|Meteor Beam|p1a: Garchomp|[from]lockedmove|[miss]
|-miss|p2a: Celesteela|p1a: Garchomp
|
|upkeep
|turn|4
|
|t:|1667641117
|move|p2a: Celesteela|Air Slash|p1a: Garchomp
|-damage|p1a: Garchomp|66/100
|move|p1a: Garchomp|Stealth Rock|p2a: Celesteela
|-sidestart|p2: RNKnight ◢◤|move: Stealth Rock
|
|-heal|p1a: Garchomp|73/100|[from] item: Leftovers
|upkeep
|turn|5
|
|t:|1667641136
|switch|p1a: Melmetal|Melmetal|100/100
|move|p2a: Celesteela|Air Slash|p1a: Melmetal
|-resisted|p1a: Melmetal
|-damage|p1a: Melmetal|74/100
|
|-heal|p1a: Melmetal|80/100|[from] item: Leftovers
|upkeep
|turn|6
|
|t:|1667641141
|move|p1a: Melmetal|Protect|p1a: Melmetal
|-singleturn|p1a: Melmetal|Protect
|move|p2a: Celesteela|Flamethrower|p1a: Melmetal
|-activate|p1a: Melmetal|move: Protect
|
|-heal|p1a: Melmetal|86/100|[from] item: Leftovers
|upkeep
|turn|7
|
|t:|1667641146
|move|p2a: Celesteela|Flamethrower|p1a: Melmetal
|-supereffective|p1a: Melmetal
|-damage|p1a: Melmetal|12/100
|move|p1a: Melmetal|Thunder Punch|p2a: Celesteela
|-supereffective|p2a: Celesteela
|-damage|p2a: Celesteela|0 fnt
|faint|p2a: Celesteela
|
|-heal|p1a: Melmetal|18/100|[from] item: Leftovers
|upkeep
|c|☆Buraq|god damn that thing owns me
|
|t:|1667641167
|switch|p2a: Dragonite|Dragonite, M|100/100
|turn|8
|
|t:|1667641170
|switch|p1a: Slowbro|Slowbro, F|100/100
|move|p2a: Dragonite|Dragon Dance|p2a: Dragonite
|-boost|p2a: Dragonite|atk|1
|-boost|p2a: Dragonite|spe|1
|
|upkeep
|turn|9
|
|t:|1667641177
|move|p2a: Dragonite|Dragon Dance|p2a: Dragonite
|-boost|p2a: Dragonite|atk|1
|-boost|p2a: Dragonite|spe|1
|move|p1a: Slowbro|Toxic|p2a: Dragonite
|-status|p2a: Dragonite|tox
|
|-damage|p2a: Dragonite|94/100 tox|[from] psn
|upkeep
|turn|10
|
|t:|1667641180
|move|p2a: Dragonite|Earthquake|p1a: Slowbro
|-damage|p1a: Slowbro|60/100
|move|p1a: Slowbro|Future Sight|p2a: Dragonite
|-start|p1a: Slowbro|move: Future Sight
|
|-damage|p2a: Dragonite|82/100 tox|[from] psn
|upkeep
|turn|11
|
|t:|1667641189
|move|p2a: Dragonite|Dual Wingbeat|p1a: Slowbro
|-damage|p1a: Slowbro|32/100
|-damage|p2a: Dragonite|66/100 tox|[from] item: Rocky Helmet|[of] p1a: Slowbro
|-damage|p1a: Slowbro|6/100
|-damage|p2a: Dragonite|49/100 tox|[from] item: Rocky Helmet|[of] p1a: Slowbro
|-hitcount|p1a: Slowbro|2
|move|p1a: Slowbro|Teleport|p1a: Slowbro
|
|t:|1667641216
|switch|p1a: Blaziken|Blaziken, M|100/100|[from]move: Teleport
|
|-damage|p2a: Dragonite|31/100 tox|[from] psn
|upkeep
|turn|12
|
|t:|1667641229
|move|p1a: Blaziken|Protect|p1a: Blaziken
|-singleturn|p1a: Blaziken|Protect
|move|p2a: Dragonite|Dual Wingbeat|p1a: Blaziken
|-activate|p1a: Blaziken|move: Protect
|
|-end|p2a: Dragonite|move: Future Sight
|-damage|p2a: Dragonite|0 fnt
|faint|p2a: Dragonite
|-ability|p1a: Blaziken|Speed Boost|boost
|-boost|p1a: Blaziken|spe|1
|upkeep
|
|t:|1667641252
|switch|p2a: Nihilego|Nihilego|100/100
|-damage|p2a: Nihilego|88/100|[from] Stealth Rock
|turn|13
|
|t:|1667641257
|move|p1a: Blaziken|Close Combat|p2a: Nihilego
|-damage|p2a: Nihilego|0 fnt
|-unboost|p1a: Blaziken|def|1
|-unboost|p1a: Blaziken|spd|1
|faint|p2a: Nihilego
|
|-ability|p1a: Blaziken|Speed Boost|boost
|-boost|p1a: Blaziken|spe|1
|upkeep
|
|t:|1667641265
|switch|p2a: Dragapult|Dragapult, F|100/100
|-damage|p2a: Dragapult|88/100|[from] Stealth Rock
|turn|14
|
|t:|1667641267
|move|p1a: Blaziken|Protect|p1a: Blaziken
|-singleturn|p1a: Blaziken|Protect
|move|p2a: Dragapult|Shadow Ball|p1a: Blaziken
|-activate|p1a: Blaziken|move: Protect
|
|-ability|p1a: Blaziken|Speed Boost|boost
|-boost|p1a: Blaziken|spe|1
|upkeep
|turn|15
|
|t:|1667641270
|switch|p1a: Melmetal|Melmetal|18/100
|move|p2a: Dragapult|Shadow Ball|p1a: Melmetal
|-damage|p1a: Melmetal|0 fnt
|faint|p1a: Melmetal
|
|upkeep
|
|t:|1667641277
|switch|p1a: Tornadus|Tornadus-Therian, M|100/100
|turn|16
|
|t:|1667641282
|move|p2a: Dragapult|Shadow Ball|p1a: Tornadus
|-damage|p1a: Tornadus|52/100
|-unboost|p1a: Tornadus|spd|1
|move|p1a: Tornadus|Knock Off|p2a: Dragapult
|-supereffective|p2a: Dragapult
|-damage|p2a: Dragapult|35/100
|-enditem|p2a: Dragapult|Choice Specs|[from] move: Knock Off|[of] p1a: Tornadus
|
|upkeep
|turn|17
|
|t:|1667641290
|move|p2a: Dragapult|Draco Meteor|p1a: Tornadus|[miss]
|-miss|p2a: Dragapult|p1a: Tornadus
|move|p1a: Tornadus|U-turn|p2a: Dragapult
|-resisted|p2a: Dragapult
|-damage|p2a: Dragapult|25/100
|
|t:|1667641299
|switch|p1a: Rillaboom|Rillaboom, F|100/100|[from]move: U-turn
|-fieldstart|move: Grassy Terrain|[from] ability: Grassy Surge|[of] p1a: Rillaboom
|
|-heal|p2a: Dragapult|31/100|[from] Grassy Terrain
|upkeep
|turn|18
|j| Mr Dougz
|
|t:|1667641317
|move|p2a: Dragapult|Flamethrower|p1a: Rillaboom
|-supereffective|p1a: Rillaboom
|-damage|p1a: Rillaboom|39/100
|move|p1a: Rillaboom|Swords Dance|p1a: Rillaboom
|-boost|p1a: Rillaboom|atk|2
|
|-heal|p2a: Dragapult|37/100|[from] Grassy Terrain
|-heal|p1a: Rillaboom|46/100|[from] Grassy Terrain
|-heal|p1a: Rillaboom|52/100|[from] item: Leftovers
|upkeep
|turn|19
|
|t:|1667641322
|move|p1a: Rillaboom|Grassy Glide|p2a: Dragapult
|-resisted|p2a: Dragapult
|-damage|p2a: Dragapult|0 fnt
|faint|p2a: Dragapult
|
|-heal|p1a: Rillaboom|58/100|[from] Grassy Terrain
|-heal|p1a: Rillaboom|64/100|[from] item: Leftovers
|upkeep
|
|t:|1667641326
|switch|p2a: Ferrothorn|Ferrothorn, F|100/100
|-damage|p2a: Ferrothorn|94/100|[from] Stealth Rock
|turn|20
|
|t:|1667641328
|move|p1a: Rillaboom|Superpower|p2a: Ferrothorn
|-supereffective|p2a: Ferrothorn
|-damage|p2a: Ferrothorn|0 fnt
|-unboost|p1a: Rillaboom|atk|1
|-unboost|p1a: Rillaboom|def|1
|-damage|p1a: Rillaboom|52/100|[from] ability: Iron Barbs|[of] p2a: Ferrothorn
|faint|p2a: Ferrothorn
|
|-heal|p1a: Rillaboom|58/100|[from] Grassy Terrain
|-heal|p1a: Rillaboom|64/100|[from] item: Leftovers
|upkeep
|
|t:|1667641331
|switch|p2a: Bisharp|Bisharp, F|100/100
|-damage|p2a: Bisharp|95/100|[from] Stealth Rock
|turn|21
|
|t:|1667641334
|move|p2a: Bisharp|Sucker Punch|p1a: Rillaboom
|-damage|p1a: Rillaboom|0 fnt
|faint|p1a: Rillaboom
|-damage|p2a: Bisharp|85/100|[from] item: Life Orb
|
|-heal|p2a: Bisharp|91/100|[from] Grassy Terrain
|-fieldend|move: Grassy Terrain
|upkeep
|
|t:|1667641336
|switch|p1a: Blaziken|Blaziken, M|100/100
|turn|22
|
|t:|1667641339
|move|p2a: Bisharp|Sucker Punch|p1a: Blaziken
|-resisted|p1a: Blaziken
|-damage|p1a: Blaziken|71/100
|-damage|p2a: Bisharp|81/100|[from] item: Life Orb
|move|p1a: Blaziken|Close Combat|p2a: Bisharp
|-supereffective|p2a: Bisharp
|-damage|p2a: Bisharp|0 fnt
|-unboost|p1a: Blaziken|def|1
|-unboost|p1a: Blaziken|spd|1
|faint|p2a: Bisharp
|
|win|Buraq
|n|☆Buraq|buraq
|n|☆RNKnight ◢◤|rnknight
|n|+moondazing|moondazing
|n| King Of Peak|kingofpeak
|n| Mr Dougz|mrdougz
