|j|☆kayflockupnext
|j|☆2(H2O)
|t:|1653241520
|gametype|singles
|player|p1|kayflockupnext|galacticgruntf|1617
|player|p2|2(H2O)|viola|1644
|teamsize|p1|6
|teamsize|p2|6
|gen|8
|tier|[Gen 8] OU
|rated|
|rule|Sleep Clause Mod: Limit one foe put to sleep
|rule|Species Clause: Limit one of each Pokémon
|rule|OHKO Clause: OHKO moves are banned
|rule|Evasion Moves Clause: Evasion moves are banned
|rule|Endless Battle Clause: Forcing endless battles is banned
|rule|HP Percentage Mod: HP is shown in percentages
|rule|Dynamax Clause: You cannot dynamax
|clearpoke
|poke|p1|Slowking-Galar, F|
|poke|p1|Buzzwole|
|poke|p1|Heatran, F|
|poke|p1|Rotom-Wash|
|poke|p1|Landorus-Therian, M|
|poke|p1|Obstagoon, M|
|poke|p2|Alakazam, M|
|poke|p2|Toxapex, M|
|poke|p2|Dragapult, M|
|poke|p2|Magnezone|
|poke|p2|Heatran, M|
|poke|p2|Landorus-Therian, M|
|teampreview
|inactive|Battle timer is ON: inactive players will automatically lose when time's up. (requested by 2(H2O))
|
|t:|1653241528
|start
|switch|p1a: Landorus|Landorus-Therian, M|100/100
|switch|p2a: Landorus|Landorus-Therian, M|100/100
|-ability|p1a: Landorus|Intimidate|boost
|-unboost|p2a: Landorus|atk|1
|-ability|p2a: Landorus|Intimidate|boost
|-unboost|p1a: Landorus|atk|1
|turn|1
|
|t:|1653241535
|move|p1a: Landorus|U-turn|p2a: Landorus
|-resisted|p2a: Landorus
|-damage|p2a: Landorus|92/100
|j| idgasab
|
|t:|1653241540
|switch|p1a: Rotom|Rotom-Wash|100/100|[from]move: U-turn
|move|p2a: Landorus|Toxic|p1a: Rotom
|-status|p1a: Rotom|tox
|
|-heal|p2a: Landorus|98/100|[from] item: Leftovers
|-damage|p1a: Rotom|95/100 tox|[from] psn
|upkeep
|turn|2
|
|t:|1653241547
|move|p1a: Rotom|Hydro Pump|p2a: Landorus|[miss]
|-miss|p1a: Rotom|p2a: Landorus
|move|p2a: Landorus|Stealth Rock|p1a: Rotom
|-sidestart|p1: kayflockupnext|move: Stealth Rock
|
|-heal|p1a: Rotom|100/100 tox|[from] item: Leftovers
|-heal|p2a: Landorus|100/100|[from] item: Leftovers
|-damage|p1a: Rotom|89/100 tox|[from] psn
|upkeep
|turn|3
|
|t:|1653241557
|move|p1a: Rotom|Defog|p2a: Landorus
|-unboost|p2a: Landorus|evasion|1
|-sideend|p1: kayflockupnext|Stealth Rock|[from] move: Defog|[of] p1a: Rotom
|move|p2a: Landorus|U-turn|p1a: Rotom
|-damage|p1a: Rotom|75/100 tox
|
|t:|1653241562
|switch|p2a: Dragapult|Dragapult, M|100/100|[from]move: U-turn
|
|-heal|p1a: Rotom|81/100 tox|[from] item: Leftovers
|-damage|p1a: Rotom|63/100 tox|[from] psn
|upkeep
|turn|4
|
|t:|1653241567
|switch|p1a: Slowking|Slowking-Galar, F|100/100
|move|p2a: Dragapult|U-turn|p1a: Slowking
|-damage|p1a: Slowking|85/100
|
|t:|1653241574
|switch|p2a: Landorus|Landorus-Therian, M|100/100|[from]move: U-turn
|-ability|p2a: Landorus|Intimidate|boost
|-unboost|p1a: Slowking|atk|1
|
|upkeep
|turn|5
|
|t:|1653241579
|move|p2a: Landorus|Stealth Rock|p1a: Slowking
|-sidestart|p1: kayflockupnext|move: Stealth Rock
|move|p1a: Slowking|Future Sight|p2a: Landorus
|-start|p1a: Slowking|move: Future Sight
|
|upkeep
|turn|6
|-message|kayflockupnext forfeited.
|
|win|2(H2O)
|raw|kayflockupnext's rating: 1617 &rarr; <strong>1599</strong><br />(-18 for losing)
|raw|2(H2O)'s rating: 1644 &rarr; <strong>1662</strong><br />(+18 for winning)
|l|☆kayflockupnext
