|j|☆IMSOMALD
|j|☆Jaune Williams
|t:|1636302639
|gametype|singles
|player|p1|IMSOMALD|n|1639
|player|p2|Jaune Williams|282|1584
|teamsize|p1|6
|teamsize|p2|6
|gen|8
|tier|[Gen 8] OU
|rated|
|rule|Sleep Clause Mod: Limit one foe put to sleep
|rule|Species Clause: Limit one of each Pokémon
|rule|OHKO Clause: OHKO moves are banned
|rule|Evasion Moves Clause: Evasion moves are banned
|rule|Endless Battle Clause: Forcing endless battles is banned
|rule|HP Percentage Mod: HP is shown in percentages
|rule|Dynamax Clause: You cannot dynamax
|clearpoke
|poke|p1|Zapdos-Galar|
|poke|p1|Dragapult, M|
|poke|p1|Volcarona, M|
|poke|p1|Garchomp, M|
|poke|p1|Ferrothorn, F|
|poke|p1|Tapu Fini|
|poke|p2|Weavile, F|
|poke|p2|Landorus-Therian, M|
|poke|p2|Garchomp, F|
|poke|p2|Scizor, M|
|poke|p2|Blissey, F|
|poke|p2|Zapdos|
|teampreview
|inactive|Battle timer is ON: inactive players will automatically lose when time's up. (requested by IMSOMALD)
|
|t:|1636302663
|start
|switch|p1a: Zapdos|Zapdos-Galar|100/100
|switch|p2a: Blissey|Blissey, F|100/100
|turn|1
|
|t:|1636302677
|switch|p1a: Garchomp|Garchomp, M|100/100
|move|p2a: Blissey|Counter||[still]
|-fail|p2a: Blissey
|
|upkeep
|turn|2
|
|t:|1636302688
|switch|p2a: Landorus|Landorus-Therian, M|100/100
|-ability|p2a: Landorus|Intimidate|boost
|-unboost|p1a: Garchomp|atk|1
|move|p1a: Garchomp|Stealth Rock|p2a: Landorus
|-sidestart|p2: Jaune Williams|move: Stealth Rock
|
|upkeep
|turn|3
|
|t:|1636302699
|move|p2a: Landorus|Substitute|p2a: Landorus
|-start|p2a: Landorus|Substitute
|-damage|p2a: Landorus|76/100
|move|p1a: Garchomp|Toxic||[still]
|-fail|p1a: Garchomp
|
|-heal|p2a: Landorus|82/100|[from] item: Leftovers
|upkeep
|turn|4
|inactive|IMSOMALD has 120 seconds left.
|
|t:|1636302733
|switch|p1a: Dragapult|Dragapult, M|100/100
|move|p2a: Landorus|Earthquake|p1a: Dragapult
|-damage|p1a: Dragapult|28/100
|
|-heal|p2a: Landorus|88/100|[from] item: Leftovers
|upkeep
|turn|5
|
|t:|1636302743
|switch|p2a: Blissey|Blissey, F|100/100
|move|p1a: Dragapult|Surf|p2a: Blissey
|-damage|p2a: Blissey|86/100
|
|upkeep
|turn|6
|
|t:|1636302761
|switch|p1a: Zapdos|Zapdos-Galar|100/100
|move|p2a: Blissey|Stealth Rock|p1a: Zapdos
|-sidestart|p1: IMSOMALD|move: Stealth Rock
|
|upkeep
|turn|7
|
|t:|1636302767
|switch|p2a: Zapdos|Zapdos, shiny|100/100
|move|p1a: Zapdos|Close Combat|p2a: Zapdos
|-resisted|p2a: Zapdos
|-damage|p2a: Zapdos|69/100
|-unboost|p1a: Zapdos|def|1
|-unboost|p1a: Zapdos|spd|1
|
|upkeep
|turn|8
|
|t:|1636302779
|switch|p1a: Garchomp|Garchomp, M|100/100
|-damage|p1a: Garchomp|94/100|[from] Stealth Rock
|move|p2a: Zapdos|Roost|p2a: Zapdos
|-heal|p2a: Zapdos|100/100
|-singleturn|p2a: Zapdos|move: Roost
|
|upkeep
|turn|9
|
|t:|1636302787
|switch|p2a: Scizor|Scizor, M|100/100
|move|p1a: Garchomp|Toxic|p2a: Scizor
|-immune|p2a: Scizor
|
|upkeep
|turn|10
|
|t:|1636302798
|switch|p2a: Landorus|Landorus-Therian, M|88/100
|-damage|p2a: Landorus|75/100|[from] Stealth Rock
|-ability|p2a: Landorus|Intimidate|boost
|-unboost|p1a: Garchomp|atk|1
|move|p1a: Garchomp|Flamethrower|p2a: Landorus
|-damage|p2a: Landorus|54/100
|-status|p2a: Landorus|brn
|
|-heal|p2a: Landorus|60/100 brn|[from] item: Leftovers
|-damage|p2a: Landorus|54/100 brn|[from] brn
|upkeep
|turn|11
|
|t:|1636302822
|switch|p1a: Ferrothorn|Ferrothorn, F|100/100
|-damage|p1a: Ferrothorn|94/100|[from] Stealth Rock
|move|p2a: Landorus|Swords Dance|p2a: Landorus
|-boost|p2a: Landorus|atk|2
|
|-heal|p2a: Landorus|60/100 brn|[from] item: Leftovers
|-heal|p1a: Ferrothorn|100/100|[from] item: Leftovers
|-damage|p2a: Landorus|54/100 brn|[from] brn
|upkeep
|turn|12
|
|t:|1636302831
|move|p2a: Landorus|Earthquake|p1a: Ferrothorn
|-damage|p1a: Ferrothorn|59/100
|move|p1a: Ferrothorn|Gyro Ball|p2a: Landorus
|-damage|p2a: Landorus|12/100 brn
|
|-heal|p2a: Landorus|18/100 brn|[from] item: Leftovers
|-heal|p1a: Ferrothorn|65/100|[from] item: Leftovers
|-damage|p2a: Landorus|12/100 brn|[from] brn
|upkeep
|turn|13
|
|t:|1636302842
|switch|p1a: Zapdos|Zapdos-Galar|100/100
|-damage|p1a: Zapdos|88/100|[from] Stealth Rock
|move|p2a: Landorus|Earthquake|p1a: Zapdos
|-immune|p1a: Zapdos
|
|-heal|p2a: Landorus|18/100 brn|[from] item: Leftovers
|-damage|p2a: Landorus|12/100 brn|[from] brn
|upkeep
|turn|14
|
|t:|1636302852
|move|p1a: Zapdos|Close Combat|p2a: Landorus
|-resisted|p2a: Landorus
|-damage|p2a: Landorus|0 fnt
|-unboost|p1a: Zapdos|def|1
|-unboost|p1a: Zapdos|spd|1
|faint|p2a: Landorus
|
|upkeep
|inactive|Jaune Williams has 120 seconds left.
|
|t:|1636302881
|switch|p2a: Zapdos|Zapdos, shiny|100/100
|turn|15
|
|t:|1636302885
|switch|p1a: Garchomp|Garchomp, M|94/100
|-damage|p1a: Garchomp|88/100|[from] Stealth Rock
|switch|p2a: Weavile|Weavile, F|100/100
|-ability|p2a: Weavile|Pressure
|
|upkeep
|turn|16
|
|t:|1636302900
|switch|p1a: Ferrothorn|Ferrothorn, F|65/100
|-damage|p1a: Ferrothorn|59/100|[from] Stealth Rock
|move|p2a: Weavile|Knock Off|p1a: Ferrothorn
|-damage|p1a: Ferrothorn|25/100
|-damage|p2a: Weavile|88/100|[from] ability: Iron Barbs|[of] p1a: Ferrothorn
|-enditem|p1a: Ferrothorn|Leftovers|[from] move: Knock Off|[of] p2a: Weavile
|
|upkeep
|turn|17
|inactive|Jaune Williams has 120 seconds left.
|
|t:|1636302940
|move|p2a: Weavile|Knock Off|p1a: Ferrothorn
|-damage|p1a: Ferrothorn|2/100
|-damage|p2a: Weavile|76/100|[from] ability: Iron Barbs|[of] p1a: Ferrothorn
|move|p1a: Ferrothorn|Gyro Ball|p2a: Weavile
|-supereffective|p2a: Weavile
|-damage|p2a: Weavile|0 fnt
|faint|p2a: Weavile
|
|upkeep
|
|t:|1636302959
|switch|p2a: Garchomp|Garchomp, F|100/100
|-damage|p2a: Garchomp|94/100|[from] Stealth Rock
|turn|18
|
|t:|1636302974
|move|p2a: Garchomp|Scale Shot|p1a: Ferrothorn
|-resisted|p1a: Ferrothorn
|-damage|p1a: Ferrothorn|0 fnt
|faint|p1a: Ferrothorn
|-hitcount|p1: Ferrothorn|1
|-unboost|p2a: Garchomp|def|1
|-boost|p2a: Garchomp|spe|1
|-damage|p2a: Garchomp|85/100|[from] item: Life Orb
|
|upkeep
|
|t:|1636302983
|switch|p1a: Tapu Fini|Tapu Fini|100/100
|-damage|p1a: Tapu Fini|88/100|[from] Stealth Rock
|-fieldstart|move: Misty Terrain|[from] ability: Misty Surge|[of] p1a: Tapu Fini
|turn|19
|
|t:|1636302991
|switch|p2a: Scizor|Scizor, M|100/100
|move|p1a: Tapu Fini|Moonblast|p2a: Scizor
|-resisted|p2a: Scizor
|-damage|p2a: Scizor|80/100
|
|-heal|p1a: Tapu Fini|94/100|[from] item: Leftovers
|upkeep
|turn|20
|
|t:|1636303008
|switch|p1a: Garchomp|Garchomp, M|88/100
|-damage|p1a: Garchomp|82/100|[from] Stealth Rock
|move|p2a: Scizor|U-turn|p1a: Garchomp
|-damage|p1a: Garchomp|63/100
|-damage|p2a: Scizor|68/100|[from] ability: Rough Skin|[of] p1a: Garchomp
|-damage|p2a: Scizor|51/100|[from] item: Rocky Helmet|[of] p1a: Garchomp
|
|t:|1636303020
|switch|p2a: Garchomp|Garchomp, F|85/100|[from]move: U-turn
|-damage|p2a: Garchomp|78/100|[from] Stealth Rock
|
|upkeep
|turn|21
|inactive|IMSOMALD has 120 seconds left.
|
|t:|1636303062
|switch|p1a: Tapu Fini|Tapu Fini|94/100
|-damage|p1a: Tapu Fini|82/100|[from] Stealth Rock
|move|p2a: Garchomp|Swords Dance|p2a: Garchomp
|-boost|p2a: Garchomp|atk|2
|
|-heal|p1a: Tapu Fini|88/100|[from] item: Leftovers
|upkeep
|turn|22
|
|t:|1636303070
|move|p2a: Garchomp|Earthquake|p1a: Tapu Fini
|-damage|p1a: Tapu Fini|0 fnt
|faint|p1a: Tapu Fini
|-damage|p2a: Garchomp|69/100|[from] item: Life Orb
|
|upkeep
|
|t:|1636303086
|switch|p1a: Dragapult|Dragapult, M|28/100
|-damage|p1a: Dragapult|16/100|[from] Stealth Rock
|turn|23
|
|t:|1636303094
|switch|p2a: Blissey|Blissey, F|86/100
|move|p1a: Dragapult|Shadow Ball|p2a: Blissey
|-immune|p2a: Blissey
|
|-fieldend|Misty Terrain
|upkeep
|turn|24
|inactive|IMSOMALD has 120 seconds left.
|
|t:|1636303109
|switch|p1a: Volcarona|Volcarona, M|100/100
|move|p2a: Blissey|Thunder Wave|p1a: Volcarona
|-status|p1a: Volcarona|par
|
|upkeep
|turn|25
|
|t:|1636303122
|switch|p2a: Scizor|Scizor, M|51/100
|move|p1a: Volcarona|Quiver Dance|p1a: Volcarona
|-boost|p1a: Volcarona|spa|1
|-boost|p1a: Volcarona|spd|1
|-boost|p1a: Volcarona|spe|1
|
|upkeep
|turn|26
|
|t:|1636303129
|move|p1a: Volcarona|Quiver Dance|p1a: Volcarona
|-boost|p1a: Volcarona|spa|1
|-boost|p1a: Volcarona|spd|1
|-boost|p1a: Volcarona|spe|1
|move|p2a: Scizor|U-turn|p1a: Volcarona
|-resisted|p1a: Volcarona
|-damage|p1a: Volcarona|86/100 par
|-status|p2a: Scizor|brn|[from] ability: Flame Body|[of] p1a: Volcarona
|
|t:|1636303140
|switch|p2a: Garchomp|Garchomp, F|69/100|[from]move: U-turn
|-damage|p2a: Garchomp|62/100|[from] Stealth Rock
|
|upkeep
|turn|27
|inactive|Jaune Williams has 120 seconds left.
|inactive|Jaune Williams has 90 seconds left.
|
|t:|1636303196
|move|p2a: Garchomp|Earthquake|p1a: Volcarona
|-damage|p1a: Volcarona|11/100 par
|-damage|p2a: Garchomp|53/100|[from] item: Life Orb
|move|p1a: Volcarona|Psychic|p2a: Garchomp
|-damage|p2a: Garchomp|0 fnt
|faint|p2a: Garchomp
|
|upkeep
|inactive|Jaune Williams has 90 seconds left.
|
|t:|1636303213
|switch|p2a: Scizor|Scizor, M|51/100 brn
|turn|28
|
|t:|1636303219
|move|p2a: Scizor|Bullet Punch|p1a: Volcarona
|-resisted|p1a: Volcarona
|-damage|p1a: Volcarona|5/100 par
|cant|p1a: Volcarona|par
|
|-damage|p2a: Scizor|45/100 brn|[from] brn
|upkeep
|turn|29
|inactive|Jaune Williams has 90 seconds left.
|
|t:|1636303225
|move|p2a: Scizor|Bullet Punch|p1a: Volcarona
|-resisted|p1a: Volcarona
|-damage|p1a: Volcarona|0 fnt
|faint|p1a: Volcarona
|
|-damage|p2a: Scizor|39/100 brn|[from] brn
|upkeep
|
|t:|1636303233
|switch|p1a: Garchomp|Garchomp, M|63/100
|-damage|p1a: Garchomp|56/100|[from] Stealth Rock
|turn|30
|inactive|Jaune Williams has 90 seconds left.
|
|t:|1636303266
|move|p1a: Garchomp|Flamethrower|p2a: Scizor
|-supereffective|p2a: Scizor
|-damage|p2a: Scizor|0 fnt
|faint|p2a: Scizor
|
|upkeep
|
|t:|1636303275
|switch|p2a: Blissey|Blissey, F|86/100
|turn|31
|
|t:|1636303279
|move|p1a: Garchomp|Toxic|p2a: Blissey
|-status|p2a: Blissey|tox
|move|p2a: Blissey|Counter||[still]
|-fail|p2a: Blissey
|
|-damage|p2a: Blissey|79/100 tox|[from] psn
|upkeep
|turn|32
|inactive|Jaune Williams has 90 seconds left.
|
|t:|1636303288
|-curestatus|p2a: Blissey|tox|[from] ability: Natural Cure
|switch|p2a: Zapdos|Zapdos, shiny|100/100
|move|p1a: Garchomp|Toxic|p2a: Zapdos
|-status|p2a: Zapdos|tox
|
|-damage|p2a: Zapdos|94/100 tox|[from] psn
|upkeep
|turn|33
|inactive|IMSOMALD has 120 seconds left.
|inactive|IMSOMALD has 90 seconds left.
|
|t:|1636303350
|switch|p1a: Dragapult|Dragapult, M|16/100
|-damage|p1a: Dragapult|4/100|[from] Stealth Rock
|move|p2a: Zapdos|Heat Wave|p1a: Dragapult
|-resisted|p1a: Dragapult
|-damage|p1a: Dragapult|0 fnt
|faint|p1a: Dragapult
|
|-damage|p2a: Zapdos|82/100 tox|[from] psn
|upkeep
|inactive|IMSOMALD has 90 seconds left.
|
|t:|1636303358
|switch|p1a: Garchomp|Garchomp, M|56/100
|-damage|p1a: Garchomp|50/100|[from] Stealth Rock
|turn|34
|
|t:|1636303371
|switch|p2a: Blissey|Blissey, F|79/100
|move|p1a: Garchomp|Flamethrower|p2a: Blissey
|-damage|p2a: Blissey|73/100
|
|upkeep
|turn|35
|
|t:|1636303381
|move|p1a: Garchomp|Flamethrower|p2a: Blissey
|-damage|p2a: Blissey|68/100
|move|p2a: Blissey|Soft-Boiled|p2a: Blissey
|-heal|p2a: Blissey|100/100
|
|upkeep
|turn|36
|
|t:|1636303388
|move|p1a: Garchomp|Toxic|p2a: Blissey
|-status|p2a: Blissey|tox
|move|p2a: Blissey|Counter||[still]
|-fail|p2a: Blissey
|
|-damage|p2a: Blissey|94/100 tox|[from] psn
|upkeep
|turn|37
|
|t:|1636303395
|-curestatus|p2a: Blissey|tox|[from] ability: Natural Cure
|switch|p2a: Zapdos|Zapdos, shiny|82/100 tox
|move|p1a: Garchomp|Flamethrower|p2a: Zapdos
|-damage|p2a: Zapdos|67/100 tox
|
|-damage|p2a: Zapdos|61/100 tox|[from] psn
|upkeep
|turn|38
|inactive|IMSOMALD has 120 seconds left.
|inactive|Jaune Williams has 120 seconds left.
|
|t:|1636303405
|move|p1a: Garchomp|Flamethrower|p2a: Zapdos
|-damage|p2a: Zapdos|46/100 tox
|move|p2a: Zapdos|Heat Wave|p1a: Garchomp
|-resisted|p1a: Garchomp
|-damage|p1a: Garchomp|38/100
|
|-damage|p2a: Zapdos|34/100 tox|[from] psn
|upkeep
|turn|39
|
|t:|1636303412
|move|p1a: Garchomp|Flamethrower|p2a: Zapdos
|-damage|p2a: Zapdos|19/100 tox
|move|p2a: Zapdos|Roost|p2a: Zapdos
|-heal|p2a: Zapdos|69/100 tox
|-singleturn|p2a: Zapdos|move: Roost
|
|-damage|p2a: Zapdos|51/100 tox|[from] psn
|upkeep
|turn|40
|
|t:|1636303423
|move|p1a: Garchomp|Flamethrower|p2a: Zapdos
|-damage|p2a: Zapdos|37/100 tox
|move|p2a: Zapdos|Roost|p2a: Zapdos
|-heal|p2a: Zapdos|87/100 tox
|-singleturn|p2a: Zapdos|move: Roost
|
|-damage|p2a: Zapdos|63/100 tox|[from] psn
|upkeep
|turn|41
|
|t:|1636303432
|switch|p2a: Blissey|Blissey, F|94/100
|move|p1a: Garchomp|Flamethrower|p2a: Blissey
|-damage|p2a: Blissey|88/100
|
|upkeep
|turn|42
|
|t:|1636303439
|switch|p2a: Zapdos|Zapdos, shiny|63/100 tox
|move|p1a: Garchomp|Toxic|p2a: Zapdos
|-fail|p2a: Zapdos|tox
|
|-damage|p2a: Zapdos|57/100 tox|[from] psn
|upkeep
|turn|43
|
|t:|1636303445
|move|p1a: Garchomp|Flamethrower|p2a: Zapdos
|-damage|p2a: Zapdos|41/100 tox
|move|p2a: Zapdos|Roost|p2a: Zapdos
|-heal|p2a: Zapdos|92/100 tox
|-singleturn|p2a: Zapdos|move: Roost
|
|-damage|p2a: Zapdos|80/100 tox|[from] psn
|upkeep
|turn|44
|
|t:|1636303454
|move|p1a: Garchomp|Flamethrower|p2a: Zapdos
|-damage|p2a: Zapdos|65/100 tox
|move|p2a: Zapdos|Heat Wave|p1a: Garchomp
|-resisted|p1a: Garchomp
|-crit|p1a: Garchomp
|-damage|p1a: Garchomp|20/100
|
|-damage|p2a: Zapdos|47/100 tox|[from] psn
|upkeep
|turn|45
|
|t:|1636303462
|move|p1a: Garchomp|Flamethrower|p2a: Zapdos
|-damage|p2a: Zapdos|32/100 tox
|move|p2a: Zapdos|Roost|p2a: Zapdos
|-heal|p2a: Zapdos|82/100 tox
|-singleturn|p2a: Zapdos|move: Roost
|
|-damage|p2a: Zapdos|58/100 tox|[from] psn
|upkeep
|turn|46
|
|t:|1636303471
|move|p1a: Garchomp|Flamethrower|p2a: Zapdos
|-damage|p2a: Zapdos|44/100 tox
|move|p2a: Zapdos|Roost|p2a: Zapdos
|-heal|p2a: Zapdos|94/100 tox
|-singleturn|p2a: Zapdos|move: Roost
|
|-damage|p2a: Zapdos|64/100 tox|[from] psn
|upkeep
|turn|47
|
|t:|1636303479
|switch|p2a: Blissey|Blissey, F|88/100
|move|p1a: Garchomp|Flamethrower|p2a: Blissey
|-damage|p2a: Blissey|82/100
|
|upkeep
|turn|48
|
|t:|1636303499
|switch|p1a: Zapdos|Zapdos-Galar|88/100
|-damage|p1a: Zapdos|76/100|[from] Stealth Rock
|switch|p2a: Zapdos|Zapdos, shiny|64/100 tox
|
|-damage|p2a: Zapdos|58/100 tox|[from] psn
|upkeep
|turn|49
|
|t:|1636303523
|move|p1a: Zapdos|Close Combat|p2a: Zapdos
|-resisted|p2a: Zapdos
|-damage|p2a: Zapdos|25/100 tox
|-unboost|p1a: Zapdos|def|1
|-unboost|p1a: Zapdos|spd|1
|move|p2a: Zapdos|Roost|p2a: Zapdos
|-heal|p2a: Zapdos|75/100 tox
|-singleturn|p2a: Zapdos|move: Roost
|
|-damage|p2a: Zapdos|63/100 tox|[from] psn
|upkeep
|turn|50
|
|t:|1636303539
|switch|p1a: Garchomp|Garchomp, M|20/100
|-damage|p1a: Garchomp|14/100|[from] Stealth Rock
|move|p2a: Zapdos|Roost|p2a: Zapdos
|-heal|p2a: Zapdos|100/100 tox
|-singleturn|p2a: Zapdos|move: Roost
|
|-damage|p2a: Zapdos|82/100 tox|[from] psn
|upkeep
|turn|51
|
|t:|1636303548
|switch|p2a: Blissey|Blissey, F|82/100
|move|p1a: Garchomp|Flamethrower|p2a: Blissey
|-damage|p2a: Blissey|77/100
|
|upkeep
|turn|52
|
|t:|1636303557
|switch|p2a: Zapdos|Zapdos, shiny|82/100 tox
|move|p1a: Garchomp|Toxic|p2a: Zapdos
|-fail|p2a: Zapdos|tox
|
|-damage|p2a: Zapdos|76/100 tox|[from] psn
|upkeep
|turn|53
|
|t:|1636303575
|move|p1a: Garchomp|Flamethrower|p2a: Zapdos
|-damage|p2a: Zapdos|62/100 tox
|move|p2a: Zapdos|Roost|p2a: Zapdos
|-heal|p2a: Zapdos|100/100 tox
|-singleturn|p2a: Zapdos|move: Roost
|
|-damage|p2a: Zapdos|88/100 tox|[from] psn
|upkeep
|turn|54
|
|t:|1636303589
|move|p1a: Garchomp|Flamethrower|p2a: Zapdos
|-damage|p2a: Zapdos|74/100 tox
|move|p2a: Zapdos|Heat Wave|p1a: Garchomp
|-resisted|p1a: Garchomp
|-damage|p1a: Garchomp|2/100
|
|-damage|p2a: Zapdos|56/100 tox|[from] psn
|upkeep
|turn|55
|
|t:|1636303597
|move|p1a: Garchomp|Flamethrower|p2a: Zapdos
|-damage|p2a: Zapdos|41/100 tox
|move|p2a: Zapdos|Roost|p2a: Zapdos
|-heal|p2a: Zapdos|91/100 tox
|-singleturn|p2a: Zapdos|move: Roost
|
|-damage|p2a: Zapdos|67/100 tox|[from] psn
|upkeep
|turn|56
|
|t:|1636303606
|switch|p2a: Blissey|Blissey, F|77/100
|move|p1a: Garchomp|Flamethrower|p2a: Blissey
|-damage|p2a: Blissey|71/100
|
|upkeep
|turn|57
|
|t:|1636303613
|switch|p1a: Zapdos|Zapdos-Galar|76/100
|-damage|p1a: Zapdos|63/100|[from] Stealth Rock
|switch|p2a: Zapdos|Zapdos, shiny|67/100 tox
|
|-damage|p2a: Zapdos|61/100 tox|[from] psn
|upkeep
|turn|58
|
|t:|1636303624
|move|p1a: Zapdos|Close Combat|p2a: Zapdos
|-resisted|p2a: Zapdos
|-damage|p2a: Zapdos|24/100 tox
|-unboost|p1a: Zapdos|def|1
|-unboost|p1a: Zapdos|spd|1
|move|p2a: Zapdos|Roost|p2a: Zapdos
|-heal|p2a: Zapdos|74/100 tox
|-singleturn|p2a: Zapdos|move: Roost
|
|-damage|p2a: Zapdos|62/100 tox|[from] psn
|upkeep
|turn|59
|
|t:|1636303634
|move|p1a: Zapdos|Close Combat|p2a: Zapdos
|-resisted|p2a: Zapdos
|-damage|p2a: Zapdos|27/100 tox
|-unboost|p1a: Zapdos|def|1
|-unboost|p1a: Zapdos|spd|1
|move|p2a: Zapdos|Discharge|p1a: Zapdos
|-supereffective|p1a: Zapdos
|-damage|p1a: Zapdos|0 fnt
|faint|p1a: Zapdos
|
|-damage|p2a: Zapdos|9/100 tox|[from] psn
|upkeep
|-message|IMSOMALD forfeited.
|
|win|Jaune Williams
|raw|IMSOMALD's rating: 1618 &rarr; <strong>1596</strong><br />(-22 for losing)
|raw|Jaune Williams's rating: 1584 &rarr; <strong>1606</strong><br />(+22 for winning)
|l|☆IMSOMALD
