|j|☆Spectre Ace
|j|☆thatgenyou
|t:|1667587722
|gametype|singles
|player|p1|Spectre Ace|juggler|1601
|player|p2|thatgenyou|cynthia|1604
|teamsize|p1|6
|teamsize|p2|6
|gen|8
|tier|[Gen 8] OU
|rated|
|rule|Sleep Clause Mod: Limit one foe put to sleep
|rule|Species Clause: Limit one of each Pokémon
|rule|OHKO Clause: OHKO moves are banned
|rule|Evasion Items Clause: Evasion items are banned
|rule|Evasion Moves Clause: Evasion moves are banned
|rule|Endless Battle Clause: Forcing endless battles is banned
|rule|HP Percentage Mod: HP is shown in percentages
|rule|Dynamax Clause: You cannot dynamax
|clearpoke
|poke|p1|Garchomp, M|
|poke|p1|Mandibuzz, F|
|poke|p1|Ferrothorn, M|
|poke|p1|Slowking-Galar, F|
|poke|p1|Raichu-Alola, F|
|poke|p1|Tapu Koko|
|poke|p2|Tapu Fini|
|poke|p2|Melmetal|
|poke|p2|Tapu Lele|
|poke|p2|Landorus-Therian, M|
|poke|p2|Zapdos|
|poke|p2|Hydreigon, F|
|teampreview
|inactive|Battle timer is ON: inactive players will automatically lose when time's up. (requested by Spectre Ace)
|
|t:|1667587746
|start
|switch|p1a: Sundowner|Ferrothorn, M, shiny|100/100
|switch|p2a: Gustavo Fring|Landorus-Therian, M|100/100
|-ability|p2a: Gustavo Fring|Intimidate|boost
|-unboost|p1a: Sundowner|atk|1
|turn|1
|j| intai+frnds
|
|t:|1667587775
|move|p2a: Gustavo Fring|U-turn|p1a: Sundowner
|-damage|p1a: Sundowner|87/100
|-damage|p2a: Gustavo Fring|88/100|[from] ability: Iron Barbs|[of] p1a: Sundowner
|inactive|thatgenyou has 120 seconds left.
|
|t:|1667587788
|switch|p2a: The Wither|Hydreigon, F|100/100|[from]move: U-turn
|move|p1a: Sundowner|Knock Off|p2a: The Wither
|-resisted|p2a: The Wither
|-damage|p2a: The Wither|92/100
|-enditem|p2a: The Wither|Leftovers|[from] move: Knock Off|[of] p1a: Sundowner
|
|-heal|p1a: Sundowner|93/100|[from] item: Leftovers
|upkeep
|turn|2
|inactive|thatgenyou has 120 seconds left.
|
|t:|1667587810
|switch|p1a: Croft|Mandibuzz, F|100/100
|move|p2a: The Wither|Heat Wave|p1a: Croft
|-damage|p1a: Croft|76/100
|
|upkeep
|turn|3
|
|t:|1667587824
|switch|p2a: Bellatrix|Tapu Fini, shiny|100/100
|-fieldstart|move: Misty Terrain|[from] ability: Misty Surge|[of] p2a: Bellatrix
|move|p1a: Croft|U-turn|p2a: Bellatrix
|-resisted|p2a: Bellatrix
|-damage|p2a: Bellatrix|96/100
|
|t:|1667587827
|switch|p1a: Booker|Tapu Koko|100/100|[from]move: U-turn
|-fieldstart|move: Electric Terrain|[from] ability: Electric Surge|[of] p1a: Booker
|
|upkeep
|turn|4
|l|☆Spectre Ace
|inactive|Spectre Ace disconnected and has a minute to reconnect!
|player|p1|
|
|t:|1667587843
|switch|p2a: Gustavo Fring|Landorus-Therian, M|88/100
|-ability|p2a: Gustavo Fring|Intimidate|boost
|-unboost|p1a: Booker|atk|1
|move|p1a: Booker|U-turn|p2a: Gustavo Fring
|-resisted|p2a: Gustavo Fring
|-damage|p2a: Gustavo Fring|83/100
|j|☆Spectre Ace
|inactive|Spectre Ace reconnected and has 140 seconds left.
|player|p1|Spectre Ace|juggler
|l|☆Spectre Ace
|inactive|Spectre Ace disconnected and has a minute to reconnect!
|player|p1|
|j|☆Spectre Ace
|inactive|Spectre Ace reconnected and has 120 seconds left.
|player|p1|Spectre Ace|juggler
|
|t:|1667587882
|switch|p1a: Croft|Mandibuzz, F|76/100|[from]move: U-turn
|
|-heal|p2a: Gustavo Fring|89/100|[from] item: Leftovers
|upkeep
|turn|5
|
|t:|1667587899
|move|p2a: Gustavo Fring|U-turn|p1a: Croft
|-damage|p1a: Croft|63/100
|inactive|thatgenyou has 120 seconds left.
|
|t:|1667587911
|switch|p2a: Griffith|Zapdos|100/100|[from]move: U-turn
|move|p1a: Croft|U-turn|p2a: Griffith
|-resisted|p2a: Griffith
|-crit|p2a: Griffith
|-damage|p2a: Griffith|94/100
|
|t:|1667587919
|switch|p1a: Valentine|Raichu-Alola, F, shiny|100/100|[from]move: U-turn
|
|upkeep
|turn|6
|inactive|thatgenyou has 120 seconds left.
|
|t:|1667587952
|switch|p2a: The Wither|Hydreigon, F|92/100
|move|p1a: Valentine|Nasty Plot|p1a: Valentine
|-boost|p1a: Valentine|spa|2
|
|upkeep
|turn|7
|
|t:|1667587969
|switch|p1a: Croft|Mandibuzz, F|63/100
|move|p2a: The Wither|Earth Power|p1a: Croft
|-immune|p1a: Croft
|
|upkeep
|turn|8
|
|t:|1667587984
|switch|p2a: Griffith|Zapdos|94/100
|move|p1a: Croft|U-turn|p2a: Griffith
|-resisted|p2a: Griffith
|-damage|p2a: Griffith|89/100
|
|t:|1667587988
|switch|p1a: Crane|Garchomp, M|100/100|[from]move: U-turn
|
|upkeep
|turn|9
|inactive|thatgenyou has 90 seconds left.
|
|t:|1667588021
|switch|p2a: Gustavo Fring|Landorus-Therian, M|89/100
|-ability|p2a: Gustavo Fring|Intimidate|boost
|-unboost|p1a: Crane|atk|1
|move|p1a: Crane|Stealth Rock|p2a: Gustavo Fring
|-sidestart|p2: thatgenyou|move: Stealth Rock
|
|-heal|p2a: Gustavo Fring|96/100|[from] item: Leftovers
|upkeep
|turn|10
|inactive|thatgenyou has 90 seconds left.
|
|t:|1667588034
|move|p1a: Crane|Swords Dance|p1a: Crane
|-boost|p1a: Crane|atk|2
|move|p2a: Gustavo Fring|Knock Off|p1a: Crane
|-crit|p1a: Crane
|-damage|p1a: Crane|51/100
|-damage|p2a: Gustavo Fring|83/100|[from] ability: Rough Skin|[of] p1a: Crane
|-enditem|p1a: Crane|Roseli Berry|[from] move: Knock Off|[of] p2a: Gustavo Fring
|
|-heal|p2a: Gustavo Fring|89/100|[from] item: Leftovers
|-fieldend|move: Electric Terrain
|upkeep
|turn|11
|inactive|thatgenyou has 90 seconds left.
|
|t:|1667588051
|move|p1a: Crane|Stone Edge|p2a: Gustavo Fring|[miss]
|-miss|p1a: Crane|p2a: Gustavo Fring
|move|p2a: Gustavo Fring|Earthquake|p1a: Crane
|-damage|p1a: Crane|5/100
|
|-heal|p2a: Gustavo Fring|95/100|[from] item: Leftovers
|upkeep
|turn|12
|
|t:|1667588069
|move|p1a: Crane|Stone Edge|p2a: Gustavo Fring
|-damage|p2a: Gustavo Fring|43/100
|move|p2a: Gustavo Fring|U-turn|p1a: Crane
|-damage|p1a: Crane|0 fnt
|-damage|p2a: Gustavo Fring|31/100|[from] ability: Rough Skin|[of] p1a: Crane
|faint|p1a: Crane
|inactive|thatgenyou has 60 seconds left.
|
|t:|1667588100
|switch|p2a: Adam Smasher|Melmetal|100/100|[from]move: U-turn
|-damage|p2a: Adam Smasher|94/100|[from] Stealth Rock
|
|-heal|p2a: Adam Smasher|100/100|[from] item: Leftovers
|upkeep
|
|t:|1667588106
|switch|p1a: Sundowner|Ferrothorn, M, shiny|93/100
|turn|13
|
|t:|1667588110
|switch|p2a: Griffith|Zapdos|89/100
|switch|p1a: Samus|Slowking-Galar, F|100/100
|
|upkeep
|turn|14
|
|t:|1667588117
|move|p2a: Griffith|Defog|p1a: Samus
|-unboost|p1a: Samus|evasion|1
|-sideend|p2: thatgenyou|Stealth Rock|[from] move: Defog|[of] p2a: Griffith
|move|p1a: Samus|Sludge Bomb|p2a: Griffith
|-damage|p2a: Griffith|55/100
|
|upkeep
|turn|15
|
|t:|1667588131
|move|p2a: Griffith|Volt Switch|p1a: Samus
|-damage|p1a: Samus|87/100
|
|t:|1667588148
|switch|p2a: Gustavo Fring|Landorus-Therian, M|31/100|[from]move: Volt Switch
|-ability|p2a: Gustavo Fring|Intimidate|boost
|-unboost|p1a: Samus|atk|1
|move|p1a: Samus|Sludge Bomb|p2a: Gustavo Fring
|-resisted|p2a: Gustavo Fring
|-damage|p2a: Gustavo Fring|16/100
|
|-heal|p2a: Gustavo Fring|22/100|[from] item: Leftovers
|upkeep
|turn|16
|
|t:|1667588159
|switch|p1a: Croft|Mandibuzz, F|63/100
|move|p2a: Gustavo Fring|Stealth Rock|p1a: Croft
|-sidestart|p1: Spectre Ace|move: Stealth Rock
|
|-heal|p2a: Gustavo Fring|28/100|[from] item: Leftovers
|upkeep
|turn|17
|
|t:|1667588171
|move|p2a: Gustavo Fring|U-turn|p1a: Croft
|-damage|p1a: Croft|50/100
|
|t:|1667588175
|switch|p2a: Griffith|Zapdos|55/100|[from]move: U-turn
|move|p1a: Croft|Defog|p2a: Griffith
|-unboost|p2a: Griffith|evasion|1
|-sideend|p1: Spectre Ace|Stealth Rock|[from] move: Defog|[of] p1a: Croft
|
|upkeep
|turn|18
|
|t:|1667588193
|switch|p1a: Booker|Tapu Koko|100/100
|-fieldstart|move: Electric Terrain|[from] ability: Electric Surge|[of] p1a: Booker
|move|p2a: Griffith|Roost|p2a: Griffith
|-heal|p2a: Griffith|100/100
|-singleturn|p2a: Griffith|move: Roost
|
|upkeep
|turn|19
|
|t:|1667588205
|move|p1a: Booker|Thunderbolt|p2a: Griffith
|-damage|p2a: Griffith|49/100
|move|p2a: Griffith|Volt Switch|p1a: Booker
|-resisted|p1a: Booker
|-crit|p1a: Booker
|-damage|p1a: Booker|67/100
|
|t:|1667588224
|switch|p2a: Adam Smasher|Melmetal|100/100|[from]move: Volt Switch
|
|upkeep
|turn|20
|
|t:|1667588233
|move|p1a: Booker|U-turn|p2a: Adam Smasher
|-resisted|p2a: Adam Smasher
|-damage|p2a: Adam Smasher|96/100
|
|t:|1667588234
|switch|p1a: Sundowner|Ferrothorn, M, shiny|93/100|[from]move: U-turn
|move|p2a: Adam Smasher|Ice Punch|p1a: Sundowner
|-damage|p1a: Sundowner|73/100
|-status|p1a: Sundowner|frz
|-damage|p2a: Adam Smasher|83/100|[from] ability: Iron Barbs|[of] p1a: Sundowner
|
|-heal|p2a: Adam Smasher|90/100|[from] item: Leftovers
|-heal|p1a: Sundowner|79/100 frz|[from] item: Leftovers
|upkeep
|turn|21
|
|t:|1667588250
|move|p2a: Adam Smasher|Earthquake|p1a: Sundowner
|-crit|p1a: Sundowner
|-damage|p1a: Sundowner|43/100 frz
|cant|p1a: Sundowner|frz
|
|-heal|p2a: Adam Smasher|96/100|[from] item: Leftovers
|-heal|p1a: Sundowner|50/100 frz|[from] item: Leftovers
|upkeep
|turn|22
|
|t:|1667588264
|move|p2a: Adam Smasher|Double Iron Bash|p1a: Sundowner
|-resisted|p1a: Sundowner
|-damage|p1a: Sundowner|37/100 frz
|-damage|p2a: Adam Smasher|83/100|[from] ability: Iron Barbs|[of] p1a: Sundowner
|-resisted|p1a: Sundowner
|-damage|p1a: Sundowner|24/100 frz
|-damage|p2a: Adam Smasher|71/100|[from] ability: Iron Barbs|[of] p1a: Sundowner
|-hitcount|p1a: Sundowner|2
|cant|p1a: Sundowner|frz
|
|-heal|p2a: Adam Smasher|77/100|[from] item: Leftovers
|-heal|p1a: Sundowner|30/100 frz|[from] item: Leftovers
|upkeep
|turn|23
|
|t:|1667588275
|move|p2a: Adam Smasher|Earthquake|p1a: Sundowner
|-damage|p1a: Sundowner|8/100 frz
|cant|p1a: Sundowner|frz
|
|-heal|p2a: Adam Smasher|83/100|[from] item: Leftovers
|-heal|p1a: Sundowner|14/100 frz|[from] item: Leftovers
|upkeep
|turn|24
|
|t:|1667588282
|switch|p1a: Croft|Mandibuzz, F|50/100
|move|p2a: Adam Smasher|Ice Punch|p1a: Croft
|-supereffective|p1a: Croft
|-damage|p1a: Croft|8/100
|
|-heal|p2a: Adam Smasher|89/100|[from] item: Leftovers
|upkeep
|turn|25
|
|t:|1667588294
|move|p1a: Croft|Foul Play|p2a: Adam Smasher
|-damage|p2a: Adam Smasher|54/100
|move|p2a: Adam Smasher|Double Iron Bash|p1a: Croft
|-damage|p1a: Croft|0 fnt
|faint|p1a: Croft
|-hitcount|p1: Croft|1
|
|-heal|p2a: Adam Smasher|60/100|[from] item: Leftovers
|-fieldend|move: Electric Terrain
|upkeep
|
|t:|1667588297
|switch|p1a: Booker|Tapu Koko|67/100
|-fieldstart|move: Electric Terrain|[from] ability: Electric Surge|[of] p1a: Booker
|turn|26
|
|t:|1667588305
|move|p2a: Adam Smasher|Protect|p2a: Adam Smasher
|-singleturn|p2a: Adam Smasher|Protect
|move|p1a: Booker|U-turn|p2a: Adam Smasher
|-activate|p2a: Adam Smasher|move: Protect
|
|-heal|p2a: Adam Smasher|66/100|[from] item: Leftovers
|upkeep
|turn|27
|-message|Spectre Ace forfeited.
|
|win|thatgenyou
|raw|Spectre Ace's rating: 1553 &rarr; <strong>1536</strong><br />(-17 for losing)
|raw|thatgenyou's rating: 1604 &rarr; <strong>1621</strong><br />(+17 for winning)
|l|☆Spectre Ace
|j|☆Spectre Ace
|player|p1|Spectre Ace|juggler
|l|☆Spectre Ace
|player|p1|
|c|☆thatgenyou|gg
||Ladder isn't responding, score probably updated but might not have (Request timeout).
