|raw|<div class="broadcast-blue"><strong>This battle is required to be public due to a player having a name starting with 'LT74PF'.</div>
|j|☆relic stone
|j|☆LT74PF 999iq280
|t:|1599029458
|player|p1|relic stone|lusamine-nihilego|1864
|player|p2|LT74PF 999iq280|dawn-gen4pt|1704
|teamsize|p1|6
|teamsize|p2|6
|gametype|singles
|gen|8
|tier|[Gen 8] OU
|rated|
|clearpoke
|poke|p1|Tangrowth, M|
|poke|p1|Urshifu-*, M|
|poke|p1|Aegislash, M|
|poke|p1|Rotom-Heat|
|poke|p1|Azumarill, M|
|poke|p1|Rhyperior, M|
|poke|p2|Lycanroc-Dusk, F|
|poke|p2|Scolipede, F|
|poke|p2|Dragapult, M|
|poke|p2|Kommo-o, M|
|poke|p2|Togekiss, M|
|poke|p2|Magnezone|
|rule|Sleep Clause Mod: Limit one foe put to sleep
|rule|Species Clause: Limit one of each Pokémon
|rule|OHKO Clause: OHKO moves are banned
|rule|Evasion Moves Clause: Evasion moves are banned
|rule|Endless Battle Clause: Forcing endless battles is banned
|rule|HP Percentage Mod: HP is shown in percentages
|rule|Dynamax Clause: You cannot dynamax
|teampreview
|j| pppHggg
|j| garbos
|j| vhhvjhvjhvjhv66
|inactive|Battle timer is ON: inactive players will automatically lose when time's up. (requested by LT74PF 999iq280)
|
|t:|1599029546
|start
|switch|p1a: Mortar|Rhyperior, M|100/100
|switch|p2a: Lycanroc|Lycanroc-Dusk, F|100/100
|turn|1
|
|t:|1599029559
|move|p2a: Lycanroc|Close Combat|p1a: Mortar
|-supereffective|p1a: Mortar
|-damage|p1a: Mortar|45/100
|-unboost|p2a: Lycanroc|def|1
|-unboost|p2a: Lycanroc|spd|1
|move|p1a: Mortar|Earthquake|p2a: Lycanroc
|-supereffective|p2a: Lycanroc
|-enditem|p2a: Lycanroc|Focus Sash
|-damage|p2a: Lycanroc|1/100
|
|-heal|p1a: Mortar|51/100|[from] item: Leftovers
|upkeep
|turn|2
|
|t:|1599029564
|move|p2a: Lycanroc|Stealth Rock|p1a: Mortar
|-sidestart|p1: relic stone|move: Stealth Rock
|move|p1a: Mortar|Earthquake|p2a: Lycanroc
|-supereffective|p2a: Lycanroc
|-damage|p2a: Lycanroc|0 fnt
|faint|p2a: Lycanroc
|
|-heal|p1a: Mortar|57/100|[from] item: Leftovers
|upkeep
|
|t:|1599029570
|switch|p2a: Kommo-o|Kommo-o, M|100/100
|turn|3
|j| shadolfiet
|
|t:|1599029577
|move|p2a: Kommo-o|Earthquake|p1a: Mortar
|-supereffective|p1a: Mortar
|-damage|p1a: Mortar|20/100
|move|p1a: Mortar|Stealth Rock|p2a: Kommo-o
|-sidestart|p2: LT74PF 999iq280|move: Stealth Rock
|
|-heal|p1a: Mortar|26/100|[from] item: Leftovers
|upkeep
|turn|4
|
|t:|1599029584
|switch|p1a: Phantom|Rotom-Heat, shiny|100/100
|move|p2a: Kommo-o|Earthquake|p1a: Phantom
|-immune|p1a: Phantom|[from] ability: Levitate
|
|upkeep
|turn|5
|
|t:|1599029590
|switch|p2a: Dragapult|Dragapult, M|100/100
|-damage|p2a: Dragapult|88/100|[from] Stealth Rock
|move|p1a: Phantom|Toxic|p2a: Dragapult
|-status|p2a: Dragapult|tox
|
|-heal|p2a: Dragapult|94/100 tox|[from] item: Leftovers
|-damage|p2a: Dragapult|88/100 tox|[from] psn
|upkeep
|turn|6
|
|t:|1599029602
|move|p2a: Dragapult|Dragon Dance|p2a: Dragapult
|-boost|p2a: Dragapult|atk|1
|-boost|p2a: Dragapult|spe|1
|move|p1a: Phantom|Volt Switch|p2a: Dragapult
|-resisted|p2a: Dragapult
|-damage|p2a: Dragapult|73/100 tox
|
|t:|1599029605
|switch|p1a: Silhouette|Urshifu, M|100/100|[from]move: Volt Switch
|-damage|p1a: Silhouette|94/100|[from] Stealth Rock
|
|-heal|p2a: Dragapult|79/100 tox|[from] item: Leftovers
|-damage|p2a: Dragapult|67/100 tox|[from] psn
|upkeep
|turn|7
|
|t:|1599029608
|move|p2a: Dragapult|Substitute|p2a: Dragapult
|-start|p2a: Dragapult|Substitute
|-damage|p2a: Dragapult|42/100 tox
|move|p1a: Silhouette|Bulk Up|p1a: Silhouette
|-boost|p1a: Silhouette|atk|1
|-boost|p1a: Silhouette|def|1
|
|-heal|p2a: Dragapult|48/100 tox|[from] item: Leftovers
|-damage|p2a: Dragapult|30/100 tox|[from] psn
|upkeep
|turn|8
|
|t:|1599029613
|move|p2a: Dragapult|Dragon Dance|p2a: Dragapult
|-boost|p2a: Dragapult|atk|1
|-boost|p2a: Dragapult|spe|1
|move|p1a: Silhouette|Bulk Up|p1a: Silhouette
|-boost|p1a: Silhouette|atk|1
|-boost|p1a: Silhouette|def|1
|
|-heal|p2a: Dragapult|36/100 tox|[from] item: Leftovers
|-damage|p2a: Dragapult|11/100 tox|[from] psn
|upkeep
|turn|9
|
|t:|1599029617
|move|p2a: Dragapult|Disable|p1a: Silhouette
|-start|p1a: Silhouette|Disable|Bulk Up
|cant|p1a: Silhouette|Disable|Bulk Up
|
|-heal|p2a: Dragapult|17/100 tox|[from] item: Leftovers
|-damage|p2a: Dragapult|0 fnt|[from] psn
|faint|p2a: Dragapult
|upkeep
|
|t:|1599029621
|switch|p2a: Togekiss|Togekiss, M|100/100
|-damage|p2a: Togekiss|76/100|[from] Stealth Rock
|turn|10
|
|t:|1599029624
|switch|p1a: Achilles|Aegislash, M|100/100
|-damage|p1a: Achilles|94/100|[from] Stealth Rock
|move|p2a: Togekiss|Dazzling Gleam|p1a: Achilles
|-resisted|p1a: Achilles
|-damage|p1a: Achilles|75/100
|
|upkeep
|turn|11
|
|t:|1599029628
|switch|p2a: Magnezone|Magnezone|100/100
|-damage|p2a: Magnezone|94/100|[from] Stealth Rock
|-formechange|p1a: Achilles|Aegislash-Blade||[from] ability: Stance Change
|move|p1a: Achilles|Shadow Ball|p2a: Magnezone
|-damage|p2a: Magnezone|12/100
|
|upkeep
|turn|12
|
|t:|1599029635
|move|p1a: Achilles|Shadow Sneak|p2a: Magnezone
|-damage|p2a: Magnezone|0 fnt
|faint|p2a: Magnezone
|
|upkeep
|
|t:|1599029639
|switch|p2a: Kommo-o|Kommo-o, M|100/100
|-damage|p2a: Kommo-o|94/100|[from] Stealth Rock
|turn|13
|
|t:|1599029642
|move|p2a: Kommo-o|Substitute|p2a: Kommo-o
|-start|p2a: Kommo-o|Substitute
|-damage|p2a: Kommo-o|69/100
|move|p1a: Achilles|Flash Cannon|p2a: Kommo-o
|-end|p2a: Kommo-o|Substitute
|
|upkeep
|turn|14
|
|t:|1599029651
|switch|p1a: Phantom|Rotom-Heat, shiny|100/100
|move|p2a: Kommo-o|Earthquake|p1a: Phantom
|-immune|p1a: Phantom|[from] ability: Levitate
|
|upkeep
|turn|15
|
|t:|1599029655
|move|p1a: Phantom|Volt Switch|p2a: Kommo-o
|-resisted|p2a: Kommo-o
|-damage|p2a: Kommo-o|56/100
|
|t:|1599029658
|switch|p1a: Achilles|Aegislash, M|75/100|[from]move: Volt Switch
|-damage|p1a: Achilles|69/100|[from] Stealth Rock
|move|p2a: Kommo-o|Drain Punch|p1a: Achilles
|-immune|p1a: Achilles
|
|upkeep
|turn|16
|
|t:|1599029662
|move|p2a: Kommo-o|Substitute|p2a: Kommo-o
|-start|p2a: Kommo-o|Substitute
|-damage|p2a: Kommo-o|31/100
|-formechange|p1a: Achilles|Aegislash-Blade||[from] ability: Stance Change
|move|p1a: Achilles|Flash Cannon|p2a: Kommo-o
|-end|p2a: Kommo-o|Substitute
|
|upkeep
|turn|17
|
|t:|1599029667
|switch|p1a: Ramen|Tangrowth, M|100/100
|-damage|p1a: Ramen|88/100|[from] Stealth Rock
|move|p2a: Kommo-o|Earthquake|p1a: Ramen
|-resisted|p1a: Ramen
|-damage|p1a: Ramen|79/100
|
|upkeep
|turn|18
|-message|LT74PF 999iq280 forfeited.
|
|win|relic stone
|l|☆LT74PF 999iq280
|raw|relic stone's rating: 1864 &rarr; <strong>1876</strong><br />(+12 for winning)
|raw|LT74PF 999iq280's rating: 1719 &rarr; <strong>1707</strong><br />(-12 for losing)
|c|☆relic stone|gg
