|raw|<div class="broadcast-blue"><strong>This battle is required to be public due to a player having a name starting with 'LT74PF'.</div>
|j|☆relic stone
|j|☆LT74PF Sheikk
|t:|1598948910
|player|p1|relic stone|lusamine-nihilego|1803
|player|p2|LT74PF Sheikk|blue-gen3|1516
|teamsize|p1|6
|teamsize|p2|6
|gametype|singles
|gen|8
|tier|[Gen 8] OU
|rated|
|clearpoke
|poke|p1|Kyurem|
|poke|p1|Excadrill, M|
|poke|p1|Tangrowth, M|
|poke|p1|Zarude|
|poke|p1|Primarina, M|
|poke|p1|Marowak-Alola, M|
|poke|p2|Toxtricity, M|
|poke|p2|Bisharp, M|
|poke|p2|Mamoswine, F|
|poke|p2|Rillaboom, M|
|poke|p2|Hawlucha, F|
|poke|p2|Dragapult, F|
|rule|Sleep Clause Mod: Limit one foe put to sleep
|rule|Species Clause: Limit one of each Pokémon
|rule|OHKO Clause: OHKO moves are banned
|rule|Evasion Moves Clause: Evasion moves are banned
|rule|Endless Battle Clause: Forcing endless battles is banned
|rule|HP Percentage Mod: HP is shown in percentages
|rule|Dynamax Clause: You cannot dynamax
|teampreview
|inactive|Battle timer is ON: inactive players will automatically lose when time's up. (requested by LT74PF Sheikk)
|inactive|relic stone has 120 seconds left.
|c|☆relic stone|hf
|
|t:|1598948958
|start
|switch|p1a: Galarian Jaguar|Zarude|100/100
|switch|p2a: Mamoswine|Mamoswine, F|100/100
|turn|1
|inactive|LT74PF Sheikk has 120 seconds left.
|
|t:|1598948989
|move|p1a: Galarian Jaguar|Throat Chop|p2a: Mamoswine
|-damage|p2a: Mamoswine|53/100
|-start|p2a: Mamoswine|Throat Chop|[silent]
|move|p2a: Mamoswine|Stealth Rock|p1a: Galarian Jaguar
|-sidestart|p1: relic stone|move: Stealth Rock
|
|upkeep
|turn|2
|
|t:|1598948994
|move|p2a: Mamoswine|Ice Shard|p1a: Galarian Jaguar
|-supereffective|p1a: Galarian Jaguar
|-damage|p1a: Galarian Jaguar|58/100
|move|p1a: Galarian Jaguar|Power Whip|p2a: Mamoswine
|-supereffective|p2a: Mamoswine
|-damage|p2a: Mamoswine|0 fnt
|faint|p2a: Mamoswine
|
|-heal|p1a: Galarian Jaguar|64/100|[from] item: Leftovers
|upkeep
|inactive|LT74PF Sheikk has 120 seconds left.
|j| fuck christmas
|
|t:|1598949028
|switch|p2a: Dragapult|Dragapult, F|100/100
|turn|3
|
|t:|1598949045
|move|p2a: Dragapult|Dragon Darts|p1a: Galarian Jaguar
|-damage|p1a: Galarian Jaguar|31/100
|-anim|p2a: Dragapult|Dragon Darts|p1a: Galarian Jaguar
|-damage|p1a: Galarian Jaguar|0 fnt
|-damage|p2a: Dragapult|91/100|[from] item: Life Orb
|faint|p1a: Galarian Jaguar
|
|upkeep
|
|t:|1598949048
|switch|p1a: Impaler|Excadrill, M, shiny|100/100
|-damage|p1a: Impaler|97/100|[from] Stealth Rock
|-ability|p1a: Impaler|Mold Breaker
|turn|4
|j| MarvelousJeanMi
|inactive|LT74PF Sheikk has 120 seconds left.
|
|t:|1598949065
|move|p2a: Dragapult|Fire Blast|p1a: Impaler
|-supereffective|p1a: Impaler
|-damage|p1a: Impaler|18/100
|-damage|p2a: Dragapult|81/100|[from] item: Life Orb
|move|p1a: Impaler|Stealth Rock|p2a: Dragapult
|-sidestart|p2: LT74PF Sheikk|move: Stealth Rock
|
|-heal|p1a: Impaler|25/100|[from] item: Leftovers
|upkeep
|turn|5
|j| Estofadodefideito
|
|t:|1598949071
|switch|p1a: Celestine|Primarina, M|100/100
|-damage|p1a: Celestine|88/100|[from] Stealth Rock
|move|p2a: Dragapult|Dragon Darts|p1a: Celestine
|-immune|p1a: Celestine
|
|-heal|p1a: Celestine|94/100|[from] item: Leftovers
|upkeep
|turn|6
|l| MarvelousJeanMi
|
|t:|1598949076
|switch|p2a: Toxtricity|Toxtricity, M|100/100
|-damage|p2a: Toxtricity|88/100|[from] Stealth Rock
|move|p1a: Celestine|Draining Kiss|p2a: Toxtricity
|-resisted|p2a: Toxtricity
|-damage|p2a: Toxtricity|72/100
|-heal|p1a: Celestine|100/100|[from] drain|[of] p2a: Toxtricity
|
|upkeep
|turn|7
|c| Estofadodefideito|wotefoc
|
|t:|1598949082
|switch|p1a: Phantom|Marowak-Alola, M, shiny|100/100
|-damage|p1a: Phantom|76/100|[from] Stealth Rock
|move|p2a: Toxtricity|Shift Gear|p2a: Toxtricity
|-boost|p2a: Toxtricity|spe|2
|-boost|p2a: Toxtricity|atk|1
|
|upkeep
|turn|8
|c| Estofadodefideito|cuanta gente xd
|c| Estofadodefideito|y solo yo hablando
|c| Estofadodefideito|yay
|c| Estofadodefideito|com osiempre
|c| Estofadodefideito|hola a todos
|
|t:|1598949091
|move|p2a: Toxtricity|Overdrive|p1a: Phantom
|-ability|p1a: Phantom|Lightning Rod|boost
|-boost|p1a: Phantom|spa|1
|move|p1a: Phantom|Poltergeist|p2a: Toxtricity
|-activate|p2a: Toxtricity|move: Poltergeist|Life Orb
|-damage|p2a: Toxtricity|0 fnt
|faint|p2a: Toxtricity
|
|upkeep
|c| Estofadodefideito|les gusta comer abuelas
|
|t:|1598949093
|switch|p2a: Bisharp|Bisharp, M|100/100
|-damage|p2a: Bisharp|95/100|[from] Stealth Rock
|turn|9
|c| Estofadodefideito|son ricas
|c| Estofadodefideito|y nutritivas
|
|t:|1598949100
|switch|p1a: Impaler|Excadrill, M, shiny|25/100
|-damage|p1a: Impaler|21/100|[from] Stealth Rock
|-ability|p1a: Impaler|Mold Breaker
|move|p2a: Bisharp|Knock Off|p1a: Impaler
|-damage|p1a: Impaler|0 fnt
|-enditem|p1a: Impaler|Leftovers|[from] move: Knock Off|[of] p2a: Bisharp
|faint|p1a: Impaler
|
|upkeep
|
|t:|1598949107
|switch|p1a: Ramen|Tangrowth, M|100/100
|-damage|p1a: Ramen|88/100|[from] Stealth Rock
|turn|10
|inactive|LT74PF Sheikk has 120 seconds left.
|
|t:|1598949151
|switch|p2a: Dragapult|Dragapult, F|81/100
|-damage|p2a: Dragapult|69/100|[from] Stealth Rock
|move|p1a: Ramen|Sleep Powder|p2a: Dragapult|[miss]
|-miss|p1a: Ramen|p2a: Dragapult
|
|upkeep
|turn|11
|inactive|LT74PF Sheikk has 90 seconds left.
|
|t:|1598949188
|switch|p1a: Celestine|Primarina, M|100/100
|-damage|p1a: Celestine|88/100|[from] Stealth Rock
|move|p2a: Dragapult|Fire Blast|p1a: Celestine
|-resisted|p1a: Celestine
|-damage|p1a: Celestine|76/100
|-damage|p2a: Dragapult|59/100|[from] item: Life Orb
|
|-heal|p1a: Celestine|82/100|[from] item: Leftovers
|upkeep
|turn|12
|inactive|LT74PF Sheikk has 90 seconds left.
|
|t:|1598949214
|move|p2a: Dragapult|Steel Wing|p1a: Celestine
|-damage|p1a: Celestine|54/100
|-damage|p2a: Dragapult|49/100|[from] item: Life Orb
|move|p1a: Celestine|Draining Kiss|p2a: Dragapult
|-supereffective|p2a: Dragapult
|-damage|p2a: Dragapult|0 fnt
|-heal|p1a: Celestine|86/100|[from] drain|[of] p2a: Dragapult
|faint|p2a: Dragapult
|
|-heal|p1a: Celestine|92/100|[from] item: Leftovers
|upkeep
|
|t:|1598949221
|switch|p2a: Rillaboom|Rillaboom, M|100/100
|-damage|p2a: Rillaboom|88/100|[from] Stealth Rock
|-fieldstart|move: Grassy Terrain|[from] ability: Grassy Surge|[of] p2a: Rillaboom
|turn|13
|
|t:|1598949226
|move|p2a: Rillaboom|Swords Dance|p2a: Rillaboom
|-boost|p2a: Rillaboom|atk|2
|move|p1a: Celestine|Draining Kiss|p2a: Rillaboom
|-damage|p2a: Rillaboom|61/100
|-heal|p1a: Celestine|100/100|[from] drain|[of] p2a: Rillaboom
|
|-heal|p2a: Rillaboom|67/100|[from] Grassy Terrain
|upkeep
|turn|14
|
|t:|1598949237
|switch|p1a: Ramen|Tangrowth, M|100/100
|-damage|p1a: Ramen|88/100|[from] Stealth Rock
|move|p2a: Rillaboom|Grassy Glide|p1a: Ramen
|-resisted|p1a: Ramen
|-damage|p1a: Ramen|52/100
|-damage|p2a: Rillaboom|50/100|[from] item: Rocky Helmet|[of] p1a: Ramen
|-damage|p2a: Rillaboom|40/100|[from] item: Life Orb
|
|-heal|p2a: Rillaboom|47/100|[from] Grassy Terrain
|-heal|p1a: Ramen|58/100|[from] Grassy Terrain
|upkeep
|turn|15
|
|t:|1598949243
|switch|p1a: Phantom|Marowak-Alola, M, shiny|76/100
|-damage|p1a: Phantom|51/100|[from] Stealth Rock
|move|p2a: Rillaboom|U-turn|p1a: Phantom
|-resisted|p1a: Phantom
|-damage|p1a: Phantom|30/100
|-damage|p2a: Rillaboom|37/100|[from] item: Life Orb
|
|t:|1598949261
|switch|p2a: Bisharp|Bisharp, M|95/100|[from]move: U-turn
|-damage|p2a: Bisharp|89/100|[from] Stealth Rock
|
|-heal|p2a: Bisharp|95/100|[from] Grassy Terrain
|-heal|p1a: Phantom|36/100|[from] Grassy Terrain
|upkeep
|turn|16
|
|t:|1598949267
|switch|p1a: Ramen|Tangrowth, M|91/100
|-damage|p1a: Ramen|79/100|[from] Stealth Rock
|move|p2a: Bisharp|Knock Off|p1a: Ramen
|-damage|p1a: Ramen|48/100
|-damage|p2a: Bisharp|78/100|[from] item: Rocky Helmet|[of] p1a: Ramen
|-enditem|p1a: Ramen|Rocky Helmet|[from] move: Knock Off|[of] p2a: Bisharp
|
|-heal|p2a: Bisharp|84/100|[from] Grassy Terrain
|-heal|p1a: Ramen|54/100|[from] Grassy Terrain
|upkeep
|turn|17
|
|t:|1598949275
|move|p2a: Bisharp|Swords Dance|p2a: Bisharp
|-boost|p2a: Bisharp|atk|2
|move|p1a: Ramen|Sleep Powder|p2a: Bisharp
|-status|p2a: Bisharp|slp|[from] move: Sleep Powder
|
|-heal|p2a: Bisharp|90/100 slp|[from] Grassy Terrain
|-heal|p1a: Ramen|60/100|[from] Grassy Terrain
|-fieldend|move: Grassy Terrain
|upkeep
|turn|18
|
|t:|1598949279
|switch|p2a: Rillaboom|Rillaboom, M|37/100
|-damage|p2a: Rillaboom|24/100|[from] Stealth Rock
|-fieldstart|move: Grassy Terrain|[from] ability: Grassy Surge|[of] p2a: Rillaboom
|move|p1a: Ramen|Giga Drain|p2a: Rillaboom
|-resisted|p2a: Rillaboom
|-damage|p2a: Rillaboom|1/100
|-heal|p1a: Ramen|70/100|[from] drain|[of] p2a: Rillaboom
|
|-heal|p2a: Rillaboom|8/100|[from] Grassy Terrain
|-heal|p1a: Ramen|76/100|[from] Grassy Terrain
|upkeep
|turn|19
|
|t:|1598949284
|switch|p1a: Phantom|Marowak-Alola, M, shiny|36/100
|-damage|p1a: Phantom|11/100|[from] Stealth Rock
|move|p2a: Rillaboom|Swords Dance|p2a: Rillaboom
|-boost|p2a: Rillaboom|atk|2
|
|-heal|p2a: Rillaboom|14/100|[from] Grassy Terrain
|-heal|p1a: Phantom|17/100|[from] Grassy Terrain
|upkeep
|turn|20
|
|t:|1598949288
|move|p2a: Rillaboom|Grassy Glide|p1a: Phantom
|-resisted|p1a: Phantom
|-damage|p1a: Phantom|0 fnt
|-damage|p2a: Rillaboom|4/100|[from] item: Life Orb
|faint|p1a: Phantom
|
|-heal|p2a: Rillaboom|10/100|[from] Grassy Terrain
|upkeep
|
|t:|1598949290
|switch|p1a: Kyotaro|Kyurem, shiny|100/100
|-damage|p1a: Kyotaro|76/100|[from] Stealth Rock
|-ability|p1a: Kyotaro|Pressure
|turn|21
|
|t:|1598949298
|move|p2a: Rillaboom|Grassy Glide|p1a: Kyotaro
|-resisted|p1a: Kyotaro
|-damage|p1a: Kyotaro|16/100
|-damage|p2a: Rillaboom|0 fnt|[from] item: Life Orb
|faint|p2a: Rillaboom
|move|p1a: Kyotaro|Dragon Dance|p1a: Kyotaro
|-boost|p1a: Kyotaro|atk|1
|-boost|p1a: Kyotaro|spe|1
|
|-heal|p1a: Kyotaro|22/100|[from] item: Leftovers
|-heal|p1a: Kyotaro|29/100|[from] Grassy Terrain
|upkeep
|
|t:|1598949302
|switch|p2a: Hawlucha|Hawlucha, F|100/100
|-damage|p2a: Hawlucha|88/100|[from] Stealth Rock
|-enditem|p2a: Hawlucha|Grassy Seed
|-boost|p2a: Hawlucha|def|1|[from] item: Grassy Seed
|turn|22
|
|t:|1598949306
|move|p2a: Hawlucha|Acrobatics|p1a: Kyotaro
|-damage|p1a: Kyotaro|0 fnt
|faint|p1a: Kyotaro
|
|-fieldend|move: Grassy Terrain
|upkeep
|
|t:|1598949310
|switch|p1a: Celestine|Primarina, M|100/100
|-damage|p1a: Celestine|88/100|[from] Stealth Rock
|turn|23
|
|t:|1598949317
|switch|p2a: Bisharp|Bisharp, M|90/100 slp
|-damage|p2a: Bisharp|84/100 slp|[from] Stealth Rock
|move|p1a: Celestine|Draining Kiss|p2a: Bisharp
|-damage|p2a: Bisharp|49/100 slp
|-heal|p1a: Celestine|100/100|[from] drain|[of] p2a: Bisharp
|
|upkeep
|turn|24
|
|t:|1598949320
|cant|p2a: Bisharp|slp
|move|p1a: Celestine|Scald|p2a: Bisharp
|-damage|p2a: Bisharp|0 fnt
|faint|p2a: Bisharp
|
|upkeep
|
|t:|1598949321
|switch|p2a: Hawlucha|Hawlucha, F|88/100
|-damage|p2a: Hawlucha|76/100|[from] Stealth Rock
|turn|25
|c|☆relic stone|gg
|-message|LT74PF Sheikk forfeited.
|
|win|relic stone
|l|☆LT74PF Sheikk
