|j|☆Commando 55
|j|☆hitoshura3
|t:|1597119390
|player|p1|Commando 55|iris-gen5bw2|1838
|player|p2|hitoshura3|sisandbro|1949
|teamsize|p1|6
|teamsize|p2|6
|gametype|singles
|gen|8
|tier|[Gen 8] OU
|rated|
|clearpoke
|poke|p1|Raboot, M|
|poke|p1|Dragapult, F|
|poke|p1|Zeraora|
|poke|p1|Azumarill, M|
|poke|p1|Mandibuzz, F|
|poke|p1|Clefable, F|
|poke|p2|Aegislash, M|
|poke|p2|Clefable, M|
|poke|p2|Toxapex, F|
|poke|p2|Mandibuzz, F|
|poke|p2|Rhyperior, F|
|poke|p2|Talonflame, M|
|rule|Sleep Clause Mod: Limit one foe put to sleep
|rule|Species Clause: Limit one of each Pokémon
|rule|OHKO Clause: OHKO moves are banned
|rule|Evasion Moves Clause: Evasion moves are banned
|rule|Endless Battle Clause: Forcing endless battles is banned
|rule|HP Percentage Mod: HP is shown in percentages
|rule|Dynamax Clause: You cannot dynamax
|teampreview
|inactive|Battle timer is ON: inactive players will automatically lose when time's up. (requested by Commando 55)
|
|t:|1597119401
|start
|switch|p1a: Azumarill|Azumarill, M, shiny|100/100
|switch|p2a: Toxapex|Toxapex, F|100/100
|turn|1
|
|t:|1597119408
|move|p1a: Azumarill|Whirlpool|p2a: Toxapex
|-resisted|p2a: Toxapex
|-damage|p2a: Toxapex|98/100
|-activate|p2a: Toxapex|move: Whirlpool|[of] p1a: Azumarill
|move|p2a: Toxapex|Toxic Spikes|p1a: Azumarill
|-sidestart|p1: Commando 55|move: Toxic Spikes
|
|-heal|p2a: Toxapex|100/100|[from] item: Black Sludge
|-damage|p2a: Toxapex|88/100|[from] move: Whirlpool|[partiallytrapped]
|upkeep
|turn|2
|
|t:|1597119412
|move|p1a: Azumarill|Perish Song|p1a: Azumarill
|-start|p1a: Azumarill|perish3|[silent]
|-start|p2a: Toxapex|perish3|[silent]
|-fieldactivate|move: Perish Song
|move|p2a: Toxapex|Knock Off|p1a: Azumarill
|-resisted|p1a: Azumarill
|-damage|p1a: Azumarill|94/100
|-enditem|p1a: Azumarill|Leftovers|[from] move: Knock Off|[of] p2a: Toxapex
|
|-heal|p2a: Toxapex|94/100|[from] item: Black Sludge
|-damage|p2a: Toxapex|82/100|[from] move: Whirlpool|[partiallytrapped]
|-start|p1a: Azumarill|perish3
|-start|p2a: Toxapex|perish3
|upkeep
|turn|3
|
|t:|1597119417
|move|p1a: Azumarill|Protect|p1a: Azumarill
|-singleturn|p1a: Azumarill|Protect
|move|p2a: Toxapex|Toxic Spikes|p1a: Azumarill
|-sidestart|p1: Commando 55|move: Toxic Spikes
|
|-heal|p2a: Toxapex|88/100|[from] item: Black Sludge
|-damage|p2a: Toxapex|76/100|[from] move: Whirlpool|[partiallytrapped]
|-start|p1a: Azumarill|perish2
|-start|p2a: Toxapex|perish2
|upkeep
|turn|4
|
|t:|1597119421
|move|p1a: Azumarill|Protect||[still]
|-fail|p1a: Azumarill
|move|p2a: Toxapex|Recover|p2a: Toxapex
|-heal|p2a: Toxapex|100/100
|
|-damage|p2a: Toxapex|88/100|[from] move: Whirlpool|[partiallytrapped]
|-start|p1a: Azumarill|perish1
|-start|p2a: Toxapex|perish1
|upkeep
|turn|5
|
|t:|1597119427
|switch|p1a: Clefable|Clefable, F|100/100
|-status|p1a: Clefable|tox
|move|p2a: Toxapex|Knock Off|p1a: Clefable
|-resisted|p1a: Clefable
|-damage|p1a: Clefable|95/100 tox
|-enditem|p1a: Clefable|Leftovers|[from] move: Knock Off|[of] p2a: Toxapex
|
|-heal|p2a: Toxapex|94/100|[from] item: Black Sludge
|-end|p2a: Toxapex|Whirlpool|[partiallytrapped]|[silent]
|-start|p2a: Toxapex|perish0
|upkeep
|faint|p2a: Toxapex
|
|t:|1597119429
|switch|p2a: Aegislash|Aegislash, M|100/100
|-item|p2a: Aegislash|Air Balloon
|turn|6
|
|t:|1597119438
|switch|p1a: Mandibuzz|Mandibuzz, F|100/100
|move|p2a: Aegislash|Swords Dance|p2a: Aegislash
|-boost|p2a: Aegislash|atk|2
|
|upkeep
|turn|7
|
|t:|1597119459
|-formechange|p2a: Aegislash|Aegislash-Blade||[from] ability: Stance Change
|move|p2a: Aegislash|Head Smash|p1a: Mandibuzz
|-supereffective|p1a: Mandibuzz
|-damage|p1a: Mandibuzz|0 fnt
|-damage|p2a: Aegislash|19/100|[from] Recoil
|faint|p1a: Mandibuzz
|
|upkeep
|
|t:|1597119468
|switch|p1a: Raboot|Raboot, M, shiny|100/100
|-status|p1a: Raboot|tox
|turn|8
|
|t:|1597119472
|switch|p2a: Rhyperior|Rhyperior, F|100/100
|move|p1a: Raboot|Sucker Punch||[still]
|-fail|p1a: Raboot
|
|-damage|p1a: Raboot|95/100 tox|[from] psn
|upkeep
|turn|9
|
|t:|1597119478
|switch|p1a: Clefable|Clefable, F|95/100 tox
|move|p2a: Rhyperior|Earthquake|p1a: Clefable
|-damage|p1a: Clefable|50/100 tox
|
|upkeep
|turn|10
|
|t:|1597119490
|move|p2a: Rhyperior|Swords Dance|p2a: Rhyperior
|-boost|p2a: Rhyperior|atk|2
|move|p1a: Clefable|Moonblast|p2a: Rhyperior
|-damage|p2a: Rhyperior|60/100
|
|-heal|p2a: Rhyperior|66/100|[from] item: Leftovers
|upkeep
|turn|11
|inactive|Commando 55 has 120 seconds left.
|
|t:|1597119531
|switch|p1a: Azumarill|Azumarill, M, shiny|94/100
|-status|p1a: Azumarill|tox
|move|p2a: Rhyperior|Earthquake|p1a: Azumarill
|-damage|p1a: Azumarill|0 fnt
|faint|p1a: Azumarill
|
|-heal|p2a: Rhyperior|72/100|[from] item: Leftovers
|upkeep
|
|t:|1597119544
|switch|p1a: Raboot|Raboot, M, shiny|95/100 tox
|turn|12
|
|t:|1597119549
|move|p1a: Raboot|High Jump Kick|p2a: Rhyperior
|-start|p1a: Raboot|typechange|Fighting|[from] ability: Libero
|-supereffective|p2a: Rhyperior
|-damage|p2a: Rhyperior|0 fnt
|faint|p2a: Rhyperior
|
|-damage|p1a: Raboot|89/100 tox|[from] psn
|upkeep
|
|t:|1597119555
|switch|p2a: Aegislash|Aegislash, M|19/100
|-item|p2a: Aegislash|Air Balloon
|turn|13
|inactive|Commando 55 has 120 seconds left.
|
|t:|1597119570
|switch|p1a: Zeraora|Zeraora, shiny|100/100
|-status|p1a: Zeraora|tox
|-formechange|p2a: Aegislash|Aegislash-Blade||[from] ability: Stance Change
|move|p2a: Aegislash|Close Combat|p1a: Zeraora
|-damage|p1a: Zeraora|34/100 tox
|-unboost|p2a: Aegislash|def|1
|-unboost|p2a: Aegislash|spd|1
|
|-damage|p1a: Zeraora|28/100 tox|[from] psn
|upkeep
|turn|14
|
|t:|1597119578
|switch|p2a: Clefable|Clefable, M|100/100
|move|p1a: Zeraora|Volt Switch|p2a: Clefable
|-damage|p2a: Clefable|75/100
|
|t:|1597119584
|switch|p1a: Raboot|Raboot, M, shiny|89/100 tox|[from]move: Volt Switch
|
|-damage|p1a: Raboot|83/100 tox|[from] psn
|upkeep
|turn|15
|
|t:|1597119589
|switch|p2a: Mandibuzz|Mandibuzz, F|100/100
|move|p1a: Raboot|Gunk Shot|p2a: Mandibuzz
|-start|p1a: Raboot|typechange|Poison|[from] ability: Libero
|-damage|p2a: Mandibuzz|36/100
|
|-damage|p1a: Raboot|71/100 tox|[from] psn
|upkeep
|turn|16
|
|t:|1597119599
|switch|p1a: Dragapult|Dragapult, F, shiny|100/100
|-status|p1a: Dragapult|tox
|move|p2a: Mandibuzz|U-turn|p1a: Dragapult
|-resisted|p1a: Dragapult
|-damage|p1a: Dragapult|93/100 tox
|
|t:|1597119603
|switch|p2a: Clefable|Clefable, M|75/100|[from]move: U-turn
|
|-damage|p1a: Dragapult|87/100 tox|[from] psn
|upkeep
|turn|17
|
|t:|1597119609
|move|p1a: Dragapult|U-turn|p2a: Clefable
|-resisted|p2a: Clefable
|-damage|p2a: Clefable|68/100
|
|t:|1597119612
|switch|p1a: Clefable|Clefable, F|50/100 tox|[from]move: U-turn
|move|p2a: Clefable|Soft-Boiled|p2a: Clefable
|-heal|p2a: Clefable|100/100
|
|upkeep
|turn|18
|
|t:|1597119623
|move|p2a: Clefable|Stealth Rock|p1a: Clefable
|-sidestart|p1: Commando 55|move: Stealth Rock
|move|p1a: Clefable|Teleport|p1a: Clefable
|
|t:|1597119626
|switch|p1a: Raboot|Raboot, M, shiny|71/100 tox|[from]move: Teleport
|-damage|p1a: Raboot|46/100 tox|[from] Stealth Rock
|
|-damage|p1a: Raboot|40/100 tox|[from] psn
|upkeep
|turn|19
|
|t:|1597119645
|switch|p2a: Mandibuzz|Mandibuzz, F|36/100
|move|p1a: Raboot|Gunk Shot|p2a: Mandibuzz
|-start|p1a: Raboot|typechange|Poison|[from] ability: Libero
|-damage|p2a: Mandibuzz|0 fnt
|faint|p2a: Mandibuzz
|
|-damage|p1a: Raboot|29/100 tox|[from] psn
|upkeep
|
|t:|1597119650
|switch|p2a: Aegislash|Aegislash, M|19/100
|-item|p2a: Aegislash|Air Balloon
|turn|20
|
|t:|1597119655
|switch|p1a: Clefable|Clefable, F|50/100 tox
|-formechange|p2a: Aegislash|Aegislash-Blade||[from] ability: Stance Change
|move|p2a: Aegislash|Iron Head|p1a: Clefable
|-supereffective|p1a: Clefable
|-damage|p1a: Clefable|0 fnt
|faint|p1a: Clefable
|
|upkeep
|
|t:|1597119660
|switch|p1a: Dragapult|Dragapult, F, shiny|87/100 tox
|-damage|p1a: Dragapult|75/100 tox|[from] Stealth Rock
|turn|21
|
|t:|1597119663
|switch|p2a: Clefable|Clefable, M|100/100
|move|p1a: Dragapult|Shadow Ball|p2a: Clefable
|-damage|p2a: Clefable|53/100
|
|-damage|p1a: Dragapult|69/100 tox|[from] psn
|upkeep
|turn|22
|
|t:|1597119678
|move|p1a: Dragapult|Shadow Ball|p2a: Clefable
|-damage|p2a: Clefable|3/100
|-unboost|p2a: Clefable|spd|1
|move|p2a: Clefable|Moonblast|p1a: Dragapult
|-supereffective|p1a: Dragapult
|-damage|p1a: Dragapult|0 fnt
|faint|p1a: Dragapult
|
|upkeep
|j| WidmSpectra
|
|t:|1597119705
|switch|p1a: Zeraora|Zeraora, shiny|28/100 tox
|-damage|p1a: Zeraora|16/100 tox|[from] Stealth Rock
|turn|23
|l| WidmSpectra
|
|t:|1597119710
|move|p1a: Zeraora|Plasma Fists|p2a: Clefable
|-damage|p2a: Clefable|0 fnt
|-fieldactivate|move: Ion Deluge
|faint|p2a: Clefable
|
|-damage|p1a: Zeraora|10/100 tox|[from] psn
|upkeep
|
|t:|1597119711
|switch|p2a: Talonflame|Talonflame, M|100/100
|turn|24
|
|t:|1597119718
|move|p2a: Talonflame|Brave Bird|p1a: Zeraora
|-resisted|p1a: Zeraora
|-damage|p1a: Zeraora|0 fnt
|-damage|p2a: Talonflame|98/100|[from] Recoil
|faint|p1a: Zeraora
|
|upkeep
|
|t:|1597119720
|switch|p1a: Raboot|Raboot, M, shiny|29/100 tox
|-damage|p1a: Raboot|4/100 tox|[from] Stealth Rock
|turn|25
|
|t:|1597119722
|move|p1a: Raboot|Sucker Punch|p2a: Talonflame
|-start|p1a: Raboot|typechange|Dark|[from] ability: Libero
|-damage|p2a: Talonflame|39/100
|move|p2a: Talonflame|Brave Bird|p1a: Raboot
|-damage|p1a: Raboot|0 fnt
|-damage|p2a: Talonflame|38/100|[from] Recoil
|faint|p1a: Raboot
|
|win|hitoshura3
|raw|Commando 55's rating: 1838 &rarr; <strong>1824</strong><br />(-14 for losing)
|raw|hitoshura3's rating: 1949 &rarr; <strong>1963</strong><br />(+14 for winning)
|l|☆Commando 55
