|j|☆lol53
|j|☆yuwenzhao
|t:|1662969428
|gametype|singles
|player|p1|lol53|dawn|1539
|player|p2|yuwenzhao|dawn|1541
|teamsize|p1|6
|teamsize|p2|6
|gen|8
|tier|[Gen 8] OU
|rated|
|rule|Sleep Clause Mod: Limit one foe put to sleep
|rule|Species Clause: Limit one of each Pokémon
|rule|OHKO Clause: OHKO moves are banned
|rule|Evasion Items Clause: Evasion items are banned
|rule|Evasion Moves Clause: Evasion moves are banned
|rule|Endless Battle Clause: Forcing endless battles is banned
|rule|HP Percentage Mod: HP is shown in percentages
|rule|Dynamax Clause: You cannot dynamax
|clearpoke
|poke|p1|Rillaboom, M|
|poke|p1|Heatran, M|
|poke|p1|Dragapult, M|
|poke|p1|Slurpuff, F|
|poke|p1|Bisharp, M|
|poke|p1|Landorus-Therian, M|
|poke|p2|Rillaboom, M|
|poke|p2|Kartana|
|poke|p2|Nihilego|
|poke|p2|Moltres|
|poke|p2|Tyranitar, F|
|poke|p2|Nidoking, M|
|teampreview
|inactive|Battle timer is ON: inactive players will automatically lose when time's up. (requested by yuwenzhao)
|
|t:|1662969462
|start
|switch|p1a: Slurpuff|Slurpuff, F|100/100
|switch|p2a: Nidoking|Nidoking, M|100/100
|turn|1
|
|t:|1662969470
|move|p2a: Nidoking|Taunt|p1a: Slurpuff
|-start|p1a: Slurpuff|move: Taunt
|cant|p1a: Slurpuff|move: Taunt|Sticky Web
|
|upkeep
|turn|2
|
|t:|1662969482
|switch|p1a: Landorus|Landorus-Therian, M|100/100
|-ability|p1a: Landorus|Intimidate|boost
|-unboost|p2a: Nidoking|atk|1
|move|p2a: Nidoking|Toxic Spikes|p1a: Landorus
|-sidestart|p1: lol53|move: Toxic Spikes
|
|upkeep
|turn|3
|
|t:|1662969488
|move|p2a: Nidoking|Ice Beam|p1a: Landorus
|-supereffective|p1a: Landorus
|-damage|p1a: Landorus|3/100
|move|p1a: Landorus|Earthquake|p2a: Nidoking
|-supereffective|p2a: Nidoking
|-enditem|p2a: Nidoking|Focus Sash
|-damage|p2a: Nidoking|1/100
|
|-heal|p1a: Landorus|9/100|[from] item: Leftovers
|upkeep
|turn|4
|j| Sunday surfer
|l| Sunday surfer
|j| Sunday surfer
|
|t:|1662969501
|move|p2a: Nidoking|Ice Beam|p1a: Landorus
|-supereffective|p1a: Landorus
|-damage|p1a: Landorus|0 fnt
|faint|p1a: Landorus
|
|upkeep
|
|t:|1662969511
|switch|p1a: Rillaboom|Rillaboom, M|100/100
|-status|p1a: Rillaboom|psn
|-fieldstart|move: Grassy Terrain|[from] ability: Grassy Surge|[of] p1a: Rillaboom
|turn|5
|j| AnJian
|
|t:|1662969517
|switch|p2a: Moltres|Moltres|100/100
|move|p1a: Rillaboom|Grassy Glide|p2a: Moltres
|-resisted|p2a: Moltres
|-damage|p2a: Moltres|92/100
|
|-damage|p1a: Rillaboom|88/100 psn|[from] psn
|upkeep
|turn|6
|
|t:|1662969525
|switch|p1a: Slurpuff|Slurpuff, F|100/100
|-status|p1a: Slurpuff|psn
|move|p2a: Moltres|U-turn|p1a: Slurpuff
|-resisted|p1a: Slurpuff
|-damage|p1a: Slurpuff|90/100 psn
|
|t:|1662969531
|switch|p2a: Nidoking|Nidoking, M|1/100|[from]move: U-turn
|
|-heal|p2a: Nidoking|7/100|[from] Grassy Terrain
|-heal|p1a: Slurpuff|96/100 psn|[from] Grassy Terrain
|-damage|p1a: Slurpuff|83/100 psn|[from] psn
|upkeep
|turn|7
|
|t:|1662969538
|move|p2a: Nidoking|Taunt|p1a: Slurpuff
|-start|p1a: Slurpuff|move: Taunt
|cant|p1a: Slurpuff|move: Taunt|Sticky Web
|
|-heal|p2a: Nidoking|13/100|[from] Grassy Terrain
|-heal|p1a: Slurpuff|90/100 psn|[from] Grassy Terrain
|-damage|p1a: Slurpuff|77/100 psn|[from] psn
|upkeep
|turn|8
|j| Aphro mari
|
|t:|1662969547
|move|p2a: Nidoking|Earth Power|p1a: Slurpuff
|-damage|p1a: Slurpuff|0 fnt
|faint|p1a: Slurpuff
|
|-heal|p2a: Nidoking|19/100|[from] Grassy Terrain
|upkeep
|
|t:|1662969550
|switch|p1a: Dragapult|Dragapult, M|100/100
|-status|p1a: Dragapult|psn
|turn|9
|
|t:|1662969561
|move|p1a: Dragapult|Dragon Dance|p1a: Dragapult
|-boost|p1a: Dragapult|atk|1
|-boost|p1a: Dragapult|spe|1
|move|p2a: Nidoking|Ice Beam|p1a: Dragapult
|-supereffective|p1a: Dragapult
|-damage|p1a: Dragapult|9/100 psn
|
|-heal|p1a: Dragapult|15/100 psn|[from] Grassy Terrain
|-heal|p2a: Nidoking|25/100|[from] Grassy Terrain
|-damage|p1a: Dragapult|3/100 psn|[from] psn
|upkeep
|turn|10
|
|t:|1662969572
|move|p1a: Dragapult|Dragon Darts|p2a: Nidoking
|-damage|p2a: Nidoking|0 fnt
|faint|p2a: Nidoking
|-damage|p1a: Dragapult|0 fnt|[from] item: Life Orb
|faint|p1a: Dragapult
|
|upkeep
|
|t:|1662969590
|switch|p1a: Heatran|Heatran, M|100/100
|switch|p2a: Tyranitar|Tyranitar, F|100/100
|-weather|Sandstorm|[from] ability: Sand Stream|[of] p2a: Tyranitar
|turn|11
|
|t:|1662969601
|move|p1a: Heatran|Flash Cannon|p2a: Tyranitar
|-supereffective|p2a: Tyranitar
|-damage|p2a: Tyranitar|29/100
|move|p2a: Tyranitar|Stone Edge|p1a: Heatran
|-damage|p1a: Heatran|53/100
|
|-weather|Sandstorm|[upkeep]
|-heal|p1a: Heatran|59/100|[from] Grassy Terrain
|-heal|p2a: Tyranitar|35/100|[from] Grassy Terrain
|-heal|p2a: Tyranitar|41/100|[from] item: Leftovers
|upkeep
|turn|12
|
|t:|1662969613
|switch|p2a: Moltres|Moltres|92/100
|move|p1a: Heatran|Flash Cannon|p2a: Moltres
|-resisted|p2a: Moltres
|-damage|p2a: Moltres|55/100
|
|-weather|Sandstorm|[upkeep]
|-damage|p2a: Moltres|49/100|[from] Sandstorm
|-heal|p1a: Heatran|66/100|[from] Grassy Terrain
|-fieldend|move: Grassy Terrain
|upkeep
|turn|13
|
|t:|1662969627
|move|p1a: Heatran|Flash Cannon|p2a: Moltres
|-resisted|p2a: Moltres
|-damage|p2a: Moltres|15/100
|move|p2a: Moltres|Roost|p2a: Moltres
|-heal|p2a: Moltres|65/100
|-singleturn|p2a: Moltres|move: Roost
|
|-weather|Sandstorm|[upkeep]
|-damage|p2a: Moltres|59/100|[from] Sandstorm
|upkeep
|turn|14
|
|t:|1662969656
|move|p1a: Heatran|Flash Cannon|p2a: Moltres
|-resisted|p2a: Moltres
|-damage|p2a: Moltres|23/100
|move|p2a: Moltres|U-turn|p1a: Heatran
|-resisted|p1a: Heatran
|-damage|p1a: Heatran|62/100
|
|t:|1662969663
|switch|p2a: Kartana|Kartana|100/100|[from]move: U-turn
|
|-weather|Sandstorm|[upkeep]
|upkeep
|turn|15
|
|t:|1662969668
|move|p2a: Kartana|Sacred Sword|p1a: Heatran
|-supereffective|p1a: Heatran
|-damage|p1a: Heatran|0 fnt
|faint|p1a: Heatran
|-ability|p2a: Kartana|Beast Boost|boost
|-boost|p2a: Kartana|atk|1
|
|-weather|none
|upkeep
|
|t:|1662969670
|switch|p1a: Rillaboom|Rillaboom, M|88/100 psn
|-fieldstart|move: Grassy Terrain|[from] ability: Grassy Surge|[of] p1a: Rillaboom
|turn|16
|
|t:|1662969686
|move|p2a: Kartana|Sacred Sword|p1a: Rillaboom
|-damage|p1a: Rillaboom|22/100 psn
|move|p1a: Rillaboom|Superpower|p2a: Kartana
|-supereffective|p2a: Kartana
|-crit|p2a: Kartana
|-damage|p2a: Kartana|0 fnt
|-unboost|p1a: Rillaboom|atk|1
|-unboost|p1a: Rillaboom|def|1
|faint|p2a: Kartana
|
|-heal|p1a: Rillaboom|28/100 psn|[from] Grassy Terrain
|-damage|p1a: Rillaboom|15/100 psn|[from] psn
|upkeep
|
|t:|1662969704
|switch|p2a: Moltres|Moltres|23/100
|turn|17
|
|t:|1662969717
|move|p1a: Rillaboom|Knock Off|p2a: Moltres
|-damage|p2a: Moltres|7/100
|-enditem|p2a: Moltres|Heavy-Duty Boots|[from] move: Knock Off|[of] p1a: Rillaboom
|move|p2a: Moltres|Burn Up|p1a: Rillaboom
|-supereffective|p1a: Rillaboom
|-damage|p1a: Rillaboom|0 fnt
|-start|p2a: Moltres|typechange|???/Flying|[from] move: Burn Up
|faint|p1a: Rillaboom
|
|upkeep
|
|t:|1662969720
|switch|p1a: Bisharp|Bisharp, M|100/100
|turn|18
|
|t:|1662969732
|move|p1a: Bisharp|Swords Dance|p1a: Bisharp
|-boost|p1a: Bisharp|atk|2
|move|p2a: Moltres|U-turn|p1a: Bisharp
|-damage|p1a: Bisharp|82/100
|
|t:|1662969737
|switch|p2a: Rillaboom|Rillaboom, M|100/100|[from]move: U-turn
|
|-heal|p1a: Bisharp|88/100|[from] Grassy Terrain
|upkeep
|turn|19
|
|t:|1662969758
|move|p1a: Bisharp|Sucker Punch|p2a: Rillaboom
|-damage|p2a: Rillaboom|0 fnt
|faint|p2a: Rillaboom
|
|-heal|p1a: Bisharp|93/100|[from] Grassy Terrain
|upkeep
|
|t:|1662969763
|switch|p2a: Moltres|Moltres|7/100
|turn|20
|
|t:|1662969773
|move|p1a: Bisharp|Knock Off|p2a: Moltres
|-damage|p2a: Moltres|0 fnt
|-status|p1a: Bisharp|brn|[from] ability: Flame Body|[of] p2a: Moltres
|faint|p2a: Moltres
|
|-heal|p1a: Bisharp|99/100 brn|[from] Grassy Terrain
|-damage|p1a: Bisharp|93/100 brn|[from] brn
|upkeep
|
|t:|1662969789
|switch|p2a: Nihilego|Nihilego|100/100
|turn|21
|
|t:|1662969803
|move|p2a: Nihilego|Meteor Beam||[still]
|-prepare|p2a: Nihilego|Meteor Beam
|-boost|p2a: Nihilego|spa|1
|-enditem|p2a: Nihilego|Power Herb
|-anim|p2a: Nihilego|Meteor Beam|p1a: Bisharp
|-resisted|p1a: Bisharp
|-damage|p1a: Bisharp|23/100 brn
|move|p1a: Bisharp|Iron Head|p2a: Nihilego
|-supereffective|p2a: Nihilego
|-damage|p2a: Nihilego|0 fnt
|faint|p2a: Nihilego
|
|-heal|p1a: Bisharp|29/100 brn|[from] Grassy Terrain
|-damage|p1a: Bisharp|23/100 brn|[from] brn
|upkeep
|
|t:|1662969815
|switch|p2a: Tyranitar|Tyranitar, F|41/100
|-weather|Sandstorm|[from] ability: Sand Stream|[of] p2a: Tyranitar
|turn|22
|
|t:|1662969832
|move|p1a: Bisharp|Iron Head|p2a: Tyranitar
|-supereffective|p2a: Tyranitar
|-damage|p2a: Tyranitar|0 fnt
|faint|p2a: Tyranitar
|
|win|lol53
|raw|lol53's rating: 1539 &rarr; <strong>1559</strong><br />(+20 for winning)
|raw|yuwenzhao's rating: 1541 &rarr; <strong>1521</strong><br />(-20 for losing)
|l|☆yuwenzhao
|l| Sunday surfer
|l| Aphro mari
|l| AnJian
