|html|<div class="broadcast-blue"><strong>[Gen 8] OU is currently suspecting Melmetal! For information on how to participate check out the <a href="https://www.smogon.com/forums/threads/np-ss-ou-suspect-process-round-12-monster-mash.3709234/">suspect thread</a>.</strong></div>
|j|☆minimax_ai
|j|☆cump2
|t:|1666374267
|gametype|singles
|player|p1|minimax_ai|lusamine-nihilego|1523
|player|p2|cump2|schoolkid-gen4|1668
|teamsize|p1|6
|teamsize|p2|6
|gen|8
|tier|[Gen 8] OU
|rated|
|rule|Sleep Clause Mod: Limit one foe put to sleep
|rule|Species Clause: Limit one of each Pokémon
|rule|OHKO Clause: OHKO moves are banned
|rule|Evasion Items Clause: Evasion items are banned
|rule|Evasion Moves Clause: Evasion moves are banned
|rule|Endless Battle Clause: Forcing endless battles is banned
|rule|HP Percentage Mod: HP is shown in percentages
|rule|Dynamax Clause: You cannot dynamax
|clearpoke
|poke|p1|Rotom-Wash|
|poke|p1|Weavile, M|
|poke|p1|Landorus-Therian, M|
|poke|p1|Heatran, M|
|poke|p1|Tangrowth, F|
|poke|p1|Melmetal|
|poke|p2|Swampert, M|
|poke|p2|Mandibuzz, F|
|poke|p2|Rillaboom, M|
|poke|p2|Magnezone|
|poke|p2|Tapu Lele|
|poke|p2|Dragapult, F|
|teampreview
|c|☆minimax_ai|hf
|inactive|Battle timer is ON: inactive players will automatically lose when time's up. (requested by minimax_ai)
|
|t:|1666374272
|start
|switch|p1a: landorustherian|Landorus-Therian, M|100/100
|switch|p2a: Mandibuzz|Mandibuzz, F|100/100
|-ability|p1a: landorustherian|Intimidate|boost
|-unboost|p2a: Mandibuzz|atk|1
|turn|1
|
|t:|1666374273
|switch|p1a: Heatran|Heatran, M|100/100
|-item|p1a: Heatran|Air Balloon
|move|p2a: Mandibuzz|Foul Play|p1a: Heatran
|-damage|p1a: Heatran|72/100
|-enditem|p1a: Heatran|Air Balloon
|
|upkeep
|turn|2
|
|t:|1666374276
|switch|p2a: Swampert|Swampert, M|100/100
|move|p1a: Heatran|Stealth Rock|p2a: Swampert
|-sidestart|p2: cump2|move: Stealth Rock
|
|upkeep
|turn|3
|
|t:|1666374280
|switch|p1a: Tangrowth|Tangrowth, F|100/100
|move|p2a: Swampert|Toxic|p1a: Tangrowth
|-status|p1a: Tangrowth|tox
|
|-damage|p1a: Tangrowth|94/100 tox|[from] psn
|upkeep
|turn|4
|
|t:|1666374281
|switch|p2a: Mandibuzz|Mandibuzz, F|100/100
|move|p1a: Tangrowth|Giga Drain|p2a: Mandibuzz
|-resisted|p2a: Mandibuzz
|-damage|p2a: Mandibuzz|88/100
|-heal|p1a: Tangrowth|100/100 tox|[from] drain|[of] p2a: Mandibuzz
|
|-damage|p1a: Tangrowth|88/100 tox|[from] psn
|upkeep
|turn|5
|
|t:|1666374283
|switch|p1a: Melmetal|Melmetal|100/100
|move|p2a: Mandibuzz|Defog|p1a: Melmetal
|-unboost|p1a: Melmetal|evasion|1
|-sideend|p2: cump2|Stealth Rock|[from] move: Defog|[of] p2a: Mandibuzz
|
|upkeep
|turn|6
|
|t:|1666374289
|move|p2a: Mandibuzz|Foul Play|p1a: Melmetal
|-damage|p1a: Melmetal|70/100
|move|p1a: Melmetal|Ice Punch|p2a: Mandibuzz
|-supereffective|p2a: Mandibuzz
|-damage|p2a: Mandibuzz|46/100
|
|upkeep
|turn|7
|
|t:|1666374290
|move|p2a: Mandibuzz|Roost|p2a: Mandibuzz
|-heal|p2a: Mandibuzz|96/100
|-singleturn|p2a: Mandibuzz|move: Roost
|move|p1a: Melmetal|Ice Punch|p2a: Mandibuzz
|-damage|p2a: Mandibuzz|78/100
|
|upkeep
|turn|8
|
|t:|1666374292
|move|p2a: Mandibuzz|U-turn|p1a: Melmetal
|-resisted|p1a: Melmetal
|-damage|p1a: Melmetal|66/100
|
|t:|1666374293
|switch|p2a: Magnezone|Magnezone, shiny|100/100|[from]move: U-turn
|move|p1a: Melmetal|Ice Punch|p2a: Magnezone
|-resisted|p2a: Magnezone
|-damage|p2a: Magnezone|88/100
|-damage|p1a: Melmetal|50/100|[from] item: Rocky Helmet|[of] p2a: Magnezone
|
|upkeep
|turn|9
|
|t:|1666374295
|move|p2a: Magnezone|Magnet Rise|p2a: Magnezone
|-start|p2a: Magnezone|Magnet Rise
|move|p1a: Melmetal|Earthquake|p2a: Magnezone
|-immune|p2a: Magnezone
|
|upkeep
|turn|10
|
|t:|1666374296
|move|p2a: Magnezone|Iron Defense|p2a: Magnezone
|-boost|p2a: Magnezone|def|2
|move|p1a: Melmetal|Ice Punch|p2a: Magnezone
|-resisted|p2a: Magnezone
|-damage|p2a: Magnezone|82/100
|-damage|p1a: Melmetal|33/100|[from] item: Rocky Helmet|[of] p2a: Magnezone
|
|upkeep
|turn|11
|
|t:|1666374298
|move|p2a: Magnezone|Body Press|p1a: Melmetal
|-supereffective|p1a: Melmetal
|-damage|p1a: Melmetal|0 fnt
|faint|p1a: Melmetal
|
|upkeep
|
|t:|1666374298
|switch|p1a: Heatran|Heatran, M|72/100
|turn|12
|
|t:|1666374300
|switch|p2a: Swampert|Swampert, M|100/100
|move|p1a: Heatran|Magma Storm|p2a: Swampert
|-resisted|p2a: Swampert
|-damage|p2a: Swampert|84/100
|-activate|p2a: Swampert|move: Magma Storm|[of] p1a: Heatran
|
|-heal|p2a: Swampert|90/100|[from] item: Leftovers
|-damage|p2a: Swampert|78/100|[from] move: Magma Storm|[partiallytrapped]
|upkeep
|turn|13
|
|t:|1666374302
|switch|p1a: Tangrowth|Tangrowth, F|100/100 tox
|move|p2a: Swampert|Flip Turn|p1a: Tangrowth
|-resisted|p1a: Tangrowth
|-damage|p1a: Tangrowth|95/100 tox
|-damage|p2a: Swampert|61/100|[from] item: Rocky Helmet|[of] p1a: Tangrowth
|
|t:|1666374304
|switch|p2a: Rillaboom|Rillaboom, M|100/100|[from]move: Flip Turn
|-fieldstart|move: Grassy Terrain|[from] ability: Grassy Surge|[of] p2a: Rillaboom
|
|-heal|p1a: Tangrowth|100/100 tox|[from] Grassy Terrain
|-damage|p1a: Tangrowth|94/100 tox|[from] psn
|upkeep
|turn|14
|
|t:|1666374307
|move|p2a: Rillaboom|Knock Off|p1a: Tangrowth
|-damage|p1a: Tangrowth|64/100 tox
|-damage|p2a: Rillaboom|84/100|[from] item: Rocky Helmet|[of] p1a: Tangrowth
|-enditem|p1a: Tangrowth|Rocky Helmet|[from] move: Knock Off|[of] p2a: Rillaboom
|move|p1a: Tangrowth|Knock Off|p2a: Rillaboom
|-damage|p2a: Rillaboom|61/100
|-enditem|p2a: Rillaboom|Choice Band|[from] move: Knock Off|[of] p1a: Tangrowth
|
|-heal|p2a: Rillaboom|68/100|[from] Grassy Terrain
|-heal|p1a: Tangrowth|71/100 tox|[from] Grassy Terrain
|-damage|p1a: Tangrowth|58/100 tox|[from] psn
|upkeep
|turn|15
|
|t:|1666374310
|switch|p1a: landorustherian|Landorus-Therian, M|100/100
|-ability|p1a: landorustherian|Intimidate|boost
|-unboost|p2a: Rillaboom|atk|1
|move|p2a: Rillaboom|U-turn|p1a: landorustherian
|-resisted|p1a: landorustherian
|-damage|p1a: landorustherian|92/100
|
|t:|1666374314
|switch|p2a: Mandibuzz|Mandibuzz, F|78/100|[from]move: U-turn
|
|-heal|p1a: landorustherian|98/100|[from] item: Leftovers
|upkeep
|turn|16
|
|t:|1666374315
|move|p1a: landorustherian|U-turn|p2a: Mandibuzz
|-damage|p2a: Mandibuzz|64/100
|
|t:|1666374315
|switch|p1a: Heatran|Heatran, M|72/100|[from]move: U-turn
|move|p2a: Mandibuzz|Foul Play|p1a: Heatran
|-damage|p1a: Heatran|44/100
|
|-heal|p1a: Heatran|51/100|[from] Grassy Terrain
|upkeep
|turn|17
|
|t:|1666374317
|switch|p2a: Swampert|Swampert, M|61/100
|move|p1a: Heatran|Magma Storm|p2a: Swampert
|-resisted|p2a: Swampert
|-damage|p2a: Swampert|45/100
|-activate|p2a: Swampert|move: Magma Storm|[of] p1a: Heatran
|
|-heal|p1a: Heatran|57/100|[from] Grassy Terrain
|-heal|p2a: Swampert|51/100|[from] Grassy Terrain
|-heal|p2a: Swampert|57/100|[from] item: Leftovers
|-damage|p2a: Swampert|45/100|[from] move: Magma Storm|[partiallytrapped]
|-fieldend|move: Grassy Terrain
|upkeep
|turn|18
|
|t:|1666374319
|switch|p1a: landorustherian|Landorus-Therian, M|98/100
|-ability|p1a: landorustherian|Intimidate|boost
|-unboost|p2a: Swampert|atk|1
|move|p2a: Swampert|Stealth Rock|p1a: landorustherian
|-sidestart|p1: minimax_ai|move: Stealth Rock
|
|-heal|p1a: landorustherian|100/100|[from] item: Leftovers
|-heal|p2a: Swampert|51/100|[from] item: Leftovers
|-end|p2a: Swampert|Magma Storm|[partiallytrapped]|[silent]
|upkeep
|turn|19
|
|t:|1666374321
|switch|p2a: Mandibuzz|Mandibuzz, F|64/100
|move|p1a: landorustherian|Defog|p2a: Mandibuzz
|-unboost|p2a: Mandibuzz|evasion|1
|-sideend|p1: minimax_ai|Stealth Rock|[from] move: Defog|[of] p1a: landorustherian
|
|upkeep
|turn|20
|
|t:|1666374323
|move|p1a: landorustherian|Toxic|p2a: Mandibuzz
|-status|p2a: Mandibuzz|tox
|move|p2a: Mandibuzz|Roost|p2a: Mandibuzz
|-heal|p2a: Mandibuzz|100/100 tox
|-singleturn|p2a: Mandibuzz|move: Roost
|
|-damage|p2a: Mandibuzz|94/100 tox|[from] psn
|upkeep
|turn|21
|
|t:|1666374324
|move|p1a: landorustherian|U-turn|p2a: Mandibuzz
|-damage|p2a: Mandibuzz|80/100 tox
|
|t:|1666374324
|switch|p1a: Heatran|Heatran, M|57/100|[from]move: U-turn
|move|p2a: Mandibuzz|U-turn|p1a: Heatran
|-resisted|p1a: Heatran
|-damage|p1a: Heatran|54/100
|
|t:|1666374326
|switch|p2a: Swampert|Swampert, M|51/100|[from]move: U-turn
|
|-heal|p2a: Swampert|57/100|[from] item: Leftovers
|upkeep
|turn|22
|
|t:|1666374329
|switch|p1a: landorustherian|Landorus-Therian, M|100/100
|-ability|p1a: landorustherian|Intimidate|boost
|-unboost|p2a: Swampert|atk|1
|move|p2a: Swampert|Flip Turn|p1a: landorustherian
|-supereffective|p1a: landorustherian
|-damage|p1a: landorustherian|72/100
|
|t:|1666374332
|switch|p2a: Tapu Lele|Tapu Lele, shiny|100/100|[from]move: Flip Turn
|-fieldstart|move: Psychic Terrain|[from] ability: Psychic Surge|[of] p2a: Tapu Lele
|
|-heal|p1a: landorustherian|78/100|[from] item: Leftovers
|upkeep
|turn|23
|
|t:|1666374335
|switch|p1a: Heatran|Heatran, M|54/100
|move|p2a: Tapu Lele|Psyshock|p1a: Heatran
|-resisted|p1a: Heatran
|-damage|p1a: Heatran|11/100
|
|upkeep
|turn|24
|
|t:|1666374337
|switch|p1a: Tangrowth|Tangrowth, F|91/100 tox
|move|p2a: Tapu Lele|Psyshock|p1a: Tangrowth
|-damage|p1a: Tangrowth|49/100 tox
|
|-damage|p1a: Tangrowth|43/100 tox|[from] psn
|upkeep
|turn|25
|
|t:|1666374339
|switch|p1a: Weavile|Weavile, M|100/100
|-ability|p1a: Weavile|Pressure
|move|p2a: Tapu Lele|Psyshock|p1a: Weavile
|-immune|p1a: Weavile
|
|upkeep
|turn|26
|
|t:|1666374341
|switch|p2a: Magnezone|Magnezone, shiny|82/100
|move|p1a: Weavile|Triple Axel|p2a: Magnezone|[miss]
|-miss|p1a: Weavile|p2a: Magnezone
|
|-fieldend|move: Psychic Terrain
|upkeep
|turn|27
|
|t:|1666374343
|switch|p1a: rotomwash|Rotom-Wash|100/100
|move|p2a: Magnezone|Body Press|p1a: rotomwash
|-damage|p1a: rotomwash|69/100
|
|-heal|p1a: rotomwash|75/100|[from] item: Leftovers
|upkeep
|turn|28
|
|t:|1666374345
|switch|p2a: Rillaboom|Rillaboom, M|68/100
|-fieldstart|move: Grassy Terrain|[from] ability: Grassy Surge|[of] p2a: Rillaboom
|move|p1a: rotomwash|Thunderbolt|p2a: Rillaboom
|-resisted|p2a: Rillaboom
|-damage|p2a: Rillaboom|45/100
|
|-heal|p1a: rotomwash|82/100|[from] item: Leftovers
|-heal|p2a: Rillaboom|52/100|[from] Grassy Terrain
|upkeep
|turn|29
|
|t:|1666374348
|switch|p1a: Tangrowth|Tangrowth, F|76/100 tox
|move|p2a: Rillaboom|U-turn|p1a: Tangrowth
|-supereffective|p1a: Tangrowth
|-damage|p1a: Tangrowth|50/100 tox
|
|t:|1666374349
|switch|p2a: Tapu Lele|Tapu Lele, shiny|100/100|[from]move: U-turn
|-fieldstart|move: Psychic Terrain|[from] ability: Psychic Surge|[of] p2a: Tapu Lele
|
|-damage|p1a: Tangrowth|43/100 tox|[from] psn
|upkeep
|turn|30
|
|t:|1666374356
|switch|p1a: Heatran|Heatran, M|11/100
|move|p2a: Tapu Lele|Moonblast|p1a: Heatran
|-resisted|p1a: Heatran
|-damage|p1a: Heatran|0 fnt
|faint|p1a: Heatran
|
|upkeep
|
|t:|1666374356
|switch|p1a: Weavile|Weavile, M|100/100
|-ability|p1a: Weavile|Pressure
|turn|31
|
|t:|1666374358
|switch|p2a: Magnezone|Magnezone, shiny|82/100
|move|p1a: Weavile|Triple Axel|p2a: Magnezone
|-resisted|p2a: Magnezone
|-damage|p2a: Magnezone|76/100
|-damage|p1a: Weavile|84/100|[from] item: Rocky Helmet|[of] p2a: Magnezone
|-resisted|p2a: Magnezone
|-damage|p2a: Magnezone|65/100
|-damage|p1a: Weavile|68/100|[from] item: Rocky Helmet|[of] p2a: Magnezone
|-resisted|p2a: Magnezone
|-damage|p2a: Magnezone|51/100
|-damage|p1a: Weavile|51/100|[from] item: Rocky Helmet|[of] p2a: Magnezone
|-hitcount|p2a: Magnezone|3
|
|upkeep
|turn|32
|
|t:|1666374360
|switch|p1a: landorustherian|Landorus-Therian, M|78/100
|-ability|p1a: landorustherian|Intimidate|boost
|-unboost|p2a: Magnezone|atk|1
|move|p2a: Magnezone|Body Press|p1a: landorustherian
|-resisted|p1a: landorustherian
|-damage|p1a: landorustherian|65/100
|
|-heal|p1a: landorustherian|71/100|[from] item: Leftovers
|upkeep
|turn|33
|
|t:|1666374361
|switch|p2a: Mandibuzz|Mandibuzz, F|80/100 tox
|move|p1a: landorustherian|Defog|p2a: Mandibuzz
|-unboost|p2a: Mandibuzz|evasion|1
|-fieldend|move: Psychic Terrain
|
|-heal|p1a: landorustherian|77/100|[from] item: Leftovers
|-damage|p2a: Mandibuzz|74/100 tox|[from] psn
|upkeep
|turn|34
|
|t:|1666374363
|move|p1a: landorustherian|U-turn|p2a: Mandibuzz
|-damage|p2a: Mandibuzz|62/100 tox
|
|t:|1666374363
|switch|p1a: Tangrowth|Tangrowth, F|76/100 tox|[from]move: U-turn
|move|p2a: Mandibuzz|U-turn|p1a: Tangrowth
|-supereffective|p1a: Tangrowth
|-damage|p1a: Tangrowth|64/100 tox
|
|t:|1666374365
|switch|p2a: Tapu Lele|Tapu Lele, shiny|100/100|[from]move: U-turn
|-fieldstart|move: Psychic Terrain|[from] ability: Psychic Surge|[of] p2a: Tapu Lele
|
|-damage|p1a: Tangrowth|58/100 tox|[from] psn
|upkeep
|turn|35
|
|t:|1666374366
|switch|p1a: Weavile|Weavile, M|51/100
|-ability|p1a: Weavile|Pressure
|move|p2a: Tapu Lele|Moonblast|p1a: Weavile
|-supereffective|p1a: Weavile
|-damage|p1a: Weavile|0 fnt
|faint|p1a: Weavile
|
|upkeep
|
|t:|1666374366
|switch|p1a: landorustherian|Landorus-Therian, M|77/100
|-ability|p1a: landorustherian|Intimidate|boost
|-unboost|p2a: Tapu Lele|atk|1
|turn|36
|
|t:|1666374371
|switch|p2a: Magnezone|Magnezone, shiny|51/100
|move|p1a: landorustherian|Earthquake|p2a: Magnezone
|-supereffective|p2a: Magnezone
|-crit|p2a: Magnezone
|-damage|p2a: Magnezone|0 fnt
|faint|p2a: Magnezone
|
|-heal|p1a: landorustherian|83/100|[from] item: Leftovers
|upkeep
|
|t:|1666374373
|switch|p2a: Dragapult|Dragapult, F|100/100
|turn|37
|
|t:|1666374376
|move|p2a: Dragapult|Dragon Darts|p1a: landorustherian
|-damage|p1a: landorustherian|44/100
|-anim|p2a: Dragapult|Dragon Darts|p1a: landorustherian
|-damage|p1a: landorustherian|4/100
|move|p1a: landorustherian|Earthquake|p2a: Dragapult
|-crit|p2a: Dragapult
|-damage|p2a: Dragapult|0 fnt
|faint|p2a: Dragapult
|
|-heal|p1a: landorustherian|10/100|[from] item: Leftovers
|upkeep
|j| BabyPigsAreLaughin
|
|t:|1666374379
|switch|p2a: Tapu Lele|Tapu Lele, shiny|100/100
|turn|38
|
|t:|1666374380
|move|p2a: Tapu Lele|Moonblast|p1a: landorustherian
|-crit|p1a: landorustherian
|-damage|p1a: landorustherian|0 fnt
|faint|p1a: landorustherian
|
|-fieldend|move: Psychic Terrain
|upkeep
|
|t:|1666374380
|switch|p1a: rotomwash|Rotom-Wash|82/100
|turn|39
|
|t:|1666374382
|move|p2a: Tapu Lele|Moonblast|p1a: rotomwash
|-damage|p1a: rotomwash|0 fnt
|faint|p1a: rotomwash
|
|upkeep
|
|t:|1666374382
|switch|p1a: Tangrowth|Tangrowth, F|91/100 tox
|turn|40
|
|t:|1666374383
|move|p2a: Tapu Lele|Moonblast|p1a: Tangrowth
|-damage|p1a: Tangrowth|0 fnt
|faint|p1a: Tangrowth
|
|win|cump2
|raw|minimax_ai's rating: 1523 &rarr; <strong>1511</strong><br />(-12 for losing)
|raw|cump2's rating: 1668 &rarr; <strong>1680</strong><br />(+12 for winning)
|c|☆minimax_ai|gg
