|j|☆Oryen
|j|☆kearney39048
|inactive|Battle timer is ON: inactive players will automatically lose when time's up.
|t:|1655297019
|gametype|singles
|player|p1|Oryen|bruno-gen1|
|player|p2|kearney39048|unknown|
|teamsize|p1|6
|teamsize|p2|6
|gen|8
|tier|[Gen 8] OU
|rated|Tournament battle
|rule|Sleep Clause Mod: Limit one foe put to sleep
|rule|Species Clause: Limit one of each Pokémon
|rule|OHKO Clause: OHKO moves are banned
|rule|Evasion Moves Clause: Evasion moves are banned
|rule|Endless Battle Clause: Forcing endless battles is banned
|rule|HP Percentage Mod: HP is shown in percentages
|rule|Dynamax Clause: You cannot dynamax
|clearpoke
|poke|p1|Slowbro, M|
|poke|p1|Blacephalon|
|poke|p1|Landorus-Therian, M|
|poke|p1|Blissey, F|
|poke|p1|Buzzwole|
|poke|p1|Melmetal|
|poke|p2|Garchomp, M|
|poke|p2|Ferrothorn, F|
|poke|p2|Heatran, F|
|poke|p2|Zapdos|
|poke|p2|Tapu Fini|
|poke|p2|Weavile, F|
|teampreview
|j|*Lady Monita ☀
|j| Sundays.n_sundaes
|j| Salazzle to Rank1
|j|%Meister Siegfried
|j| Djeez
|j| Jojoash1
|c|☆Oryen|hf
|
|t:|1655297033
|start
|switch|p1a: Melmetal|Melmetal|100/100
|switch|p2a: Ferrothorn|Ferrothorn, F|100/100
|turn|1
|
|t:|1655297036
|move|p1a: Melmetal|Superpower|p2a: Ferrothorn
|-supereffective|p2a: Ferrothorn
|-crit|p2a: Ferrothorn
|-damage|p2a: Ferrothorn|0 fnt
|-unboost|p1a: Melmetal|atk|1
|-unboost|p1a: Melmetal|def|1
|-damage|p1a: Melmetal|88/100|[from] ability: Iron Barbs|[of] p2a: Ferrothorn
|-damage|p1a: Melmetal|71/100|[from] item: Rocky Helmet|[of] p2a: Ferrothorn
|faint|p2a: Ferrothorn
|
|upkeep
|c| Sundays.n_sundaes|Ooof
|l| Salazzle to Rank1
|c|☆kearney39048|rough
|
|t:|1655297062
|switch|p2a: Heatran|Heatran, F|100/100
|-item|p2a: Heatran|Air Balloon
|turn|2
|
|t:|1655297073
|switch|p1a: Slowbro|Slowbro, M|100/100
|move|p2a: Heatran|Magma Storm|p1a: Slowbro
|-resisted|p1a: Slowbro
|-damage|p1a: Slowbro|81/100
|-activate|p1a: Slowbro|move: Magma Storm|[of] p2a: Heatran
|
|-damage|p1a: Slowbro|69/100|[from] move: Magma Storm|[partiallytrapped]
|upkeep
|turn|3
|
|t:|1655297082
|switch|p2a: Tapu Fini|Tapu Fini|100/100
|-fieldstart|move: Misty Terrain|[from] ability: Misty Surge|[of] p2a: Tapu Fini
|move|p1a: Slowbro|Scald|p2a: Tapu Fini
|-resisted|p2a: Tapu Fini
|-damage|p2a: Tapu Fini|90/100
|
|-heal|p2a: Tapu Fini|96/100|[from] item: Leftovers
|-end|p1a: Slowbro|Magma Storm|[partiallytrapped]|[silent]
|upkeep
|turn|4
|
|t:|1655297086
|move|p2a: Tapu Fini|Whirlpool|p1a: Slowbro
|-resisted|p1a: Slowbro
|-damage|p1a: Slowbro|65/100
|-activate|p1a: Slowbro|move: Whirlpool|[of] p2a: Tapu Fini
|move|p1a: Slowbro|Teleport|p1a: Slowbro
|j| The Nyz
|
|t:|1655297090
|switch|p1a: Melmetal|Melmetal|71/100|[from]move: Teleport
|
|-heal|p2a: Tapu Fini|100/100|[from] item: Leftovers
|upkeep
|turn|5
|
|t:|1655297092
|switch|p2a: Zapdos|Zapdos|100/100
|move|p1a: Melmetal|Double Iron Bash|p2a: Zapdos
|-resisted|p2a: Zapdos
|-crit|p2a: Zapdos
|-damage|p2a: Zapdos|47/100
|-resisted|p2a: Zapdos
|-crit|p2a: Zapdos
|-damage|p2a: Zapdos|0 fnt
|faint|p2a: Zapdos
|-hitcount|p2: Zapdos|2
|
|upkeep
|c|☆kearney39048|oh
|c|☆kearney39048|ok
|c|☆kearney39048|i guess i lose
|c| Jojoash1|damn
|c| Jojoash1|double crit melmetal
|c|☆Oryen|mb
|c| Sundays.n_sundaes|Whoaaa
|
|t:|1655297120
|switch|p2a: Heatran|Heatran, F|100/100
|-item|p2a: Heatran|Air Balloon
|turn|6
|c| Sundays.n_sundaes|The melmetal is critlord
|
|t:|1655297129
|switch|p1a: Slowbro|Slowbro, M|99/100
|move|p2a: Heatran|Magma Storm|p1a: Slowbro
|-resisted|p1a: Slowbro
|-damage|p1a: Slowbro|80/100
|-activate|p1a: Slowbro|move: Magma Storm|[of] p2a: Heatran
|
|-damage|p1a: Slowbro|68/100|[from] move: Magma Storm|[partiallytrapped]
|upkeep
|turn|7
|j| Whozorz
|c|☆kearney39048|3 crits in a row
|
|t:|1655297136
|move|p2a: Heatran|Magma Storm|p1a: Slowbro
|-resisted|p1a: Slowbro
|-damage|p1a: Slowbro|48/100
|move|p1a: Slowbro|Teleport|p1a: Slowbro
|c| Sundays.n_sundaes|Ikr
|
|t:|1655297154
|switch|p1a: Landorus|Landorus-Therian, M|100/100|[from]move: Teleport
|-ability|p1a: Landorus|Intimidate|boost
|-unboost|p2a: Heatran|atk|1
|
|-fieldend|Misty Terrain
|upkeep
|turn|8
|
|t:|1655297160
|switch|p1a: Slowbro|Slowbro, M|82/100
|move|p2a: Heatran|Taunt|p1a: Slowbro
|-start|p1a: Slowbro|move: Taunt
|
|upkeep
|turn|9
|
|t:|1655297164
|move|p2a: Heatran|Magma Storm|p1a: Slowbro
|-resisted|p1a: Slowbro
|-damage|p1a: Slowbro|64/100
|-activate|p1a: Slowbro|move: Magma Storm|[of] p2a: Heatran
|move|p1a: Slowbro|Scald|p2a: Heatran
|-supereffective|p2a: Heatran
|-damage|p2a: Heatran|47/100
|-enditem|p2a: Heatran|Air Balloon
|
|-damage|p1a: Slowbro|52/100|[from] move: Magma Storm|[partiallytrapped]
|upkeep
|turn|10
|
|t:|1655297178
|switch|p2a: Weavile|Weavile, F|100/100
|-ability|p2a: Weavile|Pressure
|move|p1a: Slowbro|Future Sight|p2a: Weavile
|-start|p1a: Slowbro|move: Future Sight
|
|-end|p1a: Slowbro|Magma Storm|[partiallytrapped]|[silent]
|-end|p1a: Slowbro|move: Taunt
|upkeep
|turn|11
|l| Whozorz
|
|t:|1655297183
|switch|p1a: Buzzwole|Buzzwole|100/100
|move|p2a: Weavile|Knock Off|p1a: Buzzwole
|-resisted|p1a: Buzzwole
|-damage|p1a: Buzzwole|83/100
|-enditem|p1a: Buzzwole|Heavy-Duty Boots|[from] move: Knock Off|[of] p2a: Weavile
|
|upkeep
|turn|12
|
|t:|1655297186
|switch|p2a: Tapu Fini|Tapu Fini|100/100
|-fieldstart|move: Misty Terrain|[from] ability: Misty Surge|[of] p2a: Tapu Fini
|switch|p1a: Melmetal|Melmetal|71/100
|
|-end|p2a: Tapu Fini|move: Future Sight
|-damage|p2a: Tapu Fini|74/100
|-heal|p2a: Tapu Fini|80/100|[from] item: Leftovers
|upkeep
|turn|13
|
|t:|1655297193
|move|p2a: Tapu Fini|Whirlpool|p1a: Melmetal
|-damage|p1a: Melmetal|60/100
|-activate|p1a: Melmetal|move: Whirlpool|[of] p2a: Tapu Fini
|move|p1a: Melmetal|Double Iron Bash|p2a: Tapu Fini
|-damage|p2a: Tapu Fini|36/100
|-damage|p2a: Tapu Fini|0 fnt
|faint|p2a: Tapu Fini
|-hitcount|p2: Tapu Fini|2
|
|-end|p1a: Melmetal|Whirlpool|[partiallytrapped]|[silent]
|upkeep
|j| Ad.... 067 ツ
|
|t:|1655297199
|switch|p2a: Garchomp|Garchomp, M|100/100
|turn|14
|
|t:|1655297201
|move|p2a: Garchomp|Swords Dance|p2a: Garchomp
|-boost|p2a: Garchomp|atk|2
|move|p1a: Melmetal|Double Iron Bash|p2a: Garchomp
|-damage|p2a: Garchomp|30/100
|-damage|p1a: Melmetal|47/100|[from] ability: Rough Skin|[of] p2a: Garchomp
|-damage|p2a: Garchomp|0 fnt
|-damage|p1a: Melmetal|35/100|[from] ability: Rough Skin|[of] p2a: Garchomp
|faint|p2a: Garchomp
|-hitcount|p2: Garchomp|2
|
|upkeep
|c|☆kearney39048|ok
|-message|kearney39048 forfeited.
|
|win|Oryen
|n|☆Oryen|oryen
|n|☆kearney39048|kearney39048
|n|*Lady Monita ☀|ladymonita
|n| Sundays.n_sundaes|sundaysnsundaes
|n| Meister Siegfried|meistersiegfried
|n| Djeez|djeez
|n| Jojoash1|jojoash1
|n| The Nyz|thenyz
|n| Ad.... 067 ツ|ad067
