|html|<div class="broadcast-blue"><strong>[Gen 8] OU is currently suspecting Melmetal! For information on how to participate check out the <a href="https://www.smogon.com/forums/threads/np-ss-ou-suspect-process-round-12-monster-mash.3709234/">suspect thread</a>.</strong></div>
|j|☆greatalex
|j|‽minimax_ai
|t:|1666745709
|gametype|singles
|player|p1|greatalex|101|1566
|player|p2|minimax_ai|266|1633
|teamsize|p1|6
|teamsize|p2|6
|gen|8
|tier|[Gen 8] OU
|rated|
|rule|Sleep Clause Mod: Limit one foe put to sleep
|rule|Species Clause: Limit one of each Pokémon
|rule|OHKO Clause: OHKO moves are banned
|rule|Evasion Items Clause: Evasion items are banned
|rule|Evasion Moves Clause: Evasion moves are banned
|rule|Endless Battle Clause: Forcing endless battles is banned
|rule|HP Percentage Mod: HP is shown in percentages
|rule|Dynamax Clause: You cannot dynamax
|clearpoke
|poke|p1|Blissey, F|
|poke|p1|Hippowdon, M|
|poke|p1|Zapdos|
|poke|p1|Buzzwole|
|poke|p1|Slowking-Galar, F|
|poke|p1|Ferrothorn, M|
|poke|p2|Rotom-Wash|
|poke|p2|Weavile, M|
|poke|p2|Landorus-Therian, M|
|poke|p2|Heatran, M|
|poke|p2|Tangrowth, M|
|poke|p2|Melmetal|
|teampreview
|inactive|Battle timer is ON: inactive players will automatically lose when time's up. (requested by minimax_ai)
|
|t:|1666745740
|start
|switch|p1a: Buzzwole|Buzzwole|100/100
|switch|p2a: Heatran|Heatran, M|100/100
|-item|p2a: Heatran|Air Balloon
|turn|1
|j| KappaHalo
|j| podtastic1
|
|t:|1666745770
|switch|p2a: Tangrowth|Tangrowth, M|100/100
|switch|p1a: Blissey|Blissey, F|100/100
|
|upkeep
|turn|2
|
|t:|1666745783
|switch|p1a: Ferrothorn|Ferrothorn, M|100/100
|switch|p2a: Melmetal|Melmetal|100/100
|
|upkeep
|turn|3
|
|t:|1666745790
|switch|p2a: Heatran|Heatran, M|100/100
|-item|p2a: Heatran|Air Balloon
|move|p1a: Ferrothorn|Knock Off|p2a: Heatran
|-damage|p2a: Heatran|79/100
|-enditem|p2a: Heatran|Air Balloon
|
|upkeep
|turn|4
|inactive|greatalex has 120 seconds left.
|
|t:|1666745813
|switch|p1a: Zapdos|Zapdos|100/100
|move|p2a: Heatran|Stealth Rock|p1a: Zapdos
|-sidestart|p1: greatalex|move: Stealth Rock
|
|upkeep
|turn|5
|inactive|greatalex has 120 seconds left.
|
|t:|1666745826
|move|p2a: Heatran|Magma Storm|p1a: Zapdos
|-damage|p1a: Zapdos|48/100
|-activate|p1a: Zapdos|move: Magma Storm|[of] p2a: Heatran
|move|p1a: Zapdos|Volt Switch|p2a: Heatran
|-damage|p2a: Heatran|49/100
|inactive|greatalex has 120 seconds left.
|
|t:|1666745850
|switch|p1a: Blissey|Blissey, F|100/100|[from]move: Volt Switch
|
|upkeep
|turn|6
|
|t:|1666745858
|switch|p2a: Melmetal|Melmetal|100/100
|move|p1a: Blissey|Seismic Toss|p2a: Melmetal
|-damage|p2a: Melmetal|78/100
|
|upkeep
|turn|7
|
|t:|1666745868
|switch|p1a: Hippowdon|Hippowdon, M|100/100
|-damage|p1a: Hippowdon|94/100|[from] Stealth Rock
|-weather|Sandstorm|[from] ability: Sand Stream|[of] p1a: Hippowdon
|move|p2a: Melmetal|Double Iron Bash|p1a: Hippowdon
|-crit|p1a: Hippowdon
|-damage|p1a: Hippowdon|61/100
|-damage|p2a: Melmetal|61/100|[from] item: Rocky Helmet|[of] p1a: Hippowdon
|-damage|p1a: Hippowdon|39/100
|-damage|p2a: Melmetal|45/100|[from] item: Rocky Helmet|[of] p1a: Hippowdon
|-hitcount|p1a: Hippowdon|2
|
|-weather|Sandstorm|[upkeep]
|upkeep
|turn|8
|inactive|greatalex has 120 seconds left.
|
|t:|1666745883
|switch|p1a: Buzzwole|Buzzwole|100/100
|-damage|p1a: Buzzwole|88/100|[from] Stealth Rock
|switch|p2a: Rotom|Rotom-Wash|100/100
|
|-weather|Sandstorm|[upkeep]
|-damage|p2a: Rotom|94/100|[from] Sandstorm
|-damage|p1a: Buzzwole|82/100|[from] Sandstorm
|-heal|p2a: Rotom|100/100|[from] item: Leftovers
|upkeep
|turn|9
|inactive|greatalex has 120 seconds left.
|
|t:|1666745897
|switch|p1a: Slowking|Slowking-Galar, F|100/100
|-damage|p1a: Slowking|88/100|[from] Stealth Rock
|move|p2a: Rotom|Thunderbolt|p1a: Slowking
|-damage|p1a: Slowking|68/100
|
|-weather|Sandstorm|[upkeep]
|-damage|p2a: Rotom|94/100|[from] Sandstorm
|-damage|p1a: Slowking|62/100|[from] Sandstorm
|-heal|p2a: Rotom|100/100|[from] item: Leftovers
|upkeep
|turn|10
|inactive|greatalex has 120 seconds left.
|
|t:|1666745914
|move|p2a: Rotom|Thunderbolt|p1a: Slowking
|-damage|p1a: Slowking|42/100
|move|p1a: Slowking|Future Sight|p2a: Rotom
|-start|p1a: Slowking|move: Future Sight
|
|-weather|Sandstorm|[upkeep]
|-damage|p2a: Rotom|94/100|[from] Sandstorm
|-damage|p1a: Slowking|36/100|[from] Sandstorm
|-heal|p2a: Rotom|100/100|[from] item: Leftovers
|upkeep
|turn|11
|
|t:|1666745924
|switch|p2a: Heatran|Heatran, M|49/100
|move|p1a: Slowking|Sludge Bomb|p2a: Heatran
|-immune|p2a: Heatran
|
|-weather|none
|upkeep
|turn|12
|j| Jucak
|
|t:|1666745934
|switch|p1a: Blissey|Blissey, F|100/100
|move|p2a: Heatran|Magma Storm|p1a: Blissey
|-damage|p1a: Blissey|83/100
|-activate|p1a: Blissey|move: Magma Storm|[of] p2a: Heatran
|
|-end|p2a: Heatran|move: Future Sight
|-resisted|p2a: Heatran
|-damage|p2a: Heatran|18/100
|-damage|p1a: Blissey|70/100|[from] move: Magma Storm|[partiallytrapped]
|upkeep
|turn|13
|inactive|greatalex has 120 seconds left.
|
|t:|1666745946
|switch|p2a: Tangrowth|Tangrowth, M|100/100
|move|p1a: Blissey|Seismic Toss|p2a: Tangrowth
|-damage|p2a: Tangrowth|76/100
|-damage|p1a: Blissey|54/100|[from] item: Rocky Helmet|[of] p2a: Tangrowth
|
|-end|p1a: Blissey|Magma Storm|[partiallytrapped]|[silent]
|upkeep
|turn|14
|inactive|greatalex has 120 seconds left.
|
|t:|1666745955
|move|p1a: Blissey|Soft-Boiled|p1a: Blissey
|-heal|p1a: Blissey|100/100
|move|p2a: Tangrowth|Focus Blast|p1a: Blissey
|-supereffective|p1a: Blissey
|-damage|p1a: Blissey|82/100
|
|upkeep
|turn|15
|inactive|greatalex has 120 seconds left.
|
|t:|1666745967
|move|p1a: Blissey|Seismic Toss|p2a: Tangrowth
|-damage|p2a: Tangrowth|51/100
|-damage|p1a: Blissey|65/100|[from] item: Rocky Helmet|[of] p2a: Tangrowth
|move|p2a: Tangrowth|Sleep Powder|p1a: Blissey|[miss]
|-miss|p2a: Tangrowth|p1a: Blissey
|
|upkeep
|turn|16
|
|t:|1666745975
|move|p1a: Blissey|Soft-Boiled|p1a: Blissey
|-heal|p1a: Blissey|100/100
|move|p2a: Tangrowth|Sleep Powder|p1a: Blissey
|-status|p1a: Blissey|slp|[from] move: Sleep Powder
|
|upkeep
|turn|17
|
|t:|1666745988
|switch|p2a: Heatran|Heatran, M|18/100
|cant|p1a: Blissey|slp
|
|upkeep
|turn|18
|
|t:|1666745993
|move|p2a: Heatran|Magma Storm|p1a: Blissey
|-damage|p1a: Blissey|82/100 slp
|-activate|p1a: Blissey|move: Magma Storm|[of] p2a: Heatran
|-curestatus|p1a: Blissey|slp|[msg]
|move|p1a: Blissey|Seismic Toss|p2a: Heatran
|-damage|p2a: Heatran|0 fnt
|faint|p2a: Heatran
|
|-end|p1a: Blissey|Magma Storm|[partiallytrapped]|[silent]
|upkeep
|
|t:|1666745993
|switch|p2a: Weavile|Weavile, M|100/100
|-ability|p2a: Weavile|Pressure
|turn|19
|
|t:|1666746014
|switch|p1a: Buzzwole|Buzzwole|82/100
|-damage|p1a: Buzzwole|69/100|[from] Stealth Rock
|move|p2a: Weavile|Triple Axel|p1a: Buzzwole
|-damage|p1a: Buzzwole|62/100
|-damage|p2a: Weavile|84/100|[from] item: Rocky Helmet|[of] p1a: Buzzwole
|-damage|p1a: Buzzwole|49/100
|-damage|p2a: Weavile|68/100|[from] item: Rocky Helmet|[of] p1a: Buzzwole
|-damage|p1a: Buzzwole|26/100
|-damage|p2a: Weavile|51/100|[from] item: Rocky Helmet|[of] p1a: Buzzwole
|-hitcount|p1a: Buzzwole|3
|
|upkeep
|turn|20
|
|t:|1666746028
|move|p2a: Weavile|Triple Axel|p1a: Buzzwole
|-damage|p1a: Buzzwole|19/100
|-damage|p2a: Weavile|35/100|[from] item: Rocky Helmet|[of] p1a: Buzzwole
|-damage|p1a: Buzzwole|5/100
|-damage|p2a: Weavile|19/100|[from] item: Rocky Helmet|[of] p1a: Buzzwole
|-damage|p1a: Buzzwole|0 fnt
|-damage|p2a: Weavile|2/100|[from] item: Rocky Helmet|[of] p1a: Buzzwole
|faint|p1a: Buzzwole
|-hitcount|p1: Buzzwole|3
|
|upkeep
|inactive|greatalex has 120 seconds left.
|
|t:|1666746044
|switch|p1a: Ferrothorn|Ferrothorn, M|100/100
|-damage|p1a: Ferrothorn|94/100|[from] Stealth Rock
|turn|21
|inactive|greatalex has 120 seconds left.
|
|t:|1666746049
|switch|p2a: Tangrowth|Tangrowth, M|84/100
|move|p1a: Ferrothorn|Spikes|p2a: Tangrowth
|-sidestart|p2: minimax_ai|Spikes
|
|-heal|p1a: Ferrothorn|100/100|[from] item: Leftovers
|upkeep
|turn|22
|inactive|greatalex has 120 seconds left.
|
|t:|1666746061
|move|p1a: Ferrothorn|Protect|p1a: Ferrothorn
|-singleturn|p1a: Ferrothorn|Protect
|move|p2a: Tangrowth|Focus Blast|p1a: Ferrothorn
|-activate|p1a: Ferrothorn|move: Protect
|
|upkeep
|turn|23
|inactive|greatalex has 120 seconds left.
|
|t:|1666746076
|switch|p1a: Slowking|Slowking-Galar, F|70/100
|-damage|p1a: Slowking|57/100|[from] Stealth Rock
|move|p2a: Tangrowth|Focus Blast|p1a: Slowking
|-resisted|p1a: Slowking
|-damage|p1a: Slowking|53/100
|
|upkeep
|turn|24
|inactive|greatalex has 120 seconds left.
|
|t:|1666746091
|switch|p2a: Rotom|Rotom-Wash|100/100
|move|p1a: Slowking|Future Sight|p2a: Rotom
|-start|p1a: Slowking|move: Future Sight
|
|upkeep
|turn|25
|
|t:|1666746096
|switch|p2a: Weavile|Weavile, M|2/100
|-damage|p2a: Weavile|0 fnt|[from] Spikes
|faint|p2a: Weavile
|move|p1a: Slowking|Sludge Bomb|p2: Weavile|[notarget]
|-fail|p1a: Slowking
|
|upkeep
|
|t:|1666746096
|switch|p2a: Melmetal|Melmetal|45/100
|-damage|p2a: Melmetal|32/100|[from] Spikes
|turn|26
|inactive|greatalex has 120 seconds left.
|
|t:|1666746140
|switch|p1a: Hippowdon|Hippowdon, M|39/100
|-damage|p1a: Hippowdon|33/100|[from] Stealth Rock
|-weather|Sandstorm|[from] ability: Sand Stream|[of] p1a: Hippowdon
|move|p2a: Melmetal|Ice Punch|p1a: Hippowdon
|-supereffective|p1a: Hippowdon
|-crit|p1a: Hippowdon
|-damage|p1a: Hippowdon|0 fnt
|-damage|p2a: Melmetal|16/100|[from] item: Rocky Helmet|[of] p1a: Hippowdon
|faint|p1a: Hippowdon
|
|-weather|Sandstorm|[upkeep]
|-end|p2a: Melmetal|move: Future Sight
|-resisted|p2a: Melmetal
|-damage|p2a: Melmetal|0 fnt
|faint|p2a: Melmetal
|upkeep
|
|t:|1666746157
|switch|p1a: Slowking|Slowking-Galar, F|87/100
|switch|p2a: Landorus|Landorus-Therian, M|100/100
|-ability|p2a: Landorus|Intimidate|boost
|-unboost|p1a: Slowking|atk|1
|-damage|p1a: Slowking|74/100|[from] Stealth Rock
|turn|27
|
|t:|1666746168
|switch|p1a: Zapdos|Zapdos|48/100
|move|p2a: Landorus|Earthquake|p1a: Zapdos
|-immune|p1a: Zapdos
|
|-weather|Sandstorm|[upkeep]
|-damage|p1a: Zapdos|42/100|[from] Sandstorm
|upkeep
|turn|28
|
|t:|1666746178
|move|p1a: Zapdos|Roost|p1a: Zapdos
|-heal|p1a: Zapdos|92/100
|-singleturn|p1a: Zapdos|move: Roost
|move|p2a: Landorus|Toxic|p1a: Zapdos
|-status|p1a: Zapdos|tox
|
|-weather|Sandstorm|[upkeep]
|-damage|p1a: Zapdos|85/100 tox|[from] Sandstorm
|-damage|p1a: Zapdos|79/100 tox|[from] psn
|upkeep
|turn|29
|inactive|greatalex has 90 seconds left.
|
|t:|1666746199
|move|p1a: Zapdos|Defog|p2a: Landorus
|-unboost|p2a: Landorus|evasion|1
|-sideend|p2: minimax_ai|Spikes|[from] move: Defog|[of] p1a: Zapdos
|-sideend|p1: greatalex|Stealth Rock|[from] move: Defog|[of] p1a: Zapdos
|move|p2a: Landorus|Earthquake|p1a: Zapdos
|-immune|p1a: Zapdos
|
|-weather|Sandstorm|[upkeep]
|-damage|p1a: Zapdos|73/100 tox|[from] Sandstorm
|-damage|p1a: Zapdos|60/100 tox|[from] psn
|upkeep
|turn|30
|inactive|greatalex has 90 seconds left.
|
|t:|1666746214
|move|p1a: Zapdos|Heat Wave|p2a: Landorus
|-damage|p2a: Landorus|81/100
|move|p2a: Landorus|Earthquake|p1a: Zapdos
|-immune|p1a: Zapdos
|
|-weather|none
|-heal|p2a: Landorus|87/100|[from] item: Leftovers
|-damage|p1a: Zapdos|42/100 tox|[from] psn
|upkeep
|turn|31
|inactive|greatalex has 90 seconds left.
|
|t:|1666746225
|switch|p1a: Ferrothorn|Ferrothorn, M|100/100
|move|p2a: Landorus|Earthquake|p1a: Ferrothorn
|-damage|p1a: Ferrothorn|72/100
|
|-heal|p2a: Landorus|93/100|[from] item: Leftovers
|-heal|p1a: Ferrothorn|78/100|[from] item: Leftovers
|upkeep
|turn|32
|inactive|greatalex has 90 seconds left.
|
|t:|1666746235
|move|p2a: Landorus|Earthquake|p1a: Ferrothorn
|-crit|p1a: Ferrothorn
|-damage|p1a: Ferrothorn|41/100
|move|p1a: Ferrothorn|Knock Off|p2a: Landorus
|-damage|p2a: Landorus|73/100
|-enditem|p2a: Landorus|Leftovers|[from] move: Knock Off|[of] p1a: Ferrothorn
|
|-heal|p1a: Ferrothorn|47/100|[from] item: Leftovers
|upkeep
|turn|33
|inactive|greatalex has 90 seconds left.
|
|t:|1666746244
|move|p1a: Ferrothorn|Protect|p1a: Ferrothorn
|-singleturn|p1a: Ferrothorn|Protect
|move|p2a: Landorus|Earthquake|p1a: Ferrothorn
|-activate|p1a: Ferrothorn|move: Protect
|
|-heal|p1a: Ferrothorn|53/100|[from] item: Leftovers
|upkeep
|turn|34
|
|t:|1666746253
|move|p2a: Landorus|Earthquake|p1a: Ferrothorn
|-damage|p1a: Ferrothorn|27/100
|move|p1a: Ferrothorn|Leech Seed|p2a: Landorus
|-start|p2a: Landorus|move: Leech Seed
|
|-heal|p1a: Ferrothorn|34/100|[from] item: Leftovers
|-damage|p2a: Landorus|60/100|[from] Leech Seed|[of] p1a: Ferrothorn
|-heal|p1a: Ferrothorn|47/100|[silent]
|upkeep
|turn|35
|
|t:|1666746266
|switch|p2a: Rotom|Rotom-Wash|100/100
|move|p1a: Ferrothorn|Spikes|p2a: Rotom
|-sidestart|p2: minimax_ai|Spikes
|
|-heal|p1a: Ferrothorn|53/100|[from] item: Leftovers
|upkeep
|turn|36
|
|t:|1666746275
|move|p2a: Rotom|Thunderbolt|p1a: Ferrothorn
|-resisted|p1a: Ferrothorn
|-crit|p1a: Ferrothorn
|-damage|p1a: Ferrothorn|32/100
|-status|p1a: Ferrothorn|par
|move|p1a: Ferrothorn|Leech Seed|p2a: Rotom
|-start|p2a: Rotom|move: Leech Seed
|
|-heal|p1a: Ferrothorn|38/100 par|[from] item: Leftovers
|-damage|p2a: Rotom|88/100|[from] Leech Seed|[of] p1a: Ferrothorn
|-heal|p1a: Ferrothorn|49/100 par|[silent]
|upkeep
|turn|37
|
|t:|1666746287
|switch|p2a: Landorus|Landorus-Therian, M|60/100
|-ability|p2a: Landorus|Intimidate|boost
|-unboost|p1a: Ferrothorn|atk|1
|move|p1a: Ferrothorn|Knock Off|p2a: Landorus
|-damage|p2a: Landorus|51/100
|
|-heal|p1a: Ferrothorn|55/100 par|[from] item: Leftovers
|upkeep
|turn|38
|
|t:|1666746303
|move|p2a: Landorus|Defog|p1a: Ferrothorn
|-unboost|p1a: Ferrothorn|evasion|1
|-sideend|p2: minimax_ai|Spikes|[from] move: Defog|[of] p2a: Landorus
|cant|p1a: Ferrothorn|par
|
|-heal|p1a: Ferrothorn|62/100 par|[from] item: Leftovers
|upkeep
|turn|39
|
|t:|1666746311
|move|p2a: Landorus|Earthquake|p1a: Ferrothorn
|-damage|p1a: Ferrothorn|35/100 par
|move|p1a: Ferrothorn|Leech Seed|p2a: Landorus
|-start|p2a: Landorus|move: Leech Seed
|
|-heal|p1a: Ferrothorn|41/100 par|[from] item: Leftovers
|-damage|p2a: Landorus|38/100|[from] Leech Seed|[of] p1a: Ferrothorn
|-heal|p1a: Ferrothorn|54/100 par|[silent]
|upkeep
|turn|40
|
|t:|1666746328
|switch|p2a: Rotom|Rotom-Wash|88/100
|move|p1a: Ferrothorn|Spikes|p2a: Rotom
|-sidestart|p2: minimax_ai|Spikes
|
|-heal|p2a: Rotom|94/100|[from] item: Leftovers
|-heal|p1a: Ferrothorn|61/100 par|[from] item: Leftovers
|upkeep
|turn|41
|
|t:|1666746337
|move|p2a: Rotom|Hydro Pump|p1a: Ferrothorn
|-resisted|p1a: Ferrothorn
|-damage|p1a: Ferrothorn|42/100 par
|move|p1a: Ferrothorn|Knock Off|p2a: Rotom
|-damage|p2a: Rotom|79/100
|-enditem|p2a: Rotom|Leftovers|[from] move: Knock Off|[of] p1a: Ferrothorn
|
|-heal|p1a: Ferrothorn|48/100 par|[from] item: Leftovers
|upkeep
|turn|42
|
|t:|1666746348
|switch|p1a: Blissey|Blissey, F|82/100
|move|p2a: Rotom|Hydro Pump|p1a: Blissey|[miss]
|-miss|p2a: Rotom|p1a: Blissey
|
|upkeep
|turn|43
|
|t:|1666746355
|move|p2a: Rotom|Thunderbolt|p1a: Blissey
|-damage|p1a: Blissey|70/100
|move|p1a: Blissey|Aromatherapy|p1a: Blissey
|-activate|p1a: Blissey|move: Aromatherapy
|-curestatus|p1: Zapdos|tox|[msg]
|-curestatus|p1: Ferrothorn|par|[msg]
|
|upkeep
|turn|44
|
|t:|1666746363
|move|p2a: Rotom|Nasty Plot|p2a: Rotom
|-boost|p2a: Rotom|spa|2
|move|p1a: Blissey|Teleport|p1a: Blissey
|
|t:|1666746368
|switch|p1a: Slowking|Slowking-Galar, F|100/100|[from]move: Teleport
|
|upkeep
|turn|45
|inactive|greatalex has 120 seconds left.
|
|t:|1666746373
|move|p2a: Rotom|Hydro Pump|p1a: Slowking
|-damage|p1a: Slowking|56/100
|move|p1a: Slowking|Sludge Bomb|p2a: Rotom
|-damage|p2a: Rotom|27/100
|-status|p2a: Rotom|psn
|
|-damage|p2a: Rotom|15/100 psn|[from] psn
|upkeep
|turn|46
|inactive|greatalex has 120 seconds left.
|
|t:|1666746391
|move|p2a: Rotom|Pain Split|p1a: Slowking
|-sethp|p1a: Slowking|34/100|[from] move: Pain Split|[silent]
|-sethp|p2a: Rotom|44/100 psn|[from] move: Pain Split
|move|p1a: Slowking|Flamethrower|p2a: Rotom
|-resisted|p2a: Rotom
|-damage|p2a: Rotom|28/100 psn
|
|-damage|p2a: Rotom|16/100 psn|[from] psn
|upkeep
|turn|47
|inactive|greatalex has 120 seconds left.
|
|t:|1666746403
|switch|p1a: Zapdos|Zapdos|42/100
|move|p2a: Rotom|Pain Split|p1a: Zapdos
|-sethp|p1a: Zapdos|27/100|[from] move: Pain Split|[silent]
|-sethp|p2a: Rotom|34/100 psn|[from] move: Pain Split
|
|-damage|p2a: Rotom|22/100 psn|[from] psn
|upkeep
|turn|48
|inactive|greatalex has 120 seconds left.
|
|t:|1666746412
|move|p2a: Rotom|Pain Split|p1a: Zapdos
|-sethp|p1a: Zapdos|22/100|[from] move: Pain Split|[silent]
|-sethp|p2a: Rotom|28/100 psn|[from] move: Pain Split
|move|p1a: Zapdos|Volt Switch|p2a: Rotom
|-damage|p2a: Rotom|0 fnt
|faint|p2a: Rotom
|l| KappaHalo
|inactive|greatalex has 120 seconds left.
|
|t:|1666746424
|switch|p1a: Ferrothorn|Ferrothorn, M|48/100|[from]move: Volt Switch
|
|-heal|p1a: Ferrothorn|54/100|[from] item: Leftovers
|upkeep
|
|t:|1666746424
|switch|p2a: Landorus|Landorus-Therian, M|38/100
|-ability|p2a: Landorus|Intimidate|boost
|-unboost|p1a: Ferrothorn|atk|1
|turn|49
|inactive|greatalex has 120 seconds left.
|
|t:|1666746435
|move|p2a: Landorus|U-turn|p1a: Ferrothorn
|-damage|p1a: Ferrothorn|41/100
|-damage|p2a: Landorus|26/100|[from] ability: Iron Barbs|[of] p1a: Ferrothorn
|
|t:|1666746435
|switch|p2a: Tangrowth|Tangrowth, M|100/100|[from]move: U-turn
|-damage|p2a: Tangrowth|88/100|[from] Spikes
|move|p1a: Ferrothorn|Leech Seed|p2a: Tangrowth
|-immune|p2a: Tangrowth
|
|-heal|p1a: Ferrothorn|47/100|[from] item: Leftovers
|upkeep
|turn|50
|
|t:|1666746449
|move|p1a: Ferrothorn|Protect|p1a: Ferrothorn
|-singleturn|p1a: Ferrothorn|Protect
|move|p2a: Tangrowth|Knock Off|p1a: Ferrothorn
|-activate|p1a: Ferrothorn|move: Protect
|
|-heal|p1a: Ferrothorn|53/100|[from] item: Leftovers
|upkeep
|turn|51
|inactive|greatalex has 120 seconds left.
|
|t:|1666746468
|switch|p1a: Zapdos|Zapdos|22/100
|move|p2a: Tangrowth|Knock Off|p1a: Zapdos
|-damage|p1a: Zapdos|5/100
|-enditem|p1a: Zapdos|Heavy-Duty Boots|[from] move: Knock Off|[of] p2a: Tangrowth
|
|upkeep
|turn|52
|
|t:|1666746475
|move|p1a: Zapdos|Roost|p1a: Zapdos
|-heal|p1a: Zapdos|55/100
|-singleturn|p1a: Zapdos|move: Roost
|move|p2a: Tangrowth|Sleep Powder|p1a: Zapdos
|-status|p1a: Zapdos|slp|[from] move: Sleep Powder
|
|upkeep
|turn|53
|
|t:|1666746488
|switch|p1a: Blissey|Blissey, F|70/100
|switch|p2a: Landorus|Landorus-Therian, M|26/100
|-ability|p2a: Landorus|Intimidate|boost
|-unboost|p1a: Blissey|atk|1
|
|upkeep
|turn|54
|
|t:|1666746502
|switch|p1a: Ferrothorn|Ferrothorn, M|53/100
|move|p2a: Landorus|U-turn|p1a: Ferrothorn
|-damage|p1a: Ferrothorn|41/100
|-damage|p2a: Landorus|14/100|[from] ability: Iron Barbs|[of] p1a: Ferrothorn
|
|t:|1666746502
|switch|p2a: Tangrowth|Tangrowth, M|100/100|[from]move: U-turn
|-damage|p2a: Tangrowth|88/100|[from] Spikes
|
|-heal|p1a: Ferrothorn|47/100|[from] item: Leftovers
|upkeep
|turn|55
|
|t:|1666746517
|move|p1a: Ferrothorn|Protect|p1a: Ferrothorn
|-singleturn|p1a: Ferrothorn|Protect
|move|p2a: Tangrowth|Knock Off|p1a: Ferrothorn
|-activate|p1a: Ferrothorn|move: Protect
|
|-heal|p1a: Ferrothorn|53/100|[from] item: Leftovers
|upkeep
|turn|56
|
|t:|1666746536
|switch|p1a: Blissey|Blissey, F|70/100
|move|p2a: Tangrowth|Knock Off|p1a: Blissey
|-damage|p1a: Blissey|48/100
|-enditem|p1a: Blissey|Heavy-Duty Boots|[from] move: Knock Off|[of] p2a: Tangrowth
|
|upkeep
|turn|57
|
|t:|1666746544
|move|p1a: Blissey|Soft-Boiled|p1a: Blissey
|-heal|p1a: Blissey|98/100
|move|p2a: Tangrowth|Knock Off|p1a: Blissey
|-damage|p1a: Blissey|83/100
|
|upkeep
|turn|58
|
|t:|1666746553
|move|p2a: Tangrowth|Knock Off|p1a: Blissey
|-damage|p1a: Blissey|69/100
|move|p1a: Blissey|Teleport|p1a: Blissey
|
|t:|1666746557
|switch|p1a: Slowking|Slowking-Galar, F|67/100|[from]move: Teleport
|
|upkeep
|turn|59
|
|t:|1666746563
|switch|p2a: Landorus|Landorus-Therian, M|14/100
|-ability|p2a: Landorus|Intimidate|boost
|-unboost|p1a: Slowking|atk|1
|move|p1a: Slowking|Sludge Bomb|p2a: Landorus
|-resisted|p2a: Landorus
|-damage|p2a: Landorus|0 fnt
|faint|p2a: Landorus
|
|upkeep
|
|t:|1666746563
|switch|p2a: Tangrowth|Tangrowth, M|100/100
|-damage|p2a: Tangrowth|88/100|[from] Spikes
|turn|60
|
|t:|1666746582
|switch|p1a: Ferrothorn|Ferrothorn, M|53/100
|move|p2a: Tangrowth|Knock Off|p1a: Ferrothorn
|-damage|p1a: Ferrothorn|41/100
|-damage|p2a: Tangrowth|76/100|[from] ability: Iron Barbs|[of] p1a: Ferrothorn
|-enditem|p1a: Ferrothorn|Leftovers|[from] move: Knock Off|[of] p2a: Tangrowth
|
|upkeep
|turn|61
|
|t:|1666746590
|move|p2a: Tangrowth|Knock Off|p1a: Ferrothorn
|-damage|p1a: Ferrothorn|33/100
|-damage|p2a: Tangrowth|63/100|[from] ability: Iron Barbs|[of] p1a: Ferrothorn
|move|p1a: Ferrothorn|Knock Off|p2a: Tangrowth
|-damage|p2a: Tangrowth|53/100
|-damage|p1a: Ferrothorn|16/100|[from] item: Rocky Helmet|[of] p2a: Tangrowth
|-enditem|p2a: Tangrowth|Rocky Helmet|[from] move: Knock Off|[of] p1a: Ferrothorn
|
|upkeep
|turn|62
|
|t:|1666746600
|move|p2a: Tangrowth|Knock Off|p1a: Ferrothorn
|-damage|p1a: Ferrothorn|7/100
|-damage|p2a: Tangrowth|41/100|[from] ability: Iron Barbs|[of] p1a: Ferrothorn
|move|p1a: Ferrothorn|Knock Off|p2a: Tangrowth
|-damage|p2a: Tangrowth|32/100
|
|upkeep
|turn|63
|
|t:|1666746607
|move|p2a: Tangrowth|Knock Off|p1a: Ferrothorn
|-damage|p1a: Ferrothorn|0 fnt
|-damage|p2a: Tangrowth|20/100|[from] ability: Iron Barbs|[of] p1a: Ferrothorn
|faint|p1a: Ferrothorn
|
|upkeep
|
|t:|1666746613
|switch|p1a: Slowking|Slowking-Galar, F|100/100
|turn|64
|
|t:|1666746617
|move|p2a: Tangrowth|Knock Off|p1a: Slowking
|-supereffective|p1a: Slowking
|-damage|p1a: Slowking|52/100
|-enditem|p1a: Slowking|Assault Vest|[from] move: Knock Off|[of] p2a: Tangrowth
|move|p1a: Slowking|Sludge Bomb|p2a: Tangrowth
|-supereffective|p2a: Tangrowth
|-damage|p2a: Tangrowth|0 fnt
|faint|p2a: Tangrowth
|
|win|greatalex
|raw|greatalex's rating: 1566 &rarr; <strong>1590</strong><br />(+24 for winning)
|raw|minimax_ai's rating: 1633 &rarr; <strong>1609</strong><br />(-24 for losing)
|l|‽minimax_ai
|l| Jucak
||Ladder isn't responding, score probably updated but might not have (Request timeout).
