|j|☆Linfirmier
|j|☆JooshP
|t:|1650026875
|gametype|singles
|player|p1|Linfirmier|266|1620
|player|p2|JooshP|red|1729
|teamsize|p1|6
|teamsize|p2|6
|gen|8
|tier|[Gen 8] OU
|rated|
|rule|Sleep Clause Mod: Limit one foe put to sleep
|rule|Species Clause: Limit one of each Pokémon
|rule|OHKO Clause: OHKO moves are banned
|rule|Evasion Moves Clause: Evasion moves are banned
|rule|Endless Battle Clause: Forcing endless battles is banned
|rule|HP Percentage Mod: HP is shown in percentages
|rule|Dynamax Clause: You cannot dynamax
|clearpoke
|poke|p1|Bisharp, M|
|poke|p1|Zapdos|
|poke|p1|Keldeo-Resolute|
|poke|p1|Buzzwole|
|poke|p1|Excadrill, F|
|poke|p1|Nihilego|
|poke|p2|Moltres-Galar|
|poke|p2|Ferrothorn, M|
|poke|p2|Landorus-Therian, M|
|poke|p2|Tapu Fini|
|poke|p2|Zeraora|
|poke|p2|Kartana|
|teampreview
|
|t:|1650026888
|start
|switch|p1a: Nihilego|Nihilego|100/100
|switch|p2a: Zeraora|Zeraora|100/100
|turn|1
|
|t:|1650026897
|switch|p2a: Ferrothorn|Ferrothorn, M|100/100
|move|p1a: Nihilego|Sludge Wave|p2a: Ferrothorn
|-immune|p2a: Ferrothorn
|
|upkeep
|turn|2
|
|t:|1650026905
|switch|p1a: Buzzwole|Buzzwole|100/100
|move|p2a: Ferrothorn|Knock Off|p1a: Buzzwole
|-resisted|p1a: Buzzwole
|-damage|p1a: Buzzwole|94/100
|-enditem|p1a: Buzzwole|Leftovers|[from] move: Knock Off|[of] p2a: Ferrothorn
|
|upkeep
|turn|3
|
|t:|1650026913
|switch|p1a: Nihilego|Nihilego|100/100
|switch|p2a: Tapu Fini|Tapu Fini|100/100
|-fieldstart|move: Misty Terrain|[from] ability: Misty Surge|[of] p2a: Tapu Fini
|
|upkeep
|turn|4
|
|t:|1650026922
|switch|p2a: Ferrothorn|Ferrothorn, M|100/100
|move|p1a: Nihilego|Toxic Spikes|p2a: Ferrothorn
|-sidestart|p2: JooshP|move: Toxic Spikes
|
|upkeep
|turn|5
|
|t:|1650026935
|switch|p1a: Buzzwole|Buzzwole|94/100
|move|p2a: Ferrothorn|Spikes|p1a: Buzzwole
|-sidestart|p1: Linfirmier|Spikes
|
|upkeep
|turn|6
|
|t:|1650026968
|switch|p2a: Tapu Fini|Tapu Fini|100/100
|move|p1a: Buzzwole|Substitute|p1a: Buzzwole
|-start|p1a: Buzzwole|Substitute
|-damage|p1a: Buzzwole|69/100
|
|upkeep
|turn|7
|
|t:|1650026976
|move|p2a: Tapu Fini|Draining Kiss|p1a: Buzzwole
|-supereffective|p1a: Buzzwole
|-end|p1a: Buzzwole|Substitute
|move|p1a: Buzzwole|Leech Life|p2a: Tapu Fini
|-resisted|p2a: Tapu Fini
|-damage|p2a: Tapu Fini|83/100
|-heal|p1a: Buzzwole|76/100|[from] drain|[of] p2a: Tapu Fini
|
|-heal|p2a: Tapu Fini|89/100|[from] item: Leftovers
|-fieldend|Misty Terrain
|upkeep
|turn|8
|
|t:|1650026994
|switch|p1a: Excadrill|Excadrill, F|100/100
|-damage|p1a: Excadrill|88/100|[from] Spikes
|-ability|p1a: Excadrill|Mold Breaker
|move|p2a: Tapu Fini|Scald|p1a: Excadrill
|-supereffective|p1a: Excadrill
|-damage|p1a: Excadrill|20/100
|
|-heal|p2a: Tapu Fini|95/100|[from] item: Leftovers
|upkeep
|turn|9
|
|t:|1650027006
|move|p1a: Excadrill|Rapid Spin|p2a: Tapu Fini
|-crit|p2a: Tapu Fini
|-damage|p2a: Tapu Fini|76/100
|-boost|p1a: Excadrill|spe|1
|-sideend|p1: Linfirmier|Spikes|[from] move: Rapid Spin|[of] p1a: Excadrill
|move|p2a: Tapu Fini|Scald|p1a: Excadrill
|-supereffective|p1a: Excadrill
|-damage|p1a: Excadrill|0 fnt
|faint|p1a: Excadrill
|
|-heal|p2a: Tapu Fini|82/100|[from] item: Leftovers
|upkeep
|
|t:|1650027019
|switch|p1a: Nihilego|Nihilego|100/100
|turn|10
|j| 0SiegeWarfare
|
|t:|1650027025
|move|p1a: Nihilego|Power Gem|p2a: Tapu Fini
|-damage|p2a: Tapu Fini|51/100
|move|p2a: Tapu Fini|Scald|p1a: Nihilego
|-supereffective|p1a: Nihilego
|-crit|p1a: Nihilego
|-damage|p1a: Nihilego|35/100
|
|-heal|p2a: Tapu Fini|57/100|[from] item: Leftovers
|upkeep
|turn|11
|
|t:|1650027035
|switch|p2a: Ferrothorn|Ferrothorn, M|100/100
|move|p1a: Nihilego|Sludge Wave|p2a: Ferrothorn
|-immune|p2a: Ferrothorn
|
|upkeep
|turn|12
|
|t:|1650027043
|switch|p1a: Buzzwole|Buzzwole|76/100
|move|p2a: Ferrothorn|Leech Seed|p1a: Buzzwole
|-start|p1a: Buzzwole|move: Leech Seed
|
|-damage|p1a: Buzzwole|64/100|[from] Leech Seed|[of] p2a: Ferrothorn
|upkeep
|turn|13
|l| 0SiegeWarfare
|
|t:|1650027057
|switch|p1a: Zapdos|Zapdos|100/100
|move|p2a: Ferrothorn|Spikes|p1a: Zapdos
|-sidestart|p1: Linfirmier|Spikes
|
|upkeep
|turn|14
|
|t:|1650027067
|switch|p2a: Landorus|Landorus-Therian, M|100/100
|-ability|p2a: Landorus|Intimidate|boost
|-unboost|p1a: Zapdos|atk|1
|move|p1a: Zapdos|Heat Wave|p2a: Landorus
|-damage|p2a: Landorus|82/100
|
|-heal|p2a: Landorus|88/100|[from] item: Leftovers
|upkeep
|turn|15
|
|t:|1650027076
|move|p1a: Zapdos|Toxic|p2a: Landorus
|-status|p2a: Landorus|tox
|move|p2a: Landorus|Toxic|p1a: Zapdos|[miss]
|-miss|p2a: Landorus|p1a: Zapdos
|
|-heal|p2a: Landorus|94/100 tox|[from] item: Leftovers
|-damage|p2a: Landorus|88/100 tox|[from] psn
|upkeep
|turn|16
|
|t:|1650027095
|switch|p1a: Keldeo|Keldeo-Resolute|100/100
|-damage|p1a: Keldeo|88/100|[from] Spikes
|move|p2a: Landorus|Stealth Rock|p1a: Keldeo
|-sidestart|p1: Linfirmier|move: Stealth Rock
|
|-heal|p2a: Landorus|94/100 tox|[from] item: Leftovers
|-damage|p2a: Landorus|82/100 tox|[from] psn
|upkeep
|turn|17
|
|t:|1650027111
|move|p1a: Keldeo|Hydro Pump|p2a: Landorus
|-supereffective|p2a: Landorus
|-damage|p2a: Landorus|0 fnt
|faint|p2a: Landorus
|
|upkeep
|
|t:|1650027114
|switch|p2a: Zeraora|Zeraora|100/100
|turn|18
|
|t:|1650027121
|switch|p1a: Zapdos|Zapdos|100/100
|move|p2a: Zeraora|Plasma Fists|p1a: Zapdos
|-damage|p1a: Zapdos|66/100
|-fieldactivate|move: Ion Deluge
|-hint|Normal-type moves become Electric-type after using Plasma Fists.
|
|upkeep
|turn|19
|
|t:|1650027134
|switch|p2a: Kartana|Kartana|100/100
|move|p1a: Zapdos|Roost|p1a: Zapdos
|-heal|p1a: Zapdos|100/100
|-singleturn|p1a: Zapdos|move: Roost
|
|upkeep
|turn|20
|
|t:|1650027142
|move|p2a: Kartana|Knock Off|p1a: Zapdos
|-damage|p1a: Zapdos|52/100
|-enditem|p1a: Zapdos|Heavy-Duty Boots|[from] move: Knock Off|[of] p2a: Kartana
|move|p1a: Zapdos|Heat Wave|p2a: Kartana
|-supereffective|p2a: Kartana
|-damage|p2a: Kartana|0 fnt
|faint|p2a: Kartana
|
|upkeep
|
|t:|1650027153
|switch|p2a: Moltres|Moltres-Galar|100/100
|turn|21
|
|t:|1650027161
|move|p2a: Moltres|Nasty Plot|p2a: Moltres
|-boost|p2a: Moltres|spa|2
|move|p1a: Zapdos|Toxic|p2a: Moltres
|-status|p2a: Moltres|tox
|
|-damage|p2a: Moltres|94/100 tox|[from] psn
|upkeep
|turn|22
|
|t:|1650027177
|switch|p1a: Nihilego|Nihilego|35/100
|-damage|p1a: Nihilego|23/100|[from] Stealth Rock
|-damage|p1a: Nihilego|10/100|[from] Spikes
|move|p2a: Moltres|Fiery Wrath|p1a: Nihilego
|-damage|p1a: Nihilego|0 fnt
|faint|p1a: Nihilego
|
|-damage|p2a: Moltres|82/100 tox|[from] psn
|upkeep
|
|t:|1650027191
|switch|p1a: Keldeo|Keldeo-Resolute|88/100
|-damage|p1a: Keldeo|82/100|[from] Stealth Rock
|-damage|p1a: Keldeo|70/100|[from] Spikes
|turn|23
|
|t:|1650027214
|move|p1a: Keldeo|Secret Sword|p2a: Moltres
|-damage|p2a: Moltres|8/100 tox
|-ability|p2a: Moltres|Berserk|boost
|-boost|p2a: Moltres|spa|1
|move|p2a: Moltres|Fiery Wrath|p1a: Keldeo
|-resisted|p1a: Keldeo
|-damage|p1a: Keldeo|8/100
|-ability|p1a: Keldeo|Justified|boost
|-boost|p1a: Keldeo|atk|1
|
|-damage|p2a: Moltres|0 fnt|[from] psn
|faint|p2a: Moltres
|upkeep
|
|t:|1650027249
|switch|p2a: Tapu Fini|Tapu Fini|57/100
|-status|p2a: Tapu Fini|psn
|-fieldstart|move: Misty Terrain|[from] ability: Misty Surge|[of] p2a: Tapu Fini
|turn|24
|
|t:|1650027257
|move|p1a: Keldeo|Secret Sword|p2a: Tapu Fini
|-resisted|p2a: Tapu Fini
|-damage|p2a: Tapu Fini|31/100 psn
|move|p2a: Tapu Fini|Draining Kiss|p1a: Keldeo
|-supereffective|p1a: Keldeo
|-damage|p1a: Keldeo|0 fnt
|-heal|p2a: Tapu Fini|36/100 psn|[from] drain|[of] p1a: Keldeo
|faint|p1a: Keldeo
|
|-heal|p2a: Tapu Fini|42/100 psn|[from] item: Leftovers
|-damage|p2a: Tapu Fini|30/100 psn|[from] psn
|upkeep
|
|t:|1650027299
|switch|p1a: Bisharp|Bisharp, M|100/100
|-damage|p1a: Bisharp|88/100|[from] Spikes
|-damage|p1a: Bisharp|82/100|[from] Stealth Rock
|turn|25
|j| Sheikh_Kayaan
|
|t:|1650027305
|move|p2a: Tapu Fini|Draining Kiss|p1a: Bisharp
|-damage|p1a: Bisharp|55/100
|-heal|p2a: Tapu Fini|46/100 psn|[from] drain|[of] p1a: Bisharp
|move|p1a: Bisharp|Iron Head|p2a: Tapu Fini
|-damage|p2a: Tapu Fini|10/100 psn
|
|-heal|p2a: Tapu Fini|16/100 psn|[from] item: Leftovers
|-damage|p2a: Tapu Fini|4/100 psn|[from] psn
|upkeep
|turn|26
|
|t:|1650027318
|switch|p2a: Ferrothorn|Ferrothorn, M|100/100
|move|p1a: Bisharp|Swords Dance|p1a: Bisharp
|-boost|p1a: Bisharp|atk|2
|
|upkeep
|turn|27
|j| Hella Rare Pepe
|
|t:|1650027330
|move|p1a: Bisharp|Knock Off|p2a: Ferrothorn
|-damage|p2a: Ferrothorn|31/100
|-damage|p1a: Bisharp|43/100|[from] ability: Iron Barbs|[of] p2a: Ferrothorn
|-enditem|p2a: Ferrothorn|Leftovers|[from] move: Knock Off|[of] p1a: Bisharp
|move|p2a: Ferrothorn|Body Press|p1a: Bisharp
|-supereffective|p1a: Bisharp
|-damage|p1a: Bisharp|0 fnt
|faint|p1a: Bisharp
|
|upkeep
|
|t:|1650027343
|switch|p1a: Zapdos|Zapdos|52/100
|-damage|p1a: Zapdos|27/100|[from] Stealth Rock
|turn|28
|
|t:|1650027348
|move|p1a: Zapdos|Roost|p1a: Zapdos
|-heal|p1a: Zapdos|77/100
|-singleturn|p1a: Zapdos|move: Roost
|move|p2a: Ferrothorn|Leech Seed|p1a: Zapdos
|-start|p1a: Zapdos|move: Leech Seed
|
|-damage|p1a: Zapdos|64/100|[from] Leech Seed|[of] p2a: Ferrothorn
|-heal|p2a: Ferrothorn|45/100|[silent]
|-fieldend|Misty Terrain
|upkeep
|turn|29
|
|t:|1650027357
|switch|p2a: Tapu Fini|Tapu Fini|4/100 psn
|-fieldstart|move: Misty Terrain|[from] ability: Misty Surge|[of] p2a: Tapu Fini
|move|p1a: Zapdos|Roost|p1a: Zapdos
|-heal|p1a: Zapdos|100/100
|-singleturn|p1a: Zapdos|move: Roost
|
|-heal|p2a: Tapu Fini|10/100 psn|[from] item: Leftovers
|-damage|p1a: Zapdos|88/100|[from] Leech Seed|[of] p2a: Tapu Fini
|-heal|p2a: Tapu Fini|24/100 psn|[silent]
|-damage|p2a: Tapu Fini|12/100 psn|[from] psn
|upkeep
|turn|30
|j| supahotnicememe
|l| supahotnicememe
|
|t:|1650027374
|move|p2a: Tapu Fini|Taunt|p1a: Zapdos
|-start|p1a: Zapdos|move: Taunt
|move|p1a: Zapdos|Volt Switch|p2a: Tapu Fini
|-supereffective|p2a: Tapu Fini
|-damage|p2a: Tapu Fini|0 fnt
|faint|p2a: Tapu Fini
|
|t:|1650027382
|switch|p1a: Buzzwole|Buzzwole|64/100|[from]move: Volt Switch
|-damage|p1a: Buzzwole|51/100|[from] Stealth Rock
|-damage|p1a: Buzzwole|39/100|[from] Spikes
|
|upkeep
|
|t:|1650027386
|switch|p2a: Zeraora|Zeraora|100/100
|turn|31
|
|t:|1650027391
|move|p2a: Zeraora|Bulk Up|p2a: Zeraora
|-boost|p2a: Zeraora|atk|1
|-boost|p2a: Zeraora|def|1
|move|p1a: Buzzwole|Earthquake|p2a: Zeraora
|-supereffective|p2a: Zeraora
|-damage|p2a: Zeraora|27/100
|
|upkeep
|turn|32
|
|t:|1650027401
|move|p2a: Zeraora|Plasma Fists|p1a: Buzzwole
|-damage|p1a: Buzzwole|0 fnt
|-fieldactivate|move: Ion Deluge
|-hint|Normal-type moves become Electric-type after using Plasma Fists.
|faint|p1a: Buzzwole
|
|upkeep
|l| Hella Rare Pepe
|
|t:|1650027410
|switch|p1a: Zapdos|Zapdos|88/100
|-damage|p1a: Zapdos|63/100|[from] Stealth Rock
|turn|33
|
|t:|1650027420
|move|p2a: Zeraora|Plasma Fists|p1a: Zapdos
|-damage|p1a: Zapdos|13/100
|-fieldactivate|move: Ion Deluge
|-hint|Normal-type moves become Electric-type after using Plasma Fists.
|move|p1a: Zapdos|Heat Wave|p2a: Zeraora
|-damage|p2a: Zeraora|0 fnt
|faint|p2a: Zeraora
|
|-fieldend|Misty Terrain
|upkeep
|
|t:|1650027425
|switch|p2a: Ferrothorn|Ferrothorn, M|45/100
|turn|34
|c| Sheikh_Kayaan|gg
|c|☆JooshP|gg
|
|t:|1650027440
|move|p1a: Zapdos|Heat Wave|p2a: Ferrothorn|[miss]
|-miss|p1a: Zapdos|p2a: Ferrothorn
|move|p2a: Ferrothorn|Knock Off|p1a: Zapdos
|-damage|p1a: Zapdos|3/100
|
|upkeep
|turn|35
|
|t:|1650027446
|move|p1a: Zapdos|Heat Wave|p2a: Ferrothorn
|-supereffective|p2a: Ferrothorn
|-damage|p2a: Ferrothorn|0 fnt
|faint|p2a: Ferrothorn
|
|win|Linfirmier
|raw|Linfirmier's rating: 1620 &rarr; <strong>1646</strong><br />(+26 for winning)
|raw|JooshP's rating: 1729 &rarr; <strong>1703</strong><br />(-26 for losing)
|c|☆JooshP|why didnt you roost lol
|c| Sheikh_Kayaan|Omg
|c| Sheikh_Kayaan|I got a heart atk
|c|☆JooshP|could have lost
|c| Sheikh_Kayaan|This guy
|c| Sheikh_Kayaan|Yea
|c|☆Linfirmier|Gg
|c|☆JooshP|gg lool
|l| Sheikh_Kayaan
|l|☆JooshP
||Ladder isn't responding, score probably updated but might not have (Request timeout).
|l|☆Linfirmier
