|j|☆Archerdagoat
|j|☆Le-Perpetrator
|t:|1629494106
|gametype|singles
|player|p1|Archerdagoat|hoopster|1651
|player|p2|Le-Perpetrator|266|1922
|teamsize|p1|6
|teamsize|p2|6
|gen|8
|tier|[Gen 8] OU
|rated|
|rule|Sleep Clause Mod: Limit one foe put to sleep
|rule|Species Clause: Limit one of each Pokémon
|rule|OHKO Clause: OHKO moves are banned
|rule|Evasion Moves Clause: Evasion moves are banned
|rule|Endless Battle Clause: Forcing endless battles is banned
|rule|HP Percentage Mod: HP is shown in percentages
|rule|Dynamax Clause: You cannot dynamax
|clearpoke
|poke|p1|Dracozolt|
|poke|p1|Urshifu-*, F|
|poke|p1|Hippowdon, F|
|poke|p1|Clefable, M|
|poke|p1|Melmetal|
|poke|p1|Zapdos|
|poke|p2|Landorus-Therian, M|
|poke|p2|Blacephalon|
|poke|p2|Kyurem|
|poke|p2|Ferrothorn, F|
|poke|p2|Hatterene, F|
|poke|p2|Toxapex, M|
|teampreview
|inactive|Battle timer is ON: inactive players will automatically lose when time's up. (requested by Archerdagoat)
|inactive|Le-Perpetrator has 120 seconds left.
|inactive|Le-Perpetrator has 90 seconds left.
|
|t:|1629494176
|start
|switch|p1a: Method Man|Melmetal|100/100
|switch|p2a: Hatterene|Hatterene, F|100/100
|turn|1
|
|t:|1629494182
|switch|p2a: Toxapex|Toxapex, M|100/100
|move|p1a: Method Man|Ice Punch|p2a: Toxapex
|-resisted|p2a: Toxapex
|-damage|p2a: Toxapex|80/100
|
|-heal|p2a: Toxapex|86/100|[from] item: Black Sludge
|upkeep
|turn|2
|
|t:|1629494189
|move|p2a: Toxapex|Toxic Spikes|p1a: Method Man
|-sidestart|p1: Archerdagoat|move: Toxic Spikes
|move|p1a: Method Man|Ice Punch|p2a: Toxapex
|-resisted|p2a: Toxapex
|-damage|p2a: Toxapex|68/100
|
|-heal|p2a: Toxapex|74/100|[from] item: Black Sludge
|upkeep
|turn|3
|
|t:|1629494195
|switch|p1a: Zapdos|Zapdos|100/100
|move|p2a: Toxapex|Scald|p1a: Zapdos
|-damage|p1a: Zapdos|83/100
|
|-heal|p1a: Zapdos|90/100|[from] item: Leftovers
|-heal|p2a: Toxapex|80/100|[from] item: Black Sludge
|upkeep
|turn|4
|
|t:|1629494204
|switch|p2a: Kyurem|Kyurem|100/100
|-ability|p2a: Kyurem|Pressure
|move|p1a: Zapdos|Defog|p2a: Kyurem
|-unboost|p2a: Kyurem|evasion|1
|-sideend|p1: Archerdagoat|Toxic Spikes|[from] move: Defog|[of] p1a: Zapdos
|
|-heal|p1a: Zapdos|96/100|[from] item: Leftovers
|upkeep
|turn|5
|
|t:|1629494214
|switch|p1a: Inspectah Deck|Clefable, M|100/100
|move|p2a: Kyurem|Ice Beam|p1a: Inspectah Deck
|-damage|p1a: Inspectah Deck|36/100
|
|-heal|p1a: Inspectah Deck|42/100|[from] item: Leftovers
|upkeep
|turn|6
|j| RWaver
|
|t:|1629494221
|move|p1a: Inspectah Deck|Protect|p1a: Inspectah Deck
|-singleturn|p1a: Inspectah Deck|Protect
|move|p2a: Kyurem|Ice Beam|p1a: Inspectah Deck
|-activate|p1a: Inspectah Deck|move: Protect
|
|-heal|p1a: Inspectah Deck|48/100|[from] item: Leftovers
|upkeep
|turn|7
|l| RWaver
|
|t:|1629494228
|switch|p1a: Method Man|Melmetal|100/100
|move|p2a: Kyurem|Ice Beam|p1a: Method Man
|-resisted|p1a: Method Man
|-damage|p1a: Method Man|67/100
|
|upkeep
|turn|8
|
|t:|1629494234
|switch|p2a: Ferrothorn|Ferrothorn, F|100/100
|move|p1a: Method Man|Ice Punch|p2a: Ferrothorn
|-damage|p2a: Ferrothorn|65/100
|-damage|p1a: Method Man|54/100|[from] ability: Iron Barbs|[of] p2a: Ferrothorn
|-damage|p1a: Method Man|37/100|[from] item: Rocky Helmet|[of] p2a: Ferrothorn
|
|upkeep
|turn|9
|
|t:|1629494241
|switch|p1a: Urshifu|Urshifu-Rapid-Strike, F|100/100
|move|p2a: Ferrothorn|Stealth Rock|p1a: Urshifu
|-sidestart|p1: Archerdagoat|move: Stealth Rock
|
|upkeep
|turn|10
|
|t:|1629494248
|switch|p2a: Toxapex|Toxapex, M|100/100
|move|p1a: Urshifu|U-turn|p2a: Toxapex
|-resisted|p2a: Toxapex
|-damage|p2a: Toxapex|86/100
|
|t:|1629494252
|switch|p1a: Inspectah Deck|Clefable, M|48/100|[from]move: U-turn
|-damage|p1a: Inspectah Deck|35/100|[from] Stealth Rock
|
|-heal|p1a: Inspectah Deck|41/100|[from] item: Leftovers
|-heal|p2a: Toxapex|93/100|[from] item: Black Sludge
|upkeep
|turn|11
|
|t:|1629494261
|switch|p2a: Blacephalon|Blacephalon|100/100
|move|p1a: Inspectah Deck|Wish|p1a: Inspectah Deck
|
|-heal|p1a: Inspectah Deck|47/100|[from] item: Leftovers
|upkeep
|turn|12
|
|t:|1629494269
|move|p1a: Inspectah Deck|Protect|p1a: Inspectah Deck
|-singleturn|p1a: Inspectah Deck|Protect
|move|p2a: Blacephalon|Shadow Ball|p1a: Inspectah Deck
|-activate|p1a: Inspectah Deck|move: Protect
|
|-heal|p1a: Inspectah Deck|97/100|[from] move: Wish|[wisher] Inspectah Deck
|-heal|p1a: Inspectah Deck|100/100|[from] item: Leftovers
|upkeep
|turn|13
|
|t:|1629494278
|move|p2a: Blacephalon|Shadow Ball|p1a: Inspectah Deck
|-damage|p1a: Inspectah Deck|32/100
|-unboost|p1a: Inspectah Deck|spd|1
|move|p1a: Inspectah Deck|Wish|p1a: Inspectah Deck
|
|-heal|p1a: Inspectah Deck|38/100|[from] item: Leftovers
|upkeep
|turn|14
|
|t:|1629494284
|switch|p1a: Urshifu|Urshifu-Rapid-Strike, F|100/100
|-damage|p1a: Urshifu|94/100|[from] Stealth Rock
|move|p2a: Blacephalon|Shadow Ball|p1a: Urshifu
|-damage|p1a: Urshifu|0 fnt
|faint|p1a: Urshifu
|-ability|p2a: Blacephalon|Beast Boost|boost
|-boost|p2a: Blacephalon|spa|1
|
|upkeep
|
|t:|1629494289
|switch|p1a: Rza|Hippowdon, F|100/100
|-damage|p1a: Rza|94/100|[from] Stealth Rock
|-weather|Sandstorm|[from] ability: Sand Stream|[of] p1a: Rza
|turn|15
|
|t:|1629494299
|move|p2a: Blacephalon|Shadow Ball|p1a: Rza
|-damage|p1a: Rza|0 fnt
|faint|p1a: Rza
|-ability|p2a: Blacephalon|Beast Boost|boost
|-boost|p2a: Blacephalon|spa|1
|
|-weather|Sandstorm|[upkeep]
|-damage|p2a: Blacephalon|94/100|[from] Sandstorm
|upkeep
|
|t:|1629494303
|switch|p1a: Gza|Dracozolt|100/100
|-damage|p1a: Gza|88/100|[from] Stealth Rock
|turn|16
|
|t:|1629494310
|switch|p2a: Ferrothorn|Ferrothorn, F|65/100
|move|p1a: Gza|Dragon Claw|p2a: Ferrothorn
|-resisted|p2a: Ferrothorn
|-damage|p2a: Ferrothorn|50/100
|-damage|p1a: Gza|76/100|[from] ability: Iron Barbs|[of] p2a: Ferrothorn
|-damage|p1a: Gza|59/100|[from] item: Rocky Helmet|[of] p2a: Ferrothorn
|-damage|p1a: Gza|49/100|[from] item: Life Orb
|
|-weather|Sandstorm|[upkeep]
|upkeep
|turn|17
|
|t:|1629494328
|move|p1a: Gza|Fire Fang|p2a: Ferrothorn
|-supereffective|p2a: Ferrothorn
|-damage|p2a: Ferrothorn|0 fnt
|-damage|p1a: Gza|37/100|[from] ability: Iron Barbs|[of] p2a: Ferrothorn
|-damage|p1a: Gza|20/100|[from] item: Rocky Helmet|[of] p2a: Ferrothorn
|faint|p2a: Ferrothorn
|-damage|p1a: Gza|10/100|[from] item: Life Orb
|
|-weather|Sandstorm|[upkeep]
|upkeep
|
|t:|1629494337
|switch|p2a: Landorus|Landorus-Therian, M|100/100
|-ability|p2a: Landorus|Intimidate|boost
|-unboost|p1a: Gza|atk|1
|turn|18
|
|t:|1629494358
|move|p1a: Gza|Bolt Beak|p2a: Landorus
|-immune|p2a: Landorus
|move|p2a: Landorus|U-turn|p1a: Gza
|-crit|p1a: Gza
|-damage|p1a: Gza|0 fnt
|faint|p1a: Gza
|
|t:|1629494366
|switch|p2a: Blacephalon|Blacephalon|94/100|[from]move: U-turn
|
|-weather|Sandstorm|[upkeep]
|-damage|p2a: Blacephalon|88/100|[from] Sandstorm
|upkeep
|-message|Archerdagoat forfeited.
|
|win|Le-Perpetrator
|l|☆Archerdagoat
|raw|Archerdagoat's rating: 1623 &rarr; <strong>1617</strong><br />(-6 for losing)
|raw|Le-Perpetrator's rating: 1923 &rarr; <strong>1929</strong><br />(+6 for winning)
