|j|☆SAINE ZASSON
|j|☆iopkj09
|t:|1665156720
|gametype|singles
|player|p1|SAINE ZASSON|ethan-masters|1681
|player|p2|iopkj09|nate|1748
|teamsize|p1|6
|teamsize|p2|6
|gen|8
|tier|[Gen 8] OU
|rated|
|rule|Sleep Clause Mod: Limit one foe put to sleep
|rule|Species Clause: Limit one of each Pokémon
|rule|OHKO Clause: OHKO moves are banned
|rule|Evasion Items Clause: Evasion items are banned
|rule|Evasion Moves Clause: Evasion moves are banned
|rule|Endless Battle Clause: Forcing endless battles is banned
|rule|HP Percentage Mod: HP is shown in percentages
|rule|Dynamax Clause: You cannot dynamax
|clearpoke
|poke|p1|Rillaboom, F|
|poke|p1|Tornadus-Therian, M|
|poke|p1|Blaziken, M|
|poke|p1|Melmetal|
|poke|p1|Garchomp, F|
|poke|p1|Slowbro, M|
|poke|p2|Garchomp, M|
|poke|p2|Zapdos|
|poke|p2|Rillaboom, M|
|poke|p2|Tapu Lele|
|poke|p2|Volcanion|
|poke|p2|Weavile, F|
|teampreview
|inactive|Battle timer is ON: inactive players will automatically lose when time's up. (requested by iopkj09)
|
|t:|1665156735
|start
|switch|p1a: Garchomp|Garchomp, F|100/100
|switch|p2a: Zapdos|Zapdos, shiny|100/100
|turn|1
|
|t:|1665156737
|move|p2a: Zapdos|Hurricane|p1a: Garchomp
|-damage|p1a: Garchomp|63/100
|move|p1a: Garchomp|Toxic|p2a: Zapdos|[miss]
|-miss|p1a: Garchomp|p2a: Zapdos
|
|-heal|p1a: Garchomp|69/100|[from] item: Leftovers
|upkeep
|turn|2
|
|t:|1665156741
|move|p2a: Zapdos|Hurricane|p1a: Garchomp|[miss]
|-miss|p2a: Zapdos|p1a: Garchomp
|move|p1a: Garchomp|Toxic|p2a: Zapdos
|-status|p2a: Zapdos|tox
|
|-heal|p1a: Garchomp|76/100|[from] item: Leftovers
|-damage|p2a: Zapdos|94/100 tox|[from] psn
|upkeep
|turn|3
|
|t:|1665156744
|move|p1a: Garchomp|Protect|p1a: Garchomp
|-singleturn|p1a: Garchomp|Protect
|move|p2a: Zapdos|Hurricane|p1a: Garchomp
|-activate|p1a: Garchomp|move: Protect
|
|-heal|p1a: Garchomp|82/100|[from] item: Leftovers
|-damage|p2a: Zapdos|82/100 tox|[from] psn
|upkeep
|turn|4
|
|t:|1665156748
|move|p2a: Zapdos|Hurricane|p1a: Garchomp|[miss]
|-miss|p2a: Zapdos|p1a: Garchomp
|move|p1a: Garchomp|Stealth Rock|p2a: Zapdos
|-sidestart|p2: iopkj09|move: Stealth Rock
|
|-heal|p1a: Garchomp|88/100|[from] item: Leftovers
|-damage|p2a: Zapdos|63/100 tox|[from] psn
|upkeep
|turn|5
|
|t:|1665156751
|move|p1a: Garchomp|Protect|p1a: Garchomp
|-singleturn|p1a: Garchomp|Protect
|move|p2a: Zapdos|Hurricane|p1a: Garchomp
|-activate|p1a: Garchomp|move: Protect
|
|-heal|p1a: Garchomp|94/100|[from] item: Leftovers
|-damage|p2a: Zapdos|38/100 tox|[from] psn
|upkeep
|turn|6
|
|t:|1665156756
|move|p2a: Zapdos|Hurricane|p1a: Garchomp|[miss]
|-miss|p2a: Zapdos|p1a: Garchomp
|move|p1a: Garchomp|Earthquake|p2a: Zapdos
|-immune|p2a: Zapdos
|
|-heal|p1a: Garchomp|100/100|[from] item: Leftovers
|-damage|p2a: Zapdos|7/100 tox|[from] psn
|upkeep
|turn|7
|
|t:|1665156758
|move|p1a: Garchomp|Protect|p1a: Garchomp
|-singleturn|p1a: Garchomp|Protect
|move|p2a: Zapdos|Whirlwind|p1a: Garchomp
|drag|p1a: Blaziken|Blaziken, M|100/100
|
|-damage|p2a: Zapdos|0 fnt|[from] psn
|faint|p2a: Zapdos
|upkeep
|
|t:|1665156763
|switch|p2a: Volcanion|Volcanion|100/100
|-damage|p2a: Volcanion|75/100|[from] Stealth Rock
|turn|8
|
|t:|1665156768
|move|p1a: Blaziken|Protect|p1a: Blaziken
|-singleturn|p1a: Blaziken|Protect
|move|p2a: Volcanion|Steam Eruption|p1a: Blaziken
|-activate|p1a: Blaziken|move: Protect
|
|-ability|p1a: Blaziken|Speed Boost|boost
|-boost|p1a: Blaziken|spe|1
|upkeep
|turn|9
|
|t:|1665156775
|switch|p1a: Garchomp|Garchomp, F|100/100
|move|p2a: Volcanion|Steam Eruption|p1a: Garchomp
|-damage|p1a: Garchomp|67/100
|-status|p1a: Garchomp|brn
|
|-heal|p1a: Garchomp|73/100 brn|[from] item: Leftovers
|-damage|p1a: Garchomp|67/100 brn|[from] brn
|upkeep
|turn|10
|
|t:|1665156779
|move|p1a: Garchomp|Toxic|p2a: Volcanion
|-status|p2a: Volcanion|tox
|move|p2a: Volcanion|Steam Eruption|p1a: Garchomp
|-damage|p1a: Garchomp|33/100 brn
|
|-heal|p1a: Garchomp|39/100 brn|[from] item: Leftovers
|-damage|p2a: Volcanion|69/100 tox|[from] psn
|-damage|p1a: Garchomp|33/100 brn|[from] brn
|upkeep
|turn|11
|
|t:|1665156782
|switch|p2a: Weavile|Weavile, F|100/100
|-damage|p2a: Weavile|76/100|[from] Stealth Rock
|-ability|p2a: Weavile|Pressure
|move|p1a: Garchomp|Earthquake|p2a: Weavile
|-damage|p2a: Weavile|38/100
|
|-heal|p1a: Garchomp|39/100 brn|[from] item: Leftovers
|-damage|p1a: Garchomp|33/100 brn|[from] brn
|upkeep
|turn|12
|
|t:|1665156791
|move|p2a: Weavile|Swords Dance|p2a: Weavile
|-boost|p2a: Weavile|atk|2
|move|p1a: Garchomp|Earthquake|p2a: Weavile
|-damage|p2a: Weavile|2/100
|
|-heal|p1a: Garchomp|39/100 brn|[from] item: Leftovers
|-damage|p1a: Garchomp|33/100 brn|[from] brn
|upkeep
|turn|13
|
|t:|1665156795
|move|p2a: Weavile|Ice Shard|p1a: Garchomp
|-supereffective|p1a: Garchomp
|-damage|p1a: Garchomp|0 fnt
|faint|p1a: Garchomp
|
|upkeep
|
|t:|1665156819
|switch|p1a: Blaziken|Blaziken, M|100/100
|turn|14
|
|t:|1665156824
|move|p1a: Blaziken|Protect|p1a: Blaziken
|-singleturn|p1a: Blaziken|Protect
|move|p2a: Weavile|Swords Dance|p2a: Weavile
|-boost|p2a: Weavile|atk|2
|
|-ability|p1a: Blaziken|Speed Boost|boost
|-boost|p1a: Blaziken|spe|1
|upkeep
|turn|15
|
|t:|1665156827
|move|p2a: Weavile|Ice Shard|p1a: Blaziken
|-resisted|p1a: Blaziken
|-damage|p1a: Blaziken|60/100
|move|p1a: Blaziken|Close Combat|p2a: Weavile
|-supereffective|p2a: Weavile
|-damage|p2a: Weavile|0 fnt
|-unboost|p1a: Blaziken|def|1
|-unboost|p1a: Blaziken|spd|1
|faint|p2a: Weavile
|
|-heal|p1a: Blaziken|66/100|[from] item: Leftovers
|-ability|p1a: Blaziken|Speed Boost|boost
|-boost|p1a: Blaziken|spe|1
|upkeep
|
|t:|1665156835
|switch|p2a: Volcanion|Volcanion|69/100 tox
|-damage|p2a: Volcanion|44/100 tox|[from] Stealth Rock
|turn|16
|
|t:|1665156838
|move|p1a: Blaziken|Close Combat|p2a: Volcanion
|-damage|p2a: Volcanion|0 fnt
|-unboost|p1a: Blaziken|def|1
|-unboost|p1a: Blaziken|spd|1
|faint|p2a: Volcanion
|
|-heal|p1a: Blaziken|73/100|[from] item: Leftovers
|-ability|p1a: Blaziken|Speed Boost|boost
|-boost|p1a: Blaziken|spe|1
|upkeep
|
|t:|1665156841
|switch|p2a: Rillaboom|Rillaboom, M|100/100
|-damage|p2a: Rillaboom|88/100|[from] Stealth Rock
|-fieldstart|move: Grassy Terrain|[from] ability: Grassy Surge|[of] p2a: Rillaboom
|turn|17
|
|t:|1665156847
|switch|p1a: Tornadus|Tornadus-Therian, M|100/100
|switch|p2a: Tapu Lele|Tapu Lele|100/100
|-damage|p2a: Tapu Lele|88/100|[from] Stealth Rock
|-fieldstart|move: Psychic Terrain|[from] ability: Psychic Surge|[of] p2a: Tapu Lele
|
|upkeep
|turn|18
|
|t:|1665156850
|move|p1a: Tornadus|Knock Off|p2a: Tapu Lele
|-damage|p2a: Tapu Lele|58/100
|-enditem|p2a: Tapu Lele|Choice Specs|[from] move: Knock Off|[of] p1a: Tornadus
|move|p2a: Tapu Lele|Psychic|p1a: Tornadus
|-damage|p1a: Tornadus|38/100
|
|upkeep
|turn|19
|
|t:|1665156853
|move|p1a: Tornadus|U-turn|p2a: Tapu Lele
|-damage|p2a: Tapu Lele|34/100
|
|t:|1665156862
|switch|p1a: Melmetal|Melmetal|100/100|[from]move: U-turn
|move|p2a: Tapu Lele|Thunderbolt|p1a: Melmetal
|-damage|p1a: Melmetal|69/100
|-status|p1a: Melmetal|par
|
|-heal|p1a: Melmetal|75/100 par|[from] item: Leftovers
|upkeep
|turn|20
|
|t:|1665156866
|move|p2a: Tapu Lele|Psychic|p1a: Melmetal
|-resisted|p1a: Melmetal
|-damage|p1a: Melmetal|45/100 par
|move|p1a: Melmetal|Double Iron Bash|p2a: Tapu Lele
|-supereffective|p2a: Tapu Lele
|-damage|p2a: Tapu Lele|0 fnt
|faint|p2a: Tapu Lele
|-hitcount|p2: Tapu Lele|1
|
|-heal|p1a: Melmetal|51/100 par|[from] item: Leftovers
|upkeep
|
|t:|1665156869
|switch|p2a: Rillaboom|Rillaboom, M|88/100
|-damage|p2a: Rillaboom|76/100|[from] Stealth Rock
|-fieldstart|move: Grassy Terrain|[from] ability: Grassy Surge|[of] p2a: Rillaboom
|turn|21
|
|t:|1665156872
|move|p2a: Rillaboom|High Horsepower|p1a: Melmetal
|-supereffective|p1a: Melmetal
|-damage|p1a: Melmetal|0 fnt
|faint|p1a: Melmetal
|-damage|p2a: Rillaboom|66/100|[from] item: Life Orb
|
|-heal|p2a: Rillaboom|72/100|[from] Grassy Terrain
|upkeep
|
|t:|1665156883
|switch|p1a: Blaziken|Blaziken, M|73/100
|turn|22
|
|t:|1665156885
|move|p1a: Blaziken|Protect|p1a: Blaziken
|-singleturn|p1a: Blaziken|Protect
|move|p2a: Rillaboom|High Horsepower|p1a: Blaziken
|-activate|p1a: Blaziken|move: Protect
|
|-heal|p2a: Rillaboom|78/100|[from] Grassy Terrain
|-heal|p1a: Blaziken|79/100|[from] Grassy Terrain
|-heal|p1a: Blaziken|85/100|[from] item: Leftovers
|-ability|p1a: Blaziken|Speed Boost|boost
|-boost|p1a: Blaziken|spe|1
|upkeep
|turn|23
|
|t:|1665156890
|switch|p2a: Garchomp|Garchomp, M, shiny|100/100
|-damage|p2a: Garchomp|94/100|[from] Stealth Rock
|move|p1a: Blaziken|Flare Blitz|p2a: Garchomp
|-resisted|p2a: Garchomp
|-damage|p2a: Garchomp|60/100
|-damage|p1a: Blaziken|73/100|[from] ability: Rough Skin|[of] p2a: Garchomp
|-damage|p1a: Blaziken|60/100|[from] Recoil
|
|-heal|p2a: Garchomp|66/100|[from] Grassy Terrain
|-heal|p1a: Blaziken|67/100|[from] Grassy Terrain
|-heal|p1a: Blaziken|73/100|[from] item: Leftovers
|-ability|p1a: Blaziken|Speed Boost|boost
|-boost|p1a: Blaziken|spe|1
|upkeep
|turn|24
|
|t:|1665156895
|switch|p1a: Slowbro|Slowbro, M|100/100
|move|p2a: Garchomp|Outrage|p1a: Slowbro
|-damage|p1a: Slowbro|64/100
|-damage|p2a: Garchomp|50/100|[from] item: Rocky Helmet|[of] p1a: Slowbro
|
|-heal|p2a: Garchomp|56/100|[from] Grassy Terrain
|-heal|p1a: Slowbro|70/100|[from] Grassy Terrain
|upkeep
|turn|25
|-message|iopkj09 forfeited.
|
|win|SAINE ZASSON
|raw|SAINE ZASSON's rating: 1681 &rarr; <strong>1705</strong><br />(+24 for winning)
|raw|iopkj09's rating: 1748 &rarr; <strong>1724</strong><br />(-24 for losing)
|l|☆iopkj09
||Ladder isn't responding, score probably updated but might not have (Request timeout).
