|html|<div class="broadcast-blue"><strong>[Gen 8] OU is currently suspecting Melmetal! For information on how to participate check out the <a href="https://www.smogon.com/forums/threads/np-ss-ou-suspect-process-round-12-monster-mash.3709234/">suspect thread</a>.</strong></div>
|j|☆ThePerfectTeam
|j|☆HQSFun
|t:|1666267185
|gametype|singles
|player|p1|ThePerfectTeam|workerice|1582
|player|p2|HQSFun|veteranf|1798
|teamsize|p1|6
|teamsize|p2|6
|gen|8
|tier|[Gen 8] OU
|rated|
|rule|Sleep Clause Mod: Limit one foe put to sleep
|rule|Species Clause: Limit one of each Pokémon
|rule|OHKO Clause: OHKO moves are banned
|rule|Evasion Items Clause: Evasion items are banned
|rule|Evasion Moves Clause: Evasion moves are banned
|rule|Endless Battle Clause: Forcing endless battles is banned
|rule|HP Percentage Mod: HP is shown in percentages
|rule|Dynamax Clause: You cannot dynamax
|clearpoke
|poke|p1|Landorus-Therian, M|
|poke|p1|Vaporeon, F|
|poke|p1|Heatran, F|
|poke|p1|Scizor, M|
|poke|p1|Gengar, M|
|poke|p1|Latios, M|
|poke|p2|Dragapult, F|
|poke|p2|Weavile, M|
|poke|p2|Rillaboom, M|
|poke|p2|Nihilego|
|poke|p2|Garchomp, M|
|poke|p2|Celesteela|
|teampreview
|
|t:|1666267193
|start
|switch|p1a: Scizor|Scizor, M|100/100
|switch|p2a: Garchomp|Garchomp, M|100/100
|turn|1
|inactive|Battle timer is ON: inactive players will automatically lose when time's up. (requested by HQSFun)
|
|t:|1666267202
|move|p2a: Garchomp|Stealth Rock|p1a: Scizor
|-sidestart|p1: ThePerfectTeam|move: Stealth Rock
|move|p1a: Scizor|U-turn|p2a: Garchomp
|-damage|p2a: Garchomp|40/100
|-damage|p1a: Scizor|88/100|[from] ability: Rough Skin|[of] p2a: Garchomp
|
|t:|1666267208
|switch|p1a: Landorus|Landorus-Therian, M, shiny|100/100|[from]move: U-turn
|-damage|p1a: Landorus|88/100|[from] Stealth Rock
|-ability|p1a: Landorus|Intimidate|boost
|-unboost|p2a: Garchomp|atk|1
|
|-heal|p2a: Garchomp|46/100|[from] item: Leftovers
|-heal|p1a: Landorus|94/100|[from] item: Leftovers
|upkeep
|turn|2
|
|t:|1666267218
|move|p2a: Garchomp|Swords Dance|p2a: Garchomp
|-boost|p2a: Garchomp|atk|2
|move|p1a: Landorus|Stealth Rock|p2a: Garchomp
|-sidestart|p2: HQSFun|move: Stealth Rock
|
|-heal|p2a: Garchomp|52/100|[from] item: Leftovers
|-heal|p1a: Landorus|99/100|[from] item: Leftovers
|upkeep
|turn|3
|
|t:|1666267227
|move|p2a: Garchomp|Scale Shot|p1a: Landorus|[miss]
|-miss|p2a: Garchomp|p1a: Landorus
|move|p1a: Landorus|Toxic|p2a: Garchomp
|-status|p2a: Garchomp|tox
|
|-heal|p2a: Garchomp|58/100 tox|[from] item: Leftovers
|-heal|p1a: Landorus|100/100|[from] item: Leftovers
|-damage|p2a: Garchomp|52/100 tox|[from] psn
|upkeep
|turn|4
|
|t:|1666267238
|switch|p1a: Heatran|Heatran, F|100/100
|-damage|p1a: Heatran|88/100|[from] Stealth Rock
|move|p2a: Garchomp|Scale Shot|p1a: Heatran
|-resisted|p1a: Heatran
|-damage|p1a: Heatran|79/100
|-resisted|p1a: Heatran
|-damage|p1a: Heatran|71/100
|-resisted|p1a: Heatran
|-damage|p1a: Heatran|64/100
|-hitcount|p1a: Heatran|3
|-unboost|p2a: Garchomp|def|1
|-boost|p2a: Garchomp|spe|1
|
|-heal|p2a: Garchomp|58/100 tox|[from] item: Leftovers
|-heal|p1a: Heatran|70/100|[from] item: Leftovers
|-damage|p2a: Garchomp|46/100 tox|[from] psn
|upkeep
|turn|5
|
|t:|1666267255
|move|p1a: Heatran|Protect|p1a: Heatran
|-singleturn|p1a: Heatran|Protect
|move|p2a: Garchomp|Scale Shot|p1a: Heatran
|-activate|p1a: Heatran|move: Protect
|
|-heal|p2a: Garchomp|52/100 tox|[from] item: Leftovers
|-heal|p1a: Heatran|76/100|[from] item: Leftovers
|-damage|p2a: Garchomp|34/100 tox|[from] psn
|upkeep
|turn|6
|
|t:|1666267266
|switch|p1a: Landorus|Landorus-Therian, M, shiny|100/100
|-damage|p1a: Landorus|88/100|[from] Stealth Rock
|-ability|p1a: Landorus|Intimidate|boost
|-unboost|p2a: Garchomp|atk|1
|move|p2a: Garchomp|Scale Shot|p1a: Landorus
|-damage|p1a: Landorus|76/100
|-damage|p1a: Landorus|63/100
|-damage|p1a: Landorus|51/100
|-damage|p1a: Landorus|38/100
|-damage|p1a: Landorus|25/100
|-hitcount|p1a: Landorus|5
|-unboost|p2a: Garchomp|def|1
|-boost|p2a: Garchomp|spe|1
|
|-heal|p2a: Garchomp|40/100 tox|[from] item: Leftovers
|-heal|p1a: Landorus|31/100|[from] item: Leftovers
|-damage|p2a: Garchomp|15/100 tox|[from] psn
|upkeep
|turn|7
|
|t:|1666267285
|move|p2a: Garchomp|Earthquake|p1a: Landorus
|-immune|p1a: Landorus
|move|p1a: Landorus|U-turn|p2a: Garchomp
|-damage|p2a: Garchomp|0 fnt
|-damage|p1a: Landorus|19/100|[from] ability: Rough Skin|[of] p2a: Garchomp
|faint|p2a: Garchomp
|
|t:|1666267293
|switch|p1a: Scizor|Scizor, M|88/100|[from]move: U-turn
|-damage|p1a: Scizor|75/100|[from] Stealth Rock
|
|upkeep
|
|t:|1666267296
|switch|p2a: Celesteela|Celesteela|100/100
|-damage|p2a: Celesteela|88/100|[from] Stealth Rock
|turn|8
|
|t:|1666267303
|move|p2a: Celesteela|Meteor Beam||[still]
|-prepare|p2a: Celesteela|Meteor Beam
|-boost|p2a: Celesteela|spa|1
|-enditem|p2a: Celesteela|Power Herb
|-anim|p2a: Celesteela|Meteor Beam|p1a: Scizor
|-damage|p1a: Scizor|4/100
|move|p1a: Scizor|U-turn|p2a: Celesteela
|-resisted|p2a: Celesteela
|-damage|p2a: Celesteela|74/100
|
|t:|1666267313
|switch|p1a: Heatran|Heatran, F|76/100|[from]move: U-turn
|-damage|p1a: Heatran|64/100|[from] Stealth Rock
|
|-heal|p1a: Heatran|70/100|[from] item: Leftovers
|upkeep
|turn|9
|
|t:|1666267320
|move|p2a: Celesteela|Meteor Beam||[still]
|-prepare|p2a: Celesteela|Meteor Beam
|-boost|p2a: Celesteela|spa|1
|move|p1a: Heatran|Magma Storm|p2a: Celesteela
|-supereffective|p2a: Celesteela
|-damage|p2a: Celesteela|0 fnt
|faint|p2a: Celesteela
|
|-heal|p1a: Heatran|76/100|[from] item: Leftovers
|upkeep
|
|t:|1666267330
|switch|p2a: Weavile|Weavile, M|100/100
|-damage|p2a: Weavile|76/100|[from] Stealth Rock
|-ability|p2a: Weavile|Pressure
|turn|10
|
|t:|1666267344
|move|p2a: Weavile|Low Kick|p1a: Heatran
|-supereffective|p1a: Heatran
|-damage|p1a: Heatran|0 fnt
|faint|p1a: Heatran
|-damage|p2a: Weavile|66/100|[from] item: Life Orb
|
|upkeep
|
|t:|1666267360
|switch|p1a: Vaporeon|Vaporeon, F|100/100
|-damage|p1a: Vaporeon|88/100|[from] Stealth Rock
|turn|11
|
|t:|1666267365
|move|p2a: Weavile|Swords Dance|p2a: Weavile
|-boost|p2a: Weavile|atk|2
|move|p1a: Vaporeon|Flip Turn|p2a: Weavile
|-damage|p2a: Weavile|42/100
|
|t:|1666267371
|switch|p1a: Gengar|Gengar, M|100/100|[from]move: Flip Turn
|-damage|p1a: Gengar|88/100|[from] Stealth Rock
|
|upkeep
|turn|12
|
|t:|1666267377
|move|p2a: Weavile|Ice Shard|p1a: Gengar
|-damage|p1a: Gengar|0 fnt
|faint|p1a: Gengar
|-damage|p2a: Weavile|32/100|[from] item: Life Orb
|
|upkeep
|
|t:|1666267383
|switch|p1a: Vaporeon|Vaporeon, F|88/100
|-damage|p1a: Vaporeon|75/100|[from] Stealth Rock
|turn|13
|
|t:|1666267388
|move|p2a: Weavile|Knock Off|p1a: Vaporeon
|-damage|p1a: Vaporeon|0 fnt
|-enditem|p1a: Vaporeon|Leftovers|[from] move: Knock Off|[of] p2a: Weavile
|faint|p1a: Vaporeon
|-damage|p2a: Weavile|22/100|[from] item: Life Orb
|
|upkeep
|
|t:|1666267398
|switch|p1a: Latios|Latios, M|100/100
|-damage|p1a: Latios|88/100|[from] Stealth Rock
|turn|14
|-message|ThePerfectTeam forfeited.
|
|win|HQSFun
|raw|ThePerfectTeam's rating: 1582 &rarr; <strong>1573</strong><br />(-9 for losing)
|raw|HQSFun's rating: 1798 &rarr; <strong>1807</strong><br />(+9 for winning)
|l|☆ThePerfectTeam
