|j|☆8balljacketguy
|j|☆minimax_ai
|t:|1662094133
|gametype|singles
|player|p1|8balljacketguy|red|1531
|player|p2|minimax_ai|lusamine-nihilego|1468
|teamsize|p1|6
|teamsize|p2|6
|gen|8
|tier|[Gen 8] OU
|rated|
|rule|Sleep Clause Mod: Limit one foe put to sleep
|rule|Species Clause: Limit one of each Pokémon
|rule|OHKO Clause: OHKO moves are banned
|rule|Evasion Items Clause: Evasion items are banned
|rule|Evasion Moves Clause: Evasion moves are banned
|rule|Endless Battle Clause: Forcing endless battles is banned
|rule|HP Percentage Mod: HP is shown in percentages
|rule|Dynamax Clause: You cannot dynamax
|clearpoke
|poke|p1|Registeel|
|poke|p1|Rillaboom, M|
|poke|p1|Alakazam, M|
|poke|p1|Mew|
|poke|p1|Volcarona, F|
|poke|p1|Mamoswine, M|
|poke|p2|Rotom-Wash|
|poke|p2|Weavile, F|
|poke|p2|Landorus-Therian, M|
|poke|p2|Heatran, M|
|poke|p2|Tangrowth, F|
|poke|p2|Melmetal|
|teampreview
|inactive|Battle timer is ON: inactive players will automatically lose when time's up. (requested by 8balljacketguy)
|c|☆minimax_ai|hf
|inactive|minimax_ai also wants the timer to be on.
|
|t:|1662094145
|start
|switch|p1a: Mamoswine|Mamoswine, M|100/100
|switch|p2a: Heatran|Heatran, M|100/100
|-item|p2a: Heatran|Air Balloon
|turn|1
|
|t:|1662094154
|move|p1a: Mamoswine|Stealth Rock|p2a: Heatran
|-sidestart|p2: minimax_ai|move: Stealth Rock
|move|p2a: Heatran|Eruption|p1a: Mamoswine
|-supereffective|p1a: Mamoswine
|-enditem|p1a: Mamoswine|Focus Sash
|-damage|p1a: Mamoswine|1/100
|
|upkeep
|turn|2
|
|t:|1662094156
|move|p1a: Mamoswine|Endeavor|p2a: Heatran
|-damage|p2a: Heatran|1/100
|-enditem|p2a: Heatran|Air Balloon
|move|p2a: Heatran|Eruption|p1a: Mamoswine
|-supereffective|p1a: Mamoswine
|-damage|p1a: Mamoswine|0 fnt
|faint|p1a: Mamoswine
|
|upkeep
|
|t:|1662094161
|switch|p1a: Rillaboom|Rillaboom, M|100/100
|-fieldstart|move: Grassy Terrain|[from] ability: Grassy Surge|[of] p1a: Rillaboom
|turn|3
|
|t:|1662094163
|move|p1a: Rillaboom|U-turn|p2a: Heatran
|-resisted|p2a: Heatran
|-damage|p2a: Heatran|0 fnt
|faint|p2a: Heatran
|
|t:|1662094168
|switch|p1a: Alakazam|Alakazam, M, shiny|100/100|[from]move: U-turn
|
|upkeep
|
|t:|1662094168
|switch|p2a: Melmetal|Melmetal|100/100
|-damage|p2a: Melmetal|94/100|[from] Stealth Rock
|turn|4
|
|t:|1662094172
|switch|p1a: Volcarona|Volcarona, F|100/100
|move|p2a: Melmetal|Double Iron Bash|p1a: Volcarona
|-resisted|p1a: Volcarona
|-damage|p1a: Volcarona|83/100
|-status|p2a: Melmetal|brn|[from] ability: Flame Body|[of] p1a: Volcarona
|-resisted|p1a: Volcarona
|-damage|p1a: Volcarona|74/100
|-hitcount|p1a: Volcarona|2
|
|-heal|p1a: Volcarona|80/100|[from] Grassy Terrain
|-heal|p2a: Melmetal|100/100 brn|[from] Grassy Terrain
|-damage|p2a: Melmetal|94/100 brn|[from] brn
|upkeep
|turn|5
|
|t:|1662094174
|switch|p2a: landorustherian|Landorus-Therian, M|100/100
|-damage|p2a: landorustherian|88/100|[from] Stealth Rock
|-ability|p2a: landorustherian|Intimidate|boost
|-unboost|p1a: Volcarona|atk|1
|move|p1a: Volcarona|Quiver Dance|p1a: Volcarona
|-boost|p1a: Volcarona|spa|1
|-boost|p1a: Volcarona|spd|1
|-boost|p1a: Volcarona|spe|1
|
|-heal|p1a: Volcarona|86/100|[from] Grassy Terrain
|-heal|p2a: landorustherian|94/100|[from] item: Leftovers
|upkeep
|turn|6
|
|t:|1662094179
|move|p1a: Volcarona|Quiver Dance|p1a: Volcarona
|-boost|p1a: Volcarona|spa|1
|-boost|p1a: Volcarona|spd|1
|-boost|p1a: Volcarona|spe|1
|move|p2a: landorustherian|Defog|p1a: Volcarona
|-unboost|p1a: Volcarona|evasion|1
|-sideend|p2: minimax_ai|Stealth Rock|[from] move: Defog|[of] p2a: landorustherian
|-fieldend|move: Grassy Terrain
|
|-heal|p2a: landorustherian|99/100|[from] item: Leftovers
|upkeep
|turn|7
|
|t:|1662094181
|move|p1a: Volcarona|Quiver Dance|p1a: Volcarona
|-boost|p1a: Volcarona|spa|1
|-boost|p1a: Volcarona|spd|1
|-boost|p1a: Volcarona|spe|1
|move|p2a: landorustherian|Earthquake|p1a: Volcarona
|-damage|p1a: Volcarona|44/100
|
|-heal|p2a: landorustherian|100/100|[from] item: Leftovers
|upkeep
|turn|8
|
|t:|1662094184
|move|p1a: Volcarona|Fiery Dance|p2a: landorustherian
|-damage|p2a: landorustherian|30/100
|move|p2a: landorustherian|Earthquake|p1a: Volcarona
|-damage|p1a: Volcarona|0 fnt
|faint|p1a: Volcarona
|
|-heal|p2a: landorustherian|36/100|[from] item: Leftovers
|upkeep
|
|t:|1662094192
|switch|p1a: Rillaboom|Rillaboom, M|100/100
|-fieldstart|move: Grassy Terrain|[from] ability: Grassy Surge|[of] p1a: Rillaboom
|turn|9
|
|t:|1662094194
|switch|p2a: Tangrowth|Tangrowth, F|100/100
|move|p1a: Rillaboom|U-turn|p2a: Tangrowth
|-supereffective|p2a: Tangrowth
|-damage|p2a: Tangrowth|65/100
|-damage|p1a: Rillaboom|84/100|[from] item: Rocky Helmet|[of] p2a: Tangrowth
|
|t:|1662094199
|switch|p1a: Alakazam|Alakazam, M, shiny|100/100|[from]move: U-turn
|
|-heal|p2a: Tangrowth|72/100|[from] Grassy Terrain
|upkeep
|turn|10
|
|t:|1662094201
|switch|p2a: Melmetal|Melmetal|94/100 brn
|move|p1a: Alakazam|Counter||[still]
|-fail|p1a: Alakazam
|
|-heal|p2a: Melmetal|100/100 brn|[from] Grassy Terrain
|-damage|p2a: Melmetal|94/100 brn|[from] brn
|upkeep
|turn|11
|
|t:|1662094205
|switch|p1a: Registeel|Registeel|100/100
|move|p2a: Melmetal|Thunder Punch|p1a: Registeel
|-damage|p1a: Registeel|91/100
|
|-heal|p1a: Registeel|97/100|[from] Grassy Terrain
|-heal|p2a: Melmetal|100/100 brn|[from] Grassy Terrain
|-damage|p2a: Melmetal|94/100 brn|[from] brn
|upkeep
|turn|12
|
|t:|1662094207
|switch|p2a: landorustherian|Landorus-Therian, M|36/100
|-ability|p2a: landorustherian|Intimidate|boost
|-fail|p1a: Registeel|unboost|[from] ability: Clear Body|[of] p1a: Registeel
|move|p1a: Registeel|Iron Defense|p1a: Registeel
|-boost|p1a: Registeel|def|2
|
|-heal|p2a: landorustherian|42/100|[from] item: Leftovers
|-heal|p1a: Registeel|100/100|[from] Grassy Terrain
|upkeep
|turn|13
|
|t:|1662094209
|switch|p2a: Tangrowth|Tangrowth, F|100/100
|move|p1a: Registeel|Iron Defense|p1a: Registeel
|-boost|p1a: Registeel|def|2
|
|-fieldend|move: Grassy Terrain
|upkeep
|turn|14
|
|t:|1662094211
|move|p1a: Registeel|Iron Defense|p1a: Registeel
|-boost|p1a: Registeel|def|2
|move|p2a: Tangrowth|Sleep Powder|p1a: Registeel
|-status|p1a: Registeel|slp|[from] move: Sleep Powder
|-enditem|p1a: Registeel|Chesto Berry|[eat]
|-curestatus|p1a: Registeel|slp|[msg]
|
|upkeep
|turn|15
|
|t:|1662094214
|move|p1a: Registeel|Amnesia|p1a: Registeel
|-boost|p1a: Registeel|spd|2
|move|p2a: Tangrowth|Sleep Powder|p1a: Registeel
|-status|p1a: Registeel|slp|[from] move: Sleep Powder
|
|upkeep
|turn|16
|
|t:|1662094216
|cant|p1a: Registeel|slp
|move|p2a: Tangrowth|Sleep Powder|p1a: Registeel|[miss]
|-miss|p2a: Tangrowth|p1a: Registeel
|
|upkeep
|turn|17
|
|t:|1662094217
|-curestatus|p1a: Registeel|slp|[msg]
|move|p1a: Registeel|Amnesia|p1a: Registeel
|-boost|p1a: Registeel|spd|2
|move|p2a: Tangrowth|Sleep Powder|p1a: Registeel
|-status|p1a: Registeel|slp|[from] move: Sleep Powder
|
|upkeep
|turn|18
|
|t:|1662094219
|cant|p1a: Registeel|slp
|move|p2a: Tangrowth|Sleep Powder|p1a: Registeel|[miss]
|-miss|p2a: Tangrowth|p1a: Registeel
|
|upkeep
|turn|19
|
|t:|1662094221
|-curestatus|p1a: Registeel|slp|[msg]
|move|p1a: Registeel|Amnesia|p1a: Registeel
|-boost|p1a: Registeel|spd|2
|move|p2a: Tangrowth|Sleep Powder|p1a: Registeel
|-status|p1a: Registeel|slp|[from] move: Sleep Powder
|
|upkeep
|turn|20
|
|t:|1662094223
|cant|p1a: Registeel|slp
|move|p2a: Tangrowth|Sleep Powder|p1a: Registeel
|-fail|p1a: Registeel|slp
|
|upkeep
|turn|21
|
|t:|1662094224
|-curestatus|p1a: Registeel|slp|[msg]
|move|p1a: Registeel|Body Press|p2a: Tangrowth
|-damage|p2a: Tangrowth|39/100
|-damage|p1a: Registeel|84/100|[from] item: Rocky Helmet|[of] p2a: Tangrowth
|move|p2a: Tangrowth|Sleep Powder|p1a: Registeel
|-status|p1a: Registeel|slp|[from] move: Sleep Powder
|
|upkeep
|turn|22
|
|t:|1662094226
|switch|p2a: Melmetal|Melmetal|94/100 brn
|cant|p1a: Registeel|slp
|
|-damage|p2a: Melmetal|88/100 brn|[from] brn
|upkeep
|turn|23
|
|t:|1662094227
|switch|p2a: Tangrowth|Tangrowth, F|72/100
|cant|p1a: Registeel|slp
|
|upkeep
|turn|24
|
|t:|1662094229
|switch|p2a: Melmetal|Melmetal|88/100 brn
|cant|p1a: Registeel|slp
|
|-damage|p2a: Melmetal|82/100 brn|[from] brn
|upkeep
|turn|25
|
|t:|1662094230
|-curestatus|p1a: Registeel|slp|[msg]
|move|p1a: Registeel|Body Press|p2a: Melmetal
|-supereffective|p2a: Melmetal
|-damage|p2a: Melmetal|0 fnt
|faint|p2a: Melmetal
|
|upkeep
|
|t:|1662094231
|switch|p2a: Tangrowth|Tangrowth, F|100/100
|turn|26
|
|t:|1662094232
|move|p1a: Registeel|Body Press|p2a: Tangrowth
|-damage|p2a: Tangrowth|36/100
|-damage|p1a: Registeel|68/100|[from] item: Rocky Helmet|[of] p2a: Tangrowth
|move|p2a: Tangrowth|Sleep Powder|p1a: Registeel
|-status|p1a: Registeel|slp|[from] move: Sleep Powder
|
|upkeep
|turn|27
|
|t:|1662094233
|switch|p2a: landorustherian|Landorus-Therian, M|42/100
|-ability|p2a: landorustherian|Intimidate|boost
|-fail|p1a: Registeel|unboost|[from] ability: Clear Body|[of] p1a: Registeel
|cant|p1a: Registeel|slp
|
|-heal|p2a: landorustherian|48/100|[from] item: Leftovers
|upkeep
|turn|28
|
|t:|1662094235
|move|p2a: landorustherian|Earthquake|p1a: Registeel
|-supereffective|p1a: Registeel
|-damage|p1a: Registeel|54/100 slp
|-curestatus|p1a: Registeel|slp|[msg]
|move|p1a: Registeel|Body Press|p2a: landorustherian
|-resisted|p2a: landorustherian
|-damage|p2a: landorustherian|0 fnt
|faint|p2a: landorustherian
|
|upkeep
|
|t:|1662094235
|switch|p2a: rotomwash|Rotom-Wash|100/100
|turn|29
|
|t:|1662094236
|switch|p2a: Tangrowth|Tangrowth, F|69/100
|move|p1a: Registeel|Body Press|p2a: Tangrowth
|-damage|p2a: Tangrowth|2/100
|-damage|p1a: Registeel|37/100|[from] item: Rocky Helmet|[of] p2a: Tangrowth
|
|upkeep
|turn|30
|
|t:|1662094238
|move|p1a: Registeel|Rest|p1a: Registeel
|-status|p1a: Registeel|slp|[from] move: Rest
|-heal|p1a: Registeel|100/100 slp|[silent]
|move|p2a: Tangrowth|Giga Drain|p1a: Registeel
|-resisted|p1a: Registeel
|-damage|p1a: Registeel|98/100 slp
|-heal|p2a: Tangrowth|3/100|[from] drain|[of] p1a: Registeel
|
|upkeep
|turn|31
|
|t:|1662094240
|cant|p1a: Registeel|slp
|move|p2a: Tangrowth|Focus Blast|p1a: Registeel
|-supereffective|p1a: Registeel
|-damage|p1a: Registeel|88/100 slp
|
|upkeep
|turn|32
|
|t:|1662094241
|cant|p1a: Registeel|slp
|move|p2a: Tangrowth|Focus Blast|p1a: Registeel
|-supereffective|p1a: Registeel
|-damage|p1a: Registeel|80/100 slp
|
|upkeep
|turn|33
|
|t:|1662094242
|-curestatus|p1a: Registeel|slp|[msg]
|move|p1a: Registeel|Body Press|p2a: Tangrowth
|-damage|p2a: Tangrowth|0 fnt
|-damage|p1a: Registeel|63/100|[from] item: Rocky Helmet|[of] p2a: Tangrowth
|faint|p2a: Tangrowth
|
|upkeep
|
|t:|1662094242
|switch|p2a: Weavile|Weavile, F|100/100
|-ability|p2a: Weavile|Pressure
|turn|34
|
|t:|1662094243
|move|p2a: Weavile|Low Kick|p1a: Registeel
|-supereffective|p1a: Registeel
|-damage|p1a: Registeel|46/100
|move|p1a: Registeel|Body Press|p2a: Weavile
|-supereffective|p2a: Weavile
|-damage|p2a: Weavile|0 fnt
|faint|p2a: Weavile
|
|upkeep
|
|t:|1662094244
|switch|p2a: rotomwash|Rotom-Wash|100/100
|turn|35
|
|t:|1662094245
|move|p2a: rotomwash|Thunderbolt|p1a: Registeel
|-damage|p1a: Registeel|40/100
|move|p1a: Registeel|Body Press|p2a: rotomwash
|-damage|p2a: rotomwash|0 fnt
|faint|p2a: rotomwash
|
|win|8balljacketguy
|raw|8balljacketguy's rating: 1531 &rarr; <strong>1547</strong><br />(+16 for winning)
|raw|minimax_ai's rating: 1468 &rarr; <strong>1452</strong><br />(-16 for losing)
|c|☆minimax_ai|gg
