|j|☆joeyvn
|j|☆Suricata2000
|t:|1662315083
|gametype|singles
|player|p1|joeyvn|101|1606
|player|p2|Suricata2000|cynthia|1656
|teamsize|p1|6
|teamsize|p2|6
|gen|8
|tier|[Gen 8] OU
|rated|
|rule|Sleep Clause Mod: Limit one foe put to sleep
|rule|Species Clause: Limit one of each Pokémon
|rule|OHKO Clause: OHKO moves are banned
|rule|Evasion Items Clause: Evasion items are banned
|rule|Evasion Moves Clause: Evasion moves are banned
|rule|Endless Battle Clause: Forcing endless battles is banned
|rule|HP Percentage Mod: HP is shown in percentages
|rule|Dynamax Clause: You cannot dynamax
|clearpoke
|poke|p1|Volcarona, F|
|poke|p1|Umbreon, F|
|poke|p1|Seismitoad, F|
|poke|p1|Skarmory, M|
|poke|p1|Gengar, F|
|poke|p1|Clefable, F|
|poke|p2|Clefable, F|
|poke|p2|Tornadus-Therian, M|
|poke|p2|Nidoking, M|
|poke|p2|Slowbro, M|
|poke|p2|Urshifu-*, M|
|poke|p2|Ferrothorn, F|
|teampreview
|
|t:|1662315103
|start
|switch|p1a: Seismitoad|Seismitoad, F|100/100
|switch|p2a: Urshifu|Urshifu-Rapid-Strike, M|100/100
|turn|1
|
|t:|1662315111
|move|p2a: Urshifu|U-turn|p1a: Seismitoad
|-damage|p1a: Seismitoad|74/100
|
|t:|1662315122
|switch|p2a: Ferrothorn|Ferrothorn, F|100/100|[from]move: U-turn
|move|p1a: Seismitoad|Knock Off|p2a: Ferrothorn
|-damage|p2a: Ferrothorn|86/100
|-damage|p1a: Seismitoad|62/100|[from] ability: Iron Barbs|[of] p2a: Ferrothorn
|-enditem|p2a: Ferrothorn|Leftovers|[from] move: Knock Off|[of] p1a: Seismitoad
|
|-heal|p1a: Seismitoad|68/100|[from] item: Leftovers
|upkeep
|turn|2
|
|t:|1662315152
|switch|p1a: Skarmory|Skarmory, M|100/100
|move|p2a: Ferrothorn|Knock Off|p1a: Skarmory
|-damage|p1a: Skarmory|88/100
|-damage|p2a: Ferrothorn|69/100|[from] item: Rocky Helmet|[of] p1a: Skarmory
|-enditem|p1a: Skarmory|Rocky Helmet|[from] move: Knock Off|[of] p2a: Ferrothorn
|
|upkeep
|turn|3
|
|t:|1662315173
|move|p1a: Skarmory|Spikes|p2a: Ferrothorn
|-sidestart|p2: Suricata2000|Spikes
|move|p2a: Ferrothorn|Spikes|p1a: Skarmory
|-sidestart|p1: joeyvn|Spikes
|
|upkeep
|turn|4
|
|t:|1662315179
|move|p1a: Skarmory|Spikes|p2a: Ferrothorn
|-sidestart|p2: Suricata2000|Spikes
|move|p2a: Ferrothorn|Spikes|p1a: Skarmory
|-sidestart|p1: joeyvn|Spikes
|
|upkeep
|turn|5
|
|t:|1662315184
|move|p1a: Skarmory|Spikes|p2a: Ferrothorn
|-sidestart|p2: Suricata2000|Spikes
|move|p2a: Ferrothorn|Spikes|p1a: Skarmory
|-sidestart|p1: joeyvn|Spikes
|
|upkeep
|turn|6
|
|t:|1662315193
|move|p2a: Ferrothorn|Leech Seed|p1a: Skarmory
|-start|p1a: Skarmory|move: Leech Seed
|move|p1a: Skarmory|Whirlwind|p2a: Ferrothorn
|drag|p2a: Clefable|Clefable, F|100/100
|
|-damage|p1a: Skarmory|75/100|[from] Leech Seed|[of] p2a: Clefable
|upkeep
|turn|7
|
|t:|1662315202
|switch|p1a: Volcarona|Volcarona, F|100/100
|move|p2a: Clefable|Stealth Rock|p1a: Volcarona
|-sidestart|p1: joeyvn|move: Stealth Rock
|
|upkeep
|turn|8
|
|t:|1662315211
|move|p1a: Volcarona|Quiver Dance|p1a: Volcarona
|-boost|p1a: Volcarona|spa|1
|-boost|p1a: Volcarona|spd|1
|-boost|p1a: Volcarona|spe|1
|move|p2a: Clefable|Thunder Wave|p1a: Volcarona
|-status|p1a: Volcarona|par
|
|upkeep
|turn|9
|
|t:|1662315218
|switch|p2a: Urshifu|Urshifu-Rapid-Strike, M|100/100
|-damage|p2a: Urshifu|76/100|[from] Spikes
|cant|p1a: Volcarona|par
|
|upkeep
|turn|10
|
|t:|1662315231
|move|p2a: Urshifu|U-turn|p1a: Volcarona
|-resisted|p1a: Volcarona
|-damage|p1a: Volcarona|88/100 par
|
|t:|1662315237
|switch|p2a: Slowbro|Slowbro, M|100/100|[from]move: U-turn
|move|p1a: Volcarona|Psychic|p2a: Slowbro
|-resisted|p2a: Slowbro
|-damage|p2a: Slowbro|83/100
|
|upkeep
|turn|11
|
|t:|1662315245
|move|p1a: Volcarona|Quiver Dance|p1a: Volcarona
|-boost|p1a: Volcarona|spa|1
|-boost|p1a: Volcarona|spd|1
|-boost|p1a: Volcarona|spe|1
|move|p2a: Slowbro|Teleport|p2a: Slowbro
|
|t:|1662315250
|switch|p2a: Urshifu|Urshifu-Rapid-Strike, M|76/100|[from]move: Teleport
|-damage|p2a: Urshifu|51/100|[from] Spikes
|
|upkeep
|turn|12
|
|t:|1662315256
|switch|p1a: Seismitoad|Seismitoad, F|68/100
|-damage|p1a: Seismitoad|43/100|[from] Spikes
|-damage|p1a: Seismitoad|37/100|[from] Stealth Rock
|move|p2a: Urshifu|Surging Strikes|p1a: Seismitoad
|-heal|p1a: Seismitoad|62/100|[from] ability: Water Absorb|[of] p2a: Urshifu
|
|-heal|p1a: Seismitoad|68/100|[from] item: Leftovers
|upkeep
|turn|13
|
|t:|1662315281
|switch|p2a: Clefable|Clefable, F|100/100
|move|p1a: Seismitoad|Earthquake|p2a: Clefable
|-damage|p2a: Clefable|70/100
|
|-heal|p1a: Seismitoad|74/100|[from] item: Leftovers
|-heal|p2a: Clefable|77/100|[from] item: Leftovers
|upkeep
|turn|14
|j| wooot
|
|t:|1662315295
|move|p1a: Seismitoad|Knock Off|p2a: Clefable
|-resisted|p2a: Clefable
|-damage|p2a: Clefable|67/100
|-enditem|p2a: Clefable|Leftovers|[from] move: Knock Off|[of] p1a: Seismitoad
|move|p2a: Clefable|Moonblast|p1a: Seismitoad
|-damage|p1a: Seismitoad|50/100
|
|-heal|p1a: Seismitoad|56/100|[from] item: Leftovers
|upkeep
|turn|15
|
|t:|1662315305
|switch|p1a: Volcarona|Volcarona, F|88/100 par
|move|p2a: Clefable|Soft-Boiled|p2a: Clefable
|-heal|p2a: Clefable|100/100
|
|upkeep
|turn|16
|
|t:|1662315323
|switch|p2a: Tornadus|Tornadus-Therian, M, shiny|100/100
|move|p1a: Volcarona|Quiver Dance|p1a: Volcarona
|-boost|p1a: Volcarona|spa|1
|-boost|p1a: Volcarona|spd|1
|-boost|p1a: Volcarona|spe|1
|
|upkeep
|turn|17
|
|t:|1662315338
|move|p2a: Tornadus|Hurricane|p1a: Volcarona
|-supereffective|p1a: Volcarona
|-damage|p1a: Volcarona|43/100 par
|move|p1a: Volcarona|Quiver Dance|p1a: Volcarona
|-boost|p1a: Volcarona|spa|1
|-boost|p1a: Volcarona|spd|1
|-boost|p1a: Volcarona|spe|1
|
|upkeep
|turn|18
|
|t:|1662315346
|move|p2a: Tornadus|Knock Off|p1a: Volcarona
|-damage|p1a: Volcarona|22/100 par
|-enditem|p1a: Volcarona|Heavy-Duty Boots|[from] move: Knock Off|[of] p2a: Tornadus
|move|p1a: Volcarona|Roost|p1a: Volcarona
|-heal|p1a: Volcarona|73/100 par
|-singleturn|p1a: Volcarona|move: Roost
|
|upkeep
|turn|19
|
|t:|1662315370
|move|p2a: Tornadus|U-turn|p1a: Volcarona
|-resisted|p1a: Volcarona
|-crit|p1a: Volcarona
|-damage|p1a: Volcarona|62/100 par
|
|t:|1662315373
|switch|p2a: Urshifu|Urshifu-Rapid-Strike, M|51/100|[from]move: U-turn
|-damage|p2a: Urshifu|26/100|[from] Spikes
|move|p1a: Volcarona|Psychic|p2a: Urshifu
|-supereffective|p2a: Urshifu
|-damage|p2a: Urshifu|0 fnt
|faint|p2a: Urshifu
|
|upkeep
|
|t:|1662315387
|switch|p2a: Tornadus|Tornadus-Therian, M, shiny|100/100
|turn|20
|
|t:|1662315393
|move|p2a: Tornadus|Hurricane|p1a: Volcarona
|-supereffective|p1a: Volcarona
|-damage|p1a: Volcarona|28/100 par
|move|p1a: Volcarona|Fiery Dance|p2a: Tornadus
|-damage|p2a: Tornadus|29/100
|-boost|p1a: Volcarona|spa|1
|
|upkeep
|turn|21
|
|t:|1662315418
|move|p2a: Tornadus|Hurricane|p1a: Volcarona|[miss]
|-miss|p2a: Tornadus|p1a: Volcarona
|move|p1a: Volcarona|Fiery Dance|p2a: Tornadus
|-crit|p2a: Tornadus
|-damage|p2a: Tornadus|0 fnt
|faint|p2a: Tornadus
|
|upkeep
|
|t:|1662315430
|switch|p2a: Slowbro|Slowbro, M|100/100
|turn|22
|
|t:|1662315434
|move|p1a: Volcarona|Roost|p1a: Volcarona
|-heal|p1a: Volcarona|78/100 par
|-singleturn|p1a: Volcarona|move: Roost
|move|p2a: Slowbro|Scald|p1a: Volcarona
|-supereffective|p1a: Volcarona
|-damage|p1a: Volcarona|55/100 par
|
|upkeep
|turn|23
|
|t:|1662315443
|cant|p1a: Volcarona|par
|move|p2a: Slowbro|Scald|p1a: Volcarona
|-supereffective|p1a: Volcarona
|-damage|p1a: Volcarona|31/100 par
|
|upkeep
|turn|24
|
|t:|1662315450
|move|p1a: Volcarona|Roost|p1a: Volcarona
|-heal|p1a: Volcarona|81/100 par
|-singleturn|p1a: Volcarona|move: Roost
|move|p2a: Slowbro|Scald|p1a: Volcarona
|-supereffective|p1a: Volcarona
|-damage|p1a: Volcarona|58/100 par
|
|upkeep
|turn|25
|
|t:|1662315462
|move|p1a: Volcarona|Quiver Dance|p1a: Volcarona
|-boost|p1a: Volcarona|spa|1
|-boost|p1a: Volcarona|spd|1
|-boost|p1a: Volcarona|spe|1
|move|p2a: Slowbro|Scald|p1a: Volcarona
|-supereffective|p1a: Volcarona
|-damage|p1a: Volcarona|38/100 par
|
|upkeep
|turn|26
|
|t:|1662315470
|move|p1a: Volcarona|Roost|p1a: Volcarona
|-heal|p1a: Volcarona|88/100 par
|-singleturn|p1a: Volcarona|move: Roost
|move|p2a: Slowbro|Scald|p1a: Volcarona
|-supereffective|p1a: Volcarona
|-damage|p1a: Volcarona|70/100 par
|
|upkeep
|turn|27
|
|t:|1662315477
|move|p1a: Volcarona|Fiery Dance|p2a: Slowbro
|-resisted|p2a: Slowbro
|-damage|p2a: Slowbro|51/100
|-boost|p1a: Volcarona|spa|1
|move|p2a: Slowbro|Scald|p1a: Volcarona
|-supereffective|p1a: Volcarona
|-damage|p1a: Volcarona|48/100 par
|
|upkeep
|turn|28
|
|t:|1662315490
|move|p1a: Volcarona|Fiery Dance|p2a: Slowbro
|-resisted|p2a: Slowbro
|-damage|p2a: Slowbro|0 fnt
|-boost|p1a: Volcarona|spa|1
|faint|p2a: Slowbro
|
|upkeep
|
|t:|1662315497
|switch|p2a: Ferrothorn|Ferrothorn, F|69/100
|-damage|p2a: Ferrothorn|44/100|[from] Spikes
|turn|29
|
|t:|1662315502
|move|p1a: Volcarona|Roost|p1a: Volcarona
|-heal|p1a: Volcarona|98/100 par
|-singleturn|p1a: Volcarona|move: Roost
|move|p2a: Ferrothorn|Gyro Ball|p1a: Volcarona
|-resisted|p1a: Volcarona
|-damage|p1a: Volcarona|73/100 par
|-status|p2a: Ferrothorn|brn|[from] ability: Flame Body|[of] p1a: Volcarona
|
|-damage|p2a: Ferrothorn|38/100 brn|[from] brn
|upkeep
|turn|30
|-message|Suricata2000 forfeited.
|
|win|joeyvn
|raw|joeyvn's rating: 1606 &rarr; <strong>1629</strong><br />(+23 for winning)
|raw|Suricata2000's rating: 1656 &rarr; <strong>1633</strong><br />(-23 for losing)
|l|☆Suricata2000
||Ladder isn't responding, score probably updated but might not have (Request timeout).
