|j|☆LT93OQ Gray
|j|‽hypervortexreturns
|t:|1661012299
|gametype|singles
|player|p1|LT93OQ Gray|2|1762
|player|p2|hypervortexreturns|102|1798
|teamsize|p1|6
|teamsize|p2|6
|gen|8
|tier|[Gen 8] OU
|rated|
|rule|Sleep Clause Mod: Limit one foe put to sleep
|rule|Species Clause: Limit one of each Pokémon
|rule|OHKO Clause: OHKO moves are banned
|rule|Evasion Items Clause: Evasion items are banned
|rule|Evasion Moves Clause: Evasion moves are banned
|rule|Endless Battle Clause: Forcing endless battles is banned
|rule|HP Percentage Mod: HP is shown in percentages
|rule|Dynamax Clause: You cannot dynamax
|clearpoke
|poke|p1|Dragapult, M|
|poke|p1|Heatran, M|
|poke|p1|Tapu Lele|
|poke|p1|Melmetal|
|poke|p1|Landorus-Therian, M|
|poke|p1|Tapu Fini|
|poke|p2|Hydreigon, F|
|poke|p2|Zapdos|
|poke|p2|Tangrowth, M|
|poke|p2|Corviknight, F|
|poke|p2|Excadrill, M|
|poke|p2|Azumarill, M|
|teampreview
|
|t:|1661012309
|start
|switch|p1a: Tapu Lele|Tapu Lele|100/100
|switch|p2a: Azumarill|Azumarill, M|100/100
|-fieldstart|move: Psychic Terrain|[from] ability: Psychic Surge|[of] p1a: Tapu Lele
|turn|1
|
|t:|1661012320
|switch|p2a: Corviknight|Corviknight, F|100/100
|-ability|p2a: Corviknight|Pressure
|move|p1a: Tapu Lele|Psychic|p2a: Corviknight
|-resisted|p2a: Corviknight
|-damage|p2a: Corviknight|65/100
|
|-heal|p2a: Corviknight|71/100|[from] item: Leftovers
|upkeep
|turn|2
|
|t:|1661012331
|move|p1a: Tapu Lele|Psychic|p2a: Corviknight
|-resisted|p2a: Corviknight
|-damage|p2a: Corviknight|36/100
|move|p2a: Corviknight|Roost|p2a: Corviknight
|-heal|p2a: Corviknight|86/100
|-singleturn|p2a: Corviknight|move: Roost
|
|-heal|p2a: Corviknight|92/100|[from] item: Leftovers
|upkeep
|turn|3
|
|t:|1661012345
|move|p1a: Tapu Lele|Psychic|p2a: Corviknight
|-resisted|p2a: Corviknight
|-crit|p2a: Corviknight
|-damage|p2a: Corviknight|42/100
|move|p2a: Corviknight|Taunt|p1a: Tapu Lele
|-start|p1a: Tapu Lele|move: Taunt
|
|-heal|p2a: Corviknight|48/100|[from] item: Leftovers
|upkeep
|turn|4
|
|t:|1661012354
|switch|p1a: Heatran|Heatran, M|100/100
|-item|p1a: Heatran|Air Balloon
|move|p2a: Corviknight|Roost|p2a: Corviknight
|-heal|p2a: Corviknight|98/100
|-singleturn|p2a: Corviknight|move: Roost
|
|-heal|p2a: Corviknight|100/100|[from] item: Leftovers
|upkeep
|turn|5
|
|t:|1661012369
|switch|p2a: Azumarill|Azumarill, M|100/100
|move|p1a: Heatran|Stealth Rock|p2a: Azumarill
|-sidestart|p2: hypervortexreturns|move: Stealth Rock
|
|-fieldend|move: Psychic Terrain
|upkeep
|turn|6
|
|t:|1661012377
|switch|p1a: Tapu Fini|Tapu Fini|100/100
|-fieldstart|move: Misty Terrain|[from] ability: Misty Surge|[of] p1a: Tapu Fini
|move|p2a: Azumarill|Knock Off|p1a: Tapu Fini
|-resisted|p1a: Tapu Fini
|-damage|p1a: Tapu Fini|79/100
|-enditem|p1a: Tapu Fini|Choice Scarf|[from] move: Knock Off|[of] p2a: Azumarill
|
|upkeep
|turn|7
|
|t:|1661012389
|move|p1a: Tapu Fini|Trick|p2a: Azumarill
|-activate|p1a: Tapu Fini|move: Trick|[of] p2a: Azumarill
|-enditem|p2a: Azumarill|Sitrus Berry|[silent]|[from] move: Trick
|-item|p1a: Tapu Fini|Sitrus Berry|[from] move: Trick
|move|p2a: Azumarill|Play Rough|p1a: Tapu Fini
|-damage|p1a: Tapu Fini|22/100
|-enditem|p1a: Tapu Fini|Sitrus Berry|[eat]
|-heal|p1a: Tapu Fini|47/100|[from] item: Sitrus Berry
|
|upkeep
|turn|8
|
|t:|1661012406
|switch|p1a: Melmetal|Melmetal|100/100
|move|p2a: Azumarill|Play Rough|p1a: Melmetal
|-resisted|p1a: Melmetal
|-damage|p1a: Melmetal|83/100
|-unboost|p1a: Melmetal|atk|1
|
|-heal|p1a: Melmetal|89/100|[from] item: Leftovers
|upkeep
|turn|9
|
|t:|1661012425
|switch|p2a: Tangrowth|Tangrowth, M|100/100
|-damage|p2a: Tangrowth|88/100|[from] Stealth Rock
|move|p1a: Melmetal|Double Iron Bash|p2a: Tangrowth
|-crit|p2a: Tangrowth
|-damage|p2a: Tangrowth|52/100
|-damage|p1a: Melmetal|73/100|[from] item: Rocky Helmet|[of] p2a: Tangrowth
|-damage|p2a: Tangrowth|37/100
|-damage|p1a: Melmetal|56/100|[from] item: Rocky Helmet|[of] p2a: Tangrowth
|-hitcount|p2a: Tangrowth|2
|
|-heal|p1a: Melmetal|62/100|[from] item: Leftovers
|upkeep
|turn|10
|
|t:|1661012439
|move|p1a: Melmetal|Protect|p1a: Melmetal
|-singleturn|p1a: Melmetal|Protect
|move|p2a: Tangrowth|Knock Off|p1a: Melmetal
|-activate|p1a: Melmetal|move: Protect
|
|-heal|p1a: Melmetal|68/100|[from] item: Leftovers
|-fieldend|Misty Terrain
|upkeep
|turn|11
|
|t:|1661012448
|switch|p1a: Landorus|Landorus-Therian, M|100/100
|-ability|p1a: Landorus|Intimidate|boost
|-unboost|p2a: Tangrowth|atk|1
|move|p2a: Tangrowth|Knock Off|p1a: Landorus
|-damage|p1a: Landorus|86/100
|-enditem|p1a: Landorus|Leftovers|[from] move: Knock Off|[of] p2a: Tangrowth
|
|upkeep
|turn|12
|
|t:|1661012472
|switch|p2a: Corviknight|Corviknight, F|100/100
|-damage|p2a: Corviknight|88/100|[from] Stealth Rock
|-ability|p2a: Corviknight|Pressure
|move|p1a: Landorus|U-turn|p2a: Corviknight
|-resisted|p2a: Corviknight
|-damage|p2a: Corviknight|83/100
|
|t:|1661012495
|switch|p1a: Heatran|Heatran, M|100/100|[from]move: U-turn
|-item|p1a: Heatran|Air Balloon
|
|-heal|p2a: Corviknight|89/100|[from] item: Leftovers
|upkeep
|turn|13
|
|t:|1661012507
|switch|p2a: Hydreigon|Hydreigon, F|100/100
|-damage|p2a: Hydreigon|88/100|[from] Stealth Rock
|move|p1a: Heatran|Magma Storm|p2a: Hydreigon
|-resisted|p2a: Hydreigon
|-damage|p2a: Hydreigon|67/100
|-activate|p2a: Hydreigon|move: Magma Storm|[of] p1a: Heatran
|
|-heal|p2a: Hydreigon|73/100|[from] item: Leftovers
|-damage|p2a: Hydreigon|61/100|[from] move: Magma Storm|[partiallytrapped]
|upkeep
|turn|14
|
|t:|1661012518
|switch|p1a: Tapu Lele|Tapu Lele|100/100
|-fieldstart|move: Psychic Terrain|[from] ability: Psychic Surge|[of] p1a: Tapu Lele
|move|p2a: Hydreigon|Dark Pulse|p1a: Tapu Lele
|-damage|p1a: Tapu Lele|62/100
|
|-heal|p2a: Hydreigon|67/100|[from] item: Leftovers
|-end|p2a: Hydreigon|Magma Storm|[partiallytrapped]|[silent]
|upkeep
|turn|15
|
|t:|1661012590
|switch|p2a: Excadrill|Excadrill, M|100/100
|-damage|p2a: Excadrill|97/100|[from] Stealth Rock
|move|p1a: Tapu Lele|Focus Blast|p2a: Excadrill|[miss]
|-miss|p1a: Tapu Lele|p2a: Excadrill
|
|-heal|p2a: Excadrill|100/100|[from] item: Leftovers
|upkeep
|turn|16
|
|t:|1661012600
|move|p2a: Excadrill|Iron Head|p1a: Tapu Lele
|-supereffective|p1a: Tapu Lele
|-damage|p1a: Tapu Lele|0 fnt
|faint|p1a: Tapu Lele
|
|upkeep
|
|t:|1661012609
|switch|p1a: Dragapult|Dragapult, M|100/100
|turn|17
|
|t:|1661012621
|move|p1a: Dragapult|Flamethrower|p2a: Excadrill
|-supereffective|p2a: Excadrill
|-damage|p2a: Excadrill|0 fnt
|faint|p2a: Excadrill
|
|upkeep
|
|t:|1661012627
|switch|p2a: Azumarill|Azumarill, M|100/100
|-damage|p2a: Azumarill|88/100|[from] Stealth Rock
|turn|18
|
|t:|1661012647
|switch|p1a: Heatran|Heatran, M|100/100
|-item|p1a: Heatran|Air Balloon
|move|p2a: Azumarill|Belly Drum|p2a: Azumarill
|-damage|p2a: Azumarill|38/100
|-setboost|p2a: Azumarill|atk|6|[from] move: Belly Drum
|
|-fieldend|move: Psychic Terrain
|upkeep
|turn|19
|j| cute pink team
|
|t:|1661012657
|switch|p1a: Landorus|Landorus-Therian, M|86/100
|-ability|p1a: Landorus|Intimidate|boost
|-unboost|p2a: Azumarill|atk|1
|move|p2a: Azumarill|Aqua Jet|p1a: Landorus
|-supereffective|p1a: Landorus
|-damage|p1a: Landorus|0 fnt
|faint|p1a: Landorus
|
|upkeep
|
|t:|1661012659
|switch|p1a: Dragapult|Dragapult, M|100/100
|turn|20
|
|t:|1661012669
|move|p2a: Azumarill|Aqua Jet|p1a: Dragapult
|-resisted|p1a: Dragapult
|-damage|p1a: Dragapult|42/100
|move|p1a: Dragapult|Shadow Ball|p2a: Azumarill
|-damage|p2a: Azumarill|0 fnt
|faint|p2a: Azumarill
|
|upkeep
|
|t:|1661012689
|switch|p2a: Hydreigon|Hydreigon, F|67/100
|-damage|p2a: Hydreigon|54/100|[from] Stealth Rock
|turn|21
|
|t:|1661012713
|switch|p1a: Tapu Fini|Tapu Fini|47/100
|-fieldstart|move: Misty Terrain|[from] ability: Misty Surge|[of] p1a: Tapu Fini
|move|p2a: Hydreigon|Nasty Plot|p2a: Hydreigon
|-boost|p2a: Hydreigon|spa|2
|
|-heal|p2a: Hydreigon|61/100|[from] item: Leftovers
|upkeep
|turn|22
|
|t:|1661012729
|move|p2a: Hydreigon|Earth Power|p1a: Tapu Fini
|-damage|p1a: Tapu Fini|0 fnt
|faint|p1a: Tapu Fini
|
|-heal|p2a: Hydreigon|67/100|[from] item: Leftovers
|upkeep
|
|t:|1661012730
|switch|p1a: Dragapult|Dragapult, M|42/100
|turn|23
|
|t:|1661012770
|switch|p2a: Tangrowth|Tangrowth, M|71/100
|-damage|p2a: Tangrowth|58/100|[from] Stealth Rock
|move|p1a: Dragapult|Shadow Ball|p2a: Tangrowth
|-damage|p2a: Tangrowth|0 fnt
|faint|p2a: Tangrowth
|
|upkeep
|
|t:|1661012779
|switch|p2a: Hydreigon|Hydreigon, F|67/100
|-damage|p2a: Hydreigon|54/100|[from] Stealth Rock
|turn|24
|
|t:|1661012807
|switch|p1a: Melmetal|Melmetal|68/100
|move|p2a: Hydreigon|Dark Pulse|p1a: Melmetal
|-damage|p1a: Melmetal|37/100
|
|-heal|p2a: Hydreigon|61/100|[from] item: Leftovers
|-heal|p1a: Melmetal|43/100|[from] item: Leftovers
|upkeep
|turn|25
|
|t:|1661012817
|switch|p2a: Zapdos|Zapdos|100/100
|move|p1a: Melmetal|Protect||[still]
|-fail|p1a: Melmetal
|
|-heal|p1a: Melmetal|49/100|[from] item: Leftovers
|-fieldend|Misty Terrain
|upkeep
|turn|26
|
|t:|1661012827
|move|p1a: Melmetal|Protect|p1a: Melmetal
|-singleturn|p1a: Melmetal|Protect
|move|p2a: Zapdos|Discharge|p1a: Melmetal
|-activate|p1a: Melmetal|move: Protect
|
|-heal|p1a: Melmetal|55/100|[from] item: Leftovers
|upkeep
|turn|27
|
|t:|1661012836
|move|p2a: Zapdos|Discharge|p1a: Melmetal
|-damage|p1a: Melmetal|26/100
|-status|p1a: Melmetal|par
|cant|p1a: Melmetal|par
|
|-heal|p1a: Melmetal|32/100 par|[from] item: Leftovers
|upkeep
|turn|28
|
|t:|1661012845
|move|p2a: Zapdos|Discharge|p1a: Melmetal
|-damage|p1a: Melmetal|1/100 par
|move|p1a: Melmetal|Toxic|p2a: Zapdos|[miss]
|-miss|p1a: Melmetal|p2a: Zapdos
|
|-heal|p1a: Melmetal|8/100 par|[from] item: Leftovers
|upkeep
|turn|29
|
|t:|1661012854
|switch|p1a: Heatran|Heatran, M|100/100
|-item|p1a: Heatran|Air Balloon
|move|p2a: Zapdos|Discharge|p1a: Heatran
|-damage|p1a: Heatran|72/100
|-enditem|p1a: Heatran|Air Balloon
|
|upkeep
|turn|30
|
|t:|1661012865
|move|p2a: Zapdos|Discharge|p1a: Heatran
|-damage|p1a: Heatran|44/100
|move|p1a: Heatran|Magma Storm|p2a: Zapdos
|-damage|p2a: Zapdos|57/100
|-activate|p2a: Zapdos|move: Magma Storm|[of] p1a: Heatran
|
|-damage|p2a: Zapdos|44/100|[from] move: Magma Storm|[partiallytrapped]
|upkeep
|turn|31
|
|t:|1661012880
|move|p2a: Zapdos|Discharge|p1a: Heatran
|-damage|p1a: Heatran|17/100
|move|p1a: Heatran|Magma Storm|p2a: Zapdos|[miss]
|-miss|p1a: Heatran|p2a: Zapdos
|
|-damage|p2a: Zapdos|32/100|[from] move: Magma Storm|[partiallytrapped]
|upkeep
|turn|32
|
|t:|1661012894
|switch|p1a: Dragapult|Dragapult, M|42/100
|move|p2a: Zapdos|Discharge|p1a: Dragapult
|-resisted|p1a: Dragapult
|-damage|p1a: Dragapult|19/100
|
|-end|p2a: Zapdos|Magma Storm|[partiallytrapped]|[silent]
|upkeep
|turn|33
|
|t:|1661012901
|move|p1a: Dragapult|Draco Meteor|p2a: Zapdos
|-damage|p2a: Zapdos|0 fnt
|-unboost|p1a: Dragapult|spa|2
|faint|p2a: Zapdos
|
|upkeep
|
|t:|1661012908
|switch|p2a: Corviknight|Corviknight, F|89/100
|-damage|p2a: Corviknight|77/100|[from] Stealth Rock
|-ability|p2a: Corviknight|Pressure
|turn|34
|
|t:|1661012921
|switch|p1a: Heatran|Heatran, M|17/100
|move|p2a: Corviknight|Brave Bird|p1a: Heatran
|-resisted|p1a: Heatran
|-damage|p1a: Heatran|2/100
|-damage|p2a: Corviknight|72/100|[from] Recoil
|
|-heal|p2a: Corviknight|78/100|[from] item: Leftovers
|upkeep
|turn|35
|
|t:|1661012934
|switch|p1a: Dragapult|Dragapult, M|19/100
|switch|p2a: Hydreigon|Hydreigon, F|61/100
|-damage|p2a: Hydreigon|48/100|[from] Stealth Rock
|
|-heal|p2a: Hydreigon|54/100|[from] item: Leftovers
|upkeep
|turn|36
|
|t:|1661012970
|switch|p2a: Corviknight|Corviknight, F|78/100
|-damage|p2a: Corviknight|66/100|[from] Stealth Rock
|-ability|p2a: Corviknight|Pressure
|move|p1a: Dragapult|U-turn|p2a: Corviknight
|-resisted|p2a: Corviknight
|-damage|p2a: Corviknight|63/100
|
|t:|1661012973
|switch|p1a: Heatran|Heatran, M|2/100|[from]move: U-turn
|
|-heal|p2a: Corviknight|69/100|[from] item: Leftovers
|upkeep
|turn|37
|
|t:|1661012989
|switch|p2a: Hydreigon|Hydreigon, F|54/100
|-damage|p2a: Hydreigon|42/100|[from] Stealth Rock
|move|p1a: Heatran|Magma Storm|p2a: Hydreigon
|-resisted|p2a: Hydreigon
|-damage|p2a: Hydreigon|23/100
|-activate|p2a: Hydreigon|move: Magma Storm|[of] p1a: Heatran
|
|-heal|p2a: Hydreigon|29/100|[from] item: Leftovers
|-damage|p2a: Hydreigon|17/100|[from] move: Magma Storm|[partiallytrapped]
|upkeep
|turn|38
|
|t:|1661013003
|switch|p1a: Melmetal|Melmetal|8/100 par
|move|p2a: Hydreigon|Roost|p2a: Hydreigon
|-heal|p2a: Hydreigon|67/100
|-singleturn|p2a: Hydreigon|move: Roost
|
|-heal|p2a: Hydreigon|73/100|[from] item: Leftovers
|-heal|p1a: Melmetal|14/100 par|[from] item: Leftovers
|-end|p2a: Hydreigon|Magma Storm|[partiallytrapped]|[silent]
|upkeep
|turn|39
|
|t:|1661013013
|move|p2a: Hydreigon|Earth Power|p1a: Melmetal
|-supereffective|p1a: Melmetal
|-damage|p1a: Melmetal|0 fnt
|faint|p1a: Melmetal
|
|-heal|p2a: Hydreigon|79/100|[from] item: Leftovers
|upkeep
|
|t:|1661013015
|switch|p1a: Dragapult|Dragapult, M|19/100
|turn|40
|
|t:|1661013047
|switch|p2a: Corviknight|Corviknight, F|69/100
|-damage|p2a: Corviknight|57/100|[from] Stealth Rock
|-ability|p2a: Corviknight|Pressure
|move|p1a: Dragapult|U-turn|p2a: Corviknight
|-resisted|p2a: Corviknight
|-damage|p2a: Corviknight|53/100
|
|t:|1661013051
|switch|p1a: Heatran|Heatran, M|2/100|[from]move: U-turn
|
|-heal|p2a: Corviknight|59/100|[from] item: Leftovers
|upkeep
|turn|41
|
|t:|1661013093
|switch|p1a: Dragapult|Dragapult, M|19/100
|switch|p2a: Hydreigon|Hydreigon, F|79/100
|-damage|p2a: Hydreigon|67/100|[from] Stealth Rock
|
|-heal|p2a: Hydreigon|73/100|[from] item: Leftovers
|upkeep
|turn|42
|
|t:|1661013113
|switch|p2a: Corviknight|Corviknight, F|59/100
|-damage|p2a: Corviknight|47/100|[from] Stealth Rock
|-ability|p2a: Corviknight|Pressure
|move|p1a: Dragapult|Flamethrower|p2a: Corviknight
|-supereffective|p2a: Corviknight
|-damage|p2a: Corviknight|0 fnt
|faint|p2a: Corviknight
|
|upkeep
|
|t:|1661013124
|switch|p2a: Hydreigon|Hydreigon, F|73/100
|-damage|p2a: Hydreigon|60/100|[from] Stealth Rock
|turn|43
|
|t:|1661013128
|switch|p1a: Heatran|Heatran, M|2/100
|move|p2a: Hydreigon|Roost|p2a: Hydreigon
|-heal|p2a: Hydreigon|100/100
|-singleturn|p2a: Hydreigon|move: Roost
|
|upkeep
|turn|44
|
|t:|1661013135
|move|p2a: Hydreigon|Dark Pulse|p1a: Heatran
|-damage|p1a: Heatran|0 fnt
|faint|p1a: Heatran
|
|upkeep
|
|t:|1661013136
|switch|p1a: Dragapult|Dragapult, M|19/100
|turn|45
|
|t:|1661013142
|move|p1a: Dragapult|Draco Meteor|p2a: Hydreigon
|-supereffective|p2a: Hydreigon
|-damage|p2a: Hydreigon|0 fnt
|-unboost|p1a: Dragapult|spa|2
|faint|p2a: Hydreigon
|
|win|LT93OQ Gray
|raw|LT93OQ Gray's rating: 1787 &rarr; <strong>1808</strong><br />(+21 for winning)
|raw|hypervortexreturns's rating: 1798 &rarr; <strong>1777</strong><br />(-21 for losing)
|l|☆LT93OQ Gray
|l|‽hypervortexreturns
