|html|<div class="broadcast-blue"><strong>[Gen 8] OU is currently suspecting Melmetal! For information on how to participate check out the <a href="https://www.smogon.com/forums/threads/np-ss-ou-suspect-process-round-12-monster-mash.3709234/">suspect thread</a>.</strong></div>
|j|☆SuperTheoryBros
|j|☆64j3t3hrt3h
|t:|1665931174
|gametype|singles
|player|p1|SuperTheoryBros|266|1745
|player|p2|64j3t3hrt3h|170|1742
|teamsize|p1|6
|teamsize|p2|6
|gen|8
|tier|[Gen 8] OU
|rated|
|rule|Sleep Clause Mod: Limit one foe put to sleep
|rule|Species Clause: Limit one of each Pokémon
|rule|OHKO Clause: OHKO moves are banned
|rule|Evasion Items Clause: Evasion items are banned
|rule|Evasion Moves Clause: Evasion moves are banned
|rule|Endless Battle Clause: Forcing endless battles is banned
|rule|HP Percentage Mod: HP is shown in percentages
|rule|Dynamax Clause: You cannot dynamax
|clearpoke
|poke|p1|Pelipper, F|
|poke|p1|Seismitoad, F|
|poke|p1|Registeel|
|poke|p1|Dhelmise|
|poke|p1|Heliolisk, M|
|poke|p1|Tornadus-Therian, M|
|poke|p2|Buzzwole|
|poke|p2|Landorus-Therian, M|
|poke|p2|Magnezone|
|poke|p2|Tyranitar, M|
|poke|p2|Tapu Lele|
|poke|p2|Toxapex, F|
|teampreview
|j| Pike Trickfoot
|
|t:|1665931214
|start
|switch|p1a: Tornadus|Tornadus-Therian, M|100/100
|switch|p2a: Tapu Lele|Tapu Lele, shiny|100/100
|-fieldstart|move: Psychic Terrain|[from] ability: Psychic Surge|[of] p2a: Tapu Lele
|turn|1
|inactive|Battle timer is ON: inactive players will automatically lose when time's up. (requested by 64j3t3hrt3h)
|inactive|SuperTheoryBros has 120 seconds left.
|
|t:|1665931253
|switch|p2a: Toxapex|Toxapex, F|100/100
|move|p1a: Tornadus|Hurricane|p2a: Toxapex
|-damage|p2a: Toxapex|62/100
|
|upkeep
|turn|2
|
|t:|1665931270
|switch|p1a: Dhelmise|Dhelmise|100/100
|move|p2a: Toxapex|Toxic|p1a: Dhelmise
|-status|p1a: Dhelmise|tox
|
|-damage|p1a: Dhelmise|94/100 tox|[from] psn
|upkeep
|turn|3
|
|t:|1665931288
|switch|p2a: Landorus|Landorus-Therian, M|100/100
|-ability|p2a: Landorus|Intimidate|boost
|-unboost|p1a: Dhelmise|atk|1
|move|p1a: Dhelmise|Knock Off|p2a: Landorus
|-damage|p2a: Landorus|83/100
|-enditem|p2a: Landorus|Leftovers|[from] move: Knock Off|[of] p1a: Dhelmise
|
|-damage|p1a: Dhelmise|82/100 tox|[from] psn
|upkeep
|turn|4
|
|t:|1665931306
|switch|p1a: Pelipper|Pelipper, F|100/100
|-weather|RainDance|[from] ability: Drizzle|[of] p1a: Pelipper
|move|p2a: Landorus|Knock Off|p1a: Pelipper
|-damage|p1a: Pelipper|76/100
|-enditem|p1a: Pelipper|Damp Rock|[from] move: Knock Off|[of] p2a: Landorus
|
|-weather|RainDance|[upkeep]
|upkeep
|turn|5
|
|t:|1665931314
|move|p2a: Landorus|U-turn|p1a: Pelipper
|-resisted|p1a: Pelipper
|-damage|p1a: Pelipper|68/100
|
|t:|1665931318
|switch|p2a: Tyranitar|Tyranitar, M|100/100|[from]move: U-turn
|-weather|Sandstorm|[from] ability: Sand Stream|[of] p2a: Tyranitar
|move|p1a: Pelipper|Scald|p2a: Tyranitar
|-supereffective|p2a: Tyranitar
|-damage|p2a: Tyranitar|77/100
|-status|p2a: Tyranitar|brn
|
|-weather|Sandstorm|[upkeep]
|-damage|p1a: Pelipper|62/100|[from] Sandstorm
|-heal|p2a: Tyranitar|83/100 brn|[from] item: Leftovers
|-damage|p2a: Tyranitar|77/100 brn|[from] brn
|-fieldend|move: Psychic Terrain
|upkeep
|turn|6
|
|t:|1665931332
|move|p1a: Pelipper|U-turn|p2a: Tyranitar
|-supereffective|p2a: Tyranitar
|-damage|p2a: Tyranitar|64/100 brn
|inactive|SuperTheoryBros has 120 seconds left.
|
|t:|1665931361
|switch|p1a: Registeel|Registeel|100/100|[from]move: U-turn
|move|p2a: Tyranitar|Stealth Rock|p1a: Registeel
|-sidestart|p1: SuperTheoryBros|move: Stealth Rock
|
|-weather|Sandstorm|[upkeep]
|-heal|p2a: Tyranitar|71/100 brn|[from] item: Leftovers
|-damage|p2a: Tyranitar|64/100 brn|[from] brn
|upkeep
|turn|7
|
|t:|1665931372
|switch|p2a: Magnezone|Magnezone|100/100
|move|p1a: Registeel|Stealth Rock|p2a: Magnezone
|-sidestart|p2: 64j3t3hrt3h|move: Stealth Rock
|
|-weather|Sandstorm|[upkeep]
|upkeep
|turn|8
|
|t:|1665931378
|move|p2a: Magnezone|Iron Defense|p2a: Magnezone
|-boost|p2a: Magnezone|def|2
|move|p1a: Registeel|Iron Defense|p1a: Registeel
|-boost|p1a: Registeel|def|2
|
|-weather|Sandstorm|[upkeep]
|upkeep
|turn|9
|
|t:|1665931380
|move|p2a: Magnezone|Iron Defense|p2a: Magnezone
|-boost|p2a: Magnezone|def|2
|move|p1a: Registeel|Iron Defense|p1a: Registeel
|-boost|p1a: Registeel|def|2
|
|-weather|none
|upkeep
|turn|10
|
|t:|1665931383
|move|p2a: Magnezone|Iron Defense|p2a: Magnezone
|-boost|p2a: Magnezone|def|2
|move|p1a: Registeel|Iron Defense|p1a: Registeel
|-boost|p1a: Registeel|def|2
|
|upkeep
|turn|11
|
|t:|1665931385
|move|p2a: Magnezone|Body Press|p1a: Registeel
|-supereffective|p1a: Registeel
|-damage|p1a: Registeel|70/100
|move|p1a: Registeel|Body Press|p2a: Magnezone
|-supereffective|p2a: Magnezone
|-damage|p2a: Magnezone|57/100
|
|-heal|p2a: Magnezone|63/100|[from] item: Leftovers
|-heal|p1a: Registeel|76/100|[from] item: Leftovers
|upkeep
|turn|12
|
|t:|1665931393
|move|p2a: Magnezone|Body Press|p1a: Registeel
|-supereffective|p1a: Registeel
|-damage|p1a: Registeel|48/100
|move|p1a: Registeel|Body Press|p2a: Magnezone
|-supereffective|p2a: Magnezone
|-damage|p2a: Magnezone|19/100
|
|-heal|p2a: Magnezone|25/100|[from] item: Leftovers
|-heal|p1a: Registeel|54/100|[from] item: Leftovers
|upkeep
|turn|13
|
|t:|1665931400
|move|p2a: Magnezone|Thunderbolt|p1a: Registeel
|-damage|p1a: Registeel|30/100
|move|p1a: Registeel|Body Press|p2a: Magnezone
|-supereffective|p2a: Magnezone
|-damage|p2a: Magnezone|0 fnt
|faint|p2a: Magnezone
|
|-heal|p1a: Registeel|36/100|[from] item: Leftovers
|upkeep
|
|t:|1665931404
|switch|p2a: Tapu Lele|Tapu Lele, shiny|100/100
|-damage|p2a: Tapu Lele|88/100|[from] Stealth Rock
|-fieldstart|move: Psychic Terrain|[from] ability: Psychic Surge|[of] p2a: Tapu Lele
|turn|14
|j| Youressi
|j| Zombini62
|
|t:|1665931416
|move|p2a: Tapu Lele|Psychic|p1a: Registeel
|-resisted|p1a: Registeel
|-damage|p1a: Registeel|2/100
|move|p1a: Registeel|Toxic|p2a: Tapu Lele
|-status|p2a: Tapu Lele|tox
|
|-heal|p1a: Registeel|8/100|[from] item: Leftovers
|-damage|p2a: Tapu Lele|82/100 tox|[from] psn
|upkeep
|turn|15
|
|t:|1665931438
|move|p2a: Tapu Lele|Psychic|p1a: Registeel
|-resisted|p1a: Registeel
|-damage|p1a: Registeel|0 fnt
|faint|p1a: Registeel
|
|-damage|p2a: Tapu Lele|70/100 tox|[from] psn
|upkeep
|inactive|SuperTheoryBros has 120 seconds left.
|inactive|SuperTheoryBros has 90 seconds left.
|
|t:|1665931486
|switch|p1a: Heliolisk|Heliolisk, M|100/100
|-damage|p1a: Heliolisk|88/100|[from] Stealth Rock
|turn|16
|j| ISimpForIono
|inactive|SuperTheoryBros has 90 seconds left.
|
|t:|1665931507
|switch|p2a: Landorus|Landorus-Therian, M|83/100
|-damage|p2a: Landorus|70/100|[from] Stealth Rock
|-ability|p2a: Landorus|Intimidate|boost
|-unboost|p1a: Heliolisk|atk|1
|move|p1a: Heliolisk|Thunder|p2a: Landorus
|-immune|p2a: Landorus
|
|upkeep
|turn|17
|
|t:|1665931514
|move|p1a: Heliolisk|Surf|p2a: Landorus
|-supereffective|p2a: Landorus
|-damage|p2a: Landorus|12/100
|-damage|p1a: Heliolisk|78/100|[from] item: Life Orb
|move|p2a: Landorus|Earthquake|p1a: Heliolisk
|-supereffective|p1a: Heliolisk
|-damage|p1a: Heliolisk|0 fnt
|faint|p1a: Heliolisk
|
|upkeep
|j| mzh123
|inactive|SuperTheoryBros has 90 seconds left.
|l| mzh123
|
|t:|1665931538
|switch|p1a: Pelipper|Pelipper, F|62/100
|-damage|p1a: Pelipper|37/100|[from] Stealth Rock
|-weather|RainDance|[from] ability: Drizzle|[of] p1a: Pelipper
|turn|18
|
|t:|1665931547
|move|p2a: Landorus|Knock Off|p1a: Pelipper
|-crit|p1a: Pelipper
|-damage|p1a: Pelipper|12/100
|move|p1a: Pelipper|Roost|p1a: Pelipper
|-heal|p1a: Pelipper|62/100
|-singleturn|p1a: Pelipper|move: Roost
|
|-weather|RainDance|[upkeep]
|-fieldend|move: Psychic Terrain
|upkeep
|turn|19
|inactive|SuperTheoryBros has 90 seconds left.
|
|t:|1665931558
|move|p2a: Landorus|U-turn|p1a: Pelipper
|-resisted|p1a: Pelipper
|-damage|p1a: Pelipper|54/100
|
|t:|1665931562
|switch|p2a: Tapu Lele|Tapu Lele, shiny|70/100 tox|[from]move: U-turn
|-damage|p2a: Tapu Lele|57/100 tox|[from] Stealth Rock
|-fieldstart|move: Psychic Terrain|[from] ability: Psychic Surge|[of] p2a: Tapu Lele
|move|p1a: Pelipper|U-turn|p2a: Tapu Lele
|-damage|p2a: Tapu Lele|44/100 tox
|inactive|SuperTheoryBros has 90 seconds left.
|
|t:|1665931582
|switch|p1a: Seismitoad|Seismitoad, F|100/100|[from]move: U-turn
|-damage|p1a: Seismitoad|95/100|[from] Stealth Rock
|
|-weather|RainDance|[upkeep]
|-damage|p2a: Tapu Lele|38/100 tox|[from] psn
|upkeep
|turn|20
|
|t:|1665931590
|switch|p2a: Tyranitar|Tyranitar, M|64/100 brn
|-damage|p2a: Tyranitar|52/100 brn|[from] Stealth Rock
|-weather|Sandstorm|[from] ability: Sand Stream|[of] p2a: Tyranitar
|move|p1a: Seismitoad|Earth Power|p2a: Tyranitar
|-supereffective|p2a: Tyranitar
|-damage|p2a: Tyranitar|6/100 brn
|-unboost|p2a: Tyranitar|spd|1
|
|-weather|Sandstorm|[upkeep]
|-heal|p2a: Tyranitar|12/100 brn|[from] item: Leftovers
|-damage|p2a: Tyranitar|6/100 brn|[from] brn
|upkeep
|turn|21
|
|t:|1665931599
|move|p1a: Seismitoad|Earth Power|p2a: Tyranitar
|-supereffective|p2a: Tyranitar
|-damage|p2a: Tyranitar|0 fnt
|faint|p2a: Tyranitar
|
|-weather|Sandstorm|[upkeep]
|upkeep
|
|t:|1665931602
|switch|p2a: Tapu Lele|Tapu Lele, shiny|38/100 tox
|-damage|p2a: Tapu Lele|25/100 tox|[from] Stealth Rock
|turn|22
|inactive|SuperTheoryBros has 90 seconds left.
|
|t:|1665931612
|switch|p1a: Pelipper|Pelipper, F|54/100
|-damage|p1a: Pelipper|29/100|[from] Stealth Rock
|-weather|RainDance|[from] ability: Drizzle|[of] p1a: Pelipper
|move|p2a: Tapu Lele|Psychic|p1a: Pelipper
|-damage|p1a: Pelipper|0 fnt
|faint|p1a: Pelipper
|
|-weather|RainDance|[upkeep]
|-damage|p2a: Tapu Lele|19/100 tox|[from] psn
|upkeep
|inactive|SuperTheoryBros has 90 seconds left.
|
|t:|1665931624
|switch|p1a: Tornadus|Tornadus-Therian, M|100/100
|turn|23
|
|t:|1665931628
|switch|p2a: Toxapex|Toxapex, F|95/100
|-damage|p2a: Toxapex|82/100|[from] Stealth Rock
|move|p1a: Tornadus|Hurricane|p2a: Toxapex
|-damage|p2a: Toxapex|40/100
|
|-weather|RainDance|[upkeep]
|-fieldend|move: Psychic Terrain
|upkeep
|turn|24
|
|t:|1665931640
|switch|p2a: Landorus|Landorus-Therian, M|12/100
|-damage|p2a: Landorus|0 fnt|[from] Stealth Rock
|faint|p2a: Landorus
|move|p1a: Tornadus|Nasty Plot|p1a: Tornadus
|-boost|p1a: Tornadus|spa|2
|
|-weather|RainDance|[upkeep]
|upkeep
|
|t:|1665931644
|switch|p2a: Buzzwole|Buzzwole|100/100
|-damage|p2a: Buzzwole|88/100|[from] Stealth Rock
|turn|25
|
|t:|1665931648
|move|p2a: Buzzwole|Ice Punch|p1a: Tornadus
|-supereffective|p1a: Tornadus
|-damage|p1a: Tornadus|20/100
|move|p1a: Tornadus|Hurricane|p2a: Buzzwole
|-supereffective|p2a: Buzzwole
|-damage|p2a: Buzzwole|0 fnt
|faint|p2a: Buzzwole
|
|-weather|RainDance|[upkeep]
|upkeep
|-message|64j3t3hrt3h forfeited.
|
|win|SuperTheoryBros
|raw|SuperTheoryBros's rating: 1745 &rarr; <strong>1765</strong><br />(+20 for winning)
|raw|64j3t3hrt3h's rating: 1742 &rarr; <strong>1722</strong><br />(-20 for losing)
|l|☆64j3t3hrt3h
|l| Youressi
||Ladder isn't responding, score probably updated but might not have (Request timeout).
|l| ISimpForIono
