|j|☆antarctozolt
|j|☆garbagery
|inactive|Battle timer is ON: inactive players will automatically lose when time's up.
|t:|1663985663
|gametype|singles
|player|p1|antarctozolt|skier|
|player|p2|garbagery|pokemonrangerf|
|teamsize|p1|6
|teamsize|p2|6
|gen|8
|tier|[Gen 8] OU
|rated|Tournament battle
|rule|Sleep Clause Mod: Limit one foe put to sleep
|rule|Species Clause: Limit one of each Pokémon
|rule|OHKO Clause: OHKO moves are banned
|rule|Evasion Items Clause: Evasion items are banned
|rule|Evasion Moves Clause: Evasion moves are banned
|rule|Endless Battle Clause: Forcing endless battles is banned
|rule|HP Percentage Mod: HP is shown in percentages
|rule|Dynamax Clause: You cannot dynamax
|clearpoke
|poke|p1|Landorus-Therian, M|
|poke|p1|Tapu Lele|
|poke|p1|Ferrothorn, F|
|poke|p1|Zeraora|
|poke|p1|Tapu Fini|
|poke|p1|Tornadus-Therian, M|
|poke|p2|Tyranitar, F|
|poke|p2|Excadrill, M|
|poke|p2|Landorus-Therian, M|
|poke|p2|Dracozolt|
|poke|p2|Corviknight, M|
|poke|p2|Tapu Fini|
|teampreview
|inactive|antarctozolt also wants the timer to be on.
|
|t:|1663985691
|start
|switch|p1a: 7/11|Landorus-Therian, M, shiny|100/100
|switch|p2a: Tyranitar|Tyranitar, F|100/100
|-ability|p1a: 7/11|Intimidate|boost
|-unboost|p2a: Tyranitar|atk|1
|-weather|Sandstorm|[from] ability: Sand Stream|[of] p2a: Tyranitar
|turn|1
|
|t:|1663985697
|move|p1a: 7/11|U-turn|p2a: Tyranitar
|-supereffective|p2a: Tyranitar
|-damage|p2a: Tyranitar|58/100
|
|t:|1663985701
|switch|p1a: Tornadus|Tornadus-Therian, M|100/100|[from]move: U-turn
|move|p2a: Tyranitar|Ice Punch|p1a: Tornadus
|-supereffective|p1a: Tornadus
|-damage|p1a: Tornadus|37/100
|
|-weather|Sandstorm|[upkeep]
|-damage|p1a: Tornadus|31/100|[from] Sandstorm
|upkeep
|turn|2
|
|t:|1663985708
|switch|p2a: Landorus|Landorus-Therian, M|100/100
|-ability|p2a: Landorus|Intimidate|boost
|-unboost|p1a: Tornadus|atk|1
|move|p1a: Tornadus|U-turn|p2a: Landorus
|-resisted|p2a: Landorus
|-crit|p2a: Landorus
|-damage|p2a: Landorus|88/100
|-damage|p1a: Tornadus|14/100|[from] item: Rocky Helmet|[of] p2a: Landorus
|
|t:|1663985719
|switch|p1a: Mean girls|Tapu Lele, shiny|100/100|[from]move: U-turn
|-fieldstart|move: Psychic Terrain|[from] ability: Psychic Surge|[of] p1a: Mean girls
|
|-weather|Sandstorm|[upkeep]
|-damage|p1a: Mean girls|94/100|[from] Sandstorm
|upkeep
|turn|3
|
|t:|1663985726
|move|p2a: Landorus|Earthquake|p1a: Mean girls
|-damage|p1a: Mean girls|10/100
|move|p1a: Mean girls|Psychic|p2a: Landorus
|-damage|p2a: Landorus|0 fnt
|faint|p2a: Landorus
|
|-weather|Sandstorm|[upkeep]
|-damage|p1a: Mean girls|4/100|[from] Sandstorm
|upkeep
|
|t:|1663985735
|switch|p2a: Dracozolt|Dracozolt|100/100
|turn|4
|
|t:|1663985744
|switch|p1a: 7/11|Landorus-Therian, M, shiny|100/100
|-ability|p1a: 7/11|Intimidate|boost
|-unboost|p2a: Dracozolt|atk|1
|move|p2a: Dracozolt|Bolt Beak|p1a: 7/11
|-immune|p1a: 7/11
|
|-weather|Sandstorm|[upkeep]
|upkeep
|turn|5
|
|t:|1663985757
|switch|p2a: Corviknight|Corviknight, M|100/100
|-ability|p2a: Corviknight|Pressure
|move|p1a: 7/11|Stealth Rock|p2a: Corviknight
|-sidestart|p2: garbagery|move: Stealth Rock
|
|-weather|none
|upkeep
|turn|6
|
|t:|1663985763
|switch|p1a: Cardi B music|Ferrothorn, F|100/100
|move|p2a: Corviknight|Defog|p1a: Cardi B music
|-unboost|p1a: Cardi B music|evasion|1
|-sideend|p2: garbagery|Stealth Rock|[from] move: Defog|[of] p2a: Corviknight
|-fieldend|move: Psychic Terrain
|
|upkeep
|turn|7
|
|t:|1663985772
|move|p2a: Corviknight|Body Press|p1a: Cardi B music
|-supereffective|p1a: Cardi B music
|-damage|p1a: Cardi B music|74/100
|-damage|p2a: Corviknight|88/100|[from] ability: Iron Barbs|[of] p1a: Cardi B music
|move|p1a: Cardi B music|Leech Seed|p2a: Corviknight
|-start|p2a: Corviknight|move: Leech Seed
|
|-heal|p2a: Corviknight|94/100|[from] item: Leftovers
|-heal|p1a: Cardi B music|81/100|[from] item: Leftovers
|-damage|p2a: Corviknight|82/100|[from] Leech Seed|[of] p1a: Cardi B music
|-heal|p1a: Cardi B music|95/100|[silent]
|upkeep
|turn|8
|
|t:|1663985782
|switch|p2a: Tapu Fini|Tapu Fini|100/100
|-fieldstart|move: Misty Terrain|[from] ability: Misty Surge|[of] p2a: Tapu Fini
|move|p1a: Cardi B music|Stealth Rock|p2a: Tapu Fini
|-sidestart|p2: garbagery|move: Stealth Rock
|
|-heal|p1a: Cardi B music|100/100|[from] item: Leftovers
|upkeep
|turn|9
|
|t:|1663985790
|switch|p1a: Mean girls|Tapu Lele, shiny|4/100
|-fieldstart|move: Psychic Terrain|[from] ability: Psychic Surge|[of] p1a: Mean girls
|move|p2a: Tapu Fini|Taunt|p1a: Mean girls
|-start|p1a: Mean girls|move: Taunt
|
|upkeep
|turn|10
|
|t:|1663985793
|move|p1a: Mean girls|Moonblast|p2a: Tapu Fini
|-damage|p2a: Tapu Fini|44/100
|move|p2a: Tapu Fini|Whirlpool|p1a: Mean girls
|-damage|p1a: Mean girls|0 fnt
|faint|p1a: Mean girls
|
|-heal|p2a: Tapu Fini|50/100|[from] item: Leftovers
|upkeep
|
|t:|1663985796
|switch|p1a: GLADION|Zeraora, shiny|100/100
|turn|11
|
|t:|1663985806
|switch|p2a: Tyranitar|Tyranitar, F|58/100
|-damage|p2a: Tyranitar|46/100|[from] Stealth Rock
|-weather|Sandstorm|[from] ability: Sand Stream|[of] p2a: Tyranitar
|move|p1a: GLADION|Plasma Fists|p2a: Tyranitar
|-damage|p2a: Tyranitar|1/100
|-fieldactivate|move: Ion Deluge
|-hint|Normal-type moves become Electric-type after using Plasma Fists.
|
|-weather|Sandstorm|[upkeep]
|-damage|p1a: GLADION|95/100|[from] Sandstorm
|upkeep
|turn|12
|
|t:|1663985826
|switch|p2a: Excadrill|Excadrill, M|100/100
|-damage|p2a: Excadrill|97/100|[from] Stealth Rock
|move|p1a: GLADION|Knock Off|p2a: Excadrill
|-damage|p2a: Excadrill|52/100
|-enditem|p2a: Excadrill|Life Orb|[from] move: Knock Off|[of] p1a: GLADION
|
|-weather|Sandstorm|[upkeep]
|-damage|p1a: GLADION|89/100|[from] Sandstorm
|upkeep
|turn|13
|
|t:|1663985831
|switch|p1a: 7/11|Landorus-Therian, M, shiny|100/100
|-ability|p1a: 7/11|Intimidate|boost
|-unboost|p2a: Excadrill|atk|1
|move|p2a: Excadrill|Earthquake|p1a: 7/11
|-immune|p1a: 7/11
|
|-weather|Sandstorm|[upkeep]
|-fieldend|move: Psychic Terrain
|upkeep
|turn|14
|
|t:|1663985835
|move|p2a: Excadrill|Iron Head|p1a: 7/11
|-damage|p1a: 7/11|71/100
|move|p1a: 7/11|Earthquake|p2a: Excadrill
|-supereffective|p2a: Excadrill
|-damage|p2a: Excadrill|0 fnt
|faint|p2a: Excadrill
|
|-weather|Sandstorm|[upkeep]
|-heal|p1a: 7/11|77/100|[from] item: Leftovers
|upkeep
|
|t:|1663985840
|switch|p2a: Dracozolt|Dracozolt|100/100
|-damage|p2a: Dracozolt|88/100|[from] Stealth Rock
|turn|15
|
|t:|1663985842
|move|p2a: Dracozolt|Draco Meteor|p1a: 7/11
|-damage|p1a: 7/11|29/100
|-unboost|p2a: Dracozolt|spa|2
|-damage|p2a: Dracozolt|78/100|[from] item: Life Orb
|move|p1a: 7/11|Earthquake|p2a: Dracozolt
|-supereffective|p2a: Dracozolt
|-damage|p2a: Dracozolt|0 fnt
|faint|p2a: Dracozolt
|
|-weather|none
|-heal|p1a: 7/11|35/100|[from] item: Leftovers
|upkeep
|-message|garbagery forfeited.
|
|win|antarctozolt
|n|☆antarctozolt|antarctozolt
|n|☆garbagery|garbagery
|l|☆garbagery
|c|☆antarctozolt|easy
