|raw|<div class="broadcast-blue"><strong>This battle is required to be public due to a player having a name starting with 'lt94je'.</div>
|j|☆2222mm
|j|☆LT94JE Elpacho
|t:|1661321397
|gametype|singles
|player|p1|2222mm|2|1776
|player|p2|LT94JE Elpacho|102|1718
|teamsize|p1|6
|teamsize|p2|6
|gen|8
|tier|[Gen 8] OU
|rated|
|rule|Sleep Clause Mod: Limit one foe put to sleep
|rule|Species Clause: Limit one of each Pokémon
|rule|OHKO Clause: OHKO moves are banned
|rule|Evasion Items Clause: Evasion items are banned
|rule|Evasion Moves Clause: Evasion moves are banned
|rule|Endless Battle Clause: Forcing endless battles is banned
|rule|HP Percentage Mod: HP is shown in percentages
|rule|Dynamax Clause: You cannot dynamax
|clearpoke
|poke|p1|Tapu Fini|
|poke|p1|Landorus-Therian, M|
|poke|p1|Ferrothorn, F|
|poke|p1|Blacephalon|
|poke|p1|Glastrier|
|poke|p1|Kartana|
|poke|p2|Dragonite, M|
|poke|p2|Garchomp, M|
|poke|p2|Kartana|
|poke|p2|Mew|
|poke|p2|Volcarona, F|
|poke|p2|Weavile, M|
|teampreview
|inactive|Battle timer is ON: inactive players will automatically lose when time's up. (requested by LT94JE Elpacho)
|
|t:|1661321418
|start
|switch|p1a: Tapu Fini|Tapu Fini|100/100
|switch|p2a: Mew|Mew|100/100
|-fieldstart|move: Misty Terrain|[from] ability: Misty Surge|[of] p1a: Tapu Fini
|turn|1
|
|t:|1661321427
|move|p1a: Tapu Fini|Trick|p2a: Mew
|-activate|p1a: Tapu Fini|move: Trick|[of] p2a: Mew
|-item|p2a: Mew|Choice Scarf|[from] move: Trick
|-item|p1a: Tapu Fini|Colbur Berry|[from] move: Trick
|move|p2a: Mew|Volt Switch|p1a: Tapu Fini
|-supereffective|p1a: Tapu Fini
|-damage|p1a: Tapu Fini|70/100
|
|t:|1661321440
|switch|p2a: Kartana|Kartana|100/100|[from]move: Volt Switch
|
|upkeep
|turn|2
|
|t:|1661321451
|switch|p2a: Mew|Mew|100/100
|switch|p1a: Ferrothorn|Ferrothorn, F|100/100
|
|upkeep
|turn|3
|
|t:|1661321459
|switch|p1a: Tapu Fini|Tapu Fini|70/100
|move|p2a: Mew|Stealth Rock|p1a: Tapu Fini
|-sidestart|p1: 2222mm|move: Stealth Rock
|
|upkeep
|turn|4
|
|t:|1661321470
|move|p2a: Mew|Stealth Rock||[still]
|-fail|p2a: Mew
|move|p1a: Tapu Fini|Defog|p2a: Mew
|-unboost|p2a: Mew|evasion|1
|-sideend|p1: 2222mm|Stealth Rock|[from] move: Defog|[of] p1a: Tapu Fini
|-fieldend|Misty Terrain
|
|upkeep
|turn|5
|
|t:|1661321474
|move|p2a: Mew|Stealth Rock|p1a: Tapu Fini
|-sidestart|p1: 2222mm|move: Stealth Rock
|move|p1a: Tapu Fini|Moonblast|p2a: Mew
|-damage|p2a: Mew|71/100
|-unboost|p2a: Mew|spa|1
|
|upkeep
|turn|6
|
|t:|1661321477
|move|p2a: Mew|Stealth Rock||[still]
|-fail|p2a: Mew
|move|p1a: Tapu Fini|Defog|p2a: Mew
|-unboost|p2a: Mew|evasion|1
|-sideend|p1: 2222mm|Stealth Rock|[from] move: Defog|[of] p1a: Tapu Fini
|
|upkeep
|turn|7
|
|t:|1661321484
|move|p2a: Mew|Stealth Rock|p1a: Tapu Fini
|-sidestart|p1: 2222mm|move: Stealth Rock
|move|p1a: Tapu Fini|Moonblast|p2a: Mew
|-damage|p2a: Mew|39/100
|
|upkeep
|turn|8
|
|t:|1661321489
|move|p2a: Mew|Stealth Rock||[still]
|-fail|p2a: Mew
|move|p1a: Tapu Fini|Defog|p2a: Mew
|-unboost|p2a: Mew|evasion|1
|-sideend|p1: 2222mm|Stealth Rock|[from] move: Defog|[of] p1a: Tapu Fini
|
|upkeep
|turn|9
|j| LT94JEwhyaddicted
|
|t:|1661321511
|move|p2a: Mew|Stealth Rock|p1a: Tapu Fini
|-sidestart|p1: 2222mm|move: Stealth Rock
|move|p1a: Tapu Fini|Moonblast|p2a: Mew
|-damage|p2a: Mew|8/100
|
|upkeep
|turn|10
|
|t:|1661321517
|move|p2a: Mew|Stealth Rock||[still]
|-fail|p2a: Mew
|move|p1a: Tapu Fini|Defog|p2a: Mew
|-unboost|p2a: Mew|evasion|1
|-sideend|p1: 2222mm|Stealth Rock|[from] move: Defog|[of] p1a: Tapu Fini
|
|upkeep
|turn|11
|
|t:|1661321541
|switch|p1a: Glastrier|Glastrier|100/100
|move|p2a: Mew|Stealth Rock|p1a: Glastrier
|-sidestart|p1: 2222mm|move: Stealth Rock
|
|upkeep
|turn|12
|
|t:|1661321553
|switch|p2a: Volcarona|Volcarona, F|100/100
|move|p1a: Glastrier|Icicle Crash|p2a: Volcarona
|-resisted|p2a: Volcarona
|-damage|p2a: Volcarona|68/100
|
|upkeep
|turn|13
|l| LT94JEwhyaddicted
|
|t:|1661321560
|switch|p1a: Landorus|Landorus-Therian, M|100/100
|-damage|p1a: Landorus|88/100|[from] Stealth Rock
|-ability|p1a: Landorus|Intimidate|boost
|-unboost|p2a: Volcarona|atk|1
|move|p2a: Volcarona|Quiver Dance|p2a: Volcarona
|-boost|p2a: Volcarona|spa|1
|-boost|p2a: Volcarona|spd|1
|-boost|p2a: Volcarona|spe|1
|
|upkeep
|turn|14
|
|t:|1661321563
|move|p2a: Volcarona|Flamethrower|p1a: Landorus
|-damage|p1a: Landorus|36/100
|move|p1a: Landorus|Fling|p2a: Volcarona
|-damage|p2a: Volcarona|55/100
|-status|p2a: Volcarona|par
|-enditem|p1a: Landorus|Light Ball|[from] move: Fling
|
|upkeep
|turn|15
|
|t:|1661321579
|switch|p1a: Tapu Fini|Tapu Fini|70/100
|-damage|p1a: Tapu Fini|57/100|[from] Stealth Rock
|-fieldstart|move: Misty Terrain|[from] ability: Misty Surge|[of] p1a: Tapu Fini
|cant|p2a: Volcarona|par
|
|upkeep
|turn|16
|
|t:|1661321583
|move|p1a: Tapu Fini|Defog|p2a: Volcarona
|-unboost|p2a: Volcarona|evasion|1
|-sideend|p1: 2222mm|Stealth Rock|[from] move: Defog|[of] p1a: Tapu Fini
|-fieldend|Misty Terrain
|move|p2a: Volcarona|Giga Drain|p1a: Tapu Fini
|-supereffective|p1a: Tapu Fini
|-damage|p1a: Tapu Fini|0 fnt
|-heal|p2a: Volcarona|87/100 par|[from] drain|[of] p1a: Tapu Fini
|faint|p1a: Tapu Fini
|
|upkeep
|j| elejiuch1
|inactive|2222mm has 120 seconds left.
|
|t:|1661321615
|switch|p1a: Blacephalon|Blacephalon|100/100
|turn|17
|
|t:|1661321620
|move|p1a: Blacephalon|Flamethrower|p2a: Volcarona
|-damage|p2a: Volcarona|36/100 par
|move|p2a: Volcarona|Psychic|p1a: Blacephalon
|-damage|p1a: Blacephalon|13/100
|
|upkeep
|turn|18
|
|t:|1661321627
|move|p1a: Blacephalon|Flamethrower|p2a: Volcarona
|-damage|p2a: Volcarona|0 fnt
|faint|p2a: Volcarona
|-ability|p1a: Blacephalon|Beast Boost|boost
|-boost|p1a: Blacephalon|spa|1
|
|upkeep
|
|t:|1661321630
|switch|p2a: Dragonite|Dragonite, M|100/100
|turn|19
|
|t:|1661321642
|move|p1a: Blacephalon|Flamethrower|p2a: Dragonite
|-resisted|p2a: Dragonite
|-damage|p2a: Dragonite|68/100
|move|p2a: Dragonite|Dragon Dance|p2a: Dragonite
|-boost|p2a: Dragonite|atk|1
|-boost|p2a: Dragonite|spe|1
|
|upkeep
|turn|20
|
|t:|1661321648
|switch|p1a: Landorus|Landorus-Therian, M|36/100
|-ability|p1a: Landorus|Intimidate|boost
|-unboost|p2a: Dragonite|atk|1
|move|p2a: Dragonite|Earthquake|p1a: Landorus
|-immune|p1a: Landorus
|
|upkeep
|turn|21
|
|t:|1661321653
|move|p2a: Dragonite|Dragon Dance|p2a: Dragonite
|-boost|p2a: Dragonite|atk|1
|-boost|p2a: Dragonite|spe|1
|move|p1a: Landorus|U-turn|p2a: Dragonite
|-resisted|p2a: Dragonite
|-damage|p2a: Dragonite|57/100
|
|t:|1661321656
|switch|p1a: Glastrier|Glastrier|100/100|[from]move: U-turn
|
|upkeep
|turn|22
|
|t:|1661321658
|switch|p1a: Landorus|Landorus-Therian, M|36/100
|-ability|p1a: Landorus|Intimidate|boost
|-unboost|p2a: Dragonite|atk|1
|move|p2a: Dragonite|Outrage|p1a: Landorus
|-damage|p1a: Landorus|0 fnt
|faint|p1a: Landorus
|-damage|p2a: Dragonite|47/100|[from] item: Life Orb
|
|upkeep
|
|t:|1661321661
|switch|p1a: Glastrier|Glastrier|100/100
|turn|23
|
|t:|1661321677
|move|p2a: Dragonite|Outrage|p1a: Glastrier|[from]lockedmove
|-damage|p1a: Glastrier|44/100
|-damage|p2a: Dragonite|37/100|[from] item: Life Orb
|-start|p2a: Dragonite|confusion|[fatigue]
|move|p1a: Glastrier|Icicle Crash|p2a: Dragonite
|-supereffective|p2a: Dragonite
|-crit|p2a: Dragonite
|-damage|p2a: Dragonite|0 fnt
|faint|p2a: Dragonite
|-ability|p1a: Glastrier|Chilling Neigh|boost
|-boost|p1a: Glastrier|atk|1
|
|upkeep
|
|t:|1661321683
|switch|p2a: Mew|Mew|8/100
|turn|24
|c|☆2222mm|inner focus better
|
|t:|1661321703
|move|p2a: Mew|Stealth Rock|p1a: Glastrier
|-sidestart|p1: 2222mm|move: Stealth Rock
|move|p1a: Glastrier|High Horsepower|p2a: Mew
|-damage|p2a: Mew|0 fnt
|faint|p2a: Mew
|-ability|p1a: Glastrier|Chilling Neigh|boost
|-boost|p1a: Glastrier|atk|1
|
|upkeep
|
|t:|1661321712
|switch|p2a: Kartana|Kartana|100/100
|turn|25
|
|t:|1661321716
|switch|p1a: Blacephalon|Blacephalon|13/100
|-damage|p1a: Blacephalon|0 fnt|[from] Stealth Rock
|faint|p1a: Blacephalon
|move|p2a: Kartana|Sacred Sword|p1: Blacephalon|[notarget]
|-fail|p2a: Kartana
|
|upkeep
|
|t:|1661321721
|switch|p1a: Ferrothorn|Ferrothorn, F|100/100
|-damage|p1a: Ferrothorn|94/100|[from] Stealth Rock
|turn|26
|
|t:|1661321728
|switch|p2a: Garchomp|Garchomp, M|100/100
|move|p1a: Ferrothorn|Body Press|p2a: Garchomp
|-damage|p2a: Garchomp|68/100
|-damage|p1a: Ferrothorn|82/100|[from] ability: Rough Skin|[of] p2a: Garchomp
|
|-heal|p1a: Ferrothorn|88/100|[from] item: Leftovers
|upkeep
|turn|27
|
|t:|1661321739
|move|p2a: Garchomp|Fire Fang|p1a: Ferrothorn
|-supereffective|p1a: Ferrothorn
|-damage|p1a: Ferrothorn|14/100
|-damage|p2a: Garchomp|56/100|[from] ability: Iron Barbs|[of] p1a: Ferrothorn
|-damage|p2a: Garchomp|46/100|[from] item: Life Orb
|move|p1a: Ferrothorn|Leech Seed|p2a: Garchomp
|-start|p2a: Garchomp|move: Leech Seed
|
|-heal|p1a: Ferrothorn|20/100|[from] item: Leftovers
|-damage|p2a: Garchomp|34/100|[from] Leech Seed|[of] p1a: Ferrothorn
|-heal|p1a: Ferrothorn|33/100|[silent]
|upkeep
|turn|28
|
|t:|1661321759
|switch|p2a: Kartana|Kartana|100/100
|move|p1a: Ferrothorn|Body Press|p2a: Kartana
|-supereffective|p2a: Kartana
|-crit|p2a: Kartana
|-damage|p2a: Kartana|8/100
|
|-heal|p1a: Ferrothorn|39/100|[from] item: Leftovers
|upkeep
|turn|29
|
|t:|1661321768
|switch|p2a: Garchomp|Garchomp, M|34/100
|move|p1a: Ferrothorn|Body Press|p2a: Garchomp
|-damage|p2a: Garchomp|4/100
|-damage|p1a: Ferrothorn|27/100|[from] ability: Rough Skin|[of] p2a: Garchomp
|
|-heal|p1a: Ferrothorn|33/100|[from] item: Leftovers
|upkeep
|turn|30
|
|t:|1661321772
|move|p2a: Garchomp|Earthquake|p1a: Ferrothorn
|-damage|p1a: Ferrothorn|0 fnt
|faint|p1a: Ferrothorn
|-damage|p2a: Garchomp|0 fnt|[from] item: Life Orb
|faint|p2a: Garchomp
|
|upkeep
|
|t:|1661321779
|switch|p2a: Weavile|Weavile, M|100/100
|switch|p1a: Kartana|Kartana, shiny|100/100
|-damage|p1a: Kartana|94/100|[from] Stealth Rock
|-ability|p2a: Weavile|Pressure
|turn|31
|
|t:|1661321784
|move|p2a: Weavile|Ice Shard|p1a: Kartana
|-damage|p1a: Kartana|64/100
|-damage|p2a: Weavile|91/100|[from] item: Life Orb
|move|p1a: Kartana|Sacred Sword|p2a: Weavile
|-supereffective|p2a: Weavile
|-damage|p2a: Weavile|0 fnt
|faint|p2a: Weavile
|-ability|p1a: Kartana|Beast Boost|boost
|-boost|p1a: Kartana|atk|1
|
|upkeep
|
|t:|1661321786
|switch|p2a: Kartana|Kartana|8/100
|turn|32
|
|t:|1661321789
|move|p2a: Kartana|Sacred Sword|p1a: Kartana
|-supereffective|p1a: Kartana
|-damage|p1a: Kartana|0 fnt
|faint|p1a: Kartana
|-ability|p2a: Kartana|Beast Boost|boost
|-boost|p2a: Kartana|atk|1
|
|upkeep
|
|t:|1661321792
|switch|p1a: Glastrier|Glastrier|44/100
|-damage|p1a: Glastrier|19/100|[from] Stealth Rock
|turn|33
|-enditem|p1a: Glastrier|Custap Berry|[eat]
|-activate|p1a: Glastrier|item: Custap Berry|[consumed]
|
|t:|1661321794
|move|p1a: Glastrier|High Horsepower|p2a: Kartana
|-damage|p2a: Kartana|0 fnt
|faint|p2a: Kartana
|
|win|2222mm
|raw|2222mm's rating: 1776 &rarr; <strong>1793</strong><br />(+17 for winning)
|raw|LT94JE Elpacho's rating: 1718 &rarr; <strong>1701</strong><br />(-17 for losing)
|l|☆LT94JE Elpacho
