|j|☆kingyascah
|j|☆Spectre Ace
|t:|1667346489
|gametype|singles
|player|p1|kingyascah|teamrocket|1693
|player|p2|Spectre Ace|juggler|1651
|teamsize|p1|6
|teamsize|p2|6
|gen|8
|tier|[Gen 8] OU
|rated|
|rule|Sleep Clause Mod: Limit one foe put to sleep
|rule|Species Clause: Limit one of each Pokémon
|rule|OHKO Clause: OHKO moves are banned
|rule|Evasion Items Clause: Evasion items are banned
|rule|Evasion Moves Clause: Evasion moves are banned
|rule|Endless Battle Clause: Forcing endless battles is banned
|rule|HP Percentage Mod: HP is shown in percentages
|rule|Dynamax Clause: You cannot dynamax
|clearpoke
|poke|p1|Dragapult, F|
|poke|p1|Corviknight, F|
|poke|p1|Urshifu-*, M|
|poke|p1|Melmetal|
|poke|p1|Landorus-Therian, M|
|poke|p1|Garchomp, F|
|poke|p2|Raichu-Alola, F|
|poke|p2|Tapu Koko|
|poke|p2|Ferrothorn, M|
|poke|p2|Mandibuzz, F|
|poke|p2|Garchomp, M|
|poke|p2|Heatran, M|
|teampreview
|inactive|Battle timer is ON: inactive players will automatically lose when time's up. (requested by kingyascah)
|j| Anoxx17
|
|t:|1667346517
|start
|switch|p1a: Landorus|Landorus-Therian, M|100/100
|switch|p2a: Croft|Mandibuzz, F|100/100
|-ability|p1a: Landorus|Intimidate|boost
|-unboost|p2a: Croft|atk|1
|turn|1
|l| Anoxx17
|
|t:|1667346523
|move|p1a: Landorus|Stealth Rock|p2a: Croft
|-sidestart|p2: Spectre Ace|move: Stealth Rock
|move|p2a: Croft|Foul Play|p1a: Landorus
|-damage|p1a: Landorus|65/100
|
|-heal|p1a: Landorus|71/100|[from] item: Leftovers
|upkeep
|turn|2
|
|t:|1667346527
|move|p1a: Landorus|Knock Off|p2a: Croft
|-resisted|p2a: Croft
|-damage|p2a: Croft|92/100
|-enditem|p2a: Croft|Heavy-Duty Boots|[from] move: Knock Off|[of] p1a: Landorus
|move|p2a: Croft|Foul Play|p1a: Landorus
|-damage|p1a: Landorus|37/100
|
|-heal|p1a: Landorus|43/100|[from] item: Leftovers
|upkeep
|turn|3
|
|t:|1667346533
|move|p1a: Landorus|U-turn|p2a: Croft
|-damage|p2a: Croft|79/100
|
|t:|1667346535
|switch|p1a: Urshifu|Urshifu-Rapid-Strike, M|100/100|[from]move: U-turn
|move|p2a: Croft|Defog|p1a: Urshifu
|-unboost|p1a: Urshifu|evasion|1
|-sideend|p2: Spectre Ace|Stealth Rock|[from] move: Defog|[of] p2a: Croft
|
|upkeep
|turn|4
|
|t:|1667346542
|move|p1a: Urshifu|Close Combat|p2a: Croft
|-damage|p2a: Croft|20/100
|-unboost|p1a: Urshifu|def|1
|-unboost|p1a: Urshifu|spd|1
|move|p2a: Croft|U-turn|p1a: Urshifu
|-resisted|p1a: Urshifu
|-damage|p1a: Urshifu|95/100
|
|t:|1667346544
|switch|p2a: Booker|Tapu Koko|100/100|[from]move: U-turn
|-fieldstart|move: Electric Terrain|[from] ability: Electric Surge|[of] p2a: Booker
|
|upkeep
|turn|5
|
|t:|1667346551
|switch|p1a: Landorus|Landorus-Therian, M|43/100
|-ability|p1a: Landorus|Intimidate|boost
|-unboost|p2a: Booker|atk|1
|move|p2a: Booker|U-turn|p1a: Landorus
|-resisted|p1a: Landorus
|-damage|p1a: Landorus|40/100
|
|t:|1667346556
|switch|p2a: Valentine|Raichu-Alola, F, shiny|100/100|[from]move: U-turn
|
|-heal|p1a: Landorus|46/100|[from] item: Leftovers
|upkeep
|turn|6
|
|t:|1667346563
|move|p2a: Valentine|Surf|p1a: Landorus
|-supereffective|p1a: Landorus
|-damage|p1a: Landorus|0 fnt
|faint|p1a: Landorus
|-damage|p2a: Valentine|91/100|[from] item: Life Orb
|
|upkeep
|
|t:|1667346567
|switch|p1a: Dragapult|Dragapult, F|100/100
|turn|7
|
|t:|1667346570
|switch|p2a: Kennedy|Heatran, M|100/100
|move|p1a: Dragapult|Shadow Ball|p2a: Kennedy
|-damage|p2a: Kennedy|68/100
|
|-heal|p2a: Kennedy|74/100|[from] item: Leftovers
|upkeep
|turn|8
|
|t:|1667346587
|switch|p1a: Garchomp|Garchomp, F|100/100
|move|p2a: Kennedy|Toxic|p1a: Garchomp
|-status|p1a: Garchomp|tox
|
|-heal|p2a: Kennedy|80/100|[from] item: Leftovers
|-damage|p1a: Garchomp|94/100 tox|[from] psn
|upkeep
|turn|9
|
|t:|1667346592
|switch|p2a: Sundowner|Ferrothorn, M|100/100
|move|p1a: Garchomp|Swords Dance|p1a: Garchomp
|-boost|p1a: Garchomp|atk|2
|
|-heal|p1a: Garchomp|100/100 tox|[from] item: Leftovers
|-damage|p1a: Garchomp|88/100 tox|[from] psn
|upkeep
|turn|10
|
|t:|1667346608
|switch|p2a: Croft|Mandibuzz, F|20/100
|move|p1a: Garchomp|Fire Fang|p2a: Croft
|-damage|p2a: Croft|0 fnt
|faint|p2a: Croft
|
|-heal|p1a: Garchomp|94/100 tox|[from] item: Leftovers
|-damage|p1a: Garchomp|76/100 tox|[from] psn
|upkeep
|
|t:|1667346613
|switch|p2a: Booker|Tapu Koko|100/100
|turn|11
|
|t:|1667346618
|move|p2a: Booker|Dazzling Gleam|p1a: Garchomp
|-supereffective|p1a: Garchomp
|-damage|p1a: Garchomp|0 fnt
|faint|p1a: Garchomp
|
|-fieldend|move: Electric Terrain
|upkeep
|
|t:|1667346621
|switch|p1a: Melmetal|Melmetal|100/100
|turn|12
|
|t:|1667346630
|move|p2a: Booker|U-turn|p1a: Melmetal
|-resisted|p1a: Melmetal
|-damage|p1a: Melmetal|95/100
|
|t:|1667346634
|switch|p2a: Crane|Garchomp, M|100/100|[from]move: U-turn
|move|p1a: Melmetal|Double Iron Bash|p2a: Crane
|-damage|p2a: Crane|58/100
|-activate|p2a: Crane|ability: Rough Skin
|-activate|p1a: Melmetal|item: Protective Pads
|-damage|p2a: Crane|11/100
|-activate|p2a: Crane|ability: Rough Skin
|-activate|p1a: Melmetal|item: Protective Pads
|-hitcount|p2a: Crane|2
|
|-heal|p2a: Crane|17/100|[from] item: Leftovers
|upkeep
|turn|13
|
|t:|1667346642
|switch|p1a: Corviknight|Corviknight, F|100/100
|-ability|p1a: Corviknight|Pressure
|move|p2a: Crane|Stealth Rock|p1a: Corviknight
|-sidestart|p1: kingyascah|move: Stealth Rock
|
|-heal|p2a: Crane|23/100|[from] item: Leftovers
|upkeep
|turn|14
|
|t:|1667346645
|move|p2a: Crane|Swords Dance|p2a: Crane
|-boost|p2a: Crane|atk|2
|move|p1a: Corviknight|Body Press|p2a: Crane
|-damage|p2a: Crane|0 fnt
|-damage|p1a: Corviknight|88/100|[from] ability: Rough Skin|[of] p2a: Crane
|faint|p2a: Crane
|
|upkeep
|
|t:|1667346648
|switch|p2a: Booker|Tapu Koko|100/100
|-fieldstart|move: Electric Terrain|[from] ability: Electric Surge|[of] p2a: Booker
|turn|15
|
|t:|1667346650
|move|p2a: Booker|Thunderbolt|p1a: Corviknight
|-supereffective|p1a: Corviknight
|-damage|p1a: Corviknight|2/100
|move|p1a: Corviknight|Defog|p2a: Booker
|-unboost|p2a: Booker|evasion|1
|-sideend|p1: kingyascah|Stealth Rock|[from] move: Defog|[of] p1a: Corviknight
|-fieldend|move: Electric Terrain
|
|upkeep
|turn|16
|
|t:|1667346655
|move|p2a: Booker|Thunderbolt|p1a: Corviknight
|-supereffective|p1a: Corviknight
|-damage|p1a: Corviknight|0 fnt
|faint|p1a: Corviknight
|
|upkeep
|
|t:|1667346657
|switch|p1a: Melmetal|Melmetal|95/100
|turn|17
|
|t:|1667346662
|switch|p2a: Sundowner|Ferrothorn, M|100/100
|move|p1a: Melmetal|Double Iron Bash|p2a: Sundowner
|-resisted|p2a: Sundowner
|-damage|p2a: Sundowner|86/100
|-activate|p2a: Sundowner|ability: Iron Barbs
|-activate|p1a: Melmetal|item: Protective Pads
|-resisted|p2a: Sundowner
|-damage|p2a: Sundowner|70/100
|-activate|p2a: Sundowner|ability: Iron Barbs
|-activate|p1a: Melmetal|item: Protective Pads
|-hitcount|p2a: Sundowner|2
|
|-heal|p2a: Sundowner|77/100|[from] item: Leftovers
|upkeep
|turn|18
|
|t:|1667346665
|move|p1a: Melmetal|Double Iron Bash|p2a: Sundowner
|-resisted|p2a: Sundowner
|-damage|p2a: Sundowner|61/100
|-activate|p2a: Sundowner|ability: Iron Barbs
|-activate|p1a: Melmetal|item: Protective Pads
|-resisted|p2a: Sundowner
|-damage|p2a: Sundowner|44/100
|-activate|p2a: Sundowner|ability: Iron Barbs
|-activate|p1a: Melmetal|item: Protective Pads
|-hitcount|p2a: Sundowner|2
|move|p2a: Sundowner|Leech Seed|p1a: Melmetal
|-start|p1a: Melmetal|move: Leech Seed
|
|-heal|p2a: Sundowner|50/100|[from] item: Leftovers
|-damage|p1a: Melmetal|83/100|[from] Leech Seed|[of] p2a: Sundowner
|-heal|p2a: Sundowner|65/100|[silent]
|upkeep
|turn|19
|
|t:|1667346670
|move|p1a: Melmetal|Superpower|p2a: Sundowner
|-supereffective|p2a: Sundowner
|-damage|p2a: Sundowner|2/100
|-unboost|p1a: Melmetal|atk|1
|-unboost|p1a: Melmetal|def|1
|-activate|p2a: Sundowner|ability: Iron Barbs
|-activate|p1a: Melmetal|item: Protective Pads
|move|p2a: Sundowner|Knock Off|p1a: Melmetal
|-damage|p1a: Melmetal|62/100
|-enditem|p1a: Melmetal|Protective Pads|[from] move: Knock Off|[of] p2a: Sundowner
|
|-heal|p2a: Sundowner|8/100|[from] item: Leftovers
|-damage|p1a: Melmetal|50/100|[from] Leech Seed|[of] p2a: Sundowner
|-heal|p2a: Sundowner|23/100|[silent]
|upkeep
|turn|20
|
|t:|1667346675
|switch|p2a: Kennedy|Heatran, M|80/100
|move|p1a: Melmetal|Double Iron Bash|p2a: Kennedy
|-resisted|p2a: Kennedy
|-damage|p2a: Kennedy|74/100
|-resisted|p2a: Kennedy
|-damage|p2a: Kennedy|67/100
|-hitcount|p2a: Kennedy|2
|
|-heal|p2a: Kennedy|74/100|[from] item: Leftovers
|-damage|p1a: Melmetal|38/100|[from] Leech Seed|[of] p2a: Kennedy
|-heal|p2a: Kennedy|87/100|[silent]
|upkeep
|turn|21
|
|t:|1667346679
|switch|p1a: Urshifu|Urshifu-Rapid-Strike, M|95/100
|move|p2a: Kennedy|Earth Power|p1a: Urshifu
|-damage|p1a: Urshifu|56/100
|
|-heal|p2a: Kennedy|93/100|[from] item: Leftovers
|upkeep
|turn|22
|
|t:|1667346684
|switch|p2a: Sundowner|Ferrothorn, M|23/100
|move|p1a: Urshifu|Close Combat|p2a: Sundowner
|-supereffective|p2a: Sundowner
|-damage|p2a: Sundowner|0 fnt
|-unboost|p1a: Urshifu|def|1
|-unboost|p1a: Urshifu|spd|1
|-damage|p1a: Urshifu|44/100|[from] ability: Iron Barbs|[of] p2a: Sundowner
|faint|p2a: Sundowner
|
|upkeep
|j| ty-tyui↻
|
|t:|1667346686
|switch|p2a: Booker|Tapu Koko|100/100
|-fieldstart|move: Electric Terrain|[from] ability: Electric Surge|[of] p2a: Booker
|turn|23
|
|t:|1667346692
|switch|p1a: Melmetal|Melmetal|38/100
|move|p2a: Booker|Dazzling Gleam|p1a: Melmetal
|-resisted|p1a: Melmetal
|-damage|p1a: Melmetal|22/100
|
|upkeep
|turn|24
|
|t:|1667346694
|move|p2a: Booker|Thunderbolt|p1a: Melmetal
|-damage|p1a: Melmetal|0 fnt
|faint|p1a: Melmetal
|
|upkeep
|
|t:|1667346700
|switch|p1a: Urshifu|Urshifu-Rapid-Strike, M|44/100
|turn|25
|
|t:|1667346705
|move|p1a: Urshifu|Aqua Jet|p2a: Booker
|-damage|p2a: Booker|53/100
|move|p2a: Booker|Dazzling Gleam|p1a: Urshifu
|-supereffective|p1a: Urshifu
|-damage|p1a: Urshifu|0 fnt
|faint|p1a: Urshifu
|
|upkeep
|
|t:|1667346708
|switch|p1a: Dragapult|Dragapult, F|100/100
|turn|26
|
|t:|1667346712
|move|p1a: Dragapult|Shadow Ball|p2a: Booker
|-damage|p2a: Booker|0 fnt
|faint|p2a: Booker
|
|upkeep
|
|t:|1667346716
|switch|p2a: Kennedy|Heatran, M|93/100
|turn|27
|
|t:|1667346719
|move|p1a: Dragapult|Shadow Ball|p2a: Kennedy
|-crit|p2a: Kennedy
|-damage|p2a: Kennedy|42/100
|move|p2a: Kennedy|Earth Power|p1a: Dragapult
|-damage|p1a: Dragapult|65/100
|
|-heal|p2a: Kennedy|48/100|[from] item: Leftovers
|upkeep
|turn|28
|
|t:|1667346724
|move|p1a: Dragapult|Shadow Ball|p2a: Kennedy
|-damage|p2a: Kennedy|16/100
|move|p2a: Kennedy|Earth Power|p1a: Dragapult
|-damage|p1a: Dragapult|31/100
|
|-heal|p2a: Kennedy|22/100|[from] item: Leftovers
|upkeep
|turn|29
|
|t:|1667346726
|move|p1a: Dragapult|Shadow Ball|p2a: Kennedy
|-damage|p2a: Kennedy|0 fnt
|faint|p2a: Kennedy
|
|upkeep
|
|t:|1667346728
|switch|p2a: Valentine|Raichu-Alola, F, shiny|91/100
|turn|30
|
|t:|1667346731
|move|p2a: Valentine|Rising Voltage|p1a: Dragapult
|-hint|Rising Voltage's BP doubled on grounded target.
|-resisted|p1a: Dragapult
|-damage|p1a: Dragapult|0 fnt
|faint|p1a: Dragapult
|-damage|p2a: Valentine|81/100|[from] item: Life Orb
|
|win|Spectre Ace
|raw|kingyascah's rating: 1693 &rarr; <strong>1671</strong><br />(-22 for losing)
|raw|Spectre Ace's rating: 1651 &rarr; <strong>1673</strong><br />(+22 for winning)
|l| ty-tyui↻
|l|☆kingyascah
||Ladder isn't responding, score probably updated but might not have (Request timeout).
