|j|☆SuperTheoryBros
|j|☆Alec'sPropGun
|t:|1649117548
|gametype|singles
|player|p1|SuperTheoryBros|265|1704
|player|p2|Alec'sPropGun|alder|1693
|teamsize|p1|6
|teamsize|p2|6
|gen|8
|tier|[Gen 8] OU
|rated|
|rule|Sleep Clause Mod: Limit one foe put to sleep
|rule|Species Clause: Limit one of each Pokémon
|rule|OHKO Clause: OHKO moves are banned
|rule|Evasion Moves Clause: Evasion moves are banned
|rule|Endless Battle Clause: Forcing endless battles is banned
|rule|HP Percentage Mod: HP is shown in percentages
|rule|Dynamax Clause: You cannot dynamax
|clearpoke
|poke|p1|Ninetales-Alola, M|
|poke|p1|Arctozolt|
|poke|p1|Landorus-Therian, M|
|poke|p1|Magnezone|
|poke|p1|Toxapex, M|
|poke|p1|Mandibuzz, F|
|poke|p2|Volcanion|
|poke|p2|Landorus-Therian, M|
|poke|p2|Urshifu-*, F|
|poke|p2|Ferrothorn, M|
|poke|p2|Dragapult, M|
|poke|p2|Tapu Koko|
|teampreview
|j| LT_Alt1
|
|t:|1649117566
|start
|switch|p1a: Ninetales|Ninetales-Alola, M|100/100
|switch|p2a: Urshifu|Urshifu-Rapid-Strike, F|100/100
|-weather|Hail|[from] ability: Snow Warning|[of] p1a: Ninetales
|turn|1
|j| gjjjfgjhhjf
|inactive|Battle timer is ON: inactive players will automatically lose when time's up. (requested by Alec'sPropGun)
|
|t:|1649117585
|switch|p1a: Toxapex|Toxapex, M|100/100
|switch|p2a: Ferrothorn|Ferrothorn, M|100/100
|
|-weather|Hail|[upkeep]
|-damage|p1a: Toxapex|95/100|[from] Hail
|-damage|p2a: Ferrothorn|95/100|[from] Hail
|upkeep
|turn|2
|
|t:|1649117600
|move|p1a: Toxapex|Knock Off|p2a: Ferrothorn
|-damage|p2a: Ferrothorn|85/100
|-damage|p1a: Toxapex|82/100|[from] ability: Iron Barbs|[of] p2a: Ferrothorn
|-damage|p1a: Toxapex|66/100|[from] item: Rocky Helmet|[of] p2a: Ferrothorn
|-enditem|p2a: Ferrothorn|Rocky Helmet|[from] move: Knock Off|[of] p1a: Toxapex
|move|p2a: Ferrothorn|Leech Seed|p1a: Toxapex|[miss]
|-miss|p2a: Ferrothorn|p1a: Toxapex
|
|-weather|Hail|[upkeep]
|-damage|p1a: Toxapex|60/100|[from] Hail
|-damage|p2a: Ferrothorn|79/100|[from] Hail
|upkeep
|turn|3
|
|t:|1649117613
|move|p1a: Toxapex|Toxic Spikes|p2a: Ferrothorn
|-sidestart|p2: Alec'sPropGun|move: Toxic Spikes
|move|p2a: Ferrothorn|Stealth Rock|p1a: Toxapex
|-sidestart|p1: SuperTheoryBros|move: Stealth Rock
|
|-weather|Hail|[upkeep]
|-damage|p1a: Toxapex|54/100|[from] Hail
|-damage|p2a: Ferrothorn|73/100|[from] Hail
|upkeep
|turn|4
|
|t:|1649117625
|move|p1a: Toxapex|Toxic|p2a: Ferrothorn
|-immune|p2a: Ferrothorn
|move|p2a: Ferrothorn|Leech Seed|p1a: Toxapex
|-start|p1a: Toxapex|move: Leech Seed
|
|-weather|Hail|[upkeep]
|-damage|p1a: Toxapex|48/100|[from] Hail
|-damage|p2a: Ferrothorn|67/100|[from] Hail
|-damage|p1a: Toxapex|36/100|[from] Leech Seed|[of] p2a: Ferrothorn
|-heal|p2a: Ferrothorn|78/100|[silent]
|upkeep
|turn|5
|
|t:|1649117629
|switch|p1a: Magnezone|Magnezone|100/100
|-damage|p1a: Magnezone|94/100|[from] Stealth Rock
|move|p2a: Ferrothorn|Power Whip|p1a: Magnezone|[miss]
|-miss|p2a: Ferrothorn|p1a: Magnezone
|
|-weather|Hail|[upkeep]
|-damage|p1a: Magnezone|88/100|[from] Hail
|-damage|p2a: Ferrothorn|72/100|[from] Hail
|-heal|p1a: Magnezone|94/100|[from] item: Leftovers
|upkeep
|turn|6
|
|t:|1649117636
|move|p1a: Magnezone|Iron Defense|p1a: Magnezone
|-boost|p1a: Magnezone|def|2
|move|p2a: Ferrothorn|Body Press|p1a: Magnezone
|-supereffective|p1a: Magnezone
|-crit|p1a: Magnezone
|-damage|p1a: Magnezone|16/100
|
|-weather|Hail|[upkeep]
|-damage|p1a: Magnezone|10/100|[from] Hail
|-damage|p2a: Ferrothorn|66/100|[from] Hail
|-heal|p1a: Magnezone|16/100|[from] item: Leftovers
|upkeep
|turn|7
|
|t:|1649117647
|move|p1a: Magnezone|Body Press|p2a: Ferrothorn
|-supereffective|p2a: Ferrothorn
|-damage|p2a: Ferrothorn|0 fnt
|-damage|p1a: Magnezone|4/100|[from] ability: Iron Barbs|[of] p2a: Ferrothorn
|faint|p2a: Ferrothorn
|
|-weather|Hail|[upkeep]
|-damage|p1a: Magnezone|0 fnt|[from] Hail
|faint|p1a: Magnezone
|upkeep
|c|☆SuperTheoryBros|god
|
|t:|1649117666
|switch|p1a: Arctozolt|Arctozolt|100/100
|switch|p2a: Landorus|Landorus-Therian, M|100/100
|-ability|p2a: Landorus|Intimidate|boost
|-unboost|p1a: Arctozolt|atk|1
|turn|8
|
|t:|1649117687
|switch|p1a: Landorus|Landorus-Therian, M|100/100
|-damage|p1a: Landorus|88/100|[from] Stealth Rock
|-ability|p1a: Landorus|Intimidate|boost
|-unboost|p2a: Landorus|atk|1
|switch|p2a: Tapu Koko|Tapu Koko|100/100
|-fieldstart|move: Electric Terrain|[from] ability: Electric Surge|[of] p2a: Tapu Koko
|
|-weather|none
|-heal|p1a: Landorus|94/100|[from] item: Leftovers
|upkeep
|turn|9
|inactive|SuperTheoryBros has 120 seconds left.
|
|t:|1649117724
|move|p2a: Tapu Koko|U-turn|p1a: Landorus
|-resisted|p1a: Landorus
|-damage|p1a: Landorus|87/100
|
|t:|1649117729
|switch|p2a: Landorus|Landorus-Therian, M|100/100|[from]move: U-turn
|-ability|p2a: Landorus|Intimidate|boost
|-unboost|p1a: Landorus|atk|1
|move|p1a: Landorus|Earthquake|p2a: Landorus
|-immune|p2a: Landorus
|
|-heal|p1a: Landorus|93/100|[from] item: Leftovers
|upkeep
|turn|10
|
|t:|1649117744
|move|p2a: Landorus|Toxic|p1a: Landorus
|-status|p1a: Landorus|tox
|move|p1a: Landorus|Toxic|p2a: Landorus
|-status|p2a: Landorus|tox
|
|-heal|p1a: Landorus|99/100 tox|[from] item: Leftovers
|-damage|p2a: Landorus|94/100 tox|[from] psn
|-damage|p1a: Landorus|93/100 tox|[from] psn
|upkeep
|turn|11
|j| ouwuo
|
|t:|1649117765
|move|p2a: Landorus|Earthquake|p1a: Landorus
|-immune|p1a: Landorus
|move|p1a: Landorus|Stealth Rock|p2a: Landorus
|-sidestart|p2: Alec'sPropGun|move: Stealth Rock
|
|-heal|p2a: Landorus|100/100 tox|[from] item: Leftovers
|-heal|p1a: Landorus|99/100 tox|[from] item: Leftovers
|-damage|p2a: Landorus|88/100 tox|[from] psn
|-damage|p1a: Landorus|87/100 tox|[from] psn
|upkeep
|turn|12
|inactive|SuperTheoryBros has 90 seconds left.
|
|t:|1649117785
|switch|p1a: Ninetales|Ninetales-Alola, M|100/100
|-damage|p1a: Ninetales|76/100|[from] Stealth Rock
|-weather|Hail|[from] ability: Snow Warning|[of] p1a: Ninetales
|move|p2a: Landorus|Defog|p1a: Ninetales
|-unboost|p1a: Ninetales|evasion|1
|-sideend|p1: SuperTheoryBros|Stealth Rock|[from] move: Defog|[of] p2a: Landorus
|-sideend|p2: Alec'sPropGun|Toxic Spikes|[from] move: Defog|[of] p2a: Landorus
|-sideend|p2: Alec'sPropGun|Stealth Rock|[from] move: Defog|[of] p2a: Landorus
|-fieldend|move: Electric Terrain
|
|-weather|Hail|[upkeep]
|-damage|p2a: Landorus|82/100 tox|[from] Hail
|-heal|p2a: Landorus|88/100 tox|[from] item: Leftovers
|-damage|p2a: Landorus|70/100 tox|[from] psn
|upkeep
|turn|13
|inactive|SuperTheoryBros has 90 seconds left.
|
|t:|1649117806
|switch|p2a: Tapu Koko|Tapu Koko|100/100
|-fieldstart|move: Electric Terrain|[from] ability: Electric Surge|[of] p2a: Tapu Koko
|move|p1a: Ninetales|Aurora Veil|p1a: Ninetales
|-sidestart|p1: SuperTheoryBros|move: Aurora Veil
|
|-weather|Hail|[upkeep]
|-damage|p2a: Tapu Koko|94/100|[from] Hail
|upkeep
|turn|14
|inactive|SuperTheoryBros has 90 seconds left.
|
|t:|1649117824
|move|p2a: Tapu Koko|Dazzling Gleam|p1a: Ninetales
|-damage|p1a: Ninetales|58/100
|move|p1a: Ninetales|Heal Bell|p1a: Ninetales
|-activate|p1a: Ninetales|move: Heal Bell
|-curestatus|p1: Landorus|tox|[msg]
|
|-weather|Hail|[upkeep]
|-damage|p2a: Tapu Koko|88/100|[from] Hail
|upkeep
|turn|15
|
|t:|1649117840
|switch|p1a: Arctozolt|Arctozolt|100/100
|move|p2a: Tapu Koko|U-turn|p1a: Arctozolt
|-damage|p1a: Arctozolt|91/100
|
|t:|1649117846
|switch|p2a: Urshifu|Urshifu-Rapid-Strike, F|100/100|[from]move: U-turn
|
|-weather|Hail|[upkeep]
|-damage|p2a: Urshifu|94/100|[from] Hail
|upkeep
|turn|16
|inactive|SuperTheoryBros has 60 seconds left.
|
|t:|1649117884
|switch|p1a: Toxapex|Toxapex, M|69/100
|move|p2a: Urshifu|U-turn|p1a: Toxapex
|-resisted|p1a: Toxapex
|-damage|p1a: Toxapex|63/100
|-enditem|p1a: Toxapex|Eject Button
|
|t:|1649117897
|switch|p1a: Arctozolt|Arctozolt|91/100
|
|-weather|Hail|[upkeep]
|-damage|p2a: Urshifu|88/100|[from] Hail
|upkeep
|turn|17
|
|t:|1649117913
|switch|p2a: Landorus|Landorus-Therian, M|70/100 tox
|-ability|p2a: Landorus|Intimidate|boost
|-unboost|p1a: Arctozolt|atk|1
|move|p1a: Arctozolt|Blizzard|p2a: Landorus
|-supereffective|p2a: Landorus
|-damage|p2a: Landorus|0 fnt
|faint|p2a: Landorus
|
|-weather|Hail|[upkeep]
|-sideend|p1: SuperTheoryBros|move: Aurora Veil
|-fieldend|move: Electric Terrain
|upkeep
|j| ecall
|
|t:|1649117918
|switch|p2a: Volcanion|Volcanion|100/100
|turn|18
|
|t:|1649117940
|switch|p1a: Mandibuzz|Mandibuzz, F|100/100
|move|p2a: Volcanion|Steam Eruption|p1a: Mandibuzz
|-damage|p1a: Mandibuzz|27/100
|-status|p1a: Mandibuzz|brn
|
|-weather|Hail|[upkeep]
|-damage|p2a: Volcanion|95/100|[from] Hail
|-damage|p1a: Mandibuzz|21/100 brn|[from] brn
|upkeep
|turn|19
|
|t:|1649117958
|switch|p1a: Toxapex|Toxapex, M|96/100
|move|p2a: Volcanion|Steam Eruption|p1a: Toxapex
|-resisted|p1a: Toxapex
|-damage|p1a: Toxapex|68/100
|-status|p1a: Toxapex|brn
|
|-weather|none
|-damage|p1a: Toxapex|63/100 brn|[from] brn
|upkeep
|turn|20
|j| disliked
|
|t:|1649117972
|switch|p2a: Dragapult|Dragapult, M|100/100
|move|p1a: Toxapex|Toxic Spikes|p2a: Dragapult
|-sidestart|p2: Alec'sPropGun|move: Toxic Spikes
|
|-damage|p1a: Toxapex|57/100 brn|[from] brn
|upkeep
|turn|21
|j| Scorchaa
|l| Scorchaa
|inactive|SuperTheoryBros has 30 seconds left.
|
|t:|1649117987
|switch|p1a: Mandibuzz|Mandibuzz, F|21/100 brn
|move|p2a: Dragapult|Dragon Dance|p2a: Dragapult
|-boost|p2a: Dragapult|atk|1
|-boost|p2a: Dragapult|spe|1
|
|-damage|p1a: Mandibuzz|15/100 brn|[from] brn
|upkeep
|turn|22
|inactive|SuperTheoryBros has 30 seconds left.
|
|t:|1649118005
|move|p2a: Dragapult|Dragon Darts|p1a: Mandibuzz
|-damage|p1a: Mandibuzz|0 fnt
|faint|p1a: Mandibuzz
|
|upkeep
|inactive|SuperTheoryBros has 30 seconds left this turn.
|inactive|SuperTheoryBros has 20 seconds left.
|
|t:|1649118019
|switch|p1a: Toxapex|Toxapex, M|90/100 brn
|turn|23
|inactive|SuperTheoryBros has 30 seconds left this turn.
|
|t:|1649118026
|move|p2a: Dragapult|Dragon Dance|p2a: Dragapult
|-boost|p2a: Dragapult|atk|1
|-boost|p2a: Dragapult|spe|1
|move|p1a: Toxapex|Toxic|p2a: Dragapult
|-status|p2a: Dragapult|tox
|
|-damage|p2a: Dragapult|95/100 tox|[from] psn
|-damage|p1a: Toxapex|84/100 brn|[from] brn
|upkeep
|turn|24
|inactive|SuperTheoryBros has 30 seconds left.
|
|t:|1649118037
|switch|p1a: Ninetales|Ninetales-Alola, M|58/100
|-weather|Hail|[from] ability: Snow Warning|[of] p1a: Ninetales
|move|p2a: Dragapult|Phantom Force||[still]
|-prepare|p2a: Dragapult|Phantom Force
|
|-weather|Hail|[upkeep]
|-damage|p2a: Dragapult|89/100 tox|[from] Hail
|-damage|p2a: Dragapult|77/100 tox|[from] psn
|upkeep
|turn|25
|inactive|SuperTheoryBros has 30 seconds left.
|inactive|SuperTheoryBros has 20 seconds left.
|
|t:|1649118055
|switch|p1a: Toxapex|Toxapex, M|100/100 brn
|move|p2a: Dragapult|Phantom Force|p1a: Toxapex|[from]lockedmove
|-damage|p1a: Toxapex|21/100 brn
|
|-weather|Hail|[upkeep]
|-damage|p2a: Dragapult|71/100 tox|[from] Hail
|-damage|p1a: Toxapex|15/100 brn|[from] Hail
|-damage|p2a: Dragapult|53/100 tox|[from] psn
|-damage|p1a: Toxapex|9/100 brn|[from] brn
|upkeep
|turn|26
|inactive|SuperTheoryBros has 30 seconds left this turn.
|inactive|SuperTheoryBros has 20 seconds left.
|inactive|SuperTheoryBros has 15 seconds left.
|inactive|SuperTheoryBros has 10 seconds left.
|
|t:|1649118077
|switch|p1a: Landorus|Landorus-Therian, M|87/100
|-ability|p1a: Landorus|Intimidate|boost
|-fail|p2a: Dragapult|unboost|[from] ability: Clear Body|[of] p2a: Dragapult
|move|p2a: Dragapult|Dragon Darts|p1a: Landorus
|-damage|p1a: Landorus|46/100
|-anim|p2a: Dragapult|Dragon Darts|p1a: Landorus
|-damage|p1a: Landorus|1/100
|
|-weather|Hail|[upkeep]
|-damage|p2a: Dragapult|47/100 tox|[from] Hail
|-damage|p1a: Landorus|0 fnt|[from] Hail
|faint|p1a: Landorus
|-damage|p2a: Dragapult|23/100 tox|[from] psn
|upkeep
|inactive|SuperTheoryBros has 15 seconds left this turn.
|inactive|SuperTheoryBros has 10 seconds left.
|
|t:|1649118083
|switch|p1a: Toxapex|Toxapex, M|42/100 brn
|turn|27
|inactive|SuperTheoryBros has 20 seconds left this turn.
|inactive|SuperTheoryBros has 15 seconds left.
|
|t:|1649118092
|move|p2a: Dragapult|Phantom Force||[still]
|-prepare|p2a: Dragapult|Phantom Force
|move|p1a: Toxapex|Recover|p1a: Toxapex
|-heal|p1a: Toxapex|93/100 brn
|
|-weather|Hail|[upkeep]
|-damage|p2a: Dragapult|17/100 tox|[from] Hail
|-damage|p1a: Toxapex|87/100 brn|[from] Hail
|-damage|p2a: Dragapult|0 fnt|[from] psn
|faint|p2a: Dragapult
|-damage|p1a: Toxapex|81/100 brn|[from] brn
|upkeep
|inactive|SuperTheoryBros has 20 seconds left this turn.
|
|t:|1649118100
|switch|p2a: Tapu Koko|Tapu Koko|88/100
|-fieldstart|move: Electric Terrain|[from] ability: Electric Surge|[of] p2a: Tapu Koko
|turn|28
|inactive|SuperTheoryBros has 30 seconds left this turn.
|inactive|SuperTheoryBros has 20 seconds left.
|inactive|SuperTheoryBros has 15 seconds left.
|inactive|SuperTheoryBros has 10 seconds left.
|
|t:|1649118123
|switch|p1a: Ninetales|Ninetales-Alola, M|58/100
|move|p2a: Tapu Koko|Thunderbolt|p1a: Ninetales
|-damage|p1a: Ninetales|7/100
|
|-weather|Hail|[upkeep]
|-damage|p2a: Tapu Koko|82/100|[from] Hail
|upkeep
|turn|29
|inactive|SuperTheoryBros has 20 seconds left this turn.
|inactive|SuperTheoryBros has 15 seconds left.
|
|t:|1649118131
|move|p2a: Tapu Koko|Dazzling Gleam|p1a: Ninetales
|-damage|p1a: Ninetales|0 fnt
|faint|p1a: Ninetales
|
|-weather|Hail|[upkeep]
|-damage|p2a: Tapu Koko|76/100|[from] Hail
|upkeep
|inactive|SuperTheoryBros has 20 seconds left this turn.
|
|t:|1649118133
|switch|p1a: Arctozolt|Arctozolt|91/100
|turn|30
|inactive|SuperTheoryBros has 30 seconds left this turn.
|
|t:|1649118143
|move|p1a: Arctozolt|Bolt Beak|p2a: Tapu Koko
|-resisted|p2a: Tapu Koko
|-damage|p2a: Tapu Koko|8/100
|move|p2a: Tapu Koko|Dazzling Gleam|p1a: Arctozolt
|-damage|p1a: Arctozolt|39/100
|
|-weather|Hail|[upkeep]
|-damage|p2a: Tapu Koko|2/100|[from] Hail
|upkeep
|turn|31
|inactive|SuperTheoryBros has 30 seconds left.
|
|t:|1649118156
|move|p1a: Arctozolt|Bolt Beak|p2a: Tapu Koko
|-resisted|p2a: Tapu Koko
|-crit|p2a: Tapu Koko
|-damage|p2a: Tapu Koko|0 fnt
|faint|p2a: Tapu Koko
|
|-weather|none
|upkeep
|
|t:|1649118159
|switch|p2a: Urshifu|Urshifu-Rapid-Strike, F|88/100
|-status|p2a: Urshifu|psn
|turn|32
|inactive|SuperTheoryBros has 30 seconds left.
|
|t:|1649118182
|move|p2a: Urshifu|U-turn|p1a: Arctozolt
|-damage|p1a: Arctozolt|0 fnt
|faint|p1a: Arctozolt
|inactive|SuperTheoryBros has 30 seconds left this turn.
|
|t:|1649118186
|switch|p2a: Volcanion|Volcanion|95/100|[from]move: U-turn
|-status|p2a: Volcanion|psn
|
|-damage|p2a: Volcanion|82/100 psn|[from] psn
|-fieldend|move: Electric Terrain
|upkeep
|inactive|SuperTheoryBros has 30 seconds left.
|
|t:|1649118193
|switch|p1a: Toxapex|Toxapex, M|100/100 brn
|turn|33
|
|t:|1649118198
|move|p2a: Volcanion|Earth Power|p1a: Toxapex
|-supereffective|p1a: Toxapex
|-damage|p1a: Toxapex|36/100 brn
|move|p1a: Toxapex|Knock Off|p2a: Volcanion
|-damage|p2a: Volcanion|75/100 psn
|-enditem|p2a: Volcanion|Choice Specs|[from] move: Knock Off|[of] p1a: Toxapex
|
|-damage|p2a: Volcanion|63/100 psn|[from] psn
|-damage|p1a: Toxapex|30/100 brn|[from] brn
|upkeep
|turn|34
|
|t:|1649118202
|move|p2a: Volcanion|Earth Power|p1a: Toxapex
|-supereffective|p1a: Toxapex
|-damage|p1a: Toxapex|0 fnt
|faint|p1a: Toxapex
|
|win|Alec'sPropGun
|raw|SuperTheoryBros's rating: 1704 &rarr; <strong>1683</strong><br />(-21 for losing)
|raw|Alec&apos;sPropGun's rating: 1693 &rarr; <strong>1714</strong><br />(+21 for winning)
