|html|<div class="broadcast-blue"><strong>[Gen 8] OU is currently suspecting Melmetal! For information on how to participate check out the <a href="https://www.smogon.com/forums/threads/np-ss-ou-suspect-process-round-12-monster-mash.3709234/">suspect thread</a>.</strong></div>
|j|☆OUTD Wraks2
|j|☆Iznamakin
|t:|1666068175
|gametype|singles
|player|p1|OUTD Wraks2|101|1629
|player|p2|Iznamakin|chase|1894
|teamsize|p1|6
|teamsize|p2|6
|gen|8
|tier|[Gen 8] OU
|rated|
|rule|Sleep Clause Mod: Limit one foe put to sleep
|rule|Species Clause: Limit one of each Pokémon
|rule|OHKO Clause: OHKO moves are banned
|rule|Evasion Items Clause: Evasion items are banned
|rule|Evasion Moves Clause: Evasion moves are banned
|rule|Endless Battle Clause: Forcing endless battles is banned
|rule|HP Percentage Mod: HP is shown in percentages
|rule|Dynamax Clause: You cannot dynamax
|clearpoke
|poke|p1|Swampert, M|
|poke|p1|Corviknight, F|
|poke|p1|Blissey, F|
|poke|p1|Rillaboom, F|
|poke|p1|Dragapult, F|
|poke|p1|Conkeldurr, F|
|poke|p2|Weavile, M|
|poke|p2|Garchomp, M|
|poke|p2|Kartana|
|poke|p2|Dragapult, F|
|poke|p2|Landorus-Therian, M|
|poke|p2|Melmetal|
|teampreview
|inactive|Battle timer is ON: inactive players will automatically lose when time's up. (requested by OUTD Wraks2)
|c|☆Iznamakin|hf bro
|c|☆OUTD Wraks2|u2
|
|t:|1666068191
|start
|switch|p1a: Dragapult|Dragapult, F|100/100
|switch|p2a: Shelby|Weavile, M, shiny|100/100
|-ability|p2a: Shelby|Pressure
|turn|1
|
|t:|1666068200
|switch|p2a: Terminator|Melmetal, shiny|100/100
|move|p1a: Dragapult|U-turn|p2a: Terminator
|-resisted|p2a: Terminator
|-damage|p2a: Terminator|95/100
|
|t:|1666068204
|switch|p1a: Conkeldurr|Conkeldurr, F|100/100|[from]move: U-turn
|
|-status|p1a: Conkeldurr|brn|[from] item: Flame Orb
|upkeep
|turn|2
|
|t:|1666068212
|switch|p2a: Reddington|Dragapult, F, shiny|100/100
|move|p1a: Conkeldurr|Knock Off|p2a: Reddington
|-supereffective|p2a: Reddington
|-crit|p2a: Reddington
|-damage|p2a: Reddington|0 fnt
|-enditem|p2a: Reddington|Choice Specs|[from] move: Knock Off|[of] p1a: Conkeldurr
|faint|p2a: Reddington
|
|-damage|p1a: Conkeldurr|95/100 brn|[from] brn
|upkeep
|j| fork gaming
|
|t:|1666068219
|switch|p2a: El Professor|Landorus-Therian, M, shiny|100/100
|-ability|p2a: El Professor|Intimidate|boost
|-unboost|p1a: Conkeldurr|atk|1
|turn|3
|
|t:|1666068224
|switch|p1a: Corviknight|Corviknight, F|100/100
|-ability|p1a: Corviknight|Pressure
|move|p2a: El Professor|Stealth Rock|p1a: Corviknight
|-sidestart|p1: OUTD Wraks2|move: Stealth Rock
|
|upkeep
|turn|4
|
|t:|1666068233
|switch|p2a: Lucifer|Garchomp, M, shiny|100/100
|move|p1a: Corviknight|Defog|p2a: Lucifer
|-unboost|p2a: Lucifer|evasion|1
|-sideend|p1: OUTD Wraks2|Stealth Rock|[from] move: Defog|[of] p1a: Corviknight
|
|upkeep
|turn|5
|
|t:|1666068241
|move|p2a: Lucifer|Swords Dance|p2a: Lucifer
|-boost|p2a: Lucifer|atk|2
|move|p1a: Corviknight|U-turn|p2a: Lucifer
|-damage|p2a: Lucifer|85/100
|-damage|p1a: Corviknight|88/100|[from] ability: Rough Skin|[of] p2a: Lucifer
|
|t:|1666068246
|switch|p1a: Dragapult|Dragapult, F|100/100|[from]move: U-turn
|
|upkeep
|turn|6
|
|t:|1666068249
|switch|p2a: Terminator|Melmetal, shiny|95/100
|move|p1a: Dragapult|Draco Meteor|p2a: Terminator
|-resisted|p2a: Terminator
|-damage|p2a: Terminator|71/100
|-unboost|p1a: Dragapult|spa|2
|
|upkeep
|turn|7
|
|t:|1666068276
|switch|p1a: Swampert|Swampert, M|100/100
|switch|p2a: Shelby|Weavile, M, shiny|100/100
|-ability|p2a: Shelby|Pressure
|
|upkeep
|turn|8
|
|t:|1666068282
|switch|p1a: Corviknight|Corviknight, F|88/100
|-ability|p1a: Corviknight|Pressure
|move|p2a: Shelby|Triple Axel|p1a: Corviknight
|-damage|p1a: Corviknight|78/100
|-damage|p2a: Shelby|84/100|[from] item: Rocky Helmet|[of] p1a: Corviknight
|-damage|p1a: Corviknight|57/100
|-damage|p2a: Shelby|68/100|[from] item: Rocky Helmet|[of] p1a: Corviknight
|-damage|p1a: Corviknight|26/100
|-damage|p2a: Shelby|51/100|[from] item: Rocky Helmet|[of] p1a: Corviknight
|-hitcount|p1a: Corviknight|3
|
|upkeep
|turn|9
|
|t:|1666068292
|move|p2a: Shelby|Triple Axel|p1a: Corviknight|[miss]
|-miss|p2a: Shelby|p1a: Corviknight
|move|p1a: Corviknight|U-turn|p2a: Shelby
|-supereffective|p2a: Shelby
|-damage|p2a: Shelby|3/100
|c|☆OUTD Wraks2|sorry dude
|
|t:|1666068299
|switch|p1a: Dragapult|Dragapult, F|100/100|[from]move: U-turn
|
|upkeep
|turn|10
|c|☆Iznamakin|all good
|
|t:|1666068309
|move|p1a: Dragapult|Shadow Ball|p2a: Shelby
|-resisted|p2a: Shelby
|-damage|p2a: Shelby|0 fnt
|faint|p2a: Shelby
|
|upkeep
|
|t:|1666068315
|switch|p2a: Escobar|Kartana, shiny|100/100
|turn|11
|
|t:|1666068321
|switch|p1a: Conkeldurr|Conkeldurr, F|95/100 brn
|move|p2a: Escobar|Knock Off|p1a: Conkeldurr
|-resisted|p1a: Conkeldurr
|-crit|p1a: Conkeldurr
|-damage|p1a: Conkeldurr|62/100 brn
|-enditem|p1a: Conkeldurr|Flame Orb|[from] move: Knock Off|[of] p2a: Escobar
|
|-damage|p1a: Conkeldurr|56/100 brn|[from] brn
|upkeep
|turn|12
|
|t:|1666068327
|switch|p2a: El Professor|Landorus-Therian, M, shiny|100/100
|-ability|p2a: El Professor|Intimidate|boost
|-unboost|p1a: Conkeldurr|atk|1
|move|p1a: Conkeldurr|Drain Punch|p2a: El Professor
|-resisted|p2a: El Professor
|-damage|p2a: El Professor|85/100
|-heal|p1a: Conkeldurr|64/100 brn|[from] drain|[of] p2a: El Professor
|-damage|p1a: Conkeldurr|48/100 brn|[from] item: Rocky Helmet|[of] p2a: El Professor
|
|-damage|p1a: Conkeldurr|42/100 brn|[from] brn
|upkeep
|turn|13
|
|t:|1666068339
|switch|p1a: Corviknight|Corviknight, F|26/100
|-ability|p1a: Corviknight|Pressure
|move|p2a: El Professor|Stealth Rock|p1a: Corviknight
|-sidestart|p1: OUTD Wraks2|move: Stealth Rock
|
|upkeep
|turn|14
|
|t:|1666068342
|move|p2a: El Professor|U-turn|p1a: Corviknight
|-resisted|p1a: Corviknight
|-damage|p1a: Corviknight|22/100
|-damage|p2a: El Professor|69/100|[from] item: Rocky Helmet|[of] p1a: Corviknight
|
|t:|1666068345
|switch|p2a: Lucifer|Garchomp, M, shiny|85/100|[from]move: U-turn
|move|p1a: Corviknight|Roost|p1a: Corviknight
|-heal|p1a: Corviknight|72/100
|-singleturn|p1a: Corviknight|move: Roost
|
|upkeep
|turn|15
|
|t:|1666068354
|move|p2a: Lucifer|Scale Shot|p1a: Corviknight|[miss]
|-miss|p2a: Lucifer|p1a: Corviknight
|move|p1a: Corviknight|U-turn|p2a: Lucifer
|-damage|p2a: Lucifer|70/100
|-damage|p1a: Corviknight|60/100|[from] ability: Rough Skin|[of] p2a: Lucifer
|
|t:|1666068360
|switch|p1a: Rillaboom|Rillaboom, F|100/100|[from]move: U-turn
|-damage|p1a: Rillaboom|88/100|[from] Stealth Rock
|-fieldstart|move: Grassy Terrain|[from] ability: Grassy Surge|[of] p1a: Rillaboom
|
|-heal|p2a: Lucifer|76/100|[from] Grassy Terrain
|-heal|p1a: Rillaboom|94/100|[from] Grassy Terrain
|upkeep
|turn|16
|
|t:|1666068367
|switch|p2a: Terminator|Melmetal, shiny|71/100
|move|p1a: Rillaboom|Grassy Glide|p2a: Terminator
|-resisted|p2a: Terminator
|-damage|p2a: Terminator|49/100
|
|-heal|p1a: Rillaboom|100/100|[from] Grassy Terrain
|-heal|p2a: Terminator|55/100|[from] Grassy Terrain
|upkeep
|turn|17
|
|t:|1666068375
|switch|p1a: Corviknight|Corviknight, F|60/100
|-damage|p1a: Corviknight|47/100|[from] Stealth Rock
|-ability|p1a: Corviknight|Pressure
|move|p2a: Terminator|Thunder Punch|p1a: Corviknight
|-supereffective|p1a: Corviknight
|-damage|p1a: Corviknight|0 fnt
|-damage|p2a: Terminator|39/100|[from] item: Rocky Helmet|[of] p1a: Corviknight
|faint|p1a: Corviknight
|
|-heal|p2a: Terminator|45/100|[from] Grassy Terrain
|upkeep
|
|t:|1666068380
|switch|p1a: Conkeldurr|Conkeldurr, F|42/100 brn
|-damage|p1a: Conkeldurr|36/100 brn|[from] Stealth Rock
|turn|18
|
|t:|1666068385
|move|p1a: Conkeldurr|Facade|p2a: Terminator
|-resisted|p2a: Terminator
|-damage|p2a: Terminator|19/100
|move|p2a: Terminator|Double Iron Bash|p1a: Conkeldurr
|-damage|p1a: Conkeldurr|0 fnt
|faint|p1a: Conkeldurr
|-hitcount|p1: Conkeldurr|1
|
|-heal|p2a: Terminator|26/100|[from] Grassy Terrain
|upkeep
|
|t:|1666068404
|switch|p1a: Dragapult|Dragapult, F|100/100
|-damage|p1a: Dragapult|88/100|[from] Stealth Rock
|turn|19
|l| fork gaming
|
|t:|1666068415
|move|p1a: Dragapult|Shadow Ball|p2a: Terminator
|-damage|p2a: Terminator|0 fnt
|faint|p2a: Terminator
|
|-heal|p1a: Dragapult|94/100|[from] Grassy Terrain
|-fieldend|move: Grassy Terrain
|upkeep
|
|t:|1666068416
|switch|p2a: Escobar|Kartana, shiny|100/100
|turn|20
|
|t:|1666068424
|switch|p1a: Blissey|Blissey, F|100/100
|move|p2a: Escobar|Knock Off|p1a: Blissey
|-damage|p1a: Blissey|62/100
|-enditem|p1a: Blissey|Heavy-Duty Boots|[from] move: Knock Off|[of] p2a: Escobar
|
|upkeep
|turn|21
|
|t:|1666068435
|switch|p2a: Lucifer|Garchomp, M, shiny|76/100
|move|p1a: Blissey|Soft-Boiled|p1a: Blissey
|-heal|p1a: Blissey|100/100
|
|upkeep
|turn|22
|
|t:|1666068439
|move|p2a: Lucifer|Swords Dance|p2a: Lucifer
|-boost|p2a: Lucifer|atk|2
|move|p1a: Blissey|Teleport|p1a: Blissey
|
|t:|1666068442
|switch|p1a: Dragapult|Dragapult, F|94/100|[from]move: Teleport
|-damage|p1a: Dragapult|82/100|[from] Stealth Rock
|
|upkeep
|turn|23
|
|t:|1666068446
|move|p1a: Dragapult|Draco Meteor|p2a: Lucifer
|-supereffective|p2a: Lucifer
|-damage|p2a: Lucifer|0 fnt
|-unboost|p1a: Dragapult|spa|2
|faint|p2a: Lucifer
|
|upkeep
|
|t:|1666068448
|switch|p2a: Escobar|Kartana, shiny|100/100
|turn|24
|
|t:|1666068460
|switch|p1a: Blissey|Blissey, F|100/100
|-damage|p1a: Blissey|88/100|[from] Stealth Rock
|move|p2a: Escobar|Leaf Blade|p1a: Blissey
|-damage|p1a: Blissey|32/100
|
|upkeep
|turn|25
|inactive|OUTD Wraks2 has 120 seconds left.
|
|t:|1666068506
|move|p2a: Escobar|Leaf Blade|p1a: Blissey
|-damage|p1a: Blissey|0 fnt
|faint|p1a: Blissey
|-ability|p2a: Escobar|Beast Boost|boost
|-boost|p2a: Escobar|atk|1
|
|upkeep
|
|t:|1666068526
|switch|p1a: Rillaboom|Rillaboom, F|100/100
|-damage|p1a: Rillaboom|88/100|[from] Stealth Rock
|-fieldstart|move: Grassy Terrain|[from] ability: Grassy Surge|[of] p1a: Rillaboom
|turn|26
|
|t:|1666068531
|switch|p2a: El Professor|Landorus-Therian, M, shiny|69/100
|-ability|p2a: El Professor|Intimidate|boost
|-unboost|p1a: Rillaboom|atk|1
|move|p1a: Rillaboom|Knock Off|p2a: El Professor
|-damage|p2a: El Professor|44/100
|-damage|p1a: Rillaboom|72/100|[from] item: Rocky Helmet|[of] p2a: El Professor
|-enditem|p2a: El Professor|Rocky Helmet|[from] move: Knock Off|[of] p1a: Rillaboom
|
|-heal|p1a: Rillaboom|78/100|[from] Grassy Terrain
|upkeep
|turn|27
|
|t:|1666068547
|switch|p1a: Dragapult|Dragapult, F|82/100
|-damage|p1a: Dragapult|70/100|[from] Stealth Rock
|move|p2a: El Professor|U-turn|p1a: Dragapult
|-resisted|p1a: Dragapult
|-damage|p1a: Dragapult|56/100
|
|t:|1666068552
|switch|p2a: Escobar|Kartana, shiny|100/100|[from]move: U-turn
|
|-heal|p1a: Dragapult|62/100|[from] Grassy Terrain
|upkeep
|turn|28
|
|t:|1666068557
|switch|p1a: Swampert|Swampert, M|100/100
|-damage|p1a: Swampert|94/100|[from] Stealth Rock
|move|p2a: Escobar|Knock Off|p1a: Swampert
|-damage|p1a: Swampert|52/100
|-enditem|p1a: Swampert|Leftovers|[from] move: Knock Off|[of] p2a: Escobar
|
|-heal|p1a: Swampert|59/100|[from] Grassy Terrain
|upkeep
|turn|29
|
|t:|1666068570
|move|p2a: Escobar|Knock Off|p1a: Swampert
|-damage|p1a: Swampert|34/100
|move|p1a: Swampert|Flip Turn|p2a: Escobar
|-resisted|p2a: Escobar
|-damage|p2a: Escobar|90/100
|
|t:|1666068574
|switch|p1a: Rillaboom|Rillaboom, F|78/100|[from]move: Flip Turn
|-damage|p1a: Rillaboom|66/100|[from] Stealth Rock
|
|-heal|p2a: Escobar|96/100|[from] Grassy Terrain
|-heal|p1a: Rillaboom|72/100|[from] Grassy Terrain
|upkeep
|turn|30
|inactive|OUTD Wraks2 has 120 seconds left.
|
|t:|1666068593
|switch|p2a: El Professor|Landorus-Therian, M, shiny|44/100
|-ability|p2a: El Professor|Intimidate|boost
|-unboost|p1a: Rillaboom|atk|1
|switch|p1a: Dragapult|Dragapult, F|62/100
|-damage|p1a: Dragapult|50/100|[from] Stealth Rock
|
|-heal|p1a: Dragapult|56/100|[from] Grassy Terrain
|-fieldend|move: Grassy Terrain
|upkeep
|turn|31
|
|t:|1666068600
|move|p1a: Dragapult|Shadow Ball|p2a: El Professor
|-damage|p2a: El Professor|0 fnt
|faint|p2a: El Professor
|
|upkeep
|
|t:|1666068604
|switch|p2a: Escobar|Kartana, shiny|96/100
|turn|32
|
|t:|1666068610
|move|p2a: Escobar|Knock Off|p1a: Dragapult
|-supereffective|p1a: Dragapult
|-damage|p1a: Dragapult|0 fnt
|-enditem|p1a: Dragapult|Choice Specs|[from] move: Knock Off|[of] p2a: Escobar
|faint|p1a: Dragapult
|-ability|p2a: Escobar|Beast Boost|boost
|-boost|p2a: Escobar|atk|1
|
|upkeep
|
|t:|1666068612
|switch|p1a: Rillaboom|Rillaboom, F|72/100
|-damage|p1a: Rillaboom|59/100|[from] Stealth Rock
|-fieldstart|move: Grassy Terrain|[from] ability: Grassy Surge|[of] p1a: Rillaboom
|turn|33
|
|t:|1666068617
|move|p2a: Escobar|Knock Off|p1a: Rillaboom
|-damage|p1a: Rillaboom|0 fnt
|-enditem|p1a: Rillaboom|Choice Band|[from] move: Knock Off|[of] p2a: Escobar
|faint|p1a: Rillaboom
|-ability|p2a: Escobar|Beast Boost|boost
|-boost|p2a: Escobar|atk|1
|
|-heal|p2a: Escobar|100/100|[from] Grassy Terrain
|upkeep
|c|☆OUTD Wraks2|gg
|c|☆Iznamakin|gg
|c|☆Iznamakin|wp
|-message|OUTD Wraks2 forfeited.
|
|win|Iznamakin
|raw|OUTD Wraks2's rating: 1629 &rarr; <strong>1622</strong><br />(-7 for losing)
|raw|Iznamakin's rating: 1894 &rarr; <strong>1901</strong><br />(+7 for winning)
|l|☆OUTD Wraks2
|player|p2|Iznamakin|chase
