|j|☆Hgfhhfghfff
|j|‽minimax_ai
|t:|1667715312
|gametype|singles
|player|p1|Hgfhhfghfff|266|1500
|player|p2|minimax_ai|169|1594
|teamsize|p1|6
|teamsize|p2|6
|gen|8
|tier|[Gen 8] OU
|rated|
|rule|Sleep Clause Mod: Limit one foe put to sleep
|rule|Species Clause: Limit one of each Pokémon
|rule|OHKO Clause: OHKO moves are banned
|rule|Evasion Items Clause: Evasion items are banned
|rule|Evasion Moves Clause: Evasion moves are banned
|rule|Endless Battle Clause: Forcing endless battles is banned
|rule|HP Percentage Mod: HP is shown in percentages
|rule|Dynamax Clause: You cannot dynamax
|clearpoke
|poke|p1|Jirachi|
|poke|p1|Diancie|
|poke|p1|Keldeo|
|poke|p1|Rillaboom, M|
|poke|p1|Cobalion|
|poke|p1|Landorus-Therian, M|
|poke|p2|Rotom-Wash|
|poke|p2|Weavile, F|
|poke|p2|Landorus-Therian, M|
|poke|p2|Heatran, M|
|poke|p2|Tangrowth, M|
|poke|p2|Melmetal|
|teampreview
|
|t:|1667715315
|start
|switch|p1a: Cobalion|Cobalion|100/100
|switch|p2a: Melmetal|Melmetal|100/100
|turn|1
|inactive|Battle timer is ON: inactive players will automatically lose when time's up. (requested by minimax_ai)
|
|t:|1667715319
|move|p1a: Cobalion|Magnet Rise|p1a: Cobalion
|-start|p1a: Cobalion|Magnet Rise
|move|p2a: Melmetal|Earthquake|p1a: Cobalion
|-immune|p1a: Cobalion
|
|upkeep
|turn|2
|
|t:|1667715324
|move|p1a: Cobalion|Stealth Rock|p2a: Melmetal
|-sidestart|p2: minimax_ai|move: Stealth Rock
|move|p2a: Melmetal|Thunder Punch|p1a: Cobalion
|-damage|p1a: Cobalion|75/100
|
|-heal|p1a: Cobalion|81/100|[from] item: Leftovers
|upkeep
|turn|3
|
|t:|1667715330
|switch|p1a: Landorus|Landorus-Therian, M|100/100
|-ability|p1a: Landorus|Intimidate|boost
|-unboost|p2a: Melmetal|atk|1
|move|p2a: Melmetal|Double Iron Bash|p1a: Landorus
|-damage|p1a: Landorus|69/100
|-damage|p1a: Landorus|34/100
|-hitcount|p1a: Landorus|2
|
|upkeep
|turn|4
|
|t:|1667715337
|move|p1a: Landorus|Earthquake|p2a: Melmetal
|-supereffective|p2a: Melmetal
|-damage|p2a: Melmetal|20/100
|move|p2a: Melmetal|Double Iron Bash|p1a: Landorus
|-damage|p1a: Landorus|2/100
|-damage|p1a: Landorus|0 fnt
|faint|p1a: Landorus
|-hitcount|p1: Landorus|2
|
|upkeep
|
|t:|1667715342
|switch|p1a: Cobalion|Cobalion|81/100
|turn|5
|
|t:|1667715344
|move|p1a: Cobalion|Close Combat|p2a: Melmetal
|-supereffective|p2a: Melmetal
|-damage|p2a: Melmetal|0 fnt
|-unboost|p1a: Cobalion|def|1
|-unboost|p1a: Cobalion|spd|1
|faint|p2a: Melmetal
|
|-heal|p1a: Cobalion|87/100|[from] item: Leftovers
|upkeep
|
|t:|1667715344
|switch|p2a: Landorus|Landorus-Therian, M|100/100
|-damage|p2a: Landorus|88/100|[from] Stealth Rock
|-ability|p2a: Landorus|Intimidate|boost
|-unboost|p1a: Cobalion|atk|1
|turn|6
|
|t:|1667715349
|move|p1a: Cobalion|Magnet Rise|p1a: Cobalion
|-start|p1a: Cobalion|Magnet Rise
|move|p2a: Landorus|Defog|p1a: Cobalion
|-unboost|p1a: Cobalion|evasion|1
|-sideend|p2: minimax_ai|Stealth Rock|[from] move: Defog|[of] p2a: Landorus
|
|-heal|p1a: Cobalion|94/100|[from] item: Leftovers
|-heal|p2a: Landorus|94/100|[from] item: Leftovers
|upkeep
|turn|7
|
|t:|1667715354
|move|p1a: Cobalion|Toxic|p2a: Landorus
|-status|p2a: Landorus|tox
|move|p2a: Landorus|Earthquake|p1a: Cobalion
|-immune|p1a: Cobalion
|
|-heal|p1a: Cobalion|99/100|[from] item: Leftovers
|-heal|p2a: Landorus|99/100 tox|[from] item: Leftovers
|-damage|p2a: Landorus|94/100 tox|[from] psn
|upkeep
|turn|8
|
|t:|1667715359
|switch|p2a: Rotom|Rotom-Wash|100/100
|move|p1a: Cobalion|Stealth Rock|p2a: Rotom
|-sidestart|p2: minimax_ai|move: Stealth Rock
|
|-heal|p1a: Cobalion|100/100|[from] item: Leftovers
|upkeep
|turn|9
|
|t:|1667715362
|move|p1a: Cobalion|Toxic|p2a: Rotom
|-status|p2a: Rotom|tox
|move|p2a: Rotom|Thunderbolt|p1a: Cobalion
|-damage|p1a: Cobalion|41/100
|
|-heal|p1a: Cobalion|48/100|[from] item: Leftovers
|-damage|p2a: Rotom|94/100 tox|[from] psn
|upkeep
|turn|10
|
|t:|1667715370
|switch|p1a: Rillaboom|Rillaboom, M|100/100
|-fieldstart|move: Grassy Terrain|[from] ability: Grassy Surge|[of] p1a: Rillaboom
|move|p2a: Rotom|Thunderbolt|p1a: Rillaboom
|-resisted|p1a: Rillaboom
|-damage|p1a: Rillaboom|79/100
|
|-heal|p2a: Rotom|100/100 tox|[from] item: Leftovers
|-heal|p1a: Rillaboom|85/100|[from] Grassy Terrain
|-damage|p2a: Rotom|88/100 tox|[from] psn
|upkeep
|turn|11
|
|t:|1667715378
|switch|p2a: Tangrowth|Tangrowth, M|100/100
|-damage|p2a: Tangrowth|88/100|[from] Stealth Rock
|move|p1a: Rillaboom|U-turn|p2a: Tangrowth
|-supereffective|p2a: Tangrowth
|-damage|p2a: Tangrowth|58/100
|-damage|p1a: Rillaboom|69/100|[from] item: Rocky Helmet|[of] p2a: Tangrowth
|
|t:|1667715389
|switch|p1a: Jirachi|Jirachi|100/100|[from]move: U-turn
|
|-heal|p2a: Tangrowth|65/100|[from] Grassy Terrain
|upkeep
|turn|12
|
|t:|1667715391
|move|p1a: Jirachi|Psychic|p2a: Tangrowth
|-damage|p2a: Tangrowth|3/100
|move|p2a: Tangrowth|Giga Drain|p1a: Jirachi
|-resisted|p1a: Jirachi
|-damage|p1a: Jirachi|81/100
|-heal|p2a: Tangrowth|11/100|[from] drain|[of] p1a: Jirachi
|
|-heal|p1a: Jirachi|87/100|[from] Grassy Terrain
|-heal|p1a: Jirachi|93/100|[from] item: Leftovers
|-heal|p2a: Tangrowth|18/100|[from] Grassy Terrain
|upkeep
|turn|13
|
|t:|1667715398
|switch|p2a: Rotom|Rotom-Wash|88/100 tox
|-damage|p2a: Rotom|75/100 tox|[from] Stealth Rock
|move|p1a: Jirachi|Icy Wind|p2a: Rotom
|-resisted|p2a: Rotom
|-damage|p2a: Rotom|68/100 tox
|-unboost|p2a: Rotom|spe|1
|
|-heal|p1a: Jirachi|99/100|[from] Grassy Terrain
|-heal|p1a: Jirachi|100/100|[from] item: Leftovers
|-heal|p2a: Rotom|74/100 tox|[from] item: Leftovers
|-damage|p2a: Rotom|68/100 tox|[from] psn
|upkeep
|turn|14
|
|t:|1667715405
|move|p1a: Jirachi|Iron Head|p2a: Rotom
|-resisted|p2a: Rotom
|-damage|p2a: Rotom|60/100 tox
|cant|p2a: Rotom|flinch
|
|-heal|p2a: Rotom|67/100 tox|[from] item: Leftovers
|-damage|p2a: Rotom|54/100 tox|[from] psn
|-fieldend|move: Grassy Terrain
|upkeep
|turn|15
|j| CuackCuack
|
|t:|1667715411
|move|p1a: Jirachi|Iron Head|p2a: Rotom
|-resisted|p2a: Rotom
|-damage|p2a: Rotom|48/100 tox
|cant|p2a: Rotom|flinch
|
|-heal|p2a: Rotom|54/100 tox|[from] item: Leftovers
|-damage|p2a: Rotom|35/100 tox|[from] psn
|upkeep
|turn|16
|l| CuackCuack
|
|t:|1667715418
|move|p1a: Jirachi|Iron Head|p2a: Rotom
|-resisted|p2a: Rotom
|-damage|p2a: Rotom|28/100 tox
|move|p2a: Rotom|Pain Split|p1a: Jirachi
|-sethp|p1a: Jirachi|63/100|[from] move: Pain Split|[silent]
|-sethp|p2a: Rotom|71/100 tox|[from] move: Pain Split
|
|-heal|p1a: Jirachi|69/100|[from] item: Leftovers
|-heal|p2a: Rotom|77/100 tox|[from] item: Leftovers
|-damage|p2a: Rotom|52/100 tox|[from] psn
|upkeep
|turn|17
|
|t:|1667715424
|move|p1a: Jirachi|Iron Head|p2a: Rotom
|-resisted|p2a: Rotom
|-damage|p2a: Rotom|45/100 tox
|cant|p2a: Rotom|flinch
|
|-heal|p1a: Jirachi|75/100|[from] item: Leftovers
|-heal|p2a: Rotom|51/100 tox|[from] item: Leftovers
|-damage|p2a: Rotom|20/100 tox|[from] psn
|upkeep
|turn|18
|
|t:|1667715429
|move|p1a: Jirachi|Psychic|p2a: Rotom
|-damage|p2a: Rotom|0 fnt
|faint|p2a: Rotom
|
|-heal|p1a: Jirachi|81/100|[from] item: Leftovers
|upkeep
|
|t:|1667715429
|switch|p2a: Heatran|Heatran, M|100/100
|-damage|p2a: Heatran|88/100|[from] Stealth Rock
|-item|p2a: Heatran|Air Balloon
|turn|19
|
|t:|1667715440
|switch|p1a: Diancie|Diancie|100/100
|move|p2a: Heatran|Eruption|p1a: Diancie
|-resisted|p1a: Diancie
|-damage|p1a: Diancie|83/100
|
|upkeep
|turn|20
|
|t:|1667715443
|move|p2a: Heatran|Magma Storm|p1a: Diancie
|-resisted|p1a: Diancie
|-damage|p1a: Diancie|69/100
|-activate|p1a: Diancie|move: Magma Storm|[of] p2a: Heatran
|move|p1a: Diancie|Diamond Storm|p2a: Heatran
|-damage|p2a: Heatran|55/100
|-enditem|p2a: Heatran|Air Balloon
|
|-damage|p1a: Diancie|57/100|[from] move: Magma Storm|[partiallytrapped]
|upkeep
|turn|21
|
|t:|1667715450
|move|p2a: Heatran|Magma Storm|p1a: Diancie
|-resisted|p1a: Diancie
|-damage|p1a: Diancie|43/100
|move|p1a: Diancie|Earth Power|p2a: Heatran
|-supereffective|p2a: Heatran
|-damage|p2a: Heatran|0 fnt
|faint|p2a: Heatran
|
|-end|p1a: Diancie|Magma Storm|[partiallytrapped]|[silent]
|upkeep
|
|t:|1667715450
|switch|p2a: Landorus|Landorus-Therian, M|94/100 tox
|-damage|p2a: Landorus|82/100 tox|[from] Stealth Rock
|-ability|p2a: Landorus|Intimidate|boost
|-fail|p1a: Diancie|unboost|[from] ability: Clear Body|[of] p1a: Diancie
|turn|22
|
|t:|1667715454
|move|p2a: Landorus|Toxic|p1a: Diancie
|-status|p1a: Diancie|tox
|move|p1a: Diancie|Draining Kiss|p2a: Landorus
|-damage|p2a: Landorus|65/100 tox
|-heal|p1a: Diancie|59/100 tox|[from] drain|[of] p2a: Landorus
|
|-heal|p2a: Landorus|71/100 tox|[from] item: Leftovers
|-damage|p2a: Landorus|65/100 tox|[from] psn
|-damage|p1a: Diancie|53/100 tox|[from] psn
|upkeep
|turn|23
|
|t:|1667715459
|move|p2a: Landorus|Toxic|p1a: Diancie|[miss]
|-miss|p2a: Landorus|p1a: Diancie
|move|p1a: Diancie|Draining Kiss|p2a: Landorus
|-damage|p2a: Landorus|46/100 tox
|-heal|p1a: Diancie|71/100 tox|[from] drain|[of] p2a: Landorus
|
|-heal|p2a: Landorus|52/100 tox|[from] item: Leftovers
|-damage|p2a: Landorus|40/100 tox|[from] psn
|-damage|p1a: Diancie|59/100 tox|[from] psn
|upkeep
|turn|24
|
|t:|1667715462
|move|p2a: Landorus|Defog|p1a: Diancie
|-fail|p1a: Diancie|unboost|[from] ability: Clear Body|[of] p1a: Diancie
|-sideend|p2: minimax_ai|Stealth Rock|[from] move: Defog|[of] p2a: Landorus
|move|p1a: Diancie|Draining Kiss|p2a: Landorus
|-damage|p2a: Landorus|23/100 tox
|-heal|p1a: Diancie|75/100 tox|[from] drain|[of] p2a: Landorus
|
|-heal|p2a: Landorus|29/100 tox|[from] item: Leftovers
|-damage|p2a: Landorus|10/100 tox|[from] psn
|-damage|p1a: Diancie|58/100 tox|[from] psn
|upkeep
|turn|25
|
|t:|1667715465
|move|p2a: Landorus|Earthquake|p1a: Diancie
|-supereffective|p1a: Diancie
|-damage|p1a: Diancie|0 fnt
|faint|p1a: Diancie
|
|-heal|p2a: Landorus|17/100 tox|[from] item: Leftovers
|-damage|p2a: Landorus|0 fnt|[from] psn
|faint|p2a: Landorus
|upkeep
|
|t:|1667715469
|switch|p2a: Tangrowth|Tangrowth, M|51/100
|switch|p1a: Cobalion|Cobalion|48/100
|turn|26
|
|t:|1667715473
|move|p1a: Cobalion|Toxic|p2a: Tangrowth
|-status|p2a: Tangrowth|tox
|move|p2a: Tangrowth|Sleep Powder|p1a: Cobalion
|-status|p1a: Cobalion|slp|[from] move: Sleep Powder
|
|-heal|p1a: Cobalion|54/100 slp|[from] item: Leftovers
|-damage|p2a: Tangrowth|45/100 tox|[from] psn
|upkeep
|turn|27
|
|t:|1667715480
|switch|p2a: Weavile|Weavile, F|100/100
|-ability|p2a: Weavile|Pressure
|cant|p1a: Cobalion|slp
|
|-heal|p1a: Cobalion|60/100 slp|[from] item: Leftovers
|upkeep
|turn|28
|
|t:|1667715483
|move|p2a: Weavile|Knock Off|p1a: Cobalion
|-resisted|p1a: Cobalion
|-damage|p1a: Cobalion|33/100 slp
|-ability|p1a: Cobalion|Justified|boost
|-boost|p1a: Cobalion|atk|1
|-enditem|p1a: Cobalion|Leftovers|[from] move: Knock Off|[of] p2a: Weavile
|-curestatus|p1a: Cobalion|slp|[msg]
|move|p1a: Cobalion|Close Combat|p2a: Weavile
|-supereffective|p2a: Weavile
|-damage|p2a: Weavile|0 fnt
|-unboost|p1a: Cobalion|def|1
|-unboost|p1a: Cobalion|spd|1
|faint|p2a: Weavile
|
|upkeep
|
|t:|1667715483
|switch|p2a: Tangrowth|Tangrowth, M|78/100 tox
|turn|29
|
|t:|1667715489
|move|p1a: Cobalion|Close Combat|p2a: Tangrowth
|-damage|p2a: Tangrowth|47/100 tox
|-unboost|p1a: Cobalion|def|1
|-unboost|p1a: Cobalion|spd|1
|-damage|p1a: Cobalion|16/100|[from] item: Rocky Helmet|[of] p2a: Tangrowth
|move|p2a: Tangrowth|Knock Off|p1a: Cobalion
|-resisted|p1a: Cobalion
|-damage|p1a: Cobalion|6/100
|-ability|p1a: Cobalion|Justified|boost
|-boost|p1a: Cobalion|atk|1
|
|-damage|p2a: Tangrowth|40/100 tox|[from] psn
|upkeep
|turn|30
|
|t:|1667715498
|move|p1a: Cobalion|Close Combat|p2a: Tangrowth
|-damage|p2a: Tangrowth|2/100 tox
|-unboost|p1a: Cobalion|def|1
|-unboost|p1a: Cobalion|spd|1
|-damage|p1a: Cobalion|0 fnt|[from] item: Rocky Helmet|[of] p2a: Tangrowth
|faint|p1a: Cobalion
|move|p2a: Tangrowth|Sleep Powder|p1: Cobalion|[notarget]
|-fail|p2a: Tangrowth
|
|-damage|p2a: Tangrowth|0 fnt|[from] psn
|faint|p2a: Tangrowth
|
|win|Hgfhhfghfff
|upkeep
|raw|Hgfhhfghfff's rating: 1500 &rarr; <strong>1525</strong><br />(+25 for winning)
|raw|minimax_ai's rating: 1594 &rarr; <strong>1569</strong><br />(-25 for losing)
