|j|☆heavyisdead
|j|☆SSJ2Red
|player|p1|heavyisdead|102|1744
|player|p2|SSJ2Red|red|1774
|teamsize|p1|6
|teamsize|p2|6
|gametype|singles
|gen|8
|tier|[Gen 8] OU
|rated|
|clearpoke
|poke|p1|Necrozma|
|poke|p1|Druddigon, M|
|poke|p1|Togekiss, F|
|poke|p1|Azumarill, F|
|poke|p1|Volcarona, M|
|poke|p1|Urshifu-*, F|
|poke|p2|Urshifu-*, M|
|poke|p2|Amoonguss, M|
|poke|p2|Mandibuzz, F|
|poke|p2|Excadrill, F|
|poke|p2|Clefable, M|
|poke|p2|Dragapult, F|
|rule|Sleep Clause Mod: Limit one foe put to sleep
|rule|Species Clause: Limit one of each Pokémon
|rule|OHKO Clause: OHKO moves are banned
|rule|Evasion Moves Clause: Evasion moves are banned
|rule|Endless Battle Clause: Forcing endless battles is banned
|rule|HP Percentage Mod: HP is shown in percentages
|rule|Dynamax Clause: You cannot dynamax
|teampreview
|inactive|Battle timer is ON: inactive players will automatically lose when time's up. (requested by heavyisdead)
|
|start
|switch|p1a: Volcarona|Volcarona, M|100/100
|switch|p2a: SAITAMA|Urshifu, M|100/100
|turn|1
|c|☆heavyisdead|ONE PUNCH
|
|switch|p1a: Togekiss|Togekiss, F|100/100
|switch|p2a: Dragapult|Dragapult, F|100/100
|
|upkeep
|turn|2
|j| Unlucky account
|c|☆SSJ2Red|hahaha
|
|switch|p2a: Excadrill|Excadrill, F|100/100
|-ability|p2a: Excadrill|Mold Breaker
|move|p1a: Togekiss|Air Slash|p2a: Excadrill
|-resisted|p2a: Excadrill
|-damage|p2a: Excadrill|79/100
|
|-heal|p2a: Excadrill|85/100|[from] item: Leftovers
|upkeep
|turn|3
|
|switch|p1a: Volcarona|Volcarona, M|100/100
|move|p2a: Excadrill|Stealth Rock|p1a: Volcarona
|-sidestart|p1: heavyisdead|move: Stealth Rock
|
|-heal|p2a: Excadrill|91/100|[from] item: Leftovers
|upkeep
|turn|4
|
|switch|p2a: Dragapult|Dragapult, F|100/100
|move|p1a: Volcarona|Fiery Dance|p2a: Dragapult
|-resisted|p2a: Dragapult
|-damage|p2a: Dragapult|73/100
|-boost|p1a: Volcarona|spa|1
|
|upkeep
|turn|5
|
|move|p2a: Dragapult|Dragon Darts|p1a: Volcarona
|-damage|p1a: Volcarona|51/100
|-anim|p2a: Dragapult|Dragon Darts|p1a: Volcarona
|-damage|p1a: Volcarona|0 fnt
|faint|p1a: Volcarona
|
|upkeep
|
|switch|p1a: Azumarill|Azumarill, F|100/100
|-damage|p1a: Azumarill|88/100|[from] Stealth Rock
|turn|6
|
|move|p2a: Dragapult|Will-O-Wisp|p1a: Azumarill
|-status|p1a: Azumarill|brn
|move|p1a: Azumarill|Knock Off|p2a: Dragapult
|-supereffective|p2a: Dragapult
|-damage|p2a: Dragapult|21/100
|-enditem|p2a: Dragapult|Dragon Fang|[from] move: Knock Off|[of] p1a: Azumarill
|
|-damage|p1a: Azumarill|82/100 brn|[from] brn
|upkeep
|turn|7
|
|move|p2a: Dragapult|U-turn|p1a: Azumarill
|-resisted|p1a: Azumarill
|-damage|p1a: Azumarill|66/100 brn
|
|switch|p2a: Amoonguss|Amoonguss, M|100/100|[from]move: U-turn
|move|p1a: Azumarill|Knock Off|p2a: Amoonguss
|-damage|p2a: Amoonguss|86/100
|-damage|p1a: Azumarill|50/100 brn|[from] item: Rocky Helmet|[of] p2a: Amoonguss
|-enditem|p2a: Amoonguss|Rocky Helmet|[from] move: Knock Off|[of] p1a: Azumarill
|-enditem|p1a: Azumarill|Sitrus Berry|[eat]
|-heal|p1a: Azumarill|75/100 brn|[from] item: Sitrus Berry
|
|-damage|p1a: Azumarill|69/100 brn|[from] brn
|upkeep
|turn|8
|
|move|p1a: Azumarill|Belly Drum|p1a: Azumarill
|-damage|p1a: Azumarill|19/100 brn
|-setboost|p1a: Azumarill|atk|6|[from] move: Belly Drum
|move|p2a: Amoonguss|Giga Drain|p1a: Azumarill
|-supereffective|p1a: Azumarill
|-damage|p1a: Azumarill|0 fnt
|-heal|p2a: Amoonguss|93/100|[from] drain|[of] p1a: Azumarill
|faint|p1a: Azumarill
|
|upkeep
|
|switch|p1a: Necrozma|Necrozma|100/100
|-damage|p1a: Necrozma|88/100|[from] Stealth Rock
|turn|9
|
|switch|p2a: Mandibuzz|Mandibuzz, F|100/100
|move|p1a: Necrozma|Autotomize|p1a: Necrozma
|-boost|p1a: Necrozma|spe|2
|-start|p1a: Necrozma|Autotomize
|
|upkeep
|turn|10
|
|move|p1a: Necrozma|Meteor Beam||[still]
|-prepare|p1a: Necrozma|Meteor Beam|p2a: Mandibuzz
|-boost|p1a: Necrozma|spa|1
|-enditem|p1a: Necrozma|Power Herb
|-anim|p1a: Necrozma|Meteor Beam|p2a: Mandibuzz
|-supereffective|p2a: Mandibuzz
|-crit|p2a: Mandibuzz
|-damage|p2a: Mandibuzz|0 fnt
|faint|p2a: Mandibuzz
|
|upkeep
|
|switch|p2a: Clefable|Clefable, M|100/100
|turn|11
|
|move|p1a: Necrozma|Photon Geyser|p2a: Clefable
|-damage|p2a: Clefable|39/100
|move|p2a: Clefable|Thunder Wave|p1a: Necrozma
|-status|p1a: Necrozma|par
|
|-heal|p2a: Clefable|45/100|[from] item: Leftovers
|upkeep
|turn|12
|
|switch|p2a: Dragapult|Dragapult, F|21/100
|move|p1a: Necrozma|Autotomize|p1a: Necrozma
|-boost|p1a: Necrozma|spe|2
|-start|p1a: Necrozma|Autotomize
|
|upkeep
|turn|13
|
|cant|p1a: Necrozma|par
|move|p2a: Dragapult|Dragon Darts|p1a: Necrozma
|-damage|p1a: Necrozma|60/100 par
|-anim|p2a: Dragapult|Dragon Darts|p1a: Necrozma
|-crit|p1a: Necrozma
|-damage|p1a: Necrozma|19/100 par
|
|upkeep
|turn|14
|c|☆heavyisdead|CMON
|
|cant|p1a: Necrozma|par
|move|p2a: Dragapult|Dragon Darts|p1a: Necrozma
|-damage|p1a: Necrozma|0 fnt
|faint|p1a: Necrozma
|
|upkeep
|c|☆heavyisdead|nooooo
|
|switch|p1a: Urshifu|Urshifu, F|100/100
|-damage|p1a: Urshifu|94/100|[from] Stealth Rock
|turn|15
|
|move|p1a: Urshifu|Sucker Punch||[still]
|-fail|p1a: Urshifu
|move|p2a: Dragapult|Will-O-Wisp|p1a: Urshifu
|-status|p1a: Urshifu|brn
|
|-damage|p1a: Urshifu|88/100 brn|[from] brn
|upkeep
|turn|16
|
|switch|p2a: Clefable|Clefable, M|45/100
|move|p1a: Urshifu|Wicked Blow|p2a: Clefable
|-resisted|p2a: Clefable
|-crit|p2a: Clefable
|-damage|p2a: Clefable|26/100
|-damage|p1a: Urshifu|78/100 brn|[from] item: Life Orb
|
|-heal|p2a: Clefable|32/100|[from] item: Leftovers
|-damage|p1a: Urshifu|72/100 brn|[from] brn
|upkeep
|turn|17
|
|switch|p1a: Togekiss|Togekiss, F|100/100
|move|p2a: Clefable|Soft-Boiled|p2a: Clefable
|-heal|p2a: Clefable|83/100
|
|-heal|p2a: Clefable|89/100|[from] item: Leftovers
|upkeep
|turn|18
|
|move|p1a: Togekiss|Substitute|p1a: Togekiss
|-start|p1a: Togekiss|Substitute
|-damage|p1a: Togekiss|76/100
|move|p2a: Clefable|Knock Off|p1a: Togekiss
|-resisted|p1a: Togekiss
|-activate|p1a: Togekiss|move: Substitute|[damage]
|
|-heal|p2a: Clefable|95/100|[from] item: Leftovers
|upkeep
|turn|19
|
|move|p1a: Togekiss|Nasty Plot|p1a: Togekiss
|-boost|p1a: Togekiss|spa|2
|move|p2a: Clefable|Moonblast|p1a: Togekiss
|-end|p1a: Togekiss|Substitute
|
|-heal|p2a: Clefable|100/100|[from] item: Leftovers
|upkeep
|turn|20
|
|switch|p2a: SAITAMA|Urshifu, M|100/100
|move|p1a: Togekiss|Air Slash|p2a: SAITAMA
|-supereffective|p2a: SAITAMA
|-damage|p2a: SAITAMA|0 fnt
|faint|p2a: SAITAMA
|
|upkeep
|
|switch|p2a: Excadrill|Excadrill, F|91/100
|-ability|p2a: Excadrill|Mold Breaker
|turn|21
|
|move|p2a: Excadrill|Iron Head|p1a: Togekiss
|-supereffective|p1a: Togekiss
|-damage|p1a: Togekiss|0 fnt
|faint|p1a: Togekiss
|
|-heal|p2a: Excadrill|97/100|[from] item: Leftovers
|upkeep
|-message|heavyisdead forfeited.
|
|win|SSJ2Red
|l|☆heavyisdead
|raw|heavyisdead's rating: 1766 &rarr; <strong>1746</strong><br />(-20 for losing)
|raw|SSJ2Red's rating: 1774 &rarr; <strong>1793</strong><br />(+19 for winning)
|l| Unlucky account
