|j|☆ghecisbestvillain
|j|☆Highv0ltag3
|t:|1667599701
|gametype|singles
|player|p1|ghecisbestvillain|scientist-gen4|1761
|player|p2|Highv0ltag3|170|1915
|teamsize|p1|6
|teamsize|p2|6
|gen|8
|tier|[Gen 8] OU
|rated|
|rule|Sleep Clause Mod: Limit one foe put to sleep
|rule|Species Clause: Limit one of each Pokémon
|rule|OHKO Clause: OHKO moves are banned
|rule|Evasion Items Clause: Evasion items are banned
|rule|Evasion Moves Clause: Evasion moves are banned
|rule|Endless Battle Clause: Forcing endless battles is banned
|rule|HP Percentage Mod: HP is shown in percentages
|rule|Dynamax Clause: You cannot dynamax
|clearpoke
|poke|p1|Volcarona, M|
|poke|p1|Mew|
|poke|p1|Tapu Koko|
|poke|p1|Incineroar, M|
|poke|p1|Clefable, M|
|poke|p1|Spiritomb, M|
|poke|p2|Tornadus-Therian, M|
|poke|p2|Chansey, F|
|poke|p2|Hippowdon, F|
|poke|p2|Corviknight, F|
|poke|p2|Toxapex, F|
|poke|p2|Clefable, M|
|teampreview
|inactive|Battle timer is ON: inactive players will automatically lose when time's up. (requested by Highv0ltag3)
|
|t:|1667599751
|start
|switch|p1a: HXH is overrated|Incineroar, M|100/100
|switch|p2a: Hippowdon|Hippowdon, F|100/100
|-ability|p1a: HXH is overrated|Intimidate|boost
|-unboost|p2a: Hippowdon|atk|1
|-weather|Sandstorm|[from] ability: Sand Stream|[of] p2a: Hippowdon
|turn|1
|
|t:|1667599760
|move|p1a: HXH is overrated|Parting Shot|p2a: Hippowdon
|-unboost|p2a: Hippowdon|atk|1
|-unboost|p2a: Hippowdon|spa|1
|
|t:|1667599764
|switch|p1a: Naruto garbage|Tapu Koko|100/100|[from]move: Parting Shot
|-fieldstart|move: Electric Terrain|[from] ability: Electric Surge|[of] p1a: Naruto garbage
|move|p2a: Hippowdon|Earthquake|p1a: Naruto garbage
|-supereffective|p1a: Naruto garbage
|-damage|p1a: Naruto garbage|53/100
|
|-weather|Sandstorm|[upkeep]
|-damage|p1a: Naruto garbage|47/100|[from] Sandstorm
|upkeep
|turn|2
|
|t:|1667599772
|move|p1a: Naruto garbage|Taunt|p2a: Hippowdon
|-start|p2a: Hippowdon|move: Taunt
|move|p2a: Hippowdon|Earthquake|p1a: Naruto garbage
|-supereffective|p1a: Naruto garbage
|-damage|p1a: Naruto garbage|7/100
|
|-weather|Sandstorm|[upkeep]
|-damage|p1a: Naruto garbage|1/100|[from] Sandstorm
|upkeep
|turn|3
|j| fazefr
|
|t:|1667599780
|move|p1a: Naruto garbage|Reflect|p1a: Naruto garbage
|-sidestart|p1: ghecisbestvillain|Reflect
|move|p2a: Hippowdon|Earthquake|p1a: Naruto garbage
|-supereffective|p1a: Naruto garbage
|-damage|p1a: Naruto garbage|0 fnt
|faint|p1a: Naruto garbage
|
|-weather|Sandstorm|[upkeep]
|upkeep
|
|t:|1667599786
|switch|p1a: One Piece shitty|Mew|100/100
|turn|4
|
|t:|1667599790
|switch|p2a: Tornadus|Tornadus-Therian, M|100/100
|move|p1a: One Piece shitty|Cosmic Power|p1a: One Piece shitty
|-boost|p1a: One Piece shitty|def|1
|-boost|p1a: One Piece shitty|spd|1
|
|-weather|Sandstorm|[upkeep]
|-damage|p2a: Tornadus|94/100|[from] Sandstorm
|-damage|p1a: One Piece shitty|94/100|[from] Sandstorm
|-heal|p1a: One Piece shitty|100/100|[from] item: Leftovers
|upkeep
|turn|5
|
|t:|1667599799
|move|p2a: Tornadus|Nasty Plot|p2a: Tornadus
|-boost|p2a: Tornadus|spa|2
|move|p1a: One Piece shitty|Cosmic Power|p1a: One Piece shitty
|-boost|p1a: One Piece shitty|def|1
|-boost|p1a: One Piece shitty|spd|1
|
|-weather|none
|-fieldend|move: Electric Terrain
|upkeep
|turn|6
|
|t:|1667599805
|move|p2a: Tornadus|Nasty Plot|p2a: Tornadus
|-boost|p2a: Tornadus|spa|2
|move|p1a: One Piece shitty|Cosmic Power|p1a: One Piece shitty
|-boost|p1a: One Piece shitty|def|1
|-boost|p1a: One Piece shitty|spd|1
|
|upkeep
|turn|7
|
|t:|1667599811
|move|p2a: Tornadus|Hurricane|p1a: One Piece shitty
|-damage|p1a: One Piece shitty|55/100
|move|p1a: One Piece shitty|Cosmic Power|p1a: One Piece shitty
|-boost|p1a: One Piece shitty|def|1
|-boost|p1a: One Piece shitty|spd|1
|
|-heal|p1a: One Piece shitty|61/100|[from] item: Leftovers
|upkeep
|turn|8
|
|t:|1667599819
|move|p2a: Tornadus|Nasty Plot|p2a: Tornadus
|-boost|p2a: Tornadus|spa|2
|move|p1a: One Piece shitty|Stored Power|p2a: Tornadus
|-damage|p2a: Tornadus|32/100
|
|-heal|p1a: One Piece shitty|67/100|[from] item: Leftovers
|upkeep
|turn|9
|
|t:|1667599825
|move|p2a: Tornadus|Hurricane|p1a: One Piece shitty|[miss]
|-miss|p2a: Tornadus|p1a: One Piece shitty
|move|p1a: One Piece shitty|Stored Power|p2a: Tornadus
|-damage|p2a: Tornadus|0 fnt
|faint|p2a: Tornadus
|
|-heal|p1a: One Piece shitty|74/100|[from] item: Leftovers
|upkeep
|
|t:|1667599833
|switch|p2a: Clefable|Clefable, M|100/100
|turn|10
|
|t:|1667599836
|move|p1a: One Piece shitty|Taunt|p2a: Clefable
|-start|p2a: Clefable|move: Taunt
|cant|p2a: Clefable|move: Taunt|Calm Mind
|
|-heal|p1a: One Piece shitty|80/100|[from] item: Leftovers
|-sideend|p1: ghecisbestvillain|Reflect
|upkeep
|turn|11
|j| killer whale squa
|
|t:|1667599843
|move|p1a: One Piece shitty|Cosmic Power|p1a: One Piece shitty
|-boost|p1a: One Piece shitty|def|1
|-boost|p1a: One Piece shitty|spd|1
|move|p2a: Clefable|Moonblast|p1a: One Piece shitty
|-damage|p1a: One Piece shitty|53/100
|
|-heal|p1a: One Piece shitty|60/100|[from] item: Leftovers
|upkeep
|turn|12
|
|t:|1667599851
|move|p1a: One Piece shitty|Stored Power|p2a: Clefable
|-damage|p2a: Clefable|26/100
|move|p2a: Clefable|Moonblast|p1a: One Piece shitty
|-damage|p1a: One Piece shitty|33/100
|
|-heal|p1a: One Piece shitty|39/100|[from] item: Leftovers
|-end|p2a: Clefable|move: Taunt
|upkeep
|turn|13
|
|t:|1667599858
|move|p1a: One Piece shitty|Stored Power|p2a: Clefable
|-damage|p2a: Clefable|0 fnt
|faint|p2a: Clefable
|
|-heal|p1a: One Piece shitty|45/100|[from] item: Leftovers
|upkeep
|
|t:|1667599862
|switch|p2a: Hippowdon|Hippowdon, F|100/100
|-weather|Sandstorm|[from] ability: Sand Stream|[of] p2a: Hippowdon
|turn|14
|
|t:|1667599867
|move|p1a: One Piece shitty|Taunt|p2a: Hippowdon
|-start|p2a: Hippowdon|move: Taunt
|move|p2a: Hippowdon|Earthquake|p1a: One Piece shitty
|-damage|p1a: One Piece shitty|36/100
|
|-weather|Sandstorm|[upkeep]
|-damage|p1a: One Piece shitty|30/100|[from] Sandstorm
|-heal|p1a: One Piece shitty|36/100|[from] item: Leftovers
|upkeep
|turn|15
|
|t:|1667599875
|move|p1a: One Piece shitty|Stored Power|p2a: Hippowdon
|-damage|p2a: Hippowdon|43/100
|move|p2a: Hippowdon|Earthquake|p1a: One Piece shitty
|-damage|p1a: One Piece shitty|27/100
|
|-weather|Sandstorm|[upkeep]
|-damage|p1a: One Piece shitty|21/100|[from] Sandstorm
|-heal|p1a: One Piece shitty|27/100|[from] item: Leftovers
|-heal|p2a: Hippowdon|49/100|[from] item: Leftovers
|upkeep
|turn|16
|
|t:|1667599884
|switch|p2a: Corviknight|Corviknight, F|100/100
|-ability|p2a: Corviknight|Pressure
|move|p1a: One Piece shitty|Stored Power|p2a: Corviknight
|-resisted|p2a: Corviknight
|-damage|p2a: Corviknight|70/100
|
|-weather|Sandstorm|[upkeep]
|-damage|p1a: One Piece shitty|21/100|[from] Sandstorm
|-heal|p1a: One Piece shitty|27/100|[from] item: Leftovers
|upkeep
|turn|17
|
|t:|1667599896
|switch|p2a: Hippowdon|Hippowdon, F|49/100
|move|p1a: One Piece shitty|Cosmic Power|p1a: One Piece shitty
|-boost|p1a: One Piece shitty|def|1
|-boost|p1a: One Piece shitty|spd|1
|
|-weather|Sandstorm|[upkeep]
|-damage|p1a: One Piece shitty|21/100|[from] Sandstorm
|-heal|p1a: One Piece shitty|27/100|[from] item: Leftovers
|-heal|p2a: Hippowdon|56/100|[from] item: Leftovers
|upkeep
|turn|18
|
|t:|1667599906
|switch|p2a: Corviknight|Corviknight, F|70/100
|-ability|p2a: Corviknight|Pressure
|move|p1a: One Piece shitty|Stored Power|p2a: Corviknight
|-resisted|p2a: Corviknight
|-damage|p2a: Corviknight|34/100
|
|-weather|none
|-heal|p1a: One Piece shitty|33/100|[from] item: Leftovers
|upkeep
|turn|19
|
|t:|1667599915
|move|p1a: One Piece shitty|Stored Power|p2a: Corviknight
|-resisted|p2a: Corviknight
|-damage|p2a: Corviknight|0 fnt
|faint|p2a: Corviknight
|
|-heal|p1a: One Piece shitty|39/100|[from] item: Leftovers
|upkeep
|
|t:|1667599922
|switch|p2a: Chansey|Chansey, F|100/100
|turn|20
|
|t:|1667599925
|move|p1a: One Piece shitty|Body Press|p2a: Chansey
|-supereffective|p2a: Chansey
|-damage|p2a: Chansey|4/100
|move|p2a: Chansey|Soft-Boiled|p2a: Chansey
|-heal|p2a: Chansey|54/100
|
|-heal|p1a: One Piece shitty|46/100|[from] item: Leftovers
|upkeep
|turn|21
|-message|Highv0ltag3 forfeited.
|
|win|ghecisbestvillain
|raw|ghecisbestvillain's rating: 1761 &rarr; <strong>1789</strong><br />(+28 for winning)
|raw|Highv0ltag3's rating: 1915 &rarr; <strong>1887</strong><br />(-28 for losing)
|l|☆Highv0ltag3
|l|☆ghecisbestvillain
