|j|☆i know im horrible
|j|☆Chomp11
|t:|1657535289
|gametype|singles
|player|p1|i know im horrible|1|1663
|player|p2|Chomp11|steven|1709
|teamsize|p1|6
|teamsize|p2|6
|gen|8
|tier|[Gen 8] OU
|rated|
|rule|Sleep Clause Mod: Limit one foe put to sleep
|rule|Species Clause: Limit one of each Pokémon
|rule|OHKO Clause: OHKO moves are banned
|rule|Evasion Moves Clause: Evasion moves are banned
|rule|Endless Battle Clause: Forcing endless battles is banned
|rule|HP Percentage Mod: HP is shown in percentages
|rule|Dynamax Clause: You cannot dynamax
|clearpoke
|poke|p1|Ribombee, F|
|poke|p1|Kartana|
|poke|p1|Tapu Lele|
|poke|p1|Landorus-Therian, M|
|poke|p1|Jirachi|
|poke|p1|Kommo-o, M|
|poke|p2|Hippowdon, M|
|poke|p2|Dracozolt|
|poke|p2|Zapdos|
|poke|p2|Latios, M|
|poke|p2|Blissey, F|
|poke|p2|Ferrothorn, M|
|teampreview
|inactive|Battle timer is ON: inactive players will automatically lose when time's up. (requested by i know im horrible)
|
|t:|1657535325
|start
|switch|p1a: Ribombee|Ribombee, F|100/100
|switch|p2a: Hippowdon|Hippowdon, M|100/100
|-weather|Sandstorm|[from] ability: Sand Stream|[of] p2a: Hippowdon
|turn|1
|j| Gliese581g
|
|t:|1657535329
|move|p1a: Ribombee|Stun Spore|p2a: Hippowdon|[miss]
|-miss|p1a: Ribombee|p2a: Hippowdon
|move|p2a: Hippowdon|Stealth Rock|p1a: Ribombee
|-sidestart|p1: i know im horrible|move: Stealth Rock
|
|-weather|Sandstorm|[upkeep]
|-damage|p1a: Ribombee|94/100|[from] Sandstorm
|upkeep
|turn|2
|
|t:|1657535336
|switch|p2a: Zapdos|Zapdos|100/100
|move|p1a: Ribombee|Sticky Web|p2a: Zapdos
|-sidestart|p2: Chomp11|move: Sticky Web
|
|-weather|Sandstorm|[upkeep]
|-damage|p1a: Ribombee|88/100|[from] Sandstorm
|-damage|p2a: Zapdos|94/100|[from] Sandstorm
|upkeep
|turn|3
|j| lakob
|
|t:|1657535341
|move|p1a: Ribombee|Moonblast|p2a: Zapdos
|-damage|p2a: Zapdos|66/100
|-unboost|p2a: Zapdos|spa|1
|move|p2a: Zapdos|Heat Wave|p1a: Ribombee
|-supereffective|p1a: Ribombee
|-damage|p1a: Ribombee|29/100
|-status|p1a: Ribombee|brn
|
|-weather|Sandstorm|[upkeep]
|-damage|p1a: Ribombee|23/100 brn|[from] Sandstorm
|-damage|p2a: Zapdos|60/100|[from] Sandstorm
|-damage|p1a: Ribombee|17/100 brn|[from] brn
|upkeep
|turn|4
|
|t:|1657535348
|move|p1a: Ribombee|Moonblast|p2a: Zapdos
|-damage|p2a: Zapdos|28/100
|move|p2a: Zapdos|Roost|p2a: Zapdos
|-heal|p2a: Zapdos|78/100
|-singleturn|p2a: Zapdos|move: Roost
|
|-weather|Sandstorm|[upkeep]
|-damage|p1a: Ribombee|10/100 brn|[from] Sandstorm
|-damage|p2a: Zapdos|71/100|[from] Sandstorm
|-damage|p1a: Ribombee|4/100 brn|[from] brn
|upkeep
|turn|5
|
|t:|1657535353
|move|p1a: Ribombee|Moonblast|p2a: Zapdos
|-damage|p2a: Zapdos|40/100
|move|p2a: Zapdos|Roost|p2a: Zapdos
|-heal|p2a: Zapdos|90/100
|-singleturn|p2a: Zapdos|move: Roost
|
|-weather|Sandstorm|[upkeep]
|-damage|p1a: Ribombee|0 fnt|[from] Sandstorm
|-damage|p2a: Zapdos|84/100|[from] Sandstorm
|faint|p1a: Ribombee
|upkeep
|
|t:|1657535361
|switch|p1a: Tapu Lele|Tapu Lele|100/100
|-damage|p1a: Tapu Lele|88/100|[from] Stealth Rock
|-fieldstart|move: Psychic Terrain|[from] ability: Psychic Surge|[of] p1a: Tapu Lele
|turn|6
|l| Gliese581g
|
|t:|1657535367
|switch|p2a: Blissey|Blissey, F|100/100
|-activate|p2a: Blissey|move: Sticky Web
|-unboost|p2a: Blissey|spe|1
|move|p1a: Tapu Lele|Psyshock|p2a: Blissey
|-damage|p2a: Blissey|0 fnt
|faint|p2a: Blissey
|
|-weather|Sandstorm|[upkeep]
|-damage|p1a: Tapu Lele|82/100|[from] Sandstorm
|upkeep
|
|t:|1657535380
|switch|p2a: Ferrothorn|Ferrothorn, M|100/100
|-activate|p2a: Ferrothorn|move: Sticky Web
|-unboost|p2a: Ferrothorn|spe|1
|turn|7
|
|t:|1657535387
|switch|p1a: Landorus|Landorus-Therian, M|100/100
|-damage|p1a: Landorus|88/100|[from] Stealth Rock
|-ability|p1a: Landorus|Intimidate|boost
|-unboost|p2a: Ferrothorn|atk|1
|move|p2a: Ferrothorn|Knock Off|p1a: Landorus
|-damage|p1a: Landorus|76/100
|-enditem|p1a: Landorus|Leftovers|[from] move: Knock Off|[of] p2a: Ferrothorn
|
|-weather|Sandstorm|[upkeep]
|upkeep
|turn|8
|
|t:|1657535395
|move|p1a: Landorus|Substitute|p1a: Landorus
|-start|p1a: Landorus|Substitute
|-damage|p1a: Landorus|51/100
|move|p2a: Ferrothorn|Leech Seed||[still]
|-fail|p2a: Ferrothorn
|
|-weather|none
|upkeep
|turn|9
|
|t:|1657535398
|move|p1a: Landorus|Bulk Up|p1a: Landorus
|-boost|p1a: Landorus|atk|1
|-boost|p1a: Landorus|def|1
|move|p2a: Ferrothorn|Iron Defense|p2a: Ferrothorn
|-boost|p2a: Ferrothorn|def|2
|
|upkeep
|turn|10
|j| Arnaud senju vgc
|
|t:|1657535404
|move|p1a: Landorus|Bulk Up|p1a: Landorus
|-boost|p1a: Landorus|atk|1
|-boost|p1a: Landorus|def|1
|move|p2a: Ferrothorn|Iron Defense|p2a: Ferrothorn
|-boost|p2a: Ferrothorn|def|2
|
|-fieldend|move: Psychic Terrain
|upkeep
|turn|11
|
|t:|1657535407
|move|p1a: Landorus|Bulk Up|p1a: Landorus
|-boost|p1a: Landorus|atk|1
|-boost|p1a: Landorus|def|1
|move|p2a: Ferrothorn|Iron Defense|p2a: Ferrothorn
|-boost|p2a: Ferrothorn|def|2
|
|upkeep
|turn|12
|
|t:|1657535409
|move|p1a: Landorus|Bulk Up|p1a: Landorus
|-boost|p1a: Landorus|atk|1
|-boost|p1a: Landorus|def|1
|move|p2a: Ferrothorn|Body Press|p1a: Landorus
|-resisted|p1a: Landorus
|-crit|p1a: Landorus
|-end|p1a: Landorus|Substitute
|
|upkeep
|turn|13
|
|t:|1657535413
|move|p1a: Landorus|Earthquake|p2a: Ferrothorn
|-damage|p2a: Ferrothorn|81/100
|move|p2a: Ferrothorn|Body Press|p1a: Landorus
|-resisted|p1a: Landorus
|-damage|p1a: Landorus|33/100
|
|upkeep
|turn|14
|
|t:|1657535421
|move|p1a: Landorus|Earthquake|p2a: Ferrothorn
|-damage|p2a: Ferrothorn|62/100
|move|p2a: Ferrothorn|Leech Seed|p1a: Landorus|[miss]
|-miss|p2a: Ferrothorn|p1a: Landorus
|
|upkeep
|turn|15
|
|t:|1657535428
|move|p1a: Landorus|Earthquake|p2a: Ferrothorn
|-damage|p2a: Ferrothorn|41/100
|move|p2a: Ferrothorn|Body Press|p1a: Landorus
|-resisted|p1a: Landorus
|-damage|p1a: Landorus|16/100
|
|upkeep
|turn|16
|
|t:|1657535432
|move|p1a: Landorus|Earthquake|p2a: Ferrothorn
|-damage|p2a: Ferrothorn|21/100
|move|p2a: Ferrothorn|Leech Seed|p1a: Landorus
|-start|p1a: Landorus|move: Leech Seed
|
|-damage|p1a: Landorus|4/100|[from] Leech Seed|[of] p2a: Ferrothorn
|-heal|p2a: Ferrothorn|33/100|[silent]
|upkeep
|turn|17
|
|t:|1657535438
|move|p1a: Landorus|Earthquake|p2a: Ferrothorn
|-damage|p2a: Ferrothorn|12/100
|move|p2a: Ferrothorn|Knock Off|p1a: Landorus
|-damage|p1a: Landorus|1/100
|
|-damage|p1a: Landorus|0 fnt|[from] Leech Seed|[of] p2a: Ferrothorn
|-heal|p2a: Ferrothorn|12/100|[silent]
|faint|p1a: Landorus
|upkeep
|
|t:|1657535443
|switch|p1a: Tapu Lele|Tapu Lele|82/100
|-damage|p1a: Tapu Lele|70/100|[from] Stealth Rock
|-fieldstart|move: Psychic Terrain|[from] ability: Psychic Surge|[of] p1a: Tapu Lele
|turn|18
|j| Nightsuwu
|
|t:|1657535449
|move|p1a: Tapu Lele|Moonblast|p2a: Ferrothorn
|-resisted|p2a: Ferrothorn
|-damage|p2a: Ferrothorn|0 fnt
|faint|p2a: Ferrothorn
|
|upkeep
|
|t:|1657535457
|switch|p2a: Hippowdon|Hippowdon, M|100/100
|-activate|p2a: Hippowdon|move: Sticky Web
|-unboost|p2a: Hippowdon|spe|1
|-weather|Sandstorm|[from] ability: Sand Stream|[of] p2a: Hippowdon
|turn|19
|
|t:|1657535460
|move|p1a: Tapu Lele|Moonblast|p2a: Hippowdon
|-damage|p2a: Hippowdon|28/100
|move|p2a: Hippowdon|Earthquake|p1a: Tapu Lele
|-damage|p1a: Tapu Lele|13/100
|
|-weather|Sandstorm|[upkeep]
|-damage|p1a: Tapu Lele|7/100|[from] Sandstorm
|upkeep
|turn|20
|
|t:|1657535467
|move|p1a: Tapu Lele|Moonblast|p2a: Hippowdon
|-damage|p2a: Hippowdon|0 fnt
|faint|p2a: Hippowdon
|
|-weather|Sandstorm|[upkeep]
|-damage|p1a: Tapu Lele|0 fnt|[from] Sandstorm
|faint|p1a: Tapu Lele
|upkeep
|
|t:|1657535477
|switch|p1a: Kartana|Kartana|100/100
|switch|p2a: Zapdos|Zapdos|84/100
|-damage|p1a: Kartana|94/100|[from] Stealth Rock
|turn|21
|
|t:|1657535480
|move|p1a: Kartana|Knock Off|p2a: Zapdos
|-damage|p2a: Zapdos|49/100
|-enditem|p2a: Zapdos|Heavy-Duty Boots|[from] move: Knock Off|[of] p1a: Kartana
|move|p2a: Zapdos|Heat Wave|p1a: Kartana
|-supereffective|p1a: Kartana
|-damage|p1a: Kartana|0 fnt
|faint|p1a: Kartana
|
|-weather|Sandstorm|[upkeep]
|-damage|p2a: Zapdos|43/100|[from] Sandstorm
|upkeep
|
|t:|1657535486
|switch|p1a: Kommo-o|Kommo-o, M|100/100
|-damage|p1a: Kommo-o|94/100|[from] Stealth Rock
|turn|22
|
|t:|1657535490
|move|p1a: Kommo-o|Substitute|p1a: Kommo-o
|-start|p1a: Kommo-o|Substitute
|-damage|p1a: Kommo-o|69/100
|move|p2a: Zapdos|Defog|p1a: Kommo-o
|-sideend|p1: i know im horrible|Stealth Rock|[from] move: Defog|[of] p2a: Zapdos
|-sideend|p2: Chomp11|Sticky Web|[from] move: Defog|[of] p2a: Zapdos
|-fieldend|move: Psychic Terrain
|
|-weather|Sandstorm|[upkeep]
|-damage|p1a: Kommo-o|63/100|[from] Sandstorm
|-damage|p2a: Zapdos|37/100|[from] Sandstorm
|upkeep
|turn|23
|
|t:|1657535496
|switch|p2a: Latios|Latios, M|100/100
|move|p1a: Kommo-o|Belly Drum|p1a: Kommo-o
|-damage|p1a: Kommo-o|13/100
|-setboost|p1a: Kommo-o|atk|6|[from] move: Belly Drum
|-enditem|p1a: Kommo-o|Salac Berry|[eat]
|-boost|p1a: Kommo-o|spe|1|[from] item: Salac Berry
|
|-weather|Sandstorm|[upkeep]
|-damage|p1a: Kommo-o|7/100|[from] Sandstorm
|-damage|p2a: Latios|95/100|[from] Sandstorm
|upkeep
|turn|24
|l| Nightsuwu
|
|t:|1657535513
|switch|p2a: Zapdos|Zapdos|37/100
|move|p1a: Kommo-o|Drain Punch|p2a: Zapdos
|-resisted|p2a: Zapdos
|-damage|p2a: Zapdos|0 fnt
|-heal|p1a: Kommo-o|31/100|[from] drain|[of] p2a: Zapdos
|-status|p1a: Kommo-o|par|[from] ability: Static|[of] p2a: Zapdos
|faint|p2a: Zapdos
|
|-weather|Sandstorm|[upkeep]
|-damage|p1a: Kommo-o|25/100 par|[from] Sandstorm
|upkeep
|c|☆i know im horrible|bru
|
|t:|1657535527
|switch|p2a: Latios|Latios, M|95/100
|turn|25
|
|t:|1657535530
|move|p2a: Latios|Psyshock|p1a: Kommo-o
|-supereffective|p1a: Kommo-o
|-end|p1a: Kommo-o|Substitute
|cant|p1a: Kommo-o|par
|
|-weather|Sandstorm|[upkeep]
|-damage|p2a: Latios|89/100|[from] Sandstorm
|-damage|p1a: Kommo-o|19/100 par|[from] Sandstorm
|upkeep
|turn|26
|c|☆i know im horrible|bru again
|
|t:|1657535538
|move|p2a: Latios|Psyshock|p1a: Kommo-o
|-supereffective|p1a: Kommo-o
|-damage|p1a: Kommo-o|0 fnt
|faint|p1a: Kommo-o
|
|-weather|none
|upkeep
|
|t:|1657535540
|switch|p1a: Jirachi|Jirachi|100/100
|turn|27
|c|☆Chomp11|yikes
|
|t:|1657535545
|switch|p2a: Dracozolt|Dracozolt|100/100
|move|p1a: Jirachi|Ancient Power|p2a: Dracozolt
|-damage|p2a: Dracozolt|80/100
|
|upkeep
|turn|28
|
|t:|1657535550
|move|p2a: Dracozolt|Bolt Beak|p1a: Jirachi
|-damage|p1a: Jirachi|14/100
|-damage|p2a: Dracozolt|70/100|[from] item: Life Orb
|move|p1a: Jirachi|Ancient Power|p2a: Dracozolt
|-damage|p2a: Dracozolt|47/100
|-boost|p1a: Jirachi|atk|1
|-boost|p1a: Jirachi|def|1
|-boost|p1a: Jirachi|spa|1
|-boost|p1a: Jirachi|spd|1
|-boost|p1a: Jirachi|spe|1
|
|upkeep
|turn|29
|
|t:|1657535554
|move|p1a: Jirachi|Psychic|p2a: Dracozolt
|-damage|p2a: Dracozolt|0 fnt
|faint|p2a: Dracozolt
|
|upkeep
|
|t:|1657535557
|switch|p2a: Latios|Latios, M|89/100
|turn|30
|
|t:|1657535560
|move|p1a: Jirachi|Iron Head|p2a: Latios
|-damage|p2a: Latios|23/100
|cant|p2a: Latios|flinch
|
|upkeep
|turn|31
|c|☆i know im horrible|damng
|c|☆i know im horrible|gg
|c|☆Chomp11|yikes
|
|t:|1657535571
|move|p1a: Jirachi|Iron Head|p2a: Latios
|-damage|p2a: Latios|0 fnt
|faint|p2a: Latios
|
|win|i know im horrible
|raw|i know im horrible's rating: 1663 &rarr; <strong>1686</strong><br />(+23 for winning)
|raw|Chomp11's rating: 1709 &rarr; <strong>1686</strong><br />(-23 for losing)
|l|☆Chomp11
|l|☆i know im horrible
