|j|☆thounss
|j|☆EMEXDD悦加
|player|p1|thounss|266|1704
|player|p2|EMEXDD悦加|169|1741
|teamsize|p1|6
|teamsize|p2|6
|gametype|singles
|gen|8
|tier|[Gen 8] OU
|rated|
|clearpoke
|poke|p1|Conkeldurr, F|
|poke|p1|Dragapult, F|
|poke|p1|Seismitoad, F|
|poke|p1|Rotom-Heat|
|poke|p1|Clefable, F|
|poke|p1|Corviknight, M|
|poke|p2|Crawdaunt, M|
|poke|p2|Hatterene, F|
|poke|p2|Dracovish|
|poke|p2|Mandibuzz, F|
|poke|p2|Bisharp, F|
|poke|p2|Mimikyu, F|
|rule|Sleep Clause Mod: Limit one foe put to sleep
|rule|Species Clause: Limit one of each Pokémon
|rule|OHKO Clause: OHKO moves are banned
|rule|Evasion Moves Clause: Evasion moves are banned
|rule|Endless Battle Clause: Forcing endless battles is banned
|rule|HP Percentage Mod: HP is shown in percentages
|rule|Dynamax Clause: You cannot dynamax
|teampreview
|inactive|Battle timer is ON: inactive players will automatically lose when time's up. (requested by EMEXDD悦加)
|
|start
|switch|p1a: Rotom|Rotom-Heat|100/100
|switch|p2a: Mimikyu|Mimikyu, F|100/100
|turn|1
|
|move|p1a: Rotom|Volt Switch|p2a: Mimikyu
|-activate|p2a: Mimikyu|ability: Disguise
|-damage|p2a: Mimikyu|100/100
|detailschange|p2a: Mimikyu|Mimikyu-Busted, F
|-damage|p2a: Mimikyu|88/100|[from] ability: Disguise|[of] p2a: Mimikyu
|
|switch|p1a: Corviknight|Corviknight, M|100/100|[from]move: Volt Switch
|-ability|p1a: Corviknight|Pressure
|move|p2a: Mimikyu|Swords Dance|p2a: Mimikyu
|-boost|p2a: Mimikyu|atk|2
|
|upkeep
|turn|2
|
|move|p2a: Mimikyu|Shadow Claw|p1a: Corviknight
|-damage|p1a: Corviknight|42/100
|-damage|p2a: Mimikyu|78/100|[from] item: Life Orb
|move|p1a: Corviknight|Iron Head|p2a: Mimikyu
|-supereffective|p2a: Mimikyu
|-damage|p2a: Mimikyu|3/100
|
|-heal|p1a: Corviknight|48/100|[from] item: Leftovers
|upkeep
|turn|3
|
|move|p2a: Mimikyu|Shadow Claw|p1a: Corviknight
|-damage|p1a: Corviknight|0 fnt
|-damage|p2a: Mimikyu|0 fnt|[from] item: Life Orb
|faint|p1a: Corviknight
|faint|p2a: Mimikyu
|
|upkeep
|
|switch|p2a: Dracovish|Dracovish|100/100
|switch|p1a: Dragapult|Dragapult, F|100/100
|turn|4
|
|switch|p1a: Clefable|Clefable, F|100/100
|switch|p2a: Hatterene|Hatterene, F|100/100
|
|upkeep
|turn|5
|
|switch|p1a: Rotom|Rotom-Heat|100/100
|move|p2a: Hatterene|Psyshock|p1a: Rotom
|-damage|p1a: Rotom|40/100
|-damage|p2a: Hatterene|91/100|[from] item: Life Orb
|
|upkeep
|turn|6
|
|move|p1a: Rotom|Overheat|p2a: Hatterene
|-damage|p2a: Hatterene|43/100
|-unboost|p1a: Rotom|spa|2
|move|p2a: Hatterene|Psyshock|p1a: Rotom
|-damage|p1a: Rotom|0 fnt
|-damage|p2a: Hatterene|33/100|[from] item: Life Orb
|faint|p1a: Rotom
|
|upkeep
|
|switch|p1a: Conkeldurr|Conkeldurr, F|100/100
|turn|7
|
|switch|p2a: Mandibuzz|Mandibuzz, F|100/100
|move|p1a: Conkeldurr|Earthquake|p2a: Mandibuzz
|-immune|p2a: Mandibuzz
|
|-status|p1a: Conkeldurr|brn|[from] item: Flame Orb
|upkeep
|turn|8
|
|move|p2a: Mandibuzz|Air Slash|p1a: Conkeldurr
|-supereffective|p1a: Conkeldurr
|-damage|p1a: Conkeldurr|37/100 brn
|move|p1a: Conkeldurr|Bulk Up|p1a: Conkeldurr
|-boost|p1a: Conkeldurr|atk|1
|-boost|p1a: Conkeldurr|def|1
|
|-damage|p1a: Conkeldurr|31/100 brn|[from] brn
|upkeep
|turn|9
|
|switch|p1a: Clefable|Clefable, F|100/100
|move|p2a: Mandibuzz|Air Slash|p1a: Clefable
|-damage|p1a: Clefable|76/100
|
|-heal|p1a: Clefable|82/100|[from] item: Leftovers
|upkeep
|turn|10
|
|move|p2a: Mandibuzz|Air Slash|p1a: Clefable|[miss]
|-miss|p2a: Mandibuzz|p1a: Clefable
|move|p1a: Clefable|Wish|p1a: Clefable
|
|-heal|p1a: Clefable|88/100|[from] item: Leftovers
|upkeep
|turn|11
|
|switch|p2a: Bisharp|Bisharp, F|100/100
|move|p1a: Clefable|Moonblast|p2a: Bisharp
|-damage|p2a: Bisharp|58/100
|
|-heal|p1a: Clefable|100/100|[from] move: Wish|[wisher] Clefable
|upkeep
|turn|12
|
|switch|p1a: Seismitoad|Seismitoad, F|100/100
|move|p2a: Bisharp|Swords Dance|p2a: Bisharp
|-boost|p2a: Bisharp|atk|2
|
|upkeep
|turn|13
|
|move|p2a: Bisharp|Throat Chop|p1a: Seismitoad
|-damage|p1a: Seismitoad|20/100
|-start|p1a: Seismitoad|Throat Chop|[silent]
|-damage|p2a: Bisharp|48/100|[from] item: Life Orb
|move|p1a: Seismitoad|Earthquake|p2a: Bisharp
|-supereffective|p2a: Bisharp
|-damage|p2a: Bisharp|0 fnt
|faint|p2a: Bisharp
|
|-heal|p1a: Seismitoad|26/100|[from] item: Leftovers
|upkeep
|
|switch|p2a: Crawdaunt|Crawdaunt, M|100/100
|turn|14
|j| Beastxl
|j| ryuzakimrl
|l| ryuzakimrl
|
|move|p1a: Seismitoad|Earthquake|p2a: Crawdaunt
|-damage|p2a: Crawdaunt|58/100
|move|p2a: Crawdaunt|Swords Dance|p2a: Crawdaunt
|-boost|p2a: Crawdaunt|atk|2
|
|-heal|p1a: Seismitoad|32/100|[from] item: Leftovers
|-end|p1a: Seismitoad|Throat Chop|[silent]
|upkeep
|turn|15
|inactive|thounss has 120 seconds left.
|
|switch|p1a: Dragapult|Dragapult, F|100/100
|move|p2a: Crawdaunt|Knock Off|p1a: Dragapult
|-supereffective|p1a: Dragapult
|-damage|p1a: Dragapult|0 fnt
|-enditem|p1a: Dragapult|Choice Specs|[from] move: Knock Off|[of] p2a: Crawdaunt
|-damage|p2a: Crawdaunt|48/100|[from] item: Life Orb
|faint|p1a: Dragapult
|
|upkeep
|
|switch|p1a: Conkeldurr|Conkeldurr, F|31/100 brn
|turn|16
|
|move|p1a: Conkeldurr|Mach Punch|p2a: Crawdaunt
|-supereffective|p2a: Crawdaunt
|-damage|p2a: Crawdaunt|0 fnt
|faint|p2a: Crawdaunt
|
|-damage|p1a: Conkeldurr|25/100 brn|[from] brn
|upkeep
|
|switch|p2a: Mandibuzz|Mandibuzz, F|100/100
|turn|17
|
|switch|p1a: Clefable|Clefable, F|100/100
|move|p2a: Mandibuzz|Nasty Plot|p2a: Mandibuzz
|-boost|p2a: Mandibuzz|spa|2
|
|upkeep
|turn|18
|
|move|p2a: Mandibuzz|Air Slash|p1a: Clefable
|-damage|p1a: Clefable|59/100
|cant|p1a: Clefable|flinch
|
|-heal|p1a: Clefable|65/100|[from] item: Leftovers
|upkeep
|turn|19
|
|move|p1a: Clefable|Protect|p1a: Clefable
|-singleturn|p1a: Clefable|Protect
|move|p2a: Mandibuzz|Air Slash|p1a: Clefable
|-activate|p1a: Clefable|move: Protect
|
|-heal|p1a: Clefable|71/100|[from] item: Leftovers
|upkeep
|turn|20
|
|move|p2a: Mandibuzz|Air Slash|p1a: Clefable
|-damage|p1a: Clefable|19/100
|move|p1a: Clefable|Moonblast|p2a: Mandibuzz
|-supereffective|p2a: Mandibuzz
|-damage|p2a: Mandibuzz|37/100
|
|-heal|p1a: Clefable|25/100|[from] item: Leftovers
|upkeep
|turn|21
|
|move|p2a: Mandibuzz|Air Slash|p1a: Clefable
|-damage|p1a: Clefable|0 fnt
|faint|p1a: Clefable
|
|upkeep
|
|switch|p1a: Conkeldurr|Conkeldurr, F|25/100 brn
|turn|22
|
|move|p1a: Conkeldurr|Mach Punch|p2a: Mandibuzz
|-damage|p2a: Mandibuzz|1/100
|-ability|p2a: Mandibuzz|Weak Armor|boost
|-unboost|p2a: Mandibuzz|def|1
|-boost|p2a: Mandibuzz|spe|2
|move|p2a: Mandibuzz|Air Slash|p1a: Conkeldurr
|-supereffective|p1a: Conkeldurr
|-damage|p1a: Conkeldurr|0 fnt
|faint|p1a: Conkeldurr
|
|upkeep
|c|☆thounss|you are so fucking lucky
|
|switch|p1a: Seismitoad|Seismitoad, F|32/100
|turn|23
|
|move|p2a: Mandibuzz|Dark Pulse|p1a: Seismitoad
|-crit|p1a: Seismitoad
|-damage|p1a: Seismitoad|0 fnt
|faint|p1a: Seismitoad
|
|win|EMEXDD悦加
|raw|thounss's rating: 1704 &rarr; <strong>1686</strong><br />(-18 for losing)
|raw|EMEXDD悦加's rating: 1741 &rarr; <strong>1759</strong><br />(+18 for winning)
|c|☆EMEXDD悦加|gg
|c|☆thounss|not really the best game
|c|☆thounss|gg
|l|☆EMEXDD悦加
|l|☆thounss
|l| Beastxl
|j|☆EMEXDD悦加
|player|p2|EMEXDD悦加|169
