|j|☆Down$hift
|j|☆youwontbreakmysoul
|t:|1664219247
|gametype|singles
|player|p1|Down$hift|teamrocket|1626
|player|p2|youwontbreakmysoul|lucas|1631
|teamsize|p1|6
|teamsize|p2|6
|gen|8
|tier|[Gen 8] OU
|rated|
|rule|Sleep Clause Mod: Limit one foe put to sleep
|rule|Species Clause: Limit one of each Pokémon
|rule|OHKO Clause: OHKO moves are banned
|rule|Evasion Items Clause: Evasion items are banned
|rule|Evasion Moves Clause: Evasion moves are banned
|rule|Endless Battle Clause: Forcing endless battles is banned
|rule|HP Percentage Mod: HP is shown in percentages
|rule|Dynamax Clause: You cannot dynamax
|clearpoke
|poke|p1|Regigigas|
|poke|p1|Weezing-Galar, M|
|poke|p1|Landorus-Therian, M|
|poke|p1|Gengar, F|
|poke|p1|Slowbro, F|
|poke|p1|Toxapex, F|
|poke|p2|Snorlax, F|
|poke|p2|Zapdos|
|poke|p2|Umbreon, M|
|poke|p2|Melmetal|
|poke|p2|Clefable, F|
|poke|p2|Slowbro, F|
|teampreview
|c|☆Down$hift|hf
|
|t:|1664219262
|start
|switch|p1a: LandOUrus-T|Landorus-Therian, M|100/100
|switch|p2a: Slowbro|Slowbro, F|100/100
|-ability|p1a: LandOUrus-T|Intimidate|boost
|-unboost|p2a: Slowbro|atk|1
|turn|1
|
|t:|1664219267
|move|p1a: LandOUrus-T|Toxic|p2a: Slowbro|[miss]
|-miss|p1a: LandOUrus-T|p2a: Slowbro
|move|p2a: Slowbro|Scald|p1a: LandOUrus-T
|-supereffective|p1a: LandOUrus-T
|-damage|p1a: LandOUrus-T|54/100
|-status|p1a: LandOUrus-T|brn
|
|-heal|p1a: LandOUrus-T|60/100 brn|[from] item: Leftovers
|-damage|p1a: LandOUrus-T|54/100 brn|[from] brn
|upkeep
|turn|2
|
|t:|1664219272
|move|p1a: LandOUrus-T|Toxic|p2a: Slowbro
|-status|p2a: Slowbro|tox
|move|p2a: Slowbro|Future Sight|p1a: LandOUrus-T
|-start|p2a: Slowbro|move: Future Sight
|
|-heal|p1a: LandOUrus-T|60/100 brn|[from] item: Leftovers
|-damage|p2a: Slowbro|94/100 tox|[from] psn
|-damage|p1a: LandOUrus-T|54/100 brn|[from] brn
|upkeep
|turn|3
|
|t:|1664219275
|move|p1a: LandOUrus-T|Stealth Rock|p2a: Slowbro
|-sidestart|p2: youwontbreakmysoul|move: Stealth Rock
|move|p2a: Slowbro|Scald|p1a: LandOUrus-T
|-supereffective|p1a: LandOUrus-T
|-damage|p1a: LandOUrus-T|8/100 brn
|
|-heal|p1a: LandOUrus-T|14/100 brn|[from] item: Leftovers
|-damage|p2a: Slowbro|82/100 tox|[from] psn
|-damage|p1a: LandOUrus-T|8/100 brn|[from] brn
|upkeep
|turn|4
|
|t:|1664219280
|switch|p1a: ur slow|Slowbro, F|100/100
|move|p2a: Slowbro|Teleport|p2a: Slowbro
|
|t:|1664219284
|switch|p2a: Zapdos|Zapdos|100/100|[from]move: Teleport
|
|-end|p1a: ur slow|move: Future Sight
|-resisted|p1a: ur slow
|-damage|p1a: ur slow|85/100
|upkeep
|turn|5
|
|t:|1664219288
|move|p2a: Zapdos|Defog|p1a: ur slow
|-unboost|p1a: ur slow|evasion|1
|-sideend|p2: youwontbreakmysoul|Stealth Rock|[from] move: Defog|[of] p2a: Zapdos
|move|p1a: ur slow|Scald|p2a: Zapdos
|-damage|p2a: Zapdos|75/100
|
|upkeep
|turn|6
|
|t:|1664219291
|move|p2a: Zapdos|Volt Switch|p1a: ur slow
|-supereffective|p1a: ur slow
|-damage|p1a: ur slow|46/100
|j| pill boy
|
|t:|1664219293
|switch|p2a: Clefable|Clefable, F|100/100|[from]move: Volt Switch
|move|p1a: ur slow|Scald|p2a: Clefable
|-damage|p2a: Clefable|75/100
|
|-heal|p2a: Clefable|81/100|[from] item: Leftovers
|upkeep
|turn|7
|
|t:|1664219297
|move|p2a: Clefable|Stealth Rock|p1a: ur slow
|-sidestart|p1: Down$hift|move: Stealth Rock
|move|p1a: ur slow|Slack Off|p1a: ur slow
|-heal|p1a: ur slow|96/100
|
|-heal|p2a: Clefable|88/100|[from] item: Leftovers
|upkeep
|turn|8
|
|t:|1664219305
|switch|p2a: Melmetal|Melmetal|100/100
|move|p1a: ur slow|Scald|p2a: Melmetal
|-damage|p2a: Melmetal|74/100
|
|-heal|p2a: Melmetal|80/100|[from] item: Leftovers
|upkeep
|turn|9
|
|t:|1664219308
|move|p2a: Melmetal|Substitute|p2a: Melmetal
|-start|p2a: Melmetal|Substitute
|-damage|p2a: Melmetal|55/100
|move|p1a: ur slow|Scald|p2a: Melmetal
|-end|p2a: Melmetal|Substitute
|
|-heal|p2a: Melmetal|61/100|[from] item: Leftovers
|upkeep
|turn|10
|
|t:|1664219311
|move|p2a: Melmetal|Thunder Punch|p1a: ur slow
|-supereffective|p1a: ur slow
|-damage|p1a: ur slow|39/100
|move|p1a: ur slow|Scald|p2a: Melmetal
|-damage|p2a: Melmetal|32/100
|
|-heal|p2a: Melmetal|38/100|[from] item: Leftovers
|upkeep
|turn|11
|
|t:|1664219316
|switch|p1a: Prédastérie|Toxapex, F|100/100
|-damage|p1a: Prédastérie|88/100|[from] Stealth Rock
|move|p2a: Melmetal|Thunder Punch|p1a: Prédastérie
|-supereffective|p1a: Prédastérie
|-damage|p1a: Prédastérie|33/100
|
|-heal|p2a: Melmetal|44/100|[from] item: Leftovers
|upkeep
|turn|12
|
|t:|1664219319
|move|p1a: Prédastérie|Liquidation|p2a: Melmetal
|-damage|p2a: Melmetal|20/100
|move|p2a: Melmetal|Thunder Punch|p1a: Prédastérie
|-supereffective|p1a: Prédastérie
|-damage|p1a: Prédastérie|0 fnt
|faint|p1a: Prédastérie
|
|-heal|p2a: Melmetal|26/100|[from] item: Leftovers
|upkeep
|
|t:|1664219324
|switch|p1a: Gucci Geng|Gengar, F|100/100
|-damage|p1a: Gucci Geng|88/100|[from] Stealth Rock
|turn|13
|
|t:|1664219327
|switch|p2a: Snorlax|Snorlax, F|100/100
|move|p1a: Gucci Geng|Shadow Ball|p2a: Snorlax
|-immune|p2a: Snorlax
|
|upkeep
|turn|14
|
|t:|1664219334
|switch|p1a: Dimmadome|Weezing-Galar, M|100/100
|-damage|p1a: Dimmadome|88/100|[from] Stealth Rock
|move|p2a: Snorlax|Earthquake|p1a: Dimmadome
|-immune|p1a: Dimmadome|[from] ability: Levitate
|
|upkeep
|turn|15
|
|t:|1664219339
|move|p1a: Dimmadome|Defog|p2a: Snorlax
|-unboost|p2a: Snorlax|evasion|1
|-sideend|p1: Down$hift|Stealth Rock|[from] move: Defog|[of] p1a: Dimmadome
|move|p2a: Snorlax|Body Slam|p1a: Dimmadome
|-damage|p1a: Dimmadome|58/100
|-damage|p2a: Snorlax|84/100|[from] item: Rocky Helmet|[of] p1a: Dimmadome
|
|upkeep
|turn|16
|
|t:|1664219344
|move|p1a: Dimmadome|Will-O-Wisp|p2a: Snorlax
|-status|p2a: Snorlax|brn
|move|p2a: Snorlax|Heavy Slam|p1a: Dimmadome
|-supereffective|p1a: Dimmadome
|-damage|p1a: Dimmadome|33/100
|-damage|p2a: Snorlax|67/100 brn|[from] item: Rocky Helmet|[of] p1a: Dimmadome
|
|-damage|p2a: Snorlax|61/100 brn|[from] brn
|upkeep
|turn|17
|
|t:|1664219351
|move|p1a: Dimmadome|Pain Split|p2a: Snorlax
|-sethp|p2a: Snorlax|41/100 brn|[from] move: Pain Split|[silent]
|-sethp|p1a: Dimmadome|64/100|[from] move: Pain Split
|move|p2a: Snorlax|Heavy Slam|p1a: Dimmadome
|-supereffective|p1a: Dimmadome
|-damage|p1a: Dimmadome|36/100
|-damage|p2a: Snorlax|25/100 brn|[from] item: Rocky Helmet|[of] p1a: Dimmadome
|
|-damage|p2a: Snorlax|18/100 brn|[from] brn
|upkeep
|turn|18
|
|t:|1664219359
|switch|p1a: ur slow|Slowbro, F|72/100
|switch|p2a: Melmetal|Melmetal|26/100
|
|-heal|p2a: Melmetal|32/100|[from] item: Leftovers
|upkeep
|turn|19
|
|t:|1664219362
|switch|p2a: Zapdos|Zapdos|75/100
|move|p1a: ur slow|Scald|p2a: Zapdos
|-damage|p2a: Zapdos|49/100
|
|upkeep
|turn|20
|
|t:|1664219366
|move|p2a: Zapdos|Toxic|p1a: ur slow
|-status|p1a: ur slow|tox
|move|p1a: ur slow|Scald|p2a: Zapdos
|-damage|p2a: Zapdos|21/100
|
|-damage|p1a: ur slow|66/100 tox|[from] psn
|upkeep
|turn|21
|
|t:|1664219370
|move|p2a: Zapdos|Volt Switch|p1a: ur slow
|-supereffective|p1a: ur slow
|-damage|p1a: ur slow|25/100 tox
|
|t:|1664219375
|switch|p2a: Umbreon|Umbreon, M|100/100|[from]move: Volt Switch
|move|p1a: ur slow|Scald|p2a: Umbreon
|-damage|p2a: Umbreon|86/100
|
|-heal|p2a: Umbreon|92/100|[from] item: Leftovers
|-damage|p1a: ur slow|13/100 tox|[from] psn
|upkeep
|turn|22
|c|☆Down$hift|BURN YOU PIECE OF SHIT
|c|☆Down$hift|BURN
|c|☆Down$hift|CMON SLOWBRO
|
|t:|1664219390
|switch|p1a: BIacephaIon|Regigigas|100/100
|-start|p1a: BIacephaIon|ability: Slow Start
|move|p2a: Umbreon|Wish|p2a: Umbreon
|
|-heal|p2a: Umbreon|98/100|[from] item: Leftovers
|upkeep
|turn|23
|
|t:|1664219396
|switch|p2a: Melmetal|Melmetal|32/100
|move|p1a: BIacephaIon|Body Slam|p2a: Melmetal
|-resisted|p2a: Melmetal
|-damage|p2a: Melmetal|27/100
|
|-heal|p2a: Melmetal|69/100|[from] move: Wish|[wisher] Umbreon
|-heal|p2a: Melmetal|75/100|[from] item: Leftovers
|upkeep
|turn|24
|
|t:|1664219400
|move|p1a: BIacephaIon|Knock Off|p2a: Melmetal
|-damage|p2a: Melmetal|66/100
|-enditem|p2a: Melmetal|Leftovers|[from] move: Knock Off|[of] p1a: BIacephaIon
|move|p2a: Melmetal|Substitute|p2a: Melmetal
|-start|p2a: Melmetal|Substitute
|-damage|p2a: Melmetal|41/100
|
|upkeep
|turn|25
|
|t:|1664219406
|move|p1a: BIacephaIon|Power-Up Punch|p2a: Melmetal
|-supereffective|p2a: Melmetal
|-activate|p2a: Melmetal|move: Substitute|[damage]
|-boost|p1a: BIacephaIon|atk|1
|move|p2a: Melmetal|Double Iron Bash|p1a: BIacephaIon
|-damage|p1a: BIacephaIon|67/100
|-damage|p1a: BIacephaIon|33/100
|-hitcount|p1a: BIacephaIon|2
|
|-heal|p1a: BIacephaIon|39/100|[from] item: Leftovers
|upkeep
|turn|26
|
|t:|1664219413
|move|p1a: BIacephaIon|Power-Up Punch|p2a: Melmetal
|-supereffective|p2a: Melmetal
|-activate|p2a: Melmetal|move: Substitute|[damage]
|-boost|p1a: BIacephaIon|atk|1
|move|p2a: Melmetal|Double Iron Bash|p1a: BIacephaIon
|-damage|p1a: BIacephaIon|8/100
|-damage|p1a: BIacephaIon|0 fnt
|faint|p1a: BIacephaIon
|-end|p1a: BIacephaIon|Slow Start|[silent]
|-hitcount|p1: BIacephaIon|2
|
|upkeep
|-message|Down$hift forfeited.
|
|win|youwontbreakmysoul
|raw|Down$hift's rating: 1626 &rarr; <strong>1606</strong><br />(-20 for losing)
|raw|youwontbreakmysoul's rating: 1631 &rarr; <strong>1651</strong><br />(+20 for winning)
|l|☆Down$hift
|l| pill boy
||Ladder isn't responding, score probably updated but might not have (Request timeout).
