|j|☆grasssoul
|j|☆Tyraniot
|t:|1668135126
|gametype|singles
|player|p1|grasssoul|102|1680
|player|p2|Tyraniot|pokemonrangerf-gen4|1685
|teamsize|p1|6
|teamsize|p2|6
|gen|8
|tier|[Gen 8] OU
|rated|
|rule|Sleep Clause Mod: Limit one foe put to sleep
|rule|Species Clause: Limit one of each Pokémon
|rule|OHKO Clause: OHKO moves are banned
|rule|Evasion Items Clause: Evasion items are banned
|rule|Evasion Moves Clause: Evasion moves are banned
|rule|Endless Battle Clause: Forcing endless battles is banned
|rule|HP Percentage Mod: HP is shown in percentages
|rule|Dynamax Clause: You cannot dynamax
|clearpoke
|poke|p1|Heatran, F|
|poke|p1|Slowking-Galar, F|
|poke|p1|Tapu Lele|
|poke|p1|Landorus-Therian, M|
|poke|p1|Dragapult, F|
|poke|p1|Zapdos|
|poke|p2|Landorus-Therian, M|
|poke|p2|Cloyster, M|
|poke|p2|Wailord, F|
|poke|p2|Celesteela|
|poke|p2|Victini|
|poke|p2|Regieleki|
|teampreview
|inactive|Battle timer is ON: inactive players will automatically lose when time's up. (requested by Tyraniot)
|
|t:|1668135133
|start
|switch|p1a: Dragapult|Dragapult, F|100/100
|switch|p2a: Wailord|Wailord, F|100/100
|turn|1
|j| LT_Alt1
|
|t:|1668135139
|move|p1a: Dragapult|U-turn|p2a: Wailord
|-damage|p2a: Wailord|54/100
|
|t:|1668135142
|switch|p1a: Slowking|Slowking-Galar, F|100/100|[from]move: U-turn
|move|p2a: Wailord|Ice Beam|p1a: Slowking
|-damage|p1a: Slowking|83/100
|
|upkeep
|turn|2
|
|t:|1668135146
|switch|p2a: Landorus|Landorus-Therian, M|100/100
|-ability|p2a: Landorus|Intimidate|boost
|-unboost|p1a: Slowking|atk|1
|move|p1a: Slowking|Future Sight|p2a: Landorus
|-start|p1a: Slowking|move: Future Sight
|
|upkeep
|turn|3
|
|t:|1668135151
|switch|p2a: Victini|Victini|100/100
|switch|p1a: Landorus|Landorus-Therian, M|100/100
|-ability|p1a: Landorus|Intimidate|boost
|-unboost|p2a: Victini|atk|1
|
|upkeep
|turn|4
|
|t:|1668135160
|move|p2a: Victini|Final Gambit|p1a: Landorus
|-damage|p1a: Landorus|0 fnt
|faint|p2a: Victini
|faint|p1a: Landorus
|
|-hint|Future Sight did not hit because the target is fainted.
|upkeep
|
|t:|1668135176
|switch|p2a: Regieleki|Regieleki|100/100
|switch|p1a: Dragapult|Dragapult, F|100/100
|turn|5
|
|t:|1668135184
|move|p2a: Regieleki|Volt Switch|p1a: Dragapult
|-resisted|p1a: Dragapult
|-damage|p1a: Dragapult|53/100
|
|t:|1668135192
|switch|p2a: Wailord|Wailord, F|54/100|[from]move: Volt Switch
|move|p1a: Dragapult|U-turn|p2a: Wailord
|-damage|p2a: Wailord|8/100
|
|t:|1668135204
|switch|p1a: Slowking|Slowking-Galar, F|100/100|[from]move: U-turn
|
|upkeep
|turn|6
|j| dristill
|
|t:|1668135227
|move|p2a: Wailord|Ice Beam|p1a: Slowking
|-damage|p1a: Slowking|84/100
|move|p1a: Slowking|Future Sight|p2a: Wailord
|-start|p1a: Slowking|move: Future Sight
|
|upkeep
|turn|7
|
|t:|1668135236
|switch|p2a: Celesteela|Celesteela|100/100
|move|p1a: Slowking|Sludge Bomb|p2a: Celesteela
|-immune|p2a: Celesteela
|
|upkeep
|turn|8
|
|t:|1668135239
|switch|p2a: Wailord|Wailord, F|8/100
|move|p1a: Slowking|Fire Blast|p2a: Wailord|[miss]
|-miss|p1a: Slowking|p2a: Wailord
|
|-end|p2a: Wailord|move: Future Sight
|-damage|p2a: Wailord|0 fnt
|faint|p2a: Wailord
|upkeep
|
|t:|1668135241
|switch|p2a: Landorus|Landorus-Therian, M|100/100
|-ability|p2a: Landorus|Intimidate|boost
|-unboost|p1a: Slowking|atk|1
|turn|9
|
|t:|1668135247
|move|p2a: Landorus|Substitute|p2a: Landorus
|-start|p2a: Landorus|Substitute
|-damage|p2a: Landorus|76/100
|move|p1a: Slowking|Ice Beam|p2a: Landorus
|-supereffective|p2a: Landorus
|-end|p2a: Landorus|Substitute
|
|-heal|p2a: Landorus|82/100|[from] item: Leftovers
|upkeep
|turn|10
|
|t:|1668135276
|move|p2a: Landorus|Substitute|p2a: Landorus
|-start|p2a: Landorus|Substitute
|-damage|p2a: Landorus|57/100
|move|p1a: Slowking|Ice Beam|p2a: Landorus
|-supereffective|p2a: Landorus
|-end|p2a: Landorus|Substitute
|
|-heal|p2a: Landorus|63/100|[from] item: Leftovers
|upkeep
|turn|11
|
|t:|1668135286
|move|p2a: Landorus|Substitute|p2a: Landorus
|-start|p2a: Landorus|Substitute
|-damage|p2a: Landorus|38/100
|move|p1a: Slowking|Ice Beam|p2a: Landorus
|-supereffective|p2a: Landorus
|-end|p2a: Landorus|Substitute
|
|-heal|p2a: Landorus|44/100|[from] item: Leftovers
|upkeep
|turn|12
|
|t:|1668135289
|move|p2a: Landorus|Earthquake|p1a: Slowking
|-supereffective|p1a: Slowking
|-damage|p1a: Slowking|0 fnt
|faint|p1a: Slowking
|
|-heal|p2a: Landorus|50/100|[from] item: Leftovers
|upkeep
|
|t:|1668135299
|switch|p1a: Dragapult|Dragapult, F|53/100
|turn|13
|
|t:|1668135309
|move|p1a: Dragapult|Dragon Darts|p2a: Landorus
|-damage|p2a: Landorus|13/100
|-anim|p1a: Dragapult|Dragon Darts|p2a: Landorus
|-damage|p2a: Landorus|0 fnt
|faint|p2a: Landorus
|
|upkeep
|
|t:|1668135312
|switch|p2a: Celesteela|Celesteela|100/100
|turn|14
|
|t:|1668135319
|switch|p1a: Zapdos|Zapdos|100/100
|move|p2a: Celesteela|Meteor Beam||[still]
|-prepare|p2a: Celesteela|Meteor Beam
|-boost|p2a: Celesteela|spa|1
|-enditem|p2a: Celesteela|Power Herb
|-anim|p2a: Celesteela|Meteor Beam|p1a: Zapdos
|-supereffective|p1a: Zapdos
|-damage|p1a: Zapdos|0 fnt
|faint|p1a: Zapdos
|-ability|p2a: Celesteela|Beast Boost|boost
|-boost|p2a: Celesteela|spa|1
|
|upkeep
|
|t:|1668135325
|switch|p1a: Heatran|Heatran, F|100/100
|turn|15
|
|t:|1668135333
|move|p2a: Celesteela|Meteor Beam||[still]
|-prepare|p2a: Celesteela|Meteor Beam
|-boost|p2a: Celesteela|spa|1
|move|p1a: Heatran|Magma Storm|p2a: Celesteela
|-supereffective|p2a: Celesteela
|-damage|p2a: Celesteela|16/100
|-activate|p2a: Celesteela|move: Magma Storm|[of] p1a: Heatran
|
|-damage|p2a: Celesteela|4/100|[from] move: Magma Storm|[partiallytrapped]
|upkeep
|turn|16
|
|t:|1668135343
|move|p1a: Heatran|Protect|p1a: Heatran
|-singleturn|p1a: Heatran|Protect
|move|p2a: Celesteela|Meteor Beam|p1a: Heatran|[from]lockedmove
|-activate|p1a: Heatran|move: Protect
|
|-damage|p2a: Celesteela|0 fnt|[from] move: Magma Storm|[partiallytrapped]
|faint|p2a: Celesteela
|upkeep
|
|t:|1668135347
|switch|p2a: Regieleki|Regieleki|100/100
|turn|17
|
|t:|1668135360
|move|p2a: Regieleki|Electro Ball|p1a: Heatran
|-damage|p1a: Heatran|48/100
|move|p1a: Heatran|Magma Storm|p2a: Regieleki
|-damage|p2a: Regieleki|15/100
|-activate|p2a: Regieleki|move: Magma Storm|[of] p1a: Heatran
|
|-heal|p1a: Heatran|54/100|[from] item: Leftovers
|-damage|p2a: Regieleki|2/100|[from] move: Magma Storm|[partiallytrapped]
|upkeep
|turn|18
|
|t:|1668135366
|move|p1a: Heatran|Protect|p1a: Heatran
|-singleturn|p1a: Heatran|Protect
|move|p2a: Regieleki|Electro Ball|p1a: Heatran
|-activate|p1a: Heatran|move: Protect
|
|-heal|p1a: Heatran|60/100|[from] item: Leftovers
|-damage|p2a: Regieleki|0 fnt|[from] move: Magma Storm|[partiallytrapped]
|faint|p2a: Regieleki
|upkeep
|
|t:|1668135368
|switch|p2a: Cloyster|Cloyster, M|100/100
|turn|19
|
|t:|1668135372
|move|p2a: Cloyster|Shell Smash|p2a: Cloyster
|-unboost|p2a: Cloyster|def|1
|-unboost|p2a: Cloyster|spd|1
|-boost|p2a: Cloyster|atk|2
|-boost|p2a: Cloyster|spa|2
|-boost|p2a: Cloyster|spe|2
|move|p1a: Heatran|Magma Storm|p2a: Cloyster
|-enditem|p2a: Cloyster|Focus Sash
|-damage|p2a: Cloyster|1/100
|-activate|p2a: Cloyster|move: Magma Storm|[of] p1a: Heatran
|
|-heal|p1a: Heatran|66/100|[from] item: Leftovers
|-damage|p2a: Cloyster|0 fnt|[from] move: Magma Storm|[partiallytrapped]
|faint|p2a: Cloyster
|
|win|grasssoul
|upkeep
|raw|grasssoul's rating: 1680 &rarr; <strong>1700</strong><br />(+20 for winning)
|raw|Tyraniot's rating: 1685 &rarr; <strong>1665</strong><br />(-20 for losing)
|l|☆Tyraniot
