|html|<div class="broadcast-blue"><strong>[Gen 8] OU is currently suspecting Melmetal! For information on how to participate check out the <a href="https://www.smogon.com/forums/threads/np-ss-ou-suspect-process-round-12-monster-mash.3709234/">suspect thread</a>.</strong></div>
|j|☆minimax_ai
|j|☆Elite4donovan
|t:|1666605091
|gametype|singles
|player|p1|minimax_ai|lusamine-nihilego|1737
|player|p2|Elite4donovan|lucas|1678
|teamsize|p1|6
|teamsize|p2|6
|gen|8
|tier|[Gen 8] OU
|rated|
|rule|Sleep Clause Mod: Limit one foe put to sleep
|rule|Species Clause: Limit one of each Pokémon
|rule|OHKO Clause: OHKO moves are banned
|rule|Evasion Items Clause: Evasion items are banned
|rule|Evasion Moves Clause: Evasion moves are banned
|rule|Endless Battle Clause: Forcing endless battles is banned
|rule|HP Percentage Mod: HP is shown in percentages
|rule|Dynamax Clause: You cannot dynamax
|clearpoke
|poke|p1|Rotom-Wash|
|poke|p1|Weavile, M|
|poke|p1|Landorus-Therian, M|
|poke|p1|Heatran, M|
|poke|p1|Tangrowth, F|
|poke|p1|Melmetal|
|poke|p2|Zarude-Dada|
|poke|p2|Toxapex, M|
|poke|p2|Garchomp, M|
|poke|p2|Tapu Lele|
|poke|p2|Ferrothorn, F|
|poke|p2|Tornadus-Therian, M|
|teampreview
|c|☆minimax_ai|hf
|inactive|Battle timer is ON: inactive players will automatically lose when time's up. (requested by minimax_ai)
|c|☆Elite4donovan|u2
|
|t:|1666605105
|start
|switch|p1a: landorustherian|Landorus-Therian, M|100/100
|switch|p2a: Toxapex|Toxapex, M|100/100
|-ability|p1a: landorustherian|Intimidate|boost
|-unboost|p2a: Toxapex|atk|1
|turn|1
|
|t:|1666605108
|switch|p1a: Heatran|Heatran, M|100/100
|-item|p1a: Heatran|Air Balloon
|move|p2a: Toxapex|Toxic Spikes|p1a: Heatran
|-sidestart|p1: minimax_ai|move: Toxic Spikes
|
|upkeep
|turn|2
|
|t:|1666605112
|switch|p2a: Tornadus|Tornadus-Therian, M|100/100
|move|p1a: Heatran|Stealth Rock|p2a: Tornadus
|-sidestart|p2: Elite4donovan|move: Stealth Rock
|
|upkeep
|turn|3
|
|t:|1666605115
|move|p2a: Tornadus|Knock Off|p1a: Heatran
|-damage|p1a: Heatran|81/100
|-enditem|p1a: Heatran|Air Balloon
|move|p1a: Heatran|Magma Storm|p2a: Tornadus
|-damage|p2a: Tornadus|49/100
|-activate|p2a: Tornadus|move: Magma Storm|[of] p1a: Heatran
|
|-damage|p2a: Tornadus|37/100|[from] move: Magma Storm|[partiallytrapped]
|upkeep
|turn|4
|
|t:|1666605118
|move|p2a: Tornadus|U-turn|p1a: Heatran
|-resisted|p1a: Heatran
|-damage|p1a: Heatran|78/100
|
|t:|1666605119
|switch|p2a: Garchomp|Garchomp, M|100/100|[from]move: U-turn
|-damage|p2a: Garchomp|94/100|[from] Stealth Rock
|move|p1a: Heatran|Magma Storm|p2a: Garchomp
|-resisted|p2a: Garchomp
|-damage|p2a: Garchomp|68/100
|-activate|p2a: Garchomp|move: Magma Storm|[of] p1a: Heatran
|
|-heal|p2a: Garchomp|74/100|[from] item: Leftovers
|-damage|p2a: Garchomp|62/100|[from] move: Magma Storm|[partiallytrapped]
|upkeep
|turn|5
|
|t:|1666605121
|switch|p1a: landorustherian|Landorus-Therian, M|100/100
|-ability|p1a: landorustherian|Intimidate|boost
|-unboost|p2a: Garchomp|atk|1
|move|p2a: Garchomp|Stealth Rock|p1a: landorustherian
|-sidestart|p1: minimax_ai|move: Stealth Rock
|
|-heal|p2a: Garchomp|68/100|[from] item: Leftovers
|-end|p2a: Garchomp|Magma Storm|[partiallytrapped]|[silent]
|upkeep
|turn|6
|
|t:|1666605123
|move|p2a: Garchomp|Protect|p2a: Garchomp
|-singleturn|p2a: Garchomp|Protect
|move|p1a: landorustherian|Defog|p2a: Garchomp
|-activate|p2a: Garchomp|move: Protect
|
|-heal|p2a: Garchomp|74/100|[from] item: Leftovers
|upkeep
|turn|7
|
|t:|1666605125
|move|p2a: Garchomp|Toxic|p1a: landorustherian
|-status|p1a: landorustherian|tox
|move|p1a: landorustherian|Earthquake|p2a: Garchomp
|-damage|p2a: Garchomp|39/100
|
|-heal|p2a: Garchomp|45/100|[from] item: Leftovers
|-damage|p1a: landorustherian|94/100 tox|[from] psn
|upkeep
|turn|8
|
|t:|1666605129
|move|p2a: Garchomp|Protect|p2a: Garchomp
|-singleturn|p2a: Garchomp|Protect
|move|p1a: landorustherian|Defog|p2a: Garchomp
|-activate|p2a: Garchomp|move: Protect
|
|-heal|p2a: Garchomp|51/100|[from] item: Leftovers
|-heal|p1a: landorustherian|100/100 tox|[from] item: Leftovers
|-damage|p1a: landorustherian|88/100 tox|[from] psn
|upkeep
|turn|9
|j| Wiimicks
|
|t:|1666605131
|switch|p2a: Tornadus|Tornadus-Therian, M|70/100
|move|p1a: landorustherian|Defog|p2a: Tornadus
|-unboost|p2a: Tornadus|evasion|1
|-sideend|p2: Elite4donovan|Stealth Rock|[from] move: Defog|[of] p1a: landorustherian
|-sideend|p1: minimax_ai|Toxic Spikes|[from] move: Defog|[of] p1a: landorustherian
|-sideend|p1: minimax_ai|Stealth Rock|[from] move: Defog|[of] p1a: landorustherian
|
|-heal|p1a: landorustherian|94/100 tox|[from] item: Leftovers
|-damage|p1a: landorustherian|76/100 tox|[from] psn
|upkeep
|turn|10
|
|t:|1666605133
|switch|p1a: rotomwash|Rotom-Wash|100/100
|move|p2a: Tornadus|Knock Off|p1a: rotomwash
|-crit|p1a: rotomwash
|-damage|p1a: rotomwash|70/100
|-enditem|p1a: rotomwash|Leftovers|[from] move: Knock Off|[of] p2a: Tornadus
|
|upkeep
|turn|11
|
|t:|1666605135
|move|p2a: Tornadus|U-turn|p1a: rotomwash
|-damage|p1a: rotomwash|54/100
|
|t:|1666605136
|switch|p2a: Garchomp|Garchomp, M|51/100|[from]move: U-turn
|move|p1a: rotomwash|Hydro Pump|p2a: Garchomp
|-damage|p2a: Garchomp|9/100
|
|-heal|p2a: Garchomp|15/100|[from] item: Leftovers
|upkeep
|turn|12
|
|t:|1666605140
|move|p2a: Garchomp|Stealth Rock|p1a: rotomwash
|-sidestart|p1: minimax_ai|move: Stealth Rock
|move|p1a: rotomwash|Hydro Pump|p2a: Garchomp|[miss]
|-miss|p1a: rotomwash|p2a: Garchomp
|
|-heal|p2a: Garchomp|21/100|[from] item: Leftovers
|upkeep
|turn|13
|
|t:|1666605142
|switch|p2a: Zarude|Zarude-Dada|100/100
|switch|p1a: landorustherian|Landorus-Therian, M|76/100 tox
|-damage|p1a: landorustherian|64/100 tox|[from] Stealth Rock
|-ability|p1a: landorustherian|Intimidate|boost
|-unboost|p2a: Zarude|atk|1
|
|-heal|p1a: landorustherian|70/100 tox|[from] item: Leftovers
|-damage|p1a: landorustherian|64/100 tox|[from] psn
|upkeep
|turn|14
|
|t:|1666605145
|switch|p2a: Tornadus|Tornadus-Therian, M|100/100
|move|p1a: landorustherian|Defog|p2a: Tornadus
|-unboost|p2a: Tornadus|evasion|1
|-sideend|p1: minimax_ai|Stealth Rock|[from] move: Defog|[of] p1a: landorustherian
|
|-heal|p1a: landorustherian|70/100 tox|[from] item: Leftovers
|-damage|p1a: landorustherian|58/100 tox|[from] psn
|upkeep
|turn|15
|
|t:|1666605148
|switch|p1a: rotomwash|Rotom-Wash|54/100
|move|p2a: Tornadus|U-turn|p1a: rotomwash
|-crit|p1a: rotomwash
|-damage|p1a: rotomwash|31/100
|
|t:|1666605156
|switch|p2a: Garchomp|Garchomp, M|21/100|[from]move: U-turn
|
|-heal|p2a: Garchomp|28/100|[from] item: Leftovers
|upkeep
|turn|16
|
|t:|1666605158
|move|p2a: Garchomp|Protect|p2a: Garchomp
|-singleturn|p2a: Garchomp|Protect
|move|p1a: rotomwash|Hydro Pump|p2a: Garchomp
|-activate|p2a: Garchomp|move: Protect
|
|-heal|p2a: Garchomp|34/100|[from] item: Leftovers
|upkeep
|turn|17
|
|t:|1666605160
|move|p2a: Garchomp|Stealth Rock|p1a: rotomwash
|-sidestart|p1: minimax_ai|move: Stealth Rock
|move|p1a: rotomwash|Hydro Pump|p2a: Garchomp
|-damage|p2a: Garchomp|0 fnt
|faint|p2a: Garchomp
|
|upkeep
|
|t:|1666605164
|switch|p2a: Zarude|Zarude-Dada|100/100
|turn|18
|
|t:|1666605171
|switch|p1a: Tangrowth|Tangrowth, F|100/100
|-damage|p1a: Tangrowth|88/100|[from] Stealth Rock
|move|p2a: Zarude|Substitute|p2a: Zarude
|-start|p2a: Zarude|Substitute
|-damage|p2a: Zarude|75/100
|
|-heal|p2a: Zarude|82/100|[from] item: Leftovers
|upkeep
|turn|19
|
|t:|1666605172
|move|p2a: Zarude|Bulk Up|p2a: Zarude
|-boost|p2a: Zarude|atk|1
|-boost|p2a: Zarude|def|1
|move|p1a: Tangrowth|Focus Blast|p2a: Zarude
|-supereffective|p2a: Zarude
|-end|p2a: Zarude|Substitute
|
|-heal|p2a: Zarude|88/100|[from] item: Leftovers
|upkeep
|turn|20
|
|t:|1666605175
|switch|p2a: Tornadus|Tornadus-Therian, M|100/100
|move|p1a: Tangrowth|Focus Blast|p2a: Tornadus|[miss]
|-miss|p1a: Tangrowth|p2a: Tornadus
|
|upkeep
|turn|21
|
|t:|1666605177
|switch|p1a: Melmetal|Melmetal|100/100
|-damage|p1a: Melmetal|94/100|[from] Stealth Rock
|move|p2a: Tornadus|U-turn|p1a: Melmetal
|-resisted|p1a: Melmetal
|-damage|p1a: Melmetal|90/100
|
|t:|1666605181
|switch|p2a: Toxapex|Toxapex, M|100/100|[from]move: U-turn
|
|upkeep
|turn|22
|
|t:|1666605183
|move|p1a: Melmetal|Earthquake|p2a: Toxapex
|-supereffective|p2a: Toxapex
|-damage|p2a: Toxapex|59/100
|move|p2a: Toxapex|Toxic Spikes|p1a: Melmetal
|-sidestart|p1: minimax_ai|move: Toxic Spikes
|
|upkeep
|turn|23
|
|t:|1666605190
|move|p1a: Melmetal|Earthquake|p2a: Toxapex
|-supereffective|p2a: Toxapex
|-crit|p2a: Toxapex
|-damage|p2a: Toxapex|0 fnt
|faint|p2a: Toxapex
|
|upkeep
|
|t:|1666605194
|switch|p2a: Ferrothorn|Ferrothorn, F|100/100
|turn|24
|
|t:|1666605197
|switch|p1a: Heatran|Heatran, M|78/100
|-damage|p1a: Heatran|66/100|[from] Stealth Rock
|move|p2a: Ferrothorn|Knock Off|p1a: Heatran
|-damage|p1a: Heatran|52/100
|
|upkeep
|turn|25
|
|t:|1666605201
|switch|p2a: Tapu Lele|Tapu Lele|100/100
|-fieldstart|move: Psychic Terrain|[from] ability: Psychic Surge|[of] p2a: Tapu Lele
|move|p1a: Heatran|Magma Storm|p2a: Tapu Lele
|-damage|p2a: Tapu Lele|44/100
|-activate|p2a: Tapu Lele|move: Magma Storm|[of] p1a: Heatran
|
|-damage|p2a: Tapu Lele|31/100|[from] move: Magma Storm|[partiallytrapped]
|upkeep
|turn|26
|
|t:|1666605203
|switch|p1a: Melmetal|Melmetal|90/100
|-damage|p1a: Melmetal|84/100|[from] Stealth Rock
|move|p2a: Tapu Lele|Focus Blast|p1a: Melmetal
|-supereffective|p1a: Melmetal
|-damage|p1a: Melmetal|40/100
|
|-end|p2a: Tapu Lele|Magma Storm|[partiallytrapped]|[silent]
|upkeep
|turn|27
|
|t:|1666605206
|switch|p1a: landorustherian|Landorus-Therian, M|58/100 tox
|-damage|p1a: landorustherian|46/100 tox|[from] Stealth Rock
|-ability|p1a: landorustherian|Intimidate|boost
|-unboost|p2a: Tapu Lele|atk|1
|move|p2a: Tapu Lele|Focus Blast|p1a: landorustherian
|-resisted|p1a: landorustherian
|-damage|p1a: landorustherian|29/100 tox
|
|-heal|p1a: landorustherian|35/100 tox|[from] item: Leftovers
|-damage|p1a: landorustherian|29/100 tox|[from] psn
|upkeep
|turn|28
|
|t:|1666605208
|switch|p2a: Ferrothorn|Ferrothorn, F|100/100
|move|p1a: landorustherian|Defog|p2a: Ferrothorn
|-unboost|p2a: Ferrothorn|evasion|1
|-sideend|p1: minimax_ai|Toxic Spikes|[from] move: Defog|[of] p1a: landorustherian
|-sideend|p1: minimax_ai|Stealth Rock|[from] move: Defog|[of] p1a: landorustherian
|-fieldend|move: Psychic Terrain
|
|-heal|p1a: landorustherian|35/100 tox|[from] item: Leftovers
|-damage|p1a: landorustherian|23/100 tox|[from] psn
|upkeep
|turn|29
|
|t:|1666605210
|move|p1a: landorustherian|U-turn|p2a: Ferrothorn
|-damage|p2a: Ferrothorn|87/100
|-damage|p1a: landorustherian|10/100 tox|[from] ability: Iron Barbs|[of] p2a: Ferrothorn
|
|t:|1666605210
|switch|p1a: Heatran|Heatran, M|52/100|[from]move: U-turn
|move|p2a: Ferrothorn|Spikes|p1a: Heatran
|-sidestart|p1: minimax_ai|Spikes
|
|-heal|p2a: Ferrothorn|94/100|[from] item: Leftovers
|upkeep
|turn|30
|
|t:|1666605213
|switch|p2a: Tornadus|Tornadus-Therian, M|100/100
|move|p1a: Heatran|Eruption|p2a: Tornadus
|-damage|p2a: Tornadus|61/100
|
|upkeep
|turn|31
|
|t:|1666605216
|move|p2a: Tornadus|Hurricane|p1a: Heatran
|-resisted|p1a: Heatran
|-damage|p1a: Heatran|31/100
|move|p1a: Heatran|Eruption|p2a: Tornadus
|-damage|p2a: Tornadus|38/100
|
|upkeep
|turn|32
|
|t:|1666605219
|move|p2a: Tornadus|U-turn|p1a: Heatran
|-resisted|p1a: Heatran
|-damage|p1a: Heatran|27/100
|
|t:|1666605220
|switch|p2a: Tapu Lele|Tapu Lele|31/100|[from]move: U-turn
|-fieldstart|move: Psychic Terrain|[from] ability: Psychic Surge|[of] p2a: Tapu Lele
|move|p1a: Heatran|Magma Storm|p2a: Tapu Lele
|-damage|p2a: Tapu Lele|0 fnt
|faint|p2a: Tapu Lele
|
|upkeep
|
|t:|1666605222
|switch|p2a: Zarude|Zarude-Dada|88/100
|turn|33
|
|t:|1666605223
|switch|p1a: Tangrowth|Tangrowth, F|100/100
|-damage|p1a: Tangrowth|88/100|[from] Spikes
|move|p2a: Zarude|Darkest Lariat|p1a: Tangrowth
|-damage|p1a: Tangrowth|68/100
|-damage|p2a: Zarude|71/100|[from] item: Rocky Helmet|[of] p1a: Tangrowth
|
|-heal|p2a: Zarude|77/100|[from] item: Leftovers
|upkeep
|turn|34
|
|t:|1666605226
|switch|p2a: Tornadus|Tornadus-Therian, M|71/100
|move|p1a: Tangrowth|Focus Blast|p2a: Tornadus
|-resisted|p2a: Tornadus
|-damage|p2a: Tornadus|55/100
|
|upkeep
|turn|35
|
|t:|1666605228
|switch|p1a: Weavile|Weavile, M|100/100
|-damage|p1a: Weavile|88/100|[from] Spikes
|-ability|p1a: Weavile|Pressure
|move|p2a: Tornadus|U-turn|p1a: Weavile
|-supereffective|p1a: Weavile
|-damage|p1a: Weavile|38/100
|
|t:|1666605230
|switch|p2a: Ferrothorn|Ferrothorn, F|94/100|[from]move: U-turn
|
|-heal|p2a: Ferrothorn|99/100|[from] item: Leftovers
|upkeep
|turn|36
|
|t:|1666605233
|move|p1a: Weavile|Low Kick|p2a: Ferrothorn
|-supereffective|p2a: Ferrothorn
|-damage|p2a: Ferrothorn|41/100
|-damage|p1a: Weavile|25/100|[from] ability: Iron Barbs|[of] p2a: Ferrothorn
|move|p2a: Ferrothorn|Spikes|p1a: Weavile
|-sidestart|p1: minimax_ai|Spikes
|
|-heal|p2a: Ferrothorn|47/100|[from] item: Leftovers
|-fieldend|move: Psychic Terrain
|upkeep
|turn|37
|
|t:|1666605235
|switch|p2a: Tornadus|Tornadus-Therian, M|88/100
|move|p1a: Weavile|Low Kick|p2a: Tornadus
|-resisted|p2a: Tornadus
|-damage|p2a: Tornadus|67/100
|
|upkeep
|turn|38
|
|t:|1666605237
|move|p1a: Weavile|Low Kick|p2a: Tornadus
|-resisted|p2a: Tornadus
|-damage|p2a: Tornadus|46/100
|move|p2a: Tornadus|U-turn|p1a: Weavile
|-supereffective|p1a: Weavile
|-damage|p1a: Weavile|0 fnt
|faint|p1a: Weavile
|
|t:|1666605243
|switch|p2a: Zarude|Zarude-Dada|77/100|[from]move: U-turn
|
|-heal|p2a: Zarude|84/100|[from] item: Leftovers
|upkeep
|
|t:|1666605243
|switch|p1a: Tangrowth|Tangrowth, F|100/100
|-damage|p1a: Tangrowth|84/100|[from] Spikes
|turn|39
|
|t:|1666605244
|switch|p2a: Tornadus|Tornadus-Therian, M|79/100
|move|p1a: Tangrowth|Focus Blast|p2a: Tornadus
|-resisted|p2a: Tornadus
|-damage|p2a: Tornadus|64/100
|
|upkeep
|turn|40
|
|t:|1666605246
|switch|p1a: landorustherian|Landorus-Therian, M|10/100 tox
|-ability|p1a: landorustherian|Intimidate|boost
|-unboost|p2a: Tornadus|atk|1
|move|p2a: Tornadus|Hurricane|p1a: landorustherian|[miss]
|-miss|p2a: Tornadus|p1a: landorustherian
|
|-heal|p1a: landorustherian|17/100 tox|[from] item: Leftovers
|-damage|p1a: landorustherian|10/100 tox|[from] psn
|upkeep
|turn|41
|
|t:|1666605249
|move|p2a: Tornadus|Knock Off|p1a: landorustherian
|-damage|p1a: landorustherian|0 fnt
|-enditem|p1a: landorustherian|Leftovers|[from] move: Knock Off|[of] p2a: Tornadus
|faint|p1a: landorustherian
|
|upkeep
|
|t:|1666605249
|switch|p1a: rotomwash|Rotom-Wash|31/100
|turn|42
|
|t:|1666605252
|move|p2a: Tornadus|U-turn|p1a: rotomwash
|-crit|p1a: rotomwash
|-damage|p1a: rotomwash|8/100
|
|t:|1666605253
|switch|p2a: Ferrothorn|Ferrothorn, F|47/100|[from]move: U-turn
|move|p1a: rotomwash|Pain Split|p2a: Ferrothorn
|-sethp|p2a: Ferrothorn|27/100|[from] move: Pain Split|[silent]
|-sethp|p1a: rotomwash|31/100|[from] move: Pain Split
|
|-heal|p2a: Ferrothorn|33/100|[from] item: Leftovers
|upkeep
|turn|43
|
|t:|1666605259
|switch|p1a: Tangrowth|Tangrowth, F|100/100
|-damage|p1a: Tangrowth|84/100|[from] Spikes
|move|p2a: Ferrothorn|Knock Off|p1a: Tangrowth
|-damage|p1a: Tangrowth|73/100
|-damage|p2a: Ferrothorn|17/100|[from] item: Rocky Helmet|[of] p1a: Tangrowth
|-enditem|p1a: Tangrowth|Rocky Helmet|[from] move: Knock Off|[of] p2a: Ferrothorn
|
|-heal|p2a: Ferrothorn|23/100|[from] item: Leftovers
|upkeep
|turn|44
|
|t:|1666605261
|switch|p2a: Tornadus|Tornadus-Therian, M|97/100
|move|p1a: Tangrowth|Knock Off|p2a: Tornadus
|-damage|p2a: Tornadus|76/100
|-enditem|p2a: Tornadus|Heavy-Duty Boots|[from] move: Knock Off|[of] p1a: Tangrowth
|
|upkeep
|turn|45
|
|t:|1666605265
|switch|p1a: rotomwash|Rotom-Wash|31/100
|move|p2a: Tornadus|U-turn|p1a: rotomwash
|-damage|p1a: rotomwash|17/100
|
|t:|1666605267
|switch|p2a: Zarude|Zarude-Dada|84/100|[from]move: U-turn
|
|-heal|p2a: Zarude|90/100|[from] item: Leftovers
|upkeep
|turn|46
|
|t:|1666605269
|switch|p1a: Tangrowth|Tangrowth, F|100/100
|-damage|p1a: Tangrowth|84/100|[from] Spikes
|move|p2a: Zarude|Substitute|p2a: Zarude
|-start|p2a: Zarude|Substitute
|-damage|p2a: Zarude|65/100
|
|-heal|p2a: Zarude|71/100|[from] item: Leftovers
|upkeep
|turn|47
|
|t:|1666605271
|move|p2a: Zarude|Bulk Up|p2a: Zarude
|-boost|p2a: Zarude|atk|1
|-boost|p2a: Zarude|def|1
|move|p1a: Tangrowth|Focus Blast|p2a: Zarude|[miss]
|-miss|p1a: Tangrowth|p2a: Zarude
|
|-heal|p2a: Zarude|77/100|[from] item: Leftovers
|upkeep
|turn|48
|
|t:|1666605276
|move|p2a: Zarude|Darkest Lariat|p1a: Tangrowth
|-damage|p1a: Tangrowth|56/100
|move|p1a: Tangrowth|Focus Blast|p2a: Zarude
|-supereffective|p2a: Zarude
|-end|p2a: Zarude|Substitute
|
|-heal|p2a: Zarude|83/100|[from] item: Leftovers
|upkeep
|turn|49
|
|t:|1666605278
|move|p2a: Zarude|Substitute|p2a: Zarude
|-start|p2a: Zarude|Substitute
|-damage|p2a: Zarude|58/100
|move|p1a: Tangrowth|Focus Blast|p2a: Zarude
|-supereffective|p2a: Zarude
|-end|p2a: Zarude|Substitute
|
|-heal|p2a: Zarude|65/100|[from] item: Leftovers
|upkeep
|turn|50
|j| Dionysos
|
|t:|1666605280
|move|p2a: Zarude|Substitute|p2a: Zarude
|-start|p2a: Zarude|Substitute
|-damage|p2a: Zarude|40/100
|move|p1a: Tangrowth|Focus Blast|p2a: Zarude
|-supereffective|p2a: Zarude
|-end|p2a: Zarude|Substitute
|
|-heal|p2a: Zarude|46/100|[from] item: Leftovers
|upkeep
|turn|51
|
|t:|1666605283
|switch|p1a: rotomwash|Rotom-Wash|17/100
|move|p2a: Zarude|Substitute|p2a: Zarude
|-start|p2a: Zarude|Substitute
|-damage|p2a: Zarude|21/100
|
|-heal|p2a: Zarude|27/100|[from] item: Leftovers
|upkeep
|turn|52
|
|t:|1666605285
|move|p2a: Zarude|Bulk Up|p2a: Zarude
|-boost|p2a: Zarude|atk|1
|-boost|p2a: Zarude|def|1
|move|p1a: rotomwash|Pain Split||[still]
|-fail|p1a: rotomwash
|
|-heal|p2a: Zarude|33/100|[from] item: Leftovers
|upkeep
|turn|53
|
|t:|1666605288
|move|p2a: Zarude|Bulk Up|p2a: Zarude
|-boost|p2a: Zarude|atk|1
|-boost|p2a: Zarude|def|1
|move|p1a: rotomwash|Hydro Pump|p2a: Zarude
|-resisted|p2a: Zarude
|-activate|p2a: Zarude|move: Substitute|[damage]
|
|-heal|p2a: Zarude|39/100|[from] item: Leftovers
|upkeep
|turn|54
|
|t:|1666605290
|move|p2a: Zarude|Darkest Lariat|p1a: rotomwash
|-damage|p1a: rotomwash|0 fnt
|faint|p1a: rotomwash
|
|-heal|p2a: Zarude|46/100|[from] item: Leftovers
|upkeep
|
|t:|1666605290
|switch|p1a: Tangrowth|Tangrowth, F|89/100
|-damage|p1a: Tangrowth|73/100|[from] Spikes
|turn|55
|
|t:|1666605293
|switch|p1a: Heatran|Heatran, M|27/100
|-damage|p1a: Heatran|11/100|[from] Spikes
|move|p2a: Zarude|Bulk Up|p2a: Zarude
|-boost|p2a: Zarude|atk|1
|-boost|p2a: Zarude|def|1
|
|-heal|p2a: Zarude|52/100|[from] item: Leftovers
|upkeep
|turn|56
|
|t:|1666605294
|move|p2a: Zarude|Darkest Lariat|p1a: Heatran
|-damage|p1a: Heatran|0 fnt
|faint|p1a: Heatran
|
|-heal|p2a: Zarude|58/100|[from] item: Leftovers
|upkeep
|
|t:|1666605295
|switch|p1a: Tangrowth|Tangrowth, F|100/100
|-damage|p1a: Tangrowth|84/100|[from] Spikes
|turn|57
|
|t:|1666605297
|switch|p1a: Melmetal|Melmetal|40/100
|-damage|p1a: Melmetal|23/100|[from] Spikes
|move|p2a: Zarude|Bulk Up|p2a: Zarude
|-boost|p2a: Zarude|atk|1
|-boost|p2a: Zarude|def|1
|
|-heal|p2a: Zarude|64/100|[from] item: Leftovers
|upkeep
|turn|58
|
|t:|1666605299
|move|p2a: Zarude|Darkest Lariat|p1a: Melmetal
|-damage|p1a: Melmetal|0 fnt
|faint|p1a: Melmetal
|
|-heal|p2a: Zarude|70/100|[from] item: Leftovers
|upkeep
|
|t:|1666605300
|switch|p1a: Tangrowth|Tangrowth, F|100/100
|-damage|p1a: Tangrowth|84/100|[from] Spikes
|turn|59
|j| sadsdasdadsas
|
|t:|1666605302
|move|p2a: Zarude|Bulk Up|p2a: Zarude
|-boost|p2a: Zarude|atk|1
|-boost|p2a: Zarude|def|1
|move|p1a: Tangrowth|Giga Drain|p2a: Zarude
|-resisted|p2a: Zarude
|-end|p2a: Zarude|Substitute
|-heal|p1a: Tangrowth|88/100|[from] drain|[of] p2a: Zarude
|
|-heal|p2a: Zarude|76/100|[from] item: Leftovers
|upkeep
|turn|60
|
|t:|1666605303
|move|p2a: Zarude|Substitute|p2a: Zarude
|-start|p2a: Zarude|Substitute
|-damage|p2a: Zarude|51/100
|move|p1a: Tangrowth|Giga Drain|p2a: Zarude
|-resisted|p2a: Zarude
|-activate|p2a: Zarude|move: Substitute|[damage]
|-heal|p1a: Tangrowth|95/100|[from] drain|[of] p2a: Zarude
|
|-heal|p2a: Zarude|58/100|[from] item: Leftovers
|upkeep
|turn|61
|c|☆Elite4donovan|gg
|
|t:|1666605309
|move|p2a: Zarude|Darkest Lariat|p1a: Tangrowth
|-damage|p1a: Tangrowth|25/100
|move|p1a: Tangrowth|Giga Drain|p2a: Zarude
|-resisted|p2a: Zarude
|-activate|p2a: Zarude|move: Substitute|[damage]
|-heal|p1a: Tangrowth|31/100|[from] drain|[of] p2a: Zarude
|
|-heal|p2a: Zarude|64/100|[from] item: Leftovers
|upkeep
|turn|62
|
|t:|1666605314
|move|p2a: Zarude|Darkest Lariat|p1a: Tangrowth
|-damage|p1a: Tangrowth|0 fnt
|faint|p1a: Tangrowth
|
|win|Elite4donovan
|raw|minimax_ai's rating: 1737 &rarr; <strong>1714</strong><br />(-23 for losing)
|raw|Elite4donovan's rating: 1678 &rarr; <strong>1701</strong><br />(+23 for winning)
|c|☆minimax_ai|gg
