|j|☆minimax_ai
|j|☆user1_ou
|t:|1662809981
|gametype|singles
|player|p1|minimax_ai|lusamine-nihilego|1594
|player|p2|user1_ou|eusine|1646
|teamsize|p1|6
|teamsize|p2|6
|gen|8
|tier|[Gen 8] OU
|rated|
|rule|Sleep Clause Mod: Limit one foe put to sleep
|rule|Species Clause: Limit one of each Pokémon
|rule|OHKO Clause: OHKO moves are banned
|rule|Evasion Items Clause: Evasion items are banned
|rule|Evasion Moves Clause: Evasion moves are banned
|rule|Endless Battle Clause: Forcing endless battles is banned
|rule|HP Percentage Mod: HP is shown in percentages
|rule|Dynamax Clause: You cannot dynamax
|clearpoke
|poke|p1|Rotom-Wash|
|poke|p1|Weavile, F|
|poke|p1|Landorus-Therian, M|
|poke|p1|Heatran, M|
|poke|p1|Tangrowth, F|
|poke|p1|Melmetal|
|poke|p2|Clefable, M|
|poke|p2|Heatran, M|
|poke|p2|Rillaboom, M|
|poke|p2|Tornadus-Therian, M|
|poke|p2|Melmetal|
|poke|p2|Gastrodon-East, M|
|teampreview
|c|☆minimax_ai|hf
|inactive|Battle timer is ON: inactive players will automatically lose when time's up. (requested by minimax_ai)
|c|☆user1_ou|u2
|
|t:|1662810003
|start
|switch|p1a: landorustherian|Landorus-Therian, M|100/100
|switch|p2a: Melmetal|Melmetal|100/100
|-ability|p1a: landorustherian|Intimidate|boost
|-unboost|p2a: Melmetal|atk|1
|turn|1
|
|t:|1662810006
|switch|p2a: Tornadus|Tornadus-Therian, M|100/100
|move|p1a: landorustherian|U-turn|p2a: Tornadus
|-resisted|p2a: Tornadus
|-damage|p2a: Tornadus|89/100
|
|t:|1662810006
|switch|p1a: Heatran|Heatran, M|100/100|[from]move: U-turn
|-item|p1a: Heatran|Air Balloon
|
|upkeep
|turn|2
|
|t:|1662810008
|move|p2a: Tornadus|U-turn|p1a: Heatran
|-resisted|p1a: Heatran
|-damage|p1a: Heatran|97/100
|-enditem|p1a: Heatran|Air Balloon
|
|t:|1662810012
|switch|p2a: Gastrodon|Gastrodon-East, M|100/100|[from]move: U-turn
|move|p1a: Heatran|Stealth Rock|p2a: Gastrodon
|-sidestart|p2: user1_ou|move: Stealth Rock
|
|upkeep
|turn|3
|
|t:|1662810015
|switch|p1a: rotomwash|Rotom-Wash|100/100
|move|p2a: Gastrodon|Scald|p1a: rotomwash
|-resisted|p1a: rotomwash
|-damage|p1a: rotomwash|87/100
|
|-heal|p1a: rotomwash|94/100|[from] item: Leftovers
|upkeep
|turn|4
|
|t:|1662810017
|move|p1a: rotomwash|Nasty Plot|p1a: rotomwash
|-boost|p1a: rotomwash|spa|2
|move|p2a: Gastrodon|Toxic|p1a: rotomwash
|-status|p1a: rotomwash|tox
|
|-heal|p1a: rotomwash|99/100 tox|[from] item: Leftovers
|-damage|p1a: rotomwash|94/100 tox|[from] psn
|upkeep
|turn|5
|
|t:|1662810029
|move|p1a: rotomwash|Thunderbolt|p2a: Gastrodon
|-immune|p2a: Gastrodon
|move|p2a: Gastrodon|Scald|p1a: rotomwash
|-resisted|p1a: rotomwash
|-damage|p1a: rotomwash|81/100 tox
|
|-heal|p1a: rotomwash|87/100 tox|[from] item: Leftovers
|-damage|p1a: rotomwash|75/100 tox|[from] psn
|upkeep
|turn|6
|
|t:|1662810032
|move|p1a: rotomwash|Thunderbolt|p2a: Gastrodon
|-immune|p2a: Gastrodon
|move|p2a: Gastrodon|Scald|p1a: rotomwash
|-resisted|p1a: rotomwash
|-damage|p1a: rotomwash|62/100 tox
|
|-heal|p1a: rotomwash|68/100 tox|[from] item: Leftovers
|-damage|p1a: rotomwash|49/100 tox|[from] psn
|upkeep
|turn|7
|
|t:|1662810034
|move|p1a: rotomwash|Thunderbolt|p2a: Gastrodon
|-immune|p2a: Gastrodon
|move|p2a: Gastrodon|Scald|p1a: rotomwash
|-resisted|p1a: rotomwash
|-damage|p1a: rotomwash|34/100 tox
|
|-heal|p1a: rotomwash|41/100 tox|[from] item: Leftovers
|-damage|p1a: rotomwash|16/100 tox|[from] psn
|upkeep
|turn|8
|
|t:|1662810036
|move|p1a: rotomwash|Pain Split|p2a: Gastrodon
|-sethp|p2a: Gastrodon|56/100|[from] move: Pain Split|[silent]
|-sethp|p1a: rotomwash|78/100 tox|[from] move: Pain Split
|move|p2a: Gastrodon|Recover|p2a: Gastrodon
|-heal|p2a: Gastrodon|100/100
|
|-heal|p1a: rotomwash|84/100 tox|[from] item: Leftovers
|-damage|p1a: rotomwash|53/100 tox|[from] psn
|upkeep
|turn|9
|
|t:|1662810039
|move|p1a: rotomwash|Pain Split|p2a: Gastrodon
|-sethp|p2a: Gastrodon|69/100|[from] move: Pain Split|[silent]
|-sethp|p1a: rotomwash|97/100 tox|[from] move: Pain Split
|move|p2a: Gastrodon|Scald|p1a: rotomwash
|-resisted|p1a: rotomwash
|-damage|p1a: rotomwash|82/100 tox
|
|-heal|p1a: rotomwash|88/100 tox|[from] item: Leftovers
|-damage|p1a: rotomwash|51/100 tox|[from] psn
|upkeep
|turn|10
|
|t:|1662810040
|move|p1a: rotomwash|Pain Split|p2a: Gastrodon
|-sethp|p2a: Gastrodon|53/100|[from] move: Pain Split|[silent]
|-sethp|p1a: rotomwash|74/100 tox|[from] move: Pain Split
|move|p2a: Gastrodon|Recover|p2a: Gastrodon
|-heal|p2a: Gastrodon|100/100
|
|-heal|p1a: rotomwash|80/100 tox|[from] item: Leftovers
|-damage|p1a: rotomwash|36/100 tox|[from] psn
|upkeep
|turn|11
|
|t:|1662810051
|move|p1a: rotomwash|Pain Split|p2a: Gastrodon
|-sethp|p2a: Gastrodon|63/100|[from] move: Pain Split|[silent]
|-sethp|p1a: rotomwash|88/100 tox|[from] move: Pain Split
|move|p2a: Gastrodon|Scald|p1a: rotomwash
|-resisted|p1a: rotomwash
|-damage|p1a: rotomwash|75/100 tox
|
|-heal|p1a: rotomwash|82/100 tox|[from] item: Leftovers
|-damage|p1a: rotomwash|32/100 tox|[from] psn
|upkeep
|turn|12
|
|t:|1662810054
|move|p1a: rotomwash|Pain Split|p2a: Gastrodon
|-sethp|p2a: Gastrodon|43/100|[from] move: Pain Split|[silent]
|-sethp|p1a: rotomwash|60/100 tox|[from] move: Pain Split
|move|p2a: Gastrodon|Recover|p2a: Gastrodon
|-heal|p2a: Gastrodon|93/100
|
|-heal|p1a: rotomwash|66/100 tox|[from] item: Leftovers
|-damage|p1a: rotomwash|10/100 tox|[from] psn
|upkeep
|turn|13
|
|t:|1662810058
|move|p1a: rotomwash|Pain Split|p2a: Gastrodon
|-sethp|p2a: Gastrodon|50/100|[from] move: Pain Split|[silent]
|-sethp|p1a: rotomwash|70/100 tox|[from] move: Pain Split
|move|p2a: Gastrodon|Recover|p2a: Gastrodon
|-heal|p2a: Gastrodon|99/100
|
|-heal|p1a: rotomwash|76/100 tox|[from] item: Leftovers
|-damage|p1a: rotomwash|13/100 tox|[from] psn
|upkeep
|turn|14
|
|t:|1662810062
|move|p1a: rotomwash|Pain Split|p2a: Gastrodon
|-sethp|p2a: Gastrodon|55/100|[from] move: Pain Split|[silent]
|-sethp|p1a: rotomwash|76/100 tox|[from] move: Pain Split
|move|p2a: Gastrodon|Scald|p1a: rotomwash
|-resisted|p1a: rotomwash
|-damage|p1a: rotomwash|63/100 tox
|
|-heal|p1a: rotomwash|69/100 tox|[from] item: Leftovers
|-damage|p1a: rotomwash|0 fnt|[from] psn
|faint|p1a: rotomwash
|upkeep
|
|t:|1662810062
|switch|p1a: Weavile|Weavile, F|100/100
|-ability|p1a: Weavile|Pressure
|turn|15
|
|t:|1662810069
|switch|p2a: Clefable|Clefable, M|100/100
|move|p1a: Weavile|Knock Off|p2a: Clefable
|-resisted|p2a: Clefable
|-damage|p2a: Clefable|73/100
|-enditem|p2a: Clefable|Sticky Barb|[from] move: Knock Off|[of] p1a: Weavile
|
|upkeep
|turn|16
|
|t:|1662810076
|switch|p1a: Melmetal|Melmetal|100/100
|move|p2a: Clefable|Stealth Rock|p1a: Melmetal
|-sidestart|p1: minimax_ai|move: Stealth Rock
|
|upkeep
|turn|17
|
|t:|1662810101
|switch|p2a: Tornadus|Tornadus-Therian, M|100/100
|move|p1a: Melmetal|Double Iron Bash|p2a: Tornadus
|-damage|p2a: Tornadus|59/100
|-damage|p2a: Tornadus|20/100
|-hitcount|p2a: Tornadus|2
|
|upkeep
|turn|18
|
|t:|1662810112
|move|p2a: Tornadus|U-turn|p1a: Melmetal
|-resisted|p1a: Melmetal
|-damage|p1a: Melmetal|96/100
|
|t:|1662810114
|switch|p2a: Melmetal|Melmetal|100/100|[from]move: U-turn
|-damage|p2a: Melmetal|94/100|[from] Stealth Rock
|move|p1a: Melmetal|Double Iron Bash|p2a: Melmetal
|-resisted|p2a: Melmetal
|-damage|p2a: Melmetal|83/100
|-resisted|p2a: Melmetal
|-damage|p2a: Melmetal|71/100
|-hitcount|p2a: Melmetal|2
|
|-heal|p2a: Melmetal|77/100|[from] item: Leftovers
|upkeep
|turn|19
|
|t:|1662810118
|move|p2a: Melmetal|Protect|p2a: Melmetal
|-singleturn|p2a: Melmetal|Protect
|move|p1a: Melmetal|Double Iron Bash|p2a: Melmetal
|-activate|p2a: Melmetal|move: Protect
|
|-heal|p2a: Melmetal|83/100|[from] item: Leftovers
|upkeep
|turn|20
|
|t:|1662810121
|move|p2a: Melmetal|Earthquake|p1a: Melmetal
|-supereffective|p1a: Melmetal
|-damage|p1a: Melmetal|47/100
|move|p1a: Melmetal|Earthquake|p2a: Melmetal
|-supereffective|p2a: Melmetal
|-damage|p2a: Melmetal|36/100
|
|-heal|p2a: Melmetal|43/100|[from] item: Leftovers
|upkeep
|turn|21
|
|t:|1662810124
|move|p2a: Melmetal|Protect|p2a: Melmetal
|-singleturn|p2a: Melmetal|Protect
|move|p1a: Melmetal|Double Iron Bash|p2a: Melmetal
|-activate|p2a: Melmetal|move: Protect
|
|-heal|p2a: Melmetal|49/100|[from] item: Leftovers
|upkeep
|turn|22
|
|t:|1662810127
|move|p2a: Melmetal|Earthquake|p1a: Melmetal
|-supereffective|p1a: Melmetal
|-damage|p1a: Melmetal|0 fnt
|faint|p1a: Melmetal
|
|-heal|p2a: Melmetal|55/100|[from] item: Leftovers
|upkeep
|
|t:|1662810127
|switch|p1a: Heatran|Heatran, M|97/100
|-damage|p1a: Heatran|85/100|[from] Stealth Rock
|turn|23
|
|t:|1662810131
|move|p2a: Melmetal|Protect|p2a: Melmetal
|-singleturn|p2a: Melmetal|Protect
|move|p1a: Heatran|Magma Storm|p2a: Melmetal
|-activate|p2a: Melmetal|move: Protect
|
|-heal|p2a: Melmetal|61/100|[from] item: Leftovers
|upkeep
|turn|24
|
|t:|1662810134
|switch|p2a: Gastrodon|Gastrodon-East, M|55/100
|move|p1a: Heatran|Magma Storm|p2a: Gastrodon|[miss]
|-miss|p1a: Heatran|p2a: Gastrodon
|
|upkeep
|turn|25
|
|t:|1662810139
|switch|p1a: Tangrowth|Tangrowth, F|100/100
|-damage|p1a: Tangrowth|88/100|[from] Stealth Rock
|move|p2a: Gastrodon|Toxic|p1a: Tangrowth
|-status|p1a: Tangrowth|tox
|
|-damage|p1a: Tangrowth|82/100 tox|[from] psn
|upkeep
|turn|26
|
|t:|1662810143
|switch|p2a: Clefable|Clefable, M|73/100
|move|p1a: Tangrowth|Giga Drain|p2a: Clefable
|-damage|p2a: Clefable|48/100
|-heal|p1a: Tangrowth|94/100 tox|[from] drain|[of] p2a: Clefable
|
|-damage|p1a: Tangrowth|81/100 tox|[from] psn
|upkeep
|turn|27
|
|t:|1662810145
|switch|p1a: landorustherian|Landorus-Therian, M|100/100
|-damage|p1a: landorustherian|88/100|[from] Stealth Rock
|-ability|p1a: landorustherian|Intimidate|boost
|-unboost|p2a: Clefable|atk|1
|move|p2a: Clefable|Soft-Boiled|p2a: Clefable
|-heal|p2a: Clefable|98/100
|
|-heal|p1a: landorustherian|94/100|[from] item: Leftovers
|upkeep
|turn|28
|
|t:|1662810148
|move|p1a: landorustherian|Earthquake|p2a: Clefable
|-damage|p2a: Clefable|62/100
|move|p2a: Clefable|Moonblast|p1a: landorustherian
|-damage|p1a: landorustherian|70/100
|
|-heal|p1a: landorustherian|76/100|[from] item: Leftovers
|upkeep
|turn|29
|
|t:|1662810151
|move|p1a: landorustherian|Earthquake|p2a: Clefable
|-damage|p2a: Clefable|27/100
|move|p2a: Clefable|Soft-Boiled|p2a: Clefable
|-heal|p2a: Clefable|77/100
|
|-heal|p1a: landorustherian|82/100|[from] item: Leftovers
|upkeep
|turn|30
|
|t:|1662810153
|move|p1a: landorustherian|Earthquake|p2a: Clefable
|-damage|p2a: Clefable|42/100
|move|p2a: Clefable|Soft-Boiled|p2a: Clefable
|-heal|p2a: Clefable|92/100
|
|-heal|p1a: landorustherian|88/100|[from] item: Leftovers
|upkeep
|turn|31
|
|t:|1662810156
|switch|p2a: Tornadus|Tornadus-Therian, M|54/100
|move|p1a: landorustherian|Earthquake|p2a: Tornadus
|-immune|p2a: Tornadus
|
|-heal|p1a: landorustherian|94/100|[from] item: Leftovers
|upkeep
|turn|32
|
|t:|1662810159
|move|p2a: Tornadus|Knock Off|p1a: landorustherian
|-crit|p1a: landorustherian
|-damage|p1a: landorustherian|64/100
|-enditem|p1a: landorustherian|Leftovers|[from] move: Knock Off|[of] p2a: Tornadus
|move|p1a: landorustherian|U-turn|p2a: Tornadus
|-resisted|p2a: Tornadus
|-damage|p2a: Tornadus|43/100
|
|t:|1662810159
|switch|p1a: Weavile|Weavile, F|100/100|[from]move: U-turn
|-damage|p1a: Weavile|76/100|[from] Stealth Rock
|-ability|p1a: Weavile|Pressure
|
|upkeep
|turn|33
|inactive|user1_ou has 120 seconds left.
|
|t:|1662810209
|switch|p2a: Clefable|Clefable, M|92/100
|move|p1a: Weavile|Knock Off|p2a: Clefable
|-resisted|p2a: Clefable
|-damage|p2a: Clefable|73/100
|
|upkeep
|turn|34
|
|t:|1662810216
|switch|p1a: Heatran|Heatran, M|85/100
|-damage|p1a: Heatran|72/100|[from] Stealth Rock
|move|p2a: Clefable|Soft-Boiled|p2a: Clefable
|-heal|p2a: Clefable|100/100
|
|upkeep
|turn|35
|
|t:|1662810222
|switch|p2a: Gastrodon|Gastrodon-East, M|55/100
|move|p1a: Heatran|Magma Storm|p2a: Gastrodon|[miss]
|-miss|p1a: Heatran|p2a: Gastrodon
|
|upkeep
|turn|36
|
|t:|1662810226
|switch|p1a: Tangrowth|Tangrowth, F|100/100 tox
|-damage|p1a: Tangrowth|88/100 tox|[from] Stealth Rock
|move|p2a: Gastrodon|Recover|p2a: Gastrodon
|-heal|p2a: Gastrodon|100/100
|
|-damage|p1a: Tangrowth|82/100 tox|[from] psn
|upkeep
|turn|37
|
|t:|1662810234
|switch|p2a: Heatran|Heatran, M|100/100
|-damage|p2a: Heatran|88/100|[from] Stealth Rock
|move|p1a: Tangrowth|Giga Drain|p2a: Heatran
|-resisted|p2a: Heatran
|-damage|p2a: Heatran|83/100
|-heal|p1a: Tangrowth|84/100 tox|[from] drain|[of] p2a: Heatran
|
|-heal|p2a: Heatran|89/100|[from] item: Leftovers
|-damage|p1a: Tangrowth|72/100 tox|[from] psn
|upkeep
|turn|38
|
|t:|1662810239
|switch|p1a: landorustherian|Landorus-Therian, M|64/100
|-damage|p1a: landorustherian|52/100|[from] Stealth Rock
|-ability|p1a: landorustherian|Intimidate|boost
|-unboost|p2a: Heatran|atk|1
|move|p2a: Heatran|Magma Storm|p1a: landorustherian
|-damage|p1a: landorustherian|18/100
|-activate|p1a: landorustherian|move: Magma Storm|[of] p2a: Heatran
|
|-heal|p2a: Heatran|96/100|[from] item: Leftovers
|-damage|p1a: landorustherian|6/100|[from] move: Magma Storm|[partiallytrapped]
|upkeep
|turn|39
|
|t:|1662810242
|move|p2a: Heatran|Protect|p2a: Heatran
|-singleturn|p2a: Heatran|Protect
|move|p1a: landorustherian|Toxic|p2a: Heatran
|-activate|p2a: Heatran|move: Protect
|
|-heal|p2a: Heatran|100/100|[from] item: Leftovers
|-damage|p1a: landorustherian|0 fnt|[from] move: Magma Storm|[partiallytrapped]
|faint|p1a: landorustherian
|upkeep
|
|t:|1662810243
|switch|p1a: Weavile|Weavile, F|76/100
|-damage|p1a: Weavile|51/100|[from] Stealth Rock
|-ability|p1a: Weavile|Pressure
|turn|40
|
|t:|1662810253
|move|p1a: Weavile|Low Kick|p2a: Heatran
|-supereffective|p2a: Heatran
|-damage|p2a: Heatran|5/100
|move|p2a: Heatran|Earth Power|p1a: Weavile
|-damage|p1a: Weavile|17/100
|
|-heal|p2a: Heatran|12/100|[from] item: Leftovers
|upkeep
|turn|41
|
|t:|1662810258
|move|p1a: Weavile|Low Kick|p2a: Heatran
|-supereffective|p2a: Heatran
|-damage|p2a: Heatran|0 fnt
|faint|p2a: Heatran
|
|upkeep
|
|t:|1662810268
|switch|p2a: Clefable|Clefable, M|100/100
|turn|42
|
|t:|1662810271
|switch|p1a: Heatran|Heatran, M|72/100
|-damage|p1a: Heatran|60/100|[from] Stealth Rock
|move|p2a: Clefable|Moonblast|p1a: Heatran
|-resisted|p1a: Heatran
|-damage|p1a: Heatran|53/100
|
|upkeep
|turn|43
|
|t:|1662810277
|move|p1a: Heatran|Magma Storm|p2a: Clefable
|-damage|p2a: Clefable|53/100
|-activate|p2a: Clefable|move: Magma Storm|[of] p1a: Heatran
|move|p2a: Clefable|Moonblast|p1a: Heatran
|-resisted|p1a: Heatran
|-damage|p1a: Heatran|44/100
|
|upkeep
|turn|44
|
|t:|1662810279
|move|p1a: Heatran|Magma Storm|p2a: Clefable|[miss]
|-miss|p1a: Heatran|p2a: Clefable
|move|p2a: Clefable|Moonblast|p1a: Heatran
|-resisted|p1a: Heatran
|-damage|p1a: Heatran|36/100
|
|upkeep
|turn|45
|
|t:|1662810282
|move|p1a: Heatran|Magma Storm|p2a: Clefable
|-damage|p2a: Clefable|9/100
|move|p2a: Clefable|Moonblast|p1a: Heatran
|-resisted|p1a: Heatran
|-damage|p1a: Heatran|29/100
|
|upkeep
|turn|46
|
|t:|1662810284
|move|p1a: Heatran|Magma Storm|p2a: Clefable
|-damage|p2a: Clefable|0 fnt
|faint|p2a: Clefable
|
|upkeep
|
|t:|1662810288
|switch|p2a: Gastrodon|Gastrodon-East, M|100/100
|turn|47
|
|t:|1662810290
|switch|p1a: Tangrowth|Tangrowth, F|100/100 tox
|-damage|p1a: Tangrowth|88/100 tox|[from] Stealth Rock
|move|p2a: Gastrodon|Earth Power|p1a: Tangrowth
|-resisted|p1a: Tangrowth
|-damage|p1a: Tangrowth|69/100 tox
|
|-damage|p1a: Tangrowth|63/100 tox|[from] psn
|upkeep
|turn|48
|
|t:|1662810295
|switch|p2a: Melmetal|Melmetal|61/100
|-damage|p2a: Melmetal|55/100|[from] Stealth Rock
|move|p1a: Tangrowth|Knock Off|p2a: Melmetal
|-damage|p2a: Melmetal|41/100
|-enditem|p2a: Melmetal|Leftovers|[from] move: Knock Off|[of] p1a: Tangrowth
|
|-damage|p1a: Tangrowth|50/100 tox|[from] psn
|upkeep
|turn|49
|
|t:|1662810297
|switch|p1a: Weavile|Weavile, F|17/100
|-damage|p1a: Weavile|0 fnt|[from] Stealth Rock
|faint|p1a: Weavile
|move|p2a: Melmetal|Double Iron Bash|p1: Weavile|[notarget]
|-fail|p2a: Melmetal
|
|upkeep
|
|t:|1662810297
|switch|p1a: Heatran|Heatran, M|29/100
|-damage|p1a: Heatran|17/100|[from] Stealth Rock
|turn|50
|
|t:|1662810301
|switch|p2a: Gastrodon|Gastrodon-East, M|100/100
|move|p1a: Heatran|Magma Storm|p2a: Gastrodon
|-resisted|p2a: Gastrodon
|-damage|p2a: Gastrodon|83/100
|-activate|p2a: Gastrodon|move: Magma Storm|[of] p1a: Heatran
|
|-damage|p2a: Gastrodon|70/100|[from] move: Magma Storm|[partiallytrapped]
|upkeep
|turn|51
|
|t:|1662810303
|move|p1a: Heatran|Earth Power|p2a: Gastrodon
|-damage|p2a: Gastrodon|51/100
|move|p2a: Gastrodon|Earth Power|p1a: Heatran
|-supereffective|p1a: Heatran
|-damage|p1a: Heatran|0 fnt
|faint|p1a: Heatran
|
|-end|p2a: Gastrodon|Magma Storm|[partiallytrapped]|[silent]
|upkeep
|
|t:|1662810303
|switch|p1a: Tangrowth|Tangrowth, F|83/100 tox
|-damage|p1a: Tangrowth|71/100 tox|[from] Stealth Rock
|turn|52
|
|t:|1662810309
|switch|p2a: Tornadus|Tornadus-Therian, M|76/100
|move|p1a: Tangrowth|Sleep Powder|p2a: Tornadus
|-status|p2a: Tornadus|slp|[from] move: Sleep Powder
|
|-damage|p1a: Tangrowth|65/100 tox|[from] psn
|upkeep
|turn|53
|
|t:|1662810317
|switch|p2a: Melmetal|Melmetal|41/100
|-damage|p2a: Melmetal|35/100|[from] Stealth Rock
|move|p1a: Tangrowth|Knock Off|p2a: Melmetal
|-damage|p2a: Melmetal|26/100
|
|-damage|p1a: Tangrowth|52/100 tox|[from] psn
|upkeep
|turn|54
|
|t:|1662810319
|move|p1a: Tangrowth|Giga Drain|p2a: Melmetal
|-resisted|p2a: Melmetal
|-damage|p2a: Melmetal|13/100
|-heal|p1a: Tangrowth|59/100 tox|[from] drain|[of] p2a: Melmetal
|move|p2a: Melmetal|Double Iron Bash|p1a: Tangrowth
|-damage|p1a: Tangrowth|38/100 tox
|-damage|p2a: Melmetal|0 fnt|[from] item: Rocky Helmet|[of] p1a: Tangrowth
|faint|p2a: Melmetal
|-hitcount|p1a: Tangrowth|1
|
|-damage|p1a: Tangrowth|19/100 tox|[from] psn
|upkeep
|
|t:|1662810325
|switch|p2a: Tornadus|Tornadus-Therian, M|100/100 slp
|turn|55
|
|t:|1662810328
|cant|p2a: Tornadus|slp
|move|p1a: Tangrowth|Knock Off|p2a: Tornadus
|-damage|p2a: Tornadus|76/100 slp
|-enditem|p2a: Tornadus|Heavy-Duty Boots|[from] move: Knock Off|[of] p1a: Tangrowth
|
|-damage|p1a: Tangrowth|0 fnt|[from] psn
|faint|p1a: Tangrowth
|
|win|user1_ou
|upkeep
|raw|minimax_ai's rating: 1594 &rarr; <strong>1578</strong><br />(-16 for losing)
|raw|user1_ou's rating: 1670 &rarr; <strong>1686</strong><br />(+16 for winning)
|c|☆minimax_ai|gg
