|raw|<div class="broadcast-blue"><strong>This battle is required to be public due to a player having a name prefixed by 'LT71LX'.</div>
|j|☆Ayante
|j|☆LT71LX EGC
|t:|1597199473
|player|p1|Ayante|koga|1668
|player|p2|LT71LX EGC|nate|1914
|teamsize|p1|6
|teamsize|p2|6
|gametype|singles
|gen|8
|tier|[Gen 8] OU
|rated|
|clearpoke
|poke|p1|Rillaboom, M|
|poke|p1|Togekiss, M|
|poke|p1|Hydreigon, M|
|poke|p1|Scizor, M|
|poke|p1|Zeraora|
|poke|p1|Lycanroc-Dusk, M|
|poke|p2|Skarmory, F|
|poke|p2|Rillaboom, M|
|poke|p2|Dragapult, F|
|poke|p2|Bisharp, M|
|poke|p2|Mimikyu, M|
|poke|p2|Cloyster, M|
|rule|Sleep Clause Mod: Limit one foe put to sleep
|rule|Species Clause: Limit one of each Pokémon
|rule|OHKO Clause: OHKO moves are banned
|rule|Evasion Moves Clause: Evasion moves are banned
|rule|Endless Battle Clause: Forcing endless battles is banned
|rule|HP Percentage Mod: HP is shown in percentages
|rule|Dynamax Clause: You cannot dynamax
|teampreview
|inactive|Battle timer is ON: inactive players will automatically lose when time's up. (requested by LT71LX EGC)
|
|t:|1597199487
|start
|switch|p1a: Zeraora|Zeraora|100/100
|switch|p2a: Skarmory|Skarmory, F|100/100
|turn|1
|
|t:|1597199503
|move|p1a: Zeraora|Plasma Fists|p2a: Skarmory
|-supereffective|p2a: Skarmory
|-enditem|p2a: Skarmory|Focus Sash
|-damage|p2a: Skarmory|1/100
|-fieldactivate|move: Ion Deluge
|-ability|p2a: Skarmory|Weak Armor|boost
|-unboost|p2a: Skarmory|def|1
|-boost|p2a: Skarmory|spe|2
|move|p2a: Skarmory|Stealth Rock|p1a: Zeraora
|-sidestart|p1: Ayante|move: Stealth Rock
|
|upkeep
|turn|2
|
|t:|1597199514
|move|p2a: Skarmory|Spikes|p1a: Zeraora
|-sidestart|p1: Ayante|Spikes
|move|p1a: Zeraora|Volt Switch|p2a: Skarmory
|-supereffective|p2a: Skarmory
|-crit|p2a: Skarmory
|-damage|p2a: Skarmory|0 fnt
|faint|p2a: Skarmory
|j| Zeroural
|l| Zeroural
|inactive|Ayante has 120 seconds left.
|
|t:|1597199550
|switch|p1a: Hydreigon|Hydreigon, M|100/100|[from]move: Volt Switch
|-damage|p1a: Hydreigon|88/100|[from] Stealth Rock
|
|upkeep
|
|t:|1597199563
|switch|p2a: Mimikyu|Mimikyu, M|100/100
|turn|3
|inactive|Ayante has 90 seconds left.
|
|t:|1597199598
|move|p1a: Hydreigon|Flash Cannon|p2a: Mimikyu
|-activate|p2a: Mimikyu|ability: Disguise
|-damage|p2a: Mimikyu|100/100
|-unboost|p2a: Mimikyu|spd|1
|detailschange|p2a: Mimikyu|Mimikyu-Busted, M
|-damage|p2a: Mimikyu|88/100|[from] pokemon: Mimikyu-Busted
|move|p2a: Mimikyu|Play Rough|p1a: Hydreigon
|-supereffective|p1a: Hydreigon
|-damage|p1a: Hydreigon|0 fnt
|-damage|p2a: Mimikyu|78/100|[from] item: Life Orb
|faint|p1a: Hydreigon
|
|upkeep
|inactive|Ayante has 90 seconds left.
|
|t:|1597199611
|switch|p1a: Scizor|Scizor, M|100/100
|-damage|p1a: Scizor|88/100|[from] Spikes
|-damage|p1a: Scizor|75/100|[from] Stealth Rock
|turn|4
|inactive|Ayante has 90 seconds left.
|
|t:|1597199617
|move|p2a: Mimikyu|Shadow Sneak|p1a: Scizor
|-damage|p1a: Scizor|53/100
|-damage|p2a: Mimikyu|68/100|[from] item: Life Orb
|move|p1a: Scizor|Defog|p2a: Mimikyu
|-unboost|p2a: Mimikyu|evasion|1
|-sideend|p1: Ayante|Spikes|[from] move: Defog|[of] p1a: Scizor
|-sideend|p1: Ayante|Stealth Rock|[from] move: Defog|[of] p1a: Scizor
|
|upkeep
|turn|5
|inactive|Ayante has 90 seconds left.
|
|t:|1597199628
|switch|p2a: Bisharp|Bisharp, M|100/100
|move|p1a: Scizor|Roost|p1a: Scizor
|-heal|p1a: Scizor|100/100
|-singleturn|p1a: Scizor|move: Roost
|
|upkeep
|turn|6
|inactive|Ayante has 90 seconds left.
|
|t:|1597199640
|switch|p1a: Lycanroc|Lycanroc-Dusk, M|100/100
|move|p2a: Bisharp|Knock Off|p1a: Lycanroc
|-enditem|p1a: Lycanroc|Focus Sash
|-damage|p1a: Lycanroc|1/100
|-damage|p2a: Bisharp|91/100|[from] item: Life Orb
|
|upkeep
|turn|7
|
|t:|1597199648
|move|p1a: Lycanroc|Stealth Rock|p2a: Bisharp
|-sidestart|p2: LT71LX EGC|move: Stealth Rock
|move|p2a: Bisharp|Knock Off|p1a: Lycanroc
|-damage|p1a: Lycanroc|0 fnt
|-damage|p2a: Bisharp|81/100|[from] item: Life Orb
|faint|p1a: Lycanroc
|
|upkeep
|inactive|Ayante has 90 seconds left.
|
|t:|1597199668
|switch|p1a: Zeraora|Zeraora|100/100
|turn|8
|
|t:|1597199678
|switch|p2a: Dragapult|Dragapult, F|100/100
|-damage|p2a: Dragapult|88/100|[from] Stealth Rock
|move|p1a: Zeraora|Close Combat|p2a: Dragapult
|-immune|p2a: Dragapult
|
|upkeep
|turn|9
|
|t:|1597199687
|switch|p2a: Mimikyu|Mimikyu-Busted, M|68/100
|-damage|p2a: Mimikyu|56/100|[from] Stealth Rock
|move|p1a: Zeraora|Knock Off|p2a: Mimikyu
|-damage|p2a: Mimikyu|0 fnt
|-enditem|p2a: Mimikyu|Life Orb|[from] move: Knock Off|[of] p1a: Zeraora
|faint|p2a: Mimikyu
|
|upkeep
|
|t:|1597199689
|switch|p2a: Rillaboom|Rillaboom, M|100/100
|-damage|p2a: Rillaboom|88/100|[from] Stealth Rock
|-fieldstart|move: Grassy Terrain|[from] ability: Grassy Surge|[of] p2a: Rillaboom
|turn|10
|
|t:|1597199707
|switch|p1a: Scizor|Scizor, M|100/100
|move|p2a: Rillaboom|Grassy Glide|p1a: Scizor
|-resisted|p1a: Scizor
|-damage|p1a: Scizor|85/100
|-damage|p2a: Rillaboom|78/100|[from] item: Life Orb
|
|-heal|p2a: Rillaboom|84/100|[from] Grassy Terrain
|-heal|p1a: Scizor|91/100|[from] Grassy Terrain
|upkeep
|turn|11
|
|t:|1597199718
|move|p2a: Rillaboom|Superpower|p1a: Scizor
|-damage|p1a: Scizor|39/100
|-unboost|p2a: Rillaboom|atk|1
|-unboost|p2a: Rillaboom|def|1
|-damage|p2a: Rillaboom|74/100|[from] item: Life Orb
|move|p1a: Scizor|Swords Dance|p1a: Scizor
|-boost|p1a: Scizor|atk|2
|
|-heal|p2a: Rillaboom|81/100|[from] Grassy Terrain
|-heal|p1a: Scizor|45/100|[from] Grassy Terrain
|upkeep
|turn|12
|
|t:|1597199731
|switch|p2a: Bisharp|Bisharp, M|81/100
|-damage|p2a: Bisharp|75/100|[from] Stealth Rock
|move|p1a: Scizor|Bullet Punch|p2a: Bisharp
|-resisted|p2a: Bisharp
|-damage|p2a: Bisharp|29/100
|-damage|p1a: Scizor|35/100|[from] item: Life Orb
|
|-heal|p2a: Bisharp|34/100|[from] Grassy Terrain
|-heal|p1a: Scizor|41/100|[from] Grassy Terrain
|upkeep
|turn|13
|
|t:|1597199742
|move|p1a: Scizor|Bullet Punch|p2a: Bisharp
|-resisted|p2a: Bisharp
|-damage|p2a: Bisharp|0 fnt
|-damage|p1a: Scizor|32/100|[from] item: Life Orb
|faint|p2a: Bisharp
|
|-heal|p1a: Scizor|38/100|[from] Grassy Terrain
|upkeep
|
|t:|1597199746
|switch|p2a: Cloyster|Cloyster, M|100/100
|-damage|p2a: Cloyster|76/100|[from] Stealth Rock
|turn|14
|
|t:|1597199754
|move|p1a: Scizor|Bullet Punch|p2a: Cloyster
|-damage|p2a: Cloyster|8/100
|-damage|p1a: Scizor|28/100|[from] item: Life Orb
|move|p2a: Cloyster|Shell Smash|p2a: Cloyster
|-unboost|p2a: Cloyster|def|1
|-unboost|p2a: Cloyster|spd|1
|-boost|p2a: Cloyster|atk|2
|-boost|p2a: Cloyster|spa|2
|-boost|p2a: Cloyster|spe|2
|
|-heal|p2a: Cloyster|14/100|[from] Grassy Terrain
|-heal|p1a: Scizor|34/100|[from] Grassy Terrain
|-fieldend|move: Grassy Terrain
|upkeep
|turn|15
|
|t:|1597199767
|move|p2a: Cloyster|Ice Shard|p1a: Scizor
|-resisted|p1a: Scizor
|-damage|p1a: Scizor|17/100
|move|p1a: Scizor|Bullet Punch|p2a: Cloyster
|-damage|p2a: Cloyster|0 fnt
|-damage|p1a: Scizor|7/100|[from] item: Life Orb
|faint|p2a: Cloyster
|
|upkeep
|
|t:|1597199775
|switch|p2a: Rillaboom|Rillaboom, M|81/100
|-damage|p2a: Rillaboom|68/100|[from] Stealth Rock
|-fieldstart|move: Grassy Terrain|[from] ability: Grassy Surge|[of] p2a: Rillaboom
|turn|16
|
|t:|1597199781
|move|p2a: Rillaboom|Grassy Glide|p1a: Scizor
|-resisted|p1a: Scizor
|-damage|p1a: Scizor|0 fnt
|-damage|p2a: Rillaboom|58/100|[from] item: Life Orb
|faint|p1a: Scizor
|
|-heal|p2a: Rillaboom|65/100|[from] Grassy Terrain
|upkeep
|
|t:|1597199790
|switch|p1a: Togekiss|Togekiss, M|100/100
|turn|17
|
|t:|1597199797
|move|p2a: Rillaboom|Grassy Glide|p1a: Togekiss
|-resisted|p1a: Togekiss
|-damage|p1a: Togekiss|61/100
|-damage|p2a: Rillaboom|55/100|[from] item: Life Orb
|move|p1a: Togekiss|Air Slash|p2a: Rillaboom
|-supereffective|p2a: Rillaboom
|-crit|p2a: Rillaboom
|-damage|p2a: Rillaboom|0 fnt
|faint|p2a: Rillaboom
|
|-heal|p1a: Togekiss|67/100|[from] item: Leftovers
|upkeep
|
|t:|1597199799
|switch|p2a: Dragapult|Dragapult, F|88/100
|-damage|p2a: Dragapult|76/100|[from] Stealth Rock
|turn|18
|
|t:|1597199812
|move|p2a: Dragapult|Dragon Dance|p2a: Dragapult
|-boost|p2a: Dragapult|atk|1
|-boost|p2a: Dragapult|spe|1
|move|p1a: Togekiss|Air Slash|p2a: Dragapult
|-damage|p2a: Dragapult|22/100
|
|-heal|p2a: Dragapult|28/100|[from] Grassy Terrain
|-heal|p1a: Togekiss|73/100|[from] item: Leftovers
|upkeep
|turn|19
|
|t:|1597199821
|move|p2a: Dragapult|Phantom Force||[still]
|-prepare|p2a: Dragapult|Phantom Force
|move|p1a: Togekiss|Air Slash|p2a: Dragapult|[miss]
|-miss|p1a: Togekiss|p2a: Dragapult
|
|-heal|p1a: Togekiss|79/100|[from] item: Leftovers
|upkeep
|turn|20
|
|t:|1597199829
|move|p2a: Dragapult|Phantom Force|p1a: Togekiss|[from]lockedmove
|-damage|p1a: Togekiss|0 fnt
|-damage|p2a: Dragapult|18/100|[from] item: Life Orb
|faint|p1a: Togekiss
|
|-heal|p2a: Dragapult|24/100|[from] Grassy Terrain
|-fieldend|move: Grassy Terrain
|upkeep
|
|t:|1597199838
|switch|p1a: Rillaboom|Rillaboom, M|100/100
|-fieldstart|move: Grassy Terrain|[from] ability: Grassy Surge|[of] p1a: Rillaboom
|turn|21
|
|t:|1597199867
|move|p1a: Rillaboom|Grassy Glide|p2a: Dragapult
|-resisted|p2a: Dragapult
|-damage|p2a: Dragapult|0 fnt
|-damage|p1a: Rillaboom|91/100|[from] item: Life Orb
|faint|p2a: Dragapult
|
|win|Ayante
|l|☆LT71LX EGC
|raw|Ayante's rating: 1668 &rarr; <strong>1701</strong><br />(+33 for winning)
|raw|LT71LX EGC's rating: 1937 &rarr; <strong>1904</strong><br />(-33 for losing)
