|raw|<div class="broadcast-blue"><strong>This battle is required to be public due to a player having a name starting with 'lt94je'.</div>
|j|☆wish kisser
|j|‽LT94JEwangyu
|t:|1661566583
|gametype|singles
|player|p1|wish kisser|ethan|1847
|player|p2|LT94JEwangyu|skierf|1850
|teamsize|p1|6
|teamsize|p2|6
|gen|8
|tier|[Gen 8] OU
|rated|
|rule|Sleep Clause Mod: Limit one foe put to sleep
|rule|Species Clause: Limit one of each Pokémon
|rule|OHKO Clause: OHKO moves are banned
|rule|Evasion Items Clause: Evasion items are banned
|rule|Evasion Moves Clause: Evasion moves are banned
|rule|Endless Battle Clause: Forcing endless battles is banned
|rule|HP Percentage Mod: HP is shown in percentages
|rule|Dynamax Clause: You cannot dynamax
|clearpoke
|poke|p1|Urshifu-*, M|
|poke|p1|Tyranitar, F|
|poke|p1|Excadrill, F|
|poke|p1|Zapdos|
|poke|p1|Ferrothorn, M|
|poke|p1|Tapu Lele|
|poke|p2|Corviknight, M|
|poke|p2|Jirachi|
|poke|p2|Blissey, F|
|poke|p2|Toxapex, M|
|poke|p2|Quagsire, M|
|poke|p2|Zapdos|
|teampreview
|inactive|Battle timer is ON: inactive players will automatically lose when time's up. (requested by LT94JEwangyu)
|c|☆wish kisser|hf
|
|t:|1661566599
|start
|switch|p1a: Ferrothorn|Ferrothorn, M|100/100
|switch|p2a: Toxapex|Toxapex, M|100/100
|turn|1
|
|t:|1661566603
|move|p2a: Toxapex|Scald|p1a: Ferrothorn
|-resisted|p1a: Ferrothorn
|-damage|p1a: Ferrothorn|96/100
|-status|p1a: Ferrothorn|brn
|move|p1a: Ferrothorn|Knock Off|p2a: Toxapex
|-damage|p2a: Toxapex|95/100
|-enditem|p2a: Toxapex|Shed Shell|[from] move: Knock Off|[of] p1a: Ferrothorn
|
|-heal|p1a: Ferrothorn|100/100 brn|[from] item: Leftovers
|-damage|p1a: Ferrothorn|95/100 brn|[from] brn
|upkeep
|turn|2
|
|t:|1661566607
|move|p2a: Toxapex|Knock Off|p1a: Ferrothorn
|-damage|p1a: Ferrothorn|83/100 brn
|-damage|p2a: Toxapex|82/100|[from] ability: Iron Barbs|[of] p1a: Ferrothorn
|-enditem|p1a: Ferrothorn|Leftovers|[from] move: Knock Off|[of] p2a: Toxapex
|move|p1a: Ferrothorn|Stealth Rock|p2a: Toxapex
|-sidestart|p2: LT94JEwangyu|move: Stealth Rock
|
|-damage|p1a: Ferrothorn|77/100 brn|[from] brn
|upkeep
|turn|3
|j| Ajsaysno
|
|t:|1661566615
|switch|p1a: Zapdos|Zapdos|100/100
|move|p2a: Toxapex|Toxic|p1a: Zapdos
|-status|p1a: Zapdos|tox
|
|-damage|p1a: Zapdos|94/100 tox|[from] psn
|upkeep
|turn|4
|j| u crit my panties
|
|t:|1661566621
|move|p1a: Zapdos|Volt Switch|p2a: Toxapex
|-supereffective|p2a: Toxapex
|-damage|p2a: Toxapex|35/100
|
|t:|1661566624
|switch|p1a: Tapu Lele|Tapu Lele, shiny|100/100|[from]move: Volt Switch
|-fieldstart|move: Psychic Terrain|[from] ability: Psychic Surge|[of] p1a: Tapu Lele
|move|p2a: Toxapex|Scald|p1a: Tapu Lele
|-damage|p1a: Tapu Lele|84/100
|-status|p1a: Tapu Lele|brn
|
|-damage|p1a: Tapu Lele|78/100 brn|[from] brn
|upkeep
|turn|5
|
|t:|1661566628
|switch|p1a: Urshifu|Urshifu-Rapid-Strike, M|100/100
|switch|p2a: Jirachi|Jirachi|100/100
|-damage|p2a: Jirachi|94/100|[from] Stealth Rock
|
|-heal|p2a: Jirachi|100/100|[from] item: Leftovers
|upkeep
|turn|6
|j| SussyIndividual
|
|t:|1661566635
|switch|p2a: Toxapex|Toxapex, M|68/100
|-damage|p2a: Toxapex|55/100|[from] Stealth Rock
|move|p1a: Urshifu|U-turn|p2a: Toxapex
|-resisted|p2a: Toxapex
|-damage|p2a: Toxapex|49/100
|
|t:|1661566637
|switch|p1a: Tyranitar|Tyranitar, F|100/100|[from]move: U-turn
|-weather|Sandstorm|[from] ability: Sand Stream|[of] p1a: Tyranitar
|
|-weather|Sandstorm|[upkeep]
|-damage|p2a: Toxapex|42/100|[from] Sandstorm
|upkeep
|turn|7
|j| lt94je nick
|j| paradise cove
|
|t:|1661566645
|switch|p2a: Corviknight|Corviknight, M|100/100
|-damage|p2a: Corviknight|88/100|[from] Stealth Rock
|-ability|p2a: Corviknight|Pressure
|move|p1a: Tyranitar|Crunch|p2a: Corviknight
|-damage|p2a: Corviknight|48/100
|
|-weather|Sandstorm|[upkeep]
|upkeep
|turn|8
|j| redqwes
|
|t:|1661566655
|move|p1a: Tyranitar|Crunch|p2a: Corviknight
|-damage|p2a: Corviknight|8/100
|-unboost|p2a: Corviknight|def|1
|move|p2a: Corviknight|Defog|p1a: Tyranitar
|-unboost|p1a: Tyranitar|evasion|1
|-sideend|p2: LT94JEwangyu|Stealth Rock|[from] move: Defog|[of] p2a: Corviknight
|-fieldend|move: Psychic Terrain
|
|-weather|Sandstorm|[upkeep]
|upkeep
|turn|9
|
|t:|1661566661
|switch|p2a: Toxapex|Toxapex, M|75/100
|move|p1a: Tyranitar|Crunch|p2a: Toxapex
|-damage|p2a: Toxapex|37/100
|-unboost|p2a: Toxapex|def|1
|
|-weather|Sandstorm|[upkeep]
|-damage|p2a: Toxapex|30/100|[from] Sandstorm
|upkeep
|turn|10
|c| SussyIndividual|this is inexplicable
|
|t:|1661566664
|switch|p2a: Zapdos|Zapdos|100/100
|-ability|p2a: Zapdos|Pressure
|move|p1a: Tyranitar|Crunch|p2a: Zapdos
|-damage|p2a: Zapdos|48/100
|
|-weather|none
|upkeep
|turn|11
|
|t:|1661566672
|move|p2a: Zapdos|Roost|p2a: Zapdos
|-heal|p2a: Zapdos|98/100
|-singleturn|p2a: Zapdos|move: Roost
|move|p1a: Tyranitar|Crunch|p2a: Zapdos
|-damage|p2a: Zapdos|43/100
|
|upkeep
|turn|12
|c|☆wish kisser|first time
|
|t:|1661566676
|move|p2a: Zapdos|Roost|p2a: Zapdos
|-heal|p2a: Zapdos|93/100
|-singleturn|p2a: Zapdos|move: Roost
|move|p1a: Tyranitar|Crunch|p2a: Zapdos
|-damage|p2a: Zapdos|45/100
|
|upkeep
|turn|13
|c|☆wish kisser|ttar just click crunch
|j| virginsigmachad
|
|t:|1661566685
|switch|p1a: Excadrill|Excadrill, F|100/100
|move|p2a: Zapdos|Roost|p2a: Zapdos
|-heal|p2a: Zapdos|95/100
|-singleturn|p2a: Zapdos|move: Roost
|
|upkeep
|turn|14
|c| SussyIndividual|yea ive never seen this
|
|t:|1661566691
|switch|p2a: Toxapex|Toxapex, M|64/100
|move|p1a: Excadrill|Earthquake|p2a: Toxapex
|-supereffective|p2a: Toxapex
|-damage|p2a: Toxapex|0 fnt
|faint|p2a: Toxapex
|
|upkeep
|
|t:|1661566696
|switch|p2a: Corviknight|Corviknight, M|8/100
|-ability|p2a: Corviknight|Pressure
|turn|15
|
|t:|1661566699
|switch|p1a: Zapdos|Zapdos|94/100 tox
|move|p2a: Corviknight|Roost|p2a: Corviknight
|-heal|p2a: Corviknight|58/100
|-singleturn|p2a: Corviknight|move: Roost
|
|-damage|p1a: Zapdos|88/100 tox|[from] psn
|upkeep
|turn|16
|c| SussyIndividual|this is truly terrifying, just a chompy rock
|
|t:|1661566703
|switch|p2a: Quagsire|Quagsire, M|100/100
|move|p1a: Zapdos|Volt Switch|p2a: Quagsire
|-immune|p2a: Quagsire
|
|-damage|p1a: Zapdos|76/100 tox|[from] psn
|upkeep
|turn|17
|
|t:|1661566711
|switch|p2a: Blissey|Blissey, F|100/100
|move|p1a: Zapdos|Volt Switch|p2a: Blissey
|-damage|p2a: Blissey|90/100
|
|t:|1661566713
|switch|p1a: Tyranitar|Tyranitar, F|100/100|[from]move: Volt Switch
|-weather|Sandstorm|[from] ability: Sand Stream|[of] p1a: Tyranitar
|
|-weather|Sandstorm|[upkeep]
|-damage|p2a: Blissey|83/100|[from] Sandstorm
|-heal|p2a: Blissey|90/100|[from] item: Leftovers
|upkeep
|turn|18
|j| Ctannn
|
|t:|1661566722
|move|p1a: Tyranitar|Crunch|p2a: Blissey
|-damage|p2a: Blissey|26/100
|move|p2a: Blissey|Soft-Boiled|p2a: Blissey
|-heal|p2a: Blissey|76/100
|
|-weather|Sandstorm|[upkeep]
|-damage|p2a: Blissey|70/100|[from] Sandstorm
|-heal|p2a: Blissey|76/100|[from] item: Leftovers
|upkeep
|turn|19
|
|t:|1661566726
|switch|p2a: Zapdos|Zapdos|95/100
|-ability|p2a: Zapdos|Pressure
|move|p1a: Tyranitar|Crunch|p2a: Zapdos
|-damage|p2a: Zapdos|44/100
|
|-weather|Sandstorm|[upkeep]
|-damage|p2a: Zapdos|38/100|[from] Sandstorm
|upkeep
|turn|20
|j| Fuckylucky
|
|t:|1661566729
|switch|p1a: Excadrill|Excadrill, F|100/100
|move|p2a: Zapdos|Roost|p2a: Zapdos
|-heal|p2a: Zapdos|88/100
|-singleturn|p2a: Zapdos|move: Roost
|
|-weather|Sandstorm|[upkeep]
|-damage|p2a: Zapdos|82/100|[from] Sandstorm
|upkeep
|turn|21
|c| Fuckylucky|Destroy this stall boi
|
|t:|1661566743
|switch|p2a: Corviknight|Corviknight, M|58/100
|-ability|p2a: Corviknight|Pressure
|move|p1a: Excadrill|Earthquake|p2a: Corviknight
|-immune|p2a: Corviknight
|
|-weather|none
|upkeep
|turn|22
|c| SussyIndividual|you have an amazing name
|
|t:|1661566747
|move|p1a: Excadrill|Earthquake|p2a: Corviknight
|-immune|p2a: Corviknight
|move|p2a: Corviknight|Roost|p2a: Corviknight
|-heal|p2a: Corviknight|100/100
|-singleturn|p2a: Corviknight|move: Roost
|
|upkeep
|turn|23
|
|t:|1661566751
|switch|p1a: Zapdos|Zapdos|76/100 tox
|move|p2a: Corviknight|U-turn|p1a: Zapdos
|-resisted|p1a: Zapdos
|-damage|p1a: Zapdos|71/100 tox
|
|t:|1661566755
|switch|p2a: Blissey|Blissey, F|76/100|[from]move: U-turn
|
|-heal|p2a: Blissey|82/100|[from] item: Leftovers
|-damage|p1a: Zapdos|65/100 tox|[from] psn
|upkeep
|turn|24
|c|☆wish kisser|thanks but let me stay focus
|
|t:|1661566759
|move|p1a: Zapdos|Volt Switch|p2a: Blissey
|-damage|p2a: Blissey|71/100
|
|t:|1661566761
|switch|p1a: Ferrothorn|Ferrothorn, M|77/100 brn|[from]move: Volt Switch
|move|p2a: Blissey|Stealth Rock|p1a: Ferrothorn
|-sidestart|p1: wish kisser|move: Stealth Rock
|
|-heal|p2a: Blissey|77/100|[from] item: Leftovers
|-damage|p1a: Ferrothorn|71/100 brn|[from] brn
|upkeep
|turn|25
|c| SussyIndividual|not you
|c| SussyIndividual|fuckylucky
|c| SussyIndividual|but alr
|
|t:|1661566770
|move|p2a: Blissey|Seismic Toss|p1a: Ferrothorn
|-damage|p1a: Ferrothorn|43/100 brn
|-damage|p2a: Blissey|65/100|[from] ability: Iron Barbs|[of] p1a: Ferrothorn
|move|p1a: Ferrothorn|Stealth Rock|p2a: Blissey
|-sidestart|p2: LT94JEwangyu|move: Stealth Rock
|
|-heal|p2a: Blissey|71/100|[from] item: Leftovers
|-damage|p1a: Ferrothorn|37/100 brn|[from] brn
|upkeep
|turn|26
|c| Fuckylucky|You got a sussy name
|l| u crit my panties
|
|t:|1661566776
|switch|p1a: Urshifu|Urshifu-Rapid-Strike, M|100/100
|-damage|p1a: Urshifu|94/100|[from] Stealth Rock
|move|p2a: Blissey|Seismic Toss|p1a: Urshifu
|-damage|p1a: Urshifu|65/100
|
|-heal|p2a: Blissey|77/100|[from] item: Leftovers
|upkeep
|turn|27
|c| SussyIndividual|;)
|c| SussyIndividual|amoongsus.
|
|t:|1661566783
|switch|p2a: Zapdos|Zapdos|82/100
|-ability|p2a: Zapdos|Pressure
|move|p1a: Urshifu|Surging Strikes|p2a: Zapdos
|-crit|p2a: Zapdos
|-damage|p2a: Zapdos|67/100
|-crit|p2a: Zapdos
|-damage|p2a: Zapdos|51/100
|-crit|p2a: Zapdos
|-damage|p2a: Zapdos|36/100
|-hitcount|p2a: Zapdos|3
|
|upkeep
|turn|28
|c| SussyIndividual|someone critted out panties
|c|☆wish kisser|if i remind
|c|☆wish kisser|i was playing
|l| paradise cove
|c| SussyIndividual|oh mb
|c|☆wish kisser|max speed zap
|c|☆wish kisser|and u never outspeed
|c|☆wish kisser|i hope i wasnt lucky abt speed tie
|
|t:|1661566808
|switch|p2a: Quagsire|Quagsire, M|100/100
|-damage|p2a: Quagsire|94/100|[from] Stealth Rock
|move|p1a: Urshifu|Surging Strikes|p2a: Quagsire
|-crit|p2a: Quagsire
|-damage|p2a: Quagsire|80/100
|-crit|p2a: Quagsire
|-damage|p2a: Quagsire|65/100
|-crit|p2a: Quagsire
|-damage|p2a: Quagsire|50/100
|-hitcount|p2a: Quagsire|3
|
|-heal|p2a: Quagsire|56/100|[from] item: Leftovers
|upkeep
|turn|29
|c| SussyIndividual|yea
|
|t:|1661566815
|-singleturn|p1a: Urshifu|move: Focus Punch
|move|p2a: Quagsire|Recover|p2a: Quagsire
|-heal|p2a: Quagsire|100/100
|move|p1a: Urshifu|Focus Punch|p2a: Quagsire
|-damage|p2a: Quagsire|50/100
|
|-heal|p2a: Quagsire|56/100|[from] item: Leftovers
|upkeep
|turn|30
|c|☆wish kisser|0
|
|t:|1661566821
|move|p1a: Urshifu|U-turn|p2a: Quagsire
|-damage|p2a: Quagsire|39/100
|c| SussyIndividual|you know its a high stakes battle when it relies on luck at some point
|
|t:|1661566823
|switch|p1a: Zapdos|Zapdos|65/100 tox|[from]move: U-turn
|move|p2a: Quagsire|Recover|p2a: Quagsire
|-heal|p2a: Quagsire|89/100
|
|-heal|p2a: Quagsire|95/100|[from] item: Leftovers
|-damage|p1a: Zapdos|59/100 tox|[from] psn
|upkeep
|turn|31
|
|t:|1661566829
|switch|p2a: Blissey|Blissey, F|77/100
|-damage|p2a: Blissey|64/100|[from] Stealth Rock
|move|p1a: Zapdos|Hurricane|p2a: Blissey|[miss]
|-miss|p1a: Zapdos|p2a: Blissey
|
|-heal|p2a: Blissey|71/100|[from] item: Leftovers
|-damage|p1a: Zapdos|47/100 tox|[from] psn
|upkeep
|turn|32
|c| SussyIndividual|rng has saved me an embarrasing amount of times
|c|☆wish kisser|who care
|
|t:|1661566842
|move|p1a: Zapdos|Volt Switch|p2a: Blissey
|-damage|p2a: Blissey|59/100
|j| LT94JE Insurgencia
|
|t:|1661566845
|switch|p1a: Tyranitar|Tyranitar, F|100/100|[from]move: Volt Switch
|-damage|p1a: Tyranitar|88/100|[from] Stealth Rock
|-weather|Sandstorm|[from] ability: Sand Stream|[of] p1a: Tyranitar
|move|p2a: Blissey|Seismic Toss|p1a: Tyranitar
|-damage|p1a: Tyranitar|59/100
|
|-weather|Sandstorm|[upkeep]
|-damage|p2a: Blissey|53/100|[from] Sandstorm
|-heal|p2a: Blissey|59/100|[from] item: Leftovers
|upkeep
|turn|33
|c| SussyIndividual|idk
|j| Amigento1958
|j| LT94JE GuardArc
|j| I DONT REPLY
|
|t:|1661566854
|switch|p2a: Corviknight|Corviknight, M|100/100
|-damage|p2a: Corviknight|88/100|[from] Stealth Rock
|-ability|p2a: Corviknight|Pressure
|move|p1a: Tyranitar|Crunch|p2a: Corviknight
|-damage|p2a: Corviknight|46/100
|
|-weather|Sandstorm|[upkeep]
|upkeep
|turn|34
|
|t:|1661566859
|move|p1a: Tyranitar|Crunch|p2a: Corviknight
|-damage|p2a: Corviknight|4/100
|move|p2a: Corviknight|Roost|p2a: Corviknight
|-heal|p2a: Corviknight|54/100
|-singleturn|p2a: Corviknight|move: Roost
|
|-weather|Sandstorm|[upkeep]
|upkeep
|turn|35
|
|t:|1661566863
|move|p1a: Tyranitar|Crunch|p2a: Corviknight
|-damage|p2a: Corviknight|14/100
|move|p2a: Corviknight|Roost|p2a: Corviknight
|-heal|p2a: Corviknight|64/100
|-singleturn|p2a: Corviknight|move: Roost
|
|-weather|Sandstorm|[upkeep]
|upkeep
|turn|36
|
|t:|1661566865
|switch|p1a: Zapdos|Zapdos|47/100 tox
|move|p2a: Corviknight|Roost|p2a: Corviknight
|-heal|p2a: Corviknight|100/100
|-singleturn|p2a: Corviknight|move: Roost
|
|-weather|none
|-damage|p1a: Zapdos|41/100 tox|[from] psn
|upkeep
|turn|37
|j| dddcvvn
|
|t:|1661566871
|switch|p2a: Quagsire|Quagsire, M|95/100
|-damage|p2a: Quagsire|89/100|[from] Stealth Rock
|move|p1a: Zapdos|Hurricane|p2a: Quagsire|[miss]
|-miss|p1a: Zapdos|p2a: Quagsire
|
|-heal|p2a: Quagsire|95/100|[from] item: Leftovers
|-damage|p1a: Zapdos|29/100 tox|[from] psn
|upkeep
|turn|38
|j| Drunkensailer
|
|t:|1661566877
|switch|p2a: Blissey|Blissey, F|59/100
|-damage|p2a: Blissey|47/100|[from] Stealth Rock
|move|p1a: Zapdos|Roost|p1a: Zapdos
|-heal|p1a: Zapdos|79/100 tox
|-singleturn|p1a: Zapdos|move: Roost
|
|-heal|p2a: Blissey|53/100|[from] item: Leftovers
|-damage|p1a: Zapdos|61/100 tox|[from] psn
|upkeep
|turn|39
|
|t:|1661566880
|move|p1a: Zapdos|Volt Switch|p2a: Blissey
|-damage|p2a: Blissey|43/100
|
|t:|1661566882
|switch|p1a: Excadrill|Excadrill, F|100/100|[from]move: Volt Switch
|-damage|p1a: Excadrill|97/100|[from] Stealth Rock
|move|p2a: Blissey|Soft-Boiled|p2a: Blissey
|-heal|p2a: Blissey|93/100
|
|-heal|p2a: Blissey|99/100|[from] item: Leftovers
|upkeep
|turn|40
|j| AlIoutdragadarts
|j| 10 Misery nights
|
|t:|1661566889
|switch|p2a: Corviknight|Corviknight, M|100/100
|-damage|p2a: Corviknight|88/100|[from] Stealth Rock
|-ability|p2a: Corviknight|Pressure
|move|p1a: Excadrill|Rock Slide|p2a: Corviknight
|-damage|p2a: Corviknight|62/100
|
|upkeep
|turn|41
|
|t:|1661566894
|move|p1a: Excadrill|Rock Slide|p2a: Corviknight
|-damage|p2a: Corviknight|38/100
|move|p2a: Corviknight|Roost|p2a: Corviknight
|-heal|p2a: Corviknight|88/100
|-singleturn|p2a: Corviknight|move: Roost
|
|upkeep
|turn|42
|c| SussyIndividual|hurricane luck is bad for you today
|
|t:|1661566899
|switch|p1a: Zapdos|Zapdos|61/100 tox
|move|p2a: Corviknight|Roost|p2a: Corviknight
|-heal|p2a: Corviknight|100/100
|-singleturn|p2a: Corviknight|move: Roost
|
|-damage|p1a: Zapdos|55/100 tox|[from] psn
|upkeep
|turn|43
|raw|<div class="broadcast-red"><strong>Moderated chat was set to +!</strong><br />Only users of rank + and higher can talk.</div>
|
|t:|1661566911
|switch|p2a: Jirachi|Jirachi|100/100
|-damage|p2a: Jirachi|94/100|[from] Stealth Rock
|move|p1a: Zapdos|Volt Switch|p2a: Jirachi
|-damage|p2a: Jirachi|75/100
|
|t:|1661566914
|switch|p1a: Urshifu|Urshifu-Rapid-Strike, M|65/100|[from]move: Volt Switch
|-damage|p1a: Urshifu|59/100|[from] Stealth Rock
|
|-heal|p2a: Jirachi|82/100|[from] item: Leftovers
|upkeep
|turn|44
|
|t:|1661566922
|switch|p2a: Quagsire|Quagsire, M|95/100
|-damage|p2a: Quagsire|89/100|[from] Stealth Rock
|move|p1a: Urshifu|Close Combat|p2a: Quagsire
|-damage|p2a: Quagsire|48/100
|-unboost|p1a: Urshifu|def|1
|-unboost|p1a: Urshifu|spd|1
|
|-heal|p2a: Quagsire|54/100|[from] item: Leftovers
|upkeep
|turn|45
|
|t:|1661566927
|move|p1a: Urshifu|U-turn|p2a: Quagsire
|-damage|p2a: Quagsire|38/100
|
|t:|1661566929
|switch|p1a: Ferrothorn|Ferrothorn, M|37/100 brn|[from]move: U-turn
|-damage|p1a: Ferrothorn|31/100 brn|[from] Stealth Rock
|move|p2a: Quagsire|Recover|p2a: Quagsire
|-heal|p2a: Quagsire|88/100
|
|-heal|p2a: Quagsire|94/100|[from] item: Leftovers
|-damage|p1a: Ferrothorn|25/100 brn|[from] brn
|upkeep
|turn|46
|
|t:|1661566940
|switch|p1a: Tyranitar|Tyranitar, F|59/100
|-damage|p1a: Tyranitar|47/100|[from] Stealth Rock
|-weather|Sandstorm|[from] ability: Sand Stream|[of] p1a: Tyranitar
|switch|p2a: Blissey|Blissey, F|99/100
|-damage|p2a: Blissey|86/100|[from] Stealth Rock
|
|-weather|Sandstorm|[upkeep]
|-damage|p2a: Blissey|80/100|[from] Sandstorm
|-heal|p2a: Blissey|86/100|[from] item: Leftovers
|upkeep
|turn|47
|
|t:|1661566944
|move|p1a: Tyranitar|Stone Edge|p2a: Blissey
|-damage|p2a: Blissey|16/100
|move|p2a: Blissey|Soft-Boiled|p2a: Blissey
|-heal|p2a: Blissey|66/100
|
|-weather|Sandstorm|[upkeep]
|-damage|p2a: Blissey|60/100|[from] Sandstorm
|-heal|p2a: Blissey|66/100|[from] item: Leftovers
|upkeep
|turn|48
|
|t:|1661566961
|switch|p1a: Zapdos|Zapdos|55/100 tox
|switch|p2a: Quagsire|Quagsire, M|94/100
|-damage|p2a: Quagsire|88/100|[from] Stealth Rock
|
|-weather|Sandstorm|[upkeep]
|-damage|p1a: Zapdos|49/100 tox|[from] Sandstorm
|-heal|p2a: Quagsire|94/100|[from] item: Leftovers
|-damage|p1a: Zapdos|43/100 tox|[from] psn
|upkeep
|turn|49
|
|t:|1661566965
|move|p1a: Zapdos|Volt Switch|p2a: Quagsire
|-immune|p2a: Quagsire
|move|p2a: Quagsire|Recover|p2a: Quagsire
|-heal|p2a: Quagsire|100/100
|
|-weather|Sandstorm|[upkeep]
|-damage|p1a: Zapdos|37/100 tox|[from] Sandstorm
|-damage|p1a: Zapdos|25/100 tox|[from] psn
|upkeep
|turn|50
|
|t:|1661566968
|move|p1a: Zapdos|Volt Switch|p2a: Quagsire
|-immune|p2a: Quagsire
|move|p2a: Quagsire|Earthquake|p1a: Zapdos
|-immune|p1a: Zapdos
|
|-weather|none
|-damage|p1a: Zapdos|7/100 tox|[from] psn
|upkeep
|turn|51
|
|t:|1661566974
|move|p1a: Zapdos|Hurricane|p2a: Quagsire
|-damage|p2a: Quagsire|42/100
|move|p2a: Quagsire|Earthquake|p1a: Zapdos
|-immune|p1a: Zapdos
|
|-heal|p2a: Quagsire|48/100|[from] item: Leftovers
|-damage|p1a: Zapdos|0 fnt|[from] psn
|faint|p1a: Zapdos
|upkeep
|
|t:|1661566978
|switch|p1a: Excadrill|Excadrill, F|97/100
|-damage|p1a: Excadrill|94/100|[from] Stealth Rock
|turn|52
|
|t:|1661566985
|switch|p2a: Zapdos|Zapdos|36/100
|-ability|p2a: Zapdos|Pressure
|move|p1a: Excadrill|Earthquake|p2a: Zapdos
|-immune|p2a: Zapdos
|
|upkeep
|turn|53
|
|t:|1661566993
|switch|p1a: Tyranitar|Tyranitar, F|47/100
|-damage|p1a: Tyranitar|34/100|[from] Stealth Rock
|-weather|Sandstorm|[from] ability: Sand Stream|[of] p1a: Tyranitar
|move|p2a: Zapdos|Roost|p2a: Zapdos
|-heal|p2a: Zapdos|86/100
|-singleturn|p2a: Zapdos|move: Roost
|
|-weather|Sandstorm|[upkeep]
|-damage|p2a: Zapdos|80/100|[from] Sandstorm
|upkeep
|turn|54
|
|t:|1661566997
|switch|p1a: Excadrill|Excadrill, F|94/100
|-damage|p1a: Excadrill|91/100|[from] Stealth Rock
|move|p2a: Zapdos|Roost|p2a: Zapdos
|-heal|p2a: Zapdos|100/100
|-singleturn|p2a: Zapdos|move: Roost
|
|-weather|Sandstorm|[upkeep]
|-damage|p2a: Zapdos|94/100|[from] Sandstorm
|upkeep
|turn|55
|
|t:|1661567005
|move|p1a: Excadrill|Iron Head|p2a: Zapdos
|-resisted|p2a: Zapdos
|-damage|p2a: Zapdos|69/100
|cant|p2a: Zapdos|flinch
|
|-weather|Sandstorm|[upkeep]
|-damage|p2a: Zapdos|63/100|[from] Sandstorm
|upkeep
|turn|56
|
|t:|1661567008
|move|p1a: Excadrill|Iron Head|p2a: Zapdos
|-resisted|p2a: Zapdos
|-damage|p2a: Zapdos|37/100
|move|p2a: Zapdos|Roost|p2a: Zapdos
|-heal|p2a: Zapdos|87/100
|-singleturn|p2a: Zapdos|move: Roost
|
|-weather|Sandstorm|[upkeep]
|-damage|p2a: Zapdos|81/100|[from] Sandstorm
|upkeep
|turn|57
|
|t:|1661567019
|move|p1a: Excadrill|Iron Head|p2a: Zapdos
|-resisted|p2a: Zapdos
|-damage|p2a: Zapdos|54/100
|move|p2a: Zapdos|Roost|p2a: Zapdos
|-heal|p2a: Zapdos|100/100
|-singleturn|p2a: Zapdos|move: Roost
|
|-weather|none
|upkeep
|turn|58
|
|t:|1661567024
|move|p1a: Excadrill|Iron Head|p2a: Zapdos
|-resisted|p2a: Zapdos
|-damage|p2a: Zapdos|76/100
|move|p2a: Zapdos|Defog|p1a: Excadrill
|-unboost|p1a: Excadrill|evasion|1
|-sideend|p1: wish kisser|Stealth Rock|[from] move: Defog|[of] p2a: Zapdos
|-sideend|p2: LT94JEwangyu|Stealth Rock|[from] move: Defog|[of] p2a: Zapdos
|
|upkeep
|turn|59
|
|t:|1661567037
|switch|p1a: Ferrothorn|Ferrothorn, M|25/100 brn
|move|p2a: Zapdos|Roost|p2a: Zapdos
|-heal|p2a: Zapdos|100/100
|-singleturn|p2a: Zapdos|move: Roost
|
|-damage|p1a: Ferrothorn|19/100 brn|[from] brn
|upkeep
|turn|60
|
|t:|1661567040
|move|p2a: Zapdos|Discharge|p1a: Ferrothorn
|-resisted|p1a: Ferrothorn
|-damage|p1a: Ferrothorn|8/100 brn
|move|p1a: Ferrothorn|Stealth Rock|p2a: Zapdos
|-sidestart|p2: LT94JEwangyu|move: Stealth Rock
|
|-damage|p1a: Ferrothorn|2/100 brn|[from] brn
|upkeep
|turn|61
|
|t:|1661567044
|move|p2a: Zapdos|Defog|p1a: Ferrothorn
|-unboost|p1a: Ferrothorn|evasion|1
|-sideend|p2: LT94JEwangyu|Stealth Rock|[from] move: Defog|[of] p2a: Zapdos
|move|p1a: Ferrothorn|Stealth Rock|p2a: Zapdos
|-sidestart|p2: LT94JEwangyu|move: Stealth Rock
|
|-damage|p1a: Ferrothorn|0 fnt|[from] brn
|faint|p1a: Ferrothorn
|upkeep
|
|t:|1661567047
|switch|p1a: Excadrill|Excadrill, F|91/100
|turn|62
|
|t:|1661567052
|switch|p2a: Corviknight|Corviknight, M|100/100
|-damage|p2a: Corviknight|88/100|[from] Stealth Rock
|-ability|p2a: Corviknight|Pressure
|move|p1a: Excadrill|Earthquake|p2a: Corviknight
|-immune|p2a: Corviknight
|
|upkeep
|turn|63
|
|t:|1661567057
|switch|p1a: Urshifu|Urshifu-Rapid-Strike, M|59/100
|move|p2a: Corviknight|Defog|p1a: Urshifu
|-unboost|p1a: Urshifu|evasion|1
|-sideend|p2: LT94JEwangyu|Stealth Rock|[from] move: Defog|[of] p2a: Corviknight
|
|upkeep
|turn|64
|
|t:|1661567060
|move|p1a: Urshifu|Surging Strikes|p2a: Corviknight
|-crit|p2a: Corviknight
|-damage|p2a: Corviknight|76/100
|-crit|p2a: Corviknight
|-damage|p2a: Corviknight|63/100
|-crit|p2a: Corviknight
|-damage|p2a: Corviknight|52/100
|-hitcount|p2a: Corviknight|3
|move|p2a: Corviknight|Brave Bird|p1a: Urshifu
|-supereffective|p1a: Urshifu
|-damage|p1a: Urshifu|0 fnt
|faint|p1a: Urshifu
|-damage|p2a: Corviknight|36/100|[from] Recoil
|
|upkeep
|
|t:|1661567066
|switch|p1a: Tyranitar|Tyranitar, F|34/100
|-weather|Sandstorm|[from] ability: Sand Stream|[of] p1a: Tyranitar
|turn|65
|
|t:|1661567080
|switch|p2a: Quagsire|Quagsire, M|48/100
|move|p1a: Tyranitar|Crunch|p2a: Quagsire
|-damage|p2a: Quagsire|2/100
|
|-weather|Sandstorm|[upkeep]
|-heal|p2a: Quagsire|8/100|[from] item: Leftovers
|upkeep
|turn|66
|
|t:|1661567087
|switch|p2a: Zapdos|Zapdos|100/100
|-ability|p2a: Zapdos|Pressure
|move|p1a: Tyranitar|Crunch|p2a: Zapdos
|-damage|p2a: Zapdos|48/100
|
|-weather|Sandstorm|[upkeep]
|-damage|p2a: Zapdos|42/100|[from] Sandstorm
|upkeep
|turn|67
|
|t:|1661567090
|switch|p1a: Excadrill|Excadrill, F|91/100
|move|p2a: Zapdos|Roost|p2a: Zapdos
|-heal|p2a: Zapdos|92/100
|-singleturn|p2a: Zapdos|move: Roost
|
|-weather|Sandstorm|[upkeep]
|-damage|p2a: Zapdos|86/100|[from] Sandstorm
|upkeep
|turn|68
|
|t:|1661567094
|move|p1a: Excadrill|Rock Slide|p2a: Zapdos
|-supereffective|p2a: Zapdos
|-damage|p2a: Zapdos|26/100
|move|p2a: Zapdos|Roost|p2a: Zapdos
|-heal|p2a: Zapdos|76/100
|-singleturn|p2a: Zapdos|move: Roost
|
|-weather|Sandstorm|[upkeep]
|-damage|p2a: Zapdos|70/100|[from] Sandstorm
|upkeep
|turn|69
|
|t:|1661567099
|switch|p2a: Jirachi|Jirachi|82/100
|move|p1a: Excadrill|Rock Slide|p2a: Jirachi
|-resisted|p2a: Jirachi
|-crit|p2a: Jirachi
|-damage|p2a: Jirachi|54/100
|
|-weather|none
|-heal|p2a: Jirachi|60/100|[from] item: Leftovers
|upkeep
|turn|70
|
|t:|1661567103
|switch|p1a: Tyranitar|Tyranitar, F|34/100
|-weather|Sandstorm|[from] ability: Sand Stream|[of] p1a: Tyranitar
|move|p2a: Jirachi|Wish|p2a: Jirachi
|
|-weather|Sandstorm|[upkeep]
|-heal|p2a: Jirachi|67/100|[from] item: Leftovers
|upkeep
|turn|71
|
|t:|1661567107
|switch|p1a: Excadrill|Excadrill, F|91/100
|move|p2a: Jirachi|Iron Head|p1a: Excadrill
|-resisted|p1a: Excadrill
|-damage|p1a: Excadrill|71/100
|
|-weather|Sandstorm|[upkeep]
|-heal|p2a: Jirachi|100/100|[from] move: Wish|[wisher] Jirachi
|upkeep
|turn|72
|
|t:|1661567110
|move|p2a: Jirachi|Protect|p2a: Jirachi
|-singleturn|p2a: Jirachi|Protect
|move|p1a: Excadrill|Earthquake|p2a: Jirachi
|-activate|p2a: Jirachi|move: Protect
|
|-weather|Sandstorm|[upkeep]
|upkeep
|turn|73
|
|t:|1661567115
|switch|p1a: Tyranitar|Tyranitar, F|34/100
|switch|p2a: Zapdos|Zapdos|70/100
|-ability|p2a: Zapdos|Pressure
|
|-weather|Sandstorm|[upkeep]
|-damage|p2a: Zapdos|64/100|[from] Sandstorm
|upkeep
|turn|74
|
|t:|1661567120
|move|p2a: Zapdos|Roost|p2a: Zapdos
|-heal|p2a: Zapdos|100/100
|-singleturn|p2a: Zapdos|move: Roost
|move|p1a: Tyranitar|Stone Edge|p2a: Zapdos
|-damage|p2a: Zapdos|31/100
|
|-weather|none
|upkeep
|turn|75
|
|t:|1661567128
|move|p2a: Zapdos|Roost|p2a: Zapdos
|-heal|p2a: Zapdos|81/100
|-singleturn|p2a: Zapdos|move: Roost
|move|p1a: Tyranitar|Stone Edge|p2a: Zapdos
|-crit|p2a: Zapdos
|-damage|p2a: Zapdos|0 fnt
|faint|p2a: Zapdos
|
|upkeep
|
|t:|1661567134
|switch|p2a: Jirachi|Jirachi|100/100
|turn|76
|
|t:|1661567140
|switch|p1a: Tapu Lele|Tapu Lele, shiny|78/100 brn
|-fieldstart|move: Psychic Terrain|[from] ability: Psychic Surge|[of] p1a: Tapu Lele
|move|p2a: Jirachi|Iron Head|p1a: Tapu Lele
|-supereffective|p1a: Tapu Lele
|-damage|p1a: Tapu Lele|0 fnt
|faint|p1a: Tapu Lele
|
|upkeep
|
|t:|1661567142
|switch|p1a: Tyranitar|Tyranitar, F|34/100
|-weather|Sandstorm|[from] ability: Sand Stream|[of] p1a: Tyranitar
|turn|77
|
|t:|1661567144
|move|p2a: Jirachi|Iron Head|p1a: Tyranitar
|-supereffective|p1a: Tyranitar
|-damage|p1a: Tyranitar|0 fnt
|faint|p1a: Tyranitar
|
|-weather|Sandstorm|[upkeep]
|upkeep
|c|☆wish kisser|mes couilles
|-message|wish kisser forfeited.
|
|win|LT94JEwangyu
|raw|wish kisser's rating: 1847 &rarr; <strong>1827</strong><br />(-20 for losing)
|raw|LT94JEwangyu's rating: 1850 &rarr; <strong>1870</strong><br />(+20 for winning)
||Ladder isn't responding, score probably updated but might not have (Request timeout).
