|j|☆minimax_ai
|j|☆playeraccount
|t:|1663691882
|gametype|singles
|player|p1|minimax_ai|lusamine-nihilego|1476
|player|p2|playeraccount|101|1449
|teamsize|p1|6
|teamsize|p2|6
|gen|8
|tier|[Gen 8] OU
|rated|
|rule|Sleep Clause Mod: Limit one foe put to sleep
|rule|Species Clause: Limit one of each Pokémon
|rule|OHKO Clause: OHKO moves are banned
|rule|Evasion Items Clause: Evasion items are banned
|rule|Evasion Moves Clause: Evasion moves are banned
|rule|Endless Battle Clause: Forcing endless battles is banned
|rule|HP Percentage Mod: HP is shown in percentages
|rule|Dynamax Clause: You cannot dynamax
|clearpoke
|poke|p1|Rotom-Wash|
|poke|p1|Weavile, F|
|poke|p1|Landorus-Therian, M|
|poke|p1|Heatran, M|
|poke|p1|Tangrowth, M|
|poke|p1|Melmetal|
|poke|p2|Nidoqueen, F|
|poke|p2|Slowbro, F|
|poke|p2|Porygon2|
|poke|p2|Skarmory, M|
|poke|p2|Tapu Fini|
|poke|p2|Kartana|
|teampreview
|c|☆minimax_ai|hf
|inactive|Battle timer is ON: inactive players will automatically lose when time's up. (requested by playeraccount)
|inactive|minimax_ai also wants the timer to be on.
|c|☆playeraccount|gl hf
|
|t:|1663691895
|start
|switch|p1a: Melmetal|Melmetal|100/100
|switch|p2a: Kartana|Kartana|100/100
|turn|1
|
|t:|1663691904
|move|p2a: Kartana|Sacred Sword|p1a: Melmetal
|-supereffective|p1a: Melmetal
|-damage|p1a: Melmetal|32/100
|move|p1a: Melmetal|Double Iron Bash|p2a: Kartana
|-resisted|p2a: Kartana
|-damage|p2a: Kartana|80/100
|-resisted|p2a: Kartana
|-damage|p2a: Kartana|58/100
|-hitcount|p2a: Kartana|2
|
|upkeep
|turn|2
|
|t:|1663691911
|switch|p1a: landorustherian|Landorus-Therian, M|100/100
|-ability|p1a: landorustherian|Intimidate|boost
|-unboost|p2a: Kartana|atk|1
|move|p2a: Kartana|Sacred Sword|p1a: landorustherian
|-resisted|p1a: landorustherian
|-damage|p1a: landorustherian|80/100
|
|-heal|p1a: landorustherian|86/100|[from] item: Leftovers
|upkeep
|turn|3
|
|t:|1663691918
|switch|p2a: Porygon2|Porygon2, shiny|100/100
|-ability|p2a: Porygon2|Intimidate|[from] ability: Trace|[of] p1a: landorustherian
|-ability|p2a: Porygon2|Intimidate|boost
|-unboost|p1a: landorustherian|atk|1
|switch|p1a: rotomwash|Rotom-Wash|100/100
|
|upkeep
|turn|4
|
|t:|1663691926
|move|p1a: rotomwash|Hydro Pump|p2a: Porygon2
|-damage|p2a: Porygon2|80/100
|move|p2a: Porygon2|Toxic|p1a: rotomwash|[miss]
|-miss|p2a: Porygon2|p1a: rotomwash
|
|upkeep
|turn|5
|
|t:|1663691932
|switch|p1a: Heatran|Heatran, M|100/100
|-item|p1a: Heatran|Air Balloon
|move|p2a: Porygon2|Teleport|p2a: Porygon2
|
|t:|1663691940
|switch|p2a: Skarmory|Skarmory, M, shiny|100/100|[from]move: Teleport
|
|upkeep
|turn|6
|
|t:|1663691944
|switch|p2a: Porygon2|Porygon2, shiny|80/100
|-ability|p2a: Porygon2|Flash Fire|[from] ability: Trace|[of] p1a: Heatran
|move|p1a: Heatran|Magma Storm|p2a: Porygon2
|-start|p2a: Porygon2|ability: Flash Fire
|
|upkeep
|turn|7
|
|t:|1663691948
|move|p1a: Heatran|Stealth Rock|p2a: Porygon2
|-sidestart|p2: playeraccount|move: Stealth Rock
|move|p2a: Porygon2|Tri Attack|p1a: Heatran
|-resisted|p1a: Heatran
|-damage|p1a: Heatran|87/100
|-enditem|p1a: Heatran|Air Balloon
|
|upkeep
|turn|8
|
|t:|1663691953
|move|p1a: Heatran|Earth Power|p2a: Porygon2
|-damage|p2a: Porygon2|66/100
|move|p2a: Porygon2|Teleport|p2a: Porygon2
|
|t:|1663691957
|-end|p2a: Porygon2|ability: Flash Fire|[silent]
|switch|p2a: Nidoqueen|Nidoqueen, F, shiny|100/100|[from]move: Teleport
|-damage|p2a: Nidoqueen|94/100|[from] Stealth Rock
|
|upkeep
|turn|9
|
|t:|1663691962
|move|p1a: Heatran|Eruption|p2a: Nidoqueen
|-damage|p2a: Nidoqueen|23/100
|move|p2a: Nidoqueen|Earth Power|p1a: Heatran
|-supereffective|p1a: Heatran
|-damage|p1a: Heatran|0 fnt
|faint|p1a: Heatran
|
|upkeep
|
|t:|1663691962
|switch|p1a: Weavile|Weavile, F|100/100
|-ability|p1a: Weavile|Pressure
|turn|10
|
|t:|1663691969
|switch|p2a: Tapu Fini|Tapu Fini|100/100
|-damage|p2a: Tapu Fini|88/100|[from] Stealth Rock
|-fieldstart|move: Misty Terrain|[from] ability: Misty Surge|[of] p2a: Tapu Fini
|move|p1a: Weavile|Knock Off|p2a: Tapu Fini
|-resisted|p2a: Tapu Fini
|-damage|p2a: Tapu Fini|55/100
|-enditem|p2a: Tapu Fini|Choice Scarf|[from] move: Knock Off|[of] p1a: Weavile
|
|upkeep
|turn|11
|
|t:|1663691972
|switch|p1a: rotomwash|Rotom-Wash|100/100
|move|p2a: Tapu Fini|Moonblast|p1a: rotomwash
|-damage|p1a: rotomwash|66/100
|-unboost|p1a: rotomwash|spa|1
|
|-heal|p1a: rotomwash|72/100|[from] item: Leftovers
|upkeep
|turn|12
|
|t:|1663691977
|switch|p2a: Porygon2|Porygon2, shiny|66/100
|-damage|p2a: Porygon2|54/100|[from] Stealth Rock
|-ability|p2a: Porygon2|Levitate|[from] ability: Trace|[of] p1a: rotomwash
|move|p1a: rotomwash|Thunderbolt|p2a: Porygon2
|-damage|p2a: Porygon2|43/100
|-status|p2a: Porygon2|par
|
|-heal|p1a: rotomwash|78/100|[from] item: Leftovers
|upkeep
|turn|13
|
|t:|1663691983
|move|p1a: rotomwash|Nasty Plot|p1a: rotomwash
|-boost|p1a: rotomwash|spa|2
|cant|p2a: Porygon2|par
|
|-heal|p1a: rotomwash|84/100|[from] item: Leftovers
|upkeep
|turn|14
|
|t:|1663691987
|move|p1a: rotomwash|Thunderbolt|p2a: Porygon2
|-damage|p2a: Porygon2|19/100 par
|move|p2a: Porygon2|Recover|p2a: Porygon2
|-heal|p2a: Porygon2|69/100 par
|
|-heal|p1a: rotomwash|91/100|[from] item: Leftovers
|-fieldend|Misty Terrain
|upkeep
|turn|15
|
|t:|1663691992
|move|p1a: rotomwash|Hydro Pump|p2a: Porygon2|[miss]
|-miss|p1a: rotomwash|p2a: Porygon2
|move|p2a: Porygon2|Toxic|p1a: rotomwash
|-status|p1a: rotomwash|tox
|
|-heal|p1a: rotomwash|97/100 tox|[from] item: Leftovers
|-damage|p1a: rotomwash|91/100 tox|[from] psn
|upkeep
|turn|16
|
|t:|1663691999
|move|p1a: rotomwash|Nasty Plot|p1a: rotomwash
|-boost|p1a: rotomwash|spa|2
|move|p2a: Porygon2|Tri Attack|p1a: rotomwash
|-damage|p1a: rotomwash|61/100 tox
|
|-heal|p1a: rotomwash|67/100 tox|[from] item: Leftovers
|-damage|p1a: rotomwash|55/100 tox|[from] psn
|upkeep
|turn|17
|
|t:|1663692006
|move|p1a: rotomwash|Thunderbolt|p2a: Porygon2
|-damage|p2a: Porygon2|28/100 par
|move|p2a: Porygon2|Recover|p2a: Porygon2
|-heal|p2a: Porygon2|78/100 par
|
|-heal|p1a: rotomwash|61/100 tox|[from] item: Leftovers
|-damage|p1a: rotomwash|42/100 tox|[from] psn
|upkeep
|turn|18
|
|t:|1663692015
|move|p1a: rotomwash|Hydro Pump|p2a: Porygon2|[miss]
|-miss|p1a: rotomwash|p2a: Porygon2
|move|p2a: Porygon2|Recover|p2a: Porygon2
|-heal|p2a: Porygon2|100/100 par
|
|-heal|p1a: rotomwash|49/100 tox|[from] item: Leftovers
|-damage|p1a: rotomwash|24/100 tox|[from] psn
|upkeep
|turn|19
|
|t:|1663692020
|switch|p1a: Tangrowth|Tangrowth, M|100/100
|move|p2a: Porygon2|Teleport|p2a: Porygon2
|
|t:|1663692026
|switch|p2a: Skarmory|Skarmory, M, shiny|100/100|[from]move: Teleport
|-damage|p2a: Skarmory|88/100|[from] Stealth Rock
|
|upkeep
|turn|20
|
|t:|1663692029
|move|p2a: Skarmory|Defog|p1a: Tangrowth
|-unboost|p1a: Tangrowth|evasion|1
|-sideend|p2: playeraccount|Stealth Rock|[from] move: Defog|[of] p2a: Skarmory
|move|p1a: Tangrowth|Sleep Powder|p2a: Skarmory
|-status|p2a: Skarmory|slp|[from] move: Sleep Powder
|
|upkeep
|turn|21
|
|t:|1663692036
|switch|p2a: Porygon2|Porygon2, shiny|100/100 par
|-ability|p2a: Porygon2|Regenerator|[from] ability: Trace|[of] p1a: Tangrowth
|move|p1a: Tangrowth|Focus Blast|p2a: Porygon2|[miss]
|-miss|p1a: Tangrowth|p2a: Porygon2
|
|upkeep
|turn|22
|
|t:|1663692040
|switch|p1a: Melmetal|Melmetal|32/100
|move|p2a: Porygon2|Toxic|p1a: Melmetal
|-immune|p1a: Melmetal
|
|upkeep
|turn|23
|
|t:|1663692050
|switch|p2a: Slowbro|Slowbro, F, shiny|100/100
|move|p1a: Melmetal|Ice Punch|p2a: Slowbro
|-resisted|p2a: Slowbro
|-damage|p2a: Slowbro|91/100
|-damage|p1a: Melmetal|16/100|[from] item: Rocky Helmet|[of] p2a: Slowbro
|
|upkeep
|turn|24
|
|t:|1663692055
|move|p1a: Melmetal|Thunder Punch|p2a: Slowbro
|-supereffective|p2a: Slowbro
|-damage|p2a: Slowbro|50/100
|-damage|p1a: Melmetal|0 fnt|[from] item: Rocky Helmet|[of] p2a: Slowbro
|faint|p1a: Melmetal
|move|p2a: Slowbro|Future Sight|p1: Melmetal
|-start|p2a: Slowbro|move: Future Sight
|
|upkeep
|
|t:|1663692055
|switch|p1a: rotomwash|Rotom-Wash|24/100 tox
|turn|25
|
|t:|1663692064
|switch|p2a: Porygon2|Porygon2, shiny|100/100 par
|-ability|p2a: Porygon2|Levitate|[from] ability: Trace|[of] p1a: rotomwash
|move|p1a: rotomwash|Thunderbolt|p2a: Porygon2
|-damage|p2a: Porygon2|84/100 par
|
|-heal|p1a: rotomwash|30/100 tox|[from] item: Leftovers
|-damage|p1a: rotomwash|24/100 tox|[from] psn
|upkeep
|turn|26
|
|t:|1663692069
|switch|p1a: Weavile|Weavile, F|100/100
|-ability|p1a: Weavile|Pressure
|move|p2a: Porygon2|Tri Attack|p1a: Weavile
|-damage|p1a: Weavile|59/100
|
|-end|p1a: Weavile|move: Future Sight
|-immune|p1a: Weavile
|upkeep
|turn|27
|
|t:|1663692077
|switch|p2a: Skarmory|Skarmory, M, shiny|88/100 slp
|move|p1a: Weavile|Knock Off|p2a: Skarmory
|-crit|p2a: Skarmory
|-damage|p2a: Skarmory|23/100 slp
|-damage|p1a: Weavile|42/100|[from] item: Rocky Helmet|[of] p2a: Skarmory
|-enditem|p2a: Skarmory|Rocky Helmet|[from] move: Knock Off|[of] p1a: Weavile
|
|upkeep
|turn|28
|
|t:|1663692085
|switch|p2a: Tapu Fini|Tapu Fini|55/100
|-fieldstart|move: Misty Terrain|[from] ability: Misty Surge|[of] p2a: Tapu Fini
|move|p1a: Weavile|Knock Off|p2a: Tapu Fini
|-resisted|p2a: Tapu Fini
|-damage|p2a: Tapu Fini|31/100
|
|upkeep
|turn|29
|
|t:|1663692087
|switch|p1a: rotomwash|Rotom-Wash|24/100 tox
|move|p2a: Tapu Fini|Moonblast|p1a: rotomwash
|-damage|p1a: rotomwash|0 fnt
|faint|p1a: rotomwash
|
|upkeep
|
|t:|1663692087
|switch|p1a: Weavile|Weavile, F|42/100
|-ability|p1a: Weavile|Pressure
|turn|30
|
|t:|1663692097
|move|p1a: Weavile|Triple Axel|p2a: Tapu Fini
|-resisted|p2a: Tapu Fini
|-damage|p2a: Tapu Fini|24/100
|-resisted|p2a: Tapu Fini
|-damage|p2a: Tapu Fini|11/100
|-resisted|p2a: Tapu Fini
|-damage|p2a: Tapu Fini|0 fnt
|faint|p2a: Tapu Fini
|-hitcount|p2: Tapu Fini|3
|
|upkeep
|
|t:|1663692111
|switch|p2a: Porygon2|Porygon2, shiny|84/100 par
|-ability|p2a: Porygon2|Pressure|[from] ability: Trace|[of] p1a: Weavile
|-ability|p2a: Porygon2|Pressure
|turn|31
|
|t:|1663692113
|switch|p1a: Tangrowth|Tangrowth, M|100/100
|cant|p2a: Porygon2|par
|
|upkeep
|turn|32
|
|t:|1663692118
|move|p1a: Tangrowth|Knock Off|p2a: Porygon2
|-damage|p2a: Porygon2|68/100 par
|-enditem|p2a: Porygon2|Eviolite|[from] move: Knock Off|[of] p1a: Tangrowth
|move|p2a: Porygon2|Tri Attack|p1a: Tangrowth
|-damage|p1a: Tangrowth|56/100
|
|-fieldend|Misty Terrain
|upkeep
|turn|33
|
|t:|1663692126
|switch|p1a: Weavile|Weavile, F|42/100
|-ability|p1a: Weavile|Pressure
|cant|p2a: Porygon2|par
|
|upkeep
|turn|34
|
|t:|1663692132
|move|p1a: Weavile|Knock Off|p2a: Porygon2
|-damage|p2a: Porygon2|22/100 par
|cant|p2a: Porygon2|par
|
|upkeep
|turn|35
|
|t:|1663692147
|switch|p2a: Skarmory|Skarmory, M, shiny|23/100 slp
|move|p1a: Weavile|Knock Off|p2a: Skarmory
|-damage|p2a: Skarmory|0 fnt
|faint|p2a: Skarmory
|
|upkeep
|
|t:|1663692152
|switch|p2a: Kartana|Kartana|58/100
|turn|36
|
|t:|1663692159
|move|p1a: Weavile|Knock Off|p2a: Kartana
|-damage|p2a: Kartana|0 fnt
|-enditem|p2a: Kartana|Choice Band|[from] move: Knock Off|[of] p1a: Weavile
|faint|p2a: Kartana
|
|upkeep
|
|t:|1663692164
|switch|p2a: Slowbro|Slowbro, F, shiny|83/100
|turn|37
|
|t:|1663692165
|move|p1a: Weavile|Knock Off|p2a: Slowbro
|-supereffective|p2a: Slowbro
|-damage|p2a: Slowbro|0 fnt
|-damage|p1a: Weavile|26/100|[from] item: Rocky Helmet|[of] p2a: Slowbro
|-enditem|p2a: Slowbro|Rocky Helmet|[from] move: Knock Off|[of] p1a: Weavile
|faint|p2a: Slowbro
|
|upkeep
|
|t:|1663692169
|switch|p2a: Nidoqueen|Nidoqueen, F, shiny|23/100
|turn|38
|
|t:|1663692171
|move|p1a: Weavile|Knock Off|p2a: Nidoqueen
|-damage|p2a: Nidoqueen|0 fnt
|-enditem|p2a: Nidoqueen|Life Orb|[from] move: Knock Off|[of] p1a: Weavile
|faint|p2a: Nidoqueen
|
|upkeep
|
|t:|1663692176
|switch|p2a: Porygon2|Porygon2, shiny|22/100 par
|-ability|p2a: Porygon2|Pressure|[from] ability: Trace|[of] p1a: Weavile
|-ability|p2a: Porygon2|Pressure
|turn|39
|
|t:|1663692179
|move|p1a: Weavile|Knock Off|p2a: Porygon2
|-damage|p2a: Porygon2|0 fnt
|faint|p2a: Porygon2
|
|win|minimax_ai
|raw|minimax_ai's rating: 1476 &rarr; <strong>1494</strong><br />(+18 for winning)
|raw|playeraccount's rating: 1449 &rarr; <strong>1431</strong><br />(-18 for losing)
|c|☆minimax_ai|gg
