|html|<div class="broadcast-blue"><strong>[Gen 8] OU is currently suspecting Zamazenta-Crowned! For information on how to participate check out the <a href="https://www.smogon.com/forums/threads/np-ss-ou-suspect-process-round-10-royals.3681787/">suspect thread</a>.</strong></div>
|j|☆dogs my friend
|j|‽isheavydead
|inactive|Battle timer is ON: inactive players will automatically lose when time's up.
|t:|1619028497
|gametype|singles
|player|p1|dogs my friend|2|
|player|p2|isheavydead|ethan|
|teamsize|p1|6
|teamsize|p2|6
|gen|8
|tier|[Gen 8] OU
|rated|Tournament battle
|clearpoke
|poke|p1|Zamazenta-Crowned|
|poke|p1|Slowking-Galar, F|
|poke|p1|Ferrothorn, F|
|poke|p1|Landorus-Therian, M|
|poke|p1|Tornadus-Therian, M|
|poke|p1|Weavile, M|
|poke|p2|Corviknight, F|
|poke|p2|Espeon, F|
|poke|p2|Tapu Lele|
|poke|p2|Polteageist|
|poke|p2|Cloyster, F|
|poke|p2|Omastar, M|
|rule|Sleep Clause Mod: Limit one foe put to sleep
|rule|Species Clause: Limit one of each Pokémon
|rule|OHKO Clause: OHKO moves are banned
|rule|Evasion Moves Clause: Evasion moves are banned
|rule|Endless Battle Clause: Forcing endless battles is banned
|rule|HP Percentage Mod: HP is shown in percentages
|rule|Dynamax Clause: You cannot dynamax
|teampreview
|j| Emil Heskey
|j|%mcp3
|c|☆dogs my friend|o this
|j| wehighashellrn
|j| skarmbliss69
|
|t:|1619028516
|start
|switch|p1a: Weavile|Weavile, M|100/100
|switch|p2a: Tapu Lele|Tapu Lele|100/100
|-ability|p1a: Weavile|Pressure
|-fieldstart|move: Psychic Terrain|[from] ability: Psychic Surge|[of] p2a: Tapu Lele
|turn|1
|j| assddff
|j| BUBBY560
|
|t:|1619028525
|move|p1a: Weavile|Icicle Crash|p2a: Tapu Lele|[miss]
|-miss|p1a: Weavile|p2a: Tapu Lele
|move|p2a: Tapu Lele|Moonblast|p1a: Weavile
|-supereffective|p1a: Weavile
|-damage|p1a: Weavile|0 fnt
|faint|p1a: Weavile
|
|upkeep
|
|t:|1619028529
|switch|p1a: Slowking|Slowking-Galar, F, shiny|100/100
|turn|2
|c| skarmbliss69|good start
|j| Harvest God
|c|☆dogs my friend|indeed
|
|t:|1619028537
|move|p2a: Tapu Lele|Psyshock|p1a: Slowking
|-damage|p1a: Slowking|45/100
|move|p1a: Slowking|Sludge Bomb|p2a: Tapu Lele
|-supereffective|p2a: Tapu Lele
|-damage|p2a: Tapu Lele|4/100
|
|upkeep
|turn|3
|
|t:|1619028542
|switch|p1a: Ferrothorn|Ferrothorn, F|100/100
|move|p2a: Tapu Lele|Future Sight|p1a: Ferrothorn
|-start|p2a: Tapu Lele|move: Future Sight
|
|upkeep
|turn|4
|
|t:|1619028545
|switch|p2a: Espeon|Espeon, F|100/100
|move|p1a: Ferrothorn|Spikes|p2a: Espeon
|move|p2a: Espeon|Spikes|p1a: Ferrothorn|[from]ability: Magic Bounce
|-sidestart|p1: dogs my friend|Spikes
|
|upkeep
|turn|5
|
|t:|1619028548
|move|p2a: Espeon|Yawn|p1a: Ferrothorn
|-start|p1a: Ferrothorn|move: Yawn|[of] p2a: Espeon
|move|p1a: Ferrothorn|Knock Off|p2a: Espeon
|-supereffective|p2a: Espeon
|-damage|p2a: Espeon|22/100
|-enditem|p2a: Espeon|Eject Button|[from] move: Knock Off|[of] p1a: Ferrothorn
|
|-end|p1a: Ferrothorn|move: Future Sight
|-resisted|p1a: Ferrothorn
|-damage|p1a: Ferrothorn|69/100
|-heal|p1a: Ferrothorn|75/100|[from] item: Leftovers
|upkeep
|turn|6
|
|t:|1619028553
|switch|p1a: Slowking|Slowking-Galar, F, shiny|78/100
|-damage|p1a: Slowking|65/100|[from] Spikes
|move|p2a: Espeon|Expanding Force|p1a: Slowking
|-damage|p1a: Slowking|21/100
|
|upkeep
|turn|7
|
|t:|1619028566
|switch|p1a: Ferrothorn|Ferrothorn, F|75/100
|-damage|p1a: Ferrothorn|63/100|[from] Spikes
|move|p2a: Espeon|Expanding Force|p1a: Ferrothorn
|-resisted|p1a: Ferrothorn
|-damage|p1a: Ferrothorn|31/100
|
|-heal|p1a: Ferrothorn|37/100|[from] item: Leftovers
|upkeep
|turn|8
|c| skarmbliss69|:o
|
|t:|1619028571
|move|p2a: Espeon|Yawn|p1a: Ferrothorn
|-start|p1a: Ferrothorn|move: Yawn|[of] p2a: Espeon
|move|p1a: Ferrothorn|Knock Off|p2a: Espeon
|-supereffective|p2a: Espeon
|-damage|p2a: Espeon|0 fnt
|faint|p2a: Espeon
|
|-heal|p1a: Ferrothorn|44/100|[from] item: Leftovers
|-fieldend|move: Psychic Terrain
|upkeep
|c| wehighashellrn|dang
|
|t:|1619028577
|switch|p2a: Polteageist|Polteageist|100/100
|turn|9
|
|t:|1619028581
|move|p2a: Polteageist|Shell Smash|p2a: Polteageist
|-unboost|p2a: Polteageist|def|1
|-unboost|p2a: Polteageist|spd|1
|-boost|p2a: Polteageist|atk|2
|-boost|p2a: Polteageist|spa|2
|-boost|p2a: Polteageist|spe|2
|move|p1a: Ferrothorn|Leech Seed|p2a: Polteageist
|-start|p2a: Polteageist|move: Leech Seed
|
|-heal|p1a: Ferrothorn|50/100|[from] item: Leftovers
|-damage|p2a: Polteageist|88/100|[from] Leech Seed|[of] p1a: Ferrothorn
|-heal|p1a: Ferrothorn|59/100|[silent]
|-end|p1a: Ferrothorn|move: Yawn|[silent]
|-status|p1a: Ferrothorn|slp
|upkeep
|turn|10
|
|t:|1619028587
|move|p2a: Polteageist|Shell Smash|p2a: Polteageist
|-unboost|p2a: Polteageist|def|1
|-unboost|p2a: Polteageist|spd|1
|-boost|p2a: Polteageist|atk|2
|-boost|p2a: Polteageist|spa|2
|-boost|p2a: Polteageist|spe|2
|cant|p1a: Ferrothorn|slp
|
|-heal|p1a: Ferrothorn|65/100 slp|[from] item: Leftovers
|-damage|p2a: Polteageist|76/100|[from] Leech Seed|[of] p1a: Ferrothorn
|-heal|p1a: Ferrothorn|74/100 slp|[silent]
|upkeep
|turn|11
|
|t:|1619028589
|move|p2a: Polteageist|Shadow Ball|p1a: Ferrothorn
|-damage|p1a: Ferrothorn|0 fnt
|faint|p1a: Ferrothorn
|
|upkeep
|
|t:|1619028595
|switch|p1a: Zamazenta|Zamazenta-Crowned|100/100
|-damage|p1a: Zamazenta|88/100|[from] Spikes
|-ability|p1a: Zamazenta|Dauntless Shield|boost
|-boost|p1a: Zamazenta|def|1
|turn|12
|c| wehighashellrn|o
|c| wehighashellrn|lord
|
|t:|1619028598
|move|p2a: Polteageist|Stored Power|p1a: Zamazenta
|-damage|p1a: Zamazenta|0 fnt
|faint|p1a: Zamazenta
|
|upkeep
|c| skarmbliss69|thats gg right
|j| cityfolk
|c|☆dogs my friend|likely lol
|
|t:|1619028604
|switch|p1a: Tornadus|Tornadus-Therian, M, shiny|100/100
|turn|13
|c| wehighashellrn|probably
|
|t:|1619028606
|move|p2a: Polteageist|Stored Power|p1a: Tornadus
|-damage|p1a: Tornadus|0 fnt
|faint|p1a: Tornadus
|
|upkeep
|
|t:|1619028609
|switch|p1a: Landorus|Landorus-Therian, M, shiny|100/100
|-ability|p1a: Landorus|Intimidate|boost
|-unboost|p2a: Polteageist|atk|1
|turn|14
|l| Harvest God
|c| wehighashellrn|yeah thats done
|
|t:|1619028617
|move|p2a: Polteageist|Stored Power|p1a: Landorus
|-damage|p1a: Landorus|0 fnt
|faint|p1a: Landorus
|
|upkeep
|c|☆dogs my friend|lol gg
|c| skarmbliss69|sash land
|c| skarmbliss69|reveal
|
|t:|1619028620
|switch|p1a: Slowking|Slowking-Galar, F, shiny|54/100
|-damage|p1a: Slowking|42/100|[from] Spikes
|turn|15
|c| skarmbliss69|aw
|c|☆dogs my friend|yes sash lando on balance ;)
|
|t:|1619028633
|move|p2a: Polteageist|Shadow Ball|p1a: Slowking
|-supereffective|p1a: Slowking
|-damage|p1a: Slowking|0 fnt
|faint|p1a: Slowking
|
|win|isheavydead
|n|☆dogs my friend|dogsmyfriend
|n|‽isheavydead|isheavydead
|n| Emil Heskey|emilheskey
|n| mcp3|mcp3
|n| wehighashellrn|wehighashellrn
|n| skarmbliss69|skarmbliss69
|n| assddff|assddff
|n| BUBBY560|bubby560
|n| cityfolk|cityfolk
|l|☆dogs my friend
|c| skarmbliss69|obviously
