|j|☆ninjamage13
|j|☆MurderousMantyke
|t:|1665094990
|gametype|singles
|player|p1|ninjamage13|pokemonranger-gen6xy|1743
|player|p2|MurderousMantyke|#helpstaffxmas|1718
|teamsize|p1|6
|teamsize|p2|6
|gen|8
|tier|[Gen 8] OU
|rated|
|rule|Sleep Clause Mod: Limit one foe put to sleep
|rule|Species Clause: Limit one of each Pokémon
|rule|OHKO Clause: OHKO moves are banned
|rule|Evasion Items Clause: Evasion items are banned
|rule|Evasion Moves Clause: Evasion moves are banned
|rule|Endless Battle Clause: Forcing endless battles is banned
|rule|HP Percentage Mod: HP is shown in percentages
|rule|Dynamax Clause: You cannot dynamax
|clearpoke
|poke|p1|Mamoswine, M|
|poke|p1|Primarina, F|
|poke|p1|Zapdos|
|poke|p1|Victini|
|poke|p1|Ferrothorn, M|
|poke|p1|Latios, M|
|poke|p2|Ferrothorn, F|
|poke|p2|Rotom-Wash|
|poke|p2|Tyranitar, F|
|poke|p2|Excadrill, M|
|poke|p2|Clefable, M|
|poke|p2|Dragapult, F|
|teampreview
|c|☆ninjamage13|oh hey
|c|☆MurderousMantyke|aye wsup hf
|c|☆ninjamage13|u2
|
|t:|1665095021
|start
|switch|p1a: HORRIBLY RIGHT|Mamoswine, M|100/100
|switch|p2a: Clefable|Clefable, M|100/100
|turn|1
|
|t:|1665095038
|move|p1a: HORRIBLY RIGHT|Knock Off|p2a: Clefable
|-resisted|p2a: Clefable
|-damage|p2a: Clefable|87/100
|-damage|p1a: HORRIBLY RIGHT|84/100|[from] item: Rocky Helmet|[of] p2a: Clefable
|-enditem|p2a: Clefable|Rocky Helmet|[from] move: Knock Off|[of] p1a: HORRIBLY RIGHT
|move|p2a: Clefable|Knock Off|p1a: HORRIBLY RIGHT
|-damage|p1a: HORRIBLY RIGHT|66/100
|-enditem|p1a: HORRIBLY RIGHT|Expert Belt|[from] move: Knock Off|[of] p2a: Clefable
|
|upkeep
|turn|2
|
|t:|1665095054
|move|p1a: HORRIBLY RIGHT|Icicle Crash|p2a: Clefable
|-crit|p2a: Clefable
|-damage|p2a: Clefable|35/100
|move|p2a: Clefable|Stealth Rock|p1a: HORRIBLY RIGHT
|-sidestart|p1: ninjamage13|move: Stealth Rock
|
|upkeep
|turn|3
|
|t:|1665095088
|switch|p2a: Rotom|Rotom-Wash|100/100
|move|p1a: HORRIBLY RIGHT|Knock Off|p2a: Rotom
|-damage|p2a: Rotom|63/100
|-enditem|p2a: Rotom|Leftovers|[from] move: Knock Off|[of] p1a: HORRIBLY RIGHT
|
|upkeep
|turn|4
|
|t:|1665095097
|switch|p1a: SPINE CURVES|Ferrothorn, M|100/100
|-damage|p1a: SPINE CURVES|95/100|[from] Stealth Rock
|move|p2a: Rotom|Volt Switch|p1a: SPINE CURVES
|-resisted|p1a: SPINE CURVES
|-damage|p1a: SPINE CURVES|85/100
|j| Shyve
|
|t:|1665095101
|switch|p2a: Dragapult|Dragapult, F|100/100|[from]move: Volt Switch
|
|-heal|p1a: SPINE CURVES|91/100|[from] item: Leftovers
|upkeep
|turn|5
|
|t:|1665095105
|switch|p1a: SEA CHANGE|Primarina, F|100/100
|-damage|p1a: SEA CHANGE|88/100|[from] Stealth Rock
|move|p2a: Dragapult|Shadow Ball|p1a: SEA CHANGE
|-damage|p1a: SEA CHANGE|44/100
|
|-heal|p1a: SEA CHANGE|50/100|[from] item: Leftovers
|upkeep
|turn|6
|
|t:|1665095110
|switch|p2a: Ferrothorn|Ferrothorn, F|100/100
|move|p1a: SEA CHANGE|Scald|p2a: Ferrothorn
|-resisted|p2a: Ferrothorn
|-damage|p2a: Ferrothorn|85/100
|-status|p2a: Ferrothorn|brn
|
|-heal|p1a: SEA CHANGE|56/100|[from] item: Leftovers
|-heal|p2a: Ferrothorn|92/100 brn|[from] item: Leftovers
|-damage|p2a: Ferrothorn|85/100 brn|[from] brn
|upkeep
|turn|7
|
|t:|1665095114
|switch|p1a: SPINE CURVES|Ferrothorn, M|91/100
|-damage|p1a: SPINE CURVES|85/100|[from] Stealth Rock
|move|p2a: Ferrothorn|Spikes|p1a: SPINE CURVES
|-sidestart|p1: ninjamage13|Spikes
|
|-heal|p2a: Ferrothorn|92/100 brn|[from] item: Leftovers
|-heal|p1a: SPINE CURVES|91/100|[from] item: Leftovers
|-damage|p2a: Ferrothorn|85/100 brn|[from] brn
|upkeep
|turn|8
|
|t:|1665095117
|move|p2a: Ferrothorn|Spikes|p1a: SPINE CURVES
|-sidestart|p1: ninjamage13|Spikes
|move|p1a: SPINE CURVES|Stealth Rock|p2a: Ferrothorn
|-sidestart|p2: MurderousMantyke|move: Stealth Rock
|
|-heal|p2a: Ferrothorn|92/100 brn|[from] item: Leftovers
|-heal|p1a: SPINE CURVES|97/100|[from] item: Leftovers
|-damage|p2a: Ferrothorn|85/100 brn|[from] brn
|upkeep
|turn|9
|
|t:|1665095119
|switch|p1a: CAPALA|Zapdos|100/100
|move|p2a: Ferrothorn|Spikes|p1a: CAPALA
|-sidestart|p1: ninjamage13|Spikes
|
|-heal|p2a: Ferrothorn|92/100 brn|[from] item: Leftovers
|-damage|p2a: Ferrothorn|85/100 brn|[from] brn
|upkeep
|turn|10
|
|t:|1665095122
|switch|p2a: Tyranitar|Tyranitar, F|100/100
|-damage|p2a: Tyranitar|88/100|[from] Stealth Rock
|-weather|Sandstorm|[from] ability: Sand Stream|[of] p2a: Tyranitar
|move|p1a: CAPALA|Defog|p2a: Tyranitar
|-unboost|p2a: Tyranitar|evasion|1
|-sideend|p2: MurderousMantyke|Stealth Rock|[from] move: Defog|[of] p1a: CAPALA
|-sideend|p1: ninjamage13|Spikes|[from] move: Defog|[of] p1a: CAPALA
|-sideend|p1: ninjamage13|Stealth Rock|[from] move: Defog|[of] p1a: CAPALA
|
|-weather|Sandstorm|[upkeep]
|-damage|p1a: CAPALA|94/100|[from] Sandstorm
|upkeep
|turn|11
|j| pelotonian
|
|t:|1665095133
|move|p1a: CAPALA|Volt Switch|p2a: Tyranitar
|-damage|p2a: Tyranitar|69/100
|
|t:|1665095137
|switch|p1a: SPINE CURVES|Ferrothorn, M|97/100|[from]move: Volt Switch
|move|p2a: Tyranitar|Superpower|p1a: SPINE CURVES
|-supereffective|p1a: SPINE CURVES
|-damage|p1a: SPINE CURVES|16/100
|-unboost|p2a: Tyranitar|atk|1
|-unboost|p2a: Tyranitar|def|1
|-damage|p2a: Tyranitar|56/100|[from] ability: Iron Barbs|[of] p1a: SPINE CURVES
|
|-weather|Sandstorm|[upkeep]
|-heal|p1a: SPINE CURVES|22/100|[from] item: Leftovers
|upkeep
|turn|12
|j| abGodc
|j| KappaHalo
|l| abGodc
|
|t:|1665095146
|move|p2a: Tyranitar|Superpower|p1a: SPINE CURVES
|-supereffective|p1a: SPINE CURVES
|-damage|p1a: SPINE CURVES|0 fnt
|-unboost|p2a: Tyranitar|atk|1
|-unboost|p2a: Tyranitar|def|1
|-damage|p2a: Tyranitar|44/100|[from] ability: Iron Barbs|[of] p1a: SPINE CURVES
|faint|p1a: SPINE CURVES
|
|-weather|Sandstorm|[upkeep]
|upkeep
|
|t:|1665095164
|switch|p1a: HOT THOUGHTS|Victini|100/100
|turn|13
|
|t:|1665095168
|switch|p2a: Ferrothorn|Ferrothorn, F|85/100 brn
|move|p1a: HOT THOUGHTS|U-turn|p2a: Ferrothorn
|-damage|p2a: Ferrothorn|74/100 brn
|-damage|p1a: HOT THOUGHTS|88/100|[from] ability: Iron Barbs|[of] p2a: Ferrothorn
|
|t:|1665095178
|switch|p1a: CAPALA|Zapdos|94/100|[from]move: U-turn
|
|-weather|Sandstorm|[upkeep]
|-damage|p1a: CAPALA|88/100|[from] Sandstorm
|-heal|p2a: Ferrothorn|80/100 brn|[from] item: Leftovers
|-damage|p2a: Ferrothorn|74/100 brn|[from] brn
|upkeep
|turn|14
|
|t:|1665095195
|move|p1a: CAPALA|Hurricane|p2a: Ferrothorn|[miss]
|-miss|p1a: CAPALA|p2a: Ferrothorn
|move|p2a: Ferrothorn|Leech Seed|p1a: CAPALA
|-start|p1a: CAPALA|move: Leech Seed
|
|-weather|none
|-heal|p2a: Ferrothorn|80/100 brn|[from] item: Leftovers
|-damage|p1a: CAPALA|76/100|[from] Leech Seed|[of] p2a: Ferrothorn
|-heal|p2a: Ferrothorn|93/100 brn|[silent]
|-damage|p2a: Ferrothorn|87/100 brn|[from] brn
|upkeep
|turn|15
|
|t:|1665095208
|switch|p1a: HOT THOUGHTS|Victini|88/100
|move|p2a: Ferrothorn|Spikes|p1a: HOT THOUGHTS
|-sidestart|p1: ninjamage13|Spikes
|
|-heal|p2a: Ferrothorn|93/100 brn|[from] item: Leftovers
|-damage|p2a: Ferrothorn|87/100 brn|[from] brn
|upkeep
|turn|16
|
|t:|1665095214
|move|p1a: HOT THOUGHTS|V-create|p2a: Ferrothorn
|-supereffective|p2a: Ferrothorn
|-damage|p2a: Ferrothorn|0 fnt
|-unboost|p1a: HOT THOUGHTS|spe|1
|-unboost|p1a: HOT THOUGHTS|def|1
|-unboost|p1a: HOT THOUGHTS|spd|1
|-damage|p1a: HOT THOUGHTS|76/100|[from] ability: Iron Barbs|[of] p2a: Ferrothorn
|faint|p2a: Ferrothorn
|
|upkeep
|
|t:|1665095219
|switch|p2a: Dragapult|Dragapult, F|100/100
|turn|17
|
|t:|1665095232
|move|p2a: Dragapult|Shadow Ball|p1a: HOT THOUGHTS
|-supereffective|p1a: HOT THOUGHTS
|-damage|p1a: HOT THOUGHTS|0 fnt
|faint|p1a: HOT THOUGHTS
|
|upkeep
|
|t:|1665095235
|switch|p1a: HORRIBLY RIGHT|Mamoswine, M|66/100
|-damage|p1a: HORRIBLY RIGHT|53/100|[from] Spikes
|turn|18
|
|t:|1665095241
|move|p1a: HORRIBLY RIGHT|Ice Shard|p2a: Dragapult
|-supereffective|p2a: Dragapult
|-damage|p2a: Dragapult|46/100
|move|p2a: Dragapult|Shadow Ball|p1a: HORRIBLY RIGHT
|-damage|p1a: HORRIBLY RIGHT|0 fnt
|faint|p1a: HORRIBLY RIGHT
|
|upkeep
|
|t:|1665095247
|switch|p1a: TESSELATE|Latios, M|100/100
|turn|19
|
|t:|1665095260
|switch|p2a: Clefable|Clefable, M|35/100
|move|p1a: TESSELATE|Psychic|p2a: Clefable
|-damage|p2a: Clefable|0 fnt
|faint|p2a: Clefable
|
|upkeep
|
|t:|1665095289
|switch|p2a: Tyranitar|Tyranitar, F|44/100
|-weather|Sandstorm|[from] ability: Sand Stream|[of] p2a: Tyranitar
|turn|20
|
|t:|1665095294
|switch|p1a: CAPALA|Zapdos|76/100
|move|p2a: Tyranitar|Stone Edge|p1a: CAPALA
|-supereffective|p1a: CAPALA
|-damage|p1a: CAPALA|0 fnt
|faint|p1a: CAPALA
|
|-weather|Sandstorm|[upkeep]
|upkeep
|l| Shyve
|
|t:|1665095308
|switch|p1a: SEA CHANGE|Primarina, F|56/100
|-damage|p1a: SEA CHANGE|44/100|[from] Spikes
|turn|21
|
|t:|1665095313
|move|p1a: SEA CHANGE|Moonblast|p2a: Tyranitar
|-supereffective|p2a: Tyranitar
|-damage|p2a: Tyranitar|0 fnt
|faint|p2a: Tyranitar
|
|-weather|Sandstorm|[upkeep]
|-damage|p1a: SEA CHANGE|38/100|[from] Sandstorm
|-heal|p1a: SEA CHANGE|44/100|[from] item: Leftovers
|upkeep
|
|t:|1665095318
|switch|p2a: Rotom|Rotom-Wash|63/100
|turn|22
|
|t:|1665095323
|move|p2a: Rotom|Volt Switch|p1a: SEA CHANGE
|-supereffective|p1a: SEA CHANGE
|-damage|p1a: SEA CHANGE|12/100
|
|t:|1665095327
|switch|p2a: Excadrill|Excadrill, M|100/100|[from]move: Volt Switch
|move|p1a: SEA CHANGE|Scald|p2a: Excadrill
|-supereffective|p2a: Excadrill
|-damage|p2a: Excadrill|0 fnt
|faint|p2a: Excadrill
|
|-weather|Sandstorm|[upkeep]
|-damage|p1a: SEA CHANGE|6/100|[from] Sandstorm
|-heal|p1a: SEA CHANGE|12/100|[from] item: Leftovers
|upkeep
|
|t:|1665095333
|switch|p2a: Dragapult|Dragapult, F|46/100
|turn|23
|
|t:|1665095336
|move|p2a: Dragapult|Shadow Ball|p1a: SEA CHANGE
|-damage|p1a: SEA CHANGE|0 fnt
|faint|p1a: SEA CHANGE
|
|-weather|Sandstorm|[upkeep]
|-damage|p2a: Dragapult|40/100|[from] Sandstorm
|upkeep
|
|t:|1665095338
|switch|p1a: TESSELATE|Latios, M|100/100
|turn|24
|
|t:|1665095340
|move|p1a: TESSELATE|Psychic|p2a: Dragapult
|-damage|p2a: Dragapult|0 fnt
|faint|p2a: Dragapult
|
|-weather|none
|upkeep
|c|☆MurderousMantyke|ah gg
|
|t:|1665095345
|switch|p2a: Rotom|Rotom-Wash|63/100
|turn|25
|
|t:|1665095349
|move|p1a: TESSELATE|Psychic|p2a: Rotom
|-damage|p2a: Rotom|13/100
|move|p2a: Rotom|Toxic|p1a: TESSELATE
|-status|p1a: TESSELATE|tox
|
|-damage|p1a: TESSELATE|95/100 tox|[from] psn
|upkeep
|turn|26
|c|☆ninjamage13|gg
|
|t:|1665095354
|move|p1a: TESSELATE|Psychic|p2a: Rotom
|-damage|p2a: Rotom|0 fnt
|faint|p2a: Rotom
|
|win|ninjamage13
|raw|ninjamage13's rating: 1743 &rarr; <strong>1762</strong><br />(+19 for winning)
|raw|MurderousMantyke's rating: 1718 &rarr; <strong>1699</strong><br />(-19 for losing)
|l|☆MurderousMantyke
