|j|☆jawabarat
|j|☆aomine61
|inactive|Battle timer is ON: inactive players will automatically lose when time's up.
|t:|1660919077
|gametype|singles
|player|p1|jawabarat|artist-gen4|
|player|p2|aomine61|n|
|teamsize|p1|6
|teamsize|p2|6
|gen|8
|tier|[Gen 8] OU
|rated|Tournament battle
|rule|Sleep Clause Mod: Limit one foe put to sleep
|rule|Species Clause: Limit one of each Pokémon
|rule|OHKO Clause: OHKO moves are banned
|rule|Evasion Items Clause: Evasion items are banned
|rule|Evasion Moves Clause: Evasion moves are banned
|rule|Endless Battle Clause: Forcing endless battles is banned
|rule|HP Percentage Mod: HP is shown in percentages
|rule|Dynamax Clause: You cannot dynamax
|clearpoke
|poke|p1|Landorus-Therian, M|
|poke|p1|Toxapex, M|
|poke|p1|Blacephalon|
|poke|p1|Corviknight, M|
|poke|p1|Clefable, M|
|poke|p1|Kartana|
|poke|p2|Dracozolt|
|poke|p2|Tyranitar, F|
|poke|p2|Excadrill, M|
|poke|p2|Corviknight, F|
|poke|p2|Heatran, M|
|poke|p2|Latios, M|
|teampreview
|c|☆jawabarat|hf
|j|%Sww-Suwa
|
|t:|1660919105
|start
|switch|p1a: MATRON CRONE|Corviknight, M|100/100
|switch|p2a: Latios|Latios, M, shiny|100/100
|-ability|p1a: MATRON CRONE|Pressure
|turn|1
|j| blooclipse
|j| st8b
|
|t:|1660919117
|move|p2a: Latios|Trick|p1a: MATRON CRONE
|-activate|p2a: Latios|move: Trick|[of] p1a: MATRON CRONE
|-item|p1a: MATRON CRONE|Choice Specs|[from] move: Trick
|-item|p2a: Latios|Rocky Helmet|[from] move: Trick
|move|p1a: MATRON CRONE|U-turn|p2a: Latios
|-supereffective|p2a: Latios
|-damage|p2a: Latios|65/100
|-damage|p1a: MATRON CRONE|84/100|[from] item: Rocky Helmet|[of] p2a: Latios
|
|t:|1660919129
|switch|p1a: EMPEROR KELLANVED|Kartana|100/100|[from]move: U-turn
|
|upkeep
|turn|2
|
|t:|1660919133
|switch|p2a: Corviknight|Corviknight, F, shiny|100/100
|-ability|p2a: Corviknight|Pressure
|move|p1a: EMPEROR KELLANVED|Knock Off|p2a: Corviknight
|-damage|p2a: Corviknight|76/100
|-enditem|p2a: Corviknight|Leftovers|[from] move: Knock Off|[of] p1a: EMPEROR KELLANVED
|
|upkeep
|turn|3
|
|t:|1660919143
|switch|p1a: Y'GHATAN|Toxapex, M|100/100
|move|p2a: Corviknight|U-turn|p1a: Y'GHATAN
|-resisted|p1a: Y'GHATAN
|-damage|p1a: Y'GHATAN|95/100
|-enditem|p1a: Y'GHATAN|Eject Button
|inactive|jawabarat has 120 seconds left.
|
|t:|1660919177
|switch|p1a: JAGHUT TYRANT|Landorus-Therian, M|100/100
|-ability|p1a: JAGHUT TYRANT|Intimidate|boost
|-unboost|p2a: Corviknight|atk|1
|
|upkeep
|turn|4
|
|t:|1660919189
|move|p1a: JAGHUT TYRANT|Substitute|p1a: JAGHUT TYRANT
|-start|p1a: JAGHUT TYRANT|Substitute
|-damage|p1a: JAGHUT TYRANT|76/100
|move|p2a: Corviknight|U-turn|p1a: JAGHUT TYRANT
|-resisted|p1a: JAGHUT TYRANT
|-activate|p1a: JAGHUT TYRANT|move: Substitute|[damage]
|
|t:|1660919196
|switch|p2a: Latios|Latios, M, shiny|65/100|[from]move: U-turn
|
|-heal|p1a: JAGHUT TYRANT|82/100|[from] item: Leftovers
|upkeep
|turn|5
|
|t:|1660919211
|move|p2a: Latios|Psyshock|p1a: JAGHUT TYRANT
|-end|p1a: JAGHUT TYRANT|Substitute
|move|p1a: JAGHUT TYRANT|Smack Down|p2a: Latios
|-damage|p2a: Latios|38/100
|-start|p2a: Latios|Smack Down
|
|-heal|p1a: JAGHUT TYRANT|88/100|[from] item: Leftovers
|upkeep
|turn|6
|
|t:|1660919219
|move|p2a: Latios|Draco Meteor|p1a: JAGHUT TYRANT
|-damage|p1a: JAGHUT TYRANT|7/100
|-unboost|p2a: Latios|spa|2
|move|p1a: JAGHUT TYRANT|Earthquake|p2a: Latios
|-damage|p2a: Latios|0 fnt
|faint|p2a: Latios
|
|-heal|p1a: JAGHUT TYRANT|13/100|[from] item: Leftovers
|upkeep
|
|t:|1660919223
|switch|p2a: Corviknight|Corviknight, F, shiny|76/100
|-ability|p2a: Corviknight|Pressure
|turn|7
|
|t:|1660919236
|switch|p1a: TATTERSAIL|Clefable, M|100/100
|move|p2a: Corviknight|Body Press|p1a: TATTERSAIL
|-resisted|p1a: TATTERSAIL
|-damage|p1a: TATTERSAIL|86/100
|
|-heal|p1a: TATTERSAIL|92/100|[from] item: Leftovers
|upkeep
|turn|8
|j| OxidationReduction
|
|t:|1660919244
|switch|p2a: Heatran|Heatran, M|100/100
|move|p1a: TATTERSAIL|Stealth Rock|p2a: Heatran
|-sidestart|p2: aomine61|move: Stealth Rock
|
|-heal|p1a: TATTERSAIL|98/100|[from] item: Leftovers
|upkeep
|turn|9
|j| vehtubi
|
|t:|1660919250
|move|p2a: Heatran|Magma Storm|p1a: TATTERSAIL
|-damage|p1a: TATTERSAIL|69/100
|-activate|p1a: TATTERSAIL|move: Magma Storm|[of] p2a: Heatran
|move|p1a: TATTERSAIL|Thunder Wave|p2a: Heatran
|-status|p2a: Heatran|par
|
|-heal|p1a: TATTERSAIL|75/100|[from] item: Leftovers
|upkeep
|turn|10
|l| OxidationReduction
|
|t:|1660919259
|move|p1a: TATTERSAIL|Soft-Boiled|p1a: TATTERSAIL
|-heal|p1a: TATTERSAIL|100/100
|move|p2a: Heatran|Taunt|p1a: TATTERSAIL
|-start|p1a: TATTERSAIL|move: Taunt
|
|upkeep
|turn|11
|
|t:|1660919263
|move|p1a: TATTERSAIL|Moonblast|p2a: Heatran
|-resisted|p2a: Heatran
|-damage|p2a: Heatran|95/100 par
|move|p2a: Heatran|Earth Power|p1a: TATTERSAIL
|-damage|p1a: TATTERSAIL|85/100
|
|-heal|p1a: TATTERSAIL|91/100|[from] item: Leftovers
|-heal|p2a: Heatran|100/100 par|[from] item: Leftovers
|upkeep
|turn|12
|
|t:|1660919267
|move|p1a: TATTERSAIL|Moonblast|p2a: Heatran
|-resisted|p2a: Heatran
|-damage|p2a: Heatran|96/100 par
|move|p2a: Heatran|Earth Power|p1a: TATTERSAIL
|-damage|p1a: TATTERSAIL|75/100
|
|-heal|p1a: TATTERSAIL|81/100|[from] item: Leftovers
|-heal|p2a: Heatran|100/100 par|[from] item: Leftovers
|upkeep
|turn|13
|
|t:|1660919271
|move|p1a: TATTERSAIL|Moonblast|p2a: Heatran
|-resisted|p2a: Heatran
|-damage|p2a: Heatran|96/100 par
|move|p2a: Heatran|Earth Power|p1a: TATTERSAIL
|-crit|p1a: TATTERSAIL
|-damage|p1a: TATTERSAIL|53/100
|
|-heal|p1a: TATTERSAIL|59/100|[from] item: Leftovers
|-heal|p2a: Heatran|100/100 par|[from] item: Leftovers
|-end|p1a: TATTERSAIL|move: Taunt
|upkeep
|turn|14
|
|t:|1660919277
|switch|p2a: Excadrill|Excadrill, M|100/100
|-damage|p2a: Excadrill|97/100|[from] Stealth Rock
|move|p1a: TATTERSAIL|Soft-Boiled|p1a: TATTERSAIL
|-heal|p1a: TATTERSAIL|100/100
|
|-heal|p2a: Excadrill|100/100|[from] item: Leftovers
|-end|p1a: TATTERSAIL|Magma Storm|[partiallytrapped]
|upkeep
|turn|15
|l|%Sww-Suwa
|l| blooclipse
|
|t:|1660919285
|switch|p1a: MATRON CRONE|Corviknight, M|84/100
|-ability|p1a: MATRON CRONE|Pressure
|move|p2a: Excadrill|Rapid Spin|p1a: MATRON CRONE
|-resisted|p1a: MATRON CRONE
|-damage|p1a: MATRON CRONE|78/100
|-boost|p2a: Excadrill|spe|1
|-sideend|p2: aomine61|Stealth Rock|[from] move: Rapid Spin|[of] p2a: Excadrill
|
|upkeep
|turn|16
|
|t:|1660919295
|switch|p2a: Heatran|Heatran, M|100/100 par
|move|p1a: MATRON CRONE|U-turn|p2a: Heatran
|-resisted|p2a: Heatran
|-damage|p2a: Heatran|97/100 par
|
|t:|1660919301
|switch|p1a: JAGHUT TYRANT|Landorus-Therian, M|13/100|[from]move: U-turn
|-ability|p1a: JAGHUT TYRANT|Intimidate|boost
|-unboost|p2a: Heatran|atk|1
|
|-heal|p1a: JAGHUT TYRANT|19/100|[from] item: Leftovers
|-heal|p2a: Heatran|100/100 par|[from] item: Leftovers
|upkeep
|turn|17
|
|t:|1660919308
|switch|p2a: Corviknight|Corviknight, F, shiny|76/100
|-ability|p2a: Corviknight|Pressure
|move|p1a: JAGHUT TYRANT|Earthquake|p2a: Corviknight
|-immune|p2a: Corviknight
|
|-heal|p1a: JAGHUT TYRANT|25/100|[from] item: Leftovers
|upkeep
|turn|18
|
|t:|1660919327
|switch|p1a: MATRON CRONE|Corviknight, M|78/100
|-ability|p1a: MATRON CRONE|Pressure
|move|p2a: Corviknight|U-turn|p1a: MATRON CRONE
|-resisted|p1a: MATRON CRONE
|-damage|p1a: MATRON CRONE|75/100
|
|t:|1660919335
|switch|p2a: Dracozolt|Dracozolt, shiny|100/100|[from]move: U-turn
|
|upkeep
|turn|19
|
|t:|1660919343
|move|p2a: Dracozolt|Fire Blast|p1a: MATRON CRONE|[miss]
|-miss|p2a: Dracozolt|p1a: MATRON CRONE
|move|p1a: MATRON CRONE|Body Press|p2a: Dracozolt
|-damage|p2a: Dracozolt|70/100
|
|upkeep
|turn|20
|j|%Sww-Suwa
|
|t:|1660919351
|move|p2a: Dracozolt|Bolt Beak|p1a: MATRON CRONE
|-supereffective|p1a: MATRON CRONE
|-damage|p1a: MATRON CRONE|0 fnt
|faint|p1a: MATRON CRONE
|-damage|p2a: Dracozolt|60/100|[from] item: Life Orb
|
|upkeep
|
|t:|1660919359
|switch|p1a: HOOD'S GATE|Blacephalon|100/100
|turn|21
|
|t:|1660919363
|switch|p2a: Tyranitar|Tyranitar, F, shiny|100/100
|-weather|Sandstorm|[from] ability: Sand Stream|[of] p2a: Tyranitar
|move|p1a: HOOD'S GATE|Trick|p2a: Tyranitar
|-activate|p1a: HOOD'S GATE|move: Trick|[of] p2a: Tyranitar
|-item|p2a: Tyranitar|Choice Specs|[from] move: Trick
|-item|p1a: HOOD'S GATE|Smooth Rock|[from] move: Trick
|
|-weather|Sandstorm|[upkeep]
|-damage|p1a: HOOD'S GATE|94/100|[from] Sandstorm
|upkeep
|turn|22
|
|t:|1660919373
|switch|p1a: Y'GHATAN|Toxapex, M|100/100
|move|p2a: Tyranitar|Stealth Rock|p1a: Y'GHATAN
|-sidestart|p1: jawabarat|move: Stealth Rock
|
|-weather|Sandstorm|[upkeep]
|-damage|p1a: Y'GHATAN|95/100|[from] Sandstorm
|upkeep
|turn|23
|
|t:|1660919380
|switch|p2a: Heatran|Heatran, M|100/100 par
|move|p1a: Y'GHATAN|Scald|p2a: Heatran
|-supereffective|p2a: Heatran
|-damage|p2a: Heatran|81/100 par
|
|-weather|Sandstorm|[upkeep]
|-damage|p1a: Y'GHATAN|89/100|[from] Sandstorm
|-heal|p2a: Heatran|88/100 par|[from] item: Leftovers
|upkeep
|turn|24
|
|t:|1660919387
|switch|p1a: TATTERSAIL|Clefable, M|100/100
|cant|p2a: Heatran|par
|
|-weather|Sandstorm|[upkeep]
|-heal|p2a: Heatran|94/100 par|[from] item: Leftovers
|upkeep
|turn|25
|
|t:|1660919393
|switch|p2a: Excadrill|Excadrill, M|100/100
|move|p1a: TATTERSAIL|Stealth Rock|p2a: Excadrill
|-sidestart|p2: aomine61|move: Stealth Rock
|
|-weather|Sandstorm|[upkeep]
|upkeep
|turn|26
|
|t:|1660919402
|switch|p1a: EMPEROR KELLANVED|Kartana|100/100
|-damage|p1a: EMPEROR KELLANVED|94/100|[from] Stealth Rock
|move|p2a: Excadrill|Swords Dance|p2a: Excadrill
|-boost|p2a: Excadrill|atk|2
|
|-weather|Sandstorm|[upkeep]
|upkeep
|turn|27
|j| OxidationReduction
|
|t:|1660919411
|switch|p1a: JAGHUT TYRANT|Landorus-Therian, M|25/100
|-damage|p1a: JAGHUT TYRANT|13/100|[from] Stealth Rock
|-ability|p1a: JAGHUT TYRANT|Intimidate|boost
|-unboost|p2a: Excadrill|atk|1
|move|p2a: Excadrill|Earthquake|p1a: JAGHUT TYRANT
|-immune|p1a: JAGHUT TYRANT
|
|-weather|Sandstorm|[upkeep]
|-heal|p1a: JAGHUT TYRANT|19/100|[from] item: Leftovers
|upkeep
|turn|28
|inactive|aomine61 has 120 seconds left.
|
|t:|1660919446
|switch|p1a: EMPEROR KELLANVED|Kartana|94/100
|-damage|p1a: EMPEROR KELLANVED|88/100|[from] Stealth Rock
|move|p2a: Excadrill|Rapid Spin|p1a: EMPEROR KELLANVED
|-resisted|p1a: EMPEROR KELLANVED
|-damage|p1a: EMPEROR KELLANVED|73/100
|-boost|p2a: Excadrill|spe|1
|-sideend|p2: aomine61|Stealth Rock|[from] move: Rapid Spin|[of] p2a: Excadrill
|
|-weather|none
|upkeep
|turn|29
|
|t:|1660919455
|switch|p2a: Corviknight|Corviknight, F, shiny|76/100
|-ability|p2a: Corviknight|Pressure
|move|p1a: EMPEROR KELLANVED|Sacred Sword|p2a: Corviknight
|-damage|p2a: Corviknight|53/100
|
|upkeep
|turn|30
|
|t:|1660919472
|switch|p1a: Y'GHATAN|Toxapex, M|100/100
|-damage|p1a: Y'GHATAN|88/100|[from] Stealth Rock
|move|p2a: Corviknight|Roost|p2a: Corviknight
|-heal|p2a: Corviknight|100/100
|-singleturn|p2a: Corviknight|move: Roost
|
|upkeep
|turn|31
|
|t:|1660919475
|move|p2a: Corviknight|U-turn|p1a: Y'GHATAN
|-resisted|p1a: Y'GHATAN
|-damage|p1a: Y'GHATAN|83/100
|
|t:|1660919477
|switch|p2a: Heatran|Heatran, M|94/100 par|[from]move: U-turn
|move|p1a: Y'GHATAN|Knock Off|p2a: Heatran
|-damage|p2a: Heatran|80/100 par
|-enditem|p2a: Heatran|Leftovers|[from] move: Knock Off|[of] p1a: Y'GHATAN
|
|upkeep
|turn|32
|
|t:|1660919485
|move|p2a: Heatran|Magma Storm|p1a: Y'GHATAN
|-resisted|p1a: Y'GHATAN
|-damage|p1a: Y'GHATAN|69/100
|-activate|p1a: Y'GHATAN|move: Magma Storm|[of] p2a: Heatran
|move|p1a: Y'GHATAN|Scald|p2a: Heatran
|-supereffective|p2a: Heatran
|-damage|p2a: Heatran|58/100 par
|
|-damage|p1a: Y'GHATAN|57/100|[from] move: Magma Storm|[partiallytrapped]
|upkeep
|turn|33
|
|t:|1660919489
|move|p2a: Heatran|Protect|p2a: Heatran
|-singleturn|p2a: Heatran|Protect
|move|p1a: Y'GHATAN|Scald|p2a: Heatran
|-activate|p2a: Heatran|move: Protect
|
|-damage|p1a: Y'GHATAN|45/100|[from] move: Magma Storm|[partiallytrapped]
|upkeep
|turn|34
|
|t:|1660919492
|move|p2a: Heatran|Earth Power|p1a: Y'GHATAN
|-supereffective|p1a: Y'GHATAN
|-damage|p1a: Y'GHATAN|10/100
|move|p1a: Y'GHATAN|Scald|p2a: Heatran
|-supereffective|p2a: Heatran
|-damage|p2a: Heatran|36/100 par
|
|-damage|p1a: Y'GHATAN|0 fnt|[from] move: Magma Storm|[partiallytrapped]
|faint|p1a: Y'GHATAN
|upkeep
|n| st8b|st8b
|
|t:|1660919496
|switch|p1a: JAGHUT TYRANT|Landorus-Therian, M|19/100
|-damage|p1a: JAGHUT TYRANT|7/100|[from] Stealth Rock
|-ability|p1a: JAGHUT TYRANT|Intimidate|boost
|-unboost|p2a: Heatran|atk|1
|turn|35
|
|t:|1660919500
|move|p1a: JAGHUT TYRANT|Smack Down|p2a: Heatran
|-damage|p2a: Heatran|19/100 par
|cant|p2a: Heatran|par
|
|-heal|p1a: JAGHUT TYRANT|13/100|[from] item: Leftovers
|upkeep
|turn|36
|j| masc4ro
|
|t:|1660919505
|move|p1a: JAGHUT TYRANT|Earthquake|p2a: Heatran
|-supereffective|p2a: Heatran
|-damage|p2a: Heatran|0 fnt
|faint|p2a: Heatran
|
|-heal|p1a: JAGHUT TYRANT|19/100|[from] item: Leftovers
|upkeep
|j| freakshowww
|
|t:|1660919513
|switch|p2a: Tyranitar|Tyranitar, F, shiny|100/100
|-weather|Sandstorm|[from] ability: Sand Stream|[of] p2a: Tyranitar
|turn|37
|
|t:|1660919517
|move|p1a: JAGHUT TYRANT|Earthquake|p2a: Tyranitar
|-supereffective|p2a: Tyranitar
|-damage|p2a: Tyranitar|9/100
|move|p2a: Tyranitar|Ice Beam|p1a: JAGHUT TYRANT
|-supereffective|p1a: JAGHUT TYRANT
|-damage|p1a: JAGHUT TYRANT|0 fnt
|faint|p1a: JAGHUT TYRANT
|
|-weather|Sandstorm|[upkeep]
|upkeep
|
|t:|1660919529
|switch|p1a: EMPEROR KELLANVED|Kartana|73/100
|-damage|p1a: EMPEROR KELLANVED|67/100|[from] Stealth Rock
|turn|38
|
|t:|1660919533
|switch|p1a: HOOD'S GATE|Blacephalon|94/100
|-damage|p1a: HOOD'S GATE|70/100|[from] Stealth Rock
|switch|p2a: Corviknight|Corviknight, F, shiny|100/100
|-ability|p2a: Corviknight|Pressure
|
|-weather|Sandstorm|[upkeep]
|-damage|p1a: HOOD'S GATE|64/100|[from] Sandstorm
|upkeep
|turn|39
|
|t:|1660919541
|move|p1a: HOOD'S GATE|Flamethrower|p2a: Corviknight
|-supereffective|p2a: Corviknight
|-damage|p2a: Corviknight|0 fnt
|faint|p2a: Corviknight
|-ability|p1a: HOOD'S GATE|Beast Boost|boost
|-boost|p1a: HOOD'S GATE|spa|1
|
|-weather|Sandstorm|[upkeep]
|-damage|p1a: HOOD'S GATE|58/100|[from] Sandstorm
|upkeep
|
|t:|1660919543
|switch|p2a: Dracozolt|Dracozolt, shiny|60/100
|turn|40
|l| vehtubi
|
|t:|1660919559
|switch|p1a: TATTERSAIL|Clefable, M|100/100
|move|p2a: Dracozolt|Bolt Beak|p1a: TATTERSAIL
|-damage|p1a: TATTERSAIL|0 fnt
|faint|p1a: TATTERSAIL
|-damage|p2a: Dracozolt|50/100|[from] item: Life Orb
|
|-weather|Sandstorm|[upkeep]
|upkeep
|
|t:|1660919574
|switch|p1a: HOOD'S GATE|Blacephalon|58/100
|-damage|p1a: HOOD'S GATE|33/100|[from] Stealth Rock
|turn|41
|n| st8b|st8b
|
|t:|1660919577
|move|p2a: Dracozolt|Bolt Beak|p1a: HOOD'S GATE
|-damage|p1a: HOOD'S GATE|0 fnt
|faint|p1a: HOOD'S GATE
|-damage|p2a: Dracozolt|40/100|[from] item: Life Orb
|
|-weather|none
|upkeep
|
|t:|1660919579
|switch|p1a: EMPEROR KELLANVED|Kartana|67/100
|-damage|p1a: EMPEROR KELLANVED|61/100|[from] Stealth Rock
|turn|42
|
|t:|1660919588
|switch|p2a: Tyranitar|Tyranitar, F, shiny|9/100
|-weather|Sandstorm|[from] ability: Sand Stream|[of] p2a: Tyranitar
|move|p1a: EMPEROR KELLANVED|Knock Off|p2a: Tyranitar
|-resisted|p2a: Tyranitar
|-damage|p2a: Tyranitar|0 fnt
|-enditem|p2a: Tyranitar|Choice Specs|[from] move: Knock Off|[of] p1a: EMPEROR KELLANVED
|faint|p2a: Tyranitar
|-ability|p1a: EMPEROR KELLANVED|Beast Boost|boost
|-boost|p1a: EMPEROR KELLANVED|atk|1
|
|-weather|Sandstorm|[upkeep]
|upkeep
|l| st8b
|
|t:|1660919602
|switch|p2a: Excadrill|Excadrill, M|100/100
|turn|43
|c|☆aomine61|gg
|
|t:|1660919605
|move|p2a: Excadrill|Earthquake|p1a: EMPEROR KELLANVED
|-damage|p1a: EMPEROR KELLANVED|1/100
|move|p1a: EMPEROR KELLANVED|Knock Off|p2a: Excadrill
|-damage|p2a: Excadrill|2/100
|-enditem|p2a: Excadrill|Leftovers|[from] move: Knock Off|[of] p1a: EMPEROR KELLANVED
|
|-weather|Sandstorm|[upkeep]
|upkeep
|turn|44
|c|☆jawabarat|gg
|c|☆jawabarat|ah that lives
|c|☆aomine61|lol
|c|☆jawabarat|balls
|
|t:|1660919616
|move|p2a: Excadrill|Rapid Spin|p1a: EMPEROR KELLANVED
|-resisted|p1a: EMPEROR KELLANVED
|-damage|p1a: EMPEROR KELLANVED|0 fnt
|-boost|p2a: Excadrill|spe|1
|faint|p1a: EMPEROR KELLANVED
|
|win|aomine61
|n|☆jawabarat|jawabarat
|n|☆aomine61|aomine61
|n| Sww-Suwa|swwsuwa
|n| OxidationReduction|oxidationreduction
|n| masc4ro|masc4ro
|n| freakshowww|freakshowww
