|j|☆ferromolybdenum
|j|☆JorgeGarciaVGC
|player|p1|ferromolybdenum|lucas|1475
|player|p2|JorgeGarciaVGC|260|1516
|teamsize|p1|6
|teamsize|p2|6
|gametype|singles
|gen|8
|tier|[Gen 8] OU
|rated|
|clearpoke
|poke|p1|Hydreigon, F|
|poke|p1|Gengar, M|
|poke|p1|Clefable, F|
|poke|p1|Corviknight, M|
|poke|p1|Zeraora|
|poke|p1|Seismitoad, F|
|poke|p2|Bisharp, M|
|poke|p2|Dragapult, M|
|poke|p2|Clefable, M|
|poke|p2|Terrakion|
|poke|p2|Conkeldurr, F|
|poke|p2|Rotom-Heat|
|rule|Sleep Clause Mod: Limit one foe put to sleep
|rule|Species Clause: Limit one of each Pokémon
|rule|OHKO Clause: OHKO moves are banned
|rule|Evasion Moves Clause: Evasion moves are banned
|rule|Endless Battle Clause: Forcing endless battles is banned
|rule|HP Percentage Mod: HP is shown in percentages
|rule|Dynamax Clause: You cannot dynamax
|teampreview
|
|start
|switch|p1a: Zeraora|Zeraora|100/100
|switch|p2a: Terrakion|Terrakion|100/100
|turn|1
|inactive|Battle timer is ON: inactive players will automatically lose when time's up. (requested by JorgeGarciaVGC)
|
|switch|p1a: Corviknight|Corviknight, M|100/100
|-ability|p1a: Corviknight|Pressure
|move|p2a: Terrakion|Close Combat|p1a: Corviknight
|-damage|p1a: Corviknight|64/100
|-unboost|p2a: Terrakion|def|1
|-unboost|p2a: Terrakion|spd|1
|
|-heal|p1a: Corviknight|71/100|[from] item: Leftovers
|upkeep
|turn|2
|
|switch|p2a: Rotom|Rotom-Heat|100/100
|move|p1a: Corviknight|Brave Bird|p2a: Rotom
|-resisted|p2a: Rotom
|-damage|p2a: Rotom|74/100
|-damage|p1a: Corviknight|65/100|[from] Recoil
|
|-heal|p1a: Corviknight|72/100|[from] item: Leftovers
|upkeep
|turn|3
|
|switch|p1a: Seismitoad|Seismitoad, F|100/100
|move|p2a: Rotom|Trick|p1a: Seismitoad
|-activate|p2a: Rotom|move: Trick|[of] p1a: Seismitoad
|-item|p1a: Seismitoad|Ring Target|[from] move: Trick
|-item|p2a: Rotom|Leftovers|[from] move: Trick
|
|-heal|p2a: Rotom|81/100|[from] item: Leftovers
|upkeep
|turn|4
|
|move|p2a: Rotom|Volt Switch|p1a: Seismitoad
|-supereffective|p1a: Seismitoad
|-damage|p1a: Seismitoad|38/100
|
|switch|p2a: Conkeldurr|Conkeldurr, F|100/100|[from]move: Volt Switch
|move|p1a: Seismitoad|Stealth Rock|p2a: Conkeldurr
|-sidestart|p2: JorgeGarciaVGC|move: Stealth Rock
|
|-status|p2a: Conkeldurr|brn|[from] item: Flame Orb
|upkeep
|turn|5
|
|move|p1a: Seismitoad|Scald|p2a: Conkeldurr
|-damage|p2a: Conkeldurr|69/100 brn
|move|p2a: Conkeldurr|Knock Off|p1a: Seismitoad
|-damage|p1a: Seismitoad|0 fnt
|-enditem|p1a: Seismitoad|Ring Target|[from] move: Knock Off|[of] p2a: Conkeldurr
|faint|p1a: Seismitoad
|
|-damage|p2a: Conkeldurr|63/100 brn|[from] brn
|upkeep
|
|switch|p1a: Clefable|Clefable, F|100/100
|turn|6
|
|move|p2a: Conkeldurr|Earthquake|p1a: Clefable
|-damage|p1a: Clefable|49/100
|move|p1a: Clefable|Moonblast|p2a: Conkeldurr
|-supereffective|p2a: Conkeldurr
|-damage|p2a: Conkeldurr|0 fnt
|faint|p2a: Conkeldurr
|
|-heal|p1a: Clefable|55/100|[from] item: Leftovers
|upkeep
|
|switch|p2a: Bisharp|Bisharp, M|100/100
|-damage|p2a: Bisharp|95/100|[from] Stealth Rock
|turn|7
|
|switch|p1a: Corviknight|Corviknight, M|72/100
|-ability|p1a: Corviknight|Pressure
|move|p2a: Bisharp|Swords Dance|p2a: Bisharp
|-boost|p2a: Bisharp|atk|2
|
|-heal|p1a: Corviknight|78/100|[from] item: Leftovers
|upkeep
|turn|8
|
|move|p2a: Bisharp|Knock Off|p1a: Corviknight
|-damage|p1a: Corviknight|0 fnt
|-enditem|p1a: Corviknight|Leftovers|[from] move: Knock Off|[of] p2a: Bisharp
|faint|p1a: Corviknight
|
|upkeep
|
|switch|p1a: Hydreigon|Hydreigon, F|100/100
|turn|9
|
|switch|p2a: Clefable|Clefable, M|100/100
|move|p1a: Hydreigon|Dark Pulse|p2a: Clefable
|-resisted|p2a: Clefable
|-damage|p2a: Clefable|87/100
|
|upkeep
|turn|10
|
|switch|p1a: Gengar|Gengar, M|100/100
|switch|p2a: Bisharp|Bisharp, M|95/100
|-damage|p2a: Bisharp|89/100|[from] Stealth Rock
|
|upkeep
|turn|11
|
|switch|p1a: Hydreigon|Hydreigon, F|100/100
|move|p2a: Bisharp|Knock Off|p1a: Hydreigon
|-resisted|p1a: Hydreigon
|-damage|p1a: Hydreigon|65/100
|-enditem|p1a: Hydreigon|Leftovers|[from] move: Knock Off|[of] p2a: Bisharp
|
|upkeep
|turn|12
|
|move|p1a: Hydreigon|Dark Pulse|p2a: Bisharp
|-resisted|p2a: Bisharp
|-damage|p2a: Bisharp|62/100
|move|p2a: Bisharp|Iron Head|p1a: Hydreigon
|-damage|p1a: Hydreigon|17/100
|
|upkeep
|turn|13
|
|move|p2a: Bisharp|Sucker Punch|p1a: Hydreigon
|-resisted|p1a: Hydreigon
|-damage|p1a: Hydreigon|0 fnt
|faint|p1a: Hydreigon
|
|upkeep
|
|switch|p1a: Zeraora|Zeraora|100/100
|turn|14
|
|move|p2a: Bisharp|Sucker Punch|p1a: Zeraora
|-damage|p1a: Zeraora|32/100
|move|p1a: Zeraora|Close Combat|p2a: Bisharp
|-supereffective|p2a: Bisharp
|-damage|p2a: Bisharp|0 fnt
|-unboost|p1a: Zeraora|def|1
|-unboost|p1a: Zeraora|spd|1
|-damage|p1a: Zeraora|22/100|[from] item: Life Orb
|faint|p2a: Bisharp
|
|upkeep
|
|switch|p2a: Terrakion|Terrakion|100/100
|-damage|p2a: Terrakion|94/100|[from] Stealth Rock
|turn|15
|
|switch|p1a: Clefable|Clefable, F|55/100
|move|p2a: Terrakion|Earthquake|p1a: Clefable
|-damage|p1a: Clefable|21/100
|
|-heal|p1a: Clefable|27/100|[from] item: Leftovers
|upkeep
|turn|16
|
|move|p2a: Terrakion|Earthquake|p1a: Clefable
|-damage|p1a: Clefable|0 fnt
|faint|p1a: Clefable
|
|upkeep
|
|switch|p1a: Gengar|Gengar, M|100/100
|turn|17
|
|move|p1a: Gengar|Shadow Ball|p2a: Terrakion
|-damage|p2a: Terrakion|43/100
|-unboost|p2a: Terrakion|spd|1
|move|p2a: Terrakion|Earthquake|p1a: Gengar
|-supereffective|p1a: Gengar
|-damage|p1a: Gengar|0 fnt
|faint|p1a: Gengar
|
|upkeep
|
|switch|p1a: Zeraora|Zeraora|22/100
|turn|18
|
|move|p2a: Terrakion|Earthquake|p1a: Zeraora
|-supereffective|p1a: Zeraora
|-damage|p1a: Zeraora|0 fnt
|faint|p1a: Zeraora
|
|win|JorgeGarciaVGC
|l|☆ferromolybdenum
|raw|ferromolybdenum's rating: 1475 &rarr; <strong>1456</strong><br />(-19 for losing)
|raw|JorgeGarciaVGC's rating: 1493 &rarr; <strong>1512</strong><br />(+19 for winning)
