|j|☆SlimyTime
|j|☆IMSOMALD
|t:|1635601298
|gametype|singles
|player|p1|SlimyTime|hilbert|1501
|player|p2|IMSOMALD|n|1499
|teamsize|p1|6
|teamsize|p2|6
|gen|8
|tier|[Gen 8] OU
|rated|
|rule|Sleep Clause Mod: Limit one foe put to sleep
|rule|Species Clause: Limit one of each Pokémon
|rule|OHKO Clause: OHKO moves are banned
|rule|Evasion Moves Clause: Evasion moves are banned
|rule|Endless Battle Clause: Forcing endless battles is banned
|rule|HP Percentage Mod: HP is shown in percentages
|rule|Dynamax Clause: You cannot dynamax
|clearpoke
|poke|p1|Ninetales-Alola, F|
|poke|p1|Arctozolt|
|poke|p1|Landorus-Therian, M|
|poke|p1|Corviknight, M|
|poke|p1|Heatran, M|
|poke|p1|Slowking-Galar, F|
|poke|p2|Zapdos-Galar|
|poke|p2|Dragapult, M|
|poke|p2|Volcarona, M|
|poke|p2|Garchomp, M|
|poke|p2|Ferrothorn, F|
|poke|p2|Tapu Fini|
|teampreview
|inactive|Battle timer is ON: inactive players will automatically lose when time's up. (requested by IMSOMALD)
|
|t:|1635601314
|start
|switch|p1a: Snowcone|Ninetales-Alola, F, shiny|100/100
|switch|p2a: Zapdos|Zapdos-Galar|100/100
|-weather|Hail|[from] ability: Snow Warning|[of] p1a: Snowcone
|turn|1
|
|t:|1635601326
|switch|p1a: Beowulf|Corviknight, M, shiny|100/100
|-ability|p1a: Beowulf|Pressure
|switch|p2a: Volcarona|Volcarona, M|100/100
|
|-weather|Hail|[upkeep]
|-damage|p2a: Volcarona|94/100|[from] Hail
|-damage|p1a: Beowulf|94/100|[from] Hail
|upkeep
|turn|2
|
|t:|1635601336
|switch|p1a: Fire Frog|Heatran, M|100/100
|move|p2a: Volcarona|Fiery Dance|p1a: Fire Frog
|-start|p1a: Fire Frog|ability: Flash Fire
|
|-weather|Hail|[upkeep]
|-damage|p2a: Volcarona|88/100|[from] Hail
|-damage|p1a: Fire Frog|94/100|[from] Hail
|-heal|p1a: Fire Frog|100/100|[from] item: Leftovers
|upkeep
|turn|3
|
|t:|1635601351
|switch|p2a: Tapu Fini|Tapu Fini|100/100
|-fieldstart|move: Misty Terrain|[from] ability: Misty Surge|[of] p2a: Tapu Fini
|move|p1a: Fire Frog|Magma Storm|p2a: Tapu Fini
|-resisted|p2a: Tapu Fini
|-damage|p2a: Tapu Fini|77/100
|-activate|p2a: Tapu Fini|move: Magma Storm|[of] p1a: Fire Frog
|
|-weather|Hail|[upkeep]
|-damage|p1a: Fire Frog|94/100|[from] Hail
|-damage|p2a: Tapu Fini|70/100|[from] Hail
|-heal|p1a: Fire Frog|100/100|[from] item: Leftovers
|-heal|p2a: Tapu Fini|77/100|[from] item: Leftovers
|-damage|p2a: Tapu Fini|64/100|[from] move: Magma Storm|[partiallytrapped]
|upkeep
|turn|4
|
|t:|1635601360
|-end|p1a: Fire Frog|ability: Flash Fire|[silent]
|switch|p1a: Tubby Trickster|Slowking-Galar, F|100/100
|move|p2a: Tapu Fini|Knock Off|p1a: Tubby Trickster
|-supereffective|p1a: Tubby Trickster
|-damage|p1a: Tubby Trickster|70/100
|-enditem|p1a: Tubby Trickster|Assault Vest|[from] move: Knock Off|[of] p2a: Tapu Fini
|
|-weather|Hail|[upkeep]
|-damage|p2a: Tapu Fini|58/100|[from] Hail
|-damage|p1a: Tubby Trickster|64/100|[from] Hail
|-heal|p2a: Tapu Fini|64/100|[from] item: Leftovers
|-end|p2a: Tapu Fini|Magma Storm|[partiallytrapped]|[silent]
|upkeep
|turn|5
|
|t:|1635601375
|switch|p2a: Volcarona|Volcarona, M|88/100
|move|p1a: Tubby Trickster|Future Sight|p2a: Volcarona
|-start|p1a: Tubby Trickster|move: Future Sight
|
|-weather|Hail|[upkeep]
|-damage|p2a: Volcarona|82/100|[from] Hail
|-damage|p1a: Tubby Trickster|58/100|[from] Hail
|upkeep
|turn|6
|
|t:|1635601383
|switch|p2a: Garchomp|Garchomp, M|100/100
|switch|p1a: Fire Frog|Heatran, M|100/100
|
|-weather|Hail|[upkeep]
|-damage|p1a: Fire Frog|94/100|[from] Hail
|-damage|p2a: Garchomp|94/100|[from] Hail
|-heal|p1a: Fire Frog|100/100|[from] item: Leftovers
|upkeep
|turn|7
|
|t:|1635601404
|switch|p1a: Beowulf|Corviknight, M, shiny|94/100
|-ability|p1a: Beowulf|Pressure
|move|p2a: Garchomp|Stealth Rock|p1a: Beowulf
|-sidestart|p1: SlimyTime|move: Stealth Rock
|
|-weather|Hail|[upkeep]
|-damage|p2a: Garchomp|88/100|[from] Hail
|-damage|p1a: Beowulf|88/100|[from] Hail
|-end|p2a: Garchomp|move: Future Sight
|-damage|p2a: Garchomp|44/100
|-fieldend|Misty Terrain
|upkeep
|turn|8
|
|t:|1635601410
|switch|p2a: Zapdos|Zapdos-Galar|100/100
|move|p1a: Beowulf|U-turn|p2a: Zapdos
|-resisted|p2a: Zapdos
|-damage|p2a: Zapdos|96/100
|
|t:|1635601423
|switch|p1a: Ducky MoMo|Arctozolt, shiny|100/100|[from]move: U-turn
|
|-weather|none
|upkeep
|turn|9
|
|t:|1635601437
|switch|p1a: Tubby Trickster|Slowking-Galar, F|91/100
|-damage|p1a: Tubby Trickster|79/100|[from] Stealth Rock
|move|p2a: Zapdos|Thunderous Kick|p1a: Tubby Trickster
|-resisted|p1a: Tubby Trickster
|-damage|p1a: Tubby Trickster|61/100
|-unboost|p1a: Tubby Trickster|def|1
|
|upkeep
|turn|10
|
|t:|1635601448
|move|p2a: Zapdos|Thunderous Kick|p1a: Tubby Trickster
|-resisted|p1a: Tubby Trickster
|-damage|p1a: Tubby Trickster|36/100
|-unboost|p1a: Tubby Trickster|def|1
|move|p1a: Tubby Trickster|Future Sight|p2a: Zapdos
|-start|p1a: Tubby Trickster|move: Future Sight
|
|upkeep
|turn|11
|
|t:|1635601459
|switch|p1a: Beowulf|Corviknight, M, shiny|88/100
|-damage|p1a: Beowulf|75/100|[from] Stealth Rock
|-ability|p1a: Beowulf|Pressure
|move|p2a: Zapdos|Thunderous Kick|p1a: Beowulf
|-damage|p1a: Beowulf|34/100
|-unboost|p1a: Beowulf|def|1
|-damage|p2a: Zapdos|80/100|[from] item: Rocky Helmet|[of] p1a: Beowulf
|
|upkeep
|turn|12
|inactive|IMSOMALD has 120 seconds left.
|inactive|IMSOMALD has 90 seconds left.
|
|t:|1635601532
|switch|p2a: Ferrothorn|Ferrothorn, F|100/100
|move|p1a: Beowulf|Roost|p1a: Beowulf
|-heal|p1a: Beowulf|84/100
|-singleturn|p1a: Beowulf|move: Roost
|
|-end|p2a: Ferrothorn|move: Future Sight
|-resisted|p2a: Ferrothorn
|-damage|p2a: Ferrothorn|83/100
|-heal|p2a: Ferrothorn|89/100|[from] item: Leftovers
|upkeep
|turn|13
|
|t:|1635601541
|move|p1a: Beowulf|Defog|p2a: Ferrothorn
|-unboost|p2a: Ferrothorn|evasion|1
|-sideend|p1: SlimyTime|Stealth Rock|[from] move: Defog|[of] p1a: Beowulf
|move|p2a: Ferrothorn|Knock Off|p1a: Beowulf
|-damage|p1a: Beowulf|66/100
|-damage|p2a: Ferrothorn|73/100|[from] item: Rocky Helmet|[of] p1a: Beowulf
|-enditem|p1a: Beowulf|Rocky Helmet|[from] move: Knock Off|[of] p2a: Ferrothorn
|
|-heal|p2a: Ferrothorn|79/100|[from] item: Leftovers
|upkeep
|turn|14
|inactive|IMSOMALD has 90 seconds left.
|
|t:|1635601553
|switch|p1a: Fire Frog|Heatran, M|100/100
|move|p2a: Ferrothorn|Knock Off|p1a: Fire Frog
|-damage|p1a: Fire Frog|79/100
|-enditem|p1a: Fire Frog|Leftovers|[from] move: Knock Off|[of] p2a: Ferrothorn
|
|-heal|p2a: Ferrothorn|85/100|[from] item: Leftovers
|upkeep
|turn|15
|
|t:|1635601557
|switch|p2a: Garchomp|Garchomp, M|44/100
|move|p1a: Fire Frog|Magma Storm|p2a: Garchomp
|-resisted|p2a: Garchomp
|-damage|p2a: Garchomp|19/100
|-activate|p2a: Garchomp|move: Magma Storm|[of] p1a: Fire Frog
|
|-damage|p2a: Garchomp|6/100|[from] move: Magma Storm|[partiallytrapped]
|upkeep
|turn|16
|
|t:|1635601562
|switch|p1a: Bandorus|Landorus-Therian, M|100/100
|-ability|p1a: Bandorus|Intimidate|boost
|-unboost|p2a: Garchomp|atk|1
|move|p2a: Garchomp|Stealth Rock|p1a: Bandorus
|-sidestart|p1: SlimyTime|move: Stealth Rock
|
|-end|p2a: Garchomp|Magma Storm|[partiallytrapped]|[silent]
|upkeep
|turn|17
|
|t:|1635601573
|move|p1a: Bandorus|U-turn|p2a: Garchomp
|-damage|p2a: Garchomp|0 fnt
|-damage|p1a: Bandorus|88/100|[from] ability: Rough Skin|[of] p2a: Garchomp
|-damage|p1a: Bandorus|72/100|[from] item: Rocky Helmet|[of] p2a: Garchomp
|faint|p2a: Garchomp
|
|t:|1635601575
|switch|p1a: Beowulf|Corviknight, M, shiny|66/100|[from]move: U-turn
|-damage|p1a: Beowulf|53/100|[from] Stealth Rock
|-ability|p1a: Beowulf|Pressure
|
|upkeep
|
|t:|1635601597
|switch|p2a: Dragapult|Dragapult, M|100/100
|turn|18
|
|t:|1635601602
|switch|p1a: Fire Frog|Heatran, M|79/100
|-damage|p1a: Fire Frog|67/100|[from] Stealth Rock
|move|p2a: Dragapult|Shadow Ball|p1a: Fire Frog
|-damage|p1a: Fire Frog|21/100
|
|upkeep
|turn|19
|
|t:|1635601608
|switch|p1a: Snowcone|Ninetales-Alola, F, shiny|100/100
|-damage|p1a: Snowcone|76/100|[from] Stealth Rock
|-weather|Hail|[from] ability: Snow Warning|[of] p1a: Snowcone
|move|p2a: Dragapult|Shadow Ball|p1a: Snowcone
|-damage|p1a: Snowcone|30/100
|-unboost|p1a: Snowcone|spd|1
|
|-weather|Hail|[upkeep]
|-damage|p2a: Dragapult|95/100|[from] Hail
|upkeep
|turn|20
|
|t:|1635601613
|move|p2a: Dragapult|Shadow Ball|p1a: Snowcone
|-damage|p1a: Snowcone|0 fnt
|faint|p1a: Snowcone
|
|-weather|Hail|[upkeep]
|-damage|p2a: Dragapult|89/100|[from] Hail
|upkeep
|
|t:|1635601614
|switch|p1a: Ducky MoMo|Arctozolt, shiny|100/100
|turn|21
|
|t:|1635601632
|switch|p2a: Tapu Fini|Tapu Fini|64/100
|-fieldstart|move: Misty Terrain|[from] ability: Misty Surge|[of] p2a: Tapu Fini
|move|p1a: Ducky MoMo|Blizzard|p2a: Tapu Fini
|-resisted|p2a: Tapu Fini
|-damage|p2a: Tapu Fini|52/100
|
|-weather|Hail|[upkeep]
|-damage|p2a: Tapu Fini|45/100|[from] Hail
|-heal|p2a: Tapu Fini|52/100|[from] item: Leftovers
|upkeep
|turn|22
|
|t:|1635601643
|switch|p2a: Ferrothorn|Ferrothorn, F|85/100
|move|p1a: Ducky MoMo|Bolt Beak|p2a: Ferrothorn
|-resisted|p2a: Ferrothorn
|-damage|p2a: Ferrothorn|58/100
|-damage|p1a: Ducky MoMo|88/100|[from] ability: Iron Barbs|[of] p2a: Ferrothorn
|
|-weather|Hail|[upkeep]
|-damage|p2a: Ferrothorn|52/100|[from] Hail
|-heal|p2a: Ferrothorn|58/100|[from] item: Leftovers
|upkeep
|turn|23
|
|t:|1635601651
|switch|p1a: Beowulf|Corviknight, M, shiny|53/100
|-damage|p1a: Beowulf|41/100|[from] Stealth Rock
|-ability|p1a: Beowulf|Pressure
|switch|p2a: Tapu Fini|Tapu Fini|52/100
|
|-weather|Hail|[upkeep]
|-damage|p2a: Tapu Fini|45/100|[from] Hail
|-damage|p1a: Beowulf|35/100|[from] Hail
|-heal|p2a: Tapu Fini|52/100|[from] item: Leftovers
|upkeep
|turn|24
|
|t:|1635601674
|switch|p2a: Dragapult|Dragapult, M|89/100
|move|p1a: Beowulf|Defog|p2a: Dragapult
|-unboost|p2a: Dragapult|evasion|1
|-sideend|p1: SlimyTime|Stealth Rock|[from] move: Defog|[of] p1a: Beowulf
|-fieldend|Misty Terrain
|
|-weather|Hail|[upkeep]
|-damage|p2a: Dragapult|83/100|[from] Hail
|-damage|p1a: Beowulf|29/100|[from] Hail
|upkeep
|turn|25
|
|t:|1635601678
|switch|p1a: Bandorus|Landorus-Therian, M|72/100
|-ability|p1a: Bandorus|Intimidate|boost
|-unboost|p2a: Dragapult|atk|1
|move|p2a: Dragapult|Shadow Ball|p1a: Bandorus
|-damage|p1a: Bandorus|4/100
|
|-weather|Hail|[upkeep]
|-damage|p1a: Bandorus|0 fnt|[from] Hail
|-damage|p2a: Dragapult|77/100|[from] Hail
|faint|p1a: Bandorus
|upkeep
|
|t:|1635601681
|switch|p1a: Ducky MoMo|Arctozolt, shiny|88/100
|turn|26
|
|t:|1635601693
|switch|p2a: Ferrothorn|Ferrothorn, F|58/100
|move|p1a: Ducky MoMo|Blizzard|p2a: Ferrothorn
|-damage|p2a: Ferrothorn|32/100
|
|-weather|none
|-heal|p2a: Ferrothorn|38/100|[from] item: Leftovers
|upkeep
|turn|27
|
|t:|1635601704
|switch|p1a: Tubby Trickster|Slowking-Galar, F|69/100
|move|p2a: Ferrothorn|Leech Seed|p1a: Tubby Trickster
|-start|p1a: Tubby Trickster|move: Leech Seed
|
|-heal|p2a: Ferrothorn|45/100|[from] item: Leftovers
|-damage|p1a: Tubby Trickster|56/100|[from] Leech Seed|[of] p2a: Ferrothorn
|-heal|p2a: Ferrothorn|58/100|[silent]
|upkeep
|turn|28
|
|t:|1635601721
|switch|p2a: Volcarona|Volcarona, M|82/100
|move|p1a: Tubby Trickster|Flamethrower|p2a: Volcarona
|-damage|p2a: Volcarona|59/100
|
|-damage|p1a: Tubby Trickster|44/100|[from] Leech Seed|[of] p2a: Volcarona
|-heal|p2a: Volcarona|72/100|[silent]
|upkeep
|turn|29
|-message|SlimyTime forfeited.
|
|win|IMSOMALD
|raw|SlimyTime's rating: 1501 &rarr; <strong>1481</strong><br />(-20 for losing)
|raw|IMSOMALD's rating: 1499 &rarr; <strong>1519</strong><br />(+20 for winning)
|l|☆SlimyTime
