|j|☆fuckmonsongawd
|j|☆cute pink team
|t:|1657344687
|gametype|singles
|player|p1|fuckmonsongawd|unknownf|1823
|player|p2|cute pink team|misty-gen1|1873
|teamsize|p1|6
|teamsize|p2|6
|gen|8
|tier|[Gen 8] OU
|rated|
|rule|Sleep Clause Mod: Limit one foe put to sleep
|rule|Species Clause: Limit one of each Pokémon
|rule|OHKO Clause: OHKO moves are banned
|rule|Evasion Moves Clause: Evasion moves are banned
|rule|Endless Battle Clause: Forcing endless battles is banned
|rule|HP Percentage Mod: HP is shown in percentages
|rule|Dynamax Clause: You cannot dynamax
|clearpoke
|poke|p1|Clefable, M|
|poke|p1|Tyranitar, F|
|poke|p1|Excadrill, M|
|poke|p1|Toxapex, F|
|poke|p1|Skarmory, M|
|poke|p1|Tornadus-Therian, M|
|poke|p2|Mamoswine, F|
|poke|p2|Ninetales-Alola, F|
|poke|p2|Corviknight, M|
|poke|p2|Volcanion|
|poke|p2|Zapdos|
|poke|p2|Arctozolt|
|teampreview
|j| have we gone
|j| KMTQ1
|inactive|Battle timer is ON: inactive players will automatically lose when time's up. (requested by fuckmonsongawd)
|j| practicinq
|inactive|cute pink team has 120 seconds left.
|
|t:|1657344739
|start
|switch|p1a: Skarmory|Skarmory, M|100/100
|switch|p2a: Mamoswine|Mamoswine, F|100/100
|turn|1
|
|t:|1657344744
|switch|p2a: Corviknight|Corviknight, M|100/100
|-ability|p2a: Corviknight|Pressure
|move|p1a: Skarmory|Spikes|p2a: Corviknight
|-sidestart|p2: cute pink team|Spikes
|
|upkeep
|turn|2
|
|t:|1657344747
|switch|p1a: Clefable|Clefable, M|100/100
|move|p2a: Corviknight|Defog|p1a: Clefable
|-unboost|p1a: Clefable|evasion|1
|-sideend|p2: cute pink team|Spikes|[from] move: Defog|[of] p2a: Corviknight
|
|upkeep
|turn|3
|
|t:|1657344749
|move|p2a: Corviknight|U-turn|p1a: Clefable
|-resisted|p1a: Clefable
|-damage|p1a: Clefable|94/100
|
|t:|1657344751
|switch|p2a: Ninetales|Ninetales-Alola, F|100/100|[from]move: U-turn
|-weather|Hail|[from] ability: Snow Warning|[of] p2a: Ninetales
|move|p1a: Clefable|Stealth Rock|p2a: Ninetales
|-sidestart|p2: cute pink team|move: Stealth Rock
|
|-weather|Hail|[upkeep]
|-heal|p1a: Clefable|99/100|[from] item: Leftovers
|upkeep
|turn|4
|j| Poke'Analytics
|
|t:|1657344753
|switch|p1a: Tyranitar|Tyranitar, F|100/100
|-weather|Sandstorm|[from] ability: Sand Stream|[of] p1a: Tyranitar
|move|p2a: Ninetales|Hypnosis|p1a: Tyranitar
|-status|p1a: Tyranitar|slp|[from] move: Hypnosis
|
|-weather|Sandstorm|[upkeep]
|-damage|p2a: Ninetales|95/100|[from] Sandstorm
|upkeep
|turn|5
|j| 50 at max
|
|t:|1657344761
|switch|p2a: Corviknight|Corviknight, M|100/100
|-damage|p2a: Corviknight|88/100|[from] Stealth Rock
|-ability|p2a: Corviknight|Pressure
|switch|p1a: Excadrill|Excadrill, M|100/100
|
|-weather|Sandstorm|[upkeep]
|-heal|p2a: Corviknight|94/100|[from] item: Leftovers
|upkeep
|turn|6
|
|t:|1657344765
|move|p1a: Excadrill|Swords Dance|p1a: Excadrill
|-boost|p1a: Excadrill|atk|2
|move|p2a: Corviknight|Defog|p1a: Excadrill
|-unboost|p1a: Excadrill|evasion|1
|-sideend|p2: cute pink team|Stealth Rock|[from] move: Defog|[of] p2a: Corviknight
|
|-weather|Sandstorm|[upkeep]
|-heal|p2a: Corviknight|100/100|[from] item: Leftovers
|upkeep
|turn|7
|
|t:|1657344767
|move|p1a: Excadrill|Iron Head|p2a: Corviknight
|-resisted|p2a: Corviknight
|-damage|p2a: Corviknight|62/100
|cant|p2a: Corviknight|flinch
|
|-weather|Sandstorm|[upkeep]
|-heal|p2a: Corviknight|68/100|[from] item: Leftovers
|upkeep
|turn|8
|
|t:|1657344771
|move|p1a: Excadrill|Iron Head|p2a: Corviknight
|-resisted|p2a: Corviknight
|-damage|p2a: Corviknight|31/100
|cant|p2a: Corviknight|flinch
|
|-weather|none
|-heal|p2a: Corviknight|37/100|[from] item: Leftovers
|upkeep
|turn|9
|
|t:|1657344774
|move|p1a: Excadrill|Iron Head|p2a: Corviknight
|-resisted|p2a: Corviknight
|-damage|p2a: Corviknight|0 fnt
|faint|p2a: Corviknight
|
|upkeep
|
|t:|1657344776
|switch|p2a: Zapdos|Zapdos|100/100
|turn|10
|
|t:|1657344780
|switch|p1a: Unfuckingreal|Toxapex, F|100/100
|move|p2a: Zapdos|Heat Wave|p1a: Unfuckingreal
|-resisted|p1a: Unfuckingreal
|-crit|p1a: Unfuckingreal
|-damage|p1a: Unfuckingreal|76/100
|
|-heal|p1a: Unfuckingreal|83/100|[from] item: Black Sludge
|upkeep
|turn|11
|
|t:|1657344782
|switch|p2a: Ninetales|Ninetales-Alola, F|95/100
|-weather|Hail|[from] ability: Snow Warning|[of] p2a: Ninetales
|move|p1a: Unfuckingreal|Toxic|p2a: Ninetales
|-status|p2a: Ninetales|tox
|
|-weather|Hail|[upkeep]
|-damage|p1a: Unfuckingreal|76/100|[from] Hail
|-heal|p1a: Unfuckingreal|83/100|[from] item: Black Sludge
|-damage|p2a: Ninetales|89/100 tox|[from] psn
|upkeep
|turn|12
|
|t:|1657344787
|switch|p2a: Arctozolt|Arctozolt|100/100
|move|p1a: Unfuckingreal|Recover|p1a: Unfuckingreal
|-heal|p1a: Unfuckingreal|100/100
|
|-weather|Hail|[upkeep]
|-damage|p1a: Unfuckingreal|94/100|[from] Hail
|-heal|p1a: Unfuckingreal|100/100|[from] item: Black Sludge
|upkeep
|turn|13
|
|t:|1657344795
|switch|p1a: Excadrill|Excadrill, M|100/100
|move|p2a: Arctozolt|Substitute|p2a: Arctozolt
|-start|p2a: Arctozolt|Substitute
|-damage|p2a: Arctozolt|76/100
|
|-weather|Hail|[upkeep]
|-damage|p1a: Excadrill|94/100|[from] Hail
|-heal|p1a: Excadrill|100/100|[from] item: Leftovers
|upkeep
|turn|14
|
|t:|1657344805
|switch|p1a: Unfuckingreal|Toxapex, F|100/100
|move|p2a: Arctozolt|Low Kick|p1a: Unfuckingreal
|-resisted|p1a: Unfuckingreal
|-damage|p1a: Unfuckingreal|96/100
|
|-weather|Hail|[upkeep]
|-damage|p1a: Unfuckingreal|89/100|[from] Hail
|-heal|p1a: Unfuckingreal|96/100|[from] item: Black Sludge
|upkeep
|turn|15
|
|t:|1657344816
|switch|p1a: Tyranitar|Tyranitar, F|100/100 slp
|-weather|Sandstorm|[from] ability: Sand Stream|[of] p1a: Tyranitar
|move|p2a: Arctozolt|Low Kick|p1a: Tyranitar
|-supereffective|p1a: Tyranitar
|-damage|p1a: Tyranitar|0 fnt
|faint|p1a: Tyranitar
|
|-weather|Sandstorm|[upkeep]
|-damage|p2a: Arctozolt|69/100|[from] Sandstorm
|upkeep
|
|t:|1657344825
|switch|p1a: Clefable|Clefable, M|99/100
|turn|16
|
|t:|1657344828
|move|p2a: Arctozolt|Bolt Beak|p1a: Clefable
|-damage|p1a: Clefable|31/100
|move|p1a: Clefable|Moonblast|p2a: Arctozolt
|-end|p2a: Arctozolt|Substitute
|
|-weather|Sandstorm|[upkeep]
|-damage|p2a: Arctozolt|63/100|[from] Sandstorm
|-heal|p1a: Clefable|37/100|[from] item: Leftovers
|upkeep
|turn|17
|c|☆fuckmonsongawd|i quit
|c|☆fuckmonsongawd|gg
|c|☆fuckmonsongawd|this shit is actually
|c|☆fuckmonsongawd|putting me in a bad mood
|c|☆fuckmonsongawd|stop using
|c|☆fuckmonsongawd|hjk
|c|☆fuckmonsongawd|blaziken
|c|☆fuckmonsongawd|its not hjk
|c|☆fuckmonsongawd|its everything
|c|☆fuckmonsongawd|u fucking idiot
|c|&|/log fuckmonsongawd was warned by Artemis (☆fuckmonsongawd: u fucking idiot)
|c|&|/raw <small>This action was done automatically. Want to learn more about the AI? <a href="https://www.smogon.com/forums/threads/3570628/#post-9056769">Visit the information thread</a>.</small>
|c|☆fuckmonsongawd|goddamn
|
|t:|1657344857
|move|p2a: Arctozolt|Bolt Beak|p1a: Clefable
|-damage|p1a: Clefable|0 fnt
|faint|p1a: Clefable
|
|-weather|Sandstorm|[upkeep]
|-damage|p2a: Arctozolt|57/100|[from] Sandstorm
|upkeep
|
|t:|1657344859
|switch|p1a: Excadrill|Excadrill, M|100/100
|turn|18
|c|☆fuckmonsongawd|the crit was annoying
|c|☆fuckmonsongawd|say something smart
|
|t:|1657344864
|switch|p1a: Tornadus|Tornadus-Therian, M|100/100
|switch|p2a: Zapdos|Zapdos|100/100
|
|-weather|Sandstorm|[upkeep]
|-damage|p1a: Tornadus|94/100|[from] Sandstorm
|-damage|p2a: Zapdos|94/100|[from] Sandstorm
|upkeep
|turn|19
|c|☆fuckmonsongawd|for once in your life
|
|t:|1657344870
|move|p1a: Tornadus|Weather Ball|p2a: Zapdos
|-supereffective|p2a: Zapdos
|-damage|p2a: Zapdos|16/100
|move|p2a: Zapdos|Thunderbolt|p1a: Tornadus
|-supereffective|p1a: Tornadus
|-damage|p1a: Tornadus|0 fnt
|faint|p1a: Tornadus
|
|-weather|none
|upkeep
|c|☆fuckmonsongawd|thats 3 straight
|c|☆fuckmonsongawd|to bullshit
|
|t:|1657344878
|switch|p1a: Excadrill|Excadrill, M|100/100
|turn|20
|
|t:|1657344881
|switch|p2a: Ninetales|Ninetales-Alola, F|89/100 tox
|-weather|Hail|[from] ability: Snow Warning|[of] p2a: Ninetales
|move|p1a: Excadrill|Rapid Spin|p2a: Ninetales
|-crit|p2a: Ninetales
|-damage|p2a: Ninetales|42/100 tox
|-boost|p1a: Excadrill|spe|1
|
|-weather|Hail|[upkeep]
|-damage|p1a: Excadrill|94/100|[from] Hail
|-heal|p1a: Excadrill|100/100|[from] item: Leftovers
|-damage|p2a: Ninetales|36/100 tox|[from] psn
|upkeep
|turn|21
|l| have we gone
|
|t:|1657344906
|move|p2a: Ninetales|Blizzard|p1a: Excadrill
|-crit|p1a: Excadrill
|-damage|p1a: Excadrill|10/100
|move|p1a: Excadrill|Iron Head|p2a: Ninetales
|-supereffective|p2a: Ninetales
|-damage|p2a: Ninetales|0 fnt
|faint|p2a: Ninetales
|
|-weather|Hail|[upkeep]
|-damage|p1a: Excadrill|4/100|[from] Hail
|-heal|p1a: Excadrill|10/100|[from] item: Leftovers
|upkeep
|j| Go b4 it gets dark
|c|☆fuckmonsongawd|oh
|c|☆fuckmonsongawd|its scarf
|c|☆fuckmonsongawd|oops
|c|☆fuckmonsongawd|why didnt u
|
|t:|1657344915
|switch|p2a: Arctozolt|Arctozolt|57/100
|turn|22
|c|☆fuckmonsongawd|spin again
|c|☆fuckmonsongawd|choker
|c|☆fuckmonsongawd|i didnt know
|c|☆fuckmonsongawd|he was scarf
|c|☆fuckmonsongawd|u had to anyway
|c|☆fuckmonsongawd|he coulda hypnosised me
|c|☆fuckmonsongawd|and instantly won
|c|☆fuckmonsongawd|oh
|c|☆fuckmonsongawd|i forgot it ran that
|
|t:|1657344933
|switch|p1a: Skarmory|Skarmory, M|100/100
|move|p2a: Arctozolt|Freeze-Dry|p1a: Skarmory
|-damage|p1a: Skarmory|70/100
|-status|p1a: Skarmory|frz
|
|-weather|Hail|[upkeep]
|-damage|p1a: Skarmory|64/100 frz|[from] Hail
|upkeep
|turn|23
|c|☆cute pink team|bcuz mao has ice shard
|
|t:|1657344940
|move|p2a: Arctozolt|Substitute|p2a: Arctozolt
|-start|p2a: Arctozolt|Substitute
|-damage|p2a: Arctozolt|32/100
|cant|p1a: Skarmory|frz
|
|-weather|Hail|[upkeep]
|-damage|p1a: Skarmory|58/100 frz|[from] Hail
|upkeep
|turn|24
|l| 50 at max
|
|t:|1657344947
|move|p2a: Arctozolt|Bolt Beak|p1a: Skarmory
|-supereffective|p1a: Skarmory
|-damage|p1a: Skarmory|0 fnt
|-damage|p2a: Arctozolt|15/100|[from] item: Rocky Helmet|[of] p1a: Skarmory
|faint|p1a: Skarmory
|
|-weather|none
|upkeep
|c|☆fuckmonsongawd|see what i mean
|c|☆fuckmonsongawd|mao?
|c|☆fuckmonsongawd|oh mamo
|c|☆fuckmonsongawd|lmao
|c|☆fuckmonsongawd|mao zidong
|c|☆cute pink team|mamo
|c|☆fuckmonsongawd|this the shit
|
|t:|1657344962
|switch|p1a: Unfuckingreal|Toxapex, F|100/100
|turn|25
|c|☆fuckmonsongawd|that makes people quit
|
|t:|1657344964
|switch|p1a: Excadrill|Excadrill, M|10/100
|move|p2a: Arctozolt|Bolt Beak|p1a: Excadrill
|-immune|p1a: Excadrill
|
|-heal|p1a: Excadrill|16/100|[from] item: Leftovers
|upkeep
|turn|26
|c|☆fuckmonsongawd|yeah it is
|
|t:|1657344975
|switch|p1a: Unfuckingreal|Toxapex, F|100/100
|move|p2a: Arctozolt|Low Kick|p1a: Unfuckingreal
|-resisted|p1a: Unfuckingreal
|-damage|p1a: Unfuckingreal|96/100
|
|-heal|p1a: Unfuckingreal|100/100|[from] item: Black Sludge
|upkeep
|turn|27
|c|☆fuckmonsongawd|pp stall time?
|
|t:|1657344978
|move|p2a: Arctozolt|Bolt Beak|p1a: Unfuckingreal
|-supereffective|p1a: Unfuckingreal
|-damage|p1a: Unfuckingreal|0 fnt
|faint|p1a: Unfuckingreal
|
|upkeep
|c|☆fuckmonsongawd|gg
|-message|fuckmonsongawd forfeited.
|
|win|cute pink team
|raw|fuckmonsongawd's rating: 1800 &rarr; <strong>1784</strong><br />(-16 for losing)
|raw|cute pink team's rating: 1873 &rarr; <strong>1889</strong><br />(+16 for winning)
|c|☆fuckmonsongawd|nope
|c|☆fuckmonsongawd|u suck
|c|☆fuckmonsongawd|for that
