|j|☆Steez Ibanez
|j|☆Foolish Shogun
|t:|1667363638
|gametype|singles
|player|p1|Steez Ibanez|acetrainer-gen7|1764
|player|p2|Foolish Shogun|ghetsis-gen5bw|1704
|teamsize|p1|6
|teamsize|p2|6
|gen|8
|tier|[Gen 8] OU
|rated|
|rule|Sleep Clause Mod: Limit one foe put to sleep
|rule|Species Clause: Limit one of each Pokémon
|rule|OHKO Clause: OHKO moves are banned
|rule|Evasion Items Clause: Evasion items are banned
|rule|Evasion Moves Clause: Evasion moves are banned
|rule|Endless Battle Clause: Forcing endless battles is banned
|rule|HP Percentage Mod: HP is shown in percentages
|rule|Dynamax Clause: You cannot dynamax
|clearpoke
|poke|p1|Dragapult, M|
|poke|p1|Zapdos|
|poke|p1|Heatran, M|
|poke|p1|Garchomp, M|
|poke|p1|Ferrothorn, M|
|poke|p1|Weezing-Galar, M|
|poke|p2|Celesteela|
|poke|p2|Weavile, M|
|poke|p2|Mew|
|poke|p2|Garchomp, F|
|poke|p2|Blacephalon|
|poke|p2|Azumarill, M|
|teampreview
|j| TakeOff lol
|
|t:|1667363646
|start
|switch|p1a: Toothless|Dragapult, M|100/100
|switch|p2a: Mew|Mew|100/100
|turn|1
|
|t:|1667363653
|move|p1a: Toothless|U-turn|p2a: Mew
|-supereffective|p2a: Mew
|-damage|p2a: Mew|63/100
|
|t:|1667363656
|switch|p1a: Hephaestus|Heatran, M|100/100|[from]move: U-turn
|-item|p1a: Hephaestus|Air Balloon
|move|p2a: Mew|Thunder Wave|p1a: Hephaestus
|-status|p1a: Hephaestus|par
|
|upkeep
|turn|2
|
|t:|1667363659
|move|p2a: Mew|Stealth Rock|p1a: Hephaestus
|-sidestart|p1: Steez Ibanez|move: Stealth Rock
|move|p1a: Hephaestus|Stealth Rock|p2a: Mew
|-sidestart|p2: Foolish Shogun|move: Stealth Rock
|
|upkeep
|turn|3
|
|t:|1667363663
|move|p2a: Mew|Spikes|p1a: Hephaestus
|-sidestart|p1: Steez Ibanez|Spikes
|move|p1a: Hephaestus|Magma Storm|p2a: Mew|[miss]
|-miss|p1a: Hephaestus|p2a: Mew
|
|upkeep
|turn|4
|
|t:|1667363667
|move|p2a: Mew|Spikes|p1a: Hephaestus
|-sidestart|p1: Steez Ibanez|Spikes
|move|p1a: Hephaestus|Magma Storm|p2a: Mew|[miss]
|-miss|p1a: Hephaestus|p2a: Mew
|
|upkeep
|turn|5
|c| TakeOff lol|W avatar Steel
|
|t:|1667363670
|move|p2a: Mew|Spikes|p1a: Hephaestus
|-sidestart|p1: Steez Ibanez|Spikes
|move|p1a: Hephaestus|Magma Storm|p2a: Mew
|-damage|p2a: Mew|15/100
|-activate|p2a: Mew|move: Magma Storm|[of] p1a: Hephaestus
|
|-damage|p2a: Mew|3/100|[from] move: Magma Storm|[partiallytrapped]
|upkeep
|turn|6
|j| ChandosH
|
|t:|1667363678
|switch|p1a: Toothless|Dragapult, M|100/100
|move|p2a: Mew|Taunt|p1a: Toothless
|-start|p1a: Toothless|move: Taunt
|
|-end|p2a: Mew|Magma Storm|[partiallytrapped]|[silent]
|upkeep
|turn|7
|
|t:|1667363684
|move|p1a: Toothless|Dragon Darts|p2a: Mew
|-damage|p2a: Mew|0 fnt
|faint|p2a: Mew
|
|upkeep
|
|t:|1667363711
|switch|p2a: Azumarill|Azumarill, M|100/100
|-damage|p2a: Azumarill|88/100|[from] Stealth Rock
|turn|8
|
|t:|1667363714
|move|p1a: Toothless|U-turn|p2a: Azumarill
|-resisted|p2a: Azumarill
|-damage|p2a: Azumarill|75/100
|
|t:|1667363715
|switch|p1a: Bolt|Zapdos|100/100|[from]move: U-turn
|move|p2a: Azumarill|Belly Drum|p2a: Azumarill
|-damage|p2a: Azumarill|25/100
|-setboost|p2a: Azumarill|atk|6|[from] move: Belly Drum
|-enditem|p2a: Azumarill|Sitrus Berry|[eat]
|-heal|p2a: Azumarill|50/100|[from] item: Sitrus Berry
|
|upkeep
|turn|9
|
|t:|1667363719
|switch|p1a: Abomination|Ferrothorn, M|100/100
|-damage|p1a: Abomination|95/100|[from] Stealth Rock
|-damage|p1a: Abomination|70/100|[from] Spikes
|move|p2a: Azumarill|Aqua Jet|p1a: Abomination
|-resisted|p1a: Abomination
|-damage|p1a: Abomination|40/100
|-damage|p2a: Azumarill|38/100|[from] ability: Iron Barbs|[of] p1a: Abomination
|-damage|p2a: Azumarill|21/100|[from] item: Rocky Helmet|[of] p1a: Abomination
|
|upkeep
|turn|10
|
|t:|1667363722
|move|p2a: Azumarill|Knock Off|p1a: Abomination
|-damage|p1a: Abomination|0 fnt
|-damage|p2a: Azumarill|9/100|[from] ability: Iron Barbs|[of] p1a: Abomination
|-damage|p2a: Azumarill|0 fnt|[from] item: Rocky Helmet|[of] p1a: Abomination
|faint|p1a: Abomination
|faint|p2a: Azumarill
|
|upkeep
|j| blisc
|
|t:|1667363729
|switch|p2a: Weavile|Weavile, M|100/100
|switch|p1a: Hephaestus|Heatran, M|100/100 par
|-damage|p2a: Weavile|76/100|[from] Stealth Rock
|-ability|p2a: Weavile|Pressure
|-damage|p1a: Hephaestus|88/100 par|[from] Stealth Rock
|-item|p1a: Hephaestus|Air Balloon
|turn|11
|l| ChandosH
|c| TakeOff lol|Wooh yah
|
|t:|1667363756
|move|p2a: Weavile|Knock Off|p1a: Hephaestus
|-damage|p1a: Hephaestus|24/100 par
|-enditem|p1a: Hephaestus|Air Balloon
|-damage|p2a: Weavile|66/100|[from] item: Life Orb
|move|p1a: Hephaestus|Magma Storm|p2a: Weavile|[miss]
|-miss|p1a: Hephaestus|p2a: Weavile
|
|upkeep
|turn|12
|c| TakeOff lol|Racks on the table
|c| TakeOff lol|Racks on the yacht
|c| TakeOff lol|Woo yeah
|c| TakeOff lol|Yeah this syrup not no maple
|
|t:|1667363783
|move|p2a: Weavile|Knock Off|p1a: Hephaestus
|-damage|p1a: Hephaestus|0 fnt
|faint|p1a: Hephaestus
|-damage|p2a: Weavile|56/100|[from] item: Life Orb
|
|upkeep
|c| TakeOff lol|I be sipping on that wok
|
|t:|1667363786
|switch|p1a: Speedwagon|Weezing-Galar, M|100/100
|-damage|p1a: Speedwagon|88/100|[from] Stealth Rock
|turn|13
|
|t:|1667363790
|move|p2a: Weavile|Triple Axel|p1a: Speedwagon
|-damage|p1a: Speedwagon|80/100
|-hitcount|p1a: Speedwagon|1
|-damage|p2a: Weavile|46/100|[from] item: Life Orb
|move|p1a: Speedwagon|Strange Steam|p2a: Weavile
|-supereffective|p2a: Weavile
|-damage|p2a: Weavile|0 fnt
|faint|p2a: Weavile
|
|-heal|p1a: Speedwagon|86/100|[from] item: Black Sludge
|upkeep
|
|t:|1667363797
|switch|p2a: Celesteela|Celesteela, shiny|100/100
|-damage|p2a: Celesteela|88/100|[from] Stealth Rock
|turn|14
|
|t:|1667363802
|switch|p1a: Toothless|Dragapult, M|100/100
|move|p2a: Celesteela|Autotomize|p2a: Celesteela
|-boost|p2a: Celesteela|spe|2
|-start|p2a: Celesteela|Autotomize
|
|upkeep
|turn|15
|
|t:|1667363807
|move|p2a: Celesteela|Air Slash|p1a: Toothless
|-damage|p1a: Toothless|52/100
|move|p1a: Toothless|Thunder Wave|p2a: Celesteela
|-status|p2a: Celesteela|par
|
|upkeep
|turn|16
|
|t:|1667363811
|move|p1a: Toothless|Hex|p2a: Celesteela
|-damage|p2a: Celesteela|36/100 par
|cant|p2a: Celesteela|par
|
|upkeep
|turn|17
|
|t:|1667363818
|move|p1a: Toothless|Hex|p2a: Celesteela
|-damage|p2a: Celesteela|0 fnt
|faint|p2a: Celesteela
|
|upkeep
|
|t:|1667363820
|switch|p2a: Blacephalon|Blacephalon|100/100
|-damage|p2a: Blacephalon|76/100|[from] Stealth Rock
|turn|18
|
|t:|1667363822
|move|p2a: Blacephalon|Shadow Ball|p1a: Toothless
|-supereffective|p1a: Toothless
|-damage|p1a: Toothless|0 fnt
|faint|p1a: Toothless
|-ability|p2a: Blacephalon|Beast Boost|boost
|-boost|p2a: Blacephalon|spa|1
|
|upkeep
|
|t:|1667363826
|switch|p1a: Samehada|Garchomp, M|100/100
|-damage|p1a: Samehada|94/100|[from] Stealth Rock
|-damage|p1a: Samehada|69/100|[from] Spikes
|turn|19
|
|t:|1667363830
|move|p2a: Blacephalon|Shadow Ball|p1a: Samehada
|-damage|p1a: Samehada|0 fnt
|faint|p1a: Samehada
|-ability|p2a: Blacephalon|Beast Boost|boost
|-boost|p2a: Blacephalon|spa|1
|
|upkeep
|-message|Steez Ibanez forfeited.
|
|win|Foolish Shogun
|raw|Steez Ibanez's rating: 1764 &rarr; <strong>1741</strong><br />(-23 for losing)
|raw|Foolish Shogun's rating: 1704 &rarr; <strong>1727</strong><br />(+23 for winning)
|l|☆Steez Ibanez
|l|☆Foolish Shogun
|c| TakeOff lol|Well that was shit
|l| TakeOff lol
