|j|☆Iced Baba
|j|☆Mel2345
|t:|1630847225
|gametype|singles
|player|p1|Iced Baba|pryce|1429
|player|p2|Mel2345|cheren-gen5bw2|1447
|teamsize|p1|6
|teamsize|p2|6
|gen|8
|tier|[Gen 8] OU
|rated|
|rule|Sleep Clause Mod: Limit one foe put to sleep
|rule|Species Clause: Limit one of each Pokémon
|rule|OHKO Clause: OHKO moves are banned
|rule|Evasion Moves Clause: Evasion moves are banned
|rule|Endless Battle Clause: Forcing endless battles is banned
|rule|HP Percentage Mod: HP is shown in percentages
|rule|Dynamax Clause: You cannot dynamax
|clearpoke
|poke|p1|Gengar, M|
|poke|p1|Heatran, F|
|poke|p1|Slowking, M|
|poke|p1|Tapu Bulu|
|poke|p1|Scizor, F|
|poke|p1|Landorus-Therian, M|
|poke|p2|Keldeo-Resolute|
|poke|p2|Skarmory, F|
|poke|p2|Blissey, F|
|poke|p2|Toxapex, M|
|poke|p2|Landorus-Therian, M|
|poke|p2|Bisharp, M|
|teampreview
|inactive|Battle timer is ON: inactive players will automatically lose when time's up. (requested by Mel2345)
|
|t:|1630847241
|start
|switch|p1a: Landorus|Landorus-Therian, M|100/100
|switch|p2a: D'artagnan|Keldeo-Resolute|100/100
|-ability|p1a: Landorus|Intimidate|boost
|-unboost|p2a: D'artagnan|atk|1
|turn|1
|
|t:|1630847257
|switch|p1a: Slowking|Slowking, M, shiny|100/100
|move|p2a: D'artagnan|Substitute|p2a: D'artagnan
|-start|p2a: D'artagnan|Substitute
|-damage|p2a: D'artagnan|76/100
|
|-heal|p2a: D'artagnan|82/100|[from] item: Leftovers
|upkeep
|turn|2
|
|t:|1630847263
|move|p2a: D'artagnan|Calm Mind|p2a: D'artagnan
|-boost|p2a: D'artagnan|spa|1
|-boost|p2a: D'artagnan|spd|1
|move|p1a: Slowking|Future Sight|p2a: D'artagnan
|-start|p1a: Slowking|move: Future Sight
|
|-heal|p2a: D'artagnan|88/100|[from] item: Leftovers
|upkeep
|turn|3
|
|t:|1630847267
|move|p2a: D'artagnan|Calm Mind|p2a: D'artagnan
|-boost|p2a: D'artagnan|spa|1
|-boost|p2a: D'artagnan|spd|1
|move|p1a: Slowking|Teleport|p1a: Slowking
|
|t:|1630847270
|switch|p1a: Tapu Bulu|Tapu Bulu, shiny|100/100|[from]move: Teleport
|-fieldstart|move: Grassy Terrain|[from] ability: Grassy Surge|[of] p1a: Tapu Bulu
|
|-heal|p2a: D'artagnan|94/100|[from] Grassy Terrain
|-heal|p2a: D'artagnan|100/100|[from] item: Leftovers
|upkeep
|turn|4
|
|t:|1630847283
|switch|p2a: Porthos|Skarmory, F|100/100
|move|p1a: Tapu Bulu|Horn Leech|p2a: Porthos
|-resisted|p2a: Porthos
|-damage|p2a: Porthos|90/100
|-damage|p1a: Tapu Bulu|84/100|[from] item: Rocky Helmet|[of] p2a: Porthos
|-damage|p1a: Tapu Bulu|74/100|[from] item: Life Orb
|
|-end|p2a: Porthos|move: Future Sight
|-resisted|p2a: Porthos
|-damage|p2a: Porthos|62/100
|-heal|p1a: Tapu Bulu|80/100|[from] Grassy Terrain
|upkeep
|turn|5
|
|t:|1630847307
|switch|p1a: Gengar|Gengar, M, shiny|100/100
|move|p2a: Porthos|Roost|p2a: Porthos
|-heal|p2a: Porthos|100/100
|-singleturn|p2a: Porthos|move: Roost
|
|upkeep
|turn|6
|
|t:|1630847313
|switch|p2a: Aramis|Blissey, F|100/100
|move|p1a: Gengar|Trick|p2a: Aramis
|-activate|p1a: Gengar|move: Trick|[of] p2a: Aramis
|-item|p2a: Aramis|Choice Scarf|[from] move: Trick
|-item|p1a: Gengar|Heavy-Duty Boots|[from] move: Trick
|
|upkeep
|turn|7
|
|t:|1630847318
|move|p1a: Gengar|Substitute|p1a: Gengar
|-start|p1a: Gengar|Substitute
|-damage|p1a: Gengar|76/100
|move|p2a: Aramis|Thunder Wave|p1a: Gengar|[miss]
|-miss|p2a: Aramis|p1a: Gengar
|
|-heal|p1a: Gengar|82/100|[from] Grassy Terrain
|-fieldend|move: Grassy Terrain
|upkeep
|turn|8
|
|t:|1630847326
|switch|p2a: Athos|Bisharp, M|100/100
|move|p1a: Gengar|Shadow Ball|p2a: Athos
|-resisted|p2a: Athos
|-damage|p2a: Athos|63/100
|
|-heal|p2a: Athos|69/100|[from] item: Leftovers
|upkeep
|turn|9
|
|t:|1630847335
|move|p1a: Gengar|Shadow Ball|p2a: Athos
|-resisted|p2a: Athos
|-damage|p2a: Athos|37/100
|move|p2a: Athos|Knock Off|p1a: Gengar
|-supereffective|p1a: Gengar
|-end|p1a: Gengar|Substitute
|
|-heal|p2a: Athos|43/100|[from] item: Leftovers
|upkeep
|turn|10
|
|t:|1630847343
|switch|p1a: Scizor|Scizor, F|100/100
|move|p2a: Athos|Knock Off|p1a: Scizor
|-damage|p1a: Scizor|65/100
|-enditem|p1a: Scizor|Heavy-Duty Boots|[from] move: Knock Off|[of] p2a: Athos
|
|-heal|p2a: Athos|48/100|[from] item: Leftovers
|upkeep
|turn|11
|l|☆Mel2345
|inactive|Mel2345 disconnected and has a minute to reconnect!
|player|p2|
|j|☆Mel2345
|inactive|Mel2345 reconnected and has 110 seconds left.
|player|p2|Mel2345|cheren-gen5bw2
|
|t:|1630847400
|switch|p2a: Porthos|Skarmory, F|100/100
|move|p1a: Scizor|U-turn|p2a: Porthos
|-resisted|p2a: Porthos
|-damage|p2a: Porthos|96/100
|-damage|p1a: Scizor|49/100|[from] item: Rocky Helmet|[of] p2a: Porthos
|
|t:|1630847409
|switch|p1a: Heatran|Heatran, F, shiny|100/100|[from]move: U-turn
|
|upkeep
|turn|12
|
|t:|1630847412
|switch|p2a: Richelieu|Toxapex, M|100/100
|move|p1a: Heatran|Magma Storm|p2a: Richelieu
|-resisted|p2a: Richelieu
|-damage|p2a: Richelieu|83/100
|-activate|p2a: Richelieu|move: Magma Storm|[of] p1a: Heatran
|
|-damage|p2a: Richelieu|70/100|[from] move: Magma Storm|[partiallytrapped]
|upkeep
|turn|13
|
|t:|1630847423
|switch|p2a: Bragelone|Landorus-Therian, M|100/100
|-ability|p2a: Bragelone|Intimidate|boost
|-unboost|p1a: Heatran|atk|1
|move|p1a: Heatran|Earth Power|p2a: Bragelone
|-immune|p2a: Bragelone
|
|upkeep
|turn|14
|l|☆Mel2345
|inactive|Mel2345 disconnected and has a minute to reconnect!
|player|p2|
|inactive|Mel2345 has 30 seconds to reconnect!
|j|☆Mel2345
|inactive|Mel2345 reconnected and has 70 seconds left.
|player|p2|Mel2345|cheren-gen5bw2
|
|t:|1630847479
|switch|p1a: Landorus|Landorus-Therian, M|100/100
|-ability|p1a: Landorus|Intimidate|boost
|-unboost|p2a: Bragelone|atk|1
|move|p2a: Bragelone|Stealth Rock|p1a: Landorus
|-sidestart|p1: Iced Baba|move: Stealth Rock
|
|upkeep
|turn|15
|
|t:|1630847489
|move|p2a: Bragelone|Toxic|p1a: Landorus
|-status|p1a: Landorus|tox
|move|p1a: Landorus|Stealth Rock|p2a: Bragelone
|-sidestart|p2: Mel2345|move: Stealth Rock
|
|-damage|p1a: Landorus|94/100 tox|[from] psn
|upkeep
|turn|16
|
|t:|1630847496
|move|p2a: Bragelone|U-turn|p1a: Landorus
|-resisted|p1a: Landorus
|-damage|p1a: Landorus|89/100 tox
|-damage|p2a: Bragelone|84/100|[from] item: Rocky Helmet|[of] p1a: Landorus
|
|t:|1630847500
|switch|p2a: Porthos|Skarmory, F|96/100|[from]move: U-turn
|-damage|p2a: Porthos|84/100|[from] Stealth Rock
|move|p1a: Landorus|Toxic|p2a: Porthos
|-immune|p2a: Porthos
|
|-damage|p1a: Landorus|77/100 tox|[from] psn
|upkeep
|turn|17
|inactive|Mel2345 has 90 seconds left.
|
|t:|1630847510
|switch|p1a: Gengar|Gengar, M, shiny|82/100
|move|p2a: Porthos|Spikes|p1a: Gengar
|-sidestart|p1: Iced Baba|Spikes
|
|upkeep
|turn|18
|inactive|Mel2345 has 90 seconds left.
|
|t:|1630847527
|switch|p2a: Aramis|Blissey, F|100/100
|-damage|p2a: Aramis|88/100|[from] Stealth Rock
|move|p1a: Gengar|Shadow Ball|p2a: Aramis
|-immune|p2a: Aramis
|
|upkeep
|turn|19
|
|t:|1630847533
|move|p1a: Gengar|Sludge Wave|p2a: Aramis
|-damage|p2a: Aramis|70/100
|-status|p2a: Aramis|psn
|move|p2a: Aramis|Teleport|p2a: Aramis
|
|t:|1630847537
|switch|p2a: Athos|Bisharp, M|48/100|[from]move: Teleport
|-damage|p2a: Athos|43/100|[from] Stealth Rock
|
|-heal|p2a: Athos|48/100|[from] item: Leftovers
|upkeep
|turn|20
|
|t:|1630847546
|switch|p1a: Scizor|Scizor, F|49/100
|-damage|p1a: Scizor|36/100|[from] Stealth Rock
|-damage|p1a: Scizor|24/100|[from] Spikes
|move|p2a: Athos|Knock Off|p1a: Scizor
|-crit|p1a: Scizor
|-damage|p1a: Scizor|0 fnt
|faint|p1a: Scizor
|
|-heal|p2a: Athos|54/100|[from] item: Leftovers
|upkeep
|
|t:|1630847552
|switch|p1a: Heatran|Heatran, F, shiny|100/100
|-damage|p1a: Heatran|88/100|[from] Stealth Rock
|-damage|p1a: Heatran|76/100|[from] Spikes
|turn|21
|
|t:|1630847562
|switch|p2a: Richelieu|Toxapex, M|100/100
|-damage|p2a: Richelieu|88/100|[from] Stealth Rock
|move|p1a: Heatran|Magma Storm|p2a: Richelieu
|-resisted|p2a: Richelieu
|-damage|p2a: Richelieu|70/100
|-activate|p2a: Richelieu|move: Magma Storm|[of] p1a: Heatran
|
|-heal|p1a: Heatran|82/100|[from] item: Leftovers
|-damage|p2a: Richelieu|58/100|[from] move: Magma Storm|[partiallytrapped]
|upkeep
|turn|22
|inactive|Mel2345 has 120 seconds left.
|
|t:|1630847578
|switch|p2a: Bragelone|Landorus-Therian, M|84/100
|-damage|p2a: Bragelone|72/100|[from] Stealth Rock
|-ability|p2a: Bragelone|Intimidate|boost
|-unboost|p1a: Heatran|atk|1
|move|p1a: Heatran|Magma Storm|p2a: Bragelone
|-damage|p2a: Bragelone|23/100
|-activate|p2a: Bragelone|move: Magma Storm|[of] p1a: Heatran
|
|-heal|p2a: Bragelone|29/100|[from] item: Leftovers
|-heal|p1a: Heatran|88/100|[from] item: Leftovers
|-damage|p2a: Bragelone|16/100|[from] move: Magma Storm|[partiallytrapped]
|upkeep
|turn|23
|
|t:|1630847593
|move|p1a: Heatran|Protect|p1a: Heatran
|-singleturn|p1a: Heatran|Protect
|move|p2a: Bragelone|Earthquake|p1a: Heatran
|-activate|p1a: Heatran|move: Protect
|
|-heal|p2a: Bragelone|22/100|[from] item: Leftovers
|-heal|p1a: Heatran|94/100|[from] item: Leftovers
|-damage|p2a: Bragelone|10/100|[from] move: Magma Storm|[partiallytrapped]
|upkeep
|turn|24
|
|t:|1630847604
|switch|p1a: Slowking|Slowking, M, shiny|100/100
|move|p2a: Bragelone|U-turn|p1a: Slowking
|-supereffective|p1a: Slowking
|-damage|p1a: Slowking|52/100
|
|t:|1630847609
|switch|p2a: Athos|Bisharp, M|54/100|[from]move: U-turn
|-damage|p2a: Athos|48/100|[from] Stealth Rock
|
|-heal|p2a: Athos|54/100|[from] item: Leftovers
|upkeep
|turn|25
|inactive|Iced Baba has 120 seconds left.
|
|t:|1630847642
|switch|p1a: Landorus|Landorus-Therian, M|77/100 tox
|-damage|p1a: Landorus|64/100 tox|[from] Stealth Rock
|-ability|p1a: Landorus|Intimidate|boost
|-unboost|p2a: Athos|atk|1
|-ability|p2a: Athos|Defiant
|-boost|p2a: Athos|atk|2
|move|p2a: Athos|Knock Off|p1a: Landorus
|-damage|p1a: Landorus|15/100 tox
|-damage|p2a: Athos|38/100|[from] item: Rocky Helmet|[of] p1a: Landorus
|-enditem|p1a: Landorus|Rocky Helmet|[from] move: Knock Off|[of] p2a: Athos
|
|-heal|p2a: Athos|44/100|[from] item: Leftovers
|-damage|p1a: Landorus|9/100 tox|[from] psn
|upkeep
|turn|26
|
|t:|1630847649
|move|p2a: Athos|Sucker Punch|p1a: Landorus
|-damage|p1a: Landorus|0 fnt
|faint|p1a: Landorus
|
|-heal|p2a: Athos|50/100|[from] item: Leftovers
|upkeep
|
|t:|1630847655
|switch|p1a: Tapu Bulu|Tapu Bulu, shiny|80/100
|-damage|p1a: Tapu Bulu|68/100|[from] Spikes
|-damage|p1a: Tapu Bulu|55/100|[from] Stealth Rock
|-fieldstart|move: Grassy Terrain|[from] ability: Grassy Surge|[of] p1a: Tapu Bulu
|turn|27
|
|t:|1630847663
|switch|p2a: Porthos|Skarmory, F|84/100
|-damage|p2a: Porthos|72/100|[from] Stealth Rock
|move|p1a: Tapu Bulu|Close Combat|p2a: Porthos
|-damage|p2a: Porthos|40/100
|-unboost|p1a: Tapu Bulu|def|1
|-unboost|p1a: Tapu Bulu|spd|1
|-damage|p1a: Tapu Bulu|39/100|[from] item: Rocky Helmet|[of] p2a: Porthos
|-damage|p1a: Tapu Bulu|29/100|[from] item: Life Orb
|
|-heal|p1a: Tapu Bulu|35/100|[from] Grassy Terrain
|upkeep
|turn|28
|c|☆Mel2345|test
|
|t:|1630847686
|switch|p1a: Slowking|Slowking, M, shiny|85/100
|move|p2a: Porthos|Roost|p2a: Porthos
|-heal|p2a: Porthos|90/100
|-singleturn|p2a: Porthos|move: Roost
|
|-heal|p2a: Porthos|96/100|[from] Grassy Terrain
|-heal|p1a: Slowking|91/100|[from] Grassy Terrain
|upkeep
|turn|29
|
|t:|1630847694
|move|p2a: Porthos|Toxic|p1a: Slowking
|-status|p1a: Slowking|tox
|move|p1a: Slowking|Scald|p2a: Porthos
|-damage|p2a: Porthos|55/100
|
|-heal|p1a: Slowking|97/100 tox|[from] Grassy Terrain
|-damage|p1a: Slowking|91/100 tox|[from] psn
|upkeep
|turn|30
|
|t:|1630847702
|move|p2a: Porthos|Roost|p2a: Porthos
|-heal|p2a: Porthos|100/100
|-singleturn|p2a: Porthos|move: Roost
|move|p1a: Slowking|Scald|p2a: Porthos
|-damage|p2a: Porthos|64/100
|
|-heal|p2a: Porthos|70/100|[from] Grassy Terrain
|-heal|p1a: Slowking|97/100 tox|[from] Grassy Terrain
|-damage|p1a: Slowking|85/100 tox|[from] psn
|upkeep
|turn|31
|
|t:|1630847710
|switch|p2a: Aramis|Blissey, F|70/100
|-damage|p2a: Aramis|57/100|[from] Stealth Rock
|move|p1a: Slowking|Scald|p2a: Aramis
|-damage|p2a: Aramis|48/100
|
|-heal|p2a: Aramis|54/100|[from] Grassy Terrain
|-heal|p1a: Slowking|91/100 tox|[from] Grassy Terrain
|-damage|p1a: Slowking|73/100 tox|[from] psn
|-fieldend|move: Grassy Terrain
|upkeep
|turn|32
|
|t:|1630847716
|move|p2a: Aramis|Teleport|p2a: Aramis
|
|t:|1630847724
|switch|p2a: Bragelone|Landorus-Therian, M|10/100|[from]move: Teleport
|-damage|p2a: Bragelone|0 fnt|[from] Stealth Rock
|faint|p2a: Bragelone
|move|p1a: Slowking|Teleport|p1a: Slowking
|
|t:|1630847746
|switch|p1a: Gengar|Gengar, M, shiny|82/100|[from]move: Teleport
|
|upkeep
|
|t:|1630847749
|switch|p2a: Athos|Bisharp, M|50/100
|-damage|p2a: Athos|44/100|[from] Stealth Rock
|turn|33
|
|t:|1630847766
|move|p1a: Gengar|Shadow Ball|p2a: Athos
|-resisted|p2a: Athos
|-damage|p2a: Athos|6/100
|move|p2a: Athos|Knock Off|p1a: Gengar
|-supereffective|p1a: Gengar
|-damage|p1a: Gengar|0 fnt
|-start|p2a: Athos|Disable|Knock Off|[from] ability: Cursed Body|[of] p1a: Gengar
|-enditem|p1a: Gengar|Heavy-Duty Boots|[from] move: Knock Off|[of] p2a: Athos
|faint|p1a: Gengar
|
|-heal|p2a: Athos|12/100|[from] item: Leftovers
|upkeep
|
|t:|1630847773
|switch|p1a: Slowking|Slowking, M, shiny|100/100 tox
|turn|34
|
|t:|1630847778
|move|p2a: Athos|Sucker Punch|p1a: Slowking
|-supereffective|p1a: Slowking
|-damage|p1a: Slowking|30/100 tox
|move|p1a: Slowking|Future Sight|p2a: Athos
|-start|p1a: Slowking|move: Future Sight
|
|-heal|p2a: Athos|18/100|[from] item: Leftovers
|-damage|p1a: Slowking|24/100 tox|[from] psn
|upkeep
|turn|35
|
|t:|1630847785
|move|p2a: Athos|Iron Head|p1a: Slowking
|-resisted|p1a: Slowking
|-damage|p1a: Slowking|4/100 tox
|cant|p1a: Slowking|flinch
|
|-heal|p2a: Athos|24/100|[from] item: Leftovers
|-damage|p1a: Slowking|0 fnt|[from] psn
|faint|p1a: Slowking
|upkeep
|
|t:|1630847791
|switch|p1a: Heatran|Heatran, F, shiny|94/100
|-damage|p1a: Heatran|82/100|[from] Stealth Rock
|-damage|p1a: Heatran|69/100|[from] Spikes
|turn|36
|
|t:|1630847799
|switch|p2a: D'artagnan|Keldeo-Resolute|100/100
|-damage|p2a: D'artagnan|94/100|[from] Stealth Rock
|move|p1a: Heatran|Earth Power|p2a: D'artagnan
|-crit|p2a: D'artagnan
|-damage|p2a: D'artagnan|52/100
|
|-end|p2a: D'artagnan|move: Future Sight
|-supereffective|p2a: D'artagnan
|-damage|p2a: D'artagnan|0 fnt
|faint|p2a: D'artagnan
|-heal|p1a: Heatran|76/100|[from] item: Leftovers
|upkeep
|
|t:|1630847809
|switch|p2a: Richelieu|Toxapex, M|91/100
|-damage|p2a: Richelieu|78/100|[from] Stealth Rock
|turn|37
|
|t:|1630847826
|move|p1a: Heatran|Earth Power|p2a: Richelieu
|-supereffective|p2a: Richelieu
|-damage|p2a: Richelieu|39/100
|move|p2a: Richelieu|Knock Off|p1a: Heatran
|-damage|p1a: Heatran|63/100
|-enditem|p1a: Heatran|Leftovers|[from] move: Knock Off|[of] p2a: Richelieu
|
|upkeep
|turn|38
|
|t:|1630847834
|switch|p2a: Aramis|Blissey, F|54/100
|-damage|p2a: Aramis|41/100|[from] Stealth Rock
|move|p1a: Heatran|Earth Power|p2a: Aramis
|-damage|p2a: Aramis|31/100
|
|upkeep
|turn|39
|
|t:|1630847841
|switch|p1a: Tapu Bulu|Tapu Bulu, shiny|35/100
|-damage|p1a: Tapu Bulu|23/100|[from] Stealth Rock
|-damage|p1a: Tapu Bulu|10/100|[from] Spikes
|-fieldstart|move: Grassy Terrain|[from] ability: Grassy Surge|[of] p1a: Tapu Bulu
|move|p2a: Aramis|Thunder Wave|p1a: Tapu Bulu
|-status|p1a: Tapu Bulu|par
|
|-heal|p2a: Aramis|38/100|[from] Grassy Terrain
|-heal|p1a: Tapu Bulu|16/100 par|[from] Grassy Terrain
|upkeep
|turn|40
|
|t:|1630847867
|switch|p2a: Porthos|Skarmory, F|70/100
|-damage|p2a: Porthos|57/100|[from] Stealth Rock
|cant|p1a: Tapu Bulu|par
|
|-heal|p1a: Tapu Bulu|22/100 par|[from] Grassy Terrain
|upkeep
|turn|41
|
|t:|1630847873
|move|p2a: Porthos|Roost|p2a: Porthos
|-heal|p2a: Porthos|100/100
|-singleturn|p2a: Porthos|move: Roost
|move|p1a: Tapu Bulu|Close Combat|p2a: Porthos
|-supereffective|p2a: Porthos
|-damage|p2a: Porthos|39/100
|-unboost|p1a: Tapu Bulu|def|1
|-unboost|p1a: Tapu Bulu|spd|1
|-damage|p1a: Tapu Bulu|6/100 par|[from] item: Rocky Helmet|[of] p2a: Porthos
|-damage|p1a: Tapu Bulu|0 fnt|[from] item: Life Orb
|faint|p1a: Tapu Bulu
|
|-heal|p2a: Porthos|45/100|[from] Grassy Terrain
|upkeep
|
|t:|1630847881
|switch|p1a: Heatran|Heatran, F, shiny|63/100
|-damage|p1a: Heatran|51/100|[from] Spikes
|-damage|p1a: Heatran|38/100|[from] Stealth Rock
|turn|42
|
|t:|1630847884
|move|p1a: Heatran|Magma Storm|p2a: Porthos
|-supereffective|p2a: Porthos
|-damage|p2a: Porthos|0 fnt
|faint|p2a: Porthos
|
|-heal|p1a: Heatran|45/100|[from] Grassy Terrain
|upkeep
|
|t:|1630847890
|switch|p2a: Aramis|Blissey, F|38/100
|-damage|p2a: Aramis|25/100|[from] Stealth Rock
|turn|43
|
|t:|1630847898
|move|p2a: Aramis|Seismic Toss|p1a: Heatran
|-damage|p1a: Heatran|19/100
|move|p1a: Heatran|Taunt|p2a: Aramis
|-start|p2a: Aramis|move: Taunt
|
|-heal|p2a: Aramis|31/100|[from] Grassy Terrain
|-heal|p1a: Heatran|25/100|[from] Grassy Terrain
|-fieldend|move: Grassy Terrain
|upkeep
|turn|44
|
|t:|1630847904
|move|p2a: Aramis|Seismic Toss|p1a: Heatran
|-damage|p1a: Heatran|0 fnt
|faint|p1a: Heatran
|
|win|Mel2345
|raw|Iced Baba's rating: 1444 &rarr; <strong>1424</strong><br />(-20 for losing)
|raw|Mel2345's rating: 1447 &rarr; <strong>1467</strong><br />(+20 for winning)
