|html|<div class="broadcast-blue"><strong>[Gen 8] OU is currently suspecting Melmetal! For information on how to participate check out the <a href="https://www.smogon.com/forums/threads/np-ss-ou-suspect-process-round-12-monster-mash.3709234/">suspect thread</a>.</strong></div>
|j|☆playeraccount
|j|☆Staticz the Spewpa
|t:|1666695840
|gametype|singles
|player|p1|playeraccount|2|1653
|player|p2|Staticz the Spewpa|iris|1571
|teamsize|p1|6
|teamsize|p2|6
|gen|8
|tier|[Gen 8] OU
|rated|
|rule|Sleep Clause Mod: Limit one foe put to sleep
|rule|Species Clause: Limit one of each Pokémon
|rule|OHKO Clause: OHKO moves are banned
|rule|Evasion Items Clause: Evasion items are banned
|rule|Evasion Moves Clause: Evasion moves are banned
|rule|Endless Battle Clause: Forcing endless battles is banned
|rule|HP Percentage Mod: HP is shown in percentages
|rule|Dynamax Clause: You cannot dynamax
|clearpoke
|poke|p1|Diancie|
|poke|p1|Slowbro, M|
|poke|p1|Zapdos|
|poke|p1|Kartana|
|poke|p1|Nidoqueen, F|
|poke|p1|Tapu Fini|
|poke|p2|Trevenant, M|
|poke|p2|Umbreon, F|
|poke|p2|Tapu Fini|
|poke|p2|Corviknight, M|
|poke|p2|Weavile, F|
|poke|p2|Nidoking, M|
|teampreview
|inactive|Battle timer is ON: inactive players will automatically lose when time's up. (requested by Staticz the Spewpa)
|
|t:|1666695854
|start
|switch|p1a: Nidoqueen|Nidoqueen, F, shiny|100/100
|switch|p2a: Nidoking|Nidoking, M|100/100
|turn|1
|
|t:|1666695865
|switch|p2a: Emveeon|Umbreon, F|100/100
|switch|p1a: Slowbro|Slowbro, M, shiny|100/100
|
|upkeep
|turn|2
|
|t:|1666695868
|move|p2a: Emveeon|Wish|p2a: Emveeon
|move|p1a: Slowbro|Teleport|p1a: Slowbro
|
|t:|1666695871
|switch|p1a: Kartana|Kartana, shiny|100/100|[from]move: Teleport
|
|upkeep
|turn|3
|
|t:|1666695876
|switch|p2a: Corviknight|Corviknight, M, shiny|100/100
|-ability|p2a: Corviknight|Pressure
|move|p1a: Kartana|Knock Off|p2a: Corviknight
|-damage|p2a: Corviknight|62/100
|-damage|p1a: Kartana|84/100|[from] item: Rocky Helmet|[of] p2a: Corviknight
|-enditem|p2a: Corviknight|Rocky Helmet|[from] move: Knock Off|[of] p1a: Kartana
|
|-heal|p2a: Corviknight|100/100|[from] move: Wish|[wisher] Emveeon
|upkeep
|turn|4
|
|t:|1666695895
|switch|p1a: Diancie|Diancie, shiny|100/100
|move|p2a: Corviknight|Body Press|p1a: Diancie
|-damage|p1a: Diancie|79/100
|
|-heal|p1a: Diancie|86/100|[from] item: Leftovers
|upkeep
|turn|5
|
|t:|1666695908
|switch|p2a: Trevenant|Trevenant, M, shiny|100/100
|move|p1a: Diancie|Stealth Rock|p2a: Trevenant
|-sidestart|p2: Staticz the Spewpa|move: Stealth Rock
|
|-heal|p1a: Diancie|92/100|[from] item: Leftovers
|upkeep
|turn|6
|
|t:|1666695913
|switch|p1a: Zapdos|Zapdos, shiny|100/100
|move|p2a: Trevenant|Poltergeist|p1a: Zapdos
|-activate|p1a: Zapdos|move: Poltergeist|Heavy-Duty Boots
|-damage|p1a: Zapdos|65/100
|
|upkeep
|turn|7
|j| RazorForce21
|
|t:|1666695920
|switch|p2a: Emveeon|Umbreon, F|100/100
|-damage|p2a: Emveeon|88/100|[from] Stealth Rock
|move|p1a: Zapdos|Heat Wave|p2a: Emveeon
|-damage|p2a: Emveeon|71/100
|
|-heal|p2a: Emveeon|78/100|[from] item: Leftovers
|upkeep
|turn|8
|
|t:|1666695924
|move|p1a: Zapdos|Volt Switch|p2a: Emveeon
|-damage|p2a: Emveeon|60/100
|
|t:|1666695927
|switch|p1a: Slowbro|Slowbro, M, shiny|100/100|[from]move: Volt Switch
|move|p2a: Emveeon|Wish|p2a: Emveeon
|
|-heal|p2a: Emveeon|66/100|[from] item: Leftovers
|upkeep
|turn|9
|
|t:|1666695932
|move|p2a: Emveeon|Protect|p2a: Emveeon
|-singleturn|p2a: Emveeon|Protect
|move|p1a: Slowbro|Future Sight|p2a: Emveeon
|-start|p1a: Slowbro|move: Future Sight
|
|-heal|p2a: Emveeon|100/100|[from] move: Wish|[wisher] Emveeon
|upkeep
|turn|10
|
|t:|1666695940
|switch|p2a: Corviknight|Corviknight, M, shiny|100/100
|-damage|p2a: Corviknight|88/100|[from] Stealth Rock
|-ability|p2a: Corviknight|Pressure
|move|p1a: Slowbro|Teleport|p1a: Slowbro
|
|t:|1666695948
|switch|p1a: Nidoqueen|Nidoqueen, F, shiny|100/100|[from]move: Teleport
|
|upkeep
|turn|11
|
|t:|1666695958
|move|p1a: Nidoqueen|Sludge Wave|p2a: Corviknight
|-immune|p2a: Corviknight
|move|p2a: Corviknight|Roost|p2a: Corviknight
|-heal|p2a: Corviknight|100/100
|-singleturn|p2a: Corviknight|move: Roost
|
|-end|p2a: Corviknight|move: Future Sight
|-resisted|p2a: Corviknight
|-damage|p2a: Corviknight|80/100
|upkeep
|turn|12
|
|t:|1666695967
|switch|p2a: Emveeon|Umbreon, F|100/100
|-damage|p2a: Emveeon|88/100|[from] Stealth Rock
|move|p1a: Nidoqueen|Earth Power|p2a: Emveeon
|-damage|p2a: Emveeon|53/100
|
|-heal|p2a: Emveeon|59/100|[from] item: Leftovers
|upkeep
|turn|13
|
|t:|1666695972
|switch|p1a: Diancie|Diancie, shiny|92/100
|move|p2a: Emveeon|Wish|p2a: Emveeon
|
|-heal|p2a: Emveeon|65/100|[from] item: Leftovers
|-heal|p1a: Diancie|98/100|[from] item: Leftovers
|upkeep
|turn|14
|
|t:|1666695974
|move|p2a: Emveeon|Protect|p2a: Emveeon
|-singleturn|p2a: Emveeon|Protect
|move|p1a: Diancie|Diamond Storm|p2a: Emveeon
|-activate|p2a: Emveeon|move: Protect
|
|-heal|p2a: Emveeon|100/100|[from] move: Wish|[wisher] Emveeon
|-heal|p1a: Diancie|100/100|[from] item: Leftovers
|upkeep
|turn|15
|
|t:|1666695977
|switch|p2a: Corviknight|Corviknight, M, shiny|80/100
|-damage|p2a: Corviknight|68/100|[from] Stealth Rock
|-ability|p2a: Corviknight|Pressure
|move|p1a: Diancie|Diamond Storm|p2a: Corviknight
|-damage|p2a: Corviknight|49/100
|-boost|p1a: Diancie|def|2
|
|upkeep
|turn|16
|
|t:|1666695984
|move|p2a: Corviknight|Roost|p2a: Corviknight
|-heal|p2a: Corviknight|99/100
|-singleturn|p2a: Corviknight|move: Roost
|move|p1a: Diancie|Body Press|p2a: Corviknight
|-supereffective|p2a: Corviknight
|-damage|p2a: Corviknight|31/100
|
|upkeep
|turn|17
|
|t:|1666695988
|move|p2a: Corviknight|Defog|p1a: Diancie
|-fail|p1a: Diancie|unboost|[from] ability: Clear Body|[of] p1a: Diancie
|-sideend|p2: Staticz the Spewpa|Stealth Rock|[from] move: Defog|[of] p2a: Corviknight
|move|p1a: Diancie|Body Press|p2a: Corviknight
|-damage|p2a: Corviknight|1/100
|
|upkeep
|turn|18
|
|t:|1666695992
|switch|p2a: Trevenant|Trevenant, M, shiny|100/100
|move|p1a: Diancie|Body Press|p2a: Trevenant
|-immune|p2a: Trevenant
|
|upkeep
|turn|19
|
|t:|1666695996
|switch|p1a: Zapdos|Zapdos, shiny|65/100
|move|p2a: Trevenant|Poltergeist|p1a: Zapdos
|-activate|p1a: Zapdos|move: Poltergeist|Heavy-Duty Boots
|-damage|p1a: Zapdos|29/100
|
|upkeep
|turn|20
|
|t:|1666695999
|switch|p2a: Weavile|Weavile, F|100/100
|-ability|p2a: Weavile|Pressure
|move|p1a: Zapdos|Volt Switch|p2a: Weavile
|-damage|p2a: Weavile|62/100
|
|t:|1666696005
|switch|p1a: Diancie|Diancie, shiny|100/100|[from]move: Volt Switch
|
|upkeep
|turn|21
|
|t:|1666696012
|switch|p2a: Trevenant|Trevenant, M, shiny|100/100
|move|p1a: Diancie|Diamond Storm|p2a: Trevenant
|-damage|p2a: Trevenant|65/100
|-boost|p1a: Diancie|def|2
|
|upkeep
|turn|22
|l| RazorForce21
|
|t:|1666696016
|move|p2a: Trevenant|Poltergeist|p1a: Diancie
|-activate|p1a: Diancie|move: Poltergeist|Leftovers
|-damage|p1a: Diancie|83/100
|move|p1a: Diancie|Stealth Rock|p2a: Trevenant
|-sidestart|p2: Staticz the Spewpa|move: Stealth Rock
|
|-heal|p1a: Diancie|90/100|[from] item: Leftovers
|upkeep
|turn|23
|
|t:|1666696027
|switch|p1a: Tapu Fini|Tapu Fini, shiny|100/100
|-fieldstart|move: Misty Terrain|[from] ability: Misty Surge|[of] p1a: Tapu Fini
|move|p2a: Trevenant|Power-Up Punch|p1a: Tapu Fini
|-resisted|p1a: Tapu Fini
|-damage|p1a: Tapu Fini|95/100
|-boost|p2a: Trevenant|atk|1
|
|upkeep
|turn|24
|
|t:|1666696030
|move|p1a: Tapu Fini|Trick|p2a: Trevenant
|-activate|p1a: Tapu Fini|move: Trick|[of] p2a: Trevenant
|-item|p2a: Trevenant|Choice Scarf|[from] move: Trick
|-item|p1a: Tapu Fini|Assault Vest|[from] move: Trick
|move|p2a: Trevenant|Horn Leech|p1a: Tapu Fini
|-supereffective|p1a: Tapu Fini
|-crit|p1a: Tapu Fini
|-damage|p1a: Tapu Fini|0 fnt
|-heal|p2a: Trevenant|100/100|[from] drain|[of] p1a: Tapu Fini
|faint|p1a: Tapu Fini
|
|upkeep
|
|t:|1666696035
|switch|p1a: Kartana|Kartana, shiny|84/100
|turn|25
|
|t:|1666696041
|switch|p2a: Emveeon|Umbreon, F|100/100
|-damage|p2a: Emveeon|88/100|[from] Stealth Rock
|move|p1a: Kartana|Knock Off|p2a: Emveeon
|-resisted|p2a: Emveeon
|-damage|p2a: Emveeon|69/100
|-enditem|p2a: Emveeon|Leftovers|[from] move: Knock Off|[of] p1a: Kartana
|
|upkeep
|turn|26
|
|t:|1666696049
|switch|p1a: Diancie|Diancie, shiny|90/100
|move|p2a: Emveeon|Wish|p2a: Emveeon
|
|-heal|p1a: Diancie|96/100|[from] item: Leftovers
|upkeep
|turn|27
|
|t:|1666696052
|switch|p2a: Trevenant|Trevenant, M, shiny|100/100
|-damage|p2a: Trevenant|88/100|[from] Stealth Rock
|move|p1a: Diancie|Body Press|p2a: Trevenant
|-immune|p2a: Trevenant
|
|-heal|p2a: Trevenant|100/100|[from] move: Wish|[wisher] Emveeon
|-heal|p1a: Diancie|100/100|[from] item: Leftovers
|-fieldend|Misty Terrain
|upkeep
|turn|28
|
|t:|1666696056
|switch|p1a: Zapdos|Zapdos, shiny|29/100
|move|p2a: Trevenant|Poltergeist|p1a: Zapdos
|-activate|p1a: Zapdos|move: Poltergeist|Heavy-Duty Boots
|-damage|p1a: Zapdos|0 fnt
|faint|p1a: Zapdos
|
|upkeep
|
|t:|1666696058
|switch|p1a: Nidoqueen|Nidoqueen, F, shiny|100/100
|turn|29
|
|t:|1666696070
|move|p1a: Nidoqueen|Flamethrower|p2a: Trevenant
|-supereffective|p2a: Trevenant
|-damage|p2a: Trevenant|33/100
|move|p2a: Trevenant|Poltergeist|p1a: Nidoqueen
|-activate|p1a: Nidoqueen|move: Poltergeist|Life Orb
|-damage|p1a: Nidoqueen|53/100
|
|upkeep
|turn|30
|
|t:|1666696075
|move|p1a: Nidoqueen|Earth Power|p2a: Trevenant
|-resisted|p2a: Trevenant
|-damage|p2a: Trevenant|10/100
|move|p2a: Trevenant|Poltergeist|p1a: Nidoqueen
|-activate|p1a: Nidoqueen|move: Poltergeist|Life Orb
|-damage|p1a: Nidoqueen|3/100
|
|upkeep
|turn|31
|
|t:|1666696078
|move|p1a: Nidoqueen|Earth Power|p2a: Trevenant
|-resisted|p2a: Trevenant
|-damage|p2a: Trevenant|0 fnt
|faint|p2a: Trevenant
|
|upkeep
|
|t:|1666696082
|switch|p2a: Nidoking|Nidoking, M|100/100
|-damage|p2a: Nidoking|95/100|[from] Stealth Rock
|turn|32
|
|t:|1666696087
|switch|p1a: Slowbro|Slowbro, M, shiny|100/100
|move|p2a: Nidoking|Earth Power|p1a: Slowbro
|-damage|p1a: Slowbro|55/100
|
|upkeep
|turn|33
|
|t:|1666696090
|move|p2a: Nidoking|Earth Power|p1a: Slowbro
|-damage|p1a: Slowbro|9/100
|move|p1a: Slowbro|Teleport|p1a: Slowbro
|
|t:|1666696093
|switch|p1a: Kartana|Kartana, shiny|84/100|[from]move: Teleport
|
|upkeep
|turn|34
|
|t:|1666696097
|switch|p2a: Corviknight|Corviknight, M, shiny|1/100
|-damage|p2a: Corviknight|0 fnt|[from] Stealth Rock
|faint|p2a: Corviknight
|move|p1a: Kartana|Leaf Blade|p2: Corviknight|[notarget]
|-fail|p1a: Kartana
|
|upkeep
|
|t:|1666696106
|switch|p2a: Emveeon|Umbreon, F|69/100
|-damage|p2a: Emveeon|57/100|[from] Stealth Rock
|turn|35
|
|t:|1666696111
|move|p1a: Kartana|Leaf Blade|p2a: Emveeon
|-crit|p2a: Emveeon
|-damage|p2a: Emveeon|0 fnt
|faint|p2a: Emveeon
|-ability|p1a: Kartana|Beast Boost|boost
|-boost|p1a: Kartana|atk|1
|
|upkeep
|
|t:|1666696117
|switch|p2a: Nidoking|Nidoking, M|95/100
|-damage|p2a: Nidoking|89/100|[from] Stealth Rock
|turn|36
|
|t:|1666696119
|move|p2a: Nidoking|Flamethrower|p1a: Kartana
|-supereffective|p1a: Kartana
|-damage|p1a: Kartana|0 fnt
|faint|p1a: Kartana
|
|upkeep
|c|☆playeraccount|choice scarf????/
|c|☆Staticz the Spewpa|Ye
|
|t:|1666696132
|switch|p1a: Slowbro|Slowbro, M, shiny|43/100
|turn|37
|
|t:|1666696137
|switch|p2a: Weavile|Weavile, F|62/100
|-damage|p2a: Weavile|37/100|[from] Stealth Rock
|-ability|p2a: Weavile|Pressure
|move|p1a: Slowbro|Teleport|p1a: Slowbro
|
|t:|1666696142
|switch|p1a: Diancie|Diancie, shiny|100/100|[from]move: Teleport
|
|upkeep
|turn|38
|
|t:|1666696145
|move|p2a: Weavile|Icicle Crash|p1a: Diancie
|-damage|p1a: Diancie|51/100
|move|p1a: Diancie|Diamond Storm|p2a: Weavile
|-supereffective|p2a: Weavile
|-damage|p2a: Weavile|0 fnt
|-boost|p1a: Diancie|def|2
|faint|p2a: Weavile
|
|-heal|p1a: Diancie|57/100|[from] item: Leftovers
|upkeep
|
|t:|1666696151
|switch|p2a: Nidoking|Nidoking, M|89/100
|-damage|p2a: Nidoking|83/100|[from] Stealth Rock
|turn|39
|
|t:|1666696166
|move|p2a: Nidoking|Earth Power|p1a: Diancie
|-supereffective|p1a: Diancie
|-damage|p1a: Diancie|5/100
|move|p1a: Diancie|Body Press|p2a: Nidoking
|-resisted|p2a: Nidoking
|-damage|p2a: Nidoking|48/100
|
|-heal|p1a: Diancie|12/100|[from] item: Leftovers
|upkeep
|turn|40
|
|t:|1666696172
|move|p2a: Nidoking|Earth Power|p1a: Diancie
|-supereffective|p1a: Diancie
|-crit|p1a: Diancie
|-damage|p1a: Diancie|0 fnt
|faint|p1a: Diancie
|
|upkeep
|
|t:|1666696173
|switch|p1a: Slowbro|Slowbro, M, shiny|76/100
|turn|41
|
|t:|1666696178
|move|p2a: Nidoking|Earth Power|p1a: Slowbro
|-damage|p1a: Slowbro|32/100
|move|p1a: Slowbro|Future Sight|p2a: Nidoking
|-start|p1a: Slowbro|move: Future Sight
|
|upkeep
|turn|42
|
|t:|1666696182
|switch|p1a: Nidoqueen|Nidoqueen, F, shiny|3/100
|move|p2a: Nidoking|Earth Power|p1a: Nidoqueen
|-supereffective|p1a: Nidoqueen
|-damage|p1a: Nidoqueen|0 fnt
|faint|p1a: Nidoqueen
|
|upkeep
|
|t:|1666696184
|switch|p1a: Slowbro|Slowbro, M, shiny|65/100
|turn|43
|j| RazorForce21
|
|t:|1666696186
|move|p2a: Nidoking|Earth Power|p1a: Slowbro
|-damage|p1a: Slowbro|17/100
|move|p1a: Slowbro|Slack Off|p1a: Slowbro
|-heal|p1a: Slowbro|67/100
|
|-end|p2a: Nidoking|move: Future Sight
|-supereffective|p2a: Nidoking
|-damage|p2a: Nidoking|0 fnt
|faint|p2a: Nidoking
|upkeep
|
|t:|1666696188
|switch|p2a: Tapu Fini|Tapu Fini|100/100
|-damage|p2a: Tapu Fini|88/100|[from] Stealth Rock
|-fieldstart|move: Misty Terrain|[from] ability: Misty Surge|[of] p2a: Tapu Fini
|turn|44
|
|t:|1666696192
|move|p2a: Tapu Fini|Nature's Madness|p1a: Slowbro|[miss]
|-miss|p2a: Tapu Fini|p1a: Slowbro
|move|p1a: Slowbro|Future Sight|p2a: Tapu Fini
|-start|p1a: Slowbro|move: Future Sight
|
|-heal|p2a: Tapu Fini|94/100|[from] item: Leftovers
|upkeep
|turn|45
|l| RazorForce21
|
|t:|1666696195
|move|p2a: Tapu Fini|Moonblast|p1a: Slowbro
|-damage|p1a: Slowbro|37/100
|move|p1a: Slowbro|Slack Off|p1a: Slowbro
|-heal|p1a: Slowbro|87/100
|
|-heal|p2a: Tapu Fini|99/100|[from] item: Leftovers
|upkeep
|turn|46
|
|t:|1666696198
|move|p2a: Tapu Fini|Whirlpool|p1a: Slowbro
|-resisted|p1a: Slowbro
|-damage|p1a: Slowbro|81/100
|-activate|p1a: Slowbro|move: Whirlpool|[of] p2a: Tapu Fini
|move|p1a: Slowbro|Slack Off|p1a: Slowbro
|-heal|p1a: Slowbro|100/100
|
|-end|p2a: Tapu Fini|move: Future Sight
|-damage|p2a: Tapu Fini|71/100
|-heal|p2a: Tapu Fini|77/100|[from] item: Leftovers
|-damage|p1a: Slowbro|88/100|[from] move: Whirlpool|[partiallytrapped]
|upkeep
|turn|47
|
|t:|1666696202
|move|p2a: Tapu Fini|Taunt|p1a: Slowbro
|-start|p1a: Slowbro|move: Taunt
|move|p1a: Slowbro|Future Sight|p2a: Tapu Fini
|-start|p1a: Slowbro|move: Future Sight
|
|-heal|p2a: Tapu Fini|83/100|[from] item: Leftovers
|-damage|p1a: Slowbro|76/100|[from] move: Whirlpool|[partiallytrapped]
|upkeep
|turn|48
|
|t:|1666696207
|move|p2a: Tapu Fini|Nature's Madness|p1a: Slowbro
|-damage|p1a: Slowbro|38/100
|move|p1a: Slowbro|Counter||[still]
|-fail|p1a: Slowbro
|
|-heal|p2a: Tapu Fini|89/100|[from] item: Leftovers
|-damage|p1a: Slowbro|26/100|[from] move: Whirlpool|[partiallytrapped]
|-fieldend|Misty Terrain
|upkeep
|turn|49
|
|t:|1666696210
|move|p2a: Tapu Fini|Moonblast|p1a: Slowbro
|-damage|p1a: Slowbro|0 fnt
|faint|p1a: Slowbro
|
|win|Staticz the Spewpa
|raw|playeraccount's rating: 1653 &rarr; <strong>1628</strong><br />(-25 for losing)
|raw|Staticz the Spewpa's rating: 1571 &rarr; <strong>1596</strong><br />(+25 for winning)
|l|☆playeraccount
