|raw|<div class="broadcast-blue"><strong>This battle is required to be public due to a player having a name starting with 'lt84jm'.</div>
|j|☆LT84JM Mayorca
|j|☆GuardArc
|t:|1627685557
|gametype|singles
|player|p1|LT84JM Mayorca|will|1623
|player|p2|GuardArc|lance-gen3|1664
|teamsize|p1|6
|teamsize|p2|6
|gen|8
|tier|[Gen 8] OU
|rated|
|rule|Sleep Clause Mod: Limit one foe put to sleep
|rule|Species Clause: Limit one of each Pokémon
|rule|OHKO Clause: OHKO moves are banned
|rule|Evasion Moves Clause: Evasion moves are banned
|rule|Endless Battle Clause: Forcing endless battles is banned
|rule|HP Percentage Mod: HP is shown in percentages
|rule|Dynamax Clause: You cannot dynamax
|clearpoke
|poke|p1|Pelipper, M|
|poke|p1|Volcanion|
|poke|p1|Barraskewda, M|
|poke|p1|Ferrothorn, F|
|poke|p1|Zapdos|
|poke|p1|Tornadus-Therian, M|
|poke|p2|Tapu Lele|
|poke|p2|Garchomp, F|
|poke|p2|Volcarona, M|
|poke|p2|Toxapex, M|
|poke|p2|Ferrothorn, F|
|poke|p2|Mandibuzz, F|
|teampreview
|
|t:|1627685573
|start
|switch|p1a: Volcanion|Volcanion|100/100
|switch|p2a: Tapu Lele|Tapu Lele|100/100
|-fieldstart|move: Psychic Terrain|[from] ability: Psychic Surge|[of] p2a: Tapu Lele
|turn|1
|
|t:|1627685601
|switch|p1a: Ferrothorn|Ferrothorn, F|100/100
|move|p2a: Tapu Lele|Psychic|p1a: Ferrothorn
|-resisted|p1a: Ferrothorn
|-damage|p1a: Ferrothorn|68/100
|-unboost|p1a: Ferrothorn|spd|1
|
|-heal|p1a: Ferrothorn|74/100|[from] item: Leftovers
|upkeep
|turn|2
|
|t:|1627685610
|switch|p2a: Volcarona|Volcarona, M|100/100
|move|p1a: Ferrothorn|Gyro Ball|p2a: Volcarona
|-resisted|p2a: Volcarona
|-damage|p2a: Volcarona|74/100
|
|-heal|p1a: Ferrothorn|80/100|[from] item: Leftovers
|upkeep
|turn|3
|
|t:|1627685648
|switch|p2a: Tapu Lele|Tapu Lele|100/100
|switch|p1a: Volcanion|Volcanion|100/100
|
|upkeep
|turn|4
|
|t:|1627685662
|move|p2a: Tapu Lele|Focus Blast|p1a: Volcanion|[miss]
|-miss|p2a: Tapu Lele|p1a: Volcanion
|move|p1a: Volcanion|Steam Eruption|p2a: Tapu Lele
|-damage|p2a: Tapu Lele|0 fnt
|faint|p2a: Tapu Lele
|
|upkeep
|
|t:|1627685672
|switch|p2a: Toxapex|Toxapex, M|100/100
|turn|5
|
|t:|1627685685
|switch|p1a: Ferrothorn|Ferrothorn, F|80/100
|move|p2a: Toxapex|Knock Off|p1a: Ferrothorn
|-damage|p1a: Ferrothorn|70/100
|-damage|p2a: Toxapex|88/100|[from] ability: Iron Barbs|[of] p1a: Ferrothorn
|-enditem|p1a: Ferrothorn|Leftovers|[from] move: Knock Off|[of] p2a: Toxapex
|
|-fieldend|move: Psychic Terrain
|upkeep
|turn|6
|
|t:|1627685698
|switch|p2a: Garchomp|Garchomp, F|100/100
|move|p1a: Ferrothorn|Stealth Rock|p2a: Garchomp
|-sidestart|p2: GuardArc|move: Stealth Rock
|
|upkeep
|turn|7
|
|t:|1627685709
|move|p2a: Garchomp|Swords Dance|p2a: Garchomp
|-boost|p2a: Garchomp|atk|2
|move|p1a: Ferrothorn|Gyro Ball|p2a: Garchomp
|-damage|p2a: Garchomp|53/100
|-damage|p1a: Ferrothorn|58/100|[from] ability: Rough Skin|[of] p2a: Garchomp
|
|-heal|p2a: Garchomp|60/100|[from] item: Leftovers
|upkeep
|turn|8
|inactive|Battle timer is ON: inactive players will automatically lose when time's up. (requested by GuardArc)
|
|t:|1627685722
|move|p2a: Garchomp|Stone Edge|p1a: Ferrothorn|[miss]
|-miss|p2a: Garchomp|p1a: Ferrothorn
|move|p1a: Ferrothorn|Gyro Ball|p2a: Garchomp
|-damage|p2a: Garchomp|13/100
|-damage|p1a: Ferrothorn|45/100|[from] ability: Rough Skin|[of] p2a: Garchomp
|
|-heal|p2a: Garchomp|19/100|[from] item: Leftovers
|upkeep
|turn|9
|
|t:|1627685726
|move|p2a: Garchomp|Earthquake|p1a: Ferrothorn
|-damage|p1a: Ferrothorn|0 fnt
|faint|p1a: Ferrothorn
|
|-heal|p2a: Garchomp|25/100|[from] item: Leftovers
|upkeep
|
|t:|1627685728
|switch|p1a: Barraskewda|Barraskewda, M|100/100
|turn|10
|
|t:|1627685732
|switch|p2a: Toxapex|Toxapex, M|100/100
|-damage|p2a: Toxapex|88/100|[from] Stealth Rock
|move|p1a: Barraskewda|Flip Turn|p2a: Toxapex
|-resisted|p2a: Toxapex
|-damage|p2a: Toxapex|74/100
|-damage|p1a: Barraskewda|84/100|[from] item: Rocky Helmet|[of] p2a: Toxapex
|
|t:|1627685735
|switch|p1a: Volcanion|Volcanion|100/100|[from]move: Flip Turn
|
|upkeep
|turn|11
|
|t:|1627685741
|switch|p2a: Mandibuzz|Mandibuzz, F|100/100
|move|p1a: Volcanion|Earth Power|p2a: Mandibuzz
|-immune|p2a: Mandibuzz
|
|upkeep
|turn|12
|
|t:|1627685750
|switch|p1a: Zapdos|Zapdos|100/100
|move|p2a: Mandibuzz|Defog|p1a: Zapdos
|-unboost|p1a: Zapdos|evasion|1
|-sideend|p2: GuardArc|Stealth Rock|[from] move: Defog|[of] p2a: Mandibuzz
|
|upkeep
|turn|13
|
|t:|1627685756
|switch|p2a: Ferrothorn|Ferrothorn, F|100/100
|move|p1a: Zapdos|Hurricane|p2a: Ferrothorn
|-damage|p2a: Ferrothorn|64/100
|
|-heal|p2a: Ferrothorn|71/100|[from] item: Leftovers
|upkeep
|turn|14
|
|t:|1627685763
|move|p1a: Zapdos|Hurricane|p2a: Ferrothorn|[miss]
|-miss|p1a: Zapdos|p2a: Ferrothorn
|move|p2a: Ferrothorn|Stealth Rock|p1a: Zapdos
|-sidestart|p1: LT84JM Mayorca|move: Stealth Rock
|
|-heal|p2a: Ferrothorn|77/100|[from] item: Leftovers
|upkeep
|turn|15
|
|t:|1627685789
|switch|p1a: Tornadus|Tornadus-Therian, M|100/100
|move|p2a: Ferrothorn|Leech Seed|p1a: Tornadus
|-start|p1a: Tornadus|move: Leech Seed
|
|-heal|p2a: Ferrothorn|83/100|[from] item: Leftovers
|-damage|p1a: Tornadus|88/100|[from] Leech Seed|[of] p2a: Ferrothorn
|-heal|p2a: Ferrothorn|96/100|[silent]
|upkeep
|turn|16
|
|t:|1627685798
|move|p1a: Tornadus|Knock Off|p2a: Ferrothorn
|-damage|p2a: Ferrothorn|81/100
|-damage|p1a: Tornadus|76/100|[from] ability: Iron Barbs|[of] p2a: Ferrothorn
|-enditem|p2a: Ferrothorn|Leftovers|[from] move: Knock Off|[of] p1a: Tornadus
|move|p2a: Ferrothorn|Gyro Ball|p1a: Tornadus
|-damage|p1a: Tornadus|24/100
|
|-damage|p1a: Tornadus|12/100|[from] Leech Seed|[of] p2a: Ferrothorn
|-heal|p2a: Ferrothorn|94/100|[silent]
|upkeep
|turn|17
|
|t:|1627685806
|switch|p1a: Volcanion|Volcanion|100/100
|-damage|p1a: Volcanion|76/100|[from] Stealth Rock
|move|p2a: Ferrothorn|Gyro Ball|p1a: Volcanion
|-resisted|p1a: Volcanion
|-crit|p1a: Volcanion
|-damage|p1a: Volcanion|63/100
|
|upkeep
|turn|18
|
|t:|1627685813
|move|p2a: Ferrothorn|Protect|p2a: Ferrothorn
|-singleturn|p2a: Ferrothorn|Protect
|move|p1a: Volcanion|Earth Power|p2a: Ferrothorn
|-activate|p2a: Ferrothorn|move: Protect
|
|upkeep
|turn|19
|
|t:|1627685819
|move|p1a: Volcanion|Earth Power|p2a: Ferrothorn
|-damage|p2a: Ferrothorn|60/100
|move|p2a: Ferrothorn|Leech Seed|p1a: Volcanion
|-start|p1a: Volcanion|move: Leech Seed
|
|-damage|p1a: Volcanion|51/100|[from] Leech Seed|[of] p2a: Ferrothorn
|-heal|p2a: Ferrothorn|72/100|[silent]
|upkeep
|turn|20
|
|t:|1627685838
|switch|p1a: Zapdos|Zapdos|100/100
|switch|p2a: Garchomp|Garchomp, F|25/100
|
|-heal|p2a: Garchomp|31/100|[from] item: Leftovers
|upkeep
|turn|21
|
|t:|1627685844
|move|p2a: Garchomp|Stone Edge|p1a: Zapdos|[miss]
|-miss|p2a: Garchomp|p1a: Zapdos
|move|p1a: Zapdos|Hurricane|p2a: Garchomp
|-damage|p2a: Garchomp|0 fnt
|faint|p2a: Garchomp
|
|upkeep
|
|t:|1627685851
|switch|p2a: Ferrothorn|Ferrothorn, F|72/100
|turn|22
|
|t:|1627685860
|switch|p1a: Tornadus|Tornadus-Therian, M|45/100
|move|p2a: Ferrothorn|Leech Seed|p1a: Tornadus
|-start|p1a: Tornadus|move: Leech Seed
|
|-damage|p1a: Tornadus|33/100|[from] Leech Seed|[of] p2a: Ferrothorn
|-heal|p2a: Ferrothorn|85/100|[silent]
|upkeep
|turn|23
|
|t:|1627685864
|move|p1a: Tornadus|Defog|p2a: Ferrothorn
|-unboost|p2a: Ferrothorn|evasion|1
|-sideend|p1: LT84JM Mayorca|Stealth Rock|[from] move: Defog|[of] p1a: Tornadus
|move|p2a: Ferrothorn|Gyro Ball|p1a: Tornadus
|-damage|p1a: Tornadus|0 fnt
|faint|p1a: Tornadus
|
|upkeep
|
|t:|1627685867
|switch|p1a: Volcanion|Volcanion|51/100
|turn|24
|
|t:|1627685870
|move|p2a: Ferrothorn|Protect|p2a: Ferrothorn
|-singleturn|p2a: Ferrothorn|Protect
|move|p1a: Volcanion|Flamethrower|p2a: Ferrothorn
|-activate|p2a: Ferrothorn|move: Protect
|
|upkeep
|turn|25
|
|t:|1627685876
|switch|p1a: Pelipper|Pelipper, M|100/100
|-weather|RainDance|[from] ability: Drizzle|[of] p1a: Pelipper
|switch|p2a: Toxapex|Toxapex, M|100/100
|
|-weather|RainDance|[upkeep]
|upkeep
|turn|26
|
|t:|1627685892
|move|p1a: Pelipper|U-turn|p2a: Toxapex
|-resisted|p2a: Toxapex
|-damage|p2a: Toxapex|98/100
|-damage|p1a: Pelipper|84/100|[from] item: Rocky Helmet|[of] p2a: Toxapex
|
|t:|1627685893
|switch|p1a: Zapdos|Zapdos|100/100|[from]move: U-turn
|move|p2a: Toxapex|Toxic|p1a: Zapdos
|-status|p1a: Zapdos|tox
|
|-weather|RainDance|[upkeep]
|-damage|p1a: Zapdos|94/100 tox|[from] psn
|upkeep
|turn|27
|
|t:|1627685900
|switch|p2a: Ferrothorn|Ferrothorn, F|85/100
|move|p1a: Zapdos|Thunder|p2a: Ferrothorn
|-resisted|p2a: Ferrothorn
|-damage|p2a: Ferrothorn|69/100
|
|-weather|RainDance|[upkeep]
|-damage|p1a: Zapdos|82/100 tox|[from] psn
|upkeep
|turn|28
|
|t:|1627685904
|move|p1a: Zapdos|Hurricane|p2a: Ferrothorn
|-damage|p2a: Ferrothorn|34/100
|move|p2a: Ferrothorn|Stealth Rock|p1a: Zapdos
|-sidestart|p1: LT84JM Mayorca|move: Stealth Rock
|
|-weather|RainDance|[upkeep]
|-damage|p1a: Zapdos|63/100 tox|[from] psn
|upkeep
|turn|29
|
|t:|1627685911
|move|p2a: Ferrothorn|Protect|p2a: Ferrothorn
|-singleturn|p2a: Ferrothorn|Protect
|move|p1a: Zapdos|Roost|p1a: Zapdos
|-heal|p1a: Zapdos|100/100 tox
|-singleturn|p1a: Zapdos|move: Roost
|
|-weather|RainDance|[upkeep]
|-damage|p1a: Zapdos|76/100 tox|[from] psn
|upkeep
|turn|30
|
|t:|1627685917
|switch|p2a: Mandibuzz|Mandibuzz, F|100/100
|move|p1a: Zapdos|Hurricane|p2a: Mandibuzz
|-damage|p2a: Mandibuzz|57/100
|
|-weather|RainDance|[upkeep]
|-damage|p1a: Zapdos|44/100 tox|[from] psn
|upkeep
|turn|31
|
|t:|1627685929
|switch|p2a: Ferrothorn|Ferrothorn, F|34/100
|move|p1a: Zapdos|Thunder|p2a: Ferrothorn
|-resisted|p2a: Ferrothorn
|-damage|p2a: Ferrothorn|16/100
|
|-weather|RainDance|[upkeep]
|-damage|p1a: Zapdos|7/100 tox|[from] psn
|upkeep
|turn|32
|
|t:|1627685949
|move|p2a: Ferrothorn|Protect|p2a: Ferrothorn
|-singleturn|p2a: Ferrothorn|Protect
|move|p1a: Zapdos|Hurricane|p2a: Ferrothorn
|-activate|p2a: Ferrothorn|move: Protect
|
|-weather|none
|-damage|p1a: Zapdos|0 fnt|[from] psn
|faint|p1a: Zapdos
|upkeep
|
|t:|1627685952
|switch|p1a: Pelipper|Pelipper, M|84/100
|-damage|p1a: Pelipper|59/100|[from] Stealth Rock
|-weather|RainDance|[from] ability: Drizzle|[of] p1a: Pelipper
|turn|33
|inactive|GuardArc has 120 seconds left.
|
|t:|1627685983
|move|p1a: Pelipper|Hurricane|p2a: Ferrothorn
|-damage|p2a: Ferrothorn|0 fnt
|faint|p2a: Ferrothorn
|
|-weather|RainDance|[upkeep]
|upkeep
|inactive|GuardArc has 120 seconds left.
|
|t:|1627685988
|switch|p2a: Toxapex|Toxapex, M|100/100
|turn|34
|inactive|GuardArc has 120 seconds left.
|
|t:|1627686024
|move|p1a: Pelipper|Hurricane|p2a: Toxapex
|-damage|p2a: Toxapex|69/100
|-start|p2a: Toxapex|confusion
|-activate|p2a: Toxapex|confusion
|-damage|p2a: Toxapex|66/100|[from] confusion
|
|-weather|RainDance|[upkeep]
|upkeep
|turn|35
|
|t:|1627686032
|move|p1a: Pelipper|Hurricane|p2a: Toxapex
|-damage|p2a: Toxapex|34/100
|-activate|p2a: Toxapex|confusion
|move|p2a: Toxapex|Recover|p2a: Toxapex
|-heal|p2a: Toxapex|84/100
|
|-weather|RainDance|[upkeep]
|upkeep
|turn|36
|
|t:|1627686036
|move|p1a: Pelipper|Hurricane|p2a: Toxapex
|-damage|p2a: Toxapex|51/100
|-activate|p2a: Toxapex|confusion
|move|p2a: Toxapex|Toxic|p1a: Pelipper
|-status|p1a: Pelipper|tox
|
|-weather|RainDance|[upkeep]
|-damage|p1a: Pelipper|53/100 tox|[from] psn
|upkeep
|turn|37
|
|t:|1627686041
|move|p1a: Pelipper|Hurricane|p2a: Toxapex
|-damage|p2a: Toxapex|22/100
|-end|p2a: Toxapex|confusion
|move|p2a: Toxapex|Recover|p2a: Toxapex
|-heal|p2a: Toxapex|72/100
|
|-weather|RainDance|[upkeep]
|-damage|p1a: Pelipper|41/100 tox|[from] psn
|upkeep
|turn|38
|
|t:|1627686048
|move|p1a: Pelipper|Roost|p1a: Pelipper
|-heal|p1a: Pelipper|91/100 tox
|-singleturn|p1a: Pelipper|move: Roost
|move|p2a: Toxapex|Recover|p2a: Toxapex
|-heal|p2a: Toxapex|100/100
|
|-weather|RainDance|[upkeep]
|-damage|p1a: Pelipper|72/100 tox|[from] psn
|upkeep
|turn|39
|
|t:|1627686064
|switch|p1a: Barraskewda|Barraskewda, M|84/100
|-damage|p1a: Barraskewda|72/100|[from] Stealth Rock
|move|p2a: Toxapex|Knock Off|p1a: Barraskewda
|-damage|p1a: Barraskewda|46/100
|-enditem|p1a: Barraskewda|Choice Band|[from] move: Knock Off|[of] p2a: Toxapex
|
|-weather|RainDance|[upkeep]
|upkeep
|turn|40
|
|t:|1627686071
|move|p1a: Barraskewda|Psychic Fangs|p2a: Toxapex
|-supereffective|p2a: Toxapex
|-damage|p2a: Toxapex|66/100
|-damage|p1a: Barraskewda|29/100|[from] item: Rocky Helmet|[of] p2a: Toxapex
|move|p2a: Toxapex|Toxic|p1a: Barraskewda
|-status|p1a: Barraskewda|tox
|
|-weather|none
|-damage|p1a: Barraskewda|23/100 tox|[from] psn
|upkeep
|turn|41
|
|t:|1627686077
|switch|p1a: Pelipper|Pelipper, M|72/100 tox
|-damage|p1a: Pelipper|48/100 tox|[from] Stealth Rock
|-weather|RainDance|[from] ability: Drizzle|[of] p1a: Pelipper
|move|p2a: Toxapex|Recover|p2a: Toxapex
|-heal|p2a: Toxapex|100/100
|
|-weather|RainDance|[upkeep]
|-damage|p1a: Pelipper|41/100 tox|[from] psn
|upkeep
|turn|42
|
|t:|1627686082
|switch|p1a: Barraskewda|Barraskewda, M|23/100 tox
|-damage|p1a: Barraskewda|11/100 tox|[from] Stealth Rock
|move|p2a: Toxapex|Knock Off|p1a: Barraskewda
|-damage|p1a: Barraskewda|0 fnt
|faint|p1a: Barraskewda
|
|-weather|RainDance|[upkeep]
|upkeep
|
|t:|1627686084
|switch|p1a: Volcanion|Volcanion|51/100
|-damage|p1a: Volcanion|26/100|[from] Stealth Rock
|turn|43
|
|t:|1627686087
|move|p1a: Volcanion|Steam Eruption|p2a: Toxapex
|-resisted|p2a: Toxapex
|-damage|p2a: Toxapex|46/100
|move|p2a: Toxapex|Recover|p2a: Toxapex
|-heal|p2a: Toxapex|96/100
|
|-weather|RainDance|[upkeep]
|upkeep
|turn|44
|-message|LT84JM Mayorca forfeited.
|
|win|GuardArc
|l|☆LT84JM Mayorca
|raw|LT84JM Mayorca's rating: 1623 &rarr; <strong>1605</strong><br />(-18 for losing)
|raw|GuardArc's rating: 1664 &rarr; <strong>1682</strong><br />(+18 for winning)
