|j|☆Mick Chiggin
|j|☆Tirkys
|t:|1614013456
|player|p1|Mick Chiggin|burglar|1885
|player|p2|Tirkys|hilda-dueldisk|1749
|teamsize|p1|6
|teamsize|p2|6
|gametype|singles
|gen|8
|tier|[Gen 8] OU
|rated|
|clearpoke
|poke|p1|Kartana|
|poke|p1|Tapu Lele|
|poke|p1|Zeraora|
|poke|p1|Magnezone|
|poke|p1|Moltres|
|poke|p1|Swampert, F|
|poke|p2|Volcarona, F|
|poke|p2|Quagsire, M|
|poke|p2|Xatu, F|
|poke|p2|Mantine, F|
|poke|p2|Drapion, M|
|poke|p2|Ninetales-Alola, M|
|rule|Sleep Clause Mod: Limit one foe put to sleep
|rule|Species Clause: Limit one of each Pokémon
|rule|OHKO Clause: OHKO moves are banned
|rule|Evasion Moves Clause: Evasion moves are banned
|rule|Endless Battle Clause: Forcing endless battles is banned
|rule|HP Percentage Mod: HP is shown in percentages
|rule|Dynamax Clause: You cannot dynamax
|teampreview
|
|t:|1614013475
|start
|switch|p1a: Zeraora|Zeraora|100/100
|switch|p2a: Magician'sRed|Volcarona, F|100/100
|turn|1
|j| weavile reqs
|
|t:|1614013485
|move|p1a: Zeraora|Knock Off|p2a: Magician'sRed
|-damage|p2a: Magician'sRed|73/100
|-enditem|p2a: Magician'sRed|Leftovers|[from] move: Knock Off|[of] p1a: Zeraora
|move|p2a: Magician'sRed|Quiver Dance|p2a: Magician'sRed
|-boost|p2a: Magician'sRed|spa|1
|-boost|p2a: Magician'sRed|spd|1
|-boost|p2a: Magician'sRed|spe|1
|
|upkeep
|turn|2
|
|t:|1614013489
|move|p1a: Zeraora|Volt Switch|p2a: Magician'sRed
|-damage|p2a: Magician'sRed|62/100
|
|t:|1614013494
|switch|p1a: Swampert|Swampert, F|100/100|[from]move: Volt Switch
|move|p2a: Magician'sRed|Fiery Dance|p1a: Swampert
|-resisted|p1a: Swampert
|-damage|p1a: Swampert|82/100
|
|-heal|p1a: Swampert|88/100|[from] item: Leftovers
|upkeep
|turn|3
|
|t:|1614013498
|switch|p2a: ManInTheMirror|Xatu, F|100/100
|move|p1a: Swampert|Earthquake|p2a: ManInTheMirror
|-immune|p2a: ManInTheMirror
|
|-heal|p1a: Swampert|95/100|[from] item: Leftovers
|upkeep
|turn|4
|
|t:|1614013503
|switch|p1a: Zeraora|Zeraora|100/100
|move|p2a: ManInTheMirror|Heat Wave|p1a: Zeraora
|-damage|p1a: Zeraora|74/100
|
|upkeep
|turn|5
|
|t:|1614013508
|switch|p2a: Magician'sRed|Volcarona, F|62/100
|move|p1a: Zeraora|Knock Off|p2a: Magician'sRed
|-damage|p2a: Magician'sRed|44/100
|
|upkeep
|turn|6
|inactive|Battle timer is ON: inactive players will automatically lose when time's up. (requested by Tirkys)
|
|t:|1614013515
|move|p1a: Zeraora|Plasma Fists|p2a: Magician'sRed
|-damage|p2a: Magician'sRed|0 fnt
|-fieldactivate|move: Ion Deluge
|faint|p2a: Magician'sRed
|
|upkeep
|
|t:|1614013519
|switch|p2a: WhiteAlbum|Ninetales-Alola, M|100/100
|-weather|Hail|[from] ability: Snow Warning|[of] p2a: WhiteAlbum
|turn|7
|j| TWOONESEC
|
|t:|1614013526
|move|p2a: WhiteAlbum|Blizzard|p1a: Zeraora
|-damage|p1a: Zeraora|24/100
|-status|p1a: Zeraora|frz
|cant|p1a: Zeraora|frz
|
|-weather|Hail|[upkeep]
|-damage|p1a: Zeraora|18/100 frz|[from] Hail
|upkeep
|turn|8
|
|t:|1614013530
|switch|p1a: Moltres|Moltres|100/100
|move|p2a: WhiteAlbum|Blizzard|p1a: Moltres
|-damage|p1a: Moltres|61/100
|
|-weather|Hail|[upkeep]
|-damage|p1a: Moltres|55/100|[from] Hail
|upkeep
|turn|9
|
|t:|1614013533
|move|p2a: WhiteAlbum|Blizzard|p1a: Moltres
|-damage|p1a: Moltres|16/100
|move|p1a: Moltres|Roost|p1a: Moltres
|-heal|p1a: Moltres|66/100
|-singleturn|p1a: Moltres|move: Roost
|
|-weather|Hail|[upkeep]
|-damage|p1a: Moltres|60/100|[from] Hail
|upkeep
|turn|10
|
|t:|1614013537
|switch|p2a: PurpleHaze|Drapion, M|100/100
|move|p1a: Moltres|Roost|p1a: Moltres
|-heal|p1a: Moltres|100/100
|-singleturn|p1a: Moltres|move: Roost
|
|-weather|Hail|[upkeep]
|-damage|p1a: Moltres|94/100|[from] Hail
|-damage|p2a: PurpleHaze|94/100|[from] Hail
|-heal|p2a: PurpleHaze|100/100|[from] item: Black Sludge
|upkeep
|turn|11
|
|t:|1614013540
|move|p1a: Moltres|Scorching Sands|p2a: PurpleHaze
|-supereffective|p2a: PurpleHaze
|-damage|p2a: PurpleHaze|70/100
|move|p2a: PurpleHaze|Knock Off|p1a: Moltres
|-damage|p1a: Moltres|69/100
|-enditem|p1a: Moltres|Heavy-Duty Boots|[from] move: Knock Off|[of] p2a: PurpleHaze
|
|-weather|none
|-heal|p2a: PurpleHaze|76/100|[from] item: Black Sludge
|upkeep
|turn|12
|
|t:|1614013555
|move|p1a: Moltres|Roost|p1a: Moltres
|-heal|p1a: Moltres|100/100
|-singleturn|p1a: Moltres|move: Roost
|move|p2a: PurpleHaze|Earthquake|p1a: Moltres
|-supereffective|p1a: Moltres
|-damage|p1a: Moltres|64/100
|
|-heal|p2a: PurpleHaze|82/100|[from] item: Black Sludge
|upkeep
|turn|13
|
|t:|1614013559
|move|p1a: Moltres|Scorching Sands|p2a: PurpleHaze
|-supereffective|p2a: PurpleHaze
|-damage|p2a: PurpleHaze|46/100
|move|p2a: PurpleHaze|Knock Off|p1a: Moltres
|-damage|p1a: Moltres|47/100
|-status|p2a: PurpleHaze|brn|[from] ability: Flame Body|[of] p1a: Moltres
|
|-heal|p2a: PurpleHaze|52/100 brn|[from] item: Black Sludge
|-damage|p2a: PurpleHaze|46/100 brn|[from] brn
|upkeep
|turn|14
|
|t:|1614013564
|move|p1a: Moltres|Roost|p1a: Moltres
|-heal|p1a: Moltres|97/100
|-singleturn|p1a: Moltres|move: Roost
|move|p2a: PurpleHaze|Rest|p2a: PurpleHaze
|-status|p2a: PurpleHaze|slp|[from] move: Rest
|-heal|p2a: PurpleHaze|100/100 slp|[silent]
|
|upkeep
|turn|15
|
|t:|1614013569
|switch|p1a: Tapu Lele|Tapu Lele|100/100
|-fieldstart|move: Psychic Terrain|[from] ability: Psychic Surge|[of] p1a: Tapu Lele
|switch|p2a: CatchTheRainbow|Mantine, F|100/100
|
|upkeep
|turn|16
|
|t:|1614013572
|move|p1a: Tapu Lele|Psyshock|p2a: CatchTheRainbow
|-damage|p2a: CatchTheRainbow|22/100
|move|p2a: CatchTheRainbow|Toxic|p1a: Tapu Lele
|-status|p1a: Tapu Lele|tox
|
|-heal|p2a: CatchTheRainbow|28/100|[from] item: Leftovers
|-damage|p1a: Tapu Lele|94/100 tox|[from] psn
|upkeep
|turn|17
|
|t:|1614013576
|switch|p2a: PurpleHaze|Drapion, M|100/100 slp
|move|p1a: Tapu Lele|Psyshock|p2a: PurpleHaze
|-immune|p2a: PurpleHaze
|
|-damage|p1a: Tapu Lele|82/100 tox|[from] psn
|upkeep
|turn|18
|
|t:|1614013584
|switch|p1a: Swampert|Swampert, F|95/100
|cant|p2a: PurpleHaze|slp
|
|-heal|p1a: Swampert|100/100|[from] item: Leftovers
|upkeep
|turn|19
|
|t:|1614013586
|switch|p2a: ManInTheMirror|Xatu, F|100/100
|move|p1a: Swampert|Flip Turn|p2a: ManInTheMirror
|-damage|p2a: ManInTheMirror|72/100
|-damage|p1a: Swampert|84/100|[from] item: Rocky Helmet|[of] p2a: ManInTheMirror
|
|t:|1614013593
|switch|p1a: Tapu Lele|Tapu Lele|82/100 tox|[from]move: Flip Turn
|
|-damage|p1a: Tapu Lele|76/100 tox|[from] psn
|-fieldend|move: Psychic Terrain
|upkeep
|turn|20
|
|t:|1614013600
|switch|p2a: PurpleHaze|Drapion, M|100/100 slp
|move|p1a: Tapu Lele|Moonblast|p2a: PurpleHaze
|-damage|p2a: PurpleHaze|42/100 slp
|
|-heal|p2a: PurpleHaze|48/100 slp|[from] item: Black Sludge
|-damage|p1a: Tapu Lele|64/100 tox|[from] psn
|upkeep
|turn|21
|
|t:|1614013604
|switch|p2a: CatchTheRainbow|Mantine, F|28/100
|move|p1a: Tapu Lele|Moonblast|p2a: CatchTheRainbow
|-damage|p2a: CatchTheRainbow|0 fnt
|faint|p2a: CatchTheRainbow
|
|-damage|p1a: Tapu Lele|46/100 tox|[from] psn
|upkeep
|
|t:|1614013606
|switch|p2a: WhiteAlbum|Ninetales-Alola, M|100/100
|-weather|Hail|[from] ability: Snow Warning|[of] p2a: WhiteAlbum
|turn|22
|
|t:|1614013608
|switch|p1a: Moltres|Moltres|97/100
|move|p2a: WhiteAlbum|Blizzard|p1a: Moltres
|-damage|p1a: Moltres|53/100
|
|-weather|Hail|[upkeep]
|-damage|p1a: Moltres|47/100|[from] Hail
|upkeep
|turn|23
|
|t:|1614013611
|move|p2a: WhiteAlbum|Blizzard|p1a: Moltres
|-damage|p1a: Moltres|3/100
|move|p1a: Moltres|Roost|p1a: Moltres
|-heal|p1a: Moltres|53/100
|-singleturn|p1a: Moltres|move: Roost
|
|-weather|Hail|[upkeep]
|-damage|p1a: Moltres|47/100|[from] Hail
|upkeep
|turn|24
|
|t:|1614013613
|move|p2a: WhiteAlbum|Blizzard|p1a: Moltres
|-damage|p1a: Moltres|3/100
|move|p1a: Moltres|Roost|p1a: Moltres
|-heal|p1a: Moltres|53/100
|-singleturn|p1a: Moltres|move: Roost
|
|-weather|Hail|[upkeep]
|-damage|p1a: Moltres|47/100|[from] Hail
|upkeep
|turn|25
|
|t:|1614013616
|move|p2a: WhiteAlbum|Blizzard|p1a: Moltres
|-damage|p1a: Moltres|4/100
|move|p1a: Moltres|Roost|p1a: Moltres
|-heal|p1a: Moltres|55/100
|-singleturn|p1a: Moltres|move: Roost
|
|-weather|Hail|[upkeep]
|-damage|p1a: Moltres|49/100|[from] Hail
|upkeep
|turn|26
|
|t:|1614013619
|move|p2a: WhiteAlbum|Blizzard|p1a: Moltres
|-damage|p1a: Moltres|8/100
|-status|p1a: Moltres|frz
|cant|p1a: Moltres|frz
|
|-weather|none
|upkeep
|turn|27
|
|t:|1614013624
|-activate|p2a: WhiteAlbum|move: Struggle
|move|p2a: WhiteAlbum|Struggle|p1a: Moltres
|-damage|p1a: Moltres|2/100 frz
|-status|p2a: WhiteAlbum|brn|[from] ability: Flame Body|[of] p1a: Moltres
|-damage|p2a: WhiteAlbum|75/100 brn|[from] recoil
|-curestatus|p1a: Moltres|frz|[from] move: Scorching Sands
|move|p1a: Moltres|Scorching Sands|p2a: WhiteAlbum
|-damage|p2a: WhiteAlbum|55/100 brn
|
|-damage|p2a: WhiteAlbum|49/100 brn|[from] brn
|upkeep
|turn|28
|
|t:|1614013628
|switch|p1a: Swampert|Swampert, F|84/100
|-activate|p2a: WhiteAlbum|move: Struggle
|move|p2a: WhiteAlbum|Struggle|p1a: Swampert
|-damage|p1a: Swampert|81/100
|-damage|p2a: WhiteAlbum|24/100 brn|[from] recoil
|
|-heal|p1a: Swampert|87/100|[from] item: Leftovers
|-damage|p2a: WhiteAlbum|17/100 brn|[from] brn
|upkeep
|turn|29
|
|t:|1614013631
|switch|p2a: ManInTheMirror|Xatu, F|72/100
|move|p1a: Swampert|Flip Turn|p2a: ManInTheMirror
|-damage|p2a: ManInTheMirror|45/100
|-damage|p1a: Swampert|71/100|[from] item: Rocky Helmet|[of] p2a: ManInTheMirror
|
|t:|1614013636
|switch|p1a: Moltres|Moltres|2/100|[from]move: Flip Turn
|
|upkeep
|turn|30
|
|t:|1614013643
|move|p1a: Moltres|Roost|p1a: Moltres
|-heal|p1a: Moltres|52/100
|-singleturn|p1a: Moltres|move: Roost
|move|p2a: ManInTheMirror|Cosmic Power|p2a: ManInTheMirror
|-boost|p2a: ManInTheMirror|def|1
|-boost|p2a: ManInTheMirror|spd|1
|
|upkeep
|turn|31
|
|t:|1614013651
|switch|p1a: Kartana|Kartana|100/100
|move|p2a: ManInTheMirror|Roost|p2a: ManInTheMirror
|-heal|p2a: ManInTheMirror|95/100
|-singleturn|p2a: ManInTheMirror|move: Roost
|
|upkeep
|turn|32
|
|t:|1614013654
|move|p1a: Kartana|Knock Off|p2a: ManInTheMirror
|-supereffective|p2a: ManInTheMirror
|-damage|p2a: ManInTheMirror|0 fnt
|-damage|p1a: Kartana|84/100|[from] item: Rocky Helmet|[of] p2a: ManInTheMirror
|-enditem|p2a: ManInTheMirror|Rocky Helmet|[from] move: Knock Off|[of] p1a: Kartana
|faint|p2a: ManInTheMirror
|-ability|p1a: Kartana|Beast Boost|boost
|-boost|p1a: Kartana|atk|1
|
|upkeep
|
|t:|1614013658
|switch|p2a: WhiteAlbum|Ninetales-Alola, M|17/100 brn
|-weather|Hail|[from] ability: Snow Warning|[of] p2a: WhiteAlbum
|turn|33
|
|t:|1614013661
|switch|p1a: Zeraora|Zeraora|18/100 frz
|move|p2a: WhiteAlbum|Freeze-Dry|p1a: Zeraora
|-damage|p1a: Zeraora|0 fnt
|faint|p1a: Zeraora
|
|-weather|Hail|[upkeep]
|-damage|p2a: WhiteAlbum|11/100 brn|[from] brn
|upkeep
|
|t:|1614013670
|switch|p1a: Moltres|Moltres|52/100
|turn|34
|
|t:|1614013676
|switch|p2a: StarPlatinum|Quagsire, M, shiny|100/100
|move|p1a: Moltres|Roost|p1a: Moltres
|-heal|p1a: Moltres|100/100
|-singleturn|p1a: Moltres|move: Roost
|
|-weather|Hail|[upkeep]
|-damage|p1a: Moltres|94/100|[from] Hail
|-damage|p2a: StarPlatinum|94/100|[from] Hail
|-heal|p2a: StarPlatinum|100/100|[from] item: Leftovers
|upkeep
|turn|35
|
|t:|1614013678
|switch|p1a: Swampert|Swampert, F|71/100
|move|p2a: StarPlatinum|Stockpile|p2a: StarPlatinum
|-start|p2a: StarPlatinum|stockpile1
|-boost|p2a: StarPlatinum|def|1
|-boost|p2a: StarPlatinum|spd|1
|
|-weather|Hail|[upkeep]
|-damage|p1a: Swampert|64/100|[from] Hail
|-damage|p2a: StarPlatinum|94/100|[from] Hail
|-heal|p1a: Swampert|71/100|[from] item: Leftovers
|-heal|p2a: StarPlatinum|100/100|[from] item: Leftovers
|upkeep
|turn|36
|j| Wait2Seconds◀
|
|t:|1614013683
|move|p1a: Swampert|Flip Turn|p2a: StarPlatinum
|-damage|p2a: StarPlatinum|91/100
|
|t:|1614013687
|switch|p1a: Magnezone|Magnezone|100/100|[from]move: Flip Turn
|move|p2a: StarPlatinum|Stockpile|p2a: StarPlatinum
|-start|p2a: StarPlatinum|stockpile2
|-boost|p2a: StarPlatinum|def|1
|-boost|p2a: StarPlatinum|spd|1
|
|-weather|Hail|[upkeep]
|-damage|p1a: Magnezone|94/100|[from] Hail
|-damage|p2a: StarPlatinum|85/100|[from] Hail
|-heal|p1a: Magnezone|100/100|[from] item: Leftovers
|-heal|p2a: StarPlatinum|91/100|[from] item: Leftovers
|upkeep
|turn|37
|j| sapodoasop
|
|t:|1614013710
|move|p1a: Magnezone|Toxic|p2a: StarPlatinum
|-status|p2a: StarPlatinum|tox
|move|p2a: StarPlatinum|Stockpile|p2a: StarPlatinum
|-start|p2a: StarPlatinum|stockpile3
|-boost|p2a: StarPlatinum|def|1
|-boost|p2a: StarPlatinum|spd|1
|
|-weather|none
|-heal|p2a: StarPlatinum|97/100 tox|[from] item: Leftovers
|-damage|p2a: StarPlatinum|91/100 tox|[from] psn
|upkeep
|turn|38
|
|t:|1614013716
|switch|p1a: Swampert|Swampert, F|71/100
|move|p2a: StarPlatinum|Scald|p1a: Swampert
|-damage|p1a: Swampert|59/100
|
|-heal|p1a: Swampert|65/100|[from] item: Leftovers
|-heal|p2a: StarPlatinum|97/100 tox|[from] item: Leftovers
|-damage|p2a: StarPlatinum|85/100 tox|[from] psn
|upkeep
|turn|39
|
|t:|1614013720
|move|p1a: Swampert|Stealth Rock|p2a: StarPlatinum
|-sidestart|p2: Tirkys|move: Stealth Rock
|move|p2a: StarPlatinum|Scald|p1a: Swampert
|-damage|p1a: Swampert|52/100
|-status|p1a: Swampert|brn
|
|-heal|p1a: Swampert|58/100 brn|[from] item: Leftovers
|-heal|p2a: StarPlatinum|91/100 tox|[from] item: Leftovers
|-damage|p1a: Swampert|52/100 brn|[from] brn
|-damage|p2a: StarPlatinum|72/100 tox|[from] psn
|upkeep
|turn|40
|
|t:|1614013728
|move|p1a: Swampert|Flip Turn|p2a: StarPlatinum
|-damage|p2a: StarPlatinum|69/100 tox
|
|t:|1614013733
|switch|p1a: Tapu Lele|Tapu Lele|46/100 tox|[from]move: Flip Turn
|-fieldstart|move: Psychic Terrain|[from] ability: Psychic Surge|[of] p1a: Tapu Lele
|move|p2a: StarPlatinum|Rest|p2a: StarPlatinum
|-status|p2a: StarPlatinum|slp|[from] move: Rest
|-heal|p2a: StarPlatinum|100/100 slp|[silent]
|
|-damage|p1a: Tapu Lele|40/100 tox|[from] psn
|upkeep
|turn|41
|j| NoobMaster345
|
|t:|1614013737
|switch|p1a: Kartana|Kartana|84/100
|cant|p2a: StarPlatinum|slp
|
|upkeep
|turn|42
|
|t:|1614013739
|move|p1a: Kartana|Leaf Blade|p2a: StarPlatinum
|-supereffective|p2a: StarPlatinum
|-damage|p2a: StarPlatinum|0 fnt
|faint|p2a: StarPlatinum
|-ability|p1a: Kartana|Beast Boost|boost
|-boost|p1a: Kartana|atk|1
|
|upkeep
|
|t:|1614013743
|switch|p2a: WhiteAlbum|Ninetales-Alola, M|11/100 brn
|-damage|p2a: WhiteAlbum|0 fnt|[from] Stealth Rock
|faint|p2a: WhiteAlbum
|j| LeastMoonbird
|-message|Tirkys forfeited.
|
|win|Mick Chiggin
|l|☆Tirkys
|c|☆Mick Chiggin|easy
