|html|<div class="broadcast-blue"><strong>[Gen 8] OU is currently suspecting Melmetal! For information on how to participate check out the <a href="https://www.smogon.com/forums/threads/np-ss-ou-suspect-process-round-12-monster-mash.3709234/">suspect thread</a>.</strong></div>
|j|☆OUTD scrwurluck
|j|☆HQSNonsense
|t:|1666456544
|gametype|singles
|player|p1|OUTD scrwurluck|bruno|1687
|player|p2|HQSNonsense|veteranf|1614
|teamsize|p1|6
|teamsize|p2|6
|gen|8
|tier|[Gen 8] OU
|rated|
|rule|Sleep Clause Mod: Limit one foe put to sleep
|rule|Species Clause: Limit one of each Pokémon
|rule|OHKO Clause: OHKO moves are banned
|rule|Evasion Items Clause: Evasion items are banned
|rule|Evasion Moves Clause: Evasion moves are banned
|rule|Endless Battle Clause: Forcing endless battles is banned
|rule|HP Percentage Mod: HP is shown in percentages
|rule|Dynamax Clause: You cannot dynamax
|clearpoke
|poke|p1|Zapdos|
|poke|p1|Pelipper, M|
|poke|p1|Barraskewda, M|
|poke|p1|Ferrothorn, M|
|poke|p1|Seismitoad, F|
|poke|p1|Bisharp, M|
|poke|p2|Dragapult, F|
|poke|p2|Weavile, M|
|poke|p2|Rillaboom, F|
|poke|p2|Nihilego|
|poke|p2|Garchomp, F|
|poke|p2|Celesteela|
|teampreview
|inactive|Battle timer is ON: inactive players will automatically lose when time's up. (requested by HQSNonsense)
|j| xuanxeno
|
|t:|1666456551
|start
|switch|p1a: Pelipper|Pelipper, M|100/100
|switch|p2a: Garchomp|Garchomp, F|100/100
|-weather|RainDance|[from] ability: Drizzle|[of] p1a: Pelipper
|turn|1
|
|t:|1666456556
|move|p2a: Garchomp|Stealth Rock|p1a: Pelipper
|-sidestart|p1: OUTD scrwurluck|move: Stealth Rock
|move|p1a: Pelipper|Scald|p2a: Garchomp
|-damage|p2a: Garchomp|55/100
|
|-weather|RainDance|[upkeep]
|-heal|p2a: Garchomp|61/100|[from] item: Leftovers
|upkeep
|turn|2
|
|t:|1666456564
|move|p2a: Garchomp|Swords Dance|p2a: Garchomp
|-boost|p2a: Garchomp|atk|2
|move|p1a: Pelipper|Hurricane|p2a: Garchomp
|-damage|p2a: Garchomp|24/100
|-start|p2a: Garchomp|confusion
|
|-weather|RainDance|[upkeep]
|-heal|p2a: Garchomp|30/100|[from] item: Leftovers
|upkeep
|turn|3
|j| jklh32123
|
|t:|1666456570
|-activate|p2a: Garchomp|confusion
|-damage|p2a: Garchomp|1/100|[from] confusion
|move|p1a: Pelipper|Scald|p2a: Garchomp
|-damage|p2a: Garchomp|0 fnt
|faint|p2a: Garchomp
|
|-weather|RainDance|[upkeep]
|upkeep
|j| Crowv2
|
|t:|1666456575
|switch|p2a: Nihilego|Nihilego|100/100
|turn|4
|
|t:|1666456592
|switch|p1a: Ferrothorn|Ferrothorn, M|100/100
|-damage|p1a: Ferrothorn|94/100|[from] Stealth Rock
|move|p2a: Nihilego|Meteor Beam||[still]
|-prepare|p2a: Nihilego|Meteor Beam
|-boost|p2a: Nihilego|spa|1
|-enditem|p2a: Nihilego|Power Herb
|-anim|p2a: Nihilego|Meteor Beam|p1a: Ferrothorn
|-resisted|p1a: Ferrothorn
|-damage|p1a: Ferrothorn|65/100
|
|-weather|RainDance|[upkeep]
|-heal|p1a: Ferrothorn|71/100|[from] item: Leftovers
|upkeep
|turn|5
|
|t:|1666456605
|switch|p1a: Zapdos|Zapdos|100/100
|move|p2a: Nihilego|Meteor Beam||[still]
|-prepare|p2a: Nihilego|Meteor Beam
|-boost|p2a: Nihilego|spa|1
|
|-weather|RainDance|[upkeep]
|upkeep
|turn|6
|
|t:|1666456610
|move|p2a: Nihilego|Meteor Beam|p1a: Zapdos|[from]lockedmove
|-supereffective|p1a: Zapdos
|-damage|p1a: Zapdos|0 fnt
|faint|p1a: Zapdos
|-ability|p2a: Nihilego|Beast Boost|boost
|-boost|p2a: Nihilego|spe|1
|
|-weather|RainDance|[upkeep]
|upkeep
|
|t:|1666456616
|switch|p1a: Barraskewda|Barraskewda, M|100/100
|-damage|p1a: Barraskewda|88/100|[from] Stealth Rock
|turn|7
|
|t:|1666456634
|move|p1a: Barraskewda|Liquidation|p2a: Nihilego
|-supereffective|p2a: Nihilego
|-crit|p2a: Nihilego
|-damage|p2a: Nihilego|0 fnt
|faint|p2a: Nihilego
|
|-weather|RainDance|[upkeep]
|upkeep
|
|t:|1666456637
|switch|p2a: Celesteela|Celesteela|100/100
|turn|8
|l| jklh32123
|
|t:|1666456641
|move|p1a: Barraskewda|Liquidation|p2a: Celesteela
|-damage|p2a: Celesteela|0 fnt
|faint|p2a: Celesteela
|
|-weather|none
|upkeep
|
|t:|1666456647
|switch|p2a: Rillaboom|Rillaboom, F|100/100
|-fieldstart|move: Grassy Terrain|[from] ability: Grassy Surge|[of] p2a: Rillaboom
|turn|9
|
|t:|1666456655
|switch|p1a: Ferrothorn|Ferrothorn, M|71/100
|-damage|p1a: Ferrothorn|65/100|[from] Stealth Rock
|move|p2a: Rillaboom|Swords Dance|p2a: Rillaboom
|-boost|p2a: Rillaboom|atk|2
|
|-heal|p1a: Ferrothorn|71/100|[from] Grassy Terrain
|-heal|p1a: Ferrothorn|77/100|[from] item: Leftovers
|upkeep
|turn|10
|
|t:|1666456662
|move|p2a: Rillaboom|Drain Punch|p1a: Ferrothorn
|-supereffective|p1a: Ferrothorn
|-damage|p1a: Ferrothorn|0 fnt
|-damage|p2a: Rillaboom|88/100|[from] ability: Iron Barbs|[of] p1a: Ferrothorn
|faint|p1a: Ferrothorn
|-damage|p2a: Rillaboom|78/100|[from] item: Life Orb
|
|-heal|p2a: Rillaboom|84/100|[from] Grassy Terrain
|upkeep
|
|t:|1666456668
|switch|p1a: Bisharp|Bisharp, M|100/100
|-damage|p1a: Bisharp|95/100|[from] Stealth Rock
|turn|11
|j| mt sabot
|
|t:|1666456671
|move|p1a: Bisharp|Sucker Punch|p2a: Rillaboom
|-damage|p2a: Rillaboom|32/100
|move|p2a: Rillaboom|Drain Punch|p1a: Bisharp
|-supereffective|p1a: Bisharp
|-damage|p1a: Bisharp|0 fnt
|-heal|p2a: Rillaboom|70/100|[from] drain|[of] p1a: Bisharp
|faint|p1a: Bisharp
|-damage|p2a: Rillaboom|60/100|[from] item: Life Orb
|
|-heal|p2a: Rillaboom|66/100|[from] Grassy Terrain
|upkeep
|
|t:|1666456675
|switch|p1a: Pelipper|Pelipper, M|100/100
|-damage|p1a: Pelipper|76/100|[from] Stealth Rock
|-weather|RainDance|[from] ability: Drizzle|[of] p1a: Pelipper
|turn|12
|
|t:|1666456677
|move|p2a: Rillaboom|Grassy Glide|p1a: Pelipper
|-damage|p1a: Pelipper|0 fnt
|faint|p1a: Pelipper
|-damage|p2a: Rillaboom|56/100|[from] item: Life Orb
|
|-weather|RainDance|[upkeep]
|-heal|p2a: Rillaboom|62/100|[from] Grassy Terrain
|upkeep
|-message|OUTD scrwurluck forfeited.
|
|win|HQSNonsense
|raw|OUTD scrwurluck's rating: 1687 &rarr; <strong>1663</strong><br />(-24 for losing)
|raw|HQSNonsense's rating: 1614 &rarr; <strong>1638</strong><br />(+24 for winning)
|j| yaboiAshK.
