|j|☆toxagoat
|j|☆d18l
|t:|1660103652
|gametype|singles
|player|p1|toxagoat|ethan-pokeathlon|1611
|player|p2|d18l|backpacker|1660
|teamsize|p1|6
|teamsize|p2|6
|gen|8
|tier|[Gen 8] OU
|rated|
|rule|Sleep Clause Mod: Limit one foe put to sleep
|rule|Species Clause: Limit one of each Pokémon
|rule|OHKO Clause: OHKO moves are banned
|rule|Evasion Items Clause: Evasion items are banned
|rule|Evasion Moves Clause: Evasion moves are banned
|rule|Endless Battle Clause: Forcing endless battles is banned
|rule|HP Percentage Mod: HP is shown in percentages
|rule|Dynamax Clause: You cannot dynamax
|clearpoke
|poke|p1|Greedent, M|
|poke|p1|Magnezone|
|poke|p1|Ninetales-Alola, M|
|poke|p1|Hatterene, F|
|poke|p1|Gyarados, M|
|poke|p1|Nidoking, M|
|poke|p2|Tapu Koko|
|poke|p2|Victini|
|poke|p2|Landorus-Therian, M|
|poke|p2|Tornadus-Therian, M|
|poke|p2|Rotom-Wash|
|poke|p2|Ferrothorn, F|
|teampreview
|
|t:|1660103702
|start
|switch|p1a: Ninetales|Ninetales-Alola, M|100/100
|switch|p2a: Victini|Victini|100/100
|-weather|Hail|[from] ability: Snow Warning|[of] p1a: Ninetales
|turn|1
|
|t:|1660103747
|move|p1a: Ninetales|Aurora Veil|p1a: Ninetales
|-sidestart|p1: toxagoat|move: Aurora Veil
|move|p2a: Victini|V-create|p1a: Ninetales
|-supereffective|p1a: Ninetales
|-crit|p1a: Ninetales
|-damage|p1a: Ninetales|0 fnt
|-unboost|p2a: Victini|spe|1
|-unboost|p2a: Victini|def|1
|-unboost|p2a: Victini|spd|1
|faint|p1a: Ninetales
|
|-weather|Hail|[upkeep]
|-damage|p2a: Victini|94/100|[from] Hail
|upkeep
|
|t:|1660103767
|switch|p1a: Greedent|Greedent, M, shiny|100/100
|turn|2
|
|t:|1660103777
|move|p2a: Victini|Taunt|p1a: Greedent
|-start|p1a: Greedent|move: Taunt
|cant|p1a: Greedent|move: Taunt|Swords Dance
|
|-weather|Hail|[upkeep]
|-damage|p2a: Victini|88/100|[from] Hail
|-damage|p1a: Greedent|94/100|[from] Hail
|upkeep
|turn|3
|
|t:|1660103783
|move|p2a: Victini|U-turn|p1a: Greedent
|-damage|p1a: Greedent|87/100
|
|t:|1660103840
|switch|p2a: Ferrothorn|Ferrothorn, F|100/100|[from]move: U-turn
|move|p1a: Greedent|Earthquake|p2a: Ferrothorn
|-damage|p2a: Ferrothorn|87/100
|
|-weather|Hail|[upkeep]
|-damage|p1a: Greedent|81/100|[from] Hail
|-damage|p2a: Ferrothorn|81/100|[from] Hail
|upkeep
|turn|4
|
|t:|1660103856
|switch|p1a: Hatterene|Hatterene, F|100/100
|switch|p2a: Landorus|Landorus-Therian, M|100/100
|-ability|p2a: Landorus|Intimidate|boost
|-unboost|p1a: Hatterene|atk|1
|
|-weather|Hail|[upkeep]
|-damage|p2a: Landorus|94/100|[from] Hail
|-damage|p1a: Hatterene|95/100|[from] Hail
|-heal|p2a: Landorus|100/100|[from] item: Leftovers
|-heal|p1a: Hatterene|100/100|[from] item: Leftovers
|upkeep
|turn|5
|
|t:|1660103868
|move|p2a: Landorus|U-turn|p1a: Hatterene
|-damage|p1a: Hatterene|91/100
|
|t:|1660103870
|switch|p2a: Victini|Victini|88/100|[from]move: U-turn
|move|p1a: Hatterene|Calm Mind|p1a: Hatterene
|-boost|p1a: Hatterene|spa|1
|-boost|p1a: Hatterene|spd|1
|
|-weather|none
|-heal|p1a: Hatterene|97/100|[from] item: Leftovers
|upkeep
|turn|6
|
|t:|1660103881
|move|p2a: Victini|V-create|p1a: Hatterene
|-damage|p1a: Hatterene|63/100
|-unboost|p2a: Victini|spe|1
|-unboost|p2a: Victini|def|1
|-unboost|p2a: Victini|spd|1
|move|p1a: Hatterene|Psyshock|p2a: Victini
|-resisted|p2a: Victini
|-damage|p2a: Victini|46/100
|
|-heal|p1a: Hatterene|69/100|[from] item: Leftovers
|upkeep
|turn|7
|
|t:|1660103889
|move|p2a: Victini|Bolt Strike|p1a: Hatterene
|-damage|p1a: Hatterene|53/100
|-status|p1a: Hatterene|par
|move|p1a: Hatterene|Draining Kiss|p2a: Victini
|-resisted|p2a: Victini
|-damage|p2a: Victini|22/100
|-heal|p1a: Hatterene|72/100 par|[from] drain|[of] p2a: Victini
|
|-heal|p1a: Hatterene|78/100 par|[from] item: Leftovers
|upkeep
|turn|8
|
|t:|1660103896
|move|p2a: Victini|V-create|p1a: Hatterene
|-damage|p1a: Hatterene|45/100 par
|-unboost|p2a: Victini|spe|1
|-unboost|p2a: Victini|def|1
|-unboost|p2a: Victini|spd|1
|move|p1a: Hatterene|Psyshock|p2a: Victini
|-resisted|p2a: Victini
|-damage|p2a: Victini|0 fnt
|faint|p2a: Victini
|
|-heal|p1a: Hatterene|51/100 par|[from] item: Leftovers
|-sideend|p1: toxagoat|move: Aurora Veil
|upkeep
|
|t:|1660103912
|switch|p2a: Landorus|Landorus-Therian, M|100/100
|-ability|p2a: Landorus|Intimidate|boost
|-unboost|p1a: Hatterene|atk|1
|turn|9
|
|t:|1660103938
|move|p2a: Landorus|Earthquake|p1a: Hatterene
|-damage|p1a: Hatterene|13/100 par
|move|p1a: Hatterene|Draining Kiss|p2a: Landorus
|-damage|p2a: Landorus|71/100
|-heal|p1a: Hatterene|40/100 par|[from] drain|[of] p2a: Landorus
|
|-heal|p2a: Landorus|77/100|[from] item: Leftovers
|-heal|p1a: Hatterene|46/100 par|[from] item: Leftovers
|upkeep
|turn|10
|
|t:|1660103969
|move|p2a: Landorus|Earthquake|p1a: Hatterene
|-damage|p1a: Hatterene|7/100 par
|cant|p1a: Hatterene|par
|
|-heal|p2a: Landorus|83/100|[from] item: Leftovers
|-heal|p1a: Hatterene|13/100 par|[from] item: Leftovers
|upkeep
|turn|11
|
|t:|1660104003
|move|p2a: Landorus|U-turn|p1a: Hatterene
|-damage|p1a: Hatterene|0 fnt
|faint|p1a: Hatterene
|
|t:|1660104009
|switch|p2a: Rotom|Rotom-Wash|100/100|[from]move: U-turn
|
|upkeep
|
|t:|1660104025
|switch|p1a: Greedent|Greedent, M, shiny|81/100
|turn|12
|
|t:|1660104050
|move|p2a: Rotom|Toxic|p1a: Greedent
|-status|p1a: Greedent|tox
|move|p1a: Greedent|Stuff Cheeks|p1a: Greedent
|-enditem|p1a: Greedent|Apicot Berry|[eat]
|-boost|p1a: Greedent|spd|1|[from] item: Apicot Berry
|-heal|p1a: Greedent|100/100 tox|[from] ability: Cheek Pouch
|-boost|p1a: Greedent|def|2
|
|-damage|p1a: Greedent|94/100 tox|[from] psn
|upkeep
|turn|13
|
|t:|1660104068
|move|p2a: Rotom|Volt Switch|p1a: Greedent
|-damage|p1a: Greedent|78/100 tox
|
|t:|1660104072
|switch|p2a: Ferrothorn|Ferrothorn, F|81/100|[from]move: Volt Switch
|move|p1a: Greedent|Swords Dance|p1a: Greedent
|-boost|p1a: Greedent|atk|2
|
|-damage|p1a: Greedent|66/100 tox|[from] psn
|upkeep
|turn|14
|
|t:|1660104078
|move|p1a: Greedent|Earthquake|p2a: Ferrothorn
|-damage|p2a: Ferrothorn|52/100
|move|p2a: Ferrothorn|Body Press|p1a: Greedent
|-supereffective|p1a: Greedent
|-damage|p1a: Greedent|43/100 tox
|
|-damage|p1a: Greedent|25/100 tox|[from] psn
|upkeep
|turn|15
|
|t:|1660104104
|move|p1a: Greedent|Last Resort|p2a: Ferrothorn
|-resisted|p2a: Ferrothorn
|-damage|p2a: Ferrothorn|25/100
|-damage|p1a: Greedent|12/100 tox|[from] ability: Iron Barbs|[of] p2a: Ferrothorn
|-damage|p1a: Greedent|0 fnt|[from] item: Rocky Helmet|[of] p2a: Ferrothorn
|faint|p1a: Greedent
|move|p2a: Ferrothorn|Stealth Rock|p1: Greedent
|-sidestart|p1: toxagoat|move: Stealth Rock
|
|upkeep
|
|t:|1660104108
|switch|p1a: Magnezone|Magnezone|100/100
|-damage|p1a: Magnezone|94/100|[from] Stealth Rock
|turn|16
|inactive|Battle timer is ON: inactive players will automatically lose when time's up. (requested by d18l)
|
|t:|1660104135
|move|p1a: Magnezone|Iron Defense|p1a: Magnezone
|-boost|p1a: Magnezone|def|2
|move|p2a: Ferrothorn|Leech Seed|p1a: Magnezone
|-start|p1a: Magnezone|move: Leech Seed
|
|-heal|p1a: Magnezone|100/100|[from] item: Leftovers
|-damage|p1a: Magnezone|88/100|[from] Leech Seed|[of] p2a: Ferrothorn
|-heal|p2a: Ferrothorn|37/100|[silent]
|upkeep
|turn|17
|
|t:|1660104139
|move|p1a: Magnezone|Body Press|p2a: Ferrothorn
|-supereffective|p2a: Ferrothorn
|-damage|p2a: Ferrothorn|0 fnt
|-damage|p1a: Magnezone|76/100|[from] ability: Iron Barbs|[of] p2a: Ferrothorn
|-damage|p1a: Magnezone|59/100|[from] item: Rocky Helmet|[of] p2a: Ferrothorn
|faint|p2a: Ferrothorn
|
|-heal|p1a: Magnezone|65/100|[from] item: Leftovers
|upkeep
|
|t:|1660104149
|switch|p2a: Landorus|Landorus-Therian, M|83/100
|-ability|p2a: Landorus|Intimidate|boost
|-unboost|p1a: Magnezone|atk|1
|turn|18
|
|t:|1660104158
|switch|p1a: Gyarados|Gyarados, M|100/100
|-damage|p1a: Gyarados|76/100|[from] Stealth Rock
|move|p2a: Landorus|Earthquake|p1a: Gyarados
|-immune|p1a: Gyarados
|
|-heal|p1a: Gyarados|82/100|[from] item: Leftovers
|-heal|p2a: Landorus|89/100|[from] item: Leftovers
|upkeep
|turn|19
|
|t:|1660104175
|switch|p2a: Rotom|Rotom-Wash|100/100
|move|p1a: Gyarados|Dragon Dance|p1a: Gyarados
|-boost|p1a: Gyarados|atk|1
|-boost|p1a: Gyarados|spe|1
|
|-heal|p1a: Gyarados|88/100|[from] item: Leftovers
|upkeep
|turn|20
|
|t:|1660104178
|move|p1a: Gyarados|Substitute|p1a: Gyarados
|-start|p1a: Gyarados|Substitute
|-damage|p1a: Gyarados|63/100
|move|p2a: Rotom|Volt Switch|p1a: Gyarados
|-supereffective|p1a: Gyarados
|-end|p1a: Gyarados|Substitute
|
|t:|1660104185
|switch|p2a: Tapu Koko|Tapu Koko|100/100|[from]move: Volt Switch
|-fieldstart|move: Electric Terrain|[from] ability: Electric Surge|[of] p2a: Tapu Koko
|
|-heal|p1a: Gyarados|69/100|[from] item: Leftovers
|upkeep
|turn|21
|
|t:|1660104190
|switch|p2a: Rotom|Rotom-Wash|100/100
|move|p1a: Gyarados|Waterfall|p2a: Rotom
|-resisted|p2a: Rotom
|-damage|p2a: Rotom|71/100
|-damage|p1a: Gyarados|52/100|[from] item: Rocky Helmet|[of] p2a: Rotom
|
|-heal|p1a: Gyarados|59/100|[from] item: Leftovers
|upkeep
|turn|22
|inactive|toxagoat has 120 seconds left.
|
|t:|1660104221
|move|p1a: Gyarados|Substitute|p1a: Gyarados
|-start|p1a: Gyarados|Substitute
|-damage|p1a: Gyarados|34/100
|move|p2a: Rotom|Volt Switch|p1a: Gyarados
|-supereffective|p1a: Gyarados
|-end|p1a: Gyarados|Substitute
|
|t:|1660104226
|switch|p2a: Landorus|Landorus-Therian, M|89/100|[from]move: Volt Switch
|-ability|p2a: Landorus|Intimidate|boost
|-unboost|p1a: Gyarados|atk|1
|
|-heal|p1a: Gyarados|40/100|[from] item: Leftovers
|-heal|p2a: Landorus|95/100|[from] item: Leftovers
|upkeep
|turn|23
|inactive|toxagoat has 120 seconds left.
|
|t:|1660104257
|switch|p2a: Rotom|Rotom-Wash|71/100
|move|p1a: Gyarados|Substitute|p1a: Gyarados
|-start|p1a: Gyarados|Substitute
|-damage|p1a: Gyarados|15/100
|
|-heal|p1a: Gyarados|21/100|[from] item: Leftovers
|upkeep
|turn|24
|
|t:|1660104264
|move|p1a: Gyarados|Dragon Dance|p1a: Gyarados
|-boost|p1a: Gyarados|atk|1
|-boost|p1a: Gyarados|spe|1
|move|p2a: Rotom|Volt Switch|p1a: Gyarados
|-supereffective|p1a: Gyarados
|-end|p1a: Gyarados|Substitute
|
|t:|1660104266
|switch|p2a: Landorus|Landorus-Therian, M|95/100|[from]move: Volt Switch
|-ability|p2a: Landorus|Intimidate|boost
|-unboost|p1a: Gyarados|atk|1
|
|-heal|p1a: Gyarados|27/100|[from] item: Leftovers
|-heal|p2a: Landorus|100/100|[from] item: Leftovers
|-fieldend|move: Electric Terrain
|upkeep
|turn|25
|
|t:|1660104276
|switch|p2a: Rotom|Rotom-Wash|71/100
|move|p1a: Gyarados|Dragon Dance|p1a: Gyarados
|-boost|p1a: Gyarados|atk|1
|-boost|p1a: Gyarados|spe|1
|
|-heal|p1a: Gyarados|33/100|[from] item: Leftovers
|upkeep
|turn|26
|
|t:|1660104283
|move|p1a: Gyarados|Waterfall|p2a: Rotom
|-resisted|p2a: Rotom
|-damage|p2a: Rotom|44/100
|-damage|p1a: Gyarados|17/100|[from] item: Rocky Helmet|[of] p2a: Rotom
|move|p2a: Rotom|Volt Switch|p1a: Gyarados
|-supereffective|p1a: Gyarados
|-crit|p1a: Gyarados
|-damage|p1a: Gyarados|0 fnt
|faint|p1a: Gyarados
|
|t:|1660104289
|switch|p2a: Tornadus|Tornadus-Therian, M|100/100|[from]move: Volt Switch
|
|upkeep
|
|t:|1660104304
|switch|p1a: Magnezone|Magnezone|65/100
|-damage|p1a: Magnezone|59/100|[from] Stealth Rock
|turn|27
|
|t:|1660104308
|move|p2a: Tornadus|U-turn|p1a: Magnezone
|-resisted|p1a: Magnezone
|-damage|p1a: Magnezone|54/100
|
|t:|1660104310
|switch|p2a: Landorus|Landorus-Therian, M|100/100|[from]move: U-turn
|-ability|p2a: Landorus|Intimidate|boost
|-unboost|p1a: Magnezone|atk|1
|move|p1a: Magnezone|Magnet Rise|p1a: Magnezone
|-start|p1a: Magnezone|Magnet Rise
|
|-heal|p1a: Magnezone|60/100|[from] item: Leftovers
|upkeep
|turn|28
|
|t:|1660104316
|move|p2a: Landorus|U-turn|p1a: Magnezone
|-resisted|p1a: Magnezone
|-damage|p1a: Magnezone|52/100
|
|t:|1660104322
|switch|p2a: Rotom|Rotom-Wash|44/100|[from]move: U-turn
|move|p1a: Magnezone|Iron Defense|p1a: Magnezone
|-boost|p1a: Magnezone|def|2
|
|-heal|p1a: Magnezone|58/100|[from] item: Leftovers
|upkeep
|turn|29
|
|t:|1660104334
|move|p2a: Rotom|Hydro Pump|p1a: Magnezone
|-damage|p1a: Magnezone|12/100
|move|p1a: Magnezone|Body Press|p2a: Rotom
|-damage|p2a: Rotom|0 fnt
|-damage|p1a: Magnezone|0 fnt|[from] item: Rocky Helmet|[of] p2a: Rotom
|faint|p2a: Rotom
|faint|p1a: Magnezone
|
|upkeep
|
|t:|1660104340
|switch|p2a: Tornadus|Tornadus-Therian, M|100/100
|switch|p1a: Nidoking|Nidoking, M|100/100
|-damage|p1a: Nidoking|95/100|[from] Stealth Rock
|turn|30
|
|t:|1660104346
|move|p2a: Tornadus|Knock Off|p1a: Nidoking
|-damage|p1a: Nidoking|65/100
|-enditem|p1a: Nidoking|Life Orb|[from] move: Knock Off|[of] p2a: Tornadus
|move|p1a: Nidoking|Ice Beam|p2a: Tornadus
|-supereffective|p2a: Tornadus
|-damage|p2a: Tornadus|52/100
|
|upkeep
|turn|31
|
|t:|1660104360
|move|p2a: Tornadus|Heat Wave|p1a: Nidoking
|-damage|p1a: Nidoking|33/100
|move|p1a: Nidoking|Ice Beam|p2a: Tornadus
|-supereffective|p2a: Tornadus
|-damage|p2a: Tornadus|7/100
|
|upkeep
|turn|32
|
|t:|1660104370
|move|p2a: Tornadus|U-turn|p1a: Nidoking
|-resisted|p1a: Nidoking
|-damage|p1a: Nidoking|22/100
|
|t:|1660104372
|switch|p2a: Landorus|Landorus-Therian, M|100/100|[from]move: U-turn
|-ability|p2a: Landorus|Intimidate|boost
|-unboost|p1a: Nidoking|atk|1
|move|p1a: Nidoking|Sludge Wave|p2a: Landorus
|-resisted|p2a: Landorus
|-damage|p2a: Landorus|78/100
|
|-heal|p2a: Landorus|84/100|[from] item: Leftovers
|upkeep
|turn|33
|
|t:|1660104375
|move|p1a: Nidoking|Ice Beam|p2a: Landorus
|-supereffective|p2a: Landorus
|-damage|p2a: Landorus|0 fnt
|faint|p2a: Landorus
|
|upkeep
|
|t:|1660104377
|switch|p2a: Tapu Koko|Tapu Koko|100/100
|-fieldstart|move: Electric Terrain|[from] ability: Electric Surge|[of] p2a: Tapu Koko
|turn|34
|
|t:|1660104379
|move|p2a: Tapu Koko|Grass Knot|p1a: Nidoking
|-damage|p1a: Nidoking|0 fnt
|faint|p1a: Nidoking
|
|win|d18l
|raw|toxagoat's rating: 1611 &rarr; <strong>1594</strong><br />(-17 for losing)
|raw|d18l's rating: 1660 &rarr; <strong>1677</strong><br />(+17 for winning)
||Ladder isn't responding, score probably updated but might not have (Request timeout).
