|raw|<div class="broadcast-blue"><strong>This battle is required to be public due to a player having a name starting with 'lt84jm'.</div>
|j|☆Lt84 jm lio
|j|☆BestixL ☾
|t:|1627158586
|gametype|singles
|player|p1|Lt84 jm lio|lady-gen4|1805
|player|p2|BestixL ☾|lass-gen4dp|1915
|teamsize|p1|6
|teamsize|p2|6
|gen|8
|tier|[Gen 8] OU
|rated|
|rule|Sleep Clause Mod: Limit one foe put to sleep
|rule|Species Clause: Limit one of each Pokémon
|rule|OHKO Clause: OHKO moves are banned
|rule|Evasion Moves Clause: Evasion moves are banned
|rule|Endless Battle Clause: Forcing endless battles is banned
|rule|HP Percentage Mod: HP is shown in percentages
|rule|Dynamax Clause: You cannot dynamax
|clearpoke
|poke|p1|Kyurem|
|poke|p1|Toxapex, F|
|poke|p1|Ferrothorn, M|
|poke|p1|Dragapult, M|
|poke|p1|Landorus-Therian, M|
|poke|p1|Buzzwole|
|poke|p2|Scizor, F|
|poke|p2|Magnezone|
|poke|p2|Mamoswine, M|
|poke|p2|Tornadus-Therian, M|
|poke|p2|Landorus-Therian, M|
|poke|p2|Toxapex, M|
|teampreview
|inactive|Battle timer is ON: inactive players will automatically lose when time's up. (requested by BestixL ☾)
|j| jefo
|
|t:|1627158613
|start
|switch|p1a: Dragapult|Dragapult, M|100/100
|switch|p2a: just friends|Toxapex, M|100/100
|turn|1
|
|t:|1627158623
|switch|p1a: Toxapex|Toxapex, F|100/100
|move|p2a: just friends|Scald|p1a: Toxapex
|-resisted|p1a: Toxapex
|-damage|p1a: Toxapex|96/100
|
|upkeep
|turn|2
|
|t:|1627158628
|move|p2a: just friends|Scald|p1a: Toxapex
|-resisted|p1a: Toxapex
|-damage|p1a: Toxapex|90/100
|move|p1a: Toxapex|Knock Off|p2a: just friends
|-damage|p2a: just friends|88/100
|-enditem|p2a: just friends|Black Sludge|[from] move: Knock Off|[of] p1a: Toxapex
|
|upkeep
|turn|3
|j| Empo
|
|t:|1627158640
|switch|p1a: Ferrothorn|Ferrothorn, M|100/100
|move|p2a: just friends|Scald|p1a: Ferrothorn
|-resisted|p1a: Ferrothorn
|-damage|p1a: Ferrothorn|95/100
|
|-heal|p1a: Ferrothorn|100/100|[from] item: Leftovers
|upkeep
|turn|4
|
|t:|1627158649
|move|p2a: just friends|Scald|p1a: Ferrothorn
|-resisted|p1a: Ferrothorn
|-damage|p1a: Ferrothorn|95/100
|move|p1a: Ferrothorn|Leech Seed|p2a: just friends
|-start|p2a: just friends|move: Leech Seed
|
|-heal|p1a: Ferrothorn|100/100|[from] item: Leftovers
|-damage|p2a: just friends|76/100|[from] Leech Seed|[of] p1a: Ferrothorn
|upkeep
|turn|5
|
|t:|1627158654
|move|p2a: just friends|Scald|p1a: Ferrothorn
|-resisted|p1a: Ferrothorn
|-damage|p1a: Ferrothorn|95/100
|move|p1a: Ferrothorn|Leech Seed||[still]
|-fail|p1a: Ferrothorn
|
|-heal|p1a: Ferrothorn|100/100|[from] item: Leftovers
|-damage|p2a: just friends|64/100|[from] Leech Seed|[of] p1a: Ferrothorn
|upkeep
|turn|6
|
|t:|1627158659
|move|p2a: just friends|Scald|p1a: Ferrothorn
|-resisted|p1a: Ferrothorn
|-damage|p1a: Ferrothorn|95/100
|-status|p1a: Ferrothorn|brn
|move|p1a: Ferrothorn|Spikes|p2a: just friends
|-sidestart|p2: BestixL ☾|Spikes
|
|-heal|p1a: Ferrothorn|100/100 brn|[from] item: Leftovers
|-damage|p2a: just friends|51/100|[from] Leech Seed|[of] p1a: Ferrothorn
|-damage|p1a: Ferrothorn|94/100 brn|[from] brn
|upkeep
|turn|7
|
|t:|1627158670
|switch|p2a: Yotsuba|Tornadus-Therian, M|100/100
|switch|p1a: Dragapult|Dragapult, M|100/100
|
|upkeep
|turn|8
|
|t:|1627158678
|move|p1a: Dragapult|Dragon Darts|p2a: Yotsuba
|-damage|p2a: Yotsuba|60/100
|-anim|p1a: Dragapult|Dragon Darts|p2a: Yotsuba
|-damage|p2a: Yotsuba|19/100
|move|p2a: Yotsuba|Knock Off|p1a: Dragapult
|-supereffective|p1a: Dragapult
|-damage|p1a: Dragapult|48/100
|-enditem|p1a: Dragapult|Choice Band|[from] move: Knock Off|[of] p2a: Yotsuba
|
|upkeep
|turn|9
|
|t:|1627158690
|switch|p2a: Itsuki|Scizor, F|100/100
|move|p1a: Dragapult|Will-O-Wisp|p2a: Itsuki
|-status|p2a: Itsuki|brn
|
|-damage|p2a: Itsuki|94/100 brn|[from] brn
|upkeep
|turn|10
|
|t:|1627158702
|move|p1a: Dragapult|U-turn|p2a: Itsuki
|-resisted|p2a: Itsuki
|-damage|p2a: Itsuki|84/100 brn
|
|t:|1627158714
|switch|p1a: Landorus|Landorus-Therian, M|100/100|[from]move: U-turn
|-ability|p1a: Landorus|Intimidate|boost
|-unboost|p2a: Itsuki|atk|1
|move|p2a: Itsuki|U-turn|p1a: Landorus
|-resisted|p1a: Landorus
|-damage|p1a: Landorus|95/100
|
|t:|1627158719
|switch|p2a: 2 soon|Mamoswine, M|100/100|[from]move: U-turn
|-damage|p2a: 2 soon|88/100|[from] Spikes
|
|-heal|p2a: 2 soon|94/100|[from] item: Leftovers
|-heal|p1a: Landorus|100/100|[from] item: Leftovers
|upkeep
|turn|11
|
|t:|1627158722
|switch|p2a: Yotsuba|Tornadus-Therian, M|53/100
|switch|p1a: Buzzwole|Buzzwole|100/100
|
|upkeep
|turn|12
|
|t:|1627158729
|move|p2a: Yotsuba|Knock Off|p1a: Buzzwole
|-resisted|p1a: Buzzwole
|-damage|p1a: Buzzwole|95/100
|-damage|p2a: Yotsuba|36/100|[from] item: Rocky Helmet|[of] p1a: Buzzwole
|-enditem|p1a: Buzzwole|Rocky Helmet|[from] move: Knock Off|[of] p2a: Yotsuba
|move|p1a: Buzzwole|Ice Punch|p2a: Yotsuba
|-supereffective|p2a: Yotsuba
|-damage|p2a: Yotsuba|0 fnt
|faint|p2a: Yotsuba
|-ability|p1a: Buzzwole|Beast Boost|boost
|-boost|p1a: Buzzwole|def|1
|
|upkeep
|j| HYper
|j| Koromo Shiranui
|
|t:|1627158739
|switch|p2a: WA-R-R|Landorus-Therian, M|100/100
|-ability|p2a: WA-R-R|Intimidate|boost
|-unboost|p1a: Buzzwole|atk|1
|turn|13
|
|t:|1627158749
|switch|p1a: Landorus|Landorus-Therian, M|100/100
|-ability|p1a: Landorus|Intimidate|boost
|-unboost|p2a: WA-R-R|atk|1
|move|p2a: WA-R-R|Stealth Rock|p1a: Landorus
|-sidestart|p1: Lt84 jm lio|move: Stealth Rock
|
|upkeep
|turn|14
|
|t:|1627158757
|move|p1a: Landorus|Stealth Rock|p2a: WA-R-R
|-sidestart|p2: BestixL ☾|move: Stealth Rock
|move|p2a: WA-R-R|Knock Off|p1a: Landorus
|-damage|p1a: Landorus|79/100
|-enditem|p1a: Landorus|Leftovers|[from] move: Knock Off|[of] p2a: WA-R-R
|
|upkeep
|turn|15
|
|t:|1627158773
|move|p2a: WA-R-R|U-turn|p1a: Landorus
|-resisted|p1a: Landorus
|-damage|p1a: Landorus|72/100
|j| xasahbae
|
|t:|1627158780
|switch|p2a: just friends|Toxapex, M|85/100|[from]move: U-turn
|-damage|p2a: just friends|72/100|[from] Spikes
|-damage|p2a: just friends|60/100|[from] Stealth Rock
|move|p1a: Landorus|U-turn|p2a: just friends
|-resisted|p2a: just friends
|-damage|p2a: just friends|52/100
|
|t:|1627158786
|switch|p1a: Ferrothorn|Ferrothorn, M|94/100 brn|[from]move: U-turn
|-damage|p1a: Ferrothorn|88/100 brn|[from] Stealth Rock
|
|-heal|p1a: Ferrothorn|94/100 brn|[from] item: Leftovers
|-damage|p1a: Ferrothorn|88/100 brn|[from] brn
|upkeep
|turn|16
|j| LT84JM pop smoke
|
|t:|1627158792
|move|p2a: just friends|Recover|p2a: just friends
|-heal|p2a: just friends|100/100
|move|p1a: Ferrothorn|Leech Seed|p2a: just friends
|-start|p2a: just friends|move: Leech Seed
|
|-heal|p1a: Ferrothorn|94/100 brn|[from] item: Leftovers
|-damage|p2a: just friends|88/100|[from] Leech Seed|[of] p1a: Ferrothorn
|-heal|p1a: Ferrothorn|100/100 brn|[silent]
|-damage|p1a: Ferrothorn|94/100 brn|[from] brn
|upkeep
|turn|17
|j| OnGroveStreet
|
|t:|1627158795
|switch|p2a: the reaper|Magnezone|100/100
|-damage|p2a: the reaper|94/100|[from] Stealth Rock
|-damage|p2a: the reaper|82/100|[from] Spikes
|move|p1a: Ferrothorn|Leech Seed|p2a: the reaper
|-start|p2a: the reaper|move: Leech Seed
|
|-heal|p2a: the reaper|88/100|[from] item: Leftovers
|-heal|p1a: Ferrothorn|100/100 brn|[from] item: Leftovers
|-damage|p2a: the reaper|76/100|[from] Leech Seed|[of] p1a: Ferrothorn
|-damage|p1a: Ferrothorn|94/100 brn|[from] brn
|upkeep
|turn|18
|
|t:|1627158802
|move|p2a: the reaper|Iron Defense|p2a: the reaper
|-boost|p2a: the reaper|def|2
|move|p1a: Ferrothorn|Spikes|p2a: the reaper
|-sidestart|p2: BestixL ☾|Spikes
|
|-heal|p2a: the reaper|82/100|[from] item: Leftovers
|-heal|p1a: Ferrothorn|100/100 brn|[from] item: Leftovers
|-damage|p2a: the reaper|69/100|[from] Leech Seed|[of] p1a: Ferrothorn
|-damage|p1a: Ferrothorn|94/100 brn|[from] brn
|upkeep
|turn|19
|
|t:|1627158805
|move|p2a: the reaper|Iron Defense|p2a: the reaper
|-boost|p2a: the reaper|def|2
|move|p1a: Ferrothorn|Spikes|p2a: the reaper
|-sidestart|p2: BestixL ☾|Spikes
|
|-heal|p2a: the reaper|75/100|[from] item: Leftovers
|-heal|p1a: Ferrothorn|100/100 brn|[from] item: Leftovers
|-damage|p2a: the reaper|63/100|[from] Leech Seed|[of] p1a: Ferrothorn
|-damage|p1a: Ferrothorn|94/100 brn|[from] brn
|upkeep
|turn|20
|
|t:|1627158808
|move|p2a: the reaper|Iron Defense|p2a: the reaper
|-boost|p2a: the reaper|def|2
|move|p1a: Ferrothorn|Knock Off|p2a: the reaper
|-damage|p2a: the reaper|61/100
|-enditem|p2a: the reaper|Leftovers|[from] move: Knock Off|[of] p1a: Ferrothorn
|
|-heal|p1a: Ferrothorn|100/100 brn|[from] item: Leftovers
|-damage|p2a: the reaper|48/100|[from] Leech Seed|[of] p1a: Ferrothorn
|-damage|p1a: Ferrothorn|94/100 brn|[from] brn
|upkeep
|turn|21
|
|t:|1627158812
|move|p2a: the reaper|Body Press|p1a: Ferrothorn
|-supereffective|p1a: Ferrothorn
|-crit|p1a: Ferrothorn
|-damage|p1a: Ferrothorn|0 fnt
|-damage|p2a: the reaper|36/100|[from] ability: Iron Barbs|[of] p1a: Ferrothorn
|faint|p1a: Ferrothorn
|
|upkeep
|
|t:|1627158821
|switch|p1a: Buzzwole|Buzzwole|95/100
|-damage|p1a: Buzzwole|83/100|[from] Stealth Rock
|turn|22
|
|t:|1627158829
|move|p1a: Buzzwole|Earthquake|p2a: the reaper
|-supereffective|p2a: the reaper
|-damage|p2a: the reaper|10/100
|move|p2a: the reaper|Toxic|p1a: Buzzwole
|-status|p1a: Buzzwole|tox
|
|-damage|p2a: the reaper|0 fnt|[from] Leech Seed|[of] p1a: Buzzwole
|-heal|p1a: Buzzwole|89/100 tox|[silent]
|faint|p2a: the reaper
|-damage|p1a: Buzzwole|83/100 tox|[from] psn
|upkeep
|
|t:|1627158835
|switch|p2a: WA-R-R|Landorus-Therian, M|100/100
|-damage|p2a: WA-R-R|88/100|[from] Stealth Rock
|-ability|p2a: WA-R-R|Intimidate|boost
|-unboost|p1a: Buzzwole|atk|1
|turn|23
|j| Kingcreta401
|
|t:|1627158842
|switch|p2a: just friends|Toxapex, M|100/100
|-damage|p2a: just friends|76/100|[from] Spikes
|-damage|p2a: just friends|64/100|[from] Stealth Rock
|move|p1a: Buzzwole|Ice Punch|p2a: just friends
|-resisted|p2a: just friends
|-damage|p2a: just friends|57/100
|
|-damage|p1a: Buzzwole|71/100 tox|[from] psn
|upkeep
|turn|24
|
|t:|1627158848
|switch|p1a: Toxapex|Toxapex, F|100/100
|-damage|p1a: Toxapex|88/100|[from] Stealth Rock
|move|p2a: just friends|Recover|p2a: just friends
|-heal|p2a: just friends|100/100
|
|upkeep
|turn|25
|l| Kingcreta401
|
|t:|1627158866
|switch|p1a: Buzzwole|Buzzwole|71/100 tox
|-damage|p1a: Buzzwole|58/100 tox|[from] Stealth Rock
|move|p2a: just friends|Scald|p1a: Buzzwole
|-damage|p1a: Buzzwole|34/100 tox
|
|-damage|p1a: Buzzwole|28/100 tox|[from] psn
|upkeep
|turn|26
|
|t:|1627158869
|move|p1a: Buzzwole|Roost|p1a: Buzzwole
|-heal|p1a: Buzzwole|78/100 tox
|-singleturn|p1a: Buzzwole|move: Roost
|move|p2a: just friends|Scald|p1a: Buzzwole
|-damage|p1a: Buzzwole|56/100 tox
|
|-damage|p1a: Buzzwole|43/100 tox|[from] psn
|upkeep
|turn|27
|
|t:|1627158874
|move|p1a: Buzzwole|Roost|p1a: Buzzwole
|-heal|p1a: Buzzwole|93/100 tox
|-singleturn|p1a: Buzzwole|move: Roost
|move|p2a: just friends|Scald|p1a: Buzzwole
|-damage|p1a: Buzzwole|69/100 tox
|
|-damage|p1a: Buzzwole|51/100 tox|[from] psn
|upkeep
|turn|28
|j| MangoStyle
|
|t:|1627158883
|switch|p1a: Toxapex|Toxapex, F|100/100
|-damage|p1a: Toxapex|88/100|[from] Stealth Rock
|move|p2a: just friends|Scald|p1a: Toxapex
|-resisted|p1a: Toxapex
|-damage|p1a: Toxapex|83/100
|
|upkeep
|turn|29
|j| Max Veritas
|
|t:|1627158892
|move|p1a: Toxapex|Knock Off|p2a: just friends
|-damage|p2a: just friends|92/100
|move|p2a: just friends|Scald|p1a: Toxapex
|-resisted|p1a: Toxapex
|-damage|p1a: Toxapex|77/100
|
|upkeep
|turn|30
|
|t:|1627158894
|move|p1a: Toxapex|Knock Off|p2a: just friends
|-damage|p2a: just friends|84/100
|move|p2a: just friends|Scald|p1a: Toxapex
|-resisted|p1a: Toxapex
|-damage|p1a: Toxapex|72/100
|
|upkeep
|turn|31
|j| LT84JM Lorenz
|
|t:|1627158896
|move|p2a: just friends|Scald|p1a: Toxapex
|-resisted|p1a: Toxapex
|-damage|p1a: Toxapex|67/100
|move|p1a: Toxapex|Knock Off|p2a: just friends
|-damage|p2a: just friends|75/100
|
|upkeep
|turn|32
|
|t:|1627158898
|move|p2a: just friends|Scald|p1a: Toxapex
|-resisted|p1a: Toxapex
|-damage|p1a: Toxapex|62/100
|move|p1a: Toxapex|Knock Off|p2a: just friends
|-damage|p2a: just friends|67/100
|
|upkeep
|turn|33
|l| LT84JM pop smoke
|
|t:|1627158909
|move|p2a: just friends|Scald|p1a: Toxapex
|-resisted|p1a: Toxapex
|-damage|p1a: Toxapex|57/100
|move|p1a: Toxapex|Knock Off|p2a: just friends
|-damage|p2a: just friends|59/100
|
|upkeep
|turn|34
|j| NikGk
|
|t:|1627158912
|move|p2a: just friends|Scald|p1a: Toxapex
|-resisted|p1a: Toxapex
|-damage|p1a: Toxapex|52/100
|move|p1a: Toxapex|Knock Off|p2a: just friends
|-damage|p2a: just friends|51/100
|
|upkeep
|turn|35
|
|t:|1627158920
|switch|p1a: Kyurem|Kyurem|100/100
|-ability|p1a: Kyurem|Pressure
|move|p2a: just friends|Scald|p1a: Kyurem
|-resisted|p1a: Kyurem
|-damage|p1a: Kyurem|93/100
|
|upkeep
|turn|36
|
|t:|1627158927
|switch|p2a: Itsuki|Scizor, F|84/100 brn
|move|p1a: Kyurem|Substitute|p1a: Kyurem
|-start|p1a: Kyurem|Substitute
|-damage|p1a: Kyurem|68/100
|
|-damage|p2a: Itsuki|78/100 brn|[from] brn
|upkeep
|turn|37
|
|t:|1627158931
|move|p1a: Kyurem|Roost|p1a: Kyurem
|-heal|p1a: Kyurem|100/100
|-singleturn|p1a: Kyurem|move: Roost
|move|p2a: Itsuki|Swords Dance|p2a: Itsuki
|-boost|p2a: Itsuki|atk|2
|
|-damage|p2a: Itsuki|72/100 brn|[from] brn
|upkeep
|turn|38
|
|t:|1627158934
|move|p1a: Kyurem|Icicle Spear|p2a: Itsuki
|-resisted|p2a: Itsuki
|-damage|p2a: Itsuki|66/100 brn
|-resisted|p2a: Itsuki
|-damage|p2a: Itsuki|62/100 brn
|-hitcount|p2a: Itsuki|2
|move|p2a: Itsuki|Roost|p2a: Itsuki
|-heal|p2a: Itsuki|100/100 brn
|-singleturn|p2a: Itsuki|move: Roost
|
|-damage|p2a: Itsuki|94/100 brn|[from] brn
|upkeep
|turn|39
|
|t:|1627158938
|switch|p1a: Toxapex|Toxapex, F|85/100
|-damage|p1a: Toxapex|73/100|[from] Stealth Rock
|move|p2a: Itsuki|Bullet Punch|p1a: Toxapex
|-resisted|p1a: Toxapex
|-damage|p1a: Toxapex|63/100
|
|-damage|p2a: Itsuki|88/100 brn|[from] brn
|upkeep
|turn|40
|
|t:|1627158943
|move|p2a: Itsuki|U-turn|p1a: Toxapex
|-resisted|p1a: Toxapex
|-damage|p1a: Toxapex|50/100
|
|t:|1627158946
|switch|p2a: just friends|Toxapex, M|85/100|[from]move: U-turn
|-damage|p2a: just friends|60/100|[from] Spikes
|-damage|p2a: just friends|48/100|[from] Stealth Rock
|move|p1a: Toxapex|Recover|p1a: Toxapex
|-heal|p1a: Toxapex|99/100
|
|upkeep
|turn|41
|
|t:|1627158952
|switch|p1a: Kyurem|Kyurem|100/100
|-ability|p1a: Kyurem|Pressure
|move|p2a: just friends|Scald|p1a: Kyurem
|-resisted|p1a: Kyurem
|-damage|p1a: Kyurem|93/100
|
|upkeep
|turn|42
|
|t:|1627158975
|switch|p1a: Buzzwole|Buzzwole|51/100 tox
|-damage|p1a: Buzzwole|38/100 tox|[from] Stealth Rock
|move|p2a: just friends|Recover|p2a: just friends
|-heal|p2a: just friends|98/100
|
|-damage|p1a: Buzzwole|32/100 tox|[from] psn
|upkeep
|turn|43
|
|t:|1627158980
|switch|p2a: WA-R-R|Landorus-Therian, M|88/100
|-damage|p2a: WA-R-R|76/100|[from] Stealth Rock
|-ability|p2a: WA-R-R|Intimidate|boost
|-unboost|p1a: Buzzwole|atk|1
|move|p1a: Buzzwole|Roost|p1a: Buzzwole
|-heal|p1a: Buzzwole|82/100 tox
|-singleturn|p1a: Buzzwole|move: Roost
|
|-heal|p2a: WA-R-R|82/100|[from] item: Leftovers
|-damage|p1a: Buzzwole|70/100 tox|[from] psn
|upkeep
|turn|44
|
|t:|1627158984
|switch|p1a: Landorus|Landorus-Therian, M|72/100
|-damage|p1a: Landorus|59/100|[from] Stealth Rock
|-ability|p1a: Landorus|Intimidate|boost
|-unboost|p2a: WA-R-R|atk|1
|move|p2a: WA-R-R|U-turn|p1a: Landorus
|-resisted|p1a: Landorus
|-crit|p1a: Landorus
|-damage|p1a: Landorus|43/100
|
|t:|1627158987
|switch|p2a: 2 soon|Mamoswine, M|94/100|[from]move: U-turn
|-damage|p2a: 2 soon|82/100|[from] Stealth Rock
|-damage|p2a: 2 soon|57/100|[from] Spikes
|
|-heal|p2a: 2 soon|63/100|[from] item: Leftovers
|upkeep
|turn|45
|j| LT84JM reje
|
|t:|1627159013
|move|p2a: 2 soon|Icicle Crash|p1a: Landorus
|-supereffective|p1a: Landorus
|-damage|p1a: Landorus|0 fnt
|faint|p1a: Landorus
|
|-heal|p2a: 2 soon|69/100|[from] item: Leftovers
|upkeep
|
|t:|1627159015
|switch|p1a: Buzzwole|Buzzwole|70/100 tox
|-damage|p1a: Buzzwole|57/100 tox|[from] Stealth Rock
|turn|46
|j| Cuenta secreta
|
|t:|1627159027
|move|p2a: 2 soon|Icicle Crash|p1a: Buzzwole
|-crit|p1a: Buzzwole
|-damage|p1a: Buzzwole|19/100 tox
|move|p1a: Buzzwole|Roost|p1a: Buzzwole
|-heal|p1a: Buzzwole|69/100 tox
|-singleturn|p1a: Buzzwole|move: Roost
|
|-heal|p2a: 2 soon|75/100|[from] item: Leftovers
|-damage|p1a: Buzzwole|63/100 tox|[from] psn
|upkeep
|turn|47
|
|t:|1627159034
|switch|p2a: WA-R-R|Landorus-Therian, M|82/100
|-damage|p2a: WA-R-R|70/100|[from] Stealth Rock
|-ability|p2a: WA-R-R|Intimidate|boost
|-unboost|p1a: Buzzwole|atk|1
|move|p1a: Buzzwole|Close Combat|p2a: WA-R-R
|-resisted|p2a: WA-R-R
|-damage|p2a: WA-R-R|50/100
|-unboost|p1a: Buzzwole|def|1
|-unboost|p1a: Buzzwole|spd|1
|
|-heal|p2a: WA-R-R|56/100|[from] item: Leftovers
|-damage|p1a: Buzzwole|50/100 tox|[from] psn
|upkeep
|turn|48
|
|t:|1627159042
|move|p1a: Buzzwole|Roost|p1a: Buzzwole
|-heal|p1a: Buzzwole|99/100 tox
|-singleturn|p1a: Buzzwole|move: Roost
|move|p2a: WA-R-R|U-turn|p1a: Buzzwole
|-resisted|p1a: Buzzwole
|-damage|p1a: Buzzwole|92/100 tox
|j| LT81YL Ruby
|
|t:|1627159047
|switch|p2a: Itsuki|Scizor, F|88/100 brn|[from]move: U-turn
|
|-damage|p1a: Buzzwole|73/100 tox|[from] psn
|-damage|p2a: Itsuki|82/100 brn|[from] brn
|upkeep
|turn|49
|
|t:|1627159051
|switch|p1a: Toxapex|Toxapex, F|100/100
|-damage|p1a: Toxapex|88/100|[from] Stealth Rock
|move|p2a: Itsuki|U-turn|p1a: Toxapex
|-resisted|p1a: Toxapex
|-damage|p1a: Toxapex|83/100
|
|t:|1627159057
|switch|p2a: 2 soon|Mamoswine, M|75/100|[from]move: U-turn
|-damage|p2a: 2 soon|50/100|[from] Spikes
|-damage|p2a: 2 soon|38/100|[from] Stealth Rock
|
|-heal|p2a: 2 soon|44/100|[from] item: Leftovers
|upkeep
|turn|50
|j| LT82ZW UnzipsC
|inactive|BestixL ☾ has 120 seconds left.
|
|t:|1627159089
|switch|p1a: Buzzwole|Buzzwole|73/100 tox
|-damage|p1a: Buzzwole|61/100 tox|[from] Stealth Rock
|move|p2a: 2 soon|Earthquake|p1a: Buzzwole
|-resisted|p1a: Buzzwole
|-damage|p1a: Buzzwole|45/100 tox
|
|-heal|p2a: 2 soon|50/100|[from] item: Leftovers
|-damage|p1a: Buzzwole|39/100 tox|[from] psn
|upkeep
|turn|51
|inactive|BestixL ☾ has 120 seconds left.
|
|t:|1627159112
|move|p2a: 2 soon|Icicle Crash|p1a: Buzzwole
|-damage|p1a: Buzzwole|11/100 tox
|move|p1a: Buzzwole|Close Combat|p2a: 2 soon
|-supereffective|p2a: 2 soon
|-damage|p2a: 2 soon|0 fnt
|-unboost|p1a: Buzzwole|def|1
|-unboost|p1a: Buzzwole|spd|1
|faint|p2a: 2 soon
|-ability|p1a: Buzzwole|Beast Boost|boost
|-boost|p1a: Buzzwole|def|1
|
|-damage|p1a: Buzzwole|0 fnt|[from] psn
|faint|p1a: Buzzwole
|upkeep
|j| pH Ryan
|j| dzekone
|
|t:|1627159133
|switch|p2a: WA-R-R|Landorus-Therian, M|56/100
|switch|p1a: Kyurem|Kyurem|93/100
|-ability|p1a: Kyurem|Pressure
|-damage|p2a: WA-R-R|44/100|[from] Stealth Rock
|-ability|p2a: WA-R-R|Intimidate|boost
|-unboost|p1a: Kyurem|atk|1
|turn|52
|l| Empo
|
|t:|1627159142
|switch|p2a: Itsuki|Scizor, F|82/100 brn
|move|p1a: Kyurem|Icicle Spear|p2a: Itsuki
|-resisted|p2a: Itsuki
|-damage|p2a: Itsuki|79/100 brn
|-resisted|p2a: Itsuki
|-damage|p2a: Itsuki|75/100 brn
|-hitcount|p2a: Itsuki|2
|
|-damage|p2a: Itsuki|69/100 brn|[from] brn
|upkeep
|turn|53
|
|t:|1627159147
|switch|p1a: Toxapex|Toxapex, F|100/100
|-damage|p1a: Toxapex|88/100|[from] Stealth Rock
|move|p2a: Itsuki|Roost|p2a: Itsuki
|-heal|p2a: Itsuki|100/100 brn
|-singleturn|p2a: Itsuki|move: Roost
|
|-damage|p2a: Itsuki|94/100 brn|[from] brn
|upkeep
|turn|54
|j| Amigento1958
|
|t:|1627159151
|move|p2a: Itsuki|U-turn|p1a: Toxapex
|-resisted|p1a: Toxapex
|-damage|p1a: Toxapex|82/100
|l| OnGroveStreet
|
|t:|1627159153
|switch|p2a: just friends|Toxapex, M|100/100|[from]move: U-turn
|-damage|p2a: just friends|88/100|[from] Stealth Rock
|-damage|p2a: just friends|64/100|[from] Spikes
|move|p1a: Toxapex|Knock Off|p2a: just friends
|-damage|p2a: just friends|55/100
|
|upkeep
|turn|55
|l| Cuenta secreta
|
|t:|1627159168
|switch|p1a: Kyurem|Kyurem|93/100
|-ability|p1a: Kyurem|Pressure
|move|p2a: just friends|Light Screen|p2a: just friends
|-sidestart|p2: BestixL ☾|move: Light Screen
|
|upkeep
|turn|56
|
|t:|1627159185
|switch|p2a: Itsuki|Scizor, F|94/100 brn
|move|p1a: Kyurem|Substitute|p1a: Kyurem
|-start|p1a: Kyurem|Substitute
|-damage|p1a: Kyurem|68/100
|
|-damage|p2a: Itsuki|88/100 brn|[from] brn
|upkeep
|turn|57
|
|t:|1627159192
|move|p1a: Kyurem|Roost|p1a: Kyurem
|-heal|p1a: Kyurem|100/100
|-singleturn|p1a: Kyurem|move: Roost
|move|p2a: Itsuki|Swords Dance|p2a: Itsuki
|-boost|p2a: Itsuki|atk|2
|
|-damage|p2a: Itsuki|82/100 brn|[from] brn
|upkeep
|turn|58
|j| Empo
|
|t:|1627159200
|move|p2a: Itsuki|Bullet Punch|p1a: Kyurem
|-supereffective|p1a: Kyurem
|-end|p1a: Kyurem|Substitute
|move|p1a: Kyurem|Icicle Spear|p2a: Itsuki
|-resisted|p2a: Itsuki
|-damage|p2a: Itsuki|77/100 brn
|-resisted|p2a: Itsuki
|-damage|p2a: Itsuki|72/100 brn
|-resisted|p2a: Itsuki
|-damage|p2a: Itsuki|66/100 brn
|-hitcount|p2a: Itsuki|3
|
|-damage|p2a: Itsuki|60/100 brn|[from] brn
|upkeep
|turn|59
|
|t:|1627159202
|switch|p1a: Toxapex|Toxapex, F|100/100
|-damage|p1a: Toxapex|88/100|[from] Stealth Rock
|move|p2a: Itsuki|U-turn|p1a: Toxapex
|-resisted|p1a: Toxapex
|-damage|p1a: Toxapex|76/100
|
|t:|1627159205
|switch|p2a: WA-R-R|Landorus-Therian, M|44/100|[from]move: U-turn
|-damage|p2a: WA-R-R|32/100|[from] Stealth Rock
|-ability|p2a: WA-R-R|Intimidate|boost
|-unboost|p1a: Toxapex|atk|1
|
|-heal|p2a: WA-R-R|38/100|[from] item: Leftovers
|-sideend|p2: BestixL ☾|move: Light Screen
|upkeep
|turn|60
|j| AmyQuaris
|
|t:|1627159213
|switch|p1a: Kyurem|Kyurem|100/100
|-ability|p1a: Kyurem|Pressure
|move|p2a: WA-R-R|Earthquake|p1a: Kyurem
|-damage|p1a: Kyurem|58/100
|
|-heal|p2a: WA-R-R|44/100|[from] item: Leftovers
|upkeep
|turn|61
|j| P13TRO
|
|t:|1627159226
|switch|p2a: Itsuki|Scizor, F|60/100 brn
|move|p1a: Kyurem|Icicle Spear|p2a: Itsuki
|-resisted|p2a: Itsuki
|-damage|p2a: Itsuki|55/100 brn
|-resisted|p2a: Itsuki
|-damage|p2a: Itsuki|50/100 brn
|-resisted|p2a: Itsuki
|-damage|p2a: Itsuki|44/100 brn
|-hitcount|p2a: Itsuki|3
|
|-damage|p2a: Itsuki|38/100 brn|[from] brn
|upkeep
|turn|62
|j| OnGroveStreet
|l| OnGroveStreet
|
|t:|1627159235
|move|p1a: Kyurem|Roost|p1a: Kyurem
|-heal|p1a: Kyurem|100/100
|-singleturn|p1a: Kyurem|move: Roost
|move|p2a: Itsuki|Roost|p2a: Itsuki
|-heal|p2a: Itsuki|88/100 brn
|-singleturn|p2a: Itsuki|move: Roost
|
|-damage|p2a: Itsuki|82/100 brn|[from] brn
|upkeep
|turn|63
|c| P13TRO|Lovely color scheme Lio
|j| OnGroveStreet
|j| twtetwtttty
|j| Cogito ergo Cogito
|c| P13TRO|Must be a good team
|j| Enzonana
|l| OnGroveStreet
|
|t:|1627159250
|move|p1a: Kyurem|Dragon Dance|p1a: Kyurem
|-boost|p1a: Kyurem|atk|1
|-boost|p1a: Kyurem|spe|1
|move|p2a: Itsuki|Swords Dance|p2a: Itsuki
|-boost|p2a: Itsuki|atk|2
|
|-damage|p2a: Itsuki|76/100 brn|[from] brn
|upkeep
|turn|64
|
|t:|1627159253
|move|p2a: Itsuki|Bullet Punch|p1a: Kyurem
|-supereffective|p1a: Kyurem
|-damage|p1a: Kyurem|49/100
|move|p1a: Kyurem|Icicle Spear|p2a: Itsuki
|-resisted|p2a: Itsuki
|-crit|p2a: Itsuki
|-damage|p2a: Itsuki|64/100 brn
|-resisted|p2a: Itsuki
|-damage|p2a: Itsuki|55/100 brn
|-hitcount|p2a: Itsuki|2
|
|-damage|p2a: Itsuki|49/100 brn|[from] brn
|upkeep
|turn|65
|
|t:|1627159258
|switch|p1a: Toxapex|Toxapex, F|100/100
|-damage|p1a: Toxapex|88/100|[from] Stealth Rock
|move|p2a: Itsuki|Roost|p2a: Itsuki
|-heal|p2a: Itsuki|99/100 brn
|-singleturn|p2a: Itsuki|move: Roost
|
|-damage|p2a: Itsuki|93/100 brn|[from] brn
|upkeep
|turn|66
|
|t:|1627159266
|move|p2a: Itsuki|U-turn|p1a: Toxapex
|-resisted|p1a: Toxapex
|-damage|p1a: Toxapex|77/100
|
|t:|1627159268
|switch|p2a: just friends|Toxapex, M|89/100|[from]move: U-turn
|-damage|p2a: just friends|76/100|[from] Stealth Rock
|-damage|p2a: just friends|52/100|[from] Spikes
|move|p1a: Toxapex|Knock Off|p2a: just friends
|-damage|p2a: just friends|43/100
|
|upkeep
|turn|67
|c| Enzonana|si perdes
|
|t:|1627159271
|switch|p1a: Kyurem|Kyurem|49/100
|-ability|p1a: Kyurem|Pressure
|move|p2a: just friends|Scald|p1a: Kyurem
|-resisted|p1a: Kyurem
|-damage|p1a: Kyurem|42/100
|
|upkeep
|turn|68
|c| Enzonana|sos p*ruviano
|j| tigers jaw
|inactive|BestixL ☾ has 120 seconds left.
|
|t:|1627159302
|switch|p2a: Itsuki|Scizor, F|93/100 brn
|move|p1a: Kyurem|Substitute|p1a: Kyurem
|-start|p1a: Kyurem|Substitute
|-damage|p1a: Kyurem|17/100
|
|-damage|p2a: Itsuki|87/100 brn|[from] brn
|upkeep
|turn|69
|
|t:|1627159306
|move|p1a: Kyurem|Roost|p1a: Kyurem
|-heal|p1a: Kyurem|67/100
|-singleturn|p1a: Kyurem|move: Roost
|move|p2a: Itsuki|Swords Dance|p2a: Itsuki
|-boost|p2a: Itsuki|atk|2
|
|-damage|p2a: Itsuki|81/100 brn|[from] brn
|upkeep
|turn|70
|
|t:|1627159315
|move|p2a: Itsuki|Bullet Punch|p1a: Kyurem
|-supereffective|p1a: Kyurem
|-end|p1a: Kyurem|Substitute
|move|p1a: Kyurem|Roost|p1a: Kyurem
|-heal|p1a: Kyurem|100/100
|-singleturn|p1a: Kyurem|move: Roost
|
|-damage|p2a: Itsuki|75/100 brn|[from] brn
|upkeep
|turn|71
|
|t:|1627159320
|switch|p1a: Toxapex|Toxapex, F|100/100
|-damage|p1a: Toxapex|88/100|[from] Stealth Rock
|move|p2a: Itsuki|U-turn|p1a: Toxapex
|-resisted|p1a: Toxapex
|-damage|p1a: Toxapex|77/100
|
|t:|1627159322
|switch|p2a: WA-R-R|Landorus-Therian, M|44/100|[from]move: U-turn
|-damage|p2a: WA-R-R|31/100|[from] Stealth Rock
|-ability|p2a: WA-R-R|Intimidate|boost
|-unboost|p1a: Toxapex|atk|1
|
|-heal|p2a: WA-R-R|38/100|[from] item: Leftovers
|upkeep
|turn|72
|
|t:|1627159328
|switch|p1a: Kyurem|Kyurem|100/100
|-ability|p1a: Kyurem|Pressure
|move|p2a: WA-R-R|Knock Off|p1a: Kyurem
|-damage|p1a: Kyurem|74/100
|-enditem|p1a: Kyurem|Heavy-Duty Boots|[from] move: Knock Off|[of] p2a: WA-R-R
|
|-heal|p2a: WA-R-R|44/100|[from] item: Leftovers
|upkeep
|turn|73
|
|t:|1627159336
|switch|p2a: Itsuki|Scizor, F|75/100 brn
|move|p1a: Kyurem|Icicle Spear|p2a: Itsuki
|-resisted|p2a: Itsuki
|-damage|p2a: Itsuki|69/100 brn
|-resisted|p2a: Itsuki
|-damage|p2a: Itsuki|63/100 brn
|-resisted|p2a: Itsuki
|-damage|p2a: Itsuki|58/100 brn
|-hitcount|p2a: Itsuki|3
|
|-damage|p2a: Itsuki|52/100 brn|[from] brn
|upkeep
|turn|74
|
|t:|1627159354
|move|p1a: Kyurem|Dragon Dance|p1a: Kyurem
|-boost|p1a: Kyurem|atk|1
|-boost|p1a: Kyurem|spe|1
|move|p2a: Itsuki|Roost|p2a: Itsuki
|-heal|p2a: Itsuki|100/100 brn
|-singleturn|p2a: Itsuki|move: Roost
|
|-damage|p2a: Itsuki|94/100 brn|[from] brn
|upkeep
|turn|75
|
|t:|1627159357
|move|p1a: Kyurem|Icicle Spear|p2a: Itsuki
|-resisted|p2a: Itsuki
|-damage|p2a: Itsuki|87/100 brn
|-resisted|p2a: Itsuki
|-damage|p2a: Itsuki|79/100 brn
|-resisted|p2a: Itsuki
|-damage|p2a: Itsuki|71/100 brn
|-resisted|p2a: Itsuki
|-damage|p2a: Itsuki|63/100 brn
|-resisted|p2a: Itsuki
|-crit|p2a: Itsuki
|-damage|p2a: Itsuki|50/100 brn
|-hitcount|p2a: Itsuki|5
|move|p2a: Itsuki|Swords Dance|p2a: Itsuki
|-boost|p2a: Itsuki|atk|2
|
|-damage|p2a: Itsuki|44/100 brn|[from] brn
|upkeep
|turn|76
|
|t:|1627159364
|move|p1a: Kyurem|Roost|p1a: Kyurem
|-heal|p1a: Kyurem|100/100
|-singleturn|p1a: Kyurem|move: Roost
|move|p2a: Itsuki|Roost|p2a: Itsuki
|-heal|p2a: Itsuki|94/100 brn
|-singleturn|p2a: Itsuki|move: Roost
|
|-damage|p2a: Itsuki|88/100 brn|[from] brn
|upkeep
|turn|77
|
|t:|1627159369
|switch|p1a: Toxapex|Toxapex, F|100/100
|-damage|p1a: Toxapex|88/100|[from] Stealth Rock
|move|p2a: Itsuki|Bullet Punch|p1a: Toxapex
|-resisted|p1a: Toxapex
|-damage|p1a: Toxapex|79/100
|
|-damage|p2a: Itsuki|82/100 brn|[from] brn
|upkeep
|turn|78
|
|t:|1627159373
|move|p2a: Itsuki|U-turn|p1a: Toxapex
|-resisted|p1a: Toxapex
|-damage|p1a: Toxapex|66/100
|
|t:|1627159375
|switch|p2a: just friends|Toxapex, M|77/100|[from]move: U-turn
|-damage|p2a: just friends|52/100|[from] Spikes
|-damage|p2a: just friends|40/100|[from] Stealth Rock
|move|p1a: Toxapex|Knock Off|p2a: just friends
|-damage|p2a: just friends|32/100
|
|upkeep
|turn|79
|
|t:|1627159378
|move|p1a: Toxapex|Knock Off|p2a: just friends
|-damage|p2a: just friends|24/100
|move|p2a: just friends|Scald|p1a: Toxapex
|-resisted|p1a: Toxapex
|-damage|p1a: Toxapex|61/100
|
|upkeep
|turn|80
|c|☆BestixL ☾|gkuiwhdgauighag
|
|t:|1627159384
|move|p1a: Toxapex|Knock Off|p2a: just friends
|-crit|p2a: just friends
|-damage|p2a: just friends|12/100
|move|p2a: just friends|Scald|p1a: Toxapex
|-resisted|p1a: Toxapex
|-damage|p1a: Toxapex|56/100
|
|upkeep
|turn|81
|c|☆BestixL ☾|LOL
|c|☆BestixL ☾|maths are broken today
|
|t:|1627159399
|switch|p1a: Kyurem|Kyurem|100/100
|-damage|p1a: Kyurem|76/100|[from] Stealth Rock
|-ability|p1a: Kyurem|Pressure
|move|p2a: just friends|Recover|p2a: just friends
|-heal|p2a: just friends|63/100
|
|upkeep
|turn|82
|
|t:|1627159406
|switch|p2a: Itsuki|Scizor, F|82/100 brn
|move|p1a: Kyurem|Icicle Spear|p2a: Itsuki
|-resisted|p2a: Itsuki
|-damage|p2a: Itsuki|77/100 brn
|-resisted|p2a: Itsuki
|-damage|p2a: Itsuki|72/100 brn
|-resisted|p2a: Itsuki
|-damage|p2a: Itsuki|66/100 brn
|-hitcount|p2a: Itsuki|3
|
|-damage|p2a: Itsuki|60/100 brn|[from] brn
|upkeep
|turn|83
|
|t:|1627159410
|move|p1a: Kyurem|Icicle Spear|p2a: Itsuki
|-resisted|p2a: Itsuki
|-damage|p2a: Itsuki|55/100 brn
|-resisted|p2a: Itsuki
|-crit|p2a: Itsuki
|-damage|p2a: Itsuki|47/100 brn
|-hitcount|p2a: Itsuki|2
|move|p2a: Itsuki|Roost|p2a: Itsuki
|-heal|p2a: Itsuki|97/100 brn
|-singleturn|p2a: Itsuki|move: Roost
|
|-damage|p2a: Itsuki|91/100 brn|[from] brn
|upkeep
|turn|84
|l| LT81YL Ruby
|
|t:|1627159426
|move|p1a: Kyurem|Roost|p1a: Kyurem
|-heal|p1a: Kyurem|100/100
|-singleturn|p1a: Kyurem|move: Roost
|move|p2a: Itsuki|Swords Dance|p2a: Itsuki
|-boost|p2a: Itsuki|atk|2
|
|-damage|p2a: Itsuki|85/100 brn|[from] brn
|upkeep
|turn|85
|
|t:|1627159431
|move|p1a: Kyurem|Icicle Spear|p2a: Itsuki
|-resisted|p2a: Itsuki
|-damage|p2a: Itsuki|79/100 brn
|-resisted|p2a: Itsuki
|-damage|p2a: Itsuki|74/100 brn
|-resisted|p2a: Itsuki
|-crit|p2a: Itsuki
|-damage|p2a: Itsuki|66/100 brn
|-hitcount|p2a: Itsuki|3
|move|p2a: Itsuki|U-turn|p1a: Kyurem
|-damage|p1a: Kyurem|73/100
|
|t:|1627159433
|switch|p2a: just friends|Toxapex, M|96/100|[from]move: U-turn
|-damage|p2a: just friends|71/100|[from] Spikes
|-damage|p2a: just friends|59/100|[from] Stealth Rock
|
|upkeep
|turn|86
|j| LT84JM GeoJulian4
|
|t:|1627159452
|move|p1a: Kyurem|Substitute|p1a: Kyurem
|-start|p1a: Kyurem|Substitute
|-damage|p1a: Kyurem|48/100
|move|p2a: just friends|Light Screen|p2a: just friends
|-sidestart|p2: BestixL ☾|move: Light Screen
|
|upkeep
|turn|87
|
|t:|1627159459
|switch|p2a: Itsuki|Scizor, F|66/100 brn
|move|p1a: Kyurem|Dragon Dance|p1a: Kyurem
|-boost|p1a: Kyurem|atk|1
|-boost|p1a: Kyurem|spe|1
|
|-damage|p2a: Itsuki|60/100 brn|[from] brn
|upkeep
|turn|88
|l| Amigento1958
|
|t:|1627159465
|move|p1a: Kyurem|Roost|p1a: Kyurem
|-heal|p1a: Kyurem|98/100
|-singleturn|p1a: Kyurem|move: Roost
|move|p2a: Itsuki|Roost|p2a: Itsuki
|-heal|p2a: Itsuki|100/100 brn
|-singleturn|p2a: Itsuki|move: Roost
|
|-damage|p2a: Itsuki|94/100 brn|[from] brn
|upkeep
|turn|89
|
|t:|1627159470
|move|p2a: Itsuki|Bullet Punch|p1a: Kyurem
|-supereffective|p1a: Kyurem
|-activate|p1a: Kyurem|move: Substitute|[damage]
|move|p1a: Kyurem|Icicle Spear|p2a: Itsuki
|-resisted|p2a: Itsuki
|-damage|p2a: Itsuki|85/100 brn
|-resisted|p2a: Itsuki
|-damage|p2a: Itsuki|77/100 brn
|-resisted|p2a: Itsuki
|-damage|p2a: Itsuki|69/100 brn
|-resisted|p2a: Itsuki
|-damage|p2a: Itsuki|61/100 brn
|-resisted|p2a: Itsuki
|-damage|p2a: Itsuki|53/100 brn
|-hitcount|p2a: Itsuki|5
|
|-damage|p2a: Itsuki|47/100 brn|[from] brn
|upkeep
|turn|90
|
|t:|1627159473
|move|p1a: Kyurem|Dragon Dance|p1a: Kyurem
|-boost|p1a: Kyurem|atk|1
|-boost|p1a: Kyurem|spe|1
|move|p2a: Itsuki|Roost|p2a: Itsuki
|-heal|p2a: Itsuki|97/100 brn
|-singleturn|p2a: Itsuki|move: Roost
|
|-damage|p2a: Itsuki|91/100 brn|[from] brn
|-sideend|p2: BestixL ☾|move: Light Screen
|upkeep
|turn|91
|j| QWILY??!
|
|t:|1627159476
|switch|p2a: just friends|Toxapex, M|92/100
|-damage|p2a: just friends|80/100|[from] Stealth Rock
|-damage|p2a: just friends|55/100|[from] Spikes
|move|p1a: Kyurem|Icicle Spear|p2a: just friends
|-resisted|p2a: just friends
|-damage|p2a: just friends|46/100
|-resisted|p2a: just friends
|-damage|p2a: just friends|36/100
|-resisted|p2a: just friends
|-damage|p2a: just friends|27/100
|-resisted|p2a: just friends
|-crit|p2a: just friends
|-damage|p2a: just friends|13/100
|-resisted|p2a: just friends
|-damage|p2a: just friends|4/100
|-hitcount|p2a: just friends|5
|
|upkeep
|turn|92
|inactive|BestixL ☾ has 120 seconds left.
|j| ayevon
|inactive|BestixL ☾ has 90 seconds left.
|
|t:|1627159550
|move|p1a: Kyurem|Dragon Dance|p1a: Kyurem
|-boost|p1a: Kyurem|atk|1
|-boost|p1a: Kyurem|spe|1
|move|p2a: just friends|Recover|p2a: just friends
|-heal|p2a: just friends|54/100
|
|upkeep
|turn|93
|
|t:|1627159553
|move|p1a: Kyurem|Dragon Dance|p1a: Kyurem
|-boost|p1a: Kyurem|atk|1
|-boost|p1a: Kyurem|spe|1
|move|p2a: just friends|Haze|p2a: just friends
|-clearallboost
|
|upkeep
|turn|94
|j| The Twin Dilemma
|
|t:|1627159567
|switch|p1a: Dragapult|Dragapult, M|48/100
|-damage|p1a: Dragapult|36/100|[from] Stealth Rock
|move|p2a: just friends|Recover|p2a: just friends
|-heal|p2a: just friends|100/100
|
|upkeep
|turn|95
|inactive|BestixL ☾ has 90 seconds left.
|
|t:|1627159581
|switch|p2a: Itsuki|Scizor, F|91/100 brn
|move|p1a: Dragapult|Dragon Darts|p2a: Itsuki
|-resisted|p2a: Itsuki
|-damage|p2a: Itsuki|81/100 brn
|-anim|p1a: Dragapult|Dragon Darts|p2a: Itsuki
|-resisted|p2a: Itsuki
|-damage|p2a: Itsuki|71/100 brn
|
|-damage|p2a: Itsuki|64/100 brn|[from] brn
|upkeep
|turn|96
|
|t:|1627159595
|move|p1a: Dragapult|U-turn|p2a: Itsuki
|-resisted|p2a: Itsuki
|-damage|p2a: Itsuki|54/100 brn
|
|t:|1627159597
|switch|p1a: Toxapex|Toxapex, F|90/100|[from]move: U-turn
|-damage|p1a: Toxapex|77/100|[from] Stealth Rock
|move|p2a: Itsuki|Roost|p2a: Itsuki
|-heal|p2a: Itsuki|100/100 brn
|-singleturn|p2a: Itsuki|move: Roost
|
|-damage|p2a: Itsuki|94/100 brn|[from] brn
|upkeep
|turn|97
|c| tigers jaw|whats the wisp on this for lionees
|inactive|BestixL ☾ has 90 seconds left.
|
|t:|1627159617
|move|p2a: Itsuki|U-turn|p1a: Toxapex
|-resisted|p1a: Toxapex
|-crit|p1a: Toxapex
|-damage|p1a: Toxapex|69/100
|
|t:|1627159620
|switch|p2a: just friends|Toxapex, M|100/100|[from]move: U-turn
|-damage|p2a: just friends|88/100|[from] Stealth Rock
|-damage|p2a: just friends|64/100|[from] Spikes
|move|p1a: Toxapex|Knock Off|p2a: just friends
|-damage|p2a: just friends|55/100
|
|upkeep
|turn|98
|
|t:|1627159631
|move|p2a: just friends|Light Screen|p2a: just friends
|-sidestart|p2: BestixL ☾|move: Light Screen
|move|p1a: Toxapex|Knock Off|p2a: just friends
|-damage|p2a: just friends|47/100
|
|upkeep
|turn|99
|
|t:|1627159635
|move|p2a: just friends|Haze|p2a: just friends
|-clearallboost
|move|p1a: Toxapex|Knock Off|p2a: just friends
|-damage|p2a: just friends|39/100
|
|upkeep
|turn|100
|
|t:|1627159637
|move|p2a: just friends|Recover|p2a: just friends
|-heal|p2a: just friends|90/100
|move|p1a: Toxapex|Knock Off|p2a: just friends
|-damage|p2a: just friends|81/100
|
|upkeep
|turn|101
|
|t:|1627159640
|move|p1a: Toxapex|Knock Off|p2a: just friends
|-damage|p2a: just friends|72/100
|move|p2a: just friends|Haze|p2a: just friends
|-clearallboost
|
|upkeep
|turn|102
|
|t:|1627159642
|move|p2a: just friends|Light Screen||[still]
|-fail|p2a: just friends
|move|p1a: Toxapex|Knock Off|p2a: just friends
|-damage|p2a: just friends|64/100
|
|-sideend|p2: BestixL ☾|move: Light Screen
|upkeep
|turn|103
|
|t:|1627159644
|move|p2a: just friends|Light Screen|p2a: just friends
|-sidestart|p2: BestixL ☾|move: Light Screen
|move|p1a: Toxapex|Knock Off|p2a: just friends
|-damage|p2a: just friends|56/100
|
|upkeep
|turn|104
|
|t:|1627159645
|move|p2a: just friends|Haze|p2a: just friends
|-clearallboost
|move|p1a: Toxapex|Knock Off|p2a: just friends
|-damage|p2a: just friends|48/100
|
|upkeep
|turn|105
|
|t:|1627159647
|move|p2a: just friends|Light Screen||[still]
|-fail|p2a: just friends
|move|p1a: Toxapex|Knock Off|p2a: just friends
|-damage|p2a: just friends|40/100
|
|upkeep
|turn|106
|
|t:|1627159650
|move|p2a: just friends|Recover|p2a: just friends
|-heal|p2a: just friends|90/100
|move|p1a: Toxapex|Knock Off|p2a: just friends
|-damage|p2a: just friends|82/100
|
|upkeep
|turn|107
|
|t:|1627159654
|move|p2a: just friends|Haze|p2a: just friends
|-clearallboost
|move|p1a: Toxapex|Knock Off|p2a: just friends
|-damage|p2a: just friends|73/100
|
|-sideend|p2: BestixL ☾|move: Light Screen
|upkeep
|turn|108
|
|t:|1627159655
|move|p1a: Toxapex|Knock Off|p2a: just friends
|-damage|p2a: just friends|65/100
|move|p2a: just friends|Light Screen|p2a: just friends
|-sidestart|p2: BestixL ☾|move: Light Screen
|
|upkeep
|turn|109
|
|t:|1627159657
|move|p2a: just friends|Haze|p2a: just friends
|-clearallboost
|move|p1a: Toxapex|Knock Off|p2a: just friends
|-damage|p2a: just friends|56/100
|
|upkeep
|turn|110
|
|t:|1627159662
|move|p1a: Toxapex|Knock Off|p2a: just friends
|-damage|p2a: just friends|47/100
|move|p2a: just friends|Haze|p2a: just friends
|-clearallboost
|
|upkeep
|turn|111
|
|t:|1627159664
|move|p2a: just friends|Light Screen||[still]
|-fail|p2a: just friends
|move|p1a: Toxapex|Haze|p1a: Toxapex
|-clearallboost
|
|upkeep
|turn|112
|j| ascacsac
|
|t:|1627159676
|move|p1a: Toxapex|Haze|p1a: Toxapex
|-clearallboost
|move|p2a: just friends|Light Screen||[still]
|-fail|p2a: just friends
|
|-sideend|p2: BestixL ☾|move: Light Screen
|upkeep
|turn|113
|
|t:|1627159678
|move|p1a: Toxapex|Haze|p1a: Toxapex
|-clearallboost
|move|p2a: just friends|Light Screen|p2a: just friends
|-sidestart|p2: BestixL ☾|move: Light Screen
|
|upkeep
|turn|114
|l| ascacsac
|
|t:|1627159682
|move|p2a: just friends|Haze|p2a: just friends
|-clearallboost
|move|p1a: Toxapex|Haze|p1a: Toxapex
|-clearallboost
|
|upkeep
|turn|115
|
|t:|1627159685
|switch|p2a: WA-R-R|Landorus-Therian, M|44/100
|-damage|p2a: WA-R-R|31/100|[from] Stealth Rock
|-ability|p2a: WA-R-R|Intimidate|boost
|-unboost|p1a: Toxapex|atk|1
|move|p1a: Toxapex|Haze|p1a: Toxapex
|-clearallboost
|
|-heal|p2a: WA-R-R|37/100|[from] item: Leftovers
|upkeep
|turn|116
|
|t:|1627159688
|switch|p1a: Kyurem|Kyurem|98/100
|-damage|p1a: Kyurem|73/100|[from] Stealth Rock
|-ability|p1a: Kyurem|Pressure
|move|p2a: WA-R-R|Earthquake|p1a: Kyurem
|-damage|p1a: Kyurem|27/100
|
|-heal|p2a: WA-R-R|43/100|[from] item: Leftovers
|upkeep
|turn|117
|
|t:|1627159699
|switch|p2a: Itsuki|Scizor, F|94/100 brn
|move|p1a: Kyurem|Roost|p1a: Kyurem
|-heal|p1a: Kyurem|77/100
|-singleturn|p1a: Kyurem|move: Roost
|
|-damage|p2a: Itsuki|88/100 brn|[from] brn
|-sideend|p2: BestixL ☾|move: Light Screen
|upkeep
|turn|118
|j| gloibib
|
|t:|1627159712
|switch|p1a: Toxapex|Toxapex, F|100/100
|-damage|p1a: Toxapex|88/100|[from] Stealth Rock
|move|p2a: Itsuki|Swords Dance|p2a: Itsuki
|-boost|p2a: Itsuki|atk|2
|
|-damage|p2a: Itsuki|82/100 brn|[from] brn
|upkeep
|turn|119
|
|t:|1627159717
|move|p2a: Itsuki|U-turn|p1a: Toxapex
|-resisted|p1a: Toxapex
|-damage|p1a: Toxapex|77/100
|
|t:|1627159722
|switch|p2a: just friends|Toxapex, M|81/100|[from]move: U-turn
|-damage|p2a: just friends|68/100|[from] Stealth Rock
|-damage|p2a: just friends|44/100|[from] Spikes
|move|p1a: Toxapex|Toxic|p2a: just friends
|-immune|p2a: just friends
|
|upkeep
|turn|120
|
|t:|1627159727
|move|p2a: just friends|Light Screen|p2a: just friends
|-sidestart|p2: BestixL ☾|move: Light Screen
|move|p1a: Toxapex|Haze|p1a: Toxapex
|-clearallboost
|
|upkeep
|turn|121
|
|t:|1627159730
|move|p2a: just friends|Haze|p2a: just friends
|-clearallboost
|move|p1a: Toxapex|Haze|p1a: Toxapex
|-clearallboost
|
|upkeep
|turn|122
|
|t:|1627159735
|move|p2a: just friends|Haze|p2a: just friends
|-clearallboost
|move|p1a: Toxapex|Haze|p1a: Toxapex
|-clearallboost
|
|upkeep
|turn|123
|
|t:|1627159739
|switch|p2a: WA-R-R|Landorus-Therian, M|43/100
|-damage|p2a: WA-R-R|31/100|[from] Stealth Rock
|-ability|p2a: WA-R-R|Intimidate|boost
|-unboost|p1a: Toxapex|atk|1
|move|p1a: Toxapex|Haze|p1a: Toxapex
|-clearallboost
|
|-heal|p2a: WA-R-R|37/100|[from] item: Leftovers
|upkeep
|turn|124
|
|t:|1627159763
|switch|p1a: Dragapult|Dragapult, M|36/100
|-damage|p1a: Dragapult|24/100|[from] Stealth Rock
|move|p2a: WA-R-R|Earthquake|p1a: Dragapult
|-damage|p1a: Dragapult|0 fnt
|faint|p1a: Dragapult
|
|-heal|p2a: WA-R-R|43/100|[from] item: Leftovers
|-sideend|p2: BestixL ☾|move: Light Screen
|upkeep
|
|t:|1627159765
|switch|p1a: Kyurem|Kyurem|77/100
|-damage|p1a: Kyurem|52/100|[from] Stealth Rock
|-ability|p1a: Kyurem|Pressure
|turn|125
|
|t:|1627159772
|switch|p2a: Itsuki|Scizor, F|82/100 brn
|move|p1a: Kyurem|Roost|p1a: Kyurem
|-heal|p1a: Kyurem|100/100
|-singleturn|p1a: Kyurem|move: Roost
|
|-damage|p2a: Itsuki|76/100 brn|[from] brn
|upkeep
|turn|126
|
|t:|1627159785
|move|p1a: Kyurem|Icicle Spear|p2a: Itsuki
|-resisted|p2a: Itsuki
|-damage|p2a: Itsuki|70/100 brn
|-resisted|p2a: Itsuki
|-damage|p2a: Itsuki|64/100 brn
|-hitcount|p2a: Itsuki|2
|move|p2a: Itsuki|Swords Dance|p2a: Itsuki
|-boost|p2a: Itsuki|atk|2
|
|-damage|p2a: Itsuki|58/100 brn|[from] brn
|upkeep
|turn|127
|
|t:|1627159789
|switch|p1a: Toxapex|Toxapex, F|100/100
|-damage|p1a: Toxapex|88/100|[from] Stealth Rock
|move|p2a: Itsuki|Roost|p2a: Itsuki
|-heal|p2a: Itsuki|100/100 brn
|-singleturn|p2a: Itsuki|move: Roost
|
|-damage|p2a: Itsuki|94/100 brn|[from] brn
|upkeep
|turn|128
|
|t:|1627159794
|move|p2a: Itsuki|U-turn|p1a: Toxapex
|-resisted|p1a: Toxapex
|-damage|p1a: Toxapex|77/100
|
|t:|1627159796
|switch|p2a: just friends|Toxapex, M|77/100|[from]move: U-turn
|-damage|p2a: just friends|52/100|[from] Spikes
|-damage|p2a: just friends|40/100|[from] Stealth Rock
|move|p1a: Toxapex|Knock Off|p2a: just friends
|-damage|p2a: just friends|33/100
|
|upkeep
|turn|129
|
|t:|1627159799
|switch|p1a: Kyurem|Kyurem|100/100
|-damage|p1a: Kyurem|76/100|[from] Stealth Rock
|-ability|p1a: Kyurem|Pressure
|move|p2a: just friends|Light Screen|p2a: just friends
|-sidestart|p2: BestixL ☾|move: Light Screen
|
|upkeep
|turn|130
|j| LT81YL Ruby
|
|t:|1627159810
|switch|p2a: Itsuki|Scizor, F|94/100 brn
|move|p1a: Kyurem|Icicle Spear|p2a: Itsuki
|-resisted|p2a: Itsuki
|-damage|p2a: Itsuki|89/100 brn
|-resisted|p2a: Itsuki
|-damage|p2a: Itsuki|84/100 brn
|-resisted|p2a: Itsuki
|-damage|p2a: Itsuki|78/100 brn
|-hitcount|p2a: Itsuki|3
|
|-damage|p2a: Itsuki|72/100 brn|[from] brn
|upkeep
|turn|131
|
|t:|1627159818
|move|p1a: Kyurem|Substitute|p1a: Kyurem
|-start|p1a: Kyurem|Substitute
|-damage|p1a: Kyurem|51/100
|move|p2a: Itsuki|Swords Dance|p2a: Itsuki
|-boost|p2a: Itsuki|atk|2
|
|-damage|p2a: Itsuki|66/100 brn|[from] brn
|upkeep
|turn|132
|
|t:|1627159822
|move|p1a: Kyurem|Roost|p1a: Kyurem
|-heal|p1a: Kyurem|100/100
|-singleturn|p1a: Kyurem|move: Roost
|move|p2a: Itsuki|Roost|p2a: Itsuki
|-heal|p2a: Itsuki|100/100 brn
|-singleturn|p2a: Itsuki|move: Roost
|
|-damage|p2a: Itsuki|94/100 brn|[from] brn
|upkeep
|turn|133
|
|t:|1627159825
|move|p2a: Itsuki|Bullet Punch|p1a: Kyurem
|-supereffective|p1a: Kyurem
|-end|p1a: Kyurem|Substitute
|move|p1a: Kyurem|Icicle Spear|p2a: Itsuki
|-resisted|p2a: Itsuki
|-crit|p2a: Itsuki
|-damage|p2a: Itsuki|87/100 brn
|-resisted|p2a: Itsuki
|-damage|p2a: Itsuki|81/100 brn
|-resisted|p2a: Itsuki
|-damage|p2a: Itsuki|76/100 brn
|-resisted|p2a: Itsuki
|-damage|p2a: Itsuki|71/100 brn
|-hitcount|p2a: Itsuki|4
|
|-damage|p2a: Itsuki|65/100 brn|[from] brn
|-sideend|p2: BestixL ☾|move: Light Screen
|upkeep
|turn|134
|
|t:|1627159828
|switch|p1a: Toxapex|Toxapex, F|100/100
|-damage|p1a: Toxapex|88/100|[from] Stealth Rock
|move|p2a: Itsuki|U-turn|p1a: Toxapex
|-resisted|p1a: Toxapex
|-damage|p1a: Toxapex|77/100
|
|t:|1627159830
|switch|p2a: WA-R-R|Landorus-Therian, M|43/100|[from]move: U-turn
|-damage|p2a: WA-R-R|31/100|[from] Stealth Rock
|-ability|p2a: WA-R-R|Intimidate|boost
|-unboost|p1a: Toxapex|atk|1
|
|-heal|p2a: WA-R-R|37/100|[from] item: Leftovers
|upkeep
|turn|135
|
|t:|1627159832
|switch|p1a: Kyurem|Kyurem|100/100
|-damage|p1a: Kyurem|76/100|[from] Stealth Rock
|-ability|p1a: Kyurem|Pressure
|move|p2a: WA-R-R|Earthquake|p1a: Kyurem
|-damage|p1a: Kyurem|30/100
|
|-heal|p2a: WA-R-R|43/100|[from] item: Leftovers
|upkeep
|turn|136
|
|t:|1627159842
|move|p1a: Kyurem|Roost|p1a: Kyurem
|-heal|p1a: Kyurem|80/100
|-singleturn|p1a: Kyurem|move: Roost
|move|p2a: WA-R-R|Earthquake|p1a: Kyurem
|-damage|p1a: Kyurem|38/100
|
|-heal|p2a: WA-R-R|49/100|[from] item: Leftovers
|upkeep
|turn|137
|j| hailarctozoltt
|
|t:|1627159849
|switch|p2a: Itsuki|Scizor, F|65/100 brn
|move|p1a: Kyurem|Icicle Spear|p2a: Itsuki
|-resisted|p2a: Itsuki
|-damage|p2a: Itsuki|59/100 brn
|-resisted|p2a: Itsuki
|-damage|p2a: Itsuki|54/100 brn
|-resisted|p2a: Itsuki
|-damage|p2a: Itsuki|48/100 brn
|-resisted|p2a: Itsuki
|-damage|p2a: Itsuki|43/100 brn
|-hitcount|p2a: Itsuki|4
|
|-damage|p2a: Itsuki|37/100 brn|[from] brn
|upkeep
|turn|138
|
|t:|1627159853
|move|p1a: Kyurem|Roost|p1a: Kyurem
|-heal|p1a: Kyurem|88/100
|-singleturn|p1a: Kyurem|move: Roost
|move|p2a: Itsuki|Roost|p2a: Itsuki
|-heal|p2a: Itsuki|87/100 brn
|-singleturn|p2a: Itsuki|move: Roost
|
|-damage|p2a: Itsuki|81/100 brn|[from] brn
|upkeep
|turn|139
|
|t:|1627159861
|move|p1a: Kyurem|Icicle Spear|p2a: Itsuki
|-resisted|p2a: Itsuki
|-damage|p2a: Itsuki|75/100 brn
|-resisted|p2a: Itsuki
|-damage|p2a: Itsuki|69/100 brn
|-hitcount|p2a: Itsuki|2
|move|p2a: Itsuki|Swords Dance|p2a: Itsuki
|-boost|p2a: Itsuki|atk|2
|
|-damage|p2a: Itsuki|63/100 brn|[from] brn
|upkeep
|turn|140
|
|t:|1627159865
|move|p2a: Itsuki|Bullet Punch|p1a: Kyurem
|-supereffective|p1a: Kyurem
|-damage|p1a: Kyurem|43/100
|move|p1a: Kyurem|Substitute|p1a: Kyurem
|-start|p1a: Kyurem|Substitute
|-damage|p1a: Kyurem|18/100
|
|-damage|p2a: Itsuki|57/100 brn|[from] brn
|upkeep
|turn|141
|
|t:|1627159869
|move|p2a: Itsuki|Bullet Punch|p1a: Kyurem
|-supereffective|p1a: Kyurem
|-end|p1a: Kyurem|Substitute
|move|p1a: Kyurem|Roost|p1a: Kyurem
|-heal|p1a: Kyurem|68/100
|-singleturn|p1a: Kyurem|move: Roost
|
|-damage|p2a: Itsuki|51/100 brn|[from] brn
|upkeep
|turn|142
|
|t:|1627159897
|switch|p1a: Toxapex|Toxapex, F|100/100
|-damage|p1a: Toxapex|88/100|[from] Stealth Rock
|move|p2a: Itsuki|U-turn|p1a: Toxapex
|-resisted|p1a: Toxapex
|-damage|p1a: Toxapex|77/100
|
|t:|1627159900
|switch|p2a: WA-R-R|Landorus-Therian, M|49/100|[from]move: U-turn
|-damage|p2a: WA-R-R|36/100|[from] Stealth Rock
|-ability|p2a: WA-R-R|Intimidate|boost
|-unboost|p1a: Toxapex|atk|1
|
|-heal|p2a: WA-R-R|42/100|[from] item: Leftovers
|upkeep
|turn|143
|
|t:|1627159906
|move|p2a: WA-R-R|Earthquake|p1a: Toxapex
|-supereffective|p1a: Toxapex
|-damage|p1a: Toxapex|0 fnt
|faint|p1a: Toxapex
|
|-heal|p2a: WA-R-R|49/100|[from] item: Leftovers
|upkeep
|
|t:|1627159908
|switch|p1a: Kyurem|Kyurem|68/100
|-damage|p1a: Kyurem|43/100|[from] Stealth Rock
|-ability|p1a: Kyurem|Pressure
|turn|144
|j| monotype moment
|
|t:|1627159924
|move|p1a: Kyurem|Icicle Spear|p2a: WA-R-R
|-supereffective|p2a: WA-R-R
|-damage|p2a: WA-R-R|0 fnt
|faint|p2a: WA-R-R
|-hitcount|p2: WA-R-R|1
|
|upkeep
|
|t:|1627159929
|switch|p2a: Itsuki|Scizor, F|51/100 brn
|turn|145
|inactive|Lt84 jm lio has 120 seconds left.
|
|t:|1627159950
|move|p1a: Kyurem|Roost|p1a: Kyurem
|-heal|p1a: Kyurem|93/100
|-singleturn|p1a: Kyurem|move: Roost
|move|p2a: Itsuki|Swords Dance|p2a: Itsuki
|-boost|p2a: Itsuki|atk|2
|
|-damage|p2a: Itsuki|45/100 brn|[from] brn
|upkeep
|turn|146
|j| Aivau
|
|t:|1627159964
|move|p1a: Kyurem|Icicle Spear|p2a: Itsuki
|-resisted|p2a: Itsuki
|-damage|p2a: Itsuki|40/100 brn
|-resisted|p2a: Itsuki
|-damage|p2a: Itsuki|35/100 brn
|-hitcount|p2a: Itsuki|2
|move|p2a: Itsuki|Roost|p2a: Itsuki
|-heal|p2a: Itsuki|85/100 brn
|-singleturn|p2a: Itsuki|move: Roost
|
|-damage|p2a: Itsuki|78/100 brn|[from] brn
|upkeep
|turn|147
|
|t:|1627159980
|move|p2a: Itsuki|Bullet Punch|p1a: Kyurem
|-supereffective|p1a: Kyurem
|-damage|p1a: Kyurem|46/100
|move|p1a: Kyurem|Substitute|p1a: Kyurem
|-start|p1a: Kyurem|Substitute
|-damage|p1a: Kyurem|21/100
|
|-damage|p2a: Itsuki|72/100 brn|[from] brn
|upkeep
|turn|148
|
|t:|1627159993
|move|p2a: Itsuki|Bullet Punch|p1a: Kyurem
|-supereffective|p1a: Kyurem
|-end|p1a: Kyurem|Substitute
|move|p1a: Kyurem|Roost|p1a: Kyurem
|-heal|p1a: Kyurem|71/100
|-singleturn|p1a: Kyurem|move: Roost
|
|-damage|p2a: Itsuki|66/100 brn|[from] brn
|upkeep
|turn|149
|
|t:|1627159997
|move|p2a: Itsuki|Bullet Punch|p1a: Kyurem
|-supereffective|p1a: Kyurem
|-damage|p1a: Kyurem|23/100
|move|p1a: Kyurem|Icicle Spear|p2a: Itsuki
|-resisted|p2a: Itsuki
|-crit|p2a: Itsuki
|-damage|p2a: Itsuki|57/100 brn
|-resisted|p2a: Itsuki
|-damage|p2a: Itsuki|53/100 brn
|-hitcount|p2a: Itsuki|2
|
|-damage|p2a: Itsuki|46/100 brn|[from] brn
|upkeep
|turn|150
|
|t:|1627160001
|move|p2a: Itsuki|Bullet Punch|p1a: Kyurem
|-supereffective|p1a: Kyurem
|-damage|p1a: Kyurem|0 fnt
|faint|p1a: Kyurem
|
|win|BestixL ☾
|raw|Lt84 jm lio's rating: 1805 &rarr; <strong>1791</strong><br />(-14 for losing)
|raw|BestixL ☾'s rating: 1915 &rarr; <strong>1929</strong><br />(+14 for winning)
|l|☆Lt84 jm lio
|l| monotype moment
|l| xasahbae
|j| leistendrescher
|l| LT82ZW UnzipsC
|l| Empo
|l| leistendrescher
|l| QWILY??!
