|raw|<div class="broadcast-blue"><strong>This battle is required to be public due to a player having a name starting with 'lt84jm'.</div>
|j|☆Coach Jones 6fifth
|j|☆LT84JMMimiStardust
|t:|1627561983
|gametype|singles
|player|p1|Coach Jones 6fifth|lusamine-nihilego|1877
|player|p2|LT84JMMimiStardust|lillie-z|1869
|teamsize|p1|6
|teamsize|p2|6
|gen|8
|tier|[Gen 8] OU
|rated|
|rule|Sleep Clause Mod: Limit one foe put to sleep
|rule|Species Clause: Limit one of each Pokémon
|rule|OHKO Clause: OHKO moves are banned
|rule|Evasion Moves Clause: Evasion moves are banned
|rule|Endless Battle Clause: Forcing endless battles is banned
|rule|HP Percentage Mod: HP is shown in percentages
|rule|Dynamax Clause: You cannot dynamax
|clearpoke
|poke|p1|Heatran, F|
|poke|p1|Rillaboom, F|
|poke|p1|Zapdos|
|poke|p1|Slowbro, M|
|poke|p1|Landorus-Therian, M|
|poke|p1|Dragapult, F|
|poke|p2|Pelipper, F|
|poke|p2|Barraskewda, M|
|poke|p2|Regieleki|
|poke|p2|Tapu Lele|
|poke|p2|Landorus-Therian, M|
|poke|p2|Ferrothorn, F|
|teampreview
|
|t:|1627561992
|start
|switch|p1a: Slowbro|Slowbro, M|100/100
|switch|p2a: Landorus|Landorus-Therian, M|100/100
|-ability|p2a: Landorus|Intimidate|boost
|-unboost|p1a: Slowbro|atk|1
|turn|1
|c|☆LT84JMMimiStardust|please no hax
|j| YoruNoxx
|j| babours
|c|☆Coach Jones 6fifth|Wasn't much hax last macth
|c|☆Coach Jones 6fifth|match*
|j| starmind
|
|t:|1627562026
|move|p2a: Landorus|U-turn|p1a: Slowbro
|-supereffective|p1a: Slowbro
|-damage|p1a: Slowbro|74/100
|j| LT84JM Yako2000s
|j| LT84JMM
|j| rickywang
|c|☆LT84JMMimiStardust|a freeze is still quite painful
|
|t:|1627562043
|switch|p2a: Ferrothorn|Ferrothorn, F|100/100|[from]move: U-turn
|move|p1a: Slowbro|Scald|p2a: Ferrothorn
|-resisted|p2a: Ferrothorn
|-damage|p2a: Ferrothorn|92/100
|-status|p2a: Ferrothorn|brn
|
|-heal|p2a: Ferrothorn|98/100 brn|[from] item: Leftovers
|-damage|p2a: Ferrothorn|92/100 brn|[from] brn
|upkeep
|turn|2
|
|t:|1627562050
|move|p2a: Ferrothorn|Knock Off|p1a: Slowbro
|-supereffective|p1a: Slowbro
|-damage|p1a: Slowbro|62/100
|-enditem|p1a: Slowbro|Heavy-Duty Boots|[from] move: Knock Off|[of] p2a: Ferrothorn
|move|p1a: Slowbro|Teleport|p1a: Slowbro
|
|t:|1627562054
|switch|p1a: Zapdos|Zapdos|100/100|[from]move: Teleport
|
|-heal|p2a: Ferrothorn|98/100 brn|[from] item: Leftovers
|-damage|p2a: Ferrothorn|92/100 brn|[from] brn
|upkeep
|turn|3
|
|t:|1627562058
|switch|p1a: Slowbro|Slowbro, M|95/100
|switch|p2a: Landorus|Landorus-Therian, M|100/100
|-ability|p2a: Landorus|Intimidate|boost
|-unboost|p1a: Slowbro|atk|1
|
|upkeep
|turn|4
|
|t:|1627562061
|move|p2a: Landorus|U-turn|p1a: Slowbro
|-supereffective|p1a: Slowbro
|-damage|p1a: Slowbro|68/100
|
|t:|1627562062
|switch|p2a: Ferrothorn|Ferrothorn, F|92/100 brn|[from]move: U-turn
|move|p1a: Slowbro|Ice Beam|p2a: Ferrothorn
|-damage|p2a: Ferrothorn|79/100 brn
|
|-heal|p2a: Ferrothorn|85/100 brn|[from] item: Leftovers
|-damage|p2a: Ferrothorn|79/100 brn|[from] brn
|upkeep
|turn|5
|
|t:|1627562068
|move|p2a: Ferrothorn|Spikes|p1a: Slowbro
|-sidestart|p1: Coach Jones 6fifth|Spikes
|move|p1a: Slowbro|Teleport|p1a: Slowbro
|
|t:|1627562074
|switch|p1a: Zapdos|Zapdos|100/100|[from]move: Teleport
|
|-heal|p2a: Ferrothorn|85/100 brn|[from] item: Leftovers
|-damage|p2a: Ferrothorn|79/100 brn|[from] brn
|upkeep
|turn|6
|
|t:|1627562076
|switch|p2a: Tapu Lele|Tapu Lele|100/100
|-fieldstart|move: Psychic Terrain|[from] ability: Psychic Surge|[of] p2a: Tapu Lele
|move|p1a: Zapdos|Defog|p2a: Tapu Lele
|-unboost|p2a: Tapu Lele|evasion|1
|-sideend|p1: Coach Jones 6fifth|Spikes|[from] move: Defog|[of] p1a: Zapdos
|-fieldend|move: Psychic Terrain
|
|upkeep
|turn|7
|j| Pikablu007
|
|t:|1627562079
|move|p2a: Tapu Lele|Moonblast|p1a: Zapdos
|-damage|p1a: Zapdos|46/100
|move|p1a: Zapdos|Roost|p1a: Zapdos
|-heal|p1a: Zapdos|96/100
|-singleturn|p1a: Zapdos|move: Roost
|
|upkeep
|turn|8
|
|t:|1627562082
|switch|p1a: Heatran|Heatran, F|100/100
|move|p2a: Tapu Lele|Moonblast|p1a: Heatran
|-resisted|p1a: Heatran
|-damage|p1a: Heatran|92/100
|-unboost|p1a: Heatran|spa|1
|
|-heal|p1a: Heatran|98/100|[from] item: Leftovers
|upkeep
|turn|9
|
|t:|1627562088
|switch|p2a: Pelipper|Pelipper, F|100/100
|-weather|RainDance|[from] ability: Drizzle|[of] p2a: Pelipper
|switch|p1a: Landorus|Landorus-Therian, M|100/100
|-ability|p1a: Landorus|Intimidate|boost
|-unboost|p2a: Pelipper|atk|1
|
|-weather|RainDance|[upkeep]
|upkeep
|turn|10
|
|t:|1627562091
|switch|p1a: Slowbro|Slowbro, M|100/100
|move|p2a: Pelipper|Surf|p1a: Slowbro
|-resisted|p1a: Slowbro
|-damage|p1a: Slowbro|48/100
|
|-weather|RainDance|[upkeep]
|upkeep
|turn|11
|
|t:|1627562095
|switch|p1a: Rillaboom|Rillaboom, F|100/100
|-fieldstart|move: Grassy Terrain|[from] ability: Grassy Surge|[of] p1a: Rillaboom
|move|p2a: Pelipper|Surf|p1a: Rillaboom
|-resisted|p1a: Rillaboom
|-damage|p1a: Rillaboom|36/100
|
|-weather|RainDance|[upkeep]
|-heal|p1a: Rillaboom|42/100|[from] Grassy Terrain
|upkeep
|turn|12
|
|t:|1627562099
|switch|p2a: Ferrothorn|Ferrothorn, F|79/100 brn
|move|p1a: Rillaboom|Superpower|p2a: Ferrothorn
|-supereffective|p2a: Ferrothorn
|-damage|p2a: Ferrothorn|0 fnt
|-unboost|p1a: Rillaboom|atk|1
|-unboost|p1a: Rillaboom|def|1
|-damage|p1a: Rillaboom|30/100|[from] ability: Iron Barbs|[of] p2a: Ferrothorn
|faint|p2a: Ferrothorn
|
|-weather|RainDance|[upkeep]
|-heal|p1a: Rillaboom|36/100|[from] Grassy Terrain
|upkeep
|
|t:|1627562102
|switch|p2a: Pelipper|Pelipper, F|100/100
|turn|13
|l| Pikablu007
|
|t:|1627562108
|switch|p1a: Slowbro|Slowbro, M|82/100
|move|p2a: Pelipper|Surf|p1a: Slowbro
|-resisted|p1a: Slowbro
|-damage|p1a: Slowbro|29/100
|
|-weather|none
|-heal|p1a: Slowbro|35/100|[from] Grassy Terrain
|upkeep
|turn|14
|
|t:|1627562112
|switch|p1a: Dragapult|Dragapult, F, shiny|100/100
|move|p2a: Pelipper|Surf|p1a: Dragapult
|-resisted|p1a: Dragapult
|-damage|p1a: Dragapult|59/100
|
|-heal|p1a: Dragapult|65/100|[from] Grassy Terrain
|upkeep
|turn|15
|
|t:|1627562114
|switch|p2a: Landorus|Landorus-Therian, M|100/100
|-ability|p2a: Landorus|Intimidate|boost
|-unboost|p1a: Dragapult|atk|1
|move|p1a: Dragapult|Shadow Ball|p2a: Landorus
|-damage|p2a: Landorus|60/100
|
|-heal|p1a: Dragapult|71/100|[from] Grassy Terrain
|-heal|p2a: Landorus|66/100|[from] item: Leftovers
|-fieldend|move: Grassy Terrain
|upkeep
|turn|16
|j| LT84JM MO
|
|t:|1627562119
|switch|p1a: Zapdos|Zapdos|96/100
|move|p2a: Landorus|Stealth Rock|p1a: Zapdos
|-sidestart|p1: Coach Jones 6fifth|move: Stealth Rock
|
|-heal|p2a: Landorus|72/100|[from] item: Leftovers
|upkeep
|turn|17
|
|t:|1627562122
|move|p1a: Zapdos|Defog|p2a: Landorus
|-unboost|p2a: Landorus|evasion|1
|-sideend|p1: Coach Jones 6fifth|Stealth Rock|[from] move: Defog|[of] p1a: Zapdos
|move|p2a: Landorus|Knock Off|p1a: Zapdos
|-damage|p1a: Zapdos|73/100
|-enditem|p1a: Zapdos|Heavy-Duty Boots|[from] move: Knock Off|[of] p2a: Landorus
|
|-heal|p2a: Landorus|78/100|[from] item: Leftovers
|upkeep
|turn|18
|
|t:|1627562125
|move|p1a: Zapdos|Heat Wave|p2a: Landorus
|-damage|p2a: Landorus|59/100
|move|p2a: Landorus|Stealth Rock|p1a: Zapdos
|-sidestart|p1: Coach Jones 6fifth|move: Stealth Rock
|
|-heal|p2a: Landorus|65/100|[from] item: Leftovers
|upkeep
|turn|19
|j| Trickster7
|
|t:|1627562130
|move|p1a: Zapdos|Defog|p2a: Landorus
|-unboost|p2a: Landorus|evasion|1
|-sideend|p1: Coach Jones 6fifth|Stealth Rock|[from] move: Defog|[of] p1a: Zapdos
|move|p2a: Landorus|U-turn|p1a: Zapdos
|-resisted|p1a: Zapdos
|-damage|p1a: Zapdos|64/100
|-status|p2a: Landorus|par|[from] ability: Static|[of] p1a: Zapdos
|
|t:|1627562132
|switch|p2a: Tapu Lele|Tapu Lele|100/100|[from]move: U-turn
|-fieldstart|move: Psychic Terrain|[from] ability: Psychic Surge|[of] p2a: Tapu Lele
|
|upkeep
|turn|20
|
|t:|1627562135
|switch|p1a: Heatran|Heatran, F|98/100
|move|p2a: Tapu Lele|Psychic|p1a: Heatran
|-resisted|p1a: Heatran
|-damage|p1a: Heatran|77/100
|
|-heal|p1a: Heatran|83/100|[from] item: Leftovers
|upkeep
|turn|21
|
|t:|1627562142
|switch|p2a: Landorus|Landorus-Therian, M|65/100 par
|-ability|p2a: Landorus|Intimidate|boost
|-unboost|p1a: Heatran|atk|1
|switch|p1a: Slowbro|Slowbro, M|69/100
|
|-heal|p2a: Landorus|71/100 par|[from] item: Leftovers
|upkeep
|turn|22
|j| bitter haagen
|
|t:|1627562146
|move|p2a: Landorus|U-turn|p1a: Slowbro
|-supereffective|p1a: Slowbro
|-damage|p1a: Slowbro|43/100
|
|t:|1627562148
|switch|p2a: Pelipper|Pelipper, F|100/100|[from]move: U-turn
|-weather|RainDance|[from] ability: Drizzle|[of] p2a: Pelipper
|move|p1a: Slowbro|Teleport|p1a: Slowbro
|
|t:|1627562152
|switch|p1a: Rillaboom|Rillaboom, F|36/100|[from]move: Teleport
|-fieldstart|move: Grassy Terrain|[from] ability: Grassy Surge|[of] p1a: Rillaboom
|
|-weather|RainDance|[upkeep]
|-heal|p1a: Rillaboom|42/100|[from] Grassy Terrain
|upkeep
|turn|23
|
|t:|1627562156
|switch|p2a: Regieleki|Regieleki|100/100
|move|p1a: Rillaboom|Wood Hammer|p2a: Regieleki
|-damage|p2a: Regieleki|0 fnt
|faint|p2a: Regieleki
|-damage|p1a: Rillaboom|11/100|[from] Recoil
|
|-weather|RainDance|[upkeep]
|-heal|p1a: Rillaboom|18/100|[from] Grassy Terrain
|upkeep
|
|t:|1627562159
|switch|p2a: Barraskewda|Barraskewda, M|100/100
|turn|24
|
|t:|1627562162
|switch|p1a: Slowbro|Slowbro, M|76/100
|move|p2a: Barraskewda|Flip Turn|p1a: Slowbro
|-resisted|p1a: Slowbro
|-damage|p1a: Slowbro|56/100
|
|t:|1627562165
|switch|p2a: Pelipper|Pelipper, F|100/100|[from]move: Flip Turn
|
|-weather|RainDance|[upkeep]
|-heal|p1a: Slowbro|62/100|[from] Grassy Terrain
|upkeep
|turn|25
|
|t:|1627562169
|switch|p1a: Heatran|Heatran, F|83/100
|move|p2a: Pelipper|Hurricane|p1a: Heatran
|-resisted|p1a: Heatran
|-damage|p1a: Heatran|59/100
|
|-weather|RainDance|[upkeep]
|-heal|p1a: Heatran|65/100|[from] Grassy Terrain
|-heal|p1a: Heatran|71/100|[from] item: Leftovers
|upkeep
|turn|26
|
|t:|1627562176
|switch|p2a: Landorus|Landorus-Therian, M|71/100 par
|-ability|p2a: Landorus|Intimidate|boost
|-unboost|p1a: Heatran|atk|1
|move|p1a: Heatran|Heavy Slam|p2a: Landorus
|-damage|p2a: Landorus|50/100 par
|
|-weather|none
|-heal|p1a: Heatran|78/100|[from] Grassy Terrain
|-heal|p1a: Heatran|84/100|[from] item: Leftovers
|-heal|p2a: Landorus|56/100 par|[from] item: Leftovers
|-fieldend|move: Grassy Terrain
|upkeep
|turn|27
|
|t:|1627562180
|switch|p1a: Rillaboom|Rillaboom, F|18/100
|-fieldstart|move: Grassy Terrain|[from] ability: Grassy Surge|[of] p1a: Rillaboom
|move|p2a: Landorus|Stealth Rock|p1a: Rillaboom
|-sidestart|p1: Coach Jones 6fifth|move: Stealth Rock
|
|-heal|p1a: Rillaboom|24/100|[from] Grassy Terrain
|-heal|p2a: Landorus|62/100 par|[from] item: Leftovers
|upkeep
|turn|28
|
|t:|1627562182
|move|p1a: Rillaboom|Grassy Glide|p2a: Landorus
|-damage|p2a: Landorus|0 fnt
|faint|p2a: Landorus
|
|-heal|p1a: Rillaboom|30/100|[from] Grassy Terrain
|upkeep
|
|t:|1627562187
|switch|p2a: Tapu Lele|Tapu Lele|100/100
|-fieldstart|move: Psychic Terrain|[from] ability: Psychic Surge|[of] p2a: Tapu Lele
|turn|29
|
|t:|1627562190
|switch|p1a: Slowbro|Slowbro, M|95/100
|-damage|p1a: Slowbro|83/100|[from] Stealth Rock
|move|p2a: Tapu Lele|Psychic|p1a: Slowbro
|-resisted|p1a: Slowbro
|-damage|p1a: Slowbro|49/100
|
|upkeep
|turn|30
|
|t:|1627562194
|move|p2a: Tapu Lele|Psychic|p1a: Slowbro
|-resisted|p1a: Slowbro
|-damage|p1a: Slowbro|13/100
|move|p1a: Slowbro|Teleport|p1a: Slowbro
|
|t:|1627562196
|switch|p1a: Rillaboom|Rillaboom, F|30/100|[from]move: Teleport
|-damage|p1a: Rillaboom|18/100|[from] Stealth Rock
|-fieldstart|move: Grassy Terrain|[from] ability: Grassy Surge|[of] p1a: Rillaboom
|
|-heal|p1a: Rillaboom|24/100|[from] Grassy Terrain
|upkeep
|turn|31
|
|t:|1627562200
|switch|p2a: Barraskewda|Barraskewda, M|100/100
|move|p1a: Rillaboom|Grassy Glide|p2a: Barraskewda
|-supereffective|p2a: Barraskewda
|-damage|p2a: Barraskewda|0 fnt
|faint|p2a: Barraskewda
|
|-heal|p1a: Rillaboom|30/100|[from] Grassy Terrain
|upkeep
|j| myboneshurt
|
|t:|1627562202
|switch|p2a: Pelipper|Pelipper, F|100/100
|-weather|RainDance|[from] ability: Drizzle|[of] p2a: Pelipper
|turn|32
|j| RipReckful
|
|t:|1627562211
|switch|p1a: Heatran|Heatran, F|84/100
|-damage|p1a: Heatran|71/100|[from] Stealth Rock
|move|p2a: Pelipper|Surf|p1a: Heatran
|-supereffective|p1a: Heatran
|-crit|p1a: Heatran
|-damage|p1a: Heatran|0 fnt
|faint|p1a: Heatran
|
|-weather|RainDance|[upkeep]
|upkeep
|
|t:|1627562217
|switch|p1a: Zapdos|Zapdos|64/100
|-damage|p1a: Zapdos|40/100|[from] Stealth Rock
|turn|33
|
|t:|1627562221
|move|p1a: Zapdos|Volt Switch|p2a: Pelipper
|-supereffective|p2a: Pelipper
|-damage|p2a: Pelipper|0 fnt
|faint|p2a: Pelipper
|
|t:|1627562223
|switch|p1a: Dragapult|Dragapult, F, shiny|71/100|[from]move: Volt Switch
|-damage|p1a: Dragapult|59/100|[from] Stealth Rock
|
|-weather|RainDance|[upkeep]
|-heal|p1a: Dragapult|65/100|[from] Grassy Terrain
|upkeep
|l| bitter haagen
|
|t:|1627562226
|switch|p2a: Tapu Lele|Tapu Lele|100/100
|-fieldstart|move: Psychic Terrain|[from] ability: Psychic Surge|[of] p2a: Tapu Lele
|turn|34
|
|t:|1627562228
|move|p2a: Tapu Lele|Psychic|p1a: Dragapult
|-damage|p1a: Dragapult|0 fnt
|faint|p1a: Dragapult
|
|-weather|RainDance|[upkeep]
|upkeep
|
|t:|1627562230
|switch|p1a: Rillaboom|Rillaboom, F|30/100
|-damage|p1a: Rillaboom|18/100|[from] Stealth Rock
|-fieldstart|move: Grassy Terrain|[from] ability: Grassy Surge|[of] p1a: Rillaboom
|turn|35
|c|☆LT84JMMimiStardust|gg
|c|☆Coach Jones 6fifth|gg
|-message|LT84JMMimiStardust forfeited.
|
|win|Coach Jones 6fifth
|raw|Coach Jones 6fifth's rating: 1877 &rarr; <strong>1897</strong><br />(+20 for winning)
|raw|LT84JMMimiStardust's rating: 1869 &rarr; <strong>1849</strong><br />(-20 for losing)
|l|☆LT84JMMimiStardust
|j| waste yrself
|j| ibleachyourskin
|l|☆Coach Jones 6fifth
|l| ibleachyourskin
|j|☆Coach Jones 6fifth
|player|p1|Coach Jones 6fifth|lusamine-nihilego
|j| LT84JM croo
|l| waste yrself
|l| myboneshurt
|l| LT84JM croo
