|html|<div class="broadcast-blue"><strong>[Gen 8] OU is currently suspecting Melmetal! For information on how to participate check out the <a href="https://www.smogon.com/forums/threads/np-ss-ou-suspect-process-round-12-monster-mash.3709234/">suspect thread</a>.</strong></div>
|j|☆minimax_ai
|j|☆outd blundar
|t:|1666921566
|gametype|singles
|player|p1|minimax_ai|lusamine-nihilego|1418
|player|p2|outd blundar|170|1373
|teamsize|p1|6
|teamsize|p2|6
|gen|8
|tier|[Gen 8] OU
|rated|
|rule|Sleep Clause Mod: Limit one foe put to sleep
|rule|Species Clause: Limit one of each Pokémon
|rule|OHKO Clause: OHKO moves are banned
|rule|Evasion Items Clause: Evasion items are banned
|rule|Evasion Moves Clause: Evasion moves are banned
|rule|Endless Battle Clause: Forcing endless battles is banned
|rule|HP Percentage Mod: HP is shown in percentages
|rule|Dynamax Clause: You cannot dynamax
|clearpoke
|poke|p1|Rotom-Wash|
|poke|p1|Weavile, M|
|poke|p1|Landorus-Therian, M|
|poke|p1|Heatran, M|
|poke|p1|Tangrowth, M|
|poke|p1|Melmetal|
|poke|p2|Mandibuzz, F|
|poke|p2|Metagross|
|poke|p2|Duraludon, F|
|poke|p2|Toxapex, F|
|poke|p2|Entei|
|poke|p2|Tornadus-Therian, M|
|teampreview
|c|☆minimax_ai|hf
|inactive|Battle timer is ON: inactive players will automatically lose when time's up. (requested by minimax_ai)
|
|t:|1666921579
|start
|switch|p1a: Heatran|Heatran, M|100/100
|switch|p2a: Entei|Entei|100/100
|-item|p1a: Heatran|Air Balloon
|turn|1
|
|t:|1666921591
|switch|p2a: Mandibuzz|Mandibuzz, F|100/100
|move|p1a: Heatran|Earth Power|p2a: Mandibuzz
|-immune|p2a: Mandibuzz
|
|upkeep
|turn|2
|
|t:|1666921597
|move|p1a: Heatran|Magma Storm|p2a: Mandibuzz
|-damage|p2a: Mandibuzz|67/100
|-activate|p2a: Mandibuzz|move: Magma Storm|[of] p1a: Heatran
|move|p2a: Mandibuzz|Taunt|p1a: Heatran
|-start|p1a: Heatran|move: Taunt
|
|-heal|p2a: Mandibuzz|73/100|[from] item: Leftovers
|-damage|p2a: Mandibuzz|61/100|[from] move: Magma Storm|[partiallytrapped]
|upkeep
|turn|3
|
|t:|1666921600
|move|p1a: Heatran|Magma Storm|p2a: Mandibuzz
|-damage|p2a: Mandibuzz|31/100
|move|p2a: Mandibuzz|Roost|p2a: Mandibuzz
|-heal|p2a: Mandibuzz|81/100
|-singleturn|p2a: Mandibuzz|move: Roost
|
|-heal|p2a: Mandibuzz|87/100|[from] item: Leftovers
|-damage|p2a: Mandibuzz|75/100|[from] move: Magma Storm|[partiallytrapped]
|upkeep
|turn|4
|
|t:|1666921602
|move|p1a: Heatran|Magma Storm|p2a: Mandibuzz
|-damage|p2a: Mandibuzz|40/100
|move|p2a: Mandibuzz|Roost|p2a: Mandibuzz
|-heal|p2a: Mandibuzz|90/100
|-singleturn|p2a: Mandibuzz|move: Roost
|
|-heal|p2a: Mandibuzz|96/100|[from] item: Leftovers
|-damage|p2a: Mandibuzz|84/100|[from] move: Magma Storm|[partiallytrapped]
|upkeep
|turn|5
|
|t:|1666921608
|move|p1a: Heatran|Magma Storm|p2a: Mandibuzz
|-damage|p2a: Mandibuzz|50/100
|move|p2a: Mandibuzz|Knock Off|p1a: Heatran
|-damage|p1a: Heatran|76/100
|-enditem|p1a: Heatran|Air Balloon
|
|-heal|p2a: Mandibuzz|57/100|[from] item: Leftovers
|-damage|p2a: Mandibuzz|44/100|[from] move: Magma Storm|[partiallytrapped]
|-end|p1a: Heatran|move: Taunt
|upkeep
|turn|6
|
|t:|1666921610
|move|p1a: Heatran|Stealth Rock|p2a: Mandibuzz
|-sidestart|p2: outd blundar|move: Stealth Rock
|move|p2a: Mandibuzz|Roost|p2a: Mandibuzz
|-heal|p2a: Mandibuzz|94/100
|-singleturn|p2a: Mandibuzz|move: Roost
|
|-heal|p2a: Mandibuzz|99/100|[from] item: Leftovers
|-end|p2a: Mandibuzz|Magma Storm|[partiallytrapped]
|upkeep
|turn|7
|
|t:|1666921612
|move|p1a: Heatran|Magma Storm|p2a: Mandibuzz|[miss]
|-miss|p1a: Heatran|p2a: Mandibuzz
|move|p2a: Mandibuzz|Mean Look|p1a: Heatran
|-activate|p1a: Heatran|trapped
|
|-heal|p2a: Mandibuzz|100/100|[from] item: Leftovers
|upkeep
|turn|8
|
|t:|1666921614
|move|p1a: Heatran|Magma Storm|p2a: Mandibuzz
|-damage|p2a: Mandibuzz|67/100
|-activate|p2a: Mandibuzz|move: Magma Storm|[of] p1a: Heatran
|move|p2a: Mandibuzz|Taunt|p1a: Heatran
|-start|p1a: Heatran|move: Taunt
|
|-heal|p2a: Mandibuzz|73/100|[from] item: Leftovers
|-damage|p2a: Mandibuzz|61/100|[from] move: Magma Storm|[partiallytrapped]
|upkeep
|turn|9
|
|t:|1666921617
|move|p1a: Heatran|Magma Storm|p2a: Mandibuzz
|-damage|p2a: Mandibuzz|30/100
|move|p2a: Mandibuzz|Roost|p2a: Mandibuzz
|-heal|p2a: Mandibuzz|80/100
|-singleturn|p2a: Mandibuzz|move: Roost
|
|-heal|p2a: Mandibuzz|86/100|[from] item: Leftovers
|-damage|p2a: Mandibuzz|74/100|[from] move: Magma Storm|[partiallytrapped]
|upkeep
|turn|10
|
|t:|1666921620
|move|p1a: Heatran|Magma Storm|p2a: Mandibuzz
|-damage|p2a: Mandibuzz|40/100
|move|p2a: Mandibuzz|Knock Off|p1a: Heatran
|-damage|p1a: Heatran|59/100
|
|-heal|p2a: Mandibuzz|46/100|[from] item: Leftovers
|-damage|p2a: Mandibuzz|33/100|[from] move: Magma Storm|[partiallytrapped]
|upkeep
|turn|11
|
|t:|1666921623
|move|p1a: Heatran|Eruption|p2a: Mandibuzz
|-damage|p2a: Mandibuzz|3/100
|move|p2a: Mandibuzz|Roost|p2a: Mandibuzz
|-heal|p2a: Mandibuzz|53/100
|-singleturn|p2a: Mandibuzz|move: Roost
|
|-heal|p2a: Mandibuzz|59/100|[from] item: Leftovers
|-damage|p2a: Mandibuzz|47/100|[from] move: Magma Storm|[partiallytrapped]
|-end|p1a: Heatran|move: Taunt
|upkeep
|turn|12
|
|t:|1666921626
|move|p1a: Heatran|Eruption|p2a: Mandibuzz
|-damage|p2a: Mandibuzz|18/100
|move|p2a: Mandibuzz|Roost|p2a: Mandibuzz
|-heal|p2a: Mandibuzz|68/100
|-singleturn|p2a: Mandibuzz|move: Roost
|
|-heal|p2a: Mandibuzz|75/100|[from] item: Leftovers
|-damage|p2a: Mandibuzz|62/100|[from] move: Magma Storm|[partiallytrapped]
|upkeep
|turn|13
|
|t:|1666921631
|move|p1a: Heatran|Eruption|p2a: Mandibuzz
|-damage|p2a: Mandibuzz|36/100
|move|p2a: Mandibuzz|Roost|p2a: Mandibuzz
|-heal|p2a: Mandibuzz|86/100
|-singleturn|p2a: Mandibuzz|move: Roost
|
|-heal|p2a: Mandibuzz|92/100|[from] item: Leftovers
|-end|p2a: Mandibuzz|Magma Storm|[partiallytrapped]
|upkeep
|turn|14
|
|t:|1666921635
|move|p1a: Heatran|Eruption|p2a: Mandibuzz
|-damage|p2a: Mandibuzz|64/100
|move|p2a: Mandibuzz|Knock Off|p1a: Heatran
|-damage|p1a: Heatran|44/100
|
|-heal|p2a: Mandibuzz|70/100|[from] item: Leftovers
|upkeep
|turn|15
|
|t:|1666921638
|move|p1a: Heatran|Eruption|p2a: Mandibuzz
|-damage|p2a: Mandibuzz|51/100
|move|p2a: Mandibuzz|Knock Off|p1a: Heatran
|-damage|p1a: Heatran|28/100
|
|-heal|p2a: Mandibuzz|57/100|[from] item: Leftovers
|upkeep
|turn|16
|
|t:|1666921643
|move|p1a: Heatran|Eruption|p2a: Mandibuzz
|-damage|p2a: Mandibuzz|44/100
|move|p2a: Mandibuzz|Knock Off|p1a: Heatran
|-damage|p1a: Heatran|10/100
|
|-heal|p2a: Mandibuzz|50/100|[from] item: Leftovers
|upkeep
|turn|17
|
|t:|1666921646
|move|p1a: Heatran|Eruption|p2a: Mandibuzz
|-damage|p2a: Mandibuzz|45/100
|move|p2a: Mandibuzz|Roost|p2a: Mandibuzz
|-heal|p2a: Mandibuzz|95/100
|-singleturn|p2a: Mandibuzz|move: Roost
|
|-heal|p2a: Mandibuzz|100/100|[from] item: Leftovers
|upkeep
|turn|18
|
|t:|1666921652
|switch|p2a: Tornadus|Tornadus-Therian, M|100/100
|move|p1a: Heatran|Eruption|p2a: Tornadus
|-damage|p2a: Tornadus|92/100
|
|upkeep
|turn|19
|
|t:|1666921654
|switch|p1a: Melmetal|Melmetal|100/100
|move|p2a: Tornadus|Defog|p1a: Melmetal
|-unboost|p1a: Melmetal|evasion|1
|-sideend|p2: outd blundar|Stealth Rock|[from] move: Defog|[of] p2a: Tornadus
|
|upkeep
|turn|20
|
|t:|1666921658
|move|p2a: Tornadus|Knock Off|p1a: Melmetal
|-damage|p1a: Melmetal|89/100
|-enditem|p1a: Melmetal|Assault Vest|[from] move: Knock Off|[of] p2a: Tornadus
|move|p1a: Melmetal|Thunder Punch|p2a: Tornadus
|-supereffective|p2a: Tornadus
|-damage|p2a: Tornadus|43/100
|
|upkeep
|turn|21
|
|t:|1666921661
|switch|p2a: Entei|Entei|100/100
|move|p1a: Melmetal|Thunder Punch|p2a: Entei
|-damage|p2a: Entei|78/100
|
|upkeep
|turn|22
|
|t:|1666921664
|switch|p1a: Tangrowth|Tangrowth, M|100/100
|move|p2a: Entei|Sacred Fire|p1a: Tangrowth
|-supereffective|p1a: Tangrowth
|-damage|p1a: Tangrowth|60/100
|
|upkeep
|turn|23
|
|t:|1666921668
|switch|p1a: rotomwash|Rotom-Wash|100/100
|move|p2a: Entei|Sacred Fire|p1a: rotomwash
|-resisted|p1a: rotomwash
|-damage|p1a: rotomwash|81/100
|
|-heal|p1a: rotomwash|87/100|[from] item: Leftovers
|upkeep
|turn|24
|
|t:|1666921673
|switch|p2a: Mandibuzz|Mandibuzz, F|100/100
|move|p1a: rotomwash|Nasty Plot|p1a: rotomwash
|-boost|p1a: rotomwash|spa|2
|
|-heal|p1a: rotomwash|93/100|[from] item: Leftovers
|upkeep
|turn|25
|
|t:|1666921677
|switch|p2a: Duraludon|Duraludon, F|100/100
|move|p1a: rotomwash|Thunderbolt|p2a: Duraludon
|-resisted|p2a: Duraludon
|-damage|p2a: Duraludon|65/100
|
|-heal|p1a: rotomwash|99/100|[from] item: Leftovers
|-heal|p2a: Duraludon|71/100|[from] item: Leftovers
|upkeep
|turn|26
|
|t:|1666921683
|move|p1a: rotomwash|Thunderbolt|p2a: Duraludon
|-resisted|p2a: Duraludon
|-damage|p2a: Duraludon|31/100
|move|p2a: Duraludon|Stealth Rock|p1a: rotomwash
|-sidestart|p1: minimax_ai|move: Stealth Rock
|
|-heal|p1a: rotomwash|100/100|[from] item: Leftovers
|-heal|p2a: Duraludon|37/100|[from] item: Leftovers
|upkeep
|turn|27
|
|t:|1666921685
|move|p1a: rotomwash|Thunderbolt|p2a: Duraludon
|-resisted|p2a: Duraludon
|-damage|p2a: Duraludon|0 fnt
|faint|p2a: Duraludon
|
|upkeep
|
|t:|1666921695
|switch|p2a: Toxapex|Toxapex, F|100/100
|turn|28
|
|t:|1666921697
|move|p1a: rotomwash|Thunderbolt|p2a: Toxapex
|-supereffective|p2a: Toxapex
|-damage|p2a: Toxapex|3/100
|move|p2a: Toxapex|Haze|p2a: Toxapex
|-clearallboost
|
|-heal|p2a: Toxapex|9/100|[from] item: Black Sludge
|upkeep
|turn|29
|
|t:|1666921700
|move|p1a: rotomwash|Thunderbolt|p2a: Toxapex
|-supereffective|p2a: Toxapex
|-damage|p2a: Toxapex|0 fnt
|faint|p2a: Toxapex
|
|upkeep
|
|t:|1666921704
|switch|p2a: Metagross|Metagross|100/100
|turn|30
|
|t:|1666921711
|move|p1a: rotomwash|Nasty Plot|p1a: rotomwash
|-boost|p1a: rotomwash|spa|2
|move|p2a: Metagross|Rock Polish|p2a: Metagross
|-boost|p2a: Metagross|spe|2
|
|upkeep
|turn|31
|
|t:|1666921713
|move|p2a: Metagross|Zen Headbutt|p1a: rotomwash
|-damage|p1a: rotomwash|66/100
|move|p1a: rotomwash|Thunderbolt|p2a: Metagross
|-damage|p2a: Metagross|30/100
|-status|p2a: Metagross|par
|
|-heal|p1a: rotomwash|72/100|[from] item: Leftovers
|-heal|p2a: Metagross|36/100 par|[from] item: Leftovers
|upkeep
|turn|32
|
|t:|1666921715
|move|p1a: rotomwash|Thunderbolt|p2a: Metagross
|-damage|p2a: Metagross|0 fnt
|faint|p2a: Metagross
|
|-heal|p1a: rotomwash|78/100|[from] item: Leftovers
|upkeep
|
|t:|1666921717
|switch|p2a: Mandibuzz|Mandibuzz, F|100/100
|turn|33
|
|t:|1666921719
|move|p1a: rotomwash|Thunderbolt|p2a: Mandibuzz
|-supereffective|p2a: Mandibuzz
|-damage|p2a: Mandibuzz|23/100
|move|p2a: Mandibuzz|Knock Off|p1a: rotomwash
|-damage|p1a: rotomwash|54/100
|-enditem|p1a: rotomwash|Leftovers|[from] move: Knock Off|[of] p2a: Mandibuzz
|
|-heal|p2a: Mandibuzz|29/100|[from] item: Leftovers
|upkeep
|turn|34
|
|t:|1666921721
|move|p1a: rotomwash|Thunderbolt|p2a: Mandibuzz
|-supereffective|p2a: Mandibuzz
|-damage|p2a: Mandibuzz|0 fnt
|faint|p2a: Mandibuzz
|
|upkeep
|
|t:|1666921723
|switch|p2a: Tornadus|Tornadus-Therian, M|76/100
|turn|35
|
|t:|1666921725
|move|p2a: Tornadus|Hurricane|p1a: rotomwash|[miss]
|-miss|p2a: Tornadus|p1a: rotomwash
|move|p1a: rotomwash|Thunderbolt|p2a: Tornadus
|-supereffective|p2a: Tornadus
|-damage|p2a: Tornadus|0 fnt
|faint|p2a: Tornadus
|
|upkeep
|-message|outd blundar forfeited.
|
|win|minimax_ai
|raw|minimax_ai's rating: 1418 &rarr; <strong>1435</strong><br />(+17 for winning)
|raw|outd blundar's rating: 1373 &rarr; <strong>1356</strong><br />(-17 for losing)
|c|☆minimax_ai|gg
|l|☆outd blundar
