|j|☆Wheezer
|j|☆Steez Ibanez
|inactive|Battle timer is ON: inactive players will automatically lose when time's up.
|t:|1632940932
|gametype|singles
|player|p1|Wheezer|petrel|
|player|p2|Steez Ibanez|pokemonranger-gen4|
|teamsize|p1|6
|teamsize|p2|6
|gen|8
|tier|[Gen 8] OU
|rated|Tournament battle
|rule|Sleep Clause Mod: Limit one foe put to sleep
|rule|Species Clause: Limit one of each Pokémon
|rule|OHKO Clause: OHKO moves are banned
|rule|Evasion Moves Clause: Evasion moves are banned
|rule|Endless Battle Clause: Forcing endless battles is banned
|rule|HP Percentage Mod: HP is shown in percentages
|rule|Dynamax Clause: You cannot dynamax
|clearpoke
|poke|p1|Hatterene, F|
|poke|p1|Slowbro, M|
|poke|p1|Marowak-Alola, F|
|poke|p1|Buzzwole|
|poke|p1|Dracozolt|
|poke|p1|Crawdaunt, M|
|poke|p2|Zapdos-Galar|
|poke|p2|Ferrothorn, M|
|poke|p2|Keldeo-Resolute|
|poke|p2|Landorus-Therian, M|
|poke|p2|Heatran, M|
|poke|p2|Weavile, M|
|teampreview
|j| Brandon2798
|j| Echo2615
|j| Pansage 2006
|c|☆Steez Ibanez|Cool team
|j| Jleejr0623
|c|☆Steez Ibanez|hf
|c|☆Wheezer|u2
|j| azrak
|j| Showtime Lakers 24
|j| ololo mola
|j| Thors Troll Of Jom
|j| ian_yo
|j| Pettilil
|j| moistshifu
|c| Pettilil|oo
|l| Jleejr0623
|inactive|Wheezer has 120 seconds left.
|c| moistshifu|wheez vs steez
|j| Korkskrew
|c| Pettilil|true
|j| shucklepilled
|
|t:|1632940978
|start
|switch|p1a: Buzzwole|Buzzwole|100/100
|switch|p2a: Night|Weavile, M|100/100
|-ability|p2a: Night|Pressure
|turn|1
|j| Asphodelia
|j| BeastyJ157
|
|t:|1632940992
|switch|p2a: Kenny Omega|Zapdos-Galar|100/100
|move|p1a: Buzzwole|Ice Punch|p2a: Kenny Omega
|-supereffective|p2a: Kenny Omega
|-damage|p2a: Kenny Omega|6/100
|-damage|p1a: Buzzwole|91/100|[from] item: Life Orb
|
|upkeep
|turn|2
|c| Korkskrew|Wheezer?
|c| Korkskrew|like Weezer?
|c| Korkskrew|😩
|c| Pansage 2006|yo korkskrew
|c| Pansage 2006|yo steez
|c| azrak|lo buzz
|
|t:|1632941020
|switch|p1a: Slowbro|Slowbro, M|100/100
|move|p2a: Kenny Omega|U-turn|p1a: Slowbro
|-supereffective|p1a: Slowbro
|-damage|p1a: Slowbro|61/100
|c|☆Steez Ibanez|Yo
|
|t:|1632941028
|switch|p2a: Night|Weavile, M|100/100|[from]move: U-turn
|-ability|p2a: Night|Pressure
|
|upkeep
|turn|3
|c| Korkskrew|Hi
|l| BeastyJ157
|
|t:|1632941038
|switch|p1a: Crawdaunt|Crawdaunt, M|100/100
|move|p2a: Night|Knock Off|p1a: Crawdaunt
|-resisted|p1a: Crawdaunt
|-damage|p1a: Crawdaunt|74/100
|-enditem|p1a: Crawdaunt|Life Orb|[from] move: Knock Off|[of] p2a: Night
|
|upkeep
|turn|4
|
|t:|1632941057
|switch|p2a: Abomination|Ferrothorn, M|100/100
|switch|p1a: Slowbro|Slowbro, M|95/100
|
|upkeep
|turn|5
|
|t:|1632941069
|switch|p1a: Hatterene|Hatterene, F|100/100
|switch|p2a: Hephaestus|Heatran, M|100/100
|
|upkeep
|turn|6
|
|t:|1632941076
|move|p2a: Hephaestus|Magma Storm|p1a: Hatterene
|-crit|p1a: Hatterene
|-damage|p1a: Hatterene|38/100
|-activate|p1a: Hatterene|move: Magma Storm|[of] p2a: Hephaestus
|move|p1a: Hatterene|Trick Room|p1a: Hatterene
|-fieldstart|move: Trick Room|[of] p1a: Hatterene
|
|-damage|p1a: Hatterene|26/100|[from] move: Magma Storm|[partiallytrapped]
|upkeep
|turn|7
|
|t:|1632941079
|move|p1a: Hatterene|Healing Wish|p1a: Hatterene
|faint|p1a: Hatterene
|move|p2a: Hephaestus|Stealth Rock|p1: Hatterene
|-sidestart|p1: Wheezer|move: Stealth Rock
|
|upkeep
|c|☆Wheezer|wow you're a good player
|c|☆Steez Ibanez|Sometimes
|inactive|Wheezer has 120 seconds left.
|l| Pansage 2006
|l| Korkskrew
|inactive|Wheezer has 90 seconds left.
|
|t:|1632941161
|switch|p1a: Marowak|Marowak-Alola, F|100/100
|-damage|p1a: Marowak|76/100|[from] Stealth Rock
|turn|8
|
|t:|1632941171
|switch|p2a: Simba|Landorus-Therian, M|100/100
|-ability|p2a: Simba|Intimidate|boost
|-unboost|p1a: Marowak|atk|1
|move|p1a: Marowak|Swords Dance|p1a: Marowak
|-boost|p1a: Marowak|atk|2
|
|upkeep
|turn|9
|j| Korkskrew
|
|t:|1632941178
|switch|p2a: Kenny Omega|Zapdos-Galar|6/100
|move|p1a: Marowak|Flare Blitz|p2a: Kenny Omega
|-damage|p2a: Kenny Omega|0 fnt
|faint|p2a: Kenny Omega
|
|upkeep
|
|t:|1632941181
|switch|p2a: Hephaestus|Heatran, M|100/100
|turn|10
|
|t:|1632941184
|switch|p2a: Simba|Landorus-Therian, M|100/100
|-ability|p2a: Simba|Intimidate|boost
|-unboost|p1a: Marowak|atk|1
|move|p1a: Marowak|Poltergeist|p2a: Simba
|-activate|p2a: Simba|move: Poltergeist|Choice Scarf
|-damage|p2a: Simba|0 fnt
|faint|p2a: Simba
|
|-fieldend|move: Trick Room
|upkeep
|
|t:|1632941188
|switch|p2a: Perseus|Keldeo-Resolute|100/100
|turn|11
|
|t:|1632941194
|move|p2a: Perseus|Substitute|p2a: Perseus
|-start|p2a: Perseus|Substitute
|-damage|p2a: Perseus|76/100
|move|p1a: Marowak|Poltergeist|p2a: Perseus
|-activate|p2a: Perseus|move: Poltergeist|Leftovers
|-end|p2a: Perseus|Substitute
|
|-heal|p2a: Perseus|82/100|[from] item: Leftovers
|upkeep
|turn|12
|c| Pettilil|NOOO SIMBA
|
|t:|1632941199
|move|p2a: Perseus|Scald|p1a: Marowak
|-supereffective|p1a: Marowak
|-damage|p1a: Marowak|0 fnt
|faint|p1a: Marowak
|
|-heal|p2a: Perseus|88/100|[from] item: Leftovers
|upkeep
|
|t:|1632941213
|switch|p1a: Dracozolt|Dracozolt|100/100
|-damage|p1a: Dracozolt|88/100|[from] Stealth Rock
|turn|13
|
|t:|1632941219
|move|p2a: Perseus|Substitute|p2a: Perseus
|-start|p2a: Perseus|Substitute
|-damage|p2a: Perseus|63/100
|move|p1a: Dracozolt|Earthquake|p2a: Perseus
|-end|p2a: Perseus|Substitute
|-damage|p1a: Dracozolt|78/100|[from] item: Life Orb
|
|-heal|p2a: Perseus|70/100|[from] item: Leftovers
|upkeep
|turn|14
|j| Kromage2Icey
|
|t:|1632941224
|move|p2a: Perseus|Substitute|p2a: Perseus
|-start|p2a: Perseus|Substitute
|-damage|p2a: Perseus|45/100
|move|p1a: Dracozolt|Earthquake|p2a: Perseus
|-crit|p2a: Perseus
|-end|p2a: Perseus|Substitute
|-damage|p1a: Dracozolt|68/100|[from] item: Life Orb
|
|-heal|p2a: Perseus|51/100|[from] item: Leftovers
|upkeep
|turn|15
|inactive|Wheezer has 120 seconds left.
|
|t:|1632941230
|switch|p2a: Night|Weavile, M|100/100
|-ability|p2a: Night|Pressure
|move|p1a: Dracozolt|Earthquake|p2a: Night
|-damage|p2a: Night|26/100
|-damage|p1a: Dracozolt|58/100|[from] item: Life Orb
|
|upkeep
|turn|16
|inactive|Wheezer has 120 seconds left.
|
|t:|1632941241
|move|p2a: Night|Icicle Crash|p1a: Dracozolt
|-supereffective|p1a: Dracozolt
|-damage|p1a: Dracozolt|0 fnt
|faint|p1a: Dracozolt
|
|upkeep
|
|t:|1632941243
|switch|p1a: Slowbro|Slowbro, M|100/100
|turn|17
|
|t:|1632941247
|move|p2a: Night|Knock Off|p1a: Slowbro
|-supereffective|p1a: Slowbro
|-damage|p1a: Slowbro|47/100
|-enditem|p1a: Slowbro|Heavy-Duty Boots|[from] move: Knock Off|[of] p2a: Night
|move|p1a: Slowbro|Trick Room|p1a: Slowbro
|-fieldstart|move: Trick Room|[of] p1a: Slowbro
|
|upkeep
|turn|18
|
|t:|1632941254
|move|p2a: Night|Swords Dance|p2a: Night
|-boost|p2a: Night|atk|2
|move|p1a: Slowbro|Teleport|p1a: Slowbro
|
|t:|1632941255
|switch|p1a: Buzzwole|Buzzwole|91/100|[from]move: Teleport
|-heal|p1a: Buzzwole|100/100|[from] move: Healing Wish
|-damage|p1a: Buzzwole|88/100|[from] Stealth Rock
|
|upkeep
|turn|19
|
|t:|1632941265
|move|p2a: Night|Ice Shard|p1a: Buzzwole
|-damage|p1a: Buzzwole|64/100
|move|p1a: Buzzwole|Poison Jab|p2a: Night
|-damage|p2a: Night|0 fnt
|faint|p2a: Night
|-ability|p1a: Buzzwole|Beast Boost|boost
|-boost|p1a: Buzzwole|atk|1
|-damage|p1a: Buzzwole|54/100|[from] item: Life Orb
|
|upkeep
|c| moistshifu|gg
|
|t:|1632941271
|switch|p2a: Abomination|Ferrothorn, M|100/100
|turn|20
|
|t:|1632941275
|move|p2a: Abomination|Gyro Ball|p1a: Buzzwole
|-damage|p1a: Buzzwole|35/100
|move|p1a: Buzzwole|Close Combat|p2a: Abomination
|-supereffective|p2a: Abomination
|-damage|p2a: Abomination|0 fnt
|-unboost|p1a: Buzzwole|def|1
|-unboost|p1a: Buzzwole|spd|1
|-damage|p1a: Buzzwole|22/100|[from] ability: Iron Barbs|[of] p2a: Abomination
|-damage|p1a: Buzzwole|6/100|[from] item: Rocky Helmet|[of] p2a: Abomination
|faint|p2a: Abomination
|-ability|p1a: Buzzwole|Beast Boost|boost
|-boost|p1a: Buzzwole|atk|1
|-damage|p1a: Buzzwole|0 fnt|[from] item: Life Orb
|faint|p1a: Buzzwole
|
|upkeep
|c| moistshifu|ob
|c| moistshifu|does keldeo win
|c|☆Steez Ibanez|It should
|inactive|Wheezer has 120 seconds left.
|l| Korkskrew
|c| azrak|can sub on the fs
|inactive|Wheezer has 90 seconds left.
|c|☆Wheezer|think i need to burn
|c| Showtime Lakers 24|should go drain punch if you going LO
|c| Showtime Lakers 24|imo
|
|t:|1632941347
|switch|p2a: Perseus|Keldeo-Resolute|51/100
|switch|p1a: Slowbro|Slowbro, M|80/100
|-damage|p1a: Slowbro|68/100|[from] Stealth Rock
|turn|21
|c|☆Wheezer|oh yeah dont get me wrong this team is garbage
|
|t:|1632941362
|move|p1a: Slowbro|Scald|p2a: Perseus
|-resisted|p2a: Perseus
|-damage|p2a: Perseus|34/100
|move|p2a: Perseus|Calm Mind|p2a: Perseus
|-boost|p2a: Perseus|spa|1
|-boost|p2a: Perseus|spd|1
|
|-heal|p2a: Perseus|40/100|[from] item: Leftovers
|-fieldend|move: Trick Room
|upkeep
|turn|22
|
|t:|1632941369
|move|p2a: Perseus|Substitute|p2a: Perseus
|-start|p2a: Perseus|Substitute
|-damage|p2a: Perseus|16/100
|move|p1a: Slowbro|Scald|p2a: Perseus
|-resisted|p2a: Perseus
|-activate|p2a: Perseus|move: Substitute|[damage]
|
|-heal|p2a: Perseus|22/100|[from] item: Leftovers
|upkeep
|turn|23
|
|t:|1632941372
|move|p2a: Perseus|Calm Mind|p2a: Perseus
|-boost|p2a: Perseus|spa|1
|-boost|p2a: Perseus|spd|1
|move|p1a: Slowbro|Scald|p2a: Perseus
|-resisted|p2a: Perseus
|-activate|p2a: Perseus|move: Substitute|[damage]
|
|-heal|p2a: Perseus|28/100|[from] item: Leftovers
|upkeep
|turn|24
|c| azrak|tr zolt is p fire
|
|t:|1632941374
|move|p2a: Perseus|Calm Mind|p2a: Perseus
|-boost|p2a: Perseus|spa|1
|-boost|p2a: Perseus|spd|1
|move|p1a: Slowbro|Scald|p2a: Perseus
|-resisted|p2a: Perseus
|-activate|p2a: Perseus|move: Substitute|[damage]
|
|-heal|p2a: Perseus|34/100|[from] item: Leftovers
|upkeep
|turn|25
|c|☆Wheezer|yeah gg m8
|-message|Wheezer forfeited.
|
|win|Steez Ibanez
|n|☆Wheezer|wheezer
|n|☆Steez Ibanez|steezibanez
|n| Brandon2798|brandon2798
|n| Echo2615|echo2615
|n| azrak|azrak
|n| Showtime Lakers 24|showtimelakers24
|n| ololo mola|ololomola
|n| Thors Troll Of Jom|thorstrollofjom
|n| ian_yo|ianyo
|n| Pettilil|pettilil
|n| moistshifu|moistshifu
|n| shucklepilled|shucklepilled
|n| Asphodelia|asphodelia
|n| Kromage2Icey|kromage2icey
