|j|☆Harsh99429
|j|☆brettfavreinnocent
|t:|1663295618
|gametype|singles
|player|p1|Harsh99429|cynthia|1178
|player|p2|brettfavreinnocent|youngster-gen4dp|1173
|teamsize|p1|6
|teamsize|p2|6
|gen|8
|tier|[Gen 8] OU
|rated|
|rule|Sleep Clause Mod: Limit one foe put to sleep
|rule|Species Clause: Limit one of each Pokémon
|rule|OHKO Clause: OHKO moves are banned
|rule|Evasion Items Clause: Evasion items are banned
|rule|Evasion Moves Clause: Evasion moves are banned
|rule|Endless Battle Clause: Forcing endless battles is banned
|rule|HP Percentage Mod: HP is shown in percentages
|rule|Dynamax Clause: You cannot dynamax
|clearpoke
|poke|p1|Nidoking, M|
|poke|p1|Slowbro, F|
|poke|p1|Buzzwole|
|poke|p1|Tyranitar, M|
|poke|p1|Zapdos|
|poke|p1|Weavile, F|
|poke|p2|Torkoal, M|
|poke|p2|Charizard, M|
|poke|p2|Darmanitan, M|
|poke|p2|Venusaur, M|
|poke|p2|Conkeldurr, M|
|poke|p2|Chansey, F|
|teampreview
|inactive|Battle timer is ON: inactive players will automatically lose when time's up. (requested by brettfavreinnocent)
|
|t:|1663295628
|start
|switch|p1a: Tyranitar|Tyranitar, M|100/100
|switch|p2a: Darmanitan|Darmanitan, M|100/100
|-weather|Sandstorm|[from] ability: Sand Stream|[of] p1a: Tyranitar
|turn|1
|
|t:|1663295632
|move|p2a: Darmanitan|U-turn|p1a: Tyranitar
|-supereffective|p1a: Tyranitar
|-damage|p1a: Tyranitar|58/100
|
|t:|1663295636
|switch|p2a: Conkeldurr|Conkeldurr, M|100/100|[from]move: U-turn
|move|p1a: Tyranitar|Stealth Rock|p2a: Conkeldurr
|-sidestart|p2: brettfavreinnocent|move: Stealth Rock
|
|-weather|Sandstorm|[upkeep]
|-damage|p2a: Conkeldurr|94/100|[from] Sandstorm
|-heal|p1a: Tyranitar|65/100|[from] item: Leftovers
|-heal|p2a: Conkeldurr|100/100|[from] item: Leftovers
|upkeep
|turn|2
|
|t:|1663295643
|switch|p1a: Buzzwole|Buzzwole|100/100
|move|p2a: Conkeldurr|Defog|p1a: Buzzwole
|-unboost|p1a: Buzzwole|evasion|1
|-sideend|p2: brettfavreinnocent|Stealth Rock|[from] move: Defog|[of] p2a: Conkeldurr
|
|-weather|Sandstorm|[upkeep]
|-damage|p1a: Buzzwole|94/100|[from] Sandstorm
|-damage|p2a: Conkeldurr|94/100|[from] Sandstorm
|-heal|p1a: Buzzwole|100/100|[from] item: Leftovers
|-heal|p2a: Conkeldurr|100/100|[from] item: Leftovers
|upkeep
|turn|3
|
|t:|1663295649
|switch|p2a: Torkoal|Torkoal, M|100/100
|-weather|SunnyDay|[from] ability: Drought|[of] p2a: Torkoal
|move|p1a: Buzzwole|Toxic|p2a: Torkoal
|-status|p2a: Torkoal|tox
|
|-weather|SunnyDay|[upkeep]
|-damage|p2a: Torkoal|94/100 tox|[from] psn
|upkeep
|turn|4
|
|t:|1663295657
|switch|p1a: Tyranitar|Tyranitar, M|65/100
|-weather|Sandstorm|[from] ability: Sand Stream|[of] p1a: Tyranitar
|switch|p2a: Darmanitan|Darmanitan, M|100/100
|
|-weather|Sandstorm|[upkeep]
|-damage|p2a: Darmanitan|95/100|[from] Sandstorm
|-heal|p1a: Tyranitar|71/100|[from] item: Leftovers
|upkeep
|turn|5
|
|t:|1663295664
|switch|p1a: Buzzwole|Buzzwole|100/100
|move|p2a: Darmanitan|Earthquake|p1a: Buzzwole
|-resisted|p1a: Buzzwole
|-damage|p1a: Buzzwole|91/100
|
|-weather|Sandstorm|[upkeep]
|-damage|p2a: Darmanitan|89/100|[from] Sandstorm
|-damage|p1a: Buzzwole|85/100|[from] Sandstorm
|-heal|p1a: Buzzwole|91/100|[from] item: Leftovers
|upkeep
|turn|6
|
|t:|1663295677
|switch|p2a: Torkoal|Torkoal, M|94/100 tox
|-weather|SunnyDay|[from] ability: Drought|[of] p2a: Torkoal
|move|p1a: Buzzwole|Close Combat|p2a: Torkoal
|-damage|p2a: Torkoal|64/100 tox
|-unboost|p1a: Buzzwole|def|1
|-unboost|p1a: Buzzwole|spd|1
|
|-weather|SunnyDay|[upkeep]
|-heal|p1a: Buzzwole|97/100|[from] item: Leftovers
|-damage|p2a: Torkoal|58/100 tox|[from] psn
|upkeep
|turn|7
|
|t:|1663295688
|switch|p1a: Tyranitar|Tyranitar, M|71/100
|-weather|Sandstorm|[from] ability: Sand Stream|[of] p1a: Tyranitar
|move|p2a: Torkoal|Stealth Rock|p1a: Tyranitar
|-sidestart|p1: Harsh99429|move: Stealth Rock
|
|-weather|Sandstorm|[upkeep]
|-damage|p2a: Torkoal|52/100 tox|[from] Sandstorm
|-heal|p1a: Tyranitar|77/100|[from] item: Leftovers
|-damage|p2a: Torkoal|39/100 tox|[from] psn
|upkeep
|turn|8
|
|t:|1663295697
|switch|p2a: Darmanitan|Darmanitan, M|89/100
|move|p1a: Tyranitar|Stealth Rock|p2a: Darmanitan
|-sidestart|p2: brettfavreinnocent|move: Stealth Rock
|
|-weather|Sandstorm|[upkeep]
|-damage|p2a: Darmanitan|83/100|[from] Sandstorm
|-heal|p1a: Tyranitar|83/100|[from] item: Leftovers
|upkeep
|turn|9
|
|t:|1663295701
|switch|p1a: Zapdos|Zapdos|100/100
|move|p2a: Darmanitan|Flare Blitz|p1a: Zapdos
|-damage|p1a: Zapdos|16/100
|-damage|p2a: Darmanitan|52/100|[from] Recoil
|
|-weather|Sandstorm|[upkeep]
|-damage|p2a: Darmanitan|46/100|[from] Sandstorm
|-damage|p1a: Zapdos|10/100|[from] Sandstorm
|upkeep
|turn|10
|
|t:|1663295707
|switch|p1a: Slowbro|Slowbro, F|100/100
|-damage|p1a: Slowbro|88/100|[from] Stealth Rock
|move|p2a: Darmanitan|Flare Blitz|p1a: Slowbro
|-resisted|p1a: Slowbro
|-crit|p1a: Slowbro
|-damage|p1a: Slowbro|47/100
|-damage|p2a: Darmanitan|31/100|[from] Recoil
|
|-weather|Sandstorm|[upkeep]
|-damage|p2a: Darmanitan|25/100|[from] Sandstorm
|-damage|p1a: Slowbro|41/100|[from] Sandstorm
|-heal|p1a: Slowbro|47/100|[from] item: Leftovers
|upkeep
|turn|11
|
|t:|1663295715
|move|p2a: Darmanitan|Flare Blitz|p1a: Slowbro
|-resisted|p1a: Slowbro
|-damage|p1a: Slowbro|17/100
|-damage|p2a: Darmanitan|14/100|[from] Recoil
|move|p1a: Slowbro|Slack Off|p1a: Slowbro
|-heal|p1a: Slowbro|67/100
|
|-weather|none
|-heal|p1a: Slowbro|73/100|[from] item: Leftovers
|upkeep
|turn|12
|
|t:|1663295721
|switch|p2a: Conkeldurr|Conkeldurr, M|100/100
|-damage|p2a: Conkeldurr|94/100|[from] Stealth Rock
|move|p1a: Slowbro|Slack Off|p1a: Slowbro
|-heal|p1a: Slowbro|100/100
|
|-heal|p2a: Conkeldurr|100/100|[from] item: Leftovers
|upkeep
|turn|13
|
|t:|1663295727
|move|p2a: Conkeldurr|Knock Off|p1a: Slowbro
|-supereffective|p1a: Slowbro
|-damage|p1a: Slowbro|64/100
|-enditem|p1a: Slowbro|Leftovers|[from] move: Knock Off|[of] p2a: Conkeldurr
|move|p1a: Slowbro|Teleport|p1a: Slowbro
|
|t:|1663295732
|switch|p1a: Zapdos|Zapdos|10/100|[from]move: Teleport
|
|upkeep
|turn|14
|
|t:|1663295738
|move|p1a: Zapdos|Defog|p2a: Conkeldurr
|-unboost|p2a: Conkeldurr|evasion|1
|-sideend|p2: brettfavreinnocent|Stealth Rock|[from] move: Defog|[of] p1a: Zapdos
|-sideend|p1: Harsh99429|Stealth Rock|[from] move: Defog|[of] p1a: Zapdos
|move|p2a: Conkeldurr|Drain Punch|p1a: Zapdos
|-resisted|p1a: Zapdos
|-damage|p1a: Zapdos|0 fnt
|faint|p1a: Zapdos
|
|upkeep
|
|t:|1663295745
|switch|p1a: Buzzwole|Buzzwole|97/100
|turn|15
|
|t:|1663295758
|move|p1a: Buzzwole|Toxic|p2a: Conkeldurr
|-status|p2a: Conkeldurr|tox
|move|p2a: Conkeldurr|Knock Off|p1a: Buzzwole
|-resisted|p1a: Buzzwole
|-damage|p1a: Buzzwole|90/100
|-enditem|p1a: Buzzwole|Leftovers|[from] move: Knock Off|[of] p2a: Conkeldurr
|
|-damage|p2a: Conkeldurr|94/100 tox|[from] psn
|upkeep
|turn|16
|
|t:|1663295763
|switch|p2a: Charizard|Charizard, M|100/100
|move|p1a: Buzzwole|Leech Life|p2a: Charizard
|-resisted|p2a: Charizard
|-damage|p2a: Charizard|87/100
|-heal|p1a: Buzzwole|95/100|[from] drain|[of] p2a: Charizard
|
|upkeep
|turn|17
|
|t:|1663295770
|switch|p2a: Darmanitan|Darmanitan, M|14/100
|switch|p1a: Tyranitar|Tyranitar, M|83/100
|-weather|Sandstorm|[from] ability: Sand Stream|[of] p1a: Tyranitar
|
|-weather|Sandstorm|[upkeep]
|-damage|p2a: Darmanitan|8/100|[from] Sandstorm
|-heal|p1a: Tyranitar|89/100|[from] item: Leftovers
|upkeep
|turn|18
|
|t:|1663295782
|switch|p1a: Slowbro|Slowbro, F|98/100
|move|p2a: Darmanitan|U-turn|p1a: Slowbro
|-supereffective|p1a: Slowbro
|-damage|p1a: Slowbro|62/100
|
|t:|1663295791
|switch|p2a: Venusaur|Venusaur, M|100/100|[from]move: U-turn
|
|-weather|Sandstorm|[upkeep]
|-damage|p2a: Venusaur|95/100|[from] Sandstorm
|-damage|p1a: Slowbro|56/100|[from] Sandstorm
|upkeep
|turn|19
|
|t:|1663295800
|switch|p1a: Nidoking|Nidoking, M|100/100
|move|p2a: Venusaur|Giga Drain|p1a: Nidoking
|-damage|p1a: Nidoking|37/100
|-heal|p2a: Venusaur|100/100|[from] drain|[of] p1a: Nidoking
|-damage|p2a: Venusaur|91/100|[from] item: Life Orb
|
|-weather|Sandstorm|[upkeep]
|-damage|p2a: Venusaur|85/100|[from] Sandstorm
|upkeep
|turn|20
|
|t:|1663295811
|switch|p2a: Chansey|Chansey, F|100/100
|move|p1a: Nidoking|Flamethrower|p2a: Chansey
|-damage|p2a: Chansey|89/100
|
|-weather|Sandstorm|[upkeep]
|-damage|p2a: Chansey|83/100|[from] Sandstorm
|upkeep
|turn|21
|
|t:|1663295817
|switch|p1a: Tyranitar|Tyranitar, M|89/100
|move|p2a: Chansey|Teleport|p2a: Chansey
|
|t:|1663295820
|switch|p2a: Darmanitan|Darmanitan, M|8/100|[from]move: Teleport
|
|-weather|none
|-heal|p1a: Tyranitar|96/100|[from] item: Leftovers
|upkeep
|turn|22
|
|t:|1663295829
|switch|p1a: Slowbro|Slowbro, F|89/100
|move|p2a: Darmanitan|U-turn|p1a: Slowbro
|-supereffective|p1a: Slowbro
|-damage|p1a: Slowbro|58/100
|
|t:|1663295831
|switch|p2a: Venusaur|Venusaur, M|85/100|[from]move: U-turn
|
|upkeep
|turn|23
|
|t:|1663295845
|switch|p1a: Weavile|Weavile, F|100/100
|move|p2a: Venusaur|Giga Drain|p1a: Weavile
|-damage|p1a: Weavile|39/100
|-heal|p2a: Venusaur|100/100|[from] drain|[of] p1a: Weavile
|-damage|p2a: Venusaur|91/100|[from] item: Life Orb
|
|upkeep
|turn|24
|
|t:|1663295856
|switch|p2a: Conkeldurr|Conkeldurr, M|94/100 tox
|move|p1a: Weavile|Triple Axel|p2a: Conkeldurr
|-damage|p2a: Conkeldurr|88/100 tox
|-damage|p2a: Conkeldurr|75/100 tox
|-damage|p2a: Conkeldurr|56/100 tox
|-hitcount|p2a: Conkeldurr|3
|
|-heal|p2a: Conkeldurr|62/100 tox|[from] item: Leftovers
|-damage|p2a: Conkeldurr|56/100 tox|[from] psn
|upkeep
|turn|25
|
|t:|1663295866
|switch|p1a: Slowbro|Slowbro, F|91/100
|switch|p2a: Darmanitan|Darmanitan, M|8/100
|
|upkeep
|turn|26
|
|t:|1663295873
|move|p2a: Darmanitan|U-turn|p1a: Slowbro
|-supereffective|p1a: Slowbro
|-damage|p1a: Slowbro|57/100
|
|t:|1663295875
|switch|p2a: Conkeldurr|Conkeldurr, M|56/100 tox|[from]move: U-turn
|move|p1a: Slowbro|Teleport|p1a: Slowbro
|
|t:|1663295880
|switch|p1a: Nidoking|Nidoking, M|37/100|[from]move: Teleport
|
|-heal|p2a: Conkeldurr|62/100 tox|[from] item: Leftovers
|-damage|p2a: Conkeldurr|56/100 tox|[from] psn
|upkeep
|turn|27
|
|t:|1663295884
|switch|p2a: Chansey|Chansey, F|83/100
|move|p1a: Nidoking|Earth Power|p2a: Chansey
|-damage|p2a: Chansey|64/100
|
|upkeep
|turn|28
|
|t:|1663295889
|switch|p1a: Slowbro|Slowbro, F|90/100
|move|p2a: Chansey|Teleport|p2a: Chansey
|
|t:|1663295891
|switch|p2a: Venusaur|Venusaur, M|91/100|[from]move: Teleport
|
|upkeep
|turn|29
|
|t:|1663295897
|switch|p1a: Buzzwole|Buzzwole|95/100
|move|p2a: Venusaur|Giga Drain|p1a: Buzzwole
|-resisted|p1a: Buzzwole
|-damage|p1a: Buzzwole|64/100
|-heal|p2a: Venusaur|100/100|[from] drain|[of] p1a: Buzzwole
|-damage|p2a: Venusaur|91/100|[from] item: Life Orb
|
|upkeep
|turn|30
|
|t:|1663295909
|switch|p1a: Nidoking|Nidoking, M|37/100
|move|p2a: Venusaur|Sludge Bomb|p1a: Nidoking
|-resisted|p1a: Nidoking
|-damage|p1a: Nidoking|19/100
|-damage|p2a: Venusaur|81/100|[from] item: Life Orb
|
|upkeep
|turn|31
|
|t:|1663295916
|switch|p1a: Tyranitar|Tyranitar, M|96/100
|-weather|Sandstorm|[from] ability: Sand Stream|[of] p1a: Tyranitar
|switch|p2a: Chansey|Chansey, F|64/100
|
|-weather|Sandstorm|[upkeep]
|-damage|p2a: Chansey|58/100|[from] Sandstorm
|-heal|p1a: Tyranitar|100/100|[from] item: Leftovers
|upkeep
|turn|32
|
|t:|1663295919
|move|p1a: Tyranitar|Stealth Rock|p2a: Chansey
|-sidestart|p2: brettfavreinnocent|move: Stealth Rock
|move|p2a: Chansey|Toxic|p1a: Tyranitar
|-status|p1a: Tyranitar|tox
|
|-weather|Sandstorm|[upkeep]
|-damage|p2a: Chansey|52/100|[from] Sandstorm
|-damage|p1a: Tyranitar|94/100 tox|[from] psn
|upkeep
|turn|33
|
|t:|1663295925
|switch|p1a: Nidoking|Nidoking, M|19/100
|switch|p2a: Conkeldurr|Conkeldurr, M|56/100 tox
|-damage|p2a: Conkeldurr|50/100 tox|[from] Stealth Rock
|
|-weather|Sandstorm|[upkeep]
|-damage|p2a: Conkeldurr|44/100 tox|[from] Sandstorm
|-heal|p2a: Conkeldurr|50/100 tox|[from] item: Leftovers
|-damage|p2a: Conkeldurr|44/100 tox|[from] psn
|upkeep
|turn|34
|
|t:|1663295937
|switch|p1a: Buzzwole|Buzzwole|64/100
|switch|p2a: Charizard|Charizard, M|87/100
|-damage|p2a: Charizard|37/100|[from] Stealth Rock
|
|-weather|Sandstorm|[upkeep]
|-damage|p2a: Charizard|31/100|[from] Sandstorm
|-damage|p1a: Buzzwole|58/100|[from] Sandstorm
|upkeep
|turn|35
|
|t:|1663295953
|switch|p2a: Conkeldurr|Conkeldurr, M|44/100 tox
|-damage|p2a: Conkeldurr|38/100 tox|[from] Stealth Rock
|switch|p1a: Tyranitar|Tyranitar, M|94/100 tox
|
|-weather|none
|-heal|p1a: Tyranitar|100/100 tox|[from] item: Leftovers
|-heal|p2a: Conkeldurr|44/100 tox|[from] item: Leftovers
|-damage|p1a: Tyranitar|94/100 tox|[from] psn
|-damage|p2a: Conkeldurr|38/100 tox|[from] psn
|upkeep
|turn|36
|
|t:|1663295965
|move|p1a: Tyranitar|Stealth Rock||[still]
|-fail|p1a: Tyranitar
|move|p2a: Conkeldurr|Defog|p1a: Tyranitar
|-unboost|p1a: Tyranitar|evasion|1
|-sideend|p2: brettfavreinnocent|Stealth Rock|[from] move: Defog|[of] p2a: Conkeldurr
|
|-heal|p1a: Tyranitar|100/100 tox|[from] item: Leftovers
|-heal|p2a: Conkeldurr|44/100 tox|[from] item: Leftovers
|-damage|p1a: Tyranitar|88/100 tox|[from] psn
|-damage|p2a: Conkeldurr|32/100 tox|[from] psn
|upkeep
|turn|37
|
|t:|1663295975
|switch|p1a: Buzzwole|Buzzwole|58/100
|move|p2a: Conkeldurr|Drain Punch|p1a: Buzzwole
|-resisted|p1a: Buzzwole
|-damage|p1a: Buzzwole|48/100
|-heal|p2a: Conkeldurr|37/100 tox|[from] drain|[of] p1a: Buzzwole
|
|-heal|p2a: Conkeldurr|43/100 tox|[from] item: Leftovers
|-damage|p2a: Conkeldurr|25/100 tox|[from] psn
|upkeep
|turn|38
|
|t:|1663295994
|switch|p2a: Charizard|Charizard, M|31/100
|move|p1a: Buzzwole|Roost|p1a: Buzzwole
|-heal|p1a: Buzzwole|98/100
|-singleturn|p1a: Buzzwole|move: Roost
|
|upkeep
|turn|39
|inactive|Harsh99429 has 120 seconds left.
|
|t:|1663296042
|switch|p1a: Tyranitar|Tyranitar, M|88/100 tox
|-weather|Sandstorm|[from] ability: Sand Stream|[of] p1a: Tyranitar
|move|p2a: Charizard|Overheat|p1a: Tyranitar
|-resisted|p1a: Tyranitar
|-damage|p1a: Tyranitar|69/100 tox
|-unboost|p2a: Charizard|spa|2
|
|-weather|Sandstorm|[upkeep]
|-damage|p2a: Charizard|25/100|[from] Sandstorm
|-heal|p1a: Tyranitar|75/100 tox|[from] item: Leftovers
|-damage|p1a: Tyranitar|69/100 tox|[from] psn
|upkeep
|turn|40
|
|t:|1663296051
|switch|p2a: Conkeldurr|Conkeldurr, M|25/100 tox
|move|p1a: Tyranitar|Stealth Rock|p2a: Conkeldurr
|-sidestart|p2: brettfavreinnocent|move: Stealth Rock
|
|-weather|Sandstorm|[upkeep]
|-damage|p2a: Conkeldurr|19/100 tox|[from] Sandstorm
|-heal|p1a: Tyranitar|75/100 tox|[from] item: Leftovers
|-heal|p2a: Conkeldurr|25/100 tox|[from] item: Leftovers
|-damage|p1a: Tyranitar|62/100 tox|[from] psn
|-damage|p2a: Conkeldurr|19/100 tox|[from] psn
|upkeep
|turn|41
|
|t:|1663296059
|move|p1a: Tyranitar|Earthquake|p2a: Conkeldurr
|-damage|p2a: Conkeldurr|1/100 tox
|move|p2a: Conkeldurr|Defog|p1a: Tyranitar
|-unboost|p1a: Tyranitar|evasion|1
|-sideend|p2: brettfavreinnocent|Stealth Rock|[from] move: Defog|[of] p2a: Conkeldurr
|
|-weather|Sandstorm|[upkeep]
|-damage|p2a: Conkeldurr|0 fnt|[from] Sandstorm
|faint|p2a: Conkeldurr
|-heal|p1a: Tyranitar|69/100 tox|[from] item: Leftovers
|-damage|p1a: Tyranitar|50/100 tox|[from] psn
|upkeep
|
|t:|1663296078
|switch|p2a: Darmanitan|Darmanitan, M|8/100
|turn|42
|inactive|Harsh99429 has 120 seconds left.
|
|t:|1663296090
|switch|p1a: Slowbro|Slowbro, F|100/100
|move|p2a: Darmanitan|U-turn|p1a: Slowbro
|-supereffective|p1a: Slowbro
|-damage|p1a: Slowbro|67/100
|
|t:|1663296097
|switch|p2a: Venusaur|Venusaur, M|81/100|[from]move: U-turn
|
|-weather|Sandstorm|[upkeep]
|-damage|p2a: Venusaur|75/100|[from] Sandstorm
|-damage|p1a: Slowbro|61/100|[from] Sandstorm
|upkeep
|turn|43
|
|t:|1663296106
|switch|p1a: Nidoking|Nidoking, M|19/100
|move|p2a: Venusaur|Giga Drain|p1a: Nidoking
|-damage|p1a: Nidoking|0 fnt
|-heal|p2a: Venusaur|84/100|[from] drain|[of] p1a: Nidoking
|faint|p1a: Nidoking
|-damage|p2a: Venusaur|74/100|[from] item: Life Orb
|
|-weather|none
|upkeep
|
|t:|1663296111
|switch|p1a: Weavile|Weavile, F|39/100
|turn|44
|
|t:|1663296116
|switch|p2a: Charizard|Charizard, M|25/100
|move|p1a: Weavile|Triple Axel|p2a: Charizard
|-damage|p2a: Charizard|10/100
|-hitcount|p2a: Charizard|1
|
|upkeep
|turn|45
|
|t:|1663296130
|move|p1a: Weavile|Knock Off|p2a: Charizard
|-damage|p2a: Charizard|0 fnt
|-enditem|p2a: Charizard|Choice Specs|[from] move: Knock Off|[of] p1a: Weavile
|faint|p2a: Charizard
|
|upkeep
|
|t:|1663296140
|switch|p2a: Torkoal|Torkoal, M|39/100 tox
|-weather|SunnyDay|[from] ability: Drought|[of] p2a: Torkoal
|turn|46
|inactive|Harsh99429 has 120 seconds left.
|inactive|Harsh99429 has 90 seconds left.
|
|t:|1663296212
|switch|p2a: Darmanitan|Darmanitan, M|8/100
|move|p1a: Weavile|Swords Dance|p1a: Weavile
|-boost|p1a: Weavile|atk|2
|
|-weather|SunnyDay|[upkeep]
|upkeep
|turn|47
|
|t:|1663296220
|move|p1a: Weavile|Ice Shard|p2a: Darmanitan
|-resisted|p2a: Darmanitan
|-damage|p2a: Darmanitan|0 fnt
|faint|p2a: Darmanitan
|
|-weather|SunnyDay|[upkeep]
|upkeep
|-message|brettfavreinnocent forfeited.
|
|win|Harsh99429
|raw|Harsh99429's rating: 1178 &rarr; <strong>1203</strong><br />(+25 for winning)
|raw|brettfavreinnocent's rating: 1173 &rarr; <strong>1148</strong><br />(-25 for losing)
|c|☆Harsh99429|Predicted rocks but ok
|c|☆Harsh99429|Gg
||Ladder isn't responding, score probably updated but might not have (Request timeout).
|l|☆brettfavreinnocent
