|j|☆InvincibleRoserade
|j|☆sleepdrawirnig
|t:|1662755421
|gametype|singles
|player|p1|InvincibleRoserade|dawn|1737
|player|p2|sleepdrawirnig|n|1747
|teamsize|p1|6
|teamsize|p2|6
|gen|8
|tier|[Gen 8] OU
|rated|
|rule|Sleep Clause Mod: Limit one foe put to sleep
|rule|Species Clause: Limit one of each Pokémon
|rule|OHKO Clause: OHKO moves are banned
|rule|Evasion Items Clause: Evasion items are banned
|rule|Evasion Moves Clause: Evasion moves are banned
|rule|Endless Battle Clause: Forcing endless battles is banned
|rule|HP Percentage Mod: HP is shown in percentages
|rule|Dynamax Clause: You cannot dynamax
|clearpoke
|poke|p1|Clefable, F|
|poke|p1|Tornadus-Therian, M|
|poke|p1|Nidoking, M|
|poke|p1|Slowking, F|
|poke|p1|Urshifu-*, M|
|poke|p1|Ferrothorn, M|
|poke|p2|Gastrodon, M|
|poke|p2|Mew|
|poke|p2|Corviknight, M|
|poke|p2|Toxapex, M|
|poke|p2|Clefable, M|
|poke|p2|Tornadus-Therian, M|
|teampreview
|c|☆sleepdrawirnig|我超
|c|☆sleepdrawirnig|老吧的队
|inactive|Battle timer is ON: inactive players will automatically lose when time's up. (requested by sleepdrawirnig)
|j| Teamtest725
|j| Brim.AI
|
|t:|1662755467
|start
|switch|p1a: Urshifu|Urshifu-Rapid-Strike, M|100/100
|switch|p2a: Mew|Mew, shiny|100/100
|turn|1
|c|☆sleepdrawirnig|是国人吗
|
|t:|1662755474
|switch|p2a: Gastrodon|Gastrodon, M|100/100
|move|p1a: Urshifu|U-turn|p2a: Gastrodon
|-damage|p2a: Gastrodon|73/100
|
|t:|1662755486
|switch|p1a: Clefable|Clefable, F, shiny|100/100|[from]move: U-turn
|
|-heal|p2a: Gastrodon|79/100|[from] item: Leftovers
|upkeep
|turn|2
|
|t:|1662755491
|move|p1a: Clefable|Stealth Rock|p2a: Gastrodon
|-sidestart|p2: sleepdrawirnig|move: Stealth Rock
|move|p2a: Gastrodon|Clear Smog|p1a: Clefable
|-supereffective|p1a: Clefable
|-damage|p1a: Clefable|83/100
|-clearboost|p1a: Clefable
|
|-heal|p1a: Clefable|89/100|[from] item: Leftovers
|-heal|p2a: Gastrodon|85/100|[from] item: Leftovers
|upkeep
|turn|3
|
|t:|1662755503
|move|p1a: Clefable|Thunder Wave|p2a: Gastrodon
|-immune|p2a: Gastrodon
|move|p2a: Gastrodon|Scald|p1a: Clefable
|-damage|p1a: Clefable|67/100
|
|-heal|p1a: Clefable|73/100|[from] item: Leftovers
|-heal|p2a: Gastrodon|92/100|[from] item: Leftovers
|upkeep
|turn|4
|
|t:|1662755508
|move|p1a: Clefable|Thunder Wave|p2a: Gastrodon
|-immune|p2a: Gastrodon
|move|p2a: Gastrodon|Scald|p1a: Clefable
|-damage|p1a: Clefable|51/100
|
|-heal|p1a: Clefable|57/100|[from] item: Leftovers
|-heal|p2a: Gastrodon|98/100|[from] item: Leftovers
|upkeep
|turn|5
|
|t:|1662755515
|move|p1a: Clefable|Soft-Boiled|p1a: Clefable
|-heal|p1a: Clefable|100/100
|move|p2a: Gastrodon|Scald|p1a: Clefable
|-damage|p1a: Clefable|80/100
|-status|p1a: Clefable|brn
|
|-heal|p1a: Clefable|86/100 brn|[from] item: Leftovers
|-heal|p2a: Gastrodon|100/100|[from] item: Leftovers
|upkeep
|turn|6
|
|t:|1662755523
|move|p1a: Clefable|Thunder Wave|p2a: Gastrodon
|-immune|p2a: Gastrodon
|move|p2a: Gastrodon|Earthquake|p1a: Clefable
|-damage|p1a: Clefable|58/100 brn
|
|-heal|p1a: Clefable|64/100 brn|[from] item: Leftovers
|upkeep
|turn|7
|
|t:|1662755529
|move|p1a: Clefable|Moonblast|p2a: Gastrodon
|-damage|p2a: Gastrodon|79/100
|-unboost|p2a: Gastrodon|spa|1
|move|p2a: Gastrodon|Earthquake|p1a: Clefable
|-damage|p1a: Clefable|37/100 brn
|
|-heal|p1a: Clefable|43/100 brn|[from] item: Leftovers
|-heal|p2a: Gastrodon|85/100|[from] item: Leftovers
|upkeep
|turn|8
|
|t:|1662755537
|switch|p2a: Mew|Mew, shiny|100/100
|-damage|p2a: Mew|88/100|[from] Stealth Rock
|move|p1a: Clefable|Soft-Boiled|p1a: Clefable
|-heal|p1a: Clefable|93/100 brn
|
|-heal|p2a: Mew|94/100|[from] item: Leftovers
|-heal|p1a: Clefable|99/100 brn|[from] item: Leftovers
|upkeep
|turn|9
|j| guttyexe
|
|t:|1662755553
|move|p2a: Mew|Imprison|p2a: Mew
|-start|p2a: Mew|move: Imprison
|move|p1a: Clefable|Thunder Wave||[still]
|-status|p2a: Mew|par
|-activate|p2a: Mew|ability: Synchronize
|-fail|p2a: Mew
|
|-heal|p1a: Clefable|100/100 brn|[from] item: Leftovers
|-heal|p2a: Mew|100/100 par|[from] item: Leftovers
|upkeep
|turn|10
|
|t:|1662755576
|switch|p1a: Nidoking|Nidoking, M|100/100
|move|p2a: Mew|Block|p1a: Nidoking
|-activate|p1a: Nidoking|trapped
|
|upkeep
|turn|11
|inactive|InvincibleRoserade has 120 seconds left.
|
|t:|1662755610
|move|p1a: Nidoking|Sludge Wave|p2a: Mew
|-damage|p2a: Mew|58/100 par
|move|p2a: Mew|Transform|p1a: Nidoking
|-transform|p2a: Mew|p1a: Nidoking
|
|-heal|p2a: Mew|64/100 par|[from] item: Leftovers
|upkeep
|turn|12
|c|☆InvincibleRoserade|gg
|-message|InvincibleRoserade forfeited.
|
|win|sleepdrawirnig
|raw|InvincibleRoserade's rating: 1737 &rarr; <strong>1718</strong><br />(-19 for losing)
|raw|sleepdrawirnig's rating: 1747 &rarr; <strong>1766</strong><br />(+19 for winning)
|c|☆sleepdrawirnig|gg
