|j|☆Shinjou Akane
|j|☆Steez Ibanez
|t:|1667587338
|gametype|singles
|player|p1|Shinjou Akane|fennel|1692
|player|p2|Steez Ibanez|acetrainer-gen7|1870
|teamsize|p1|6
|teamsize|p2|6
|gen|8
|tier|[Gen 8] OU
|rated|
|rule|Sleep Clause Mod: Limit one foe put to sleep
|rule|Species Clause: Limit one of each Pokémon
|rule|OHKO Clause: OHKO moves are banned
|rule|Evasion Items Clause: Evasion items are banned
|rule|Evasion Moves Clause: Evasion moves are banned
|rule|Endless Battle Clause: Forcing endless battles is banned
|rule|HP Percentage Mod: HP is shown in percentages
|rule|Dynamax Clause: You cannot dynamax
|clearpoke
|poke|p1|Tapu Lele|
|poke|p1|Blacephalon|
|poke|p1|Tyranitar, M|
|poke|p1|Landorus-Therian, M|
|poke|p1|Corviknight, F|
|poke|p1|Toxapex, F|
|poke|p2|Zeraora|
|poke|p2|Weezing-Galar, M|
|poke|p2|Gastrodon-East, M|
|poke|p2|Ferrothorn, M|
|poke|p2|Zapdos|
|poke|p2|Heatran, M|
|teampreview
|inactive|Battle timer is ON: inactive players will automatically lose when time's up. (requested by Steez Ibanez)
|
|t:|1667587358
|start
|switch|p1a: Landorus|Landorus-Therian, M|100/100
|switch|p2a: Hephaestus|Heatran, M|100/100
|-item|p2a: Hephaestus|Air Balloon
|-ability|p1a: Landorus|Intimidate|boost
|-unboost|p2a: Hephaestus|atk|1
|turn|1
|
|t:|1667587361
|switch|p2a: Abomination|Ferrothorn, M|100/100
|move|p1a: Landorus|U-turn|p2a: Abomination
|-damage|p2a: Abomination|85/100
|-damage|p1a: Landorus|88/100|[from] ability: Iron Barbs|[of] p2a: Abomination
|-damage|p1a: Landorus|72/100|[from] item: Rocky Helmet|[of] p2a: Abomination
|
|t:|1667587365
|switch|p1a: Blacephalon|Blacephalon|100/100|[from]move: U-turn
|
|upkeep
|turn|2
|
|t:|1667587369
|switch|p2a: Gary|Gastrodon-East, M, shiny|100/100
|move|p1a: Blacephalon|Shadow Ball|p2a: Gary
|-damage|p2a: Gary|52/100
|
|upkeep
|turn|3
|
|t:|1667587375
|move|p1a: Blacephalon|Shadow Ball|p2a: Gary
|-damage|p2a: Gary|7/100
|move|p2a: Gary|Recover|p2a: Gary
|-heal|p2a: Gary|57/100
|
|upkeep
|turn|4
|
|t:|1667587381
|switch|p1a: Corviknight|Corviknight, F|100/100
|-ability|p1a: Corviknight|Pressure
|move|p2a: Gary|Recover|p2a: Gary
|-heal|p2a: Gary|100/100
|
|upkeep
|turn|5
|
|t:|1667587384
|move|p1a: Corviknight|Body Press|p2a: Gary
|-damage|p2a: Gary|70/100
|move|p2a: Gary|Scald|p1a: Corviknight
|-damage|p1a: Corviknight|76/100
|
|upkeep
|turn|6
|
|t:|1667587387
|move|p1a: Corviknight|U-turn|p2a: Gary
|-damage|p2a: Gary|53/100
|
|t:|1667587390
|switch|p1a: Toxapex|Toxapex, F|100/100|[from]move: U-turn
|move|p2a: Gary|Recover|p2a: Gary
|-heal|p2a: Gary|100/100
|
|upkeep
|turn|7
|
|t:|1667587394
|switch|p2a: Abomination|Ferrothorn, M|85/100
|move|p1a: Toxapex|Knock Off|p2a: Abomination
|-damage|p2a: Abomination|76/100
|-damage|p1a: Toxapex|88/100|[from] ability: Iron Barbs|[of] p2a: Abomination
|-damage|p1a: Toxapex|72/100|[from] item: Rocky Helmet|[of] p2a: Abomination
|-enditem|p2a: Abomination|Rocky Helmet|[from] move: Knock Off|[of] p1a: Toxapex
|
|upkeep
|turn|8
|
|t:|1667587398
|move|p1a: Toxapex|Scald|p2a: Abomination
|-resisted|p2a: Abomination
|-damage|p2a: Abomination|70/100
|-status|p2a: Abomination|brn
|move|p2a: Abomination|Leech Seed|p1a: Toxapex
|-start|p1a: Toxapex|move: Leech Seed
|
|-damage|p1a: Toxapex|60/100|[from] Leech Seed|[of] p2a: Abomination
|-heal|p2a: Abomination|81/100 brn|[silent]
|-damage|p2a: Abomination|75/100 brn|[from] brn
|upkeep
|turn|9
|
|t:|1667587404
|switch|p1a: Blacephalon|Blacephalon|100/100
|move|p2a: Abomination|Spikes|p1a: Blacephalon
|-sidestart|p1: Shinjou Akane|Spikes
|
|-damage|p2a: Abomination|69/100 brn|[from] brn
|upkeep
|turn|10
|
|t:|1667587408
|move|p1a: Blacephalon|Shadow Ball|p2a: Abomination
|-damage|p2a: Abomination|13/100 brn
|move|p2a: Abomination|Knock Off|p1a: Blacephalon
|-supereffective|p1a: Blacephalon
|-damage|p1a: Blacephalon|48/100
|-enditem|p1a: Blacephalon|Choice Specs|[from] move: Knock Off|[of] p2a: Abomination
|
|-damage|p2a: Abomination|7/100 brn|[from] brn
|upkeep
|turn|11
|
|t:|1667587413
|move|p1a: Blacephalon|Shadow Ball|p2a: Abomination
|-damage|p2a: Abomination|0 fnt
|faint|p2a: Abomination
|-ability|p1a: Blacephalon|Beast Boost|boost
|-boost|p1a: Blacephalon|spa|1
|
|upkeep
|
|t:|1667587415
|switch|p2a: Jotaro|Zeraora|100/100
|turn|12
|
|t:|1667587421
|switch|p1a: Landorus|Landorus-Therian, M|72/100
|-ability|p1a: Landorus|Intimidate|boost
|-unboost|p2a: Jotaro|atk|1
|move|p2a: Jotaro|Knock Off|p1a: Landorus
|-damage|p1a: Landorus|52/100
|-enditem|p1a: Landorus|Leftovers|[from] move: Knock Off|[of] p2a: Jotaro
|
|upkeep
|turn|13
|
|t:|1667587423
|switch|p2a: Speedwagon|Weezing-Galar, M|100/100
|move|p1a: Landorus|Knock Off|p2a: Speedwagon
|-resisted|p2a: Speedwagon
|-damage|p2a: Speedwagon|90/100
|-enditem|p2a: Speedwagon|Black Sludge|[from] move: Knock Off|[of] p1a: Landorus
|
|upkeep
|turn|14
|
|t:|1667587432
|move|p1a: Landorus|U-turn|p2a: Speedwagon
|-resisted|p2a: Speedwagon
|-damage|p2a: Speedwagon|86/100
|
|t:|1667587434
|switch|p1a: Corviknight|Corviknight, F|76/100|[from]move: U-turn
|-ability|p1a: Corviknight|Pressure
|move|p2a: Speedwagon|Toxic Spikes|p1a: Corviknight
|-sidestart|p1: Shinjou Akane|move: Toxic Spikes
|
|upkeep
|turn|15
|
|t:|1667587438
|switch|p2a: Hephaestus|Heatran, M|100/100
|-item|p2a: Hephaestus|Air Balloon
|move|p1a: Corviknight|Defog|p2a: Hephaestus
|-unboost|p2a: Hephaestus|evasion|1
|-sideend|p1: Shinjou Akane|Spikes|[from] move: Defog|[of] p1a: Corviknight
|-sideend|p1: Shinjou Akane|Toxic Spikes|[from] move: Defog|[of] p1a: Corviknight
|
|upkeep
|turn|16
|
|t:|1667587444
|switch|p1a: Tyranitar|Tyranitar, M|100/100
|-weather|Sandstorm|[from] ability: Sand Stream|[of] p1a: Tyranitar
|move|p2a: Hephaestus|Eruption|p1a: Tyranitar
|-resisted|p1a: Tyranitar
|-damage|p1a: Tyranitar|71/100
|
|-weather|Sandstorm|[upkeep]
|upkeep
|turn|17
|
|t:|1667587447
|switch|p2a: Speedwagon|Weezing-Galar, M|86/100
|move|p1a: Tyranitar|Stone Edge|p2a: Speedwagon
|-damage|p2a: Speedwagon|28/100
|
|-weather|Sandstorm|[upkeep]
|-damage|p2a: Speedwagon|22/100|[from] Sandstorm
|upkeep
|turn|18
|
|t:|1667587451
|move|p1a: Tyranitar|Stone Edge|p2a: Speedwagon
|-damage|p2a: Speedwagon|0 fnt
|faint|p2a: Speedwagon
|
|-weather|Sandstorm|[upkeep]
|upkeep
|
|t:|1667587454
|switch|p2a: Jotaro|Zeraora|100/100
|turn|19
|
|t:|1667587460
|switch|p1a: Landorus|Landorus-Therian, M|52/100
|-ability|p1a: Landorus|Intimidate|boost
|-unboost|p2a: Jotaro|atk|1
|move|p2a: Jotaro|Close Combat|p1a: Landorus
|-resisted|p1a: Landorus
|-damage|p1a: Landorus|41/100
|-unboost|p2a: Jotaro|def|1
|-unboost|p2a: Jotaro|spd|1
|
|-weather|Sandstorm|[upkeep]
|-damage|p2a: Jotaro|95/100|[from] Sandstorm
|upkeep
|turn|20
|
|t:|1667587463
|switch|p2a: Bolt|Zapdos|100/100
|move|p1a: Landorus|Stealth Rock|p2a: Bolt
|-sidestart|p2: Steez Ibanez|move: Stealth Rock
|
|-weather|none
|upkeep
|turn|21
|
|t:|1667587468
|switch|p1a: Tyranitar|Tyranitar, M|71/100
|-weather|Sandstorm|[from] ability: Sand Stream|[of] p1a: Tyranitar
|move|p2a: Bolt|Heat Wave|p1a: Tyranitar
|-resisted|p1a: Tyranitar
|-damage|p1a: Tyranitar|62/100
|
|-weather|Sandstorm|[upkeep]
|-damage|p2a: Bolt|94/100|[from] Sandstorm
|upkeep
|turn|22
|
|t:|1667587472
|move|p2a: Bolt|Toxic|p1a: Tyranitar|[miss]
|-miss|p2a: Bolt|p1a: Tyranitar
|move|p1a: Tyranitar|Stone Edge|p2a: Bolt
|-supereffective|p2a: Bolt
|-crit|p2a: Bolt
|-damage|p2a: Bolt|0 fnt
|faint|p2a: Bolt
|
|-weather|Sandstorm|[upkeep]
|upkeep
|
|t:|1667587476
|switch|p2a: Hephaestus|Heatran, M|100/100
|-damage|p2a: Hephaestus|88/100|[from] Stealth Rock
|-item|p2a: Hephaestus|Air Balloon
|turn|23
|j| tough shit
|
|t:|1667587482
|move|p2a: Hephaestus|Earth Power|p1a: Tyranitar
|-supereffective|p1a: Tyranitar
|-damage|p1a: Tyranitar|17/100
|move|p1a: Tyranitar|Stone Edge|p2a: Hephaestus
|-damage|p2a: Hephaestus|0 fnt
|-enditem|p2a: Hephaestus|Air Balloon
|faint|p2a: Hephaestus
|
|-weather|Sandstorm|[upkeep]
|upkeep
|
|t:|1667587487
|switch|p2a: Jotaro|Zeraora|95/100
|turn|24
|
|t:|1667587490
|switch|p1a: Landorus|Landorus-Therian, M|41/100
|-ability|p1a: Landorus|Intimidate|boost
|-unboost|p2a: Jotaro|atk|1
|move|p2a: Jotaro|Close Combat|p1a: Landorus
|-resisted|p1a: Landorus
|-damage|p1a: Landorus|29/100
|-unboost|p2a: Jotaro|def|1
|-unboost|p2a: Jotaro|spd|1
|
|-weather|Sandstorm|[upkeep]
|-damage|p2a: Jotaro|89/100|[from] Sandstorm
|upkeep
|turn|25
|
|t:|1667587494
|switch|p2a: Gary|Gastrodon-East, M, shiny|100/100
|move|p1a: Landorus|Earthquake|p2a: Gary
|-damage|p2a: Gary|44/100
|
|-weather|none
|upkeep
|turn|26
|
|t:|1667587498
|move|p1a: Landorus|Earthquake|p2a: Gary
|-damage|p2a: Gary|0 fnt
|faint|p2a: Gary
|
|upkeep
|
|t:|1667587500
|switch|p2a: Jotaro|Zeraora|89/100
|turn|27
|
|t:|1667587505
|switch|p1a: Blacephalon|Blacephalon|48/100
|move|p2a: Jotaro|Close Combat|p1a: Blacephalon
|-immune|p1a: Blacephalon
|
|upkeep
|turn|28
|
|t:|1667587509
|move|p2a: Jotaro|Knock Off|p1a: Blacephalon
|-supereffective|p1a: Blacephalon
|-damage|p1a: Blacephalon|0 fnt
|faint|p1a: Blacephalon
|
|upkeep
|
|t:|1667587510
|switch|p1a: Landorus|Landorus-Therian, M|29/100
|-ability|p1a: Landorus|Intimidate|boost
|-unboost|p2a: Jotaro|atk|1
|turn|29
|-message|Steez Ibanez forfeited.
|
|win|Shinjou Akane
|raw|Shinjou Akane's rating: 1692 &rarr; <strong>1721</strong><br />(+29 for winning)
|raw|Steez Ibanez's rating: 1870 &rarr; <strong>1841</strong><br />(-29 for losing)
|l|☆Steez Ibanez
