|j|☆Gotham Paladin
|j|☆LT92PF hiye
|t:|1659834888
|gametype|singles
|player|p1|Gotham Paladin|red|1756
|player|p2|LT92PF hiye|#splxiclassiest|1762
|teamsize|p1|6
|teamsize|p2|6
|gen|8
|tier|[Gen 8] OU
|rated|
|rule|Sleep Clause Mod: Limit one foe put to sleep
|rule|Species Clause: Limit one of each Pokémon
|rule|OHKO Clause: OHKO moves are banned
|rule|Evasion Items Clause: Evasion items are banned
|rule|Evasion Moves Clause: Evasion moves are banned
|rule|Endless Battle Clause: Forcing endless battles is banned
|rule|HP Percentage Mod: HP is shown in percentages
|rule|Dynamax Clause: You cannot dynamax
|clearpoke
|poke|p1|Volcanion|
|poke|p1|Aegislash, M|
|poke|p1|Landorus-Therian, M|
|poke|p1|Clefable, M|
|poke|p1|Urshifu-*, M|
|poke|p1|Dragonite, M|
|poke|p2|Rillaboom, M|
|poke|p2|Tornadus-Therian, M|
|poke|p2|Blaziken, M|
|poke|p2|Melmetal|
|poke|p2|Garchomp, M|
|poke|p2|Slowbro, F|
|teampreview
|j| Atvin
|inactive|Battle timer is ON: inactive players will automatically lose when time's up. (requested by Gotham Paladin)
|j| mejais teamstealer
|j| yop on the flux
|inactive|LT92PF hiye has 120 seconds left.
|j| Eternal Spirit
|j| afafafafafafaf
|inactive|LT92PF hiye has 90 seconds left.
|l| Eternal Spirit
|inactive|LT92PF hiye has 60 seconds left.
|
|t:|1659835006
|start
|switch|p1a: Landorus|Landorus-Therian, M|100/100
|switch|p2a: Tornadus|Tornadus-Therian, M|100/100
|-ability|p1a: Landorus|Intimidate|boost
|-unboost|p2a: Tornadus|atk|1
|turn|1
|
|t:|1659835019
|switch|p1a: Clefable|Clefable, M|100/100
|move|p2a: Tornadus|Knock Off|p1a: Clefable
|-resisted|p1a: Clefable
|-damage|p1a: Clefable|95/100
|-enditem|p1a: Clefable|Leftovers|[from] move: Knock Off|[of] p2a: Tornadus
|
|upkeep
|turn|2
|
|t:|1659835027
|move|p2a: Tornadus|U-turn|p1a: Clefable
|-resisted|p1a: Clefable
|-damage|p1a: Clefable|91/100
|j| BBW Stacy
|
|t:|1659835031
|switch|p2a: Slowbro|Slowbro, F|100/100|[from]move: U-turn
|move|p1a: Clefable|Moonblast|p2a: Slowbro
|-damage|p2a: Slowbro|68/100
|-unboost|p2a: Slowbro|spa|1
|
|upkeep
|turn|3
|j| fishunderwater
|
|t:|1659835035
|move|p1a: Clefable|Thunder|p2a: Slowbro
|-supereffective|p2a: Slowbro
|-damage|p2a: Slowbro|18/100
|move|p2a: Slowbro|Future Sight|p1a: Clefable
|-start|p2a: Slowbro|move: Future Sight
|
|upkeep
|turn|4
|
|t:|1659835044
|switch|p1a: Volcanion|Volcanion|100/100
|switch|p2a: Melmetal|Melmetal|100/100
|
|upkeep
|turn|5
|
|t:|1659835052
|move|p2a: Melmetal|Protect|p2a: Melmetal
|-singleturn|p2a: Melmetal|Protect
|move|p1a: Volcanion|Steam Eruption|p2a: Melmetal
|-activate|p2a: Melmetal|move: Protect
|
|-end|p1a: Volcanion|move: Future Sight
|-damage|p1a: Volcanion|51/100
|upkeep
|turn|6
|
|t:|1659835064
|move|p1a: Volcanion|Flamethrower|p2a: Melmetal
|-supereffective|p2a: Melmetal
|-damage|p2a: Melmetal|16/100
|move|p2a: Melmetal|Thunder Punch|p1a: Volcanion
|-supereffective|p1a: Volcanion
|-damage|p1a: Volcanion|0 fnt
|faint|p1a: Volcanion
|
|-heal|p2a: Melmetal|23/100|[from] item: Leftovers
|upkeep
|
|t:|1659835077
|switch|p1a: Landorus|Landorus-Therian, M|100/100
|-ability|p1a: Landorus|Intimidate|boost
|-unboost|p2a: Melmetal|atk|1
|turn|7
|
|t:|1659835081
|move|p1a: Landorus|Stealth Rock|p2a: Melmetal
|-sidestart|p2: LT92PF hiye|move: Stealth Rock
|move|p2a: Melmetal|Double Iron Bash|p1a: Landorus
|-damage|p1a: Landorus|70/100
|-damage|p1a: Landorus|40/100
|-hitcount|p1a: Landorus|2
|
|-heal|p1a: Landorus|46/100|[from] item: Leftovers
|-heal|p2a: Melmetal|29/100|[from] item: Leftovers
|upkeep
|turn|8
|
|t:|1659835085
|switch|p2a: Tornadus|Tornadus-Therian, M|100/100
|move|p1a: Landorus|Earthquake|p2a: Tornadus
|-immune|p2a: Tornadus
|
|-heal|p1a: Landorus|52/100|[from] item: Leftovers
|upkeep
|turn|9
|
|t:|1659835089
|move|p2a: Tornadus|Knock Off|p1a: Landorus
|-damage|p1a: Landorus|31/100
|-enditem|p1a: Landorus|Leftovers|[from] move: Knock Off|[of] p2a: Tornadus
|move|p1a: Landorus|Toxic|p2a: Tornadus
|-status|p2a: Tornadus|tox
|
|-damage|p2a: Tornadus|94/100 tox|[from] psn
|upkeep
|turn|10
|
|t:|1659835094
|move|p2a: Tornadus|Defog|p1a: Landorus
|-unboost|p1a: Landorus|evasion|1
|-sideend|p2: LT92PF hiye|Stealth Rock|[from] move: Defog|[of] p2a: Tornadus
|move|p1a: Landorus|Stealth Rock|p2a: Tornadus
|-sidestart|p2: LT92PF hiye|move: Stealth Rock
|
|-damage|p2a: Tornadus|82/100 tox|[from] psn
|upkeep
|turn|11
|
|t:|1659835097
|move|p2a: Tornadus|U-turn|p1a: Landorus
|-resisted|p1a: Landorus
|-damage|p1a: Landorus|25/100
|
|t:|1659835099
|switch|p2a: Garchomp|Garchomp, M|100/100|[from]move: U-turn
|-damage|p2a: Garchomp|94/100|[from] Stealth Rock
|move|p1a: Landorus|Stealth Rock||[still]
|-fail|p1a: Landorus
|
|-heal|p2a: Garchomp|100/100|[from] item: Leftovers
|upkeep
|turn|12
|
|t:|1659835103
|switch|p1a: Urshifu|Urshifu-Rapid-Strike, M|100/100
|move|p2a: Garchomp|Stealth Rock|p1a: Urshifu
|-sidestart|p1: Gotham Paladin|move: Stealth Rock
|
|upkeep
|turn|13
|
|t:|1659835107
|switch|p2a: Slowbro|Slowbro, F|51/100
|-damage|p2a: Slowbro|38/100|[from] Stealth Rock
|move|p1a: Urshifu|Ice Punch|p2a: Slowbro
|-resisted|p2a: Slowbro
|-damage|p2a: Slowbro|31/100
|-status|p2a: Slowbro|frz
|-damage|p1a: Urshifu|84/100|[from] item: Rocky Helmet|[of] p2a: Slowbro
|
|upkeep
|turn|14
|
|t:|1659835115
|switch|p1a: Aegislash|Aegislash, M|100/100
|-damage|p1a: Aegislash|94/100|[from] Stealth Rock
|switch|p2a: Tornadus|Tornadus-Therian, M|100/100 tox
|
|-heal|p1a: Aegislash|100/100|[from] item: Leftovers
|-damage|p2a: Tornadus|94/100 tox|[from] psn
|upkeep
|turn|15
|
|t:|1659835118
|move|p1a: Aegislash|King's Shield|p1a: Aegislash
|-singleturn|p1a: Aegislash|Protect
|move|p2a: Tornadus|Knock Off|p1a: Aegislash
|-activate|p1a: Aegislash|move: Protect
|-unboost|p2a: Tornadus|atk|1
|
|-damage|p2a: Tornadus|82/100 tox|[from] psn
|upkeep
|turn|16
|
|t:|1659835122
|move|p2a: Tornadus|Knock Off|p1a: Aegislash
|-supereffective|p1a: Aegislash
|-damage|p1a: Aegislash|80/100
|-enditem|p1a: Aegislash|Leftovers|[from] move: Knock Off|[of] p2a: Tornadus
|move|p1a: Aegislash|Substitute|p1a: Aegislash
|-start|p1a: Aegislash|Substitute
|-damage|p1a: Aegislash|55/100
|
|-damage|p2a: Tornadus|64/100 tox|[from] psn
|upkeep
|turn|17
|
|t:|1659835131
|move|p2a: Tornadus|U-turn|p1a: Aegislash
|-resisted|p1a: Aegislash
|-activate|p1a: Aegislash|move: Substitute|[damage]
|c|☆LT92PF hiye|chip
|
|t:|1659835134
|switch|p2a: Garchomp|Garchomp, M|100/100|[from]move: U-turn
|-damage|p2a: Garchomp|94/100|[from] Stealth Rock
|-formechange|p1a: Aegislash|Aegislash-Blade||[from] ability: Stance Change
|move|p1a: Aegislash|Shadow Ball|p2a: Garchomp
|-damage|p2a: Garchomp|65/100
|-unboost|p2a: Garchomp|spd|1
|
|-heal|p2a: Garchomp|71/100|[from] item: Leftovers
|upkeep
|turn|18
|
|t:|1659835138
|move|p2a: Garchomp|Protect|p2a: Garchomp
|-singleturn|p2a: Garchomp|Protect
|move|p1a: Aegislash|Shadow Ball|p2a: Garchomp
|-activate|p2a: Garchomp|move: Protect
|
|-heal|p2a: Garchomp|77/100|[from] item: Leftovers
|upkeep
|turn|19
|
|t:|1659835141
|move|p2a: Garchomp|Earthquake|p1a: Aegislash
|-supereffective|p1a: Aegislash
|-end|p1a: Aegislash|Substitute
|move|p1a: Aegislash|Shadow Ball|p2a: Garchomp
|-damage|p2a: Garchomp|33/100
|-unboost|p2a: Garchomp|spd|1
|
|-heal|p2a: Garchomp|40/100|[from] item: Leftovers
|upkeep
|turn|20
|
|t:|1659835146
|switch|p1a: Clefable|Clefable, M|91/100
|move|p2a: Garchomp|Earthquake|p1a: Clefable
|-damage|p1a: Clefable|51/100
|
|-heal|p2a: Garchomp|46/100|[from] item: Leftovers
|upkeep
|turn|21
|
|t:|1659835158
|switch|p2a: Rillaboom|Rillaboom, M|100/100
|-damage|p2a: Rillaboom|88/100|[from] Stealth Rock
|-fieldstart|move: Grassy Terrain|[from] ability: Grassy Surge|[of] p2a: Rillaboom
|move|p1a: Clefable|Soft-Boiled|p1a: Clefable
|-heal|p1a: Clefable|100/100
|
|-heal|p2a: Rillaboom|94/100|[from] Grassy Terrain
|-heal|p2a: Rillaboom|100/100|[from] item: Leftovers
|upkeep
|turn|22
|
|t:|1659835168
|switch|p1a: Landorus|Landorus-Therian, M|25/100
|-damage|p1a: Landorus|13/100|[from] Stealth Rock
|-ability|p1a: Landorus|Intimidate|boost
|-unboost|p2a: Rillaboom|atk|1
|move|p2a: Rillaboom|Swords Dance|p2a: Rillaboom
|-boost|p2a: Rillaboom|atk|2
|
|upkeep
|turn|23
|
|t:|1659835172
|move|p2a: Rillaboom|Grassy Glide|p1a: Landorus
|-damage|p1a: Landorus|0 fnt
|faint|p1a: Landorus
|
|upkeep
|
|t:|1659835174
|switch|p1a: Dragonite|Dragonite, M|100/100
|turn|24
|j| shermhead
|
|t:|1659835180
|move|p1a: Dragonite|Dragon Dance|p1a: Dragonite
|-boost|p1a: Dragonite|atk|1
|-boost|p1a: Dragonite|spe|1
|move|p2a: Rillaboom|Knock Off|p1a: Dragonite
|-crit|p1a: Dragonite
|-damage|p1a: Dragonite|65/100
|-enditem|p1a: Dragonite|Heavy-Duty Boots|[from] move: Knock Off|[of] p2a: Rillaboom
|
|upkeep
|turn|25
|c| Atvin|k
|c|☆LT92PF hiye|uhhhhhhhh
|
|t:|1659835194
|move|p1a: Dragonite|Roost|p1a: Dragonite
|-heal|p1a: Dragonite|100/100
|-singleturn|p1a: Dragonite|move: Roost
|move|p2a: Rillaboom|Knock Off|p1a: Dragonite
|-damage|p1a: Dragonite|84/100
|
|-heal|p1a: Dragonite|91/100|[from] Grassy Terrain
|-fieldend|move: Grassy Terrain
|upkeep
|turn|26
|c| Atvin|no rek no
|
|t:|1659835203
|switch|p2a: Slowbro|Slowbro, F|64/100 frz
|-damage|p2a: Slowbro|52/100 frz|[from] Stealth Rock
|move|p1a: Dragonite|Dragon Dance|p1a: Dragonite
|-boost|p1a: Dragonite|atk|1
|-boost|p1a: Dragonite|spe|1
|
|upkeep
|turn|27
|
|t:|1659835206
|move|p1a: Dragonite|Dual Wingbeat|p2a: Slowbro
|-damage|p2a: Slowbro|29/100 frz
|-damage|p1a: Dragonite|74/100|[from] item: Rocky Helmet|[of] p2a: Slowbro
|-damage|p2a: Slowbro|7/100 frz
|-damage|p1a: Dragonite|57/100|[from] item: Rocky Helmet|[of] p2a: Slowbro
|-hitcount|p2a: Slowbro|2
|-curestatus|p2a: Slowbro|frz|[from] move: Scald
|move|p2a: Slowbro|Scald|p1a: Dragonite
|-resisted|p1a: Dragonite
|-damage|p1a: Dragonite|46/100
|
|upkeep
|turn|28
|c| Atvin|i see
|
|t:|1659835215
|move|p1a: Dragonite|Dual Wingbeat|p2a: Slowbro
|-damage|p2a: Slowbro|0 fnt
|-damage|p1a: Dragonite|29/100|[from] item: Rocky Helmet|[of] p2a: Slowbro
|faint|p2a: Slowbro
|-hitcount|p2: Slowbro|1
|
|upkeep
|inactive|LT92PF hiye has 120 seconds left.
|inactive|LT92PF hiye has 90 seconds left.
|
|t:|1659835298
|switch|p2a: Garchomp|Garchomp, M|46/100
|-damage|p2a: Garchomp|40/100|[from] Stealth Rock
|turn|29
|
|t:|1659835305
|move|p1a: Dragonite|Roost|p1a: Dragonite
|-heal|p1a: Dragonite|79/100
|-singleturn|p1a: Dragonite|move: Roost
|move|p2a: Garchomp|Toxic|p1a: Dragonite
|-status|p1a: Dragonite|tox
|
|-heal|p2a: Garchomp|46/100|[from] item: Leftovers
|-damage|p1a: Dragonite|73/100 tox|[from] psn
|upkeep
|turn|30
|
|t:|1659835311
|move|p2a: Garchomp|Protect|p2a: Garchomp
|-singleturn|p2a: Garchomp|Protect
|move|p1a: Dragonite|Ice Punch|p2a: Garchomp
|-activate|p2a: Garchomp|move: Protect
|
|-heal|p2a: Garchomp|52/100|[from] item: Leftovers
|-damage|p1a: Dragonite|61/100 tox|[from] psn
|upkeep
|turn|31
|c|☆LT92PF hiye|LOL
|c|☆LT92PF hiye|wtf
|c|☆LT92PF hiye|terrible set
|inactive|LT92PF hiye has 90 seconds left.
|
|t:|1659835331
|switch|p2a: Tornadus|Tornadus-Therian, M|97/100 tox
|move|p1a: Dragonite|Ice Punch|p2a: Tornadus
|-supereffective|p2a: Tornadus
|-damage|p2a: Tornadus|4/100 tox
|
|-damage|p1a: Dragonite|42/100 tox|[from] psn
|-damage|p2a: Tornadus|0 fnt|[from] psn
|faint|p2a: Tornadus
|upkeep
|
|t:|1659835336
|switch|p2a: Melmetal|Melmetal|29/100
|-damage|p2a: Melmetal|23/100|[from] Stealth Rock
|turn|32
|
|t:|1659835341
|move|p2a: Melmetal|Protect|p2a: Melmetal
|-singleturn|p2a: Melmetal|Protect
|move|p1a: Dragonite|Dual Wingbeat|p2a: Melmetal
|-activate|p2a: Melmetal|move: Protect
|
|-heal|p2a: Melmetal|29/100|[from] item: Leftovers
|-damage|p1a: Dragonite|17/100 tox|[from] psn
|upkeep
|turn|33
|
|t:|1659835352
|move|p2a: Melmetal|Protect||[still]
|-fail|p2a: Melmetal
|move|p1a: Dragonite|Dual Wingbeat|p2a: Melmetal
|-resisted|p2a: Melmetal
|-damage|p2a: Melmetal|18/100
|-resisted|p2a: Melmetal
|-damage|p2a: Melmetal|7/100
|-hitcount|p2a: Melmetal|2
|
|-heal|p2a: Melmetal|13/100|[from] item: Leftovers
|-damage|p1a: Dragonite|0 fnt|[from] psn
|faint|p1a: Dragonite
|upkeep
|
|t:|1659835365
|switch|p1a: Urshifu|Urshifu-Rapid-Strike, M|84/100
|-damage|p1a: Urshifu|78/100|[from] Stealth Rock
|turn|34
|
|t:|1659835371
|move|p1a: Urshifu|Close Combat|p2a: Melmetal
|-supereffective|p2a: Melmetal
|-damage|p2a: Melmetal|0 fnt
|-unboost|p1a: Urshifu|def|1
|-unboost|p1a: Urshifu|spd|1
|faint|p2a: Melmetal
|
|upkeep
|
|t:|1659835378
|switch|p2a: Rillaboom|Rillaboom, M|100/100
|-damage|p2a: Rillaboom|88/100|[from] Stealth Rock
|-fieldstart|move: Grassy Terrain|[from] ability: Grassy Surge|[of] p2a: Rillaboom
|turn|35
|inactive|LT92PF hiye has 90 seconds left.
|
|t:|1659835417
|switch|p1a: Aegislash|Aegislash, M|55/100
|-damage|p1a: Aegislash|49/100|[from] Stealth Rock
|move|p2a: Rillaboom|Swords Dance|p2a: Rillaboom
|-boost|p2a: Rillaboom|atk|2
|
|-heal|p2a: Rillaboom|94/100|[from] Grassy Terrain
|-heal|p2a: Rillaboom|100/100|[from] item: Leftovers
|-heal|p1a: Aegislash|55/100|[from] Grassy Terrain
|upkeep
|turn|36
|
|t:|1659835428
|move|p1a: Aegislash|King's Shield|p1a: Aegislash
|-singleturn|p1a: Aegislash|Protect
|move|p2a: Rillaboom|Knock Off|p1a: Aegislash
|-activate|p1a: Aegislash|move: Protect
|-unboost|p2a: Rillaboom|atk|1
|
|-heal|p1a: Aegislash|61/100|[from] Grassy Terrain
|upkeep
|turn|37
|
|t:|1659835433
|switch|p1a: Clefable|Clefable, M|100/100
|move|p2a: Rillaboom|Knock Off|p1a: Clefable
|-resisted|p1a: Clefable
|-damage|p1a: Clefable|84/100
|
|-heal|p1a: Clefable|90/100|[from] Grassy Terrain
|upkeep
|turn|38
|
|t:|1659835438
|move|p2a: Rillaboom|Swords Dance|p2a: Rillaboom
|-boost|p2a: Rillaboom|atk|2
|move|p1a: Clefable|Thunder|p2a: Rillaboom
|-resisted|p2a: Rillaboom
|-damage|p2a: Rillaboom|87/100
|-status|p2a: Rillaboom|par
|
|-heal|p1a: Clefable|96/100|[from] Grassy Terrain
|-heal|p2a: Rillaboom|93/100 par|[from] Grassy Terrain
|-heal|p2a: Rillaboom|99/100 par|[from] item: Leftovers
|upkeep
|turn|39
|
|t:|1659835445
|move|p2a: Rillaboom|Grassy Glide|p1a: Clefable
|-damage|p1a: Clefable|0 fnt
|faint|p1a: Clefable
|
|-heal|p2a: Rillaboom|100/100 par|[from] Grassy Terrain
|-fieldend|move: Grassy Terrain
|upkeep
|
|t:|1659835452
|switch|p1a: Aegislash|Aegislash, M|61/100
|-damage|p1a: Aegislash|55/100|[from] Stealth Rock
|turn|40
|inactive|LT92PF hiye has 120 seconds left.
|
|t:|1659835464
|move|p1a: Aegislash|Substitute|p1a: Aegislash
|-start|p1a: Aegislash|Substitute
|-damage|p1a: Aegislash|30/100
|move|p2a: Rillaboom|Knock Off|p1a: Aegislash
|-supereffective|p1a: Aegislash
|-end|p1a: Aegislash|Substitute
|
|upkeep
|turn|41
|inactive|LT92PF hiye has 120 seconds left.
|
|t:|1659835473
|move|p1a: Aegislash|Substitute|p1a: Aegislash
|-start|p1a: Aegislash|Substitute
|-damage|p1a: Aegislash|5/100
|move|p2a: Rillaboom|Knock Off|p1a: Aegislash
|-supereffective|p1a: Aegislash
|-end|p1a: Aegislash|Substitute
|
|upkeep
|turn|42
|
|t:|1659835479
|switch|p2a: Garchomp|Garchomp, M|52/100
|-damage|p2a: Garchomp|46/100|[from] Stealth Rock
|-formechange|p1a: Aegislash|Aegislash-Blade||[from] ability: Stance Change
|move|p1a: Aegislash|Shadow Ball|p2a: Garchomp
|-damage|p2a: Garchomp|15/100
|
|-heal|p2a: Garchomp|21/100|[from] item: Leftovers
|upkeep
|turn|43
|
|t:|1659835485
|move|p2a: Garchomp|Stealth Rock||[still]
|-fail|p2a: Garchomp
|move|p1a: Aegislash|Shadow Ball|p2a: Garchomp
|-damage|p2a: Garchomp|0 fnt
|faint|p2a: Garchomp
|
|upkeep
|
|t:|1659835487
|switch|p2a: Blaziken|Blaziken, M|100/100
|-damage|p2a: Blaziken|88/100|[from] Stealth Rock
|turn|44
|
|t:|1659835491
|switch|p1a: Urshifu|Urshifu-Rapid-Strike, M|78/100
|-damage|p1a: Urshifu|72/100|[from] Stealth Rock
|move|p2a: Blaziken|Flare Blitz|p1a: Urshifu
|-resisted|p1a: Urshifu
|-damage|p1a: Urshifu|38/100
|-damage|p2a: Blaziken|77/100|[from] Recoil
|
|-heal|p2a: Blaziken|83/100|[from] item: Leftovers
|-ability|p2a: Blaziken|Speed Boost|boost
|-boost|p2a: Blaziken|spe|1
|upkeep
|turn|45
|
|t:|1659835495
|move|p1a: Urshifu|Surging Strikes|p2a: Blaziken
|-supereffective|p2a: Blaziken
|-crit|p2a: Blaziken
|-damage|p2a: Blaziken|30/100
|-supereffective|p2a: Blaziken
|-crit|p2a: Blaziken
|-damage|p2a: Blaziken|0 fnt
|faint|p2a: Blaziken
|-hitcount|p2: Blaziken|2
|
|upkeep
|
|t:|1659835497
|switch|p2a: Rillaboom|Rillaboom, M|100/100 par
|-damage|p2a: Rillaboom|88/100 par|[from] Stealth Rock
|-fieldstart|move: Grassy Terrain|[from] ability: Grassy Surge|[of] p2a: Rillaboom
|turn|46
|j| AirOneee
|
|t:|1659835501
|switch|p1a: Aegislash|Aegislash, M|5/100
|-damage|p1a: Aegislash|0 fnt|[from] Stealth Rock
|faint|p1a: Aegislash
|move|p2a: Rillaboom|Grassy Glide|p1: Aegislash|[notarget]
|-fail|p2a: Rillaboom
|
|-heal|p2a: Rillaboom|94/100 par|[from] Grassy Terrain
|-heal|p2a: Rillaboom|100/100 par|[from] item: Leftovers
|upkeep
|
|t:|1659835503
|switch|p1a: Urshifu|Urshifu-Rapid-Strike, M|38/100
|-damage|p1a: Urshifu|32/100|[from] Stealth Rock
|turn|47
|c|☆LT92PF hiye|hax me again
|c|☆LT92PF hiye|i dare u
|
|t:|1659835513
|move|p2a: Rillaboom|Grassy Glide|p1a: Urshifu
|-supereffective|p1a: Urshifu
|-damage|p1a: Urshifu|0 fnt
|faint|p1a: Urshifu
|
|win|LT92PF hiye
|raw|Gotham Paladin's rating: 1756 &rarr; <strong>1736</strong><br />(-20 for losing)
|raw|LT92PF hiye's rating: 1762 &rarr; <strong>1782</strong><br />(+20 for winning)
|l|☆Gotham Paladin
|c|☆LT92PF hiye|gg
|l| mejais teamstealer
