|html|<div class="broadcast-blue"><strong>[Gen 8] OU is currently suspecting Zamazenta-Crowned! For information on how to participate check out the <a href="https://www.smogon.com/forums/threads/np-ss-ou-suspect-process-round-10-royals.3681787/">suspect thread</a>.</strong></div>
|j|☆Xazor0
|j|☆early_human
|t:|1619052935
|gametype|singles
|player|p1|Xazor0|falkner|1673
|player|p2|early_human|dancer|1675
|teamsize|p1|6
|teamsize|p2|6
|gen|8
|tier|[Gen 8] OU
|rated|
|clearpoke
|poke|p1|Landorus-Therian, M|
|poke|p1|Tapu Koko|
|poke|p1|Zamazenta-Crowned|
|poke|p1|Corviknight, M|
|poke|p1|Heatran, F|
|poke|p1|Dragapult, F|
|poke|p2|Moltres-Galar|
|poke|p2|Aegislash, M|
|poke|p2|Buzzwole|
|poke|p2|Latios, M|
|poke|p2|Landorus-Therian, M|
|poke|p2|Bisharp, M|
|rule|Sleep Clause Mod: Limit one foe put to sleep
|rule|Species Clause: Limit one of each Pokémon
|rule|OHKO Clause: OHKO moves are banned
|rule|Evasion Moves Clause: Evasion moves are banned
|rule|Endless Battle Clause: Forcing endless battles is banned
|rule|HP Percentage Mod: HP is shown in percentages
|rule|Dynamax Clause: You cannot dynamax
|teampreview
|j| RaynningOutside
|
|t:|1619052948
|start
|switch|p1a: Jiji|Dragapult, F|100/100
|switch|p2a: Landorus|Landorus-Therian, M|100/100
|-ability|p2a: Landorus|Intimidate|boost
|-unboost|p1a: Jiji|atk|1
|turn|1
|
|t:|1619052953
|move|p1a: Jiji|Draco Meteor|p2a: Landorus
|-enditem|p2a: Landorus|Focus Sash
|-damage|p2a: Landorus|1/100
|-unboost|p1a: Jiji|spa|2
|move|p2a: Landorus|Earthquake|p1a: Jiji
|-damage|p1a: Jiji|19/100
|
|upkeep
|turn|2
|j| Briks
|
|t:|1619052963
|switch|p2a: Bisharp|Bisharp, M|100/100
|move|p1a: Jiji|Draco Meteor|p2a: Bisharp
|-resisted|p2a: Bisharp
|-damage|p2a: Bisharp|82/100
|-unboost|p1a: Jiji|spa|2
|
|upkeep
|turn|3
|j| yarcii
|
|t:|1619052981
|switch|p1a: Doggers|Zamazenta-Crowned|100/100
|-ability|p1a: Doggers|Dauntless Shield|boost
|-boost|p1a: Doggers|def|1
|move|p2a: Bisharp|Low Kick|p1a: Doggers
|-supereffective|p1a: Doggers
|-damage|p1a: Doggers|57/100
|
|upkeep
|turn|4
|
|t:|1619052989
|switch|p1a: Rovolo|Heatran, F, shiny|100/100
|switch|p2a: Aegislash|Aegislash, M|100/100
|
|upkeep
|turn|5
|
|t:|1619052993
|move|p1a: Rovolo|Magma Storm|p2a: Aegislash|[miss]
|-miss|p1a: Rovolo|p2a: Aegislash
|-formechange|p2a: Aegislash|Aegislash-Blade||[from] ability: Stance Change
|move|p2a: Aegislash|Close Combat|p1a: Rovolo
|-supereffective|p1a: Rovolo
|-damage|p1a: Rovolo|27/100
|-unboost|p2a: Aegislash|def|1
|-unboost|p2a: Aegislash|spd|1
|
|-heal|p1a: Rovolo|34/100|[from] item: Leftovers
|upkeep
|turn|6
|j| ItsTurns
|
|t:|1619052996
|switch|p2a: Landorus|Landorus-Therian, M|1/100
|-ability|p2a: Landorus|Intimidate|boost
|-unboost|p1a: Rovolo|atk|1
|move|p1a: Rovolo|Magma Storm|p2a: Landorus
|-damage|p2a: Landorus|0 fnt
|faint|p2a: Landorus
|
|-heal|p1a: Rovolo|40/100|[from] item: Leftovers
|upkeep
|j| TORIMICHI
|
|t:|1619053003
|switch|p2a: Buzzwole|Buzzwole|100/100
|turn|7
|
|t:|1619053021
|switch|p1a: Youri|Corviknight, M|100/100
|-ability|p1a: Youri|Pressure
|move|p2a: Buzzwole|Stone Edge|p1a: Youri|[miss]
|-miss|p2a: Buzzwole|p1a: Youri
|
|upkeep
|turn|8
|
|t:|1619053027
|switch|p2a: Aegislash|Aegislash, M|100/100
|move|p1a: Youri|U-turn|p2a: Aegislash
|-resisted|p2a: Aegislash
|-damage|p2a: Aegislash|98/100
|
|t:|1619053044
|switch|p1a: Rovolo|Heatran, F, shiny|40/100|[from]move: U-turn
|
|-heal|p1a: Rovolo|46/100|[from] item: Leftovers
|upkeep
|turn|9
|
|t:|1619053048
|move|p1a: Rovolo|Magma Storm|p2a: Aegislash
|-supereffective|p2a: Aegislash
|-damage|p2a: Aegislash|10/100
|-activate|p2a: Aegislash|move: Magma Storm|[of] p1a: Rovolo
|-enditem|p2a: Aegislash|Weakness Policy
|-boost|p2a: Aegislash|atk|2|[from] item: Weakness Policy
|-boost|p2a: Aegislash|spa|2|[from] item: Weakness Policy
|-formechange|p2a: Aegislash|Aegislash-Blade||[from] ability: Stance Change
|move|p2a: Aegislash|Close Combat|p1a: Rovolo
|-supereffective|p1a: Rovolo
|-damage|p1a: Rovolo|0 fnt
|-unboost|p2a: Aegislash|def|1
|-unboost|p2a: Aegislash|spd|1
|faint|p1a: Rovolo
|
|-end|p2a: Aegislash|Magma Storm|[partiallytrapped]|[silent]
|upkeep
|
|t:|1619053065
|switch|p1a: Trash|Landorus-Therian, M|100/100
|-ability|p1a: Trash|Intimidate|boost
|-unboost|p2a: Aegislash|atk|1
|turn|10
|
|t:|1619053072
|move|p2a: Aegislash|Shadow Sneak|p1a: Trash
|-damage|p1a: Trash|81/100
|move|p1a: Trash|Earthquake|p2a: Aegislash
|-supereffective|p2a: Aegislash
|-damage|p2a: Aegislash|0 fnt
|faint|p2a: Aegislash
|
|-heal|p1a: Trash|87/100|[from] item: Leftovers
|upkeep
|
|t:|1619053083
|switch|p2a: Latios|Latios, M|100/100
|turn|11
|
|t:|1619053087
|switch|p1a: Youri|Corviknight, M|100/100
|-ability|p1a: Youri|Pressure
|move|p2a: Latios|Draco Meteor|p1a: Youri
|-resisted|p1a: Youri
|-damage|p1a: Youri|60/100
|-unboost|p2a: Latios|spa|2
|
|-heal|p1a: Youri|66/100|[from] item: Leftovers
|upkeep
|turn|12
|
|t:|1619053096
|move|p2a: Latios|Future Sight|p1a: Youri
|-start|p2a: Latios|move: Future Sight
|move|p1a: Youri|U-turn|p2a: Latios
|-supereffective|p2a: Latios
|-damage|p2a: Latios|59/100
|
|t:|1619053103
|switch|p1a: Coco melon|Tapu Koko|100/100|[from]move: U-turn
|-fieldstart|move: Electric Terrain|[from] ability: Electric Surge|[of] p1a: Coco melon
|
|upkeep
|turn|13
|
|t:|1619053109
|switch|p2a: Bisharp|Bisharp, M|82/100
|move|p1a: Coco melon|Dazzling Gleam|p2a: Bisharp
|-damage|p2a: Bisharp|50/100
|
|upkeep
|turn|14
|
|t:|1619053118
|switch|p1a: Trash|Landorus-Therian, M|87/100
|-ability|p1a: Trash|Intimidate|boost
|-unboost|p2a: Bisharp|atk|1
|-ability|p2a: Bisharp|Defiant
|-boost|p2a: Bisharp|atk|2
|move|p2a: Bisharp|Knock Off|p1a: Trash
|-damage|p1a: Trash|28/100
|-enditem|p1a: Trash|Leftovers|[from] move: Knock Off|[of] p2a: Bisharp
|
|-end|p1a: Trash|move: Future Sight
|-damage|p1a: Trash|0 fnt
|faint|p1a: Trash
|upkeep
|
|t:|1619053128
|switch|p1a: Doggers|Zamazenta-Crowned|57/100
|-ability|p1a: Doggers|Dauntless Shield|boost
|-boost|p1a: Doggers|def|1
|turn|15
|
|t:|1619053136
|switch|p1a: Jiji|Dragapult, F|19/100
|switch|p2a: Buzzwole|Buzzwole|100/100
|
|upkeep
|turn|16
|
|t:|1619053144
|move|p1a: Jiji|Draco Meteor|p2a: Buzzwole
|-damage|p2a: Buzzwole|0 fnt
|-unboost|p1a: Jiji|spa|2
|faint|p2a: Buzzwole
|
|-fieldend|move: Electric Terrain
|upkeep
|
|t:|1619053147
|switch|p2a: Moltres|Moltres-Galar|100/100
|turn|17
|
|t:|1619053154
|switch|p1a: Coco melon|Tapu Koko|100/100
|-fieldstart|move: Electric Terrain|[from] ability: Electric Surge|[of] p1a: Coco melon
|move|p2a: Moltres|Agility|p2a: Moltres
|-boost|p2a: Moltres|spe|2
|
|upkeep
|turn|18
|
|t:|1619053163
|move|p2a: Moltres|Nasty Plot|p2a: Moltres
|-boost|p2a: Moltres|spa|2
|move|p1a: Coco melon|Thunderbolt|p2a: Moltres
|-supereffective|p2a: Moltres
|-damage|p2a: Moltres|21/100
|-ability|p2a: Moltres|Berserk|boost
|-boost|p2a: Moltres|spa|1
|
|upkeep
|turn|19
|
|t:|1619053166
|move|p2a: Moltres|Fiery Wrath|p1a: Coco melon
|-resisted|p1a: Coco melon
|-damage|p1a: Coco melon|21/100
|cant|p1a: Coco melon|flinch
|
|upkeep
|turn|20
|
|t:|1619053174
|move|p2a: Moltres|Fiery Wrath|p1a: Coco melon
|-resisted|p1a: Coco melon
|-damage|p1a: Coco melon|0 fnt
|faint|p1a: Coco melon
|
|upkeep
|c|☆Xazor0|Fuck
|
|t:|1619053179
|switch|p1a: Doggers|Zamazenta-Crowned|57/100
|-ability|p1a: Doggers|Dauntless Shield|boost
|-boost|p1a: Doggers|def|1
|turn|21
|
|t:|1619053181
|move|p2a: Moltres|Hurricane|p1a: Doggers|[miss]
|-miss|p2a: Moltres|p1a: Doggers
|move|p1a: Doggers|Close Combat|p2a: Moltres
|-damage|p2a: Moltres|0 fnt
|-unboost|p1a: Doggers|def|1
|-unboost|p1a: Doggers|spd|1
|faint|p2a: Moltres
|
|-fieldend|move: Electric Terrain
|upkeep
|
|t:|1619053184
|switch|p2a: Latios|Latios, M|59/100
|turn|22
|c|☆Xazor0|Yes
|l| RaynningOutside
|
|t:|1619053188
|switch|p1a: Youri|Corviknight, M|66/100
|-ability|p1a: Youri|Pressure
|move|p2a: Latios|Mystical Fire|p1a: Youri
|-supereffective|p1a: Youri
|-damage|p1a: Youri|18/100
|-unboost|p1a: Youri|spa|1
|
|-heal|p1a: Youri|24/100|[from] item: Leftovers
|upkeep
|turn|23
|
|t:|1619053194
|move|p2a: Latios|Mystical Fire|p1a: Youri
|-supereffective|p1a: Youri
|-damage|p1a: Youri|0 fnt
|faint|p1a: Youri
|
|upkeep
|
|t:|1619053198
|switch|p1a: Jiji|Dragapult, F|19/100
|turn|24
|
|t:|1619053200
|switch|p2a: Bisharp|Bisharp, M|50/100
|move|p1a: Jiji|Draco Meteor|p2a: Bisharp
|-resisted|p2a: Bisharp
|-damage|p2a: Bisharp|13/100
|-unboost|p1a: Jiji|spa|2
|
|upkeep
|turn|25
|
|t:|1619053205
|switch|p2a: Latios|Latios, M|59/100
|move|p1a: Jiji|Draco Meteor|p2a: Latios
|-supereffective|p2a: Latios
|-damage|p2a: Latios|0 fnt
|-unboost|p1a: Jiji|spa|2
|faint|p2a: Latios
|
|upkeep
|-message|early_human forfeited.
|
|win|Xazor0
|raw|Xazor0's rating: 1673 &rarr; <strong>1693</strong><br />(+20 for winning)
|raw|early_human's rating: 1675 &rarr; <strong>1655</strong><br />(-20 for losing)
|l|☆early_human
|c|☆Xazor0|Gg
