|j|☆Yk4509
|j|☆stantlerdude63
|inactive|Battle timer is ON: inactive players will automatically lose when time's up.
|t:|1667922554
|gametype|singles
|player|p1|Yk4509|gambler|
|player|p2|stantlerdude63|2|
|teamsize|p1|6
|teamsize|p2|6
|gen|8
|tier|[Gen 8] OU
|rated|Tournament battle
|rule|Sleep Clause Mod: Limit one foe put to sleep
|rule|Species Clause: Limit one of each Pokémon
|rule|OHKO Clause: OHKO moves are banned
|rule|Evasion Items Clause: Evasion items are banned
|rule|Evasion Moves Clause: Evasion moves are banned
|rule|Endless Battle Clause: Forcing endless battles is banned
|rule|HP Percentage Mod: HP is shown in percentages
|rule|Dynamax Clause: You cannot dynamax
|clearpoke
|poke|p1|Pelipper, F|
|poke|p1|Heliolisk, M|
|poke|p1|Barraskewda, F|
|poke|p1|Ferrothorn, M|
|poke|p1|Tornadus-Therian, M|
|poke|p1|Seismitoad, F|
|poke|p2|Toxapex, M|
|poke|p2|Clefable, M|
|poke|p2|Hippowdon, F|
|poke|p2|Tornadus-Therian, M|
|poke|p2|Melmetal|
|poke|p2|Ditto|
|teampreview
|j|+sufys12
|inactive|Yk4509 also wants the timer to be on.
|j| SaltyPineapple27
|c|☆stantlerdude63|3 rain in one row
|c|☆stantlerdude63|come on man
|c|☆Yk4509|gl hf
|j|@SetsuStsna
|c|☆stantlerdude63|enjoy the match
|c|☆Yk4509|it do be like tht
|j| Chillrends
|inactive|Yk4509 has 120 seconds left.
|inactive|stantlerdude63 has 120 seconds left.
|j|#ironwater@!
|j| Elon Musk Rusk
|j| RKOTiramisu
|c|☆Yk4509|how can i enjoy against stall lmao
|
|t:|1667922595
|start
|switch|p1a: Pelipper|Pelipper, F|100/100
|switch|p2a: Tornadus|Tornadus-Therian, M|100/100
|-weather|RainDance|[from] ability: Drizzle|[of] p1a: Pelipper
|turn|1
|c|+sufys12|is rain a bad mu or smth
|
|t:|1667922603
|switch|p1a: Ferrothorn|Ferrothorn, M|100/100
|move|p2a: Tornadus|Knock Off|p1a: Ferrothorn
|-damage|p1a: Ferrothorn|89/100
|-damage|p2a: Tornadus|88/100|[from] ability: Iron Barbs|[of] p1a: Ferrothorn
|-damage|p2a: Tornadus|71/100|[from] item: Rocky Helmet|[of] p1a: Ferrothorn
|-enditem|p1a: Ferrothorn|Rocky Helmet|[from] move: Knock Off|[of] p2a: Tornadus
|
|-weather|RainDance|[upkeep]
|upkeep
|turn|2
|c|☆stantlerdude63|rain is bad
|
|t:|1667922612
|move|p2a: Tornadus|Hurricane|p1a: Ferrothorn
|-damage|p1a: Ferrothorn|52/100
|move|p1a: Ferrothorn|Stealth Rock|p2a: Tornadus
|-sidestart|p2: stantlerdude63|move: Stealth Rock
|
|-weather|RainDance|[upkeep]
|upkeep
|turn|3
|j| pokafan
|c|+sufys12|true lol
|
|t:|1667922618
|move|p2a: Tornadus|Hurricane|p1a: Ferrothorn
|-damage|p1a: Ferrothorn|18/100
|move|p1a: Ferrothorn|Leech Seed|p2a: Tornadus
|-start|p2a: Tornadus|move: Leech Seed
|
|-weather|RainDance|[upkeep]
|-damage|p2a: Tornadus|59/100|[from] Leech Seed|[of] p1a: Ferrothorn
|-heal|p1a: Ferrothorn|30/100|[silent]
|upkeep
|turn|4
|
|t:|1667922627
|switch|p1a: Heliolisk|Heliolisk, M|100/100
|move|p2a: Tornadus|U-turn|p1a: Heliolisk
|-damage|p1a: Heliolisk|70/100
|
|t:|1667922632
|switch|p2a: Hippowdon|Hippowdon, F|100/100|[from]move: U-turn
|-damage|p2a: Hippowdon|94/100|[from] Stealth Rock
|-weather|Sandstorm|[from] ability: Sand Stream|[of] p2a: Hippowdon
|
|-weather|Sandstorm|[upkeep]
|-damage|p1a: Heliolisk|64/100|[from] Sandstorm
|-heal|p2a: Hippowdon|100/100|[from] item: Leftovers
|upkeep
|turn|5
|j| Seniorquake
|
|t:|1667922654
|move|p1a: Heliolisk|Surf|p2a: Hippowdon
|-supereffective|p2a: Hippowdon
|-damage|p2a: Hippowdon|48/100
|-damage|p1a: Heliolisk|54/100|[from] item: Life Orb
|move|p2a: Hippowdon|Stealth Rock|p1a: Heliolisk
|-sidestart|p1: Yk4509|move: Stealth Rock
|
|-weather|Sandstorm|[upkeep]
|-damage|p1a: Heliolisk|48/100|[from] Sandstorm
|-heal|p2a: Hippowdon|55/100|[from] item: Leftovers
|upkeep
|turn|6
|l| Seniorquake
|j| yeshahr
|
|t:|1667922666
|switch|p2a: Ditto|Ditto|100/100
|-damage|p2a: Ditto|88/100|[from] Stealth Rock
|-transform|p2a: Ditto|p1a: Heliolisk|[from] ability: Imposter
|move|p1a: Heliolisk|Surf|p2a: Ditto
|-heal|p2a: Ditto|100/100|[from] ability: Dry Skin|[of] p1a: Heliolisk
|
|-weather|Sandstorm|[upkeep]
|-damage|p2a: Ditto|94/100|[from] Sandstorm
|-damage|p1a: Heliolisk|42/100|[from] Sandstorm
|upkeep
|turn|7
|
|t:|1667922674
|move|p2a: Ditto|Hyper Voice|p1a: Heliolisk
|-damage|p1a: Heliolisk|0 fnt
|faint|p1a: Heliolisk
|
|-weather|Sandstorm|[upkeep]
|-damage|p2a: Ditto|88/100|[from] Sandstorm
|upkeep
|
|t:|1667922693
|switch|p1a: Seismitoad|Seismitoad, F|100/100
|-damage|p1a: Seismitoad|95/100|[from] Stealth Rock
|turn|8
|
|t:|1667922707
|switch|p2a: Tornadus|Tornadus-Therian, M|92/100
|move|p1a: Seismitoad|Weather Ball|p2a: Tornadus
|-supereffective|p2a: Tornadus
|-damage|p2a: Tornadus|2/100
|
|-weather|none
|upkeep
|turn|9
|
|t:|1667922722
|switch|p1a: Ferrothorn|Ferrothorn, M|30/100
|-damage|p1a: Ferrothorn|24/100|[from] Stealth Rock
|move|p2a: Tornadus|Hurricane|p1a: Ferrothorn|[miss]
|-miss|p2a: Tornadus|p1a: Ferrothorn
|
|upkeep
|turn|10
|
|t:|1667922727
|move|p2a: Tornadus|Hurricane|p1a: Ferrothorn|[miss]
|-miss|p2a: Tornadus|p1a: Ferrothorn
|move|p1a: Ferrothorn|Leech Seed|p2a: Tornadus
|-start|p2a: Tornadus|move: Leech Seed
|
|-damage|p2a: Tornadus|0 fnt|[from] Leech Seed|[of] p1a: Ferrothorn
|-heal|p1a: Ferrothorn|26/100|[silent]
|faint|p2a: Tornadus
|upkeep
|j| Lucki_Lucario
|j| Aftx
|
|t:|1667922734
|switch|p2a: Clefable|Clefable, M|100/100
|turn|11
|
|t:|1667922740
|move|p2a: Clefable|Flamethrower|p1a: Ferrothorn
|-supereffective|p1a: Ferrothorn
|-damage|p1a: Ferrothorn|0 fnt
|faint|p1a: Ferrothorn
|
|upkeep
|l| Lucki_Lucario
|
|t:|1667922749
|switch|p1a: Pelipper|Pelipper, F|100/100
|-damage|p1a: Pelipper|76/100|[from] Stealth Rock
|-weather|RainDance|[from] ability: Drizzle|[of] p1a: Pelipper
|turn|12
|j| SoopySoop
|
|t:|1667922757
|move|p2a: Clefable|Moonblast|p1a: Pelipper
|-damage|p1a: Pelipper|40/100
|-unboost|p1a: Pelipper|spa|1
|move|p1a: Pelipper|U-turn|p2a: Clefable
|-resisted|p2a: Clefable
|-damage|p2a: Clefable|97/100
|j| Lucki_Lucario
|l| Lucki_Lucario
|
|t:|1667922764
|switch|p1a: Barraskewda|Barraskewda, F|100/100|[from]move: U-turn
|-damage|p1a: Barraskewda|88/100|[from] Stealth Rock
|
|-weather|RainDance|[upkeep]
|upkeep
|turn|13
|
|t:|1667922773
|switch|p2a: Toxapex|Toxapex, M|100/100
|-damage|p2a: Toxapex|88/100|[from] Stealth Rock
|move|p1a: Barraskewda|Flip Turn|p2a: Toxapex
|-resisted|p2a: Toxapex
|-damage|p2a: Toxapex|63/100
|-damage|p1a: Barraskewda|72/100|[from] item: Rocky Helmet|[of] p2a: Toxapex
|
|t:|1667922779
|switch|p1a: Seismitoad|Seismitoad, F|95/100|[from]move: Flip Turn
|-damage|p1a: Seismitoad|89/100|[from] Stealth Rock
|
|-weather|RainDance|[upkeep]
|upkeep
|turn|14
|
|t:|1667922787
|switch|p2a: Ditto|Ditto|88/100
|-damage|p2a: Ditto|76/100|[from] Stealth Rock
|-transform|p2a: Ditto|p1a: Seismitoad|[from] ability: Imposter
|move|p1a: Seismitoad|Earth Power|p2a: Ditto
|-damage|p2a: Ditto|0 fnt
|faint|p2a: Ditto
|
|-weather|RainDance|[upkeep]
|upkeep
|
|t:|1667922791
|switch|p2a: Hippowdon|Hippowdon, F|55/100
|-damage|p2a: Hippowdon|48/100|[from] Stealth Rock
|-weather|Sandstorm|[from] ability: Sand Stream|[of] p2a: Hippowdon
|turn|15
|c|+sufys12|'
|c| SoopySoop|hmm
|c| pokafan|Trust me mate I was the same he keeps u thinking
|j| g2 fyssure
|inactive|Yk4509 has 120 seconds left.
|c| SoopySoop|who?
|l| yeshahr
|c| pokafan|YK
|
|t:|1667922827
|switch|p1a: Tornadus|Tornadus-Therian, M|100/100
|move|p2a: Hippowdon|Slack Off|p2a: Hippowdon
|-heal|p2a: Hippowdon|99/100
|
|-weather|Sandstorm|[upkeep]
|-damage|p1a: Tornadus|95/100|[from] Sandstorm
|-heal|p2a: Hippowdon|100/100|[from] item: Leftovers
|upkeep
|turn|16
|inactive|Yk4509 has 120 seconds left.
|
|t:|1667922832
|switch|p2a: Melmetal|Melmetal|100/100
|-damage|p2a: Melmetal|94/100|[from] Stealth Rock
|move|p1a: Tornadus|Taunt|p2a: Melmetal
|-start|p2a: Melmetal|move: Taunt
|
|-weather|Sandstorm|[upkeep]
|-damage|p1a: Tornadus|89/100|[from] Sandstorm
|-heal|p2a: Melmetal|100/100|[from] item: Leftovers
|upkeep
|turn|17
|
|t:|1667922841
|switch|p1a: Barraskewda|Barraskewda, F|72/100
|-damage|p1a: Barraskewda|60/100|[from] Stealth Rock
|move|p2a: Melmetal|Double Iron Bash|p1a: Barraskewda
|-resisted|p1a: Barraskewda
|-damage|p1a: Barraskewda|13/100
|-resisted|p1a: Barraskewda
|-damage|p1a: Barraskewda|0 fnt
|faint|p1a: Barraskewda
|-hitcount|p1: Barraskewda|2
|
|-weather|Sandstorm|[upkeep]
|upkeep
|j| BillionthLadderAlt
|
|t:|1667922851
|switch|p1a: Seismitoad|Seismitoad, F|89/100
|-damage|p1a: Seismitoad|83/100|[from] Stealth Rock
|turn|18
|c| SoopySoop|ahhhh
|c| g2 fyssure|the sand toad
|
|t:|1667922856
|switch|p2a: Hippowdon|Hippowdon, F|100/100
|-damage|p2a: Hippowdon|94/100|[from] Stealth Rock
|move|p1a: Seismitoad|Earth Power|p2a: Hippowdon
|-damage|p2a: Hippowdon|51/100
|-unboost|p2a: Hippowdon|spd|1
|
|-weather|Sandstorm|[upkeep]
|-heal|p2a: Hippowdon|58/100|[from] item: Leftovers
|upkeep
|turn|19
|c|☆Yk4509|the toad is cracked
|
|t:|1667922879
|switch|p2a: Toxapex|Toxapex, M|96/100
|-damage|p2a: Toxapex|84/100|[from] Stealth Rock
|move|p1a: Seismitoad|Earth Power|p2a: Toxapex
|-supereffective|p2a: Toxapex
|-damage|p2a: Toxapex|10/100
|
|-weather|none
|upkeep
|turn|20
|c| SoopySoop|bruh who is seimitoadnot ou
|c| pokafan|So is Helo if not ready for it
|c| SoopySoop|that mofo be wrecking in ou
|
|t:|1667922891
|move|p1a: Seismitoad|Earth Power|p2a: Toxapex
|-supereffective|p2a: Toxapex
|-damage|p2a: Toxapex|0 fnt
|faint|p2a: Toxapex
|
|upkeep
|
|t:|1667922893
|switch|p2a: Hippowdon|Hippowdon, F|58/100
|-damage|p2a: Hippowdon|51/100|[from] Stealth Rock
|-weather|Sandstorm|[from] ability: Sand Stream|[of] p2a: Hippowdon
|turn|21
|inactive|Yk4509 has 120 seconds left.
|
|t:|1667922918
|switch|p1a: Tornadus|Tornadus-Therian, M|100/100
|move|p2a: Hippowdon|Slack Off|p2a: Hippowdon
|-heal|p2a: Hippowdon|100/100
|
|-weather|Sandstorm|[upkeep]
|-damage|p1a: Tornadus|95/100|[from] Sandstorm
|upkeep
|turn|22
|inactive|Yk4509 has 120 seconds left.
|
|t:|1667922926
|switch|p2a: Melmetal|Melmetal|100/100
|-damage|p2a: Melmetal|94/100|[from] Stealth Rock
|move|p1a: Tornadus|Hurricane|p2a: Melmetal
|-resisted|p2a: Melmetal
|-damage|p2a: Melmetal|73/100
|
|-weather|Sandstorm|[upkeep]
|-damage|p1a: Tornadus|89/100|[from] Sandstorm
|-heal|p2a: Melmetal|79/100|[from] item: Leftovers
|upkeep
|turn|23
|inactive|Yk4509 has 120 seconds left.
|
|t:|1667922942
|move|p1a: Tornadus|Hurricane|p2a: Melmetal|[miss]
|-miss|p1a: Tornadus|p2a: Melmetal
|move|p2a: Melmetal|Double Iron Bash|p1a: Tornadus
|-damage|p1a: Tornadus|25/100
|-damage|p1a: Tornadus|0 fnt
|faint|p1a: Tornadus
|-hitcount|p1: Tornadus|2
|
|-weather|Sandstorm|[upkeep]
|-heal|p2a: Melmetal|85/100|[from] item: Leftovers
|upkeep
|
|t:|1667922947
|switch|p1a: Pelipper|Pelipper, F|40/100
|-damage|p1a: Pelipper|16/100|[from] Stealth Rock
|-weather|RainDance|[from] ability: Drizzle|[of] p1a: Pelipper
|turn|24
|j| cypherstest
|
|t:|1667922954
|move|p1a: Pelipper|Roost|p1a: Pelipper
|-heal|p1a: Pelipper|66/100
|-singleturn|p1a: Pelipper|move: Roost
|move|p2a: Melmetal|Double Iron Bash|p1a: Pelipper
|-resisted|p1a: Pelipper
|-damage|p1a: Pelipper|42/100
|-resisted|p1a: Pelipper
|-damage|p1a: Pelipper|18/100
|-hitcount|p1a: Pelipper|2
|
|-weather|RainDance|[upkeep]
|-heal|p2a: Melmetal|91/100|[from] item: Leftovers
|upkeep
|turn|25
|
|t:|1667922965
|switch|p2a: Hippowdon|Hippowdon, F|100/100
|-damage|p2a: Hippowdon|94/100|[from] Stealth Rock
|-weather|Sandstorm|[from] ability: Sand Stream|[of] p2a: Hippowdon
|move|p1a: Pelipper|Roost|p1a: Pelipper
|-heal|p1a: Pelipper|68/100
|-singleturn|p1a: Pelipper|move: Roost
|
|-weather|Sandstorm|[upkeep]
|-damage|p1a: Pelipper|61/100|[from] Sandstorm
|-heal|p2a: Hippowdon|100/100|[from] item: Leftovers
|upkeep
|turn|26
|
|t:|1667922976
|move|p2a: Hippowdon|Toxic|p1a: Pelipper
|-status|p1a: Pelipper|tox
|move|p1a: Pelipper|U-turn|p2a: Hippowdon
|-damage|p2a: Hippowdon|94/100
|
|t:|1667922979
|switch|p1a: Seismitoad|Seismitoad, F|83/100|[from]move: U-turn
|-damage|p1a: Seismitoad|77/100|[from] Stealth Rock
|
|-weather|Sandstorm|[upkeep]
|-heal|p2a: Hippowdon|100/100|[from] item: Leftovers
|upkeep
|turn|27
|
|t:|1667922984
|move|p1a: Seismitoad|Surf|p2a: Hippowdon
|-supereffective|p2a: Hippowdon
|-damage|p2a: Hippowdon|23/100
|move|p2a: Hippowdon|Toxic|p1a: Seismitoad
|-status|p1a: Seismitoad|tox
|
|-weather|Sandstorm|[upkeep]
|-heal|p2a: Hippowdon|29/100|[from] item: Leftovers
|-damage|p1a: Seismitoad|71/100 tox|[from] psn
|upkeep
|turn|28
|
|t:|1667922990
|switch|p2a: Melmetal|Melmetal|91/100
|-damage|p2a: Melmetal|85/100|[from] Stealth Rock
|move|p1a: Seismitoad|Surf|p2a: Melmetal
|-damage|p2a: Melmetal|34/100
|
|-weather|Sandstorm|[upkeep]
|-heal|p2a: Melmetal|40/100|[from] item: Leftovers
|-damage|p1a: Seismitoad|59/100 tox|[from] psn
|upkeep
|turn|29
|c| g2 fyssure|no justice
|c| SoopySoop|wait
|
|t:|1667922997
|switch|p1a: Pelipper|Pelipper, F|61/100 tox
|-damage|p1a: Pelipper|37/100 tox|[from] Stealth Rock
|-weather|RainDance|[from] ability: Drizzle|[of] p1a: Pelipper
|move|p2a: Melmetal|Protect||[still]
|-fail|p2a: Melmetal
|
|-weather|RainDance|[upkeep]
|-heal|p2a: Melmetal|46/100|[from] item: Leftovers
|-damage|p1a: Pelipper|31/100 tox|[from] psn
|upkeep
|turn|30
|c| SoopySoop|wtf
|c| SoopySoop|u had surf the whole time?
|l| RKOTiramisu
|
|t:|1667923011
|switch|p2a: Clefable|Clefable, M|97/100
|move|p1a: Pelipper|Roost|p1a: Pelipper
|-heal|p1a: Pelipper|81/100 tox
|-singleturn|p1a: Pelipper|move: Roost
|
|-weather|RainDance|[upkeep]
|-damage|p1a: Pelipper|68/100 tox|[from] psn
|upkeep
|turn|31
|
|t:|1667923021
|move|p2a: Clefable|Calm Mind|p2a: Clefable
|-boost|p2a: Clefable|spa|1
|-boost|p2a: Clefable|spd|1
|move|p1a: Pelipper|Hurricane|p2a: Clefable
|-damage|p2a: Clefable|74/100
|
|-weather|RainDance|[upkeep]
|-damage|p1a: Pelipper|50/100 tox|[from] psn
|upkeep
|turn|32
|
|t:|1667923029
|move|p2a: Clefable|Moonblast|p1a: Pelipper
|-damage|p1a: Pelipper|0 fnt
|faint|p1a: Pelipper
|
|-weather|RainDance|[upkeep]
|upkeep
|c| SaltyPineapple27|thats game
|c| g2 fyssure|crit
|c|☆Yk4509|shit
|c| g2 fyssure|crit him
|
|t:|1667923034
|switch|p1a: Seismitoad|Seismitoad, F|59/100 tox
|-damage|p1a: Seismitoad|53/100 tox|[from] Stealth Rock
|turn|33
|j| Susethan
|c| SaltyPineapple27|youd need two crits
|
|t:|1667923045
|move|p1a: Seismitoad|Surf|p2a: Clefable
|-damage|p2a: Clefable|15/100
|move|p2a: Clefable|Moonblast|p1a: Seismitoad
|-damage|p1a: Seismitoad|0 fnt
|faint|p1a: Seismitoad
|
|win|stantlerdude63
|n|☆Yk4509|yk4509
|n|☆stantlerdude63|stantlerdude63
|n| sufys12|sufys12
|n| SaltyPineapple27|saltypineapple27
|n| SetsuStsna|setsustsna
|n| Chillrends|chillrends
|n|&ironwater@!|ironwater
|n| Elon Musk Rusk|elonmuskrusk
|n| pokafan|pokafan
|n| Aftx|aftx
|n| SoopySoop|soopysoop
|n| g2 fyssure|g2fyssure
|n| BillionthLadderAlt|billionthladderalt
|n| cypherstest|cypherstest
|n| Susethan|susethan
|c|☆Yk4509|ggz
|l|☆stantlerdude63
|c| g2 fyssure|never lucky
|l| SaltyPineapple27
|c|☆Yk4509|i didnt think of cm
|l|&ironwater
|l| SetsuStsna
|l| sufys12
|l| g2 fyssure
|c|☆Yk4509|wp
|l| cypherstest
|l| Aftx
|l| pokafan
|l|☆Yk4509
|l| SoopySoop
