|raw|<div class="broadcast-blue"><strong>This battle is required to be public due to a player having a name starting with 'lt92pf'.</div>
|j|☆LT92PF mimilimi ♫☯
|j|☆BaddyGames
|t:|1660311984
|gametype|singles
|player|p1|LT92PF mimilimi ♫☯|juggler|1660
|player|p2|BaddyGames|streetthug|1694
|teamsize|p1|6
|teamsize|p2|6
|gen|8
|tier|[Gen 8] OU
|rated|
|rule|Sleep Clause Mod: Limit one foe put to sleep
|rule|Species Clause: Limit one of each Pokémon
|rule|OHKO Clause: OHKO moves are banned
|rule|Evasion Items Clause: Evasion items are banned
|rule|Evasion Moves Clause: Evasion moves are banned
|rule|Endless Battle Clause: Forcing endless battles is banned
|rule|HP Percentage Mod: HP is shown in percentages
|rule|Dynamax Clause: You cannot dynamax
|clearpoke
|poke|p1|Hatterene, F|
|poke|p1|Toxapex, M|
|poke|p1|Corviknight, M|
|poke|p1|Blissey, F|
|poke|p1|Zeraora|
|poke|p1|Buzzwole|
|poke|p2|Weavile, M|
|poke|p2|Tornadus-Therian, M|
|poke|p2|Rotom-Wash|
|poke|p2|Landorus-Therian, M|
|poke|p2|Buzzwole|
|poke|p2|Slowking-Galar, M|
|teampreview
|inactive|Battle timer is ON: inactive players will automatically lose when time's up. (requested by BaddyGames)
|
|t:|1660312016
|start
|switch|p1a: Corviknight|Corviknight, M|100/100
|switch|p2a: Tornadus|Tornadus-Therian, M|100/100
|-ability|p1a: Corviknight|Pressure
|turn|1
|
|t:|1660312023
|move|p2a: Tornadus|Knock Off|p1a: Corviknight
|-damage|p1a: Corviknight|88/100
|-enditem|p1a: Corviknight|Leftovers|[from] move: Knock Off|[of] p2a: Tornadus
|move|p1a: Corviknight|U-turn|p2a: Tornadus
|-resisted|p2a: Tornadus
|-damage|p2a: Tornadus|94/100
|inactive|LT92PF mimilimi ♫☯ has 120 seconds left.
|inactive|LT92PF mimilimi ♫☯ has 90 seconds left.
|
|t:|1660312093
|switch|p1a: Blissey|Blissey, F|100/100|[from]move: U-turn
|
|upkeep
|turn|2
|
|t:|1660312101
|move|p2a: Tornadus|Knock Off|p1a: Blissey
|-damage|p1a: Blissey|84/100
|-enditem|p1a: Blissey|Heavy-Duty Boots|[from] move: Knock Off|[of] p2a: Tornadus
|move|p1a: Blissey|Toxic|p2a: Tornadus
|-status|p2a: Tornadus|tox
|
|-damage|p2a: Tornadus|88/100 tox|[from] psn
|upkeep
|turn|3
|
|t:|1660312107
|move|p2a: Tornadus|U-turn|p1a: Blissey
|-damage|p1a: Blissey|72/100
|
|t:|1660312127
|switch|p2a: Landorus|Landorus-Therian, M|100/100|[from]move: U-turn
|-ability|p2a: Landorus|Intimidate|boost
|-unboost|p1a: Blissey|atk|1
|move|p1a: Blissey|Stealth Rock|p2a: Landorus
|-sidestart|p2: BaddyGames|move: Stealth Rock
|
|upkeep
|turn|4
|
|t:|1660312143
|move|p2a: Landorus|Stealth Rock|p1a: Blissey
|-sidestart|p1: LT92PF mimilimi ♫☯|move: Stealth Rock
|move|p1a: Blissey|Toxic|p2a: Landorus
|-status|p2a: Landorus|tox
|
|-damage|p2a: Landorus|94/100 tox|[from] psn
|upkeep
|turn|5
|
|t:|1660312159
|move|p2a: Landorus|Earthquake|p1a: Blissey
|-damage|p1a: Blissey|31/100
|move|p1a: Blissey|Soft-Boiled|p1a: Blissey
|-heal|p1a: Blissey|81/100
|
|-heal|p2a: Landorus|100/100 tox|[from] item: Leftovers
|-damage|p2a: Landorus|88/100 tox|[from] psn
|upkeep
|turn|6
|
|t:|1660312166
|move|p2a: Landorus|U-turn|p1a: Blissey
|-damage|p1a: Blissey|63/100
|
|t:|1660312178
|switch|p2a: Buzzwole|Buzzwole|100/100|[from]move: U-turn
|-damage|p2a: Buzzwole|88/100|[from] Stealth Rock
|move|p1a: Blissey|Soft-Boiled|p1a: Blissey
|-heal|p1a: Blissey|100/100
|
|upkeep
|turn|7
|
|t:|1660312184
|switch|p2a: Slowking|Slowking-Galar, M|100/100
|-damage|p2a: Slowking|88/100|[from] Stealth Rock
|switch|p1a: Toxapex|Toxapex, M|100/100
|-damage|p1a: Toxapex|88/100|[from] Stealth Rock
|
|upkeep
|turn|8
|
|t:|1660312186
|move|p2a: Slowking|Future Sight|p1a: Toxapex
|-start|p2a: Slowking|move: Future Sight
|move|p1a: Toxapex|Knock Off|p2a: Slowking
|-supereffective|p2a: Slowking
|-damage|p2a: Slowking|58/100
|-enditem|p2a: Slowking|Assault Vest|[from] move: Knock Off|[of] p1a: Toxapex
|
|upkeep
|turn|9
|
|t:|1660312206
|switch|p2a: Buzzwole|Buzzwole|88/100
|-damage|p2a: Buzzwole|76/100|[from] Stealth Rock
|switch|p1a: Corviknight|Corviknight, M|88/100
|-damage|p1a: Corviknight|76/100|[from] Stealth Rock
|-ability|p1a: Corviknight|Pressure
|
|upkeep
|turn|10
|
|t:|1660312209
|move|p2a: Buzzwole|Close Combat|p1a: Corviknight
|-damage|p1a: Corviknight|41/100
|-unboost|p2a: Buzzwole|def|1
|-unboost|p2a: Buzzwole|spd|1
|move|p1a: Corviknight|Roost|p1a: Corviknight
|-heal|p1a: Corviknight|91/100
|-singleturn|p1a: Corviknight|move: Roost
|
|-end|p1a: Corviknight|move: Future Sight
|-resisted|p1a: Corviknight
|-damage|p1a: Corviknight|63/100
|upkeep
|turn|11
|
|t:|1660312220
|move|p2a: Buzzwole|Close Combat|p1a: Corviknight
|-damage|p1a: Corviknight|29/100
|-unboost|p2a: Buzzwole|def|1
|-unboost|p2a: Buzzwole|spd|1
|move|p1a: Corviknight|Roost|p1a: Corviknight
|-heal|p1a: Corviknight|79/100
|-singleturn|p1a: Corviknight|move: Roost
|
|upkeep
|turn|12
|
|t:|1660312223
|switch|p2a: Rotom|Rotom-Wash|100/100
|-damage|p2a: Rotom|88/100|[from] Stealth Rock
|move|p1a: Corviknight|Roost|p1a: Corviknight
|-heal|p1a: Corviknight|100/100
|-singleturn|p1a: Corviknight|move: Roost
|
|-heal|p2a: Rotom|94/100|[from] item: Leftovers
|upkeep
|turn|13
|
|t:|1660312235
|move|p2a: Rotom|Will-O-Wisp|p1a: Corviknight|[miss]
|-miss|p2a: Rotom|p1a: Corviknight
|move|p1a: Corviknight|U-turn|p2a: Rotom
|-damage|p2a: Rotom|78/100
|
|t:|1660312242
|switch|p1a: Hatterene|Hatterene, F|100/100|[from]move: U-turn
|-damage|p1a: Hatterene|88/100|[from] Stealth Rock
|
|-heal|p2a: Rotom|84/100|[from] item: Leftovers
|-heal|p1a: Hatterene|94/100|[from] item: Leftovers
|upkeep
|turn|14
|
|t:|1660312254
|move|p2a: Rotom|Volt Switch|p1a: Hatterene
|-damage|p1a: Hatterene|70/100
|
|t:|1660312257
|switch|p2a: Tornadus|Tornadus-Therian, M|100/100 tox|[from]move: Volt Switch
|move|p1a: Hatterene|Mystical Fire|p2a: Tornadus
|-damage|p2a: Tornadus|78/100 tox
|-unboost|p2a: Tornadus|spa|1
|
|-heal|p1a: Hatterene|76/100|[from] item: Leftovers
|-damage|p2a: Tornadus|71/100 tox|[from] psn
|upkeep
|turn|15
|inactive|LT92PF mimilimi ♫☯ has 120 seconds left.
|
|t:|1660312299
|move|p2a: Tornadus|Knock Off|p1a: Hatterene
|-damage|p1a: Hatterene|60/100
|-enditem|p1a: Hatterene|Leftovers|[from] move: Knock Off|[of] p2a: Tornadus
|move|p1a: Hatterene|Draining Kiss|p2a: Tornadus
|-damage|p2a: Tornadus|48/100 tox
|-heal|p1a: Hatterene|80/100|[from] drain|[of] p2a: Tornadus
|
|-damage|p2a: Tornadus|36/100 tox|[from] psn
|upkeep
|turn|16
|
|t:|1660312305
|move|p2a: Tornadus|U-turn|p1a: Hatterene
|-damage|p1a: Hatterene|68/100
|
|t:|1660312309
|switch|p2a: Landorus|Landorus-Therian, M|88/100 tox|[from]move: U-turn
|-damage|p2a: Landorus|76/100 tox|[from] Stealth Rock
|-ability|p2a: Landorus|Intimidate|boost
|-unboost|p1a: Hatterene|atk|1
|move|p1a: Hatterene|Calm Mind|p1a: Hatterene
|-boost|p1a: Hatterene|spa|1
|-boost|p1a: Hatterene|spd|1
|
|-heal|p2a: Landorus|82/100 tox|[from] item: Leftovers
|-damage|p2a: Landorus|76/100 tox|[from] psn
|upkeep
|turn|17
|
|t:|1660312311
|move|p2a: Landorus|Earthquake|p1a: Hatterene
|-damage|p1a: Hatterene|25/100
|move|p1a: Hatterene|Draining Kiss|p2a: Landorus
|-damage|p2a: Landorus|49/100 tox
|-heal|p1a: Hatterene|49/100|[from] drain|[of] p2a: Landorus
|
|-heal|p2a: Landorus|55/100 tox|[from] item: Leftovers
|-damage|p2a: Landorus|43/100 tox|[from] psn
|upkeep
|turn|18
|
|t:|1660312320
|move|p2a: Landorus|Earthquake|p1a: Hatterene
|-damage|p1a: Hatterene|6/100
|move|p1a: Hatterene|Draining Kiss|p2a: Landorus
|-damage|p2a: Landorus|19/100 tox
|-heal|p1a: Hatterene|28/100|[from] drain|[of] p2a: Landorus
|
|-heal|p2a: Landorus|25/100 tox|[from] item: Leftovers
|-damage|p2a: Landorus|7/100 tox|[from] psn
|upkeep
|turn|19
|inactive|LT92PF mimilimi ♫☯ has 120 seconds left.
|l|☆LT92PF mimilimi ♫☯
|inactive|LT92PF mimilimi ♫☯ disconnected and has a minute to reconnect!
|player|p1|
|j|☆LT92PF mimilimi ♫☯
|inactive|LT92PF mimilimi ♫☯ reconnected and has 100 seconds left.
|player|p1|LT92PF mimilimi ♫☯|juggler
|inactive|LT92PF mimilimi ♫☯ has 90 seconds left.
|
|t:|1660312384
|switch|p1a: Buzzwole|Buzzwole|100/100
|-damage|p1a: Buzzwole|88/100|[from] Stealth Rock
|move|p2a: Landorus|Earthquake|p1a: Buzzwole
|-resisted|p1a: Buzzwole
|-damage|p1a: Buzzwole|72/100
|
|-heal|p2a: Landorus|13/100 tox|[from] item: Leftovers
|-damage|p2a: Landorus|0 fnt|[from] psn
|faint|p2a: Landorus
|upkeep
|inactive|BaddyGames has 120 seconds left.
|
|t:|1660312442
|switch|p2a: Rotom|Rotom-Wash|84/100
|-damage|p2a: Rotom|72/100|[from] Stealth Rock
|turn|20
|
|t:|1660312451
|move|p1a: Buzzwole|Close Combat|p2a: Rotom
|-damage|p2a: Rotom|0 fnt
|-unboost|p1a: Buzzwole|def|1
|-unboost|p1a: Buzzwole|spd|1
|faint|p2a: Rotom
|-ability|p1a: Buzzwole|Beast Boost|boost
|-boost|p1a: Buzzwole|atk|1
|
|upkeep
|
|t:|1660312456
|switch|p2a: Tornadus|Tornadus-Therian, M|69/100 tox
|turn|21
|inactive|LT92PF mimilimi ♫☯ has 90 seconds left.
|
|t:|1660312510
|switch|p1a: Toxapex|Toxapex, M|100/100
|-damage|p1a: Toxapex|88/100|[from] Stealth Rock
|move|p2a: Tornadus|Defog|p1a: Toxapex
|-unboost|p1a: Toxapex|evasion|1
|-sideend|p1: LT92PF mimilimi ♫☯|Stealth Rock|[from] move: Defog|[of] p2a: Tornadus
|-sideend|p2: BaddyGames|Stealth Rock|[from] move: Defog|[of] p2a: Tornadus
|
|-damage|p2a: Tornadus|63/100 tox|[from] psn
|upkeep
|turn|22
|
|t:|1660312513
|move|p2a: Tornadus|Knock Off|p1a: Toxapex
|-damage|p1a: Toxapex|76/100
|-enditem|p1a: Toxapex|Shed Shell|[from] move: Knock Off|[of] p2a: Tornadus
|move|p1a: Toxapex|Poison Jab|p2a: Tornadus
|-damage|p2a: Tornadus|44/100 tox
|
|-damage|p2a: Tornadus|32/100 tox|[from] psn
|upkeep
|turn|23
|
|t:|1660312519
|move|p2a: Tornadus|U-turn|p1a: Toxapex
|-resisted|p1a: Toxapex
|-crit|p1a: Toxapex
|-damage|p1a: Toxapex|70/100
|
|t:|1660312521
|switch|p2a: Slowking|Slowking-Galar, M|91/100|[from]move: U-turn
|move|p1a: Toxapex|Knock Off|p2a: Slowking
|-supereffective|p2a: Slowking
|-damage|p2a: Slowking|71/100
|
|upkeep
|turn|24
|inactive|LT92PF mimilimi ♫☯ has 90 seconds left.
|inactive|LT92PF mimilimi ♫☯ has 60 seconds left.
|
|t:|1660312557
|move|p2a: Slowking|Future Sight|p1a: Toxapex
|-start|p2a: Slowking|move: Future Sight
|move|p1a: Toxapex|Knock Off|p2a: Slowking
|-supereffective|p2a: Slowking
|-damage|p2a: Slowking|48/100
|
|upkeep
|turn|25
|
|t:|1660312562
|switch|p2a: Weavile|Weavile, M|100/100
|-ability|p2a: Weavile|Pressure
|switch|p1a: Corviknight|Corviknight, M|100/100
|-ability|p1a: Corviknight|Pressure
|
|upkeep
|turn|26
|
|t:|1660312569
|switch|p2a: Buzzwole|Buzzwole|76/100
|move|p1a: Corviknight|Body Press|p2a: Buzzwole
|-resisted|p2a: Buzzwole
|-damage|p2a: Buzzwole|70/100
|-damage|p1a: Corviknight|84/100|[from] item: Rocky Helmet|[of] p2a: Buzzwole
|
|-end|p1a: Corviknight|move: Future Sight
|-resisted|p1a: Corviknight
|-damage|p1a: Corviknight|56/100
|upkeep
|turn|27
|
|t:|1660312577
|switch|p2a: Tornadus|Tornadus-Therian, M|65/100 tox
|move|p1a: Corviknight|Roost|p1a: Corviknight
|-heal|p1a: Corviknight|100/100
|-singleturn|p1a: Corviknight|move: Roost
|
|-damage|p2a: Tornadus|59/100 tox|[from] psn
|upkeep
|turn|28
|inactive|LT92PF mimilimi ♫☯ has 90 seconds left.
|
|t:|1660312604
|move|p2a: Tornadus|U-turn|p1a: Corviknight
|-resisted|p1a: Corviknight
|-damage|p1a: Corviknight|98/100
|
|t:|1660312621
|switch|p2a: Buzzwole|Buzzwole|70/100|[from]move: U-turn
|move|p1a: Corviknight|U-turn|p2a: Buzzwole
|-resisted|p2a: Buzzwole
|-damage|p2a: Buzzwole|67/100
|-damage|p1a: Corviknight|82/100|[from] item: Rocky Helmet|[of] p2a: Buzzwole
|inactive|LT92PF mimilimi ♫☯ has 60 seconds left.
|
|t:|1660312652
|switch|p1a: Toxapex|Toxapex, M|100/100|[from]move: U-turn
|
|upkeep
|turn|29
|
|t:|1660312658
|switch|p2a: Slowking|Slowking-Galar, M|81/100
|move|p1a: Toxapex|Poison Jab|p2a: Slowking
|-resisted|p2a: Slowking
|-damage|p2a: Slowking|72/100
|
|upkeep
|turn|30
|
|t:|1660312662
|switch|p1a: Blissey|Blissey, F|100/100
|move|p2a: Slowking|Future Sight|p1a: Blissey
|-start|p2a: Slowking|move: Future Sight
|
|upkeep
|turn|31
|
|t:|1660312664
|switch|p2a: Weavile|Weavile, M|100/100
|-ability|p2a: Weavile|Pressure
|move|p1a: Blissey|Stealth Rock|p2a: Weavile
|-sidestart|p2: BaddyGames|move: Stealth Rock
|
|upkeep
|turn|32
|
|t:|1660312671
|move|p2a: Weavile|Swords Dance|p2a: Weavile
|-boost|p2a: Weavile|atk|2
|move|p1a: Blissey|Toxic|p2a: Weavile
|-status|p2a: Weavile|tox
|
|-end|p1a: Blissey|move: Future Sight
|-damage|p1a: Blissey|79/100
|-damage|p2a: Weavile|94/100 tox|[from] psn
|upkeep
|turn|33
|
|t:|1660312676
|switch|p1a: Toxapex|Toxapex, M|100/100
|move|p2a: Weavile|Triple Axel|p1a: Toxapex
|-resisted|p1a: Toxapex
|-damage|p1a: Toxapex|93/100
|-resisted|p1a: Toxapex
|-crit|p1a: Toxapex
|-damage|p1a: Toxapex|69/100
|-resisted|p1a: Toxapex
|-damage|p1a: Toxapex|47/100
|-hitcount|p1a: Toxapex|3
|-damage|p2a: Weavile|84/100 tox|[from] item: Life Orb
|
|-damage|p2a: Weavile|72/100 tox|[from] psn
|upkeep
|turn|34
|
|t:|1660312690
|switch|p1a: Buzzwole|Buzzwole|72/100
|move|p2a: Weavile|Knock Off|p1a: Buzzwole
|-resisted|p1a: Buzzwole
|-damage|p1a: Buzzwole|30/100
|-damage|p2a: Weavile|56/100 tox|[from] item: Rocky Helmet|[of] p1a: Buzzwole
|-enditem|p1a: Buzzwole|Rocky Helmet|[from] move: Knock Off|[of] p2a: Weavile
|-damage|p2a: Weavile|46/100 tox|[from] item: Life Orb
|
|-damage|p2a: Weavile|28/100 tox|[from] psn
|upkeep
|turn|35
|
|t:|1660312702
|move|p2a: Weavile|Triple Axel|p1a: Buzzwole
|-damage|p1a: Buzzwole|13/100
|-damage|p1a: Buzzwole|0 fnt
|faint|p1a: Buzzwole
|-hitcount|p1: Buzzwole|2
|-damage|p2a: Weavile|18/100 tox|[from] item: Life Orb
|
|-damage|p2a: Weavile|0 fnt|[from] psn
|faint|p2a: Weavile
|upkeep
|
|t:|1660312709
|switch|p2a: Tornadus|Tornadus-Therian, M|92/100 tox
|switch|p1a: Zeraora|Zeraora|100/100
|turn|36
|
|t:|1660312713
|move|p1a: Zeraora|Plasma Fists|p2a: Tornadus
|-supereffective|p2a: Tornadus
|-damage|p2a: Tornadus|0 fnt
|-fieldactivate|move: Ion Deluge
|-hint|Normal-type moves become Electric-type after using Plasma Fists.
|faint|p2a: Tornadus
|
|upkeep
|
|t:|1660312715
|switch|p2a: Buzzwole|Buzzwole|67/100
|-damage|p2a: Buzzwole|54/100|[from] Stealth Rock
|turn|37
|
|t:|1660312721
|switch|p1a: Corviknight|Corviknight, M|82/100
|-ability|p1a: Corviknight|Pressure
|move|p2a: Buzzwole|Roost|p2a: Buzzwole
|-heal|p2a: Buzzwole|100/100
|-singleturn|p2a: Buzzwole|move: Roost
|
|upkeep
|turn|38
|
|t:|1660312729
|move|p2a: Buzzwole|Ice Punch|p1a: Corviknight
|-damage|p1a: Corviknight|67/100
|move|p1a: Corviknight|U-turn|p2a: Buzzwole
|-resisted|p2a: Buzzwole
|-damage|p2a: Buzzwole|97/100
|-damage|p1a: Corviknight|50/100|[from] item: Rocky Helmet|[of] p2a: Buzzwole
|
|t:|1660312733
|switch|p1a: Toxapex|Toxapex, M|80/100|[from]move: U-turn
|
|upkeep
|turn|39
|
|t:|1660312736
|switch|p2a: Slowking|Slowking-Galar, M|100/100
|-damage|p2a: Slowking|88/100|[from] Stealth Rock
|move|p1a: Toxapex|Knock Off|p2a: Slowking
|-supereffective|p2a: Slowking
|-damage|p2a: Slowking|65/100
|
|upkeep
|turn|40
|
|t:|1660312740
|switch|p1a: Zeraora|Zeraora|100/100
|move|p2a: Slowking|Sludge Bomb|p1a: Zeraora
|-damage|p1a: Zeraora|44/100
|
|upkeep
|turn|41
|
|t:|1660312745
|switch|p2a: Buzzwole|Buzzwole|97/100
|-damage|p2a: Buzzwole|85/100|[from] Stealth Rock
|move|p1a: Zeraora|Plasma Fists|p2a: Buzzwole
|-damage|p2a: Buzzwole|63/100
|-fieldactivate|move: Ion Deluge
|-hint|Normal-type moves become Electric-type after using Plasma Fists.
|-damage|p1a: Zeraora|27/100|[from] item: Rocky Helmet|[of] p2a: Buzzwole
|
|upkeep
|turn|42
|
|t:|1660312749
|move|p1a: Zeraora|Knock Off|p2a: Buzzwole
|-resisted|p2a: Buzzwole
|-damage|p2a: Buzzwole|55/100
|-damage|p1a: Zeraora|11/100|[from] item: Rocky Helmet|[of] p2a: Buzzwole
|-enditem|p2a: Buzzwole|Rocky Helmet|[from] move: Knock Off|[of] p1a: Zeraora
|move|p2a: Buzzwole|Roost|p2a: Buzzwole
|-heal|p2a: Buzzwole|100/100
|-singleturn|p2a: Buzzwole|move: Roost
|
|upkeep
|turn|43
|
|t:|1660312754
|switch|p1a: Toxapex|Toxapex, M|100/100
|move|p2a: Buzzwole|Ice Punch|p1a: Toxapex
|-resisted|p1a: Toxapex
|-damage|p1a: Toxapex|94/100
|
|upkeep
|turn|44
|
|t:|1660312759
|switch|p2a: Slowking|Slowking-Galar, M|98/100
|-damage|p2a: Slowking|86/100|[from] Stealth Rock
|move|p1a: Toxapex|Knock Off|p2a: Slowking
|-supereffective|p2a: Slowking
|-damage|p2a: Slowking|64/100
|
|upkeep
|turn|45
|
|t:|1660312763
|switch|p1a: Blissey|Blissey, F|79/100
|move|p2a: Slowking|Future Sight|p1a: Blissey
|-start|p2a: Slowking|move: Future Sight
|
|upkeep
|turn|46
|
|t:|1660312767
|move|p1a: Blissey|Toxic|p2a: Slowking
|-immune|p2a: Slowking
|move|p2a: Slowking|Sludge Bomb|p1a: Blissey
|-damage|p1a: Blissey|64/100
|
|upkeep
|turn|47
|
|t:|1660312770
|move|p1a: Blissey|Toxic|p2a: Slowking
|-immune|p2a: Slowking
|move|p2a: Slowking|Sludge Bomb|p1a: Blissey
|-damage|p1a: Blissey|47/100
|
|-end|p1a: Blissey|move: Future Sight
|-damage|p1a: Blissey|26/100
|upkeep
|turn|48
|
|t:|1660312772
|switch|p2a: Buzzwole|Buzzwole|100/100
|-damage|p2a: Buzzwole|88/100|[from] Stealth Rock
|move|p1a: Blissey|Soft-Boiled|p1a: Blissey
|-heal|p1a: Blissey|76/100
|
|upkeep
|turn|49
|
|t:|1660312776
|switch|p2a: Slowking|Slowking-Galar, M|97/100
|-damage|p2a: Slowking|85/100|[from] Stealth Rock
|switch|p1a: Toxapex|Toxapex, M|100/100
|
|upkeep
|turn|50
|
|t:|1660312782
|switch|p1a: Blissey|Blissey, F|76/100
|move|p2a: Slowking|Future Sight|p1a: Blissey
|-start|p2a: Slowking|move: Future Sight
|
|upkeep
|turn|51
|
|t:|1660312785
|move|p1a: Blissey|Toxic|p2a: Slowking
|-immune|p2a: Slowking
|move|p2a: Slowking|Sludge Bomb|p1a: Blissey
|-damage|p1a: Blissey|59/100
|
|upkeep
|turn|52
|
|t:|1660312788
|switch|p2a: Buzzwole|Buzzwole|88/100
|-damage|p2a: Buzzwole|76/100|[from] Stealth Rock
|move|p1a: Blissey|Soft-Boiled|p1a: Blissey
|-heal|p1a: Blissey|100/100
|
|-end|p1a: Blissey|move: Future Sight
|-damage|p1a: Blissey|76/100
|upkeep
|turn|53
|
|t:|1660312793
|move|p2a: Buzzwole|Close Combat|p1a: Blissey
|-supereffective|p1a: Blissey
|-damage|p1a: Blissey|0 fnt
|-unboost|p2a: Buzzwole|def|1
|-unboost|p2a: Buzzwole|spd|1
|faint|p1a: Blissey
|-ability|p2a: Buzzwole|Beast Boost|boost
|-boost|p2a: Buzzwole|def|1
|
|upkeep
|
|t:|1660312797
|switch|p1a: Toxapex|Toxapex, M|100/100
|turn|54
|
|t:|1660312800
|switch|p2a: Slowking|Slowking-Galar, M|100/100
|-damage|p2a: Slowking|88/100|[from] Stealth Rock
|switch|p1a: Corviknight|Corviknight, M|50/100
|-ability|p1a: Corviknight|Pressure
|
|upkeep
|turn|55
|
|t:|1660312802
|move|p1a: Corviknight|Roost|p1a: Corviknight
|-heal|p1a: Corviknight|99/100
|-singleturn|p1a: Corviknight|move: Roost
|move|p2a: Slowking|Flamethrower|p1a: Corviknight
|-supereffective|p1a: Corviknight
|-damage|p1a: Corviknight|44/100
|
|upkeep
|turn|56
|
|t:|1660312807
|move|p1a: Corviknight|U-turn|p2a: Slowking
|-damage|p2a: Slowking|73/100
|
|t:|1660312809
|switch|p1a: Toxapex|Toxapex, M|100/100|[from]move: U-turn
|move|p2a: Slowking|Scald|p1a: Toxapex
|-resisted|p1a: Toxapex
|-damage|p1a: Toxapex|89/100
|-status|p1a: Toxapex|brn
|
|-damage|p1a: Toxapex|83/100 brn|[from] brn
|upkeep
|turn|57
|
|t:|1660312814
|switch|p1a: Corviknight|Corviknight, M|44/100
|-ability|p1a: Corviknight|Pressure
|move|p2a: Slowking|Future Sight|p1a: Corviknight
|-start|p2a: Slowking|move: Future Sight
|
|upkeep
|turn|58
|
|t:|1660312817
|move|p1a: Corviknight|U-turn|p2a: Slowking
|-damage|p2a: Slowking|58/100
|
|t:|1660312821
|switch|p1a: Toxapex|Toxapex, M|100/100 brn|[from]move: U-turn
|move|p2a: Slowking|Flamethrower|p1a: Toxapex
|-resisted|p1a: Toxapex
|-damage|p1a: Toxapex|87/100 brn
|
|-damage|p1a: Toxapex|80/100 brn|[from] brn
|upkeep
|turn|59
|
|t:|1660312827
|move|p2a: Slowking|Flamethrower|p1a: Toxapex
|-resisted|p1a: Toxapex
|-damage|p1a: Toxapex|68/100 brn
|move|p1a: Toxapex|Knock Off|p2a: Slowking
|-supereffective|p2a: Slowking
|-damage|p2a: Slowking|47/100
|
|-end|p1a: Toxapex|move: Future Sight
|-supereffective|p1a: Toxapex
|-damage|p1a: Toxapex|0 fnt
|faint|p1a: Toxapex
|upkeep
|
|t:|1660312832
|switch|p1a: Zeraora|Zeraora|11/100
|turn|60
|
|t:|1660312839
|switch|p2a: Buzzwole|Buzzwole|76/100
|-damage|p2a: Buzzwole|63/100|[from] Stealth Rock
|move|p1a: Zeraora|Bulk Up|p1a: Zeraora
|-boost|p1a: Zeraora|atk|1
|-boost|p1a: Zeraora|def|1
|
|upkeep
|turn|61
|
|t:|1660312842
|move|p1a: Zeraora|Plasma Fists|p2a: Buzzwole
|-damage|p2a: Buzzwole|32/100
|-fieldactivate|move: Ion Deluge
|-hint|Normal-type moves become Electric-type after using Plasma Fists.
|move|p2a: Buzzwole|Roost|p2a: Buzzwole
|-heal|p2a: Buzzwole|82/100
|-singleturn|p2a: Buzzwole|move: Roost
|
|upkeep
|turn|62
|
|t:|1660312848
|switch|p1a: Hatterene|Hatterene, F|28/100
|move|p2a: Buzzwole|Ice Punch|p1a: Hatterene
|-damage|p1a: Hatterene|8/100
|
|upkeep
|turn|63
|-message|LT92PF mimilimi ♫☯ forfeited.
|
|win|BaddyGames
|raw|LT92PF mimilimi ♫☯'s rating: 1699 &rarr; <strong>1679</strong><br />(-20 for losing)
|raw|BaddyGames's rating: 1694 &rarr; <strong>1714</strong><br />(+20 for winning)
|l|☆LT92PF mimilimi ♫☯
