|j|☆chip witley
|j|☆Suricata2000
|t:|1661477778
|gametype|singles
|player|p1|chip witley|lucas|1607
|player|p2|Suricata2000|cynthia|1622
|teamsize|p1|6
|teamsize|p2|6
|gen|8
|tier|[Gen 8] OU
|rated|
|rule|Sleep Clause Mod: Limit one foe put to sleep
|rule|Species Clause: Limit one of each Pokémon
|rule|OHKO Clause: OHKO moves are banned
|rule|Evasion Items Clause: Evasion items are banned
|rule|Evasion Moves Clause: Evasion moves are banned
|rule|Endless Battle Clause: Forcing endless battles is banned
|rule|HP Percentage Mod: HP is shown in percentages
|rule|Dynamax Clause: You cannot dynamax
|clearpoke
|poke|p1|Falinks|
|poke|p1|Mew|
|poke|p1|Dragapult, M|
|poke|p1|Scizor, M|
|poke|p1|Volcarona, F|
|poke|p1|Landorus-Therian, M|
|poke|p2|Zapdos|
|poke|p2|Weavile, M|
|poke|p2|Kartana|
|poke|p2|Landorus-Therian, M|
|poke|p2|Volcanion|
|poke|p2|Melmetal|
|teampreview
|
|t:|1661477793
|start
|switch|p1a: Scizor|Scizor, M|100/100
|switch|p2a: Weavile|Weavile, M|100/100
|-ability|p2a: Weavile|Pressure
|turn|1
|
|t:|1661477808
|switch|p2a: Volcanion|Volcanion|100/100
|switch|p1a: Mew|Mew|100/100
|
|upkeep
|turn|2
|
|t:|1661477815
|move|p1a: Mew|Stealth Rock|p2a: Volcanion
|-sidestart|p2: Suricata2000|move: Stealth Rock
|move|p2a: Volcanion|Steam Eruption|p1a: Mew
|-damage|p1a: Mew|23/100
|
|upkeep
|turn|3
|
|t:|1661477822
|move|p1a: Mew|Thunder Wave|p2a: Volcanion
|-status|p2a: Volcanion|par
|move|p2a: Volcanion|Steam Eruption|p1a: Mew
|-damage|p1a: Mew|0 fnt
|faint|p1a: Mew
|
|upkeep
|
|t:|1661477827
|switch|p1a: Dragapult|Dragapult, M|100/100
|turn|4
|
|t:|1661477862
|move|p1a: Dragapult|Draco Meteor|p2a: Volcanion
|-damage|p2a: Volcanion|0 fnt
|-unboost|p1a: Dragapult|spa|2
|faint|p2a: Volcanion
|
|upkeep
|
|t:|1661477892
|switch|p2a: Landorus|Landorus-Therian, M|100/100
|-damage|p2a: Landorus|88/100|[from] Stealth Rock
|-ability|p2a: Landorus|Intimidate|boost
|-unboost|p1a: Dragapult|atk|1
|turn|5
|
|t:|1661477898
|switch|p1a: Landorus|Landorus-Therian, M|100/100
|-ability|p1a: Landorus|Intimidate|boost
|-unboost|p2a: Landorus|atk|1
|move|p2a: Landorus|Defog|p1a: Landorus
|-unboost|p1a: Landorus|evasion|1
|-sideend|p2: Suricata2000|Stealth Rock|[from] move: Defog|[of] p2a: Landorus
|
|-heal|p2a: Landorus|94/100|[from] item: Leftovers
|upkeep
|turn|6
|
|t:|1661477914
|move|p1a: Landorus|Explosion|p2a: Landorus
|-damage|p2a: Landorus|0 fnt
|faint|p1a: Landorus
|faint|p2a: Landorus
|
|upkeep
|
|t:|1661477927
|switch|p1a: Dragapult|Dragapult, M|100/100
|switch|p2a: Zapdos|Zapdos|100/100
|turn|7
|
|t:|1661477939
|move|p1a: Dragapult|Shadow Ball|p2a: Zapdos
|-damage|p2a: Zapdos|35/100
|move|p2a: Zapdos|Hurricane|p1a: Dragapult
|-damage|p1a: Dragapult|31/100
|
|upkeep
|turn|8
|
|t:|1661477954
|switch|p2a: Weavile|Weavile, M|100/100
|-ability|p2a: Weavile|Pressure
|move|p1a: Dragapult|Shadow Ball|p2a: Weavile
|-resisted|p2a: Weavile
|-damage|p2a: Weavile|63/100
|
|upkeep
|turn|9
|
|t:|1661477971
|move|p1a: Dragapult|Shadow Ball|p2a: Weavile
|-resisted|p2a: Weavile
|-damage|p2a: Weavile|29/100
|-unboost|p2a: Weavile|spd|1
|move|p2a: Weavile|Knock Off|p1a: Dragapult
|-supereffective|p1a: Dragapult
|-damage|p1a: Dragapult|0 fnt
|-enditem|p1a: Dragapult|Choice Specs|[from] move: Knock Off|[of] p2a: Weavile
|faint|p1a: Dragapult
|
|upkeep
|
|t:|1661477974
|switch|p1a: Falinks|Falinks|100/100
|turn|10
|
|t:|1661478024
|switch|p2a: Zapdos|Zapdos|35/100
|move|p1a: Falinks|No Retreat|p1a: Falinks
|-boost|p1a: Falinks|atk|1
|-boost|p1a: Falinks|def|1
|-boost|p1a: Falinks|spa|1
|-boost|p1a: Falinks|spd|1
|-boost|p1a: Falinks|spe|1
|-start|p1a: Falinks|move: No Retreat
|
|upkeep
|turn|11
|
|t:|1661478055
|move|p1a: Falinks|Rock Slide|p2a: Zapdos
|-supereffective|p2a: Zapdos
|-damage|p2a: Zapdos|0 fnt
|faint|p2a: Zapdos
|-damage|p1a: Falinks|91/100|[from] item: Life Orb
|
|upkeep
|
|t:|1661478066
|switch|p2a: Kartana|Kartana|100/100
|turn|12
|
|t:|1661478071
|move|p2a: Kartana|Leaf Blade|p1a: Falinks
|-damage|p1a: Falinks|40/100
|move|p1a: Falinks|Close Combat|p2a: Kartana
|-supereffective|p2a: Kartana
|-damage|p2a: Kartana|0 fnt
|-unboost|p1a: Falinks|def|1
|-unboost|p1a: Falinks|spd|1
|faint|p2a: Kartana
|-damage|p1a: Falinks|30/100|[from] item: Life Orb
|
|upkeep
|
|t:|1661478083
|switch|p2a: Weavile|Weavile, M|29/100
|-ability|p2a: Weavile|Pressure
|turn|13
|
|t:|1661478088
|move|p2a: Weavile|Ice Shard|p1a: Falinks
|-damage|p1a: Falinks|0 fnt
|faint|p1a: Falinks
|
|upkeep
|
|t:|1661478105
|switch|p1a: Scizor|Scizor, M|100/100
|turn|14
|
|t:|1661478109
|switch|p2a: Melmetal|Melmetal|100/100
|move|p1a: Scizor|Swords Dance|p1a: Scizor
|-boost|p1a: Scizor|atk|2
|
|upkeep
|turn|15
|
|t:|1661478117
|move|p1a: Scizor|Sand Tomb|p2a: Melmetal
|-supereffective|p2a: Melmetal
|-damage|p2a: Melmetal|37/100
|-activate|p2a: Melmetal|move: Sand Tomb|[of] p1a: Scizor
|-damage|p1a: Scizor|91/100|[from] item: Life Orb
|move|p2a: Melmetal|Double Iron Bash|p1a: Scizor
|-resisted|p1a: Scizor
|-damage|p1a: Scizor|52/100
|-resisted|p1a: Scizor
|-damage|p1a: Scizor|15/100
|-hitcount|p1a: Scizor|2
|
|-damage|p2a: Melmetal|25/100|[from] move: Sand Tomb|[partiallytrapped]
|upkeep
|turn|16
|
|t:|1661478130
|move|p1a: Scizor|Knock Off|p2a: Melmetal
|-damage|p2a: Melmetal|0 fnt
|-enditem|p2a: Melmetal|Choice Band|[from] move: Knock Off|[of] p1a: Scizor
|faint|p2a: Melmetal
|-damage|p1a: Scizor|5/100|[from] item: Life Orb
|
|upkeep
|
|t:|1661478137
|switch|p2a: Weavile|Weavile, M|29/100
|-ability|p2a: Weavile|Pressure
|turn|17
|
|t:|1661478142
|move|p2a: Weavile|Ice Shard|p1a: Scizor
|-resisted|p1a: Scizor
|-damage|p1a: Scizor|0 fnt
|faint|p1a: Scizor
|
|upkeep
|
|t:|1661478144
|switch|p1a: Volcarona|Volcarona, F|100/100
|turn|18
|
|t:|1661478149
|move|p2a: Weavile|Ice Shard|p1a: Volcarona
|-resisted|p1a: Volcarona
|-damage|p1a: Volcarona|77/100
|move|p1a: Volcarona|Fire Blast|p2a: Weavile
|-supereffective|p2a: Weavile
|-damage|p2a: Weavile|0 fnt
|faint|p2a: Weavile
|
|win|chip witley
|raw|chip witley's rating: 1607 &rarr; <strong>1628</strong><br />(+21 for winning)
|raw|Suricata2000's rating: 1622 &rarr; <strong>1601</strong><br />(-21 for losing)
|l|☆Suricata2000
||Ladder isn't responding, score probably updated but might not have (Request timeout).
