|raw|<div class="broadcast-blue"><strong>This battle is required to be public due to a player having a name starting with 'lt92pf'.</div>
|j|☆Portgus D Ace
|j|☆LT92PF KeldeoC
|t:|1660262833
|gametype|singles
|player|p1|Portgus D Ace|mrfuji-gen3|1582
|player|p2|LT92PF KeldeoC|leon-masters|1514
|teamsize|p1|6
|teamsize|p2|6
|gen|8
|tier|[Gen 8] OU
|rated|
|rule|Sleep Clause Mod: Limit one foe put to sleep
|rule|Species Clause: Limit one of each Pokémon
|rule|OHKO Clause: OHKO moves are banned
|rule|Evasion Items Clause: Evasion items are banned
|rule|Evasion Moves Clause: Evasion moves are banned
|rule|Endless Battle Clause: Forcing endless battles is banned
|rule|HP Percentage Mod: HP is shown in percentages
|rule|Dynamax Clause: You cannot dynamax
|clearpoke
|poke|p1|Dragapult, M|
|poke|p1|Arctozolt|
|poke|p1|Ninetales-Alola, F|
|poke|p1|Landorus-Therian, M|
|poke|p1|Magnezone|
|poke|p1|Nihilego|
|poke|p2|Ferrothorn, M|
|poke|p2|Tornadus-Therian, M|
|poke|p2|Excadrill, M|
|poke|p2|Tyranitar, M|
|poke|p2|Buzzwole|
|poke|p2|Slowbro, M|
|teampreview
|inactive|Battle timer is ON: inactive players will automatically lose when time's up. (requested by Portgus D Ace)
|
|t:|1660262851
|start
|switch|p1a: Dragapult|Dragapult, M|100/100
|switch|p2a: You will know|Tornadus-Therian, M|100/100
|turn|1
|
|t:|1660262865
|move|p1a: Dragapult|U-turn|p2a: You will know
|-resisted|p2a: You will know
|-damage|p2a: You will know|82/100
|
|t:|1660262873
|switch|p1a: Landorus|Landorus-Therian, M|100/100|[from]move: U-turn
|-ability|p1a: Landorus|Intimidate|boost
|-unboost|p2a: You will know|atk|1
|move|p2a: You will know|Knock Off|p1a: Landorus
|-damage|p1a: Landorus|85/100
|-enditem|p1a: Landorus|Soft Sand|[from] move: Knock Off|[of] p2a: You will know
|
|upkeep
|turn|2
|
|t:|1660262881
|move|p2a: You will know|U-turn|p1a: Landorus
|-resisted|p1a: Landorus
|-damage|p1a: Landorus|79/100
|
|t:|1660262884
|switch|p2a: Bubble Gun|Slowbro, M|100/100|[from]move: U-turn
|move|p1a: Landorus|Knock Off|p2a: Bubble Gun
|-supereffective|p2a: Bubble Gun
|-enditem|p2a: Bubble Gun|Colbur Berry|[eat]
|-enditem|p2a: Bubble Gun|Colbur Berry|[weaken]
|-damage|p2a: Bubble Gun|78/100
|
|upkeep
|turn|3
|
|t:|1660262889
|move|p1a: Landorus|U-turn|p2a: Bubble Gun
|-supereffective|p2a: Bubble Gun
|-damage|p2a: Bubble Gun|47/100
|
|t:|1660262893
|switch|p1a: Ninetales|Ninetales-Alola, F|100/100|[from]move: U-turn
|-weather|Hail|[from] ability: Snow Warning|[of] p1a: Ninetales
|move|p2a: Bubble Gun|Teleport|p2a: Bubble Gun
|
|t:|1660262897
|switch|p2a: When you cant|Tyranitar, M|100/100|[from]move: Teleport
|-weather|Sandstorm|[from] ability: Sand Stream|[of] p2a: When you cant
|
|-weather|Sandstorm|[upkeep]
|-damage|p1a: Ninetales|95/100|[from] Sandstorm
|upkeep
|turn|4
|
|t:|1660262902
|switch|p1a: Landorus|Landorus-Therian, M|79/100
|-ability|p1a: Landorus|Intimidate|boost
|-unboost|p2a: When you cant|atk|1
|move|p2a: When you cant|Rock Blast|p1a: Landorus
|-damage|p1a: Landorus|70/100
|-damage|p1a: Landorus|61/100
|-damage|p1a: Landorus|53/100
|-damage|p1a: Landorus|43/100
|-damage|p1a: Landorus|35/100
|-hitcount|p1a: Landorus|5
|
|-weather|Sandstorm|[upkeep]
|upkeep
|turn|5
|
|t:|1660262912
|switch|p2a: You will know|Tornadus-Therian, M|100/100
|move|p1a: Landorus|U-turn|p2a: You will know
|-resisted|p2a: You will know
|-damage|p2a: You will know|86/100
|
|t:|1660262918
|switch|p1a: Nihilego|Nihilego|100/100|[from]move: U-turn
|
|-weather|Sandstorm|[upkeep]
|-damage|p2a: You will know|80/100|[from] Sandstorm
|upkeep
|turn|6
|
|t:|1660262924
|switch|p2a: Forbidden Hugs|Ferrothorn, M|100/100
|move|p1a: Nihilego|Stealth Rock|p2a: Forbidden Hugs
|-sidestart|p2: LT92PF KeldeoC|move: Stealth Rock
|
|-weather|Sandstorm|[upkeep]
|upkeep
|turn|7
|
|t:|1660262933
|switch|p1a: Magnezone|Magnezone|100/100
|switch|p2a: Find your way out|Excadrill, M|100/100
|-damage|p2a: Find your way out|97/100|[from] Stealth Rock
|
|-weather|none
|-heal|p2a: Find your way out|100/100|[from] item: Leftovers
|upkeep
|turn|8
|
|t:|1660262946
|move|p2a: Find your way out|Swords Dance|p2a: Find your way out
|-boost|p2a: Find your way out|atk|2
|move|p1a: Magnezone|Body Press|p2a: Find your way out
|-supereffective|p2a: Find your way out
|-damage|p2a: Find your way out|24/100
|
|-heal|p2a: Find your way out|30/100|[from] item: Leftovers
|upkeep
|turn|9
|
|t:|1660262952
|switch|p1a: Landorus|Landorus-Therian, M|35/100
|-ability|p1a: Landorus|Intimidate|boost
|-unboost|p2a: Find your way out|atk|1
|move|p2a: Find your way out|Earthquake|p1a: Landorus
|-immune|p1a: Landorus
|
|-heal|p2a: Find your way out|36/100|[from] item: Leftovers
|upkeep
|turn|10
|
|t:|1660262967
|move|p1a: Landorus|U-turn|p2a: Find your way out
|-resisted|p2a: Find your way out
|-damage|p2a: Find your way out|17/100
|
|t:|1660262975
|switch|p1a: Magnezone|Magnezone|100/100|[from]move: U-turn
|move|p2a: Find your way out|Rapid Spin|p1a: Magnezone
|-resisted|p1a: Magnezone
|-damage|p1a: Magnezone|90/100
|-boost|p2a: Find your way out|spe|1
|-sideend|p2: LT92PF KeldeoC|Stealth Rock|[from] move: Rapid Spin|[of] p2a: Find your way out
|
|-heal|p2a: Find your way out|23/100|[from] item: Leftovers
|upkeep
|turn|11
|
|t:|1660262986
|switch|p1a: Landorus|Landorus-Therian, M|35/100
|-ability|p1a: Landorus|Intimidate|boost
|-unboost|p2a: Find your way out|atk|1
|move|p2a: Find your way out|Iron Head|p1a: Landorus
|-damage|p1a: Landorus|0 fnt
|faint|p1a: Landorus
|
|-heal|p2a: Find your way out|29/100|[from] item: Leftovers
|upkeep
|c|☆Portgus D Ace|r u stupid?
|
|t:|1660262993
|switch|p1a: Dragapult|Dragapult, M|100/100
|turn|12
|c|☆LT92PF KeldeoC|im just clicking buttons lol, this is ladder
|
|t:|1660263002
|switch|p2a: Forbidden Hugs|Ferrothorn, M|100/100
|move|p1a: Dragapult|Dragon Darts|p2a: Forbidden Hugs
|-resisted|p2a: Forbidden Hugs
|-damage|p2a: Forbidden Hugs|89/100
|-anim|p1a: Dragapult|Dragon Darts|p2a: Forbidden Hugs
|-resisted|p2a: Forbidden Hugs
|-damage|p2a: Forbidden Hugs|77/100
|
|-heal|p2a: Forbidden Hugs|83/100|[from] item: Leftovers
|upkeep
|turn|13
|c|☆Portgus D Ace|u have lt92 in ur name predictting zone switch ins saying im just clicking butons
|c|☆Portgus D Ace|give it a rest
|
|t:|1660263026
|switch|p1a: Magnezone|Magnezone|90/100
|switch|p2a: Bubble Gun|Slowbro, M|80/100
|
|upkeep
|turn|14
|c|☆LT92PF KeldeoC|lol bro, take a rest, im not playing this seriously
|c|☆Portgus D Ace|that was the biggest choke ive ever seen in my life
|inactive|LT92PF KeldeoC has 120 seconds left.
|c|☆LT92PF KeldeoC|i dont care
|c|☆Portgus D Ace|then let ur ferro get trapped if u dont care
|
|t:|1660263064
|move|p1a: Magnezone|Discharge|p2a: Bubble Gun
|-supereffective|p2a: Bubble Gun
|-damage|p2a: Bubble Gun|11/100
|move|p2a: Bubble Gun|Teleport|p2a: Bubble Gun
|
|t:|1660263071
|switch|p2a: Find your way out|Excadrill, M|29/100|[from]move: Teleport
|
|-heal|p2a: Find your way out|35/100|[from] item: Leftovers
|upkeep
|turn|15
|
|t:|1660263082
|switch|p1a: Dragapult|Dragapult, M|100/100
|move|p2a: Find your way out|Earthquake|p1a: Dragapult
|-damage|p1a: Dragapult|21/100
|
|-heal|p2a: Find your way out|41/100|[from] item: Leftovers
|upkeep
|turn|16
|
|t:|1660263094
|switch|p2a: Power Of Argument|Buzzwole|100/100
|move|p1a: Dragapult|Phantom Force||[still]
|-prepare|p1a: Dragapult|Phantom Force
|
|upkeep
|turn|17
|c|☆LT92PF KeldeoC|lol
|inactive|LT92PF KeldeoC has 120 seconds left.
|
|t:|1660263115
|move|p1a: Dragapult|Phantom Force|p2a: Power Of Argument|[from]lockedmove
|-damage|p2a: Power Of Argument|54/100
|move|p2a: Power Of Argument|Earthquake|p1a: Dragapult
|-damage|p1a: Dragapult|0 fnt
|faint|p1a: Dragapult
|-ability|p2a: Power Of Argument|Beast Boost|boost
|-boost|p2a: Power Of Argument|atk|1
|
|upkeep
|
|t:|1660263121
|switch|p1a: Ninetales|Ninetales-Alola, F|95/100
|-weather|Hail|[from] ability: Snow Warning|[of] p1a: Ninetales
|turn|18
|
|t:|1660263125
|switch|p1a: Magnezone|Magnezone|90/100
|switch|p2a: When you cant|Tyranitar, M|100/100
|-weather|Sandstorm|[from] ability: Sand Stream|[of] p2a: When you cant
|
|-weather|Sandstorm|[upkeep]
|upkeep
|turn|19
|
|t:|1660263130
|switch|p2a: You will know|Tornadus-Therian, M|100/100
|move|p1a: Magnezone|Body Press|p2a: You will know
|-resisted|p2a: You will know
|-damage|p2a: You will know|86/100
|
|-weather|Sandstorm|[upkeep]
|-damage|p2a: You will know|80/100|[from] Sandstorm
|upkeep
|turn|20
|
|t:|1660263138
|move|p2a: You will know|Heat Wave|p1a: Magnezone
|-supereffective|p1a: Magnezone
|-damage|p1a: Magnezone|35/100
|move|p1a: Magnezone|Body Press|p2a: You will know
|-resisted|p2a: You will know
|-damage|p2a: You will know|65/100
|
|-weather|Sandstorm|[upkeep]
|-damage|p2a: You will know|59/100|[from] Sandstorm
|upkeep
|turn|21
|
|t:|1660263145
|switch|p1a: Nihilego|Nihilego|100/100
|move|p2a: You will know|Heat Wave|p1a: Nihilego
|-resisted|p1a: Nihilego
|-damage|p1a: Nihilego|95/100
|-status|p1a: Nihilego|brn
|
|-weather|Sandstorm|[upkeep]
|-damage|p2a: You will know|53/100|[from] Sandstorm
|-damage|p1a: Nihilego|89/100 brn|[from] brn
|upkeep
|turn|22
|
|t:|1660263149
|switch|p2a: When you cant|Tyranitar, M|100/100
|move|p1a: Nihilego|Meteor Beam||[still]
|-prepare|p1a: Nihilego|Meteor Beam
|-boost|p1a: Nihilego|spa|1
|-enditem|p1a: Nihilego|Power Herb
|-anim|p1a: Nihilego|Meteor Beam|p2a: When you cant
|-damage|p2a: When you cant|61/100
|
|-weather|none
|-heal|p2a: When you cant|67/100|[from] item: Leftovers
|-damage|p1a: Nihilego|82/100 brn|[from] brn
|upkeep
|turn|23
|
|t:|1660263157
|switch|p2a: Forbidden Hugs|Ferrothorn, M|83/100
|move|p1a: Nihilego|Meteor Beam||[still]
|-prepare|p1a: Nihilego|Meteor Beam
|-boost|p1a: Nihilego|spa|1
|
|-heal|p2a: Forbidden Hugs|89/100|[from] item: Leftovers
|-damage|p1a: Nihilego|76/100 brn|[from] brn
|upkeep
|turn|24
|
|t:|1660263165
|move|p1a: Nihilego|Meteor Beam|p2a: Forbidden Hugs|[from]lockedmove
|-resisted|p2a: Forbidden Hugs
|-damage|p2a: Forbidden Hugs|44/100
|move|p2a: Forbidden Hugs|Gyro Ball|p1a: Nihilego
|-supereffective|p1a: Nihilego
|-damage|p1a: Nihilego|0 fnt
|faint|p1a: Nihilego
|
|-heal|p2a: Forbidden Hugs|50/100|[from] item: Leftovers
|upkeep
|
|t:|1660263169
|switch|p1a: Magnezone|Magnezone|35/100
|turn|25
|
|t:|1660263180
|move|p1a: Magnezone|Iron Defense|p1a: Magnezone
|-boost|p1a: Magnezone|def|2
|move|p2a: Forbidden Hugs|Leech Seed|p1a: Magnezone
|-start|p1a: Magnezone|move: Leech Seed
|
|-heal|p2a: Forbidden Hugs|57/100|[from] item: Leftovers
|-damage|p1a: Magnezone|22/100|[from] Leech Seed|[of] p2a: Forbidden Hugs
|-heal|p2a: Forbidden Hugs|68/100|[silent]
|upkeep
|turn|26
|
|t:|1660263184
|move|p1a: Magnezone|Body Press|p2a: Forbidden Hugs
|-supereffective|p2a: Forbidden Hugs
|-damage|p2a: Forbidden Hugs|0 fnt
|-damage|p1a: Magnezone|10/100|[from] ability: Iron Barbs|[of] p2a: Forbidden Hugs
|faint|p2a: Forbidden Hugs
|
|upkeep
|
|t:|1660263193
|switch|p2a: Find your way out|Excadrill, M|41/100
|turn|27
|
|t:|1660263195
|move|p2a: Find your way out|Earthquake|p1a: Magnezone
|-supereffective|p1a: Magnezone
|-damage|p1a: Magnezone|0 fnt
|faint|p1a: Magnezone
|
|-heal|p2a: Find your way out|47/100|[from] item: Leftovers
|upkeep
|
|t:|1660263198
|switch|p1a: Ninetales|Ninetales-Alola, F|95/100
|-weather|Hail|[from] ability: Snow Warning|[of] p1a: Ninetales
|turn|28
|
|t:|1660263200
|switch|p2a: When you cant|Tyranitar, M|67/100
|-weather|Sandstorm|[from] ability: Sand Stream|[of] p2a: When you cant
|move|p1a: Ninetales|Blizzard|p2a: When you cant
|-damage|p2a: When you cant|49/100
|-status|p2a: When you cant|frz
|
|-weather|Sandstorm|[upkeep]
|-damage|p1a: Ninetales|89/100|[from] Sandstorm
|-heal|p2a: When you cant|55/100 frz|[from] item: Leftovers
|upkeep
|turn|29
|
|t:|1660263206
|switch|p1a: Arctozolt|Arctozolt|100/100
|switch|p2a: Bubble Gun|Slowbro, M|45/100
|
|-weather|Sandstorm|[upkeep]
|-damage|p1a: Arctozolt|94/100|[from] Sandstorm
|-damage|p2a: Bubble Gun|39/100|[from] Sandstorm
|upkeep
|turn|30
|
|t:|1660263213
|switch|p2a: You will know|Tornadus-Therian, M|86/100
|move|p1a: Arctozolt|Freeze-Dry|p2a: You will know
|-supereffective|p2a: You will know
|-crit|p2a: You will know
|-damage|p2a: You will know|21/100
|
|-weather|Sandstorm|[upkeep]
|-damage|p2a: You will know|15/100|[from] Sandstorm
|-damage|p1a: Arctozolt|88/100|[from] Sandstorm
|upkeep
|turn|31
|
|t:|1660263221
|switch|p1a: Ninetales|Ninetales-Alola, F|89/100
|-weather|Hail|[from] ability: Snow Warning|[of] p1a: Ninetales
|move|p2a: You will know|Heat Wave|p1a: Ninetales
|-supereffective|p1a: Ninetales
|-damage|p1a: Ninetales|27/100
|
|-weather|Hail|[upkeep]
|-damage|p2a: You will know|9/100|[from] Hail
|upkeep
|turn|32
|
|t:|1660263228
|move|p1a: Ninetales|Moonblast|p2a: You will know
|-damage|p2a: You will know|0 fnt
|faint|p2a: You will know
|
|-weather|Hail|[upkeep]
|upkeep
|
|t:|1660263231
|switch|p2a: When you cant|Tyranitar, M|55/100 frz
|-weather|Sandstorm|[from] ability: Sand Stream|[of] p2a: When you cant
|turn|33
|
|t:|1660263236
|switch|p2a: Power Of Argument|Buzzwole|54/100
|move|p1a: Ninetales|Moonblast|p2a: Power Of Argument
|-supereffective|p2a: Power Of Argument
|-damage|p2a: Power Of Argument|0 fnt
|faint|p2a: Power Of Argument
|
|-weather|Sandstorm|[upkeep]
|-damage|p1a: Ninetales|21/100|[from] Sandstorm
|upkeep
|
|t:|1660263238
|switch|p2a: Find your way out|Excadrill, M|47/100
|turn|34
|
|t:|1660263246
|switch|p1a: Arctozolt|Arctozolt|88/100
|move|p2a: Find your way out|Earthquake|p1a: Arctozolt
|-supereffective|p1a: Arctozolt
|-damage|p1a: Arctozolt|0 fnt
|faint|p1a: Arctozolt
|
|-weather|Sandstorm|[upkeep]
|-heal|p2a: Find your way out|53/100|[from] item: Leftovers
|upkeep
|
|t:|1660263247
|switch|p1a: Ninetales|Ninetales-Alola, F|21/100
|-weather|Hail|[from] ability: Snow Warning|[of] p1a: Ninetales
|turn|35
|
|t:|1660263250
|switch|p2a: When you cant|Tyranitar, M|55/100 frz
|-weather|Sandstorm|[from] ability: Sand Stream|[of] p2a: When you cant
|move|p1a: Ninetales|Blizzard|p2a: When you cant
|-damage|p2a: When you cant|37/100 frz
|
|-weather|Sandstorm|[upkeep]
|-damage|p1a: Ninetales|15/100|[from] Sandstorm
|-heal|p2a: When you cant|44/100 frz|[from] item: Leftovers
|upkeep
|turn|36
|
|t:|1660263252
|move|p1a: Ninetales|Blizzard|p2a: When you cant
|-damage|p2a: When you cant|24/100 frz
|cant|p2a: When you cant|frz
|
|-weather|Sandstorm|[upkeep]
|-damage|p1a: Ninetales|10/100|[from] Sandstorm
|-heal|p2a: When you cant|30/100 frz|[from] item: Leftovers
|upkeep
|turn|37
|
|t:|1660263255
|move|p1a: Ninetales|Blizzard|p2a: When you cant|[miss]
|-miss|p1a: Ninetales|p2a: When you cant
|-curestatus|p2a: When you cant|frz|[msg]
|move|p2a: When you cant|Rock Blast|p1a: Ninetales
|-supereffective|p1a: Ninetales
|-damage|p1a: Ninetales|0 fnt
|faint|p1a: Ninetales
|-hitcount|p1: Ninetales|1
|
|win|LT92PF KeldeoC
|raw|Portgus D Ace's rating: 1582 &rarr; <strong>1558</strong><br />(-24 for losing)
|raw|LT92PF KeldeoC's rating: 1514 &rarr; <strong>1538</strong><br />(+24 for winning)
|l|☆Portgus D Ace
|c|☆LT92PF KeldeoC|im stupid.
||Ladder isn't responding, score probably updated but might not have (Request timeout).
