|j|☆robbyelite
|j|☆SuperTheoryBros
|t:|1635816134
|gametype|singles
|player|p1|robbyelite|2|1649
|player|p2|SuperTheoryBros|265|1766
|teamsize|p1|6
|teamsize|p2|6
|gen|8
|tier|[Gen 8] OU
|rated|
|rule|Sleep Clause Mod: Limit one foe put to sleep
|rule|Species Clause: Limit one of each Pokémon
|rule|OHKO Clause: OHKO moves are banned
|rule|Evasion Moves Clause: Evasion moves are banned
|rule|Endless Battle Clause: Forcing endless battles is banned
|rule|HP Percentage Mod: HP is shown in percentages
|rule|Dynamax Clause: You cannot dynamax
|clearpoke
|poke|p1|Tyranitar, F|
|poke|p1|Ferrothorn, F|
|poke|p1|Blacephalon|
|poke|p1|Landorus-Therian, M|
|poke|p1|Urshifu-*, F|
|poke|p1|Tapu Lele|
|poke|p2|Shedinja|
|poke|p2|Avalugg, M|
|poke|p2|Landorus-Therian, M|
|poke|p2|Tapu Fini|
|poke|p2|Skarmory, F|
|poke|p2|Blissey, F|
|teampreview
|inactive|Battle timer is ON: inactive players will automatically lose when time's up. (requested by SuperTheoryBros)
|
|t:|1635816157
|start
|switch|p1a: Blacephalon|Blacephalon|100/100
|switch|p2a: Skarmory|Skarmory, F|100/100
|turn|1
|
|t:|1635816164
|switch|p2a: Tapu Fini|Tapu Fini|100/100
|-fieldstart|move: Misty Terrain|[from] ability: Misty Surge|[of] p2a: Tapu Fini
|move|p1a: Blacephalon|Trick|p2a: Tapu Fini
|-activate|p1a: Blacephalon|move: Trick|[of] p2a: Tapu Fini
|-item|p2a: Tapu Fini|Choice Specs|[from] move: Trick
|-item|p1a: Blacephalon|Choice Scarf|[from] move: Trick
|
|upkeep
|turn|2
|
|t:|1635816177
|switch|p1a: Ferrothorn|Ferrothorn, F|100/100
|move|p2a: Tapu Fini|Trick|p1a: Ferrothorn
|-activate|p2a: Tapu Fini|move: Trick|[of] p1a: Ferrothorn
|-item|p1a: Ferrothorn|Choice Specs|[from] move: Trick
|-item|p2a: Tapu Fini|Rocky Helmet|[from] move: Trick
|
|upkeep
|turn|3
|
|t:|1635816193
|switch|p2a: Skarmory|Skarmory, F|100/100
|move|p1a: Ferrothorn|Leech Seed|p2a: Skarmory
|-start|p2a: Skarmory|move: Leech Seed
|
|-damage|p2a: Skarmory|88/100|[from] Leech Seed|[of] p1a: Ferrothorn
|upkeep
|turn|4
|
|t:|1635816201
|switch|p1a: Blacephalon|Blacephalon|100/100
|move|p2a: Skarmory|Spikes|p1a: Blacephalon
|-sidestart|p1: robbyelite|Spikes
|
|-damage|p2a: Skarmory|76/100|[from] Leech Seed|[of] p1a: Blacephalon
|upkeep
|turn|5
|
|t:|1635816207
|switch|p2a: Tapu Fini|Tapu Fini|100/100
|move|p1a: Blacephalon|Trick|p2a: Tapu Fini
|-activate|p1a: Blacephalon|move: Trick|[of] p2a: Tapu Fini
|-item|p2a: Tapu Fini|Choice Scarf|[from] move: Trick
|-item|p1a: Blacephalon|Rocky Helmet|[from] move: Trick
|
|-fieldend|Misty Terrain
|upkeep
|turn|6
|
|t:|1635816225
|switch|p1a: Ferrothorn|Ferrothorn, F|100/100
|-damage|p1a: Ferrothorn|88/100|[from] Spikes
|move|p2a: Tapu Fini|Scald|p1a: Ferrothorn
|-resisted|p1a: Ferrothorn
|-damage|p1a: Ferrothorn|76/100
|
|upkeep
|turn|7
|
|t:|1635816236
|move|p2a: Tapu Fini|Scald|p1a: Ferrothorn
|-resisted|p1a: Ferrothorn
|-damage|p1a: Ferrothorn|64/100
|-status|p1a: Ferrothorn|brn
|move|p1a: Ferrothorn|Knock Off|p2a: Tapu Fini
|-resisted|p2a: Tapu Fini
|-damage|p2a: Tapu Fini|96/100
|-enditem|p2a: Tapu Fini|Choice Scarf|[from] move: Knock Off|[of] p1a: Ferrothorn
|
|-damage|p1a: Ferrothorn|58/100 brn|[from] brn
|upkeep
|turn|8
|
|t:|1635816250
|switch|p1a: Tapu Lele|Tapu Lele|100/100
|-damage|p1a: Tapu Lele|88/100|[from] Spikes
|-fieldstart|move: Psychic Terrain|[from] ability: Psychic Surge|[of] p1a: Tapu Lele
|move|p2a: Tapu Fini|Scald|p1a: Tapu Lele
|-damage|p1a: Tapu Lele|59/100
|
|upkeep
|turn|9
|
|t:|1635816268
|switch|p1a: Tyranitar|Tyranitar, F|100/100
|-damage|p1a: Tyranitar|88/100|[from] Spikes
|-weather|Sandstorm|[from] ability: Sand Stream|[of] p1a: Tyranitar
|switch|p2a: Shedinja|Shedinja|100/100
|
|-weather|Sandstorm|[upkeep]
|-damage|p2a: Shedinja|0 fnt|[from] Sandstorm
|faint|p2a: Shedinja
|-heal|p1a: Tyranitar|94/100|[from] item: Leftovers
|upkeep
|inactive|SuperTheoryBros has 120 seconds left.
|
|t:|1635816296
|switch|p2a: Landorus|Landorus-Therian, M|100/100
|-ability|p2a: Landorus|Intimidate|boost
|-unboost|p1a: Tyranitar|atk|1
|turn|10
|
|t:|1635816308
|move|p2a: Landorus|Stealth Rock|p1a: Tyranitar
|-sidestart|p1: robbyelite|move: Stealth Rock
|move|p1a: Tyranitar|Ice Beam|p2a: Landorus
|-supereffective|p2a: Landorus
|-damage|p2a: Landorus|12/100
|
|-weather|Sandstorm|[upkeep]
|-heal|p1a: Tyranitar|100/100|[from] item: Leftovers
|upkeep
|turn|11
|
|t:|1635816324
|switch|p1a: Ferrothorn|Ferrothorn, F|58/100 brn
|-damage|p1a: Ferrothorn|46/100 brn|[from] Spikes
|-damage|p1a: Ferrothorn|40/100 brn|[from] Stealth Rock
|move|p2a: Landorus|Swords Dance|p2a: Landorus
|-boost|p2a: Landorus|atk|2
|
|-weather|Sandstorm|[upkeep]
|-damage|p1a: Ferrothorn|34/100 brn|[from] brn
|upkeep
|turn|12
|
|t:|1635816332
|switch|p1a: Landorus|Landorus-Therian, M|100/100
|-damage|p1a: Landorus|88/100|[from] Stealth Rock
|-ability|p1a: Landorus|Intimidate|boost
|-unboost|p2a: Landorus|atk|1
|move|p2a: Landorus|Earthquake|p1a: Landorus
|-immune|p1a: Landorus
|
|-weather|Sandstorm|[upkeep]
|-heal|p1a: Landorus|94/100|[from] item: Leftovers
|-fieldend|move: Psychic Terrain
|upkeep
|turn|13
|
|t:|1635816337
|move|p2a: Landorus|Stone Edge|p1a: Landorus
|-damage|p1a: Landorus|39/100
|move|p1a: Landorus|Knock Off|p2a: Landorus
|-damage|p2a: Landorus|0 fnt
|-enditem|p2a: Landorus|Scope Lens|[from] move: Knock Off|[of] p1a: Landorus
|faint|p2a: Landorus
|
|-weather|none
|-heal|p1a: Landorus|45/100|[from] item: Leftovers
|upkeep
|inactive|SuperTheoryBros has 120 seconds left.
|
|t:|1635816351
|switch|p2a: Tapu Fini|Tapu Fini|96/100
|-fieldstart|move: Misty Terrain|[from] ability: Misty Surge|[of] p2a: Tapu Fini
|turn|14
|
|t:|1635816357
|switch|p1a: Ferrothorn|Ferrothorn, F|34/100 brn
|-damage|p1a: Ferrothorn|22/100 brn|[from] Spikes
|-damage|p1a: Ferrothorn|16/100 brn|[from] Stealth Rock
|move|p2a: Tapu Fini|Scald|p1a: Ferrothorn
|-resisted|p1a: Ferrothorn
|-damage|p1a: Ferrothorn|4/100 brn
|
|-damage|p1a: Ferrothorn|0 fnt|[from] brn
|faint|p1a: Ferrothorn
|upkeep
|
|t:|1635816374
|switch|p1a: Tyranitar|Tyranitar, F|100/100
|-damage|p1a: Tyranitar|88/100|[from] Stealth Rock
|-damage|p1a: Tyranitar|76/100|[from] Spikes
|-weather|Sandstorm|[from] ability: Sand Stream|[of] p1a: Tyranitar
|turn|15
|inactive|SuperTheoryBros has 120 seconds left.
|
|t:|1635816401
|move|p2a: Tapu Fini|Taunt|p1a: Tyranitar
|-start|p1a: Tyranitar|move: Taunt
|move|p1a: Tyranitar|Stone Edge|p2a: Tapu Fini
|-damage|p2a: Tapu Fini|59/100
|
|-weather|Sandstorm|[upkeep]
|-damage|p2a: Tapu Fini|52/100|[from] Sandstorm
|-heal|p1a: Tyranitar|82/100|[from] item: Leftovers
|upkeep
|turn|16
|inactive|SuperTheoryBros has 120 seconds left.
|
|t:|1635816418
|switch|p2a: Skarmory|Skarmory, F|76/100
|move|p1a: Tyranitar|Stone Edge|p2a: Skarmory
|-damage|p2a: Skarmory|52/100
|
|-weather|Sandstorm|[upkeep]
|-heal|p1a: Tyranitar|88/100|[from] item: Leftovers
|upkeep
|turn|17
|
|t:|1635816427
|switch|p1a: Landorus|Landorus-Therian, M|45/100
|-damage|p1a: Landorus|32/100|[from] Stealth Rock
|-ability|p1a: Landorus|Intimidate|boost
|-unboost|p2a: Skarmory|atk|1
|move|p2a: Skarmory|Roost|p2a: Skarmory
|-heal|p2a: Skarmory|100/100
|-singleturn|p2a: Skarmory|move: Roost
|
|-weather|Sandstorm|[upkeep]
|-heal|p1a: Landorus|38/100|[from] item: Leftovers
|upkeep
|turn|18
|
|t:|1635816432
|move|p1a: Landorus|Defog|p2a: Skarmory
|-unboost|p2a: Skarmory|evasion|1
|-sideend|p1: robbyelite|Spikes|[from] move: Defog|[of] p1a: Landorus
|-sideend|p1: robbyelite|Stealth Rock|[from] move: Defog|[of] p1a: Landorus
|-fieldend|Misty Terrain
|move|p2a: Skarmory|Spikes|p1a: Landorus
|-sidestart|p1: robbyelite|Spikes
|
|-weather|Sandstorm|[upkeep]
|-heal|p1a: Landorus|44/100|[from] item: Leftovers
|upkeep
|turn|19
|
|t:|1635816437
|move|p1a: Landorus|Knock Off|p2a: Skarmory
|-damage|p2a: Skarmory|83/100
|-enditem|p2a: Skarmory|Shed Shell|[from] move: Knock Off|[of] p1a: Landorus
|move|p2a: Skarmory|Iron Defense|p2a: Skarmory
|-boost|p2a: Skarmory|def|2
|
|-weather|none
|-heal|p1a: Landorus|50/100|[from] item: Leftovers
|upkeep
|turn|20
|
|t:|1635816450
|move|p1a: Landorus|U-turn|p2a: Skarmory
|-resisted|p2a: Skarmory
|-damage|p2a: Skarmory|82/100
|
|t:|1635816453
|switch|p1a: Blacephalon|Blacephalon|100/100|[from]move: U-turn
|-damage|p1a: Blacephalon|88/100|[from] Spikes
|move|p2a: Skarmory|Body Press|p1a: Blacephalon
|-immune|p1a: Blacephalon
|
|upkeep
|turn|21
|
|t:|1635816466
|switch|p1a: Landorus|Landorus-Therian, M|50/100
|-ability|p1a: Landorus|Intimidate|boost
|-unboost|p2a: Skarmory|atk|1
|move|p2a: Skarmory|Body Press|p1a: Landorus
|-resisted|p1a: Landorus
|-damage|p1a: Landorus|19/100
|
|-heal|p1a: Landorus|25/100|[from] item: Leftovers
|upkeep
|turn|22
|
|t:|1635816476
|move|p1a: Landorus|U-turn|p2a: Skarmory
|-resisted|p2a: Skarmory
|-damage|p2a: Skarmory|80/100
|
|t:|1635816479
|switch|p1a: Blacephalon|Blacephalon|88/100|[from]move: U-turn
|-damage|p1a: Blacephalon|76/100|[from] Spikes
|move|p2a: Skarmory|Body Press|p1a: Blacephalon
|-immune|p1a: Blacephalon
|
|upkeep
|turn|23
|
|t:|1635816482
|switch|p1a: Landorus|Landorus-Therian, M|25/100
|-ability|p1a: Landorus|Intimidate|boost
|-unboost|p2a: Skarmory|atk|1
|switch|p2a: Blissey|Blissey, F|100/100
|
|-heal|p1a: Landorus|31/100|[from] item: Leftovers
|upkeep
|turn|24
|
|t:|1635816491
|move|p1a: Landorus|U-turn|p2a: Blissey
|-crit|p2a: Blissey
|-damage|p2a: Blissey|71/100
|
|t:|1635816498
|switch|p1a: Tyranitar|Tyranitar, F|88/100|[from]move: U-turn
|-damage|p1a: Tyranitar|76/100|[from] Spikes
|-weather|Sandstorm|[from] ability: Sand Stream|[of] p1a: Tyranitar
|move|p2a: Blissey|Toxic|p1a: Tyranitar|[miss]
|-miss|p2a: Blissey|p1a: Tyranitar
|
|-weather|Sandstorm|[upkeep]
|-damage|p2a: Blissey|65/100|[from] Sandstorm
|-heal|p1a: Tyranitar|82/100|[from] item: Leftovers
|upkeep
|turn|25
|
|t:|1635816509
|switch|p2a: Skarmory|Skarmory, F|80/100
|move|p1a: Tyranitar|Stealth Rock|p2a: Skarmory
|-sidestart|p2: SuperTheoryBros|move: Stealth Rock
|
|-weather|Sandstorm|[upkeep]
|-heal|p1a: Tyranitar|88/100|[from] item: Leftovers
|upkeep
|turn|26
|
|t:|1635816524
|move|p2a: Skarmory|Spikes|p1a: Tyranitar
|-sidestart|p1: robbyelite|Spikes
|move|p1a: Tyranitar|Thunder Wave|p2a: Skarmory
|-status|p2a: Skarmory|par
|
|-weather|Sandstorm|[upkeep]
|-heal|p1a: Tyranitar|94/100|[from] item: Leftovers
|upkeep
|turn|27
|
|t:|1635816540
|move|p1a: Tyranitar|Ice Beam|p2a: Skarmory
|-damage|p2a: Skarmory|52/100 par
|move|p2a: Skarmory|Iron Defense|p2a: Skarmory
|-boost|p2a: Skarmory|def|2
|
|-weather|Sandstorm|[upkeep]
|-heal|p1a: Tyranitar|100/100|[from] item: Leftovers
|upkeep
|turn|28
|
|t:|1635816547
|switch|p1a: Urshifu|Urshifu-Rapid-Strike, F|100/100
|-damage|p1a: Urshifu|84/100|[from] Spikes
|move|p2a: Skarmory|Roost|p2a: Skarmory
|-heal|p2a: Skarmory|100/100 par
|-singleturn|p2a: Skarmory|move: Roost
|
|-weather|none
|upkeep
|turn|29
|
|t:|1635816573
|switch|p2a: Avalugg|Avalugg, M|100/100
|move|p1a: Urshifu|Surging Strikes|p2a: Avalugg
|-crit|p2a: Avalugg
|-damage|p2a: Avalugg|88/100
|-crit|p2a: Avalugg
|-damage|p2a: Avalugg|76/100
|-crit|p2a: Avalugg
|-damage|p2a: Avalugg|63/100
|-hitcount|p2a: Avalugg|3
|
|upkeep
|turn|30
|inactive|SuperTheoryBros has 120 seconds left.
|
|t:|1635816598
|switch|p1a: Blacephalon|Blacephalon|76/100
|-damage|p1a: Blacephalon|60/100|[from] Spikes
|move|p2a: Avalugg|Rapid Spin|p1a: Blacephalon
|-immune|p1a: Blacephalon
|
|upkeep
|turn|31
|inactive|SuperTheoryBros has 120 seconds left.
|
|t:|1635816605
|switch|p2a: Blissey|Blissey, F|65/100
|move|p1a: Blacephalon|Flamethrower|p2a: Blissey
|-damage|p2a: Blissey|46/100
|
|upkeep
|turn|32
|
|t:|1635816611
|switch|p1a: Urshifu|Urshifu-Rapid-Strike, F|84/100
|-damage|p1a: Urshifu|68/100|[from] Spikes
|move|p2a: Blissey|Soft-Boiled|p2a: Blissey
|-heal|p2a: Blissey|96/100
|
|upkeep
|turn|33
|inactive|SuperTheoryBros has 120 seconds left.
|
|t:|1635816629
|switch|p2a: Skarmory|Skarmory, F|100/100 par
|-damage|p2a: Skarmory|88/100 par|[from] Stealth Rock
|move|p1a: Urshifu|Close Combat|p2a: Skarmory
|-damage|p2a: Skarmory|36/100 par
|-unboost|p1a: Urshifu|def|1
|-unboost|p1a: Urshifu|spd|1
|
|upkeep
|turn|34
|
|t:|1635816639
|move|p1a: Urshifu|Close Combat|p2a: Skarmory
|-damage|p2a: Skarmory|0 fnt
|-unboost|p1a: Urshifu|def|1
|-unboost|p1a: Urshifu|spd|1
|faint|p2a: Skarmory
|
|upkeep
|
|t:|1635816641
|switch|p2a: Tapu Fini|Tapu Fini|52/100
|-damage|p2a: Tapu Fini|40/100|[from] Stealth Rock
|-fieldstart|move: Misty Terrain|[from] ability: Misty Surge|[of] p2a: Tapu Fini
|turn|35
|
|t:|1635816653
|switch|p1a: Tyranitar|Tyranitar, F|100/100
|-damage|p1a: Tyranitar|84/100|[from] Spikes
|-weather|Sandstorm|[from] ability: Sand Stream|[of] p1a: Tyranitar
|move|p2a: Tapu Fini|Moonblast|p1a: Tyranitar
|-supereffective|p1a: Tyranitar
|-damage|p1a: Tyranitar|60/100
|-unboost|p1a: Tyranitar|spa|1
|
|-weather|Sandstorm|[upkeep]
|-damage|p2a: Tapu Fini|34/100|[from] Sandstorm
|-heal|p1a: Tyranitar|66/100|[from] item: Leftovers
|upkeep
|turn|36
|
|t:|1635816663
|move|p2a: Tapu Fini|Moonblast|p1a: Tyranitar
|-supereffective|p1a: Tyranitar
|-damage|p1a: Tyranitar|42/100
|move|p1a: Tyranitar|Stone Edge|p2a: Tapu Fini
|-damage|p2a: Tapu Fini|0 fnt
|faint|p2a: Tapu Fini
|
|-weather|Sandstorm|[upkeep]
|-heal|p1a: Tyranitar|48/100|[from] item: Leftovers
|upkeep
|-message|SuperTheoryBros forfeited.
|
|win|robbyelite
|raw|robbyelite's rating: 1649 &rarr; <strong>1675</strong><br />(+26 for winning)
|raw|SuperTheoryBros's rating: 1766 &rarr; <strong>1740</strong><br />(-26 for losing)
|l|☆SuperTheoryBros
|c|☆robbyelite|gg
