|j|☆Chikami
|j|☆darthputin
|t:|1656633823
|gametype|singles
|player|p1|Chikami|nate|1502
|player|p2|darthputin|steven|1517
|teamsize|p1|6
|teamsize|p2|6
|gen|8
|tier|[Gen 8] OU
|rated|
|rule|Sleep Clause Mod: Limit one foe put to sleep
|rule|Species Clause: Limit one of each Pokémon
|rule|OHKO Clause: OHKO moves are banned
|rule|Evasion Moves Clause: Evasion moves are banned
|rule|Endless Battle Clause: Forcing endless battles is banned
|rule|HP Percentage Mod: HP is shown in percentages
|rule|Dynamax Clause: You cannot dynamax
|clearpoke
|poke|p1|Scolipede, F|
|poke|p1|Dragapult, M|
|poke|p1|Rillaboom, M|
|poke|p1|Regieleki|
|poke|p1|Magnezone|
|poke|p1|Heatran, M|
|poke|p2|Dragonite, F|
|poke|p2|Tapu Koko|
|poke|p2|Blissey, F|
|poke|p2|Ditto|
|poke|p2|Kartana|
|poke|p2|Hawlucha, F|
|teampreview
|inactive|Battle timer is ON: inactive players will automatically lose when time's up. (requested by darthputin)
|
|t:|1656633838
|start
|switch|p1a: Heatran|Heatran, M|100/100
|switch|p2a: Dragonite|Dragonite, F|100/100
|-item|p1a: Heatran|Air Balloon
|turn|1
|
|t:|1656633857
|move|p1a: Heatran|Magma Storm|p2a: Dragonite
|-resisted|p2a: Dragonite
|-damage|p2a: Dragonite|89/100
|-activate|p2a: Dragonite|move: Magma Storm|[of] p1a: Heatran
|move|p2a: Dragonite|Dragon Dance|p2a: Dragonite
|-boost|p2a: Dragonite|atk|1
|-boost|p2a: Dragonite|spe|1
|
|-damage|p2a: Dragonite|77/100|[from] move: Magma Storm|[partiallytrapped]
|upkeep
|turn|2
|
|t:|1656633861
|move|p2a: Dragonite|Dragon Dance|p2a: Dragonite
|-boost|p2a: Dragonite|atk|1
|-boost|p2a: Dragonite|spe|1
|move|p1a: Heatran|Stealth Rock|p2a: Dragonite
|-sidestart|p2: darthputin|move: Stealth Rock
|
|-damage|p2a: Dragonite|65/100|[from] move: Magma Storm|[partiallytrapped]
|upkeep
|turn|3
|
|t:|1656633872
|move|p2a: Dragonite|Dragon Dance|p2a: Dragonite
|-boost|p2a: Dragonite|atk|1
|-boost|p2a: Dragonite|spe|1
|move|p1a: Heatran|Taunt|p2a: Dragonite
|-start|p2a: Dragonite|move: Taunt
|
|-damage|p2a: Dragonite|52/100|[from] move: Magma Storm|[partiallytrapped]
|upkeep
|turn|4
|
|t:|1656633881
|move|p2a: Dragonite|Outrage|p1a: Heatran
|-resisted|p1a: Heatran
|-damage|p1a: Heatran|23/100
|-enditem|p1a: Heatran|Air Balloon
|move|p1a: Heatran|Magma Storm|p2a: Dragonite
|-resisted|p2a: Dragonite
|-damage|p2a: Dragonite|29/100
|
|-damage|p2a: Dragonite|17/100|[from] move: Magma Storm|[partiallytrapped]
|upkeep
|turn|5
|
|t:|1656633889
|move|p2a: Dragonite|Outrage|p1a: Heatran|[from]lockedmove
|-resisted|p1a: Heatran
|-damage|p1a: Heatran|0 fnt
|faint|p1a: Heatran
|
|-end|p2a: Dragonite|Magma Storm|[partiallytrapped]
|upkeep
|
|t:|1656633895
|switch|p1a: Rillaboom|Rillaboom, M|100/100
|-fieldstart|move: Grassy Terrain|[from] ability: Grassy Surge|[of] p1a: Rillaboom
|turn|6
|
|t:|1656633899
|move|p1a: Rillaboom|Grassy Glide|p2a: Dragonite
|-resisted|p2a: Dragonite
|-damage|p2a: Dragonite|0 fnt
|faint|p2a: Dragonite
|
|upkeep
|
|t:|1656633904
|switch|p2a: Kartana|Kartana|100/100
|-damage|p2a: Kartana|94/100|[from] Stealth Rock
|turn|7
|
|t:|1656633911
|switch|p1a: Magnezone|Magnezone|100/100
|move|p2a: Kartana|Smart Strike|p1a: Magnezone
|-resisted|p1a: Magnezone
|-damage|p1a: Magnezone|91/100
|
|-heal|p2a: Kartana|100/100|[from] Grassy Terrain
|-heal|p1a: Magnezone|97/100|[from] Grassy Terrain
|upkeep
|turn|8
|
|t:|1656633918
|move|p2a: Kartana|Swords Dance|p2a: Kartana
|-boost|p2a: Kartana|atk|2
|move|p1a: Magnezone|Iron Defense|p1a: Magnezone
|-boost|p1a: Magnezone|def|2
|
|-heal|p1a: Magnezone|100/100|[from] Grassy Terrain
|upkeep
|turn|9
|
|t:|1656633923
|move|p2a: Kartana|Sacred Sword|p1a: Magnezone
|-supereffective|p1a: Magnezone
|-damage|p1a: Magnezone|0 fnt
|faint|p1a: Magnezone
|-ability|p2a: Kartana|Beast Boost|boost
|-boost|p2a: Kartana|atk|1
|
|upkeep
|
|t:|1656633935
|switch|p1a: Dragapult|Dragapult, M|100/100
|turn|10
|
|t:|1656633943
|switch|p2a: Tapu Koko|Tapu Koko|100/100
|-fieldstart|move: Electric Terrain|[from] ability: Electric Surge|[of] p2a: Tapu Koko
|move|p1a: Dragapult|Fire Blast|p2a: Tapu Koko
|-damage|p2a: Tapu Koko|54/100
|-damage|p1a: Dragapult|91/100|[from] item: Life Orb
|
|upkeep
|turn|11
|
|t:|1656633967
|switch|p2a: Blissey|Blissey, F|100/100
|-damage|p2a: Blissey|88/100|[from] Stealth Rock
|move|p1a: Dragapult|Fire Blast|p2a: Blissey
|-damage|p2a: Blissey|77/100
|-damage|p1a: Dragapult|81/100|[from] item: Life Orb
|
|-heal|p2a: Blissey|83/100|[from] item: Leftovers
|upkeep
|turn|12
|
|t:|1656633975
|move|p1a: Dragapult|Dragon Darts|p2a: Blissey
|-damage|p2a: Blissey|57/100
|-anim|p1a: Dragapult|Dragon Darts|p2a: Blissey
|-damage|p2a: Blissey|30/100
|-damage|p1a: Dragapult|71/100|[from] item: Life Orb
|move|p2a: Blissey|Toxic|p1a: Dragapult
|-status|p1a: Dragapult|tox
|
|-heal|p2a: Blissey|36/100|[from] item: Leftovers
|-damage|p1a: Dragapult|65/100 tox|[from] psn
|upkeep
|turn|13
|
|t:|1656633985
|switch|p1a: Rillaboom|Rillaboom, M|100/100
|-fieldstart|move: Grassy Terrain|[from] ability: Grassy Surge|[of] p1a: Rillaboom
|move|p2a: Blissey|Protect||[still]
|-fail|p2a: Blissey
|
|-heal|p2a: Blissey|43/100|[from] Grassy Terrain
|-heal|p2a: Blissey|49/100|[from] item: Leftovers
|upkeep
|turn|14
|
|t:|1656634002
|move|p2a: Blissey|Protect|p2a: Blissey
|-singleturn|p2a: Blissey|Protect
|move|p1a: Rillaboom|Wood Hammer|p2a: Blissey
|-activate|p2a: Blissey|move: Protect
|
|-heal|p2a: Blissey|55/100|[from] Grassy Terrain
|-heal|p2a: Blissey|61/100|[from] item: Leftovers
|upkeep
|turn|15
|
|t:|1656634006
|switch|p2a: Kartana|Kartana|100/100
|-damage|p2a: Kartana|94/100|[from] Stealth Rock
|move|p1a: Rillaboom|Wood Hammer|p2a: Kartana
|-resisted|p2a: Kartana
|-damage|p2a: Kartana|58/100
|-damage|p1a: Rillaboom|91/100|[from] Recoil
|
|-heal|p2a: Kartana|64/100|[from] Grassy Terrain
|-heal|p2a: Kartana|70/100|[from] item: Leftovers
|-heal|p1a: Rillaboom|98/100|[from] Grassy Terrain
|upkeep
|turn|16
|
|t:|1656634017
|switch|p1a: Dragapult|Dragapult, M|65/100 tox
|move|p2a: Kartana|Smart Strike|p1a: Dragapult
|-damage|p1a: Dragapult|0 fnt
|faint|p1a: Dragapult
|-ability|p2a: Kartana|Beast Boost|boost
|-boost|p2a: Kartana|atk|1
|
|-heal|p2a: Kartana|77/100|[from] Grassy Terrain
|-heal|p2a: Kartana|83/100|[from] item: Leftovers
|upkeep
|
|t:|1656634023
|switch|p1a: Regieleki|Regieleki|100/100
|turn|17
|
|t:|1656634027
|move|p1a: Regieleki|Reflect|p1a: Regieleki
|-sidestart|p1: Chikami|Reflect
|move|p2a: Kartana|Leaf Blade|p1a: Regieleki
|-damage|p1a: Regieleki|10/100
|
|-heal|p1a: Regieleki|16/100|[from] Grassy Terrain
|-heal|p2a: Kartana|89/100|[from] Grassy Terrain
|-heal|p2a: Kartana|95/100|[from] item: Leftovers
|-fieldend|move: Grassy Terrain
|upkeep
|turn|18
|
|t:|1656634033
|move|p1a: Regieleki|Explosion|p2a: Kartana
|-resisted|p2a: Kartana
|-damage|p2a: Kartana|68/100
|faint|p1a: Regieleki
|move|p2a: Kartana|Leaf Blade|p1: Regieleki|[notarget]
|-fail|p2a: Kartana
|
|-heal|p2a: Kartana|74/100|[from] item: Leftovers
|upkeep
|
|t:|1656634037
|switch|p1a: Scolipede|Scolipede, F|100/100
|turn|19
|
|t:|1656634047
|switch|p2a: Tapu Koko|Tapu Koko|54/100
|-fieldstart|move: Electric Terrain|[from] ability: Electric Surge|[of] p2a: Tapu Koko
|move|p1a: Scolipede|Megahorn|p2a: Tapu Koko
|-resisted|p2a: Tapu Koko
|-damage|p2a: Tapu Koko|10/100
|-damage|p1a: Scolipede|91/100|[from] item: Life Orb
|
|-ability|p1a: Scolipede|Speed Boost|boost
|-boost|p1a: Scolipede|spe|1
|upkeep
|turn|20
|
|t:|1656634066
|switch|p1a: Rillaboom|Rillaboom, M|98/100
|-fieldstart|move: Grassy Terrain|[from] ability: Grassy Surge|[of] p1a: Rillaboom
|move|p2a: Tapu Koko|Thunderbolt|p1a: Rillaboom
|-resisted|p1a: Rillaboom
|-damage|p1a: Rillaboom|73/100
|
|-heal|p2a: Tapu Koko|16/100|[from] Grassy Terrain
|-heal|p1a: Rillaboom|79/100|[from] Grassy Terrain
|upkeep
|turn|21
|
|t:|1656634080
|switch|p2a: Kartana|Kartana|74/100
|-damage|p2a: Kartana|68/100|[from] Stealth Rock
|move|p1a: Rillaboom|U-turn|p2a: Kartana
|-damage|p2a: Kartana|30/100
|
|t:|1656634082
|switch|p1a: Scolipede|Scolipede, F|91/100|[from]move: U-turn
|
|-heal|p1a: Scolipede|97/100|[from] Grassy Terrain
|-heal|p2a: Kartana|36/100|[from] Grassy Terrain
|-heal|p2a: Kartana|42/100|[from] item: Leftovers
|upkeep
|turn|22
|
|t:|1656634105
|move|p1a: Scolipede|Megahorn|p2a: Kartana|[miss]
|-miss|p1a: Scolipede|p2a: Kartana
|move|p2a: Kartana|Smart Strike|p1a: Scolipede
|-damage|p1a: Scolipede|63/100
|
|-heal|p1a: Scolipede|69/100|[from] Grassy Terrain
|-heal|p2a: Kartana|48/100|[from] Grassy Terrain
|-heal|p2a: Kartana|55/100|[from] item: Leftovers
|-ability|p1a: Scolipede|Speed Boost|boost
|-boost|p1a: Scolipede|spe|1
|upkeep
|turn|23
|
|t:|1656634112
|move|p1a: Scolipede|Megahorn|p2a: Kartana
|-damage|p2a: Kartana|0 fnt
|faint|p2a: Kartana
|-damage|p1a: Scolipede|60/100|[from] item: Life Orb
|
|-heal|p1a: Scolipede|66/100|[from] Grassy Terrain
|-ability|p1a: Scolipede|Speed Boost|boost
|-boost|p1a: Scolipede|spe|1
|upkeep
|
|t:|1656634117
|switch|p2a: Ditto|Ditto|100/100
|-damage|p2a: Ditto|88/100|[from] Stealth Rock
|-transform|p2a: Ditto|p1a: Scolipede|[from] ability: Imposter
|turn|24
|
|t:|1656634125
|move|p2a: Ditto|Earthquake|p1a: Scolipede
|-damage|p1a: Scolipede|56/100
|move|p1a: Scolipede|Swords Dance|p1a: Scolipede
|-boost|p1a: Scolipede|atk|2
|
|-heal|p2a: Ditto|94/100|[from] Grassy Terrain
|-heal|p1a: Scolipede|62/100|[from] Grassy Terrain
|-sideend|p1: Chikami|Reflect
|-fieldend|move: Grassy Terrain
|-ability|p2a: Ditto|Speed Boost|boost
|-boost|p2a: Ditto|spe|1
|-ability|p1a: Scolipede|Speed Boost|boost
|-boost|p1a: Scolipede|spe|1
|upkeep
|turn|25
|
|t:|1656634135
|switch|p2a: Tapu Koko|Tapu Koko|16/100
|-fieldstart|move: Electric Terrain|[from] ability: Electric Surge|[of] p2a: Tapu Koko
|move|p1a: Scolipede|Earthquake|p2a: Tapu Koko
|-supereffective|p2a: Tapu Koko
|-damage|p2a: Tapu Koko|0 fnt
|faint|p2a: Tapu Koko
|-damage|p1a: Scolipede|52/100|[from] item: Life Orb
|
|-ability|p1a: Scolipede|Speed Boost|boost
|-boost|p1a: Scolipede|spe|1
|upkeep
|
|t:|1656634137
|switch|p2a: Ditto|Ditto|94/100
|-damage|p2a: Ditto|82/100|[from] Stealth Rock
|-transform|p2a: Ditto|p1a: Scolipede|[from] ability: Imposter
|turn|26
|
|t:|1656634139
|move|p2a: Ditto|Earthquake|p1a: Scolipede
|-damage|p1a: Scolipede|0 fnt
|faint|p1a: Scolipede
|
|-ability|p2a: Ditto|Speed Boost|boost
|-boost|p2a: Ditto|spe|1
|upkeep
|
|t:|1656634142
|switch|p1a: Rillaboom|Rillaboom, M|79/100
|-fieldstart|move: Grassy Terrain|[from] ability: Grassy Surge|[of] p1a: Rillaboom
|turn|27
|
|t:|1656634151
|move|p1a: Rillaboom|Grassy Glide|p2a: Ditto
|-resisted|p2a: Ditto
|-damage|p2a: Ditto|58/100
|move|p2a: Ditto|Earthquake|p1a: Rillaboom
|-resisted|p1a: Rillaboom
|-damage|p1a: Rillaboom|64/100
|
|-heal|p2a: Ditto|64/100|[from] Grassy Terrain
|-heal|p1a: Rillaboom|70/100|[from] Grassy Terrain
|-ability|p2a: Ditto|Speed Boost|boost
|-boost|p2a: Ditto|spe|1
|upkeep
|turn|28
|
|t:|1656634155
|move|p1a: Rillaboom|Grassy Glide|p2a: Ditto
|-resisted|p2a: Ditto
|-damage|p2a: Ditto|42/100
|move|p2a: Ditto|Earthquake|p1a: Rillaboom
|-resisted|p1a: Rillaboom
|-damage|p1a: Rillaboom|55/100
|
|-heal|p2a: Ditto|48/100|[from] Grassy Terrain
|-heal|p1a: Rillaboom|61/100|[from] Grassy Terrain
|upkeep
|turn|29
|
|t:|1656634157
|move|p1a: Rillaboom|Grassy Glide|p2a: Ditto
|-resisted|p2a: Ditto
|-damage|p2a: Ditto|23/100
|move|p2a: Ditto|Earthquake|p1a: Rillaboom
|-resisted|p1a: Rillaboom
|-damage|p1a: Rillaboom|45/100
|
|-heal|p2a: Ditto|29/100|[from] Grassy Terrain
|-heal|p1a: Rillaboom|51/100|[from] Grassy Terrain
|upkeep
|turn|30
|
|t:|1656634159
|move|p1a: Rillaboom|Grassy Glide|p2a: Ditto
|-resisted|p2a: Ditto
|-damage|p2a: Ditto|6/100
|move|p2a: Ditto|Earthquake|p1a: Rillaboom
|-resisted|p1a: Rillaboom
|-damage|p1a: Rillaboom|35/100
|
|-heal|p2a: Ditto|12/100|[from] Grassy Terrain
|-heal|p1a: Rillaboom|41/100|[from] Grassy Terrain
|upkeep
|turn|31
|
|t:|1656634162
|switch|p2a: Blissey|Blissey, F|61/100
|-damage|p2a: Blissey|49/100|[from] Stealth Rock
|move|p1a: Rillaboom|Grassy Glide|p2a: Blissey
|-damage|p2a: Blissey|0 fnt
|faint|p2a: Blissey
|
|-heal|p1a: Rillaboom|47/100|[from] Grassy Terrain
|-fieldend|move: Grassy Terrain
|upkeep
|
|t:|1656634164
|switch|p2a: Hawlucha|Hawlucha, F|100/100
|-damage|p2a: Hawlucha|88/100|[from] Stealth Rock
|turn|32
|
|t:|1656634166
|move|p2a: Hawlucha|Acrobatics|p1a: Rillaboom
|-supereffective|p1a: Rillaboom
|-damage|p1a: Rillaboom|0 fnt
|faint|p1a: Rillaboom
|
|win|darthputin
|raw|Chikami's rating: 1502 &rarr; <strong>1483</strong><br />(-19 for losing)
|raw|darthputin's rating: 1517 &rarr; <strong>1536</strong><br />(+19 for winning)
|l|☆Chikami
||Ladder isn't responding, score probably updated but might not have (Request timeout).
