|j|☆demgeilem
|j|☆A dokiki
|t:|1667991852
|gametype|singles
|player|p1|demgeilem|ethan-masters|1551
|player|p2|A dokiki|hilda-wonderlauncher|1499
|teamsize|p1|6
|teamsize|p2|6
|gen|8
|tier|[Gen 8] OU
|rated|
|rule|Sleep Clause Mod: Limit one foe put to sleep
|rule|Species Clause: Limit one of each Pokémon
|rule|OHKO Clause: OHKO moves are banned
|rule|Evasion Items Clause: Evasion items are banned
|rule|Evasion Moves Clause: Evasion moves are banned
|rule|Endless Battle Clause: Forcing endless battles is banned
|rule|HP Percentage Mod: HP is shown in percentages
|rule|Dynamax Clause: You cannot dynamax
|clearpoke
|poke|p1|Melmetal|
|poke|p1|Dragapult, F|
|poke|p1|Slowbro, M|
|poke|p1|Clefable, M|
|poke|p1|Landorus-Therian, M|
|poke|p1|Buzzwole|
|poke|p2|Volcarona, F|
|poke|p2|Tapu Fini|
|poke|p2|Garchomp, F|
|poke|p2|Tornadus-Therian, M|
|poke|p2|Tyranitar, M|
|poke|p2|Kartana|
|teampreview
|inactive|Battle timer is ON: inactive players will automatically lose when time's up. (requested by A dokiki)
|
|t:|1667991862
|start
|switch|p1a: Melmetal|Melmetal|100/100
|switch|p2a: Tapu Fini|Tapu Fini|100/100
|-fieldstart|move: Misty Terrain|[from] ability: Misty Surge|[of] p2a: Tapu Fini
|turn|1
|
|t:|1667991870
|move|p2a: Tapu Fini|Trick|p1a: Melmetal
|-activate|p2a: Tapu Fini|move: Trick|[of] p1a: Melmetal
|-item|p1a: Melmetal|Choice Scarf|[from] move: Trick
|-item|p2a: Tapu Fini|Choice Band|[from] move: Trick
|move|p1a: Melmetal|Double Iron Bash|p2a: Tapu Fini
|-damage|p2a: Tapu Fini|56/100
|-damage|p2a: Tapu Fini|14/100
|-hitcount|p2a: Tapu Fini|2
|
|upkeep
|turn|2
|
|t:|1667991881
|switch|p2a: Volcarona|Volcarona, F, shiny|100/100
|move|p1a: Melmetal|Double Iron Bash|p2a: Volcarona
|-resisted|p2a: Volcarona
|-damage|p2a: Volcarona|77/100
|-resisted|p2a: Volcarona
|-damage|p2a: Volcarona|49/100
|-hitcount|p2a: Volcarona|2
|
|upkeep
|turn|3
|
|t:|1667991890
|switch|p1a: Landorus|Landorus-Therian, M|100/100
|-ability|p1a: Landorus|Intimidate|boost
|-unboost|p2a: Volcarona|atk|1
|move|p2a: Volcarona|Roost|p2a: Volcarona
|-heal|p2a: Volcarona|99/100
|-singleturn|p2a: Volcarona|move: Roost
|
|upkeep
|turn|4
|
|t:|1667991898
|switch|p2a: Garchomp|Garchomp, F, shiny|100/100
|move|p1a: Landorus|Knock Off|p2a: Garchomp
|-damage|p2a: Garchomp|70/100
|-damage|p1a: Landorus|88/100|[from] ability: Rough Skin|[of] p2a: Garchomp
|-enditem|p2a: Garchomp|Leftovers|[from] move: Knock Off|[of] p1a: Landorus
|
|-heal|p1a: Landorus|94/100|[from] item: Leftovers
|upkeep
|turn|5
|
|t:|1667991918
|switch|p2a: Tapu Fini|Tapu Fini|14/100
|switch|p1a: Buzzwole|Buzzwole|100/100
|
|-fieldend|Misty Terrain
|upkeep
|turn|6
|
|t:|1667991927
|move|p1a: Buzzwole|Earthquake|p2a: Tapu Fini
|-damage|p2a: Tapu Fini|0 fnt
|faint|p2a: Tapu Fini
|-ability|p1a: Buzzwole|Beast Boost|boost
|-boost|p1a: Buzzwole|atk|1
|
|upkeep
|
|t:|1667991935
|switch|p2a: Tornadus|Tornadus-Therian, M|100/100
|turn|7
|
|t:|1667991940
|switch|p1a: Slowbro|Slowbro, M, shiny|100/100
|move|p2a: Tornadus|Hurricane|p1a: Slowbro
|-damage|p1a: Slowbro|54/100
|
|upkeep
|turn|8
|
|t:|1667991949
|switch|p1a: Clefable|Clefable, M|100/100
|move|p2a: Tornadus|Knock Off|p1a: Clefable
|-resisted|p1a: Clefable
|-damage|p1a: Clefable|91/100
|-enditem|p1a: Clefable|Leftovers|[from] move: Knock Off|[of] p2a: Tornadus
|
|upkeep
|turn|9
|
|t:|1667991957
|move|p2a: Tornadus|U-turn|p1a: Clefable
|-resisted|p1a: Clefable
|-damage|p1a: Clefable|84/100
|
|t:|1667991960
|switch|p2a: Volcarona|Volcarona, F, shiny|99/100|[from]move: U-turn
|move|p1a: Clefable|Stealth Rock|p2a: Volcarona
|-sidestart|p2: A dokiki|move: Stealth Rock
|
|upkeep
|turn|10
|
|t:|1667991969
|switch|p1a: Landorus|Landorus-Therian, M|94/100
|-ability|p1a: Landorus|Intimidate|boost
|-unboost|p2a: Volcarona|atk|1
|move|p2a: Volcarona|Quiver Dance|p2a: Volcarona
|-boost|p2a: Volcarona|spa|1
|-boost|p2a: Volcarona|spd|1
|-boost|p2a: Volcarona|spe|1
|
|-heal|p1a: Landorus|99/100|[from] item: Leftovers
|upkeep
|turn|11
|
|t:|1667991981
|move|p2a: Volcarona|Quiver Dance|p2a: Volcarona
|-boost|p2a: Volcarona|spa|1
|-boost|p2a: Volcarona|spd|1
|-boost|p2a: Volcarona|spe|1
|move|p1a: Landorus|Earthquake|p2a: Volcarona
|-damage|p2a: Volcarona|40/100
|
|-heal|p1a: Landorus|100/100|[from] item: Leftovers
|upkeep
|turn|12
|
|t:|1667991991
|move|p2a: Volcarona|Giga Drain|p1a: Landorus
|-damage|p1a: Landorus|62/100
|-heal|p2a: Volcarona|61/100|[from] drain|[of] p1a: Landorus
|move|p1a: Landorus|Earthquake|p2a: Volcarona
|-damage|p2a: Volcarona|2/100
|
|-heal|p1a: Landorus|68/100|[from] item: Leftovers
|upkeep
|turn|13
|
|t:|1667992001
|switch|p2a: Tornadus|Tornadus-Therian, M|100/100
|move|p1a: Landorus|Earthquake|p2a: Tornadus
|-immune|p2a: Tornadus
|
|-heal|p1a: Landorus|74/100|[from] item: Leftovers
|upkeep
|turn|14
|
|t:|1667992008
|switch|p1a: Melmetal|Melmetal|100/100
|move|p2a: Tornadus|Hurricane|p1a: Melmetal
|-resisted|p1a: Melmetal
|-damage|p1a: Melmetal|75/100
|
|upkeep
|turn|15
|
|t:|1667992016
|move|p2a: Tornadus|U-turn|p1a: Melmetal
|-resisted|p1a: Melmetal
|-damage|p1a: Melmetal|71/100
|
|t:|1667992022
|switch|p2a: Tyranitar|Tyranitar, M|100/100|[from]move: U-turn
|-damage|p2a: Tyranitar|88/100|[from] Stealth Rock
|-weather|Sandstorm|[from] ability: Sand Stream|[of] p2a: Tyranitar
|move|p1a: Melmetal|Double Iron Bash|p2a: Tyranitar
|-supereffective|p2a: Tyranitar
|-damage|p2a: Tyranitar|20/100
|-supereffective|p2a: Tyranitar
|-damage|p2a: Tyranitar|0 fnt
|faint|p2a: Tyranitar
|-hitcount|p2: Tyranitar|2
|
|-weather|Sandstorm|[upkeep]
|upkeep
|
|t:|1667992032
|switch|p2a: Kartana|Kartana|100/100
|-damage|p2a: Kartana|94/100|[from] Stealth Rock
|turn|16
|
|t:|1667992039
|switch|p1a: Landorus|Landorus-Therian, M|74/100
|-ability|p1a: Landorus|Intimidate|boost
|-unboost|p2a: Kartana|atk|1
|move|p2a: Kartana|Smart Strike|p1a: Landorus
|-damage|p1a: Landorus|42/100
|
|-weather|Sandstorm|[upkeep]
|-heal|p1a: Landorus|48/100|[from] item: Leftovers
|upkeep
|turn|17
|
|t:|1667992051
|switch|p2a: Volcarona|Volcarona, F, shiny|2/100
|move|p1a: Landorus|U-turn|p2a: Volcarona
|-resisted|p2a: Volcarona
|-damage|p2a: Volcarona|0 fnt
|faint|p2a: Volcarona
|
|t:|1667992059
|switch|p1a: Melmetal|Melmetal|71/100|[from]move: U-turn
|
|-weather|Sandstorm|[upkeep]
|upkeep
|
|t:|1667992065
|switch|p2a: Garchomp|Garchomp, F, shiny|70/100
|-damage|p2a: Garchomp|64/100|[from] Stealth Rock
|turn|18
|
|t:|1667992076
|switch|p1a: Buzzwole|Buzzwole|100/100
|move|p2a: Garchomp|Fire Fang|p1a: Buzzwole
|-supereffective|p1a: Buzzwole
|-damage|p1a: Buzzwole|68/100
|
|-weather|Sandstorm|[upkeep]
|-damage|p1a: Buzzwole|62/100|[from] Sandstorm
|upkeep
|turn|19
|
|t:|1667992086
|move|p1a: Buzzwole|Ice Punch|p2a: Garchomp
|-supereffective|p2a: Garchomp
|-damage|p2a: Garchomp|0 fnt
|-damage|p1a: Buzzwole|50/100|[from] ability: Rough Skin|[of] p2a: Garchomp
|faint|p2a: Garchomp
|-ability|p1a: Buzzwole|Beast Boost|boost
|-boost|p1a: Buzzwole|atk|1
|
|-weather|none
|upkeep
|-message|A dokiki forfeited.
|
|win|demgeilem
|raw|demgeilem's rating: 1551 &rarr; <strong>1568</strong><br />(+17 for winning)
|raw|A dokiki's rating: 1499 &rarr; <strong>1482</strong><br />(-17 for losing)
|l|☆A dokiki
