|j|☆LT94JE Kingpin
|j|☆okaybears
|t:|1664159601
|gametype|singles
|player|p1|LT94JE Kingpin|#wcop2022uswest|1728
|player|p2|okaybears|bugcatcher-gen4dp|1858
|teamsize|p1|6
|teamsize|p2|6
|gen|8
|tier|[Gen 8] OU
|rated|
|rule|Sleep Clause Mod: Limit one foe put to sleep
|rule|Species Clause: Limit one of each Pokémon
|rule|OHKO Clause: OHKO moves are banned
|rule|Evasion Items Clause: Evasion items are banned
|rule|Evasion Moves Clause: Evasion moves are banned
|rule|Endless Battle Clause: Forcing endless battles is banned
|rule|HP Percentage Mod: HP is shown in percentages
|rule|Dynamax Clause: You cannot dynamax
|clearpoke
|poke|p1|Tapu Lele|
|poke|p1|Dragapult, F|
|poke|p1|Umbreon, M|
|poke|p1|Corviknight, M|
|poke|p1|Volcanion|
|poke|p1|Stunfisk, F|
|poke|p2|Pelipper, M|
|poke|p2|Dragapult, F|
|poke|p2|Volcanion|
|poke|p2|Landorus-Therian, M|
|poke|p2|Ferrothorn, F|
|poke|p2|Urshifu-*, M|
|teampreview
|j| Noob 0_o
|
|t:|1664159621
|start
|switch|p1a: Destruction|Volcanion|100/100
|switch|p2a: Ferrothorn|Ferrothorn, F|100/100
|turn|1
|
|t:|1664159635
|move|p2a: Ferrothorn|Protect|p2a: Ferrothorn
|-singleturn|p2a: Ferrothorn|Protect
|move|p1a: Destruction|Sludge Bomb|p2a: Ferrothorn
|-activate|p2a: Ferrothorn|move: Protect
|
|upkeep
|turn|2
|
|t:|1664159642
|switch|p2a: Dragapult|Dragapult, F|100/100
|move|p1a: Destruction|Sludge Bomb|p2a: Dragapult
|-resisted|p2a: Dragapult
|-damage|p2a: Dragapult|64/100
|-status|p2a: Dragapult|psn
|
|-damage|p2a: Dragapult|51/100 psn|[from] psn
|upkeep
|turn|3
|
|t:|1664159658
|switch|p1a: U scarf bro?|Dragapult, F|100/100
|move|p2a: Dragapult|U-turn|p1a: U scarf bro?
|-resisted|p1a: U scarf bro?
|-damage|p1a: U scarf bro?|90/100
|
|t:|1664159663
|switch|p2a: Landorus|Landorus-Therian, M|100/100|[from]move: U-turn
|-ability|p2a: Landorus|Intimidate|boost
|-fail|p1a: U scarf bro?|unboost|[from] ability: Clear Body|[of] p1a: U scarf bro?
|
|upkeep
|turn|4
|j| revanism
|
|t:|1664159689
|move|p1a: U scarf bro?|U-turn|p2a: Landorus
|-resisted|p2a: Landorus
|-damage|p2a: Landorus|90/100
|inactive|Battle timer is ON: inactive players will automatically lose when time's up. (requested by LT94JE Kingpin)
|
|t:|1664159694
|switch|p1a: Big Bird|Corviknight, M|100/100|[from]move: U-turn
|-ability|p1a: Big Bird|Pressure
|move|p2a: Landorus|Stealth Rock|p1a: Big Bird
|-sidestart|p1: LT94JE Kingpin|move: Stealth Rock
|
|-heal|p2a: Landorus|96/100|[from] item: Leftovers
|upkeep
|turn|5
|
|t:|1664159703
|move|p2a: Landorus|U-turn|p1a: Big Bird
|-resisted|p1a: Big Bird
|-damage|p1a: Big Bird|97/100
|
|t:|1664159705
|switch|p2a: Volcanion|Volcanion|100/100|[from]move: U-turn
|move|p1a: Big Bird|Defog|p2a: Volcanion
|-unboost|p2a: Volcanion|evasion|1
|-sideend|p1: LT94JE Kingpin|Stealth Rock|[from] move: Defog|[of] p1a: Big Bird
|
|upkeep
|turn|6
|
|t:|1664159734
|switch|p1a: Winston|Umbreon, M|100/100
|move|p2a: Volcanion|Overheat|p1a: Winston
|-damage|p1a: Winston|33/100
|-unboost|p2a: Volcanion|spa|2
|
|-heal|p1a: Winston|39/100|[from] item: Leftovers
|upkeep
|turn|7
|l| Noob 0_o
|
|t:|1664159744
|switch|p2a: Urshifu|Urshifu-Rapid-Strike, M|100/100
|move|p1a: Winston|Wish|p1a: Winston
|
|-heal|p1a: Winston|45/100|[from] item: Leftovers
|upkeep
|turn|8
|
|t:|1664159749
|switch|p1a: U scarf bro?|Dragapult, F|90/100
|move|p2a: Urshifu|Close Combat|p1a: U scarf bro?
|-immune|p1a: U scarf bro?
|
|-heal|p1a: U scarf bro?|100/100|[from] move: Wish|[wisher] Winston
|upkeep
|turn|9
|j| t-yeu
|
|t:|1664159764
|move|p1a: U scarf bro?|U-turn|p2a: Urshifu
|-resisted|p2a: Urshifu
|-damage|p2a: Urshifu|87/100
|
|t:|1664159767
|switch|p1a: Destruction|Volcanion|100/100|[from]move: U-turn
|move|p2a: Urshifu|U-turn|p1a: Destruction
|-resisted|p1a: Destruction
|-damage|p1a: Destruction|90/100
|
|t:|1664159774
|switch|p2a: Ferrothorn|Ferrothorn, F|100/100|[from]move: U-turn
|
|upkeep
|turn|10
|
|t:|1664159780
|move|p2a: Ferrothorn|Protect|p2a: Ferrothorn
|-singleturn|p2a: Ferrothorn|Protect
|move|p1a: Destruction|Flamethrower|p2a: Ferrothorn
|-activate|p2a: Ferrothorn|move: Protect
|
|upkeep
|turn|11
|
|t:|1664159787
|switch|p1a: Deal Breaker|Tapu Lele|100/100
|-fieldstart|move: Psychic Terrain|[from] ability: Psychic Surge|[of] p1a: Deal Breaker
|switch|p2a: Volcanion|Volcanion|100/100
|
|upkeep
|turn|12
|
|t:|1664159795
|move|p1a: Deal Breaker|Psychic|p2a: Volcanion
|-damage|p2a: Volcanion|0 fnt
|faint|p2a: Volcanion
|
|upkeep
|-message|okaybears forfeited.
|
|win|LT94JE Kingpin
|raw|LT94JE Kingpin's rating: 1728 &rarr; <strong>1755</strong><br />(+27 for winning)
|raw|okaybears's rating: 1858 &rarr; <strong>1831</strong><br />(-27 for losing)
|l|☆okaybears
