|j|☆79luca79
|j|☆HOF69
|t:|1654367403
|gametype|singles
|player|p1|79luca79|rocketgrunt|1812
|player|p2|HOF69|red|1913
|teamsize|p1|6
|teamsize|p2|6
|gen|8
|tier|[Gen 8] OU
|rated|
|rule|Sleep Clause Mod: Limit one foe put to sleep
|rule|Species Clause: Limit one of each Pokémon
|rule|OHKO Clause: OHKO moves are banned
|rule|Evasion Moves Clause: Evasion moves are banned
|rule|Endless Battle Clause: Forcing endless battles is banned
|rule|HP Percentage Mod: HP is shown in percentages
|rule|Dynamax Clause: You cannot dynamax
|clearpoke
|poke|p1|Dragapult, M|
|poke|p1|Heatran, M|
|poke|p1|Buzzwole|
|poke|p1|Blacephalon|
|poke|p1|Tapu Fini|
|poke|p1|Landorus-Therian, M|
|poke|p2|Gengar, M|
|poke|p2|Blacephalon|
|poke|p2|Kartana|
|poke|p2|Tapu Lele|
|poke|p2|Krookodile, M|
|poke|p2|Landorus-Therian, M|
|teampreview
|
|t:|1654367411
|start
|switch|p1a: Dragapult|Dragapult, M|100/100
|switch|p2a: Krookodile|Krookodile, M|100/100
|-ability|p2a: Krookodile|Intimidate|boost
|-unboost|p1a: Dragapult|atk|1
|turn|1
|inactive|Battle timer is ON: inactive players will automatically lose when time's up. (requested by HOF69)
|
|t:|1654367417
|move|p1a: Dragapult|U-turn|p2a: Krookodile
|-supereffective|p2a: Krookodile
|-damage|p2a: Krookodile|70/100
|
|t:|1654367420
|switch|p1a: Landorus|Landorus-Therian, M|100/100|[from]move: U-turn
|-ability|p1a: Landorus|Intimidate|boost
|-unboost|p2a: Krookodile|atk|1
|move|p2a: Krookodile|Stealth Rock|p1a: Landorus
|-sidestart|p1: 79luca79|move: Stealth Rock
|
|upkeep
|turn|2
|
|t:|1654367425
|move|p2a: Krookodile|Taunt|p1a: Landorus
|-start|p1a: Landorus|move: Taunt
|cant|p1a: Landorus|move: Taunt|Defog
|
|upkeep
|turn|3
|
|t:|1654367432
|move|p2a: Krookodile|Knock Off|p1a: Landorus
|-damage|p1a: Landorus|73/100
|-enditem|p1a: Landorus|Leftovers|[from] move: Knock Off|[of] p2a: Krookodile
|move|p1a: Landorus|U-turn|p2a: Krookodile
|-supereffective|p2a: Krookodile
|-damage|p2a: Krookodile|15/100
|
|t:|1654367437
|switch|p1a: Buzzwole|Buzzwole|100/100|[from]move: U-turn
|-damage|p1a: Buzzwole|88/100|[from] Stealth Rock
|
|upkeep
|turn|4
|
|t:|1654367441
|move|p2a: Krookodile|Knock Off|p1a: Buzzwole
|-resisted|p1a: Buzzwole
|-damage|p1a: Buzzwole|77/100
|-damage|p2a: Krookodile|0 fnt|[from] item: Rocky Helmet|[of] p1a: Buzzwole
|faint|p2a: Krookodile
|move|p1a: Buzzwole|Ice Punch|p2: Krookodile|[notarget]
|-fail|p1a: Buzzwole
|
|upkeep
|
|t:|1654367460
|switch|p2a: Gengar|Gengar, M, shiny|100/100
|turn|5
|
|t:|1654367465
|switch|p1a: Heatran|Heatran, M|100/100
|-damage|p1a: Heatran|88/100|[from] Stealth Rock
|move|p2a: Gengar|Shadow Ball|p1a: Heatran
|-damage|p1a: Heatran|64/100
|
|-heal|p1a: Heatran|70/100|[from] item: Leftovers
|upkeep
|turn|6
|inactive|79luca79 has 120 seconds left.
|
|t:|1654367499
|move|p2a: Gengar|Focus Blast|p1a: Heatran
|-supereffective|p1a: Heatran
|-damage|p1a: Heatran|19/100
|move|p1a: Heatran|Magma Storm|p2a: Gengar
|-damage|p2a: Gengar|32/100
|-activate|p2a: Gengar|move: Magma Storm|[of] p1a: Heatran
|-start|p1a: Heatran|Disable|Magma Storm|[from] ability: Cursed Body|[of] p2a: Gengar
|
|-heal|p1a: Heatran|25/100|[from] item: Leftovers
|-damage|p2a: Gengar|19/100|[from] move: Magma Storm|[partiallytrapped]
|upkeep
|turn|7
|
|t:|1654367506
|move|p1a: Heatran|Protect|p1a: Heatran
|-singleturn|p1a: Heatran|Protect
|move|p2a: Gengar|Shadow Ball|p1a: Heatran
|-activate|p1a: Heatran|move: Protect
|
|-heal|p1a: Heatran|32/100|[from] item: Leftovers
|-damage|p2a: Gengar|7/100|[from] move: Magma Storm|[partiallytrapped]
|upkeep
|turn|8
|inactive|79luca79 has 120 seconds left.
|
|t:|1654367542
|switch|p1a: Tapu Fini|Tapu Fini|100/100
|-damage|p1a: Tapu Fini|88/100|[from] Stealth Rock
|-fieldstart|move: Misty Terrain|[from] ability: Misty Surge|[of] p1a: Tapu Fini
|move|p2a: Gengar|Focus Blast|p1a: Tapu Fini|[miss]
|-miss|p2a: Gengar|p1a: Tapu Fini
|
|-heal|p1a: Tapu Fini|94/100|[from] item: Leftovers
|-end|p2a: Gengar|Magma Storm|[partiallytrapped]|[silent]
|upkeep
|turn|9
|
|t:|1654367549
|move|p2a: Gengar|Sludge Wave|p1a: Tapu Fini
|-supereffective|p1a: Tapu Fini
|-damage|p1a: Tapu Fini|19/100
|move|p1a: Tapu Fini|Moonblast|p2a: Gengar
|-resisted|p2a: Gengar
|-damage|p2a: Gengar|0 fnt
|-start|p1a: Tapu Fini|Disable|Moonblast|[from] ability: Cursed Body|[of] p2a: Gengar
|faint|p2a: Gengar
|
|-heal|p1a: Tapu Fini|25/100|[from] item: Leftovers
|upkeep
|
|t:|1654367573
|switch|p2a: Tapu Lele|Tapu Lele|100/100
|-fieldstart|move: Psychic Terrain|[from] ability: Psychic Surge|[of] p2a: Tapu Lele
|turn|10
|inactive|79luca79 has 120 seconds left.
|
|t:|1654367582
|move|p2a: Tapu Lele|Psyshock|p1a: Tapu Fini
|-damage|p1a: Tapu Fini|0 fnt
|faint|p1a: Tapu Fini
|
|upkeep
|inactive|79luca79 has 120 seconds left.
|
|t:|1654367593
|switch|p1a: Dragapult|Dragapult, M|100/100
|-damage|p1a: Dragapult|88/100|[from] Stealth Rock
|turn|11
|
|t:|1654367598
|switch|p2a: Landorus|Landorus-Therian, M|100/100
|-ability|p2a: Landorus|Intimidate|boost
|-unboost|p1a: Dragapult|atk|1
|move|p1a: Dragapult|Shadow Ball|p2a: Landorus
|-damage|p2a: Landorus|70/100
|
|upkeep
|turn|12
|
|t:|1654367615
|switch|p1a: Landorus|Landorus-Therian, M|73/100
|-damage|p1a: Landorus|60/100|[from] Stealth Rock
|-ability|p1a: Landorus|Intimidate|boost
|-unboost|p2a: Landorus|atk|1
|switch|p2a: Tapu Lele|Tapu Lele|100/100
|
|upkeep
|turn|13
|
|t:|1654367620
|move|p2a: Tapu Lele|Psyshock|p1a: Landorus
|-damage|p1a: Landorus|0 fnt
|faint|p1a: Landorus
|
|upkeep
|inactive|79luca79 has 120 seconds left.
|
|t:|1654367639
|switch|p1a: Dragapult|Dragapult, M|88/100
|-damage|p1a: Dragapult|76/100|[from] Stealth Rock
|turn|14
|
|t:|1654367648
|switch|p2a: Landorus|Landorus-Therian, M|70/100
|-ability|p2a: Landorus|Intimidate|boost
|-unboost|p1a: Dragapult|atk|1
|move|p1a: Dragapult|Shadow Ball|p2a: Landorus
|-damage|p2a: Landorus|37/100
|
|-fieldend|move: Psychic Terrain
|upkeep
|turn|15
|
|t:|1654367653
|switch|p1a: Buzzwole|Buzzwole|77/100
|-damage|p1a: Buzzwole|65/100|[from] Stealth Rock
|move|p2a: Landorus|Knock Off|p1a: Buzzwole
|-resisted|p1a: Buzzwole
|-damage|p1a: Buzzwole|54/100
|-damage|p2a: Landorus|21/100|[from] item: Rocky Helmet|[of] p1a: Buzzwole
|-enditem|p1a: Buzzwole|Rocky Helmet|[from] move: Knock Off|[of] p2a: Landorus
|
|upkeep
|turn|16
|
|t:|1654367663
|move|p1a: Buzzwole|Leech Life|p2a: Landorus
|-resisted|p2a: Landorus
|-damage|p2a: Landorus|0 fnt
|-heal|p1a: Buzzwole|64/100|[from] drain|[of] p2a: Landorus
|faint|p2a: Landorus
|-ability|p1a: Buzzwole|Beast Boost|boost
|-boost|p1a: Buzzwole|atk|1
|
|upkeep
|j| jeanmilapipe
|
|t:|1654367692
|switch|p2a: Tapu Lele|Tapu Lele|100/100
|-fieldstart|move: Psychic Terrain|[from] ability: Psychic Surge|[of] p2a: Tapu Lele
|turn|17
|
|t:|1654367715
|switch|p1a: Dragapult|Dragapult, M|76/100
|-damage|p1a: Dragapult|64/100|[from] Stealth Rock
|move|p2a: Tapu Lele|Psyshock|p1a: Dragapult
|-damage|p1a: Dragapult|0 fnt
|faint|p1a: Dragapult
|
|upkeep
|
|t:|1654367717
|switch|p1a: Blacephalon|Blacephalon|100/100
|-damage|p1a: Blacephalon|76/100|[from] Stealth Rock
|turn|18
|
|t:|1654367735
|move|p1a: Blacephalon|Shadow Ball|p2a: Tapu Lele
|-supereffective|p2a: Tapu Lele
|-damage|p2a: Tapu Lele|0 fnt
|faint|p2a: Tapu Lele
|-ability|p1a: Blacephalon|Beast Boost|boost
|-boost|p1a: Blacephalon|spa|1
|
|upkeep
|
|t:|1654367736
|switch|p2a: Blacephalon|Blacephalon|100/100
|turn|19
|
|t:|1654367742
|move|p1a: Blacephalon|Shadow Ball|p2a: Blacephalon
|-supereffective|p2a: Blacephalon
|-damage|p2a: Blacephalon|0 fnt
|faint|p2a: Blacephalon
|-ability|p1a: Blacephalon|Beast Boost|boost
|-boost|p1a: Blacephalon|spa|1
|
|upkeep
|-message|HOF69 forfeited.
|
|win|79luca79
|raw|79luca79's rating: 1812 &rarr; <strong>1838</strong><br />(+26 for winning)
|raw|HOF69's rating: 1913 &rarr; <strong>1887</strong><br />(-26 for losing)
|l|☆HOF69
||Ladder isn't responding, score probably updated but might not have (Request timeout).
