|j|☆Ferrothornail草钢甲
|j|☆2(H2O)
|t:|1663487051
|gametype|singles
|player|p1|Ferrothornail草钢甲|lillie|1829
|player|p2|2(H2O)|chase|1726
|teamsize|p1|6
|teamsize|p2|6
|gen|8
|tier|[Gen 8] OU
|rated|
|rule|Sleep Clause Mod: Limit one foe put to sleep
|rule|Species Clause: Limit one of each Pokémon
|rule|OHKO Clause: OHKO moves are banned
|rule|Evasion Items Clause: Evasion items are banned
|rule|Evasion Moves Clause: Evasion moves are banned
|rule|Endless Battle Clause: Forcing endless battles is banned
|rule|HP Percentage Mod: HP is shown in percentages
|rule|Dynamax Clause: You cannot dynamax
|clearpoke
|poke|p1|Hatterene, F|
|poke|p1|Porygon2|
|poke|p1|Cresselia, F|
|poke|p1|Marowak-Alola, M|
|poke|p1|Crawdaunt, F|
|poke|p1|Melmetal|
|poke|p2|Weavile, M|
|poke|p2|Melmetal|
|poke|p2|Dragonite, M|
|poke|p2|Victini|
|poke|p2|Landorus-Therian, M|
|poke|p2|Tapu Koko|
|teampreview
|inactive|Battle timer is ON: inactive players will automatically lose when time's up. (requested by 2(H2O))
|
|t:|1663487060
|start
|switch|p1a: Melmetal|Melmetal|100/100
|switch|p2a: Weavile|Weavile, M|100/100
|-ability|p2a: Weavile|Pressure
|turn|1
|
|t:|1663487067
|switch|p2a: Melmetal|Melmetal|100/100
|move|p1a: Melmetal|Ice Punch|p2a: Melmetal
|-resisted|p2a: Melmetal
|-damage|p2a: Melmetal|84/100
|
|upkeep
|turn|2
|
|t:|1663487074
|switch|p2a: Weavile|Weavile, M|100/100
|-ability|p2a: Weavile|Pressure
|switch|p1a: Cresselia|Cresselia, F|100/100
|
|upkeep
|turn|3
|
|t:|1663487078
|move|p2a: Weavile|Swords Dance|p2a: Weavile
|-boost|p2a: Weavile|atk|2
|move|p1a: Cresselia|Ice Beam|p2a: Weavile
|-resisted|p2a: Weavile
|-damage|p2a: Weavile|89/100
|
|upkeep
|turn|4
|
|t:|1663487083
|switch|p1a: Crawdaunt|Crawdaunt, F|100/100
|move|p2a: Weavile|Swords Dance|p2a: Weavile
|-boost|p2a: Weavile|atk|2
|
|upkeep
|turn|5
|
|t:|1663487085
|move|p2a: Weavile|Beat Up|p1a: Crawdaunt
|-resisted|p1a: Crawdaunt
|-damage|p1a: Crawdaunt|81/100
|-resisted|p1a: Crawdaunt
|-damage|p1a: Crawdaunt|58/100
|-resisted|p1a: Crawdaunt
|-damage|p1a: Crawdaunt|36/100
|-resisted|p1a: Crawdaunt
|-damage|p1a: Crawdaunt|19/100
|-resisted|p1a: Crawdaunt
|-damage|p1a: Crawdaunt|0 fnt
|faint|p1a: Crawdaunt
|-hitcount|p1: Crawdaunt|5
|
|upkeep
|
|t:|1663487089
|switch|p1a: Melmetal|Melmetal|100/100
|turn|6
|
|t:|1663487094
|move|p2a: Weavile|Beat Up|p1a: Melmetal
|-crit|p1a: Melmetal
|-damage|p1a: Melmetal|73/100
|-damage|p1a: Melmetal|53/100
|-damage|p1a: Melmetal|33/100
|-damage|p1a: Melmetal|16/100
|-damage|p1a: Melmetal|0 fnt
|faint|p1a: Melmetal
|-hitcount|p1: Melmetal|5
|
|upkeep
|-message|Ferrothornail草钢甲 forfeited.
|
|win|2(H2O)
|raw|Ferrothornail草钢甲's rating: 1829 &rarr; <strong>1803</strong><br />(-26 for losing)
|raw|2(H2O)'s rating: 1726 &rarr; <strong>1752</strong><br />(+26 for winning)
|l|☆Ferrothornail草钢甲
