|j|☆Anjii.V.
|j|☆Kikoobuster
|t:|1659039228
|gametype|singles
|player|p1|Anjii.V.|veteran-gen4|1383
|player|p2|Kikoobuster|170|1428
|teamsize|p1|6
|teamsize|p2|6
|gen|8
|tier|[Gen 8] OU
|rated|
|rule|Sleep Clause Mod: Limit one foe put to sleep
|rule|Species Clause: Limit one of each Pokémon
|rule|OHKO Clause: OHKO moves are banned
|rule|Evasion Moves Clause: Evasion moves are banned
|rule|Endless Battle Clause: Forcing endless battles is banned
|rule|HP Percentage Mod: HP is shown in percentages
|rule|Dynamax Clause: You cannot dynamax
|clearpoke
|poke|p1|Corviknight, M|
|poke|p1|Dragonite, M|
|poke|p1|Kartana|
|poke|p1|Landorus-Therian, M|
|poke|p1|Magnezone|
|poke|p1|Tapu Koko|
|poke|p2|Roserade, M|
|poke|p2|Jirachi|
|poke|p2|Rotom-Heat|
|poke|p2|Mandibuzz, F|
|poke|p2|Garchomp, F|
|poke|p2|Urshifu-*, F|
|teampreview
|c|☆Anjii.V.|Aloha glhf !
|c|☆Kikoobuster|gl hf
|inactive|Battle timer is ON: inactive players will automatically lose when time's up. (requested by Kikoobuster)
|
|t:|1659039293
|start
|switch|p1a: Landorus|Landorus-Therian, M|100/100
|switch|p2a: Roserade|Roserade, M|100/100
|-ability|p1a: Landorus|Intimidate|boost
|-unboost|p2a: Roserade|atk|1
|turn|1
|
|t:|1659039304
|move|p2a: Roserade|Spikes|p1a: Landorus
|-sidestart|p1: Anjii.V.|Spikes
|move|p1a: Landorus|U-turn|p2a: Roserade
|-damage|p2a: Roserade|56/100
|inactive|Anjii.V. has 120 seconds left.
|
|t:|1659039330
|switch|p1a: Tapu Koko|Tapu Koko|100/100|[from]move: U-turn
|-fieldstart|move: Electric Terrain|[from] ability: Electric Surge|[of] p1a: Tapu Koko
|
|-heal|p2a: Roserade|63/100|[from] item: Black Sludge
|upkeep
|turn|2
|
|t:|1659039336
|move|p1a: Tapu Koko|U-turn|p2a: Roserade
|-damage|p2a: Roserade|32/100
|
|t:|1659039338
|switch|p1a: Corviknight|Corviknight, M|100/100|[from]move: U-turn
|-ability|p1a: Corviknight|Pressure
|move|p2a: Roserade|Sludge Bomb|p1a: Corviknight
|-immune|p1a: Corviknight
|
|-heal|p2a: Roserade|38/100|[from] item: Black Sludge
|upkeep
|turn|3
|
|t:|1659039348
|switch|p2a: Jirachi|Jirachi|100/100
|move|p1a: Corviknight|U-turn|p2a: Jirachi
|-damage|p2a: Jirachi|86/100
|
|t:|1659039353
|switch|p1a: Magnezone|Magnezone|100/100|[from]move: U-turn
|-damage|p1a: Magnezone|88/100|[from] Spikes
|
|-heal|p1a: Magnezone|94/100|[from] item: Leftovers
|upkeep
|turn|4
|
|t:|1659039362
|move|p2a: Jirachi|U-turn|p1a: Magnezone
|-resisted|p1a: Magnezone
|-damage|p1a: Magnezone|86/100
|
|t:|1659039366
|switch|p2a: Rotom|Rotom-Heat|100/100|[from]move: U-turn
|move|p1a: Magnezone|Substitute|p1a: Magnezone
|-start|p1a: Magnezone|Substitute
|-damage|p1a: Magnezone|61/100
|
|-heal|p1a: Magnezone|67/100|[from] item: Leftovers
|upkeep
|turn|5
|
|t:|1659039373
|move|p2a: Rotom|Overheat|p1a: Magnezone
|-supereffective|p1a: Magnezone
|-end|p1a: Magnezone|Substitute
|-unboost|p2a: Rotom|spa|2
|move|p1a: Magnezone|Rising Voltage|p2a: Rotom
|-resisted|p2a: Rotom
|-damage|p2a: Rotom|76/100
|
|-heal|p1a: Magnezone|73/100|[from] item: Leftovers
|-fieldend|move: Electric Terrain
|upkeep
|turn|6
|
|t:|1659039383
|switch|p1a: Landorus|Landorus-Therian, M|100/100
|-ability|p1a: Landorus|Intimidate|boost
|-unboost|p2a: Rotom|atk|1
|move|p2a: Rotom|Overheat|p1a: Landorus
|-damage|p1a: Landorus|77/100
|-unboost|p2a: Rotom|spa|2
|
|-heal|p1a: Landorus|83/100|[from] item: Leftovers
|upkeep
|turn|7
|
|t:|1659039392
|move|p2a: Rotom|Will-O-Wisp|p1a: Landorus
|-status|p1a: Landorus|brn
|move|p1a: Landorus|Toxic|p2a: Rotom
|-status|p2a: Rotom|tox
|
|-heal|p1a: Landorus|90/100 brn|[from] item: Leftovers
|-damage|p2a: Rotom|69/100 tox|[from] psn
|-damage|p1a: Landorus|83/100 brn|[from] brn
|upkeep
|turn|8
|
|t:|1659039402
|switch|p2a: Roserade|Roserade, M|38/100
|move|p1a: Landorus|U-turn|p2a: Roserade
|-damage|p2a: Roserade|17/100
|
|t:|1659039407
|switch|p1a: Tapu Koko|Tapu Koko|100/100|[from]move: U-turn
|-fieldstart|move: Electric Terrain|[from] ability: Electric Surge|[of] p1a: Tapu Koko
|
|-heal|p2a: Roserade|23/100|[from] item: Black Sludge
|upkeep
|turn|9
|
|t:|1659039413
|move|p1a: Tapu Koko|U-turn|p2a: Roserade
|-damage|p2a: Roserade|0 fnt
|faint|p2a: Roserade
|
|t:|1659039417
|switch|p1a: Landorus|Landorus-Therian, M|83/100 brn|[from]move: U-turn
|
|-heal|p1a: Landorus|90/100 brn|[from] item: Leftovers
|-damage|p1a: Landorus|83/100 brn|[from] brn
|upkeep
|
|t:|1659039433
|switch|p2a: Urshifu|Urshifu-Rapid-Strike, F|100/100
|turn|10
|
|t:|1659039445
|move|p2a: Urshifu|Surging Strikes|p1a: Landorus
|-supereffective|p1a: Landorus
|-crit|p1a: Landorus
|-damage|p1a: Landorus|26/100 brn
|-supereffective|p1a: Landorus
|-crit|p1a: Landorus
|-damage|p1a: Landorus|0 fnt
|faint|p1a: Landorus
|-hitcount|p1: Landorus|2
|
|upkeep
|
|t:|1659039454
|switch|p1a: Tapu Koko|Tapu Koko|100/100
|turn|11
|
|t:|1659039459
|switch|p2a: Rotom|Rotom-Heat|69/100 tox
|move|p1a: Tapu Koko|Dazzling Gleam|p2a: Rotom
|-resisted|p2a: Rotom
|-damage|p2a: Rotom|47/100 tox
|
|-damage|p2a: Rotom|41/100 tox|[from] psn
|upkeep
|turn|12
|
|t:|1659039466
|move|p1a: Tapu Koko|Dazzling Gleam|p2a: Rotom
|-resisted|p2a: Rotom
|-damage|p2a: Rotom|20/100 tox
|move|p2a: Rotom|Pain Split|p1a: Tapu Koko
|-sethp|p1a: Tapu Koko|59/100|[from] move: Pain Split|[silent]
|-sethp|p2a: Rotom|69/100 tox|[from] move: Pain Split
|
|-damage|p2a: Rotom|56/100 tox|[from] psn
|-fieldend|move: Electric Terrain
|upkeep
|turn|13
|
|t:|1659039478
|move|p1a: Tapu Koko|Roost|p1a: Tapu Koko
|-heal|p1a: Tapu Koko|100/100
|-singleturn|p1a: Tapu Koko|move: Roost
|move|p2a: Rotom|Overheat|p1a: Tapu Koko
|-damage|p1a: Tapu Koko|9/100
|-unboost|p2a: Rotom|spa|2
|
|-damage|p2a: Rotom|37/100 tox|[from] psn
|upkeep
|turn|14
|
|t:|1659039486
|move|p1a: Tapu Koko|Roost|p1a: Tapu Koko
|-heal|p1a: Tapu Koko|60/100
|-singleturn|p1a: Tapu Koko|move: Roost
|move|p2a: Rotom|Volt Switch|p1a: Tapu Koko
|-resisted|p1a: Tapu Koko
|-damage|p1a: Tapu Koko|47/100
|
|t:|1659039493
|switch|p2a: Jirachi|Jirachi|86/100|[from]move: Volt Switch
|
|upkeep
|turn|15
|
|t:|1659039503
|move|p2a: Jirachi|Trick|p1a: Tapu Koko
|-activate|p2a: Jirachi|move: Trick|[of] p1a: Tapu Koko
|-item|p1a: Tapu Koko|Choice Scarf|[from] move: Trick
|-item|p2a: Jirachi|Heavy-Duty Boots|[from] move: Trick
|move|p1a: Tapu Koko|U-turn|p2a: Jirachi
|-crit|p2a: Jirachi
|-damage|p2a: Jirachi|63/100
|
|t:|1659039510
|switch|p1a: Kartana|Kartana|100/100|[from]move: U-turn
|-damage|p1a: Kartana|88/100|[from] Spikes
|
|upkeep
|turn|16
|
|t:|1659039515
|move|p1a: Kartana|Knock Off|p2a: Jirachi
|-supereffective|p2a: Jirachi
|-damage|p2a: Jirachi|0 fnt
|-enditem|p2a: Jirachi|Heavy-Duty Boots|[from] move: Knock Off|[of] p1a: Kartana
|faint|p2a: Jirachi
|-ability|p1a: Kartana|Beast Boost|boost
|-boost|p1a: Kartana|atk|1
|
|upkeep
|
|t:|1659039519
|switch|p2a: Mandibuzz|Mandibuzz, F|100/100
|turn|17
|
|t:|1659039527
|switch|p1a: Corviknight|Corviknight, M|100/100
|-ability|p1a: Corviknight|Pressure
|move|p2a: Mandibuzz|Foul Play|p1a: Corviknight
|-damage|p1a: Corviknight|81/100
|-damage|p2a: Mandibuzz|84/100|[from] item: Rocky Helmet|[of] p1a: Corviknight
|
|upkeep
|turn|18
|
|t:|1659039534
|move|p2a: Mandibuzz|U-turn|p1a: Corviknight
|-resisted|p1a: Corviknight
|-damage|p1a: Corviknight|79/100
|-damage|p2a: Mandibuzz|67/100|[from] item: Rocky Helmet|[of] p1a: Corviknight
|
|t:|1659039537
|switch|p2a: Rotom|Rotom-Heat|37/100 tox|[from]move: U-turn
|move|p1a: Corviknight|U-turn|p2a: Rotom
|-resisted|p2a: Rotom
|-damage|p2a: Rotom|29/100 tox
|
|t:|1659039543
|switch|p1a: Tapu Koko|Tapu Koko|47/100|[from]move: U-turn
|-damage|p1a: Tapu Koko|34/100|[from] Spikes
|-fieldstart|move: Electric Terrain|[from] ability: Electric Surge|[of] p1a: Tapu Koko
|
|-damage|p2a: Rotom|22/100 tox|[from] psn
|upkeep
|turn|19
|
|t:|1659039551
|move|p1a: Tapu Koko|Dazzling Gleam|p2a: Rotom
|-resisted|p2a: Rotom
|-damage|p2a: Rotom|0 fnt
|faint|p2a: Rotom
|
|upkeep
|
|t:|1659039559
|switch|p2a: Urshifu|Urshifu-Rapid-Strike, F|100/100
|turn|20
|
|t:|1659039562
|move|p2a: Urshifu|Aqua Jet|p1a: Tapu Koko
|-damage|p1a: Tapu Koko|0 fnt
|faint|p1a: Tapu Koko
|
|upkeep
|
|t:|1659039573
|switch|p1a: Corviknight|Corviknight, M|79/100
|-ability|p1a: Corviknight|Pressure
|turn|21
|
|t:|1659039577
|switch|p2a: Mandibuzz|Mandibuzz, F|67/100
|move|p1a: Corviknight|U-turn|p2a: Mandibuzz
|-damage|p2a: Mandibuzz|58/100
|
|t:|1659039590
|switch|p1a: Kartana|Kartana|88/100|[from]move: U-turn
|-damage|p1a: Kartana|76/100|[from] Spikes
|
|upkeep
|turn|22
|
|t:|1659039600
|move|p1a: Kartana|Knock Off|p2a: Mandibuzz
|-resisted|p2a: Mandibuzz
|-damage|p2a: Mandibuzz|43/100
|-enditem|p2a: Mandibuzz|Heavy-Duty Boots|[from] move: Knock Off|[of] p1a: Kartana
|move|p2a: Mandibuzz|Roost|p2a: Mandibuzz
|-heal|p2a: Mandibuzz|93/100
|-singleturn|p2a: Mandibuzz|move: Roost
|
|-fieldend|move: Electric Terrain
|upkeep
|turn|23
|
|t:|1659039616
|switch|p1a: Corviknight|Corviknight, M|79/100
|-ability|p1a: Corviknight|Pressure
|switch|p2a: Garchomp|Garchomp, F|100/100
|
|upkeep
|turn|24
|
|t:|1659039623
|move|p2a: Garchomp|Swords Dance|p2a: Garchomp
|-boost|p2a: Garchomp|atk|2
|move|p1a: Corviknight|Body Press|p2a: Garchomp
|-damage|p2a: Garchomp|76/100
|-damage|p1a: Corviknight|67/100|[from] ability: Rough Skin|[of] p2a: Garchomp
|
|upkeep
|turn|25
|
|t:|1659039630
|move|p2a: Garchomp|Swords Dance|p2a: Garchomp
|-boost|p2a: Garchomp|atk|2
|move|p1a: Corviknight|Defog|p2a: Garchomp
|-unboost|p2a: Garchomp|evasion|1
|-sideend|p1: Anjii.V.|Spikes|[from] move: Defog|[of] p1a: Corviknight
|
|upkeep
|turn|26
|
|t:|1659039637
|move|p2a: Garchomp|Fire Fang|p1a: Corviknight
|-supereffective|p1a: Corviknight
|-damage|p1a: Corviknight|0 fnt
|-damage|p2a: Garchomp|60/100|[from] item: Rocky Helmet|[of] p1a: Corviknight
|faint|p1a: Corviknight
|
|upkeep
|
|t:|1659039645
|switch|p1a: Kartana|Kartana|76/100
|turn|27
|
|t:|1659039658
|move|p1a: Kartana|Sacred Sword|p2a: Garchomp
|-damage|p2a: Garchomp|22/100
|-damage|p1a: Kartana|63/100|[from] ability: Rough Skin|[of] p2a: Garchomp
|move|p2a: Garchomp|Fire Fang|p1a: Kartana
|-supereffective|p1a: Kartana
|-damage|p1a: Kartana|0 fnt
|faint|p1a: Kartana
|
|upkeep
|
|t:|1659039667
|switch|p1a: Dragonite|Dragonite, M|100/100
|turn|28
|
|t:|1659039674
|move|p2a: Garchomp|Scale Shot|p1a: Dragonite
|-supereffective|p1a: Dragonite
|-damage|p1a: Dragonite|60/100
|-supereffective|p1a: Dragonite
|-damage|p1a: Dragonite|0 fnt
|faint|p1a: Dragonite
|-hitcount|p1: Dragonite|2
|-unboost|p2a: Garchomp|def|1
|-boost|p2a: Garchomp|spe|1
|
|upkeep
|c|☆Anjii.V.|was hoping for amiss
|c|☆Kikoobuster|gg
|
|t:|1659039684
|switch|p1a: Magnezone|Magnezone|73/100
|turn|29
|c|☆Anjii.V.|I missplayed somwhere
|
|t:|1659039693
|move|p2a: Garchomp|Earthquake|p1a: Magnezone
|-supereffective|p1a: Magnezone
|-damage|p1a: Magnezone|0 fnt
|faint|p1a: Magnezone
|
|win|Kikoobuster
|raw|Anjii.V.'s rating: 1383 &rarr; <strong>1366</strong><br />(-17 for losing)
|raw|Kikoobuster's rating: 1428 &rarr; <strong>1445</strong><br />(+17 for winning)
|l|☆Anjii.V.
