|j|☆GuardArc
|j|☆Ducky5148
|t:|1610763751
|player|p1|GuardArc|lance-gen3|
|player|p2|Ducky5148|266|
|teamsize|p1|6
|teamsize|p2|6
|gametype|singles
|gen|8
|tier|[Gen 8] OU
|clearpoke
|poke|p1|Tornadus-Therian, M|
|poke|p1|Kartana|
|poke|p1|Tyranitar, M|
|poke|p1|Aegislash, F|
|poke|p1|Tangrowth, M|
|poke|p1|Tapu Fini|
|poke|p2|Scizor, M|
|poke|p2|Tapu Koko|
|poke|p2|Gastrodon-East, M|
|poke|p2|Corviknight, M|
|poke|p2|Cinderace, M|
|poke|p2|Kommo-o, M|
|rule|Sleep Clause Mod: Limit one foe put to sleep
|rule|Species Clause: Limit one of each Pokémon
|rule|OHKO Clause: OHKO moves are banned
|rule|Evasion Moves Clause: Evasion moves are banned
|rule|Endless Battle Clause: Forcing endless battles is banned
|rule|HP Percentage Mod: HP is shown in percentages
|rule|Dynamax Clause: You cannot dynamax
|teampreview
|c|☆GuardArc|game 2, gl hf man
|c|☆Ducky5148|Same
|
|t:|1610763772
|start
|switch|p1a: Tapu Fini|Tapu Fini|100/100
|switch|p2a: Tapu Koko|Tapu Koko|100/100
|-fieldstart|move: Misty Terrain|[from] ability: Misty Surge|[of] p1a: Tapu Fini
|-fieldstart|move: Electric Terrain|[from] ability: Electric Surge|[of] p2a: Tapu Koko
|turn|1
|
|t:|1610763786
|switch|p1a: Tyranitar|Tyranitar, M|100/100
|-weather|Sandstorm|[from] ability: Sand Stream|[of] p1a: Tyranitar
|move|p2a: Tapu Koko|Thunderbolt|p1a: Tyranitar
|-damage|p1a: Tyranitar|79/100
|
|-weather|Sandstorm|[upkeep]
|-damage|p2a: Tapu Koko|94/100|[from] Sandstorm
|-heal|p1a: Tyranitar|85/100|[from] item: Leftovers
|upkeep
|turn|2
|
|t:|1610763801
|move|p2a: Tapu Koko|U-turn|p1a: Tyranitar
|-supereffective|p1a: Tyranitar
|-damage|p1a: Tyranitar|61/100
|
|t:|1610763808
|switch|p2a: Kommo-o|Kommo-o, M|100/100|[from]move: U-turn
|move|p1a: Tyranitar|Stealth Rock|p2a: Kommo-o
|-sidestart|p2: Ducky5148|move: Stealth Rock
|
|-weather|Sandstorm|[upkeep]
|-damage|p2a: Kommo-o|94/100|[from] Sandstorm
|-heal|p1a: Tyranitar|67/100|[from] item: Leftovers
|upkeep
|turn|3
|
|t:|1610763829
|switch|p1a: Aegislash|Aegislash, F, shiny|100/100
|move|p2a: Kommo-o|Toxic|p1a: Aegislash
|-immune|p1a: Aegislash
|
|-weather|Sandstorm|[upkeep]
|-damage|p2a: Kommo-o|88/100|[from] Sandstorm
|upkeep
|turn|4
|l|☆GuardArc
|player|p1|
|j|☆GuardArc
|player|p1|GuardArc|lance-gen3
|
|t:|1610763892
|switch|p1a: Tapu Fini|Tapu Fini|100/100
|-fieldstart|move: Misty Terrain|[from] ability: Misty Surge|[of] p1a: Tapu Fini
|move|p2a: Kommo-o|Stealth Rock|p1a: Tapu Fini
|-sidestart|p1: GuardArc|move: Stealth Rock
|
|-weather|Sandstorm|[upkeep]
|-damage|p1a: Tapu Fini|94/100|[from] Sandstorm
|-damage|p2a: Kommo-o|82/100|[from] Sandstorm
|upkeep
|turn|5
|
|t:|1610763905
|switch|p2a: Scizor|Scizor, M|100/100
|-damage|p2a: Scizor|88/100|[from] Stealth Rock
|move|p1a: Tapu Fini|Defog|p2a: Scizor
|-unboost|p2a: Scizor|evasion|1
|-sideend|p2: Ducky5148|Stealth Rock|[from] move: Defog|[of] p1a: Tapu Fini
|-sideend|p1: GuardArc|Stealth Rock|[from] move: Defog|[of] p1a: Tapu Fini
|-fieldend|Misty Terrain
|
|-weather|none
|upkeep
|turn|6
|
|t:|1610763927
|switch|p1a: Tornadus|Tornadus-Therian, M|100/100
|switch|p2a: Tapu Koko|Tapu Koko|94/100
|-fieldstart|move: Electric Terrain|[from] ability: Electric Surge|[of] p2a: Tapu Koko
|
|upkeep
|turn|7
|
|t:|1610763937
|switch|p1a: Tangrowth|Tangrowth, M|100/100
|move|p2a: Tapu Koko|Thunderbolt|p1a: Tangrowth
|-resisted|p1a: Tangrowth
|-crit|p1a: Tangrowth
|-damage|p1a: Tangrowth|47/100
|
|upkeep
|turn|8
|
|t:|1610763952
|move|p2a: Tapu Koko|U-turn|p1a: Tangrowth
|-supereffective|p1a: Tangrowth
|-damage|p1a: Tangrowth|30/100
|-damage|p2a: Tapu Koko|78/100|[from] item: Rocky Helmet|[of] p1a: Tangrowth
|
|t:|1610763957
|switch|p2a: Kommo-o|Kommo-o, M|82/100|[from]move: U-turn
|move|p1a: Tangrowth|Sludge Bomb|p2a: Kommo-o
|-immune|p2a: Kommo-o|[from] ability: Bulletproof
|
|upkeep
|turn|9
|
|t:|1610763970
|switch|p2a: Cinderace|Cinderace, M|100/100
|switch|p1a: Tapu Fini|Tapu Fini|94/100
|-fieldstart|move: Misty Terrain|[from] ability: Misty Surge|[of] p1a: Tapu Fini
|
|upkeep
|turn|10
|
|t:|1610763982
|switch|p2a: Corviknight|Corviknight, M, shiny|100/100
|-ability|p2a: Corviknight|Pressure
|move|p1a: Tapu Fini|Surf|p2a: Corviknight
|-damage|p2a: Corviknight|75/100
|
|-heal|p2a: Corviknight|81/100|[from] item: Leftovers
|upkeep
|turn|11
|
|t:|1610764002
|switch|p1a: Tornadus|Tornadus-Therian, M|100/100
|move|p2a: Corviknight|U-turn|p1a: Tornadus
|-resisted|p1a: Tornadus
|-damage|p1a: Tornadus|91/100
|
|t:|1610764008
|switch|p2a: Tapu Koko|Tapu Koko|78/100|[from]move: U-turn
|-fieldstart|move: Electric Terrain|[from] ability: Electric Surge|[of] p2a: Tapu Koko
|
|upkeep
|turn|12
|
|t:|1610764016
|switch|p1a: Tyranitar|Tyranitar, M|67/100
|-weather|Sandstorm|[from] ability: Sand Stream|[of] p1a: Tyranitar
|move|p2a: Tapu Koko|Thunderbolt|p1a: Tyranitar
|-damage|p1a: Tyranitar|45/100
|
|-weather|Sandstorm|[upkeep]
|-damage|p2a: Tapu Koko|72/100|[from] Sandstorm
|-heal|p1a: Tyranitar|51/100|[from] item: Leftovers
|upkeep
|turn|13
|
|t:|1610764027
|move|p2a: Tapu Koko|U-turn|p1a: Tyranitar
|-supereffective|p1a: Tyranitar
|-damage|p1a: Tyranitar|28/100
|
|t:|1610764031
|switch|p2a: Kommo-o|Kommo-o, M|82/100|[from]move: U-turn
|move|p1a: Tyranitar|Stealth Rock|p2a: Kommo-o
|-sidestart|p2: Ducky5148|move: Stealth Rock
|
|-weather|Sandstorm|[upkeep]
|-damage|p2a: Kommo-o|76/100|[from] Sandstorm
|-heal|p1a: Tyranitar|34/100|[from] item: Leftovers
|upkeep
|turn|14
|
|t:|1610764041
|move|p2a: Kommo-o|Stealth Rock|p1a: Tyranitar
|-sidestart|p1: GuardArc|move: Stealth Rock
|move|p1a: Tyranitar|Toxic|p2a: Kommo-o
|-status|p2a: Kommo-o|tox
|
|-weather|Sandstorm|[upkeep]
|-damage|p2a: Kommo-o|69/100 tox|[from] Sandstorm
|-heal|p1a: Tyranitar|40/100|[from] item: Leftovers
|-damage|p2a: Kommo-o|63/100 tox|[from] psn
|upkeep
|turn|15
|
|t:|1610764055
|switch|p2a: Corviknight|Corviknight, M, shiny|81/100
|-damage|p2a: Corviknight|69/100|[from] Stealth Rock
|-ability|p2a: Corviknight|Pressure
|switch|p1a: Tangrowth|Tangrowth, M|63/100
|-damage|p1a: Tangrowth|51/100|[from] Stealth Rock
|
|-weather|Sandstorm|[upkeep]
|-damage|p1a: Tangrowth|45/100|[from] Sandstorm
|-heal|p2a: Corviknight|75/100|[from] item: Leftovers
|-fieldend|move: Electric Terrain
|upkeep
|turn|16
|
|t:|1610764085
|switch|p1a: Aegislash|Aegislash, F, shiny|100/100
|-damage|p1a: Aegislash|95/100|[from] Stealth Rock
|move|p2a: Corviknight|Defog|p1a: Aegislash
|-unboost|p1a: Aegislash|evasion|1
|-sideend|p1: GuardArc|Stealth Rock|[from] move: Defog|[of] p2a: Corviknight
|-sideend|p2: Ducky5148|Stealth Rock|[from] move: Defog|[of] p2a: Corviknight
|
|-weather|none
|-heal|p1a: Aegislash|100/100|[from] item: Leftovers
|-heal|p2a: Corviknight|81/100|[from] item: Leftovers
|upkeep
|turn|17
|
|t:|1610764103
|move|p1a: Aegislash|Swords Dance|p1a: Aegislash
|-boost|p1a: Aegislash|atk|2
|move|p2a: Corviknight|U-turn|p1a: Aegislash
|-resisted|p1a: Aegislash
|-damage|p1a: Aegislash|97/100
|
|t:|1610764116
|switch|p2a: Cinderace|Cinderace, M|100/100|[from]move: U-turn
|
|-heal|p1a: Aegislash|100/100|[from] item: Leftovers
|upkeep
|turn|18
|l|☆GuardArc
|player|p1|
|j|☆GuardArc
|player|p1|GuardArc|lance-gen3
|
|t:|1610764198
|switch|p1a: Tapu Fini|Tapu Fini|94/100
|-fieldstart|move: Misty Terrain|[from] ability: Misty Surge|[of] p1a: Tapu Fini
|move|p2a: Cinderace|Pyro Ball|p1a: Tapu Fini
|-resisted|p1a: Tapu Fini
|-damage|p1a: Tapu Fini|52/100
|-damage|p2a: Cinderace|91/100|[from] item: Life Orb
|
|upkeep
|turn|19
|
|t:|1610764208
|move|p1a: Tapu Fini|Surf|p2a: Cinderace
|-supereffective|p2a: Cinderace
|-damage|p2a: Cinderace|0 fnt
|faint|p2a: Cinderace
|
|upkeep
|
|t:|1610764224
|switch|p2a: Gastrodon|Gastrodon-East, M|100/100
|turn|20
|
|t:|1610764232
|switch|p1a: Kartana|Kartana|100/100
|move|p2a: Gastrodon|Earthquake|p1a: Kartana
|-damage|p1a: Kartana|67/100
|
|upkeep
|turn|21
|
|t:|1610764240
|switch|p2a: Kommo-o|Kommo-o, M|63/100 tox
|move|p1a: Kartana|Knock Off|p2a: Kommo-o
|-resisted|p2a: Kommo-o
|-damage|p2a: Kommo-o|50/100 tox
|-enditem|p2a: Kommo-o|Rocky Helmet|[from] move: Knock Off|[of] p1a: Kartana
|
|-damage|p2a: Kommo-o|43/100 tox|[from] psn
|upkeep
|turn|22
|
|t:|1610764255
|switch|p1a: Aegislash|Aegislash, F, shiny|100/100
|move|p2a: Kommo-o|Body Press|p1a: Aegislash
|-immune|p1a: Aegislash
|
|-damage|p2a: Kommo-o|31/100 tox|[from] psn
|-fieldend|Misty Terrain
|upkeep
|turn|23
|
|t:|1610764267
|switch|p2a: Tapu Koko|Tapu Koko|72/100
|-fieldstart|move: Electric Terrain|[from] ability: Electric Surge|[of] p2a: Tapu Koko
|switch|p1a: Tornadus|Tornadus-Therian, M|100/100
|
|upkeep
|turn|24
|
|t:|1610764275
|switch|p1a: Tangrowth|Tangrowth, M|78/100
|move|p2a: Tapu Koko|Thunderbolt|p1a: Tangrowth
|-resisted|p1a: Tangrowth
|-damage|p1a: Tangrowth|42/100
|
|upkeep
|turn|25
|
|t:|1610764283
|move|p2a: Tapu Koko|U-turn|p1a: Tangrowth
|-supereffective|p1a: Tangrowth
|-damage|p1a: Tangrowth|25/100
|-damage|p2a: Tapu Koko|56/100|[from] item: Rocky Helmet|[of] p1a: Tangrowth
|
|t:|1610764288
|switch|p2a: Scizor|Scizor, M|88/100|[from]move: U-turn
|move|p1a: Tangrowth|Leech Seed|p2a: Scizor
|-start|p2a: Scizor|move: Leech Seed
|
|-damage|p2a: Scizor|76/100|[from] Leech Seed|[of] p1a: Tangrowth
|-heal|p1a: Tangrowth|35/100|[silent]
|upkeep
|turn|26
|
|t:|1610764299
|switch|p1a: Tapu Fini|Tapu Fini|52/100
|-fieldstart|move: Misty Terrain|[from] ability: Misty Surge|[of] p1a: Tapu Fini
|move|p2a: Scizor|Knock Off|p1a: Tapu Fini
|-resisted|p1a: Tapu Fini
|-damage|p1a: Tapu Fini|28/100
|-enditem|p1a: Tapu Fini|Choice Scarf|[from] move: Knock Off|[of] p2a: Scizor
|-damage|p2a: Scizor|66/100|[from] item: Life Orb
|
|-damage|p2a: Scizor|54/100|[from] Leech Seed|[of] p1a: Tapu Fini
|-heal|p1a: Tapu Fini|43/100|[silent]
|upkeep
|turn|27
|
|t:|1610764312
|switch|p2a: Kommo-o|Kommo-o, M|31/100 tox
|move|p1a: Tapu Fini|Trick||[still]
|-fail|p1a: Tapu Fini
|
|-damage|p2a: Kommo-o|25/100 tox|[from] psn
|upkeep
|turn|28
|
|t:|1610764320
|move|p1a: Tapu Fini|Moonblast|p2a: Kommo-o
|-supereffective|p2a: Kommo-o
|-damage|p2a: Kommo-o|0 fnt
|faint|p2a: Kommo-o
|
|upkeep
|
|t:|1610764329
|switch|p2a: Tapu Koko|Tapu Koko|56/100
|-fieldstart|move: Electric Terrain|[from] ability: Electric Surge|[of] p2a: Tapu Koko
|turn|29
|
|t:|1610764338
|switch|p1a: Tangrowth|Tangrowth, M|68/100
|move|p2a: Tapu Koko|Thunderbolt|p1a: Tangrowth
|-resisted|p1a: Tangrowth
|-damage|p1a: Tangrowth|35/100
|
|upkeep
|turn|30
|
|t:|1610764349
|switch|p1a: Tyranitar|Tyranitar, M|40/100
|-weather|Sandstorm|[from] ability: Sand Stream|[of] p1a: Tyranitar
|move|p2a: Tapu Koko|Thunderbolt|p1a: Tyranitar
|-damage|p1a: Tyranitar|19/100
|
|-weather|Sandstorm|[upkeep]
|-damage|p2a: Tapu Koko|50/100|[from] Sandstorm
|-heal|p1a: Tyranitar|25/100|[from] item: Leftovers
|upkeep
|turn|31
|
|t:|1610764360
|move|p2a: Tapu Koko|Dazzling Gleam|p1a: Tyranitar
|-supereffective|p1a: Tyranitar
|-damage|p1a: Tyranitar|0 fnt
|faint|p1a: Tyranitar
|
|-weather|Sandstorm|[upkeep]
|-damage|p2a: Tapu Koko|44/100|[from] Sandstorm
|upkeep
|
|t:|1610764370
|switch|p1a: Aegislash|Aegislash, F, shiny|100/100
|turn|32
|
|t:|1610764379
|move|p2a: Tapu Koko|Thunderbolt|p1a: Aegislash
|-damage|p1a: Aegislash|58/100
|-formechange|p1a: Aegislash|Aegislash-Blade||[from] ability: Stance Change
|move|p1a: Aegislash|Iron Head|p2a: Tapu Koko
|-damage|p2a: Tapu Koko|0 fnt
|faint|p2a: Tapu Koko
|
|-weather|Sandstorm|[upkeep]
|-heal|p1a: Aegislash|64/100|[from] item: Leftovers
|upkeep
|
|t:|1610764394
|switch|p2a: Scizor|Scizor, M|54/100
|turn|33
|
|t:|1610764403
|switch|p1a: Tangrowth|Tangrowth, M|68/100
|move|p2a: Scizor|Swords Dance|p2a: Scizor
|-boost|p2a: Scizor|atk|2
|
|-weather|Sandstorm|[upkeep]
|-damage|p1a: Tangrowth|62/100|[from] Sandstorm
|-fieldend|move: Electric Terrain
|upkeep
|turn|34
|
|t:|1610764416
|move|p2a: Scizor|Knock Off|p1a: Tangrowth
|-damage|p1a: Tangrowth|14/100
|-damage|p2a: Scizor|37/100|[from] item: Rocky Helmet|[of] p1a: Tangrowth
|-enditem|p1a: Tangrowth|Rocky Helmet|[from] move: Knock Off|[of] p2a: Scizor
|-damage|p2a: Scizor|27/100|[from] item: Life Orb
|move|p1a: Tangrowth|Focus Blast|p2a: Scizor
|-damage|p2a: Scizor|0 fnt
|faint|p2a: Scizor
|
|-weather|none
|upkeep
|
|t:|1610764428
|switch|p2a: Gastrodon|Gastrodon-East, M|100/100
|turn|35
|
|t:|1610764434
|switch|p1a: Kartana|Kartana|67/100
|move|p2a: Gastrodon|Curse|p2a: Gastrodon
|-unboost|p2a: Gastrodon|spe|1
|-boost|p2a: Gastrodon|atk|1
|-boost|p2a: Gastrodon|def|1
|
|upkeep
|turn|36
|
|t:|1610764442
|switch|p2a: Corviknight|Corviknight, M, shiny|81/100
|-ability|p2a: Corviknight|Pressure
|move|p1a: Kartana|Leaf Blade|p2a: Corviknight
|-resisted|p2a: Corviknight
|-damage|p2a: Corviknight|69/100
|
|-heal|p2a: Corviknight|75/100|[from] item: Leftovers
|upkeep
|turn|37
|
|t:|1610764454
|move|p1a: Kartana|Swords Dance|p1a: Kartana
|-boost|p1a: Kartana|atk|2
|move|p2a: Corviknight|Brave Bird|p1a: Kartana
|-damage|p1a: Kartana|31/100
|-damage|p2a: Corviknight|67/100|[from] Recoil
|
|-heal|p2a: Corviknight|74/100|[from] item: Leftovers
|upkeep
|turn|38
|
|t:|1610764479
|move|p1a: Kartana|Knock Off|p2a: Corviknight
|-damage|p2a: Corviknight|8/100
|-enditem|p2a: Corviknight|Leftovers|[from] move: Knock Off|[of] p1a: Kartana
|move|p2a: Corviknight|Brave Bird|p1a: Kartana
|-damage|p1a: Kartana|0 fnt
|-damage|p2a: Corviknight|2/100|[from] Recoil
|faint|p1a: Kartana
|
|upkeep
|
|t:|1610764488
|switch|p1a: Tornadus|Tornadus-Therian, M|100/100
|turn|39
|
|t:|1610764495
|move|p1a: Tornadus|Heat Wave|p2a: Corviknight
|-supereffective|p2a: Corviknight
|-damage|p2a: Corviknight|0 fnt
|faint|p2a: Corviknight
|
|upkeep
|
|t:|1610764500
|switch|p2a: Gastrodon|Gastrodon-East, M|100/100
|turn|40
|
|t:|1610764504
|switch|p1a: Tangrowth|Tangrowth, M|47/100
|move|p2a: Gastrodon|Curse|p2a: Gastrodon
|-unboost|p2a: Gastrodon|spe|1
|-boost|p2a: Gastrodon|atk|1
|-boost|p2a: Gastrodon|def|1
|
|upkeep
|turn|41
|
|t:|1610764512
|move|p1a: Tangrowth|Giga Drain|p2a: Gastrodon
|-supereffective|p2a: Gastrodon
|-damage|p2a: Gastrodon|22/100
|-heal|p1a: Tangrowth|89/100|[from] drain|[of] p2a: Gastrodon
|move|p2a: Gastrodon|Earthquake|p1a: Tangrowth
|-resisted|p1a: Tangrowth
|-damage|p1a: Tangrowth|78/100
|
|-heal|p2a: Gastrodon|28/100|[from] item: Leftovers
|upkeep
|turn|42
|c|☆Ducky5148|Gg
|c|☆GuardArc|ggs man :)
|
|t:|1610764529
|move|p1a: Tangrowth|Giga Drain|p2a: Gastrodon
|-supereffective|p2a: Gastrodon
|-damage|p2a: Gastrodon|0 fnt
|-heal|p1a: Tangrowth|93/100|[from] drain|[of] p2a: Gastrodon
|faint|p2a: Gastrodon
|
|win|GuardArc
