|j|☆Tobacco Koko
|j|☆Oryen
|inactive|Battle timer is ON: inactive players will automatically lose when time's up.
|t:|1662573201
|gametype|singles
|player|p1|Tobacco Koko|lady|
|player|p2|Oryen|102|
|teamsize|p1|6
|teamsize|p2|6
|gen|8
|tier|[Gen 8] OU
|rated|Tournament battle
|rule|Sleep Clause Mod: Limit one foe put to sleep
|rule|Species Clause: Limit one of each Pokémon
|rule|OHKO Clause: OHKO moves are banned
|rule|Evasion Items Clause: Evasion items are banned
|rule|Evasion Moves Clause: Evasion moves are banned
|rule|Endless Battle Clause: Forcing endless battles is banned
|rule|HP Percentage Mod: HP is shown in percentages
|rule|Dynamax Clause: You cannot dynamax
|clearpoke
|poke|p1|Tapu Koko|
|poke|p1|Urshifu-*, F|
|poke|p1|Slowking-Galar, M|
|poke|p1|Corviknight, F|
|poke|p1|Landorus-Therian, M|
|poke|p1|Weavile, F|
|poke|p2|Urshifu-*, M|
|poke|p2|Tyranitar, M|
|poke|p2|Excadrill, M|
|poke|p2|Zapdos|
|poke|p2|Ferrothorn, M|
|poke|p2|Tapu Lele|
|teampreview
|j|*Lady Monita
|c|☆Oryen|hf
|c|☆Tobacco Koko|luck
|c|☆Tobacco Koko|fun
|inactive|Tobacco Koko has 120 seconds left.
|c|☆Tobacco Koko|bless
|
|t:|1662573247
|start
|switch|p1a: Landorus|Landorus-Therian, M|100/100
|switch|p2a: Urshifu|Urshifu-Rapid-Strike, M|100/100
|-ability|p1a: Landorus|Intimidate|boost
|-unboost|p2a: Urshifu|atk|1
|turn|1
|j| EpicBoost
|
|t:|1662573262
|switch|p1a: Corviknight|Corviknight, F|100/100
|-ability|p1a: Corviknight|Pressure
|move|p2a: Urshifu|Surging Strikes|p1a: Corviknight
|-crit|p1a: Corviknight
|-damage|p1a: Corviknight|89/100
|-crit|p1a: Corviknight
|-damage|p1a: Corviknight|77/100
|-crit|p1a: Corviknight
|-damage|p1a: Corviknight|64/100
|-hitcount|p1a: Corviknight|3
|
|upkeep
|turn|2
|l| EpicBoost
|
|t:|1662573271
|move|p2a: Urshifu|Taunt|p1a: Corviknight
|-start|p1a: Corviknight|move: Taunt
|cant|p1a: Corviknight|move: Taunt|Roost
|
|upkeep
|turn|3
|j| Shuckle15
|j| beepbeep345
|j| BulletRain27
|
|t:|1662573292
|switch|p1a: Urshifu|Urshifu-Rapid-Strike, F|100/100
|move|p2a: Urshifu|Surging Strikes|p1a: Urshifu
|-resisted|p1a: Urshifu
|-crit|p1a: Urshifu
|-damage|p1a: Urshifu|91/100
|-resisted|p1a: Urshifu
|-crit|p1a: Urshifu
|-damage|p1a: Urshifu|80/100
|-resisted|p1a: Urshifu
|-crit|p1a: Urshifu
|-damage|p1a: Urshifu|70/100
|-hitcount|p1a: Urshifu|3
|
|upkeep
|turn|4
|j| ACrumbOfSerotonin
|l| ACrumbOfSerotonin
|l| beepbeep345
|
|t:|1662573307
|switch|p2a: Zapdos|Zapdos|100/100
|move|p1a: Urshifu|Close Combat|p2a: Zapdos
|-resisted|p2a: Zapdos
|-damage|p2a: Zapdos|64/100
|-unboost|p1a: Urshifu|def|1
|-unboost|p1a: Urshifu|spd|1
|
|upkeep
|turn|5
|j|%Jadino bambino
|inactive|Tobacco Koko has 120 seconds left.
|
|t:|1662573324
|switch|p1a: Landorus|Landorus-Therian, M|100/100
|-ability|p1a: Landorus|Intimidate|boost
|-unboost|p2a: Zapdos|atk|1
|move|p2a: Zapdos|Roost|p2a: Zapdos
|-heal|p2a: Zapdos|100/100
|-singleturn|p2a: Zapdos|move: Roost
|
|upkeep
|turn|6
|
|t:|1662573337
|switch|p2a: Ferrothorn|Ferrothorn, M|100/100
|move|p1a: Landorus|Toxic|p2a: Ferrothorn
|-immune|p2a: Ferrothorn
|
|upkeep
|turn|7
|inactive|Tobacco Koko has 120 seconds left.
|
|t:|1662573353
|switch|p1a: Slowking|Slowking-Galar, M|100/100
|switch|p2a: Urshifu|Urshifu-Rapid-Strike, M|100/100
|
|upkeep
|turn|8
|inactive|Tobacco Koko has 120 seconds left.
|
|t:|1662573365
|move|p2a: Urshifu|U-turn|p1a: Slowking
|-damage|p1a: Slowking|76/100
|
|t:|1662573368
|switch|p2a: Tyranitar|Tyranitar, M|100/100|[from]move: U-turn
|-weather|Sandstorm|[from] ability: Sand Stream|[of] p2a: Tyranitar
|move|p1a: Slowking|Future Sight|p2a: Tyranitar
|-start|p1a: Slowking|move: Future Sight
|
|-weather|Sandstorm|[upkeep]
|-damage|p1a: Slowking|70/100|[from] Sandstorm
|upkeep
|turn|9
|
|t:|1662573380
|switch|p1a: Urshifu|Urshifu-Rapid-Strike, F|70/100
|move|p2a: Tyranitar|Stone Edge|p1a: Urshifu
|-resisted|p1a: Urshifu
|-damage|p1a: Urshifu|23/100
|
|-weather|Sandstorm|[upkeep]
|-damage|p1a: Urshifu|17/100|[from] Sandstorm
|upkeep
|turn|10
|j| TRowePrice
|inactive|Tobacco Koko has 120 seconds left.
|
|t:|1662573397
|switch|p2a: Tapu Lele|Tapu Lele, shiny|100/100
|-fieldstart|move: Psychic Terrain|[from] ability: Psychic Surge|[of] p2a: Tapu Lele
|move|p1a: Urshifu|Surging Strikes|p2a: Tapu Lele
|-crit|p2a: Tapu Lele
|-damage|p2a: Tapu Lele|53/100
|-crit|p2a: Tapu Lele
|-damage|p2a: Tapu Lele|11/100
|-crit|p2a: Tapu Lele
|-damage|p2a: Tapu Lele|0 fnt
|faint|p2a: Tapu Lele
|-hitcount|p2: Tapu Lele|3
|
|-weather|Sandstorm|[upkeep]
|-damage|p1a: Urshifu|11/100|[from] Sandstorm
|-hint|Future Sight did not hit because the target is fainted.
|upkeep
|l|%Jadino bambino
|
|t:|1662573409
|switch|p2a: Urshifu|Urshifu-Rapid-Strike, M|100/100
|turn|11
|inactive|Tobacco Koko has 120 seconds left.
|inactive|Tobacco Koko has 90 seconds left.
|j| Dinorider55
|
|t:|1662573465
|switch|p1a: Weavile|Weavile, F|100/100
|-ability|p1a: Weavile|Pressure
|move|p2a: Urshifu|Surging Strikes|p1a: Weavile
|-crit|p1a: Weavile
|-damage|p1a: Weavile|65/100
|-crit|p1a: Weavile
|-damage|p1a: Weavile|29/100
|-crit|p1a: Weavile
|-damage|p1a: Weavile|0 fnt
|faint|p1a: Weavile
|-hitcount|p1: Weavile|3
|
|-weather|Sandstorm|[upkeep]
|-damage|p2a: Urshifu|94/100|[from] Sandstorm
|upkeep
|
|t:|1662573469
|switch|p1a: Tapu Koko|Tapu Koko|100/100
|-fieldstart|move: Electric Terrain|[from] ability: Electric Surge|[of] p1a: Tapu Koko
|turn|12
|inactive|Tobacco Koko has 90 seconds left.
|
|t:|1662573477
|switch|p2a: Excadrill|Excadrill, M|100/100
|move|p1a: Tapu Koko|U-turn|p2a: Excadrill
|-resisted|p2a: Excadrill
|-damage|p2a: Excadrill|89/100
|inactive|Tobacco Koko has 90 seconds left.
|
|t:|1662573482
|switch|p1a: Landorus|Landorus-Therian, M|100/100|[from]move: U-turn
|-ability|p1a: Landorus|Intimidate|boost
|-unboost|p2a: Excadrill|atk|1
|
|-weather|none
|upkeep
|turn|13
|
|t:|1662573489
|switch|p2a: Zapdos|Zapdos|100/100
|move|p1a: Landorus|Stealth Rock|p2a: Zapdos
|-sidestart|p2: Oryen|move: Stealth Rock
|
|upkeep
|turn|14
|
|t:|1662573503
|switch|p1a: Corviknight|Corviknight, F|64/100
|-ability|p1a: Corviknight|Pressure
|move|p2a: Zapdos|Hurricane|p1a: Corviknight
|-resisted|p1a: Corviknight
|-damage|p1a: Corviknight|44/100
|
|upkeep
|turn|15
|
|t:|1662573516
|switch|p1a: Slowking|Slowking-Galar, M|100/100
|move|p2a: Zapdos|Volt Switch|p1a: Slowking
|-damage|p1a: Slowking|89/100
|
|t:|1662573521
|switch|p2a: Tyranitar|Tyranitar, M|100/100|[from]move: Volt Switch
|-damage|p2a: Tyranitar|88/100|[from] Stealth Rock
|-weather|Sandstorm|[from] ability: Sand Stream|[of] p2a: Tyranitar
|
|-weather|Sandstorm|[upkeep]
|-damage|p1a: Slowking|83/100|[from] Sandstorm
|upkeep
|turn|16
|inactive|Tobacco Koko has 90 seconds left.
|
|t:|1662573544
|switch|p1a: Landorus|Landorus-Therian, M|100/100
|-ability|p1a: Landorus|Intimidate|boost
|-unboost|p2a: Tyranitar|atk|1
|move|p2a: Tyranitar|Crunch|p1a: Landorus
|-damage|p1a: Landorus|57/100
|
|-weather|Sandstorm|[upkeep]
|-heal|p1a: Landorus|63/100|[from] item: Leftovers
|-fieldend|move: Electric Terrain
|upkeep
|turn|17
|
|t:|1662573554
|switch|p2a: Urshifu|Urshifu-Rapid-Strike, M|94/100
|-damage|p2a: Urshifu|88/100|[from] Stealth Rock
|move|p1a: Landorus|Toxic|p2a: Urshifu
|-status|p2a: Urshifu|tox
|
|-weather|Sandstorm|[upkeep]
|-damage|p2a: Urshifu|82/100 tox|[from] Sandstorm
|-heal|p1a: Landorus|69/100|[from] item: Leftovers
|-damage|p2a: Urshifu|76/100 tox|[from] psn
|upkeep
|turn|18
|inactive|Tobacco Koko has 90 seconds left.
|j|%Jadino bambino
|
|t:|1662573586
|switch|p1a: Slowking|Slowking-Galar, M|100/100
|move|p2a: Urshifu|Surging Strikes|p1a: Slowking
|-crit|p1a: Slowking
|-damage|p1a: Slowking|79/100
|-crit|p1a: Slowking
|-damage|p1a: Slowking|59/100
|-crit|p1a: Slowking
|-damage|p1a: Slowking|38/100
|-hitcount|p1a: Slowking|3
|
|-weather|Sandstorm|[upkeep]
|-damage|p2a: Urshifu|70/100 tox|[from] Sandstorm
|-damage|p1a: Slowking|32/100|[from] Sandstorm
|-damage|p2a: Urshifu|57/100 tox|[from] psn
|upkeep
|turn|19
|j| Yimiku
|
|t:|1662573597
|move|p2a: Urshifu|Surging Strikes|p1a: Slowking
|-crit|p1a: Slowking
|-damage|p1a: Slowking|11/100
|-crit|p1a: Slowking
|-damage|p1a: Slowking|0 fnt
|faint|p1a: Slowking
|-hitcount|p1: Slowking|2
|
|-weather|none
|-damage|p2a: Urshifu|39/100 tox|[from] psn
|upkeep
|j| bulut
|inactive|Tobacco Koko has 60 seconds left.
|
|t:|1662573622
|switch|p1a: Corviknight|Corviknight, F|44/100
|-ability|p1a: Corviknight|Pressure
|turn|20
|
|t:|1662573630
|move|p2a: Urshifu|Taunt|p1a: Corviknight
|-start|p1a: Corviknight|move: Taunt
|cant|p1a: Corviknight|move: Taunt|Roost
|
|-damage|p2a: Urshifu|14/100 tox|[from] psn
|upkeep
|turn|21
|inactive|Tobacco Koko has 60 seconds left.
|
|t:|1662573652
|switch|p1a: Tapu Koko|Tapu Koko|100/100
|-fieldstart|move: Electric Terrain|[from] ability: Electric Surge|[of] p1a: Tapu Koko
|move|p2a: Urshifu|Surging Strikes|p1a: Tapu Koko
|-crit|p1a: Tapu Koko
|-damage|p1a: Tapu Koko|71/100
|-crit|p1a: Tapu Koko
|-damage|p1a: Tapu Koko|43/100
|-crit|p1a: Tapu Koko
|-damage|p1a: Tapu Koko|14/100
|-hitcount|p1a: Tapu Koko|3
|
|-damage|p2a: Urshifu|0 fnt|[from] psn
|faint|p2a: Urshifu
|upkeep
|
|t:|1662573664
|switch|p2a: Excadrill|Excadrill, M|89/100
|-damage|p2a: Excadrill|86/100|[from] Stealth Rock
|turn|22
|inactive|Tobacco Koko has 60 seconds left.
|
|t:|1662573688
|move|p1a: Tapu Koko|U-turn|p2a: Excadrill
|-resisted|p2a: Excadrill
|-damage|p2a: Excadrill|75/100
|
|t:|1662573694
|switch|p1a: Corviknight|Corviknight, F|44/100|[from]move: U-turn
|-ability|p1a: Corviknight|Pressure
|move|p2a: Excadrill|Rock Slide|p1a: Corviknight
|-damage|p1a: Corviknight|17/100
|
|upkeep
|turn|23
|
|t:|1662573708
|switch|p1a: Landorus|Landorus-Therian, M|69/100
|-ability|p1a: Landorus|Intimidate|boost
|-unboost|p2a: Excadrill|atk|1
|move|p2a: Excadrill|Rock Slide|p1a: Landorus
|-damage|p1a: Landorus|41/100
|
|-heal|p1a: Landorus|47/100|[from] item: Leftovers
|upkeep
|turn|24
|
|t:|1662573729
|switch|p2a: Zapdos|Zapdos|100/100
|move|p1a: Landorus|U-turn|p2a: Zapdos
|-resisted|p2a: Zapdos
|-damage|p2a: Zapdos|93/100
|
|t:|1662573743
|switch|p1a: Tapu Koko|Tapu Koko|14/100|[from]move: U-turn
|
|upkeep
|turn|25
|
|t:|1662573751
|move|p1a: Tapu Koko|Roost|p1a: Tapu Koko
|-heal|p1a: Tapu Koko|65/100
|-singleturn|p1a: Tapu Koko|move: Roost
|move|p2a: Zapdos|Volt Switch|p1a: Tapu Koko
|-resisted|p1a: Tapu Koko
|-damage|p1a: Tapu Koko|44/100
|
|t:|1662573753
|switch|p2a: Tyranitar|Tyranitar, M|88/100|[from]move: Volt Switch
|-damage|p2a: Tyranitar|76/100|[from] Stealth Rock
|-weather|Sandstorm|[from] ability: Sand Stream|[of] p2a: Tyranitar
|
|-weather|Sandstorm|[upkeep]
|-damage|p1a: Tapu Koko|38/100|[from] Sandstorm
|-fieldend|move: Electric Terrain
|upkeep
|turn|26
|
|t:|1662573776
|move|p1a: Tapu Koko|Roost|p1a: Tapu Koko
|-heal|p1a: Tapu Koko|88/100
|-singleturn|p1a: Tapu Koko|move: Roost
|move|p2a: Tyranitar|Stone Edge|p1a: Tapu Koko
|-damage|p1a: Tapu Koko|0 fnt
|faint|p1a: Tapu Koko
|
|-weather|Sandstorm|[upkeep]
|upkeep
|
|t:|1662573786
|switch|p1a: Urshifu|Urshifu-Rapid-Strike, F|11/100
|turn|27
|
|t:|1662573794
|switch|p2a: Zapdos|Zapdos|93/100
|move|p1a: Urshifu|Close Combat|p2a: Zapdos
|-resisted|p2a: Zapdos
|-damage|p2a: Zapdos|60/100
|-unboost|p1a: Urshifu|def|1
|-unboost|p1a: Urshifu|spd|1
|-status|p1a: Urshifu|par|[from] ability: Static|[of] p2a: Zapdos
|
|-weather|Sandstorm|[upkeep]
|-damage|p2a: Zapdos|54/100|[from] Sandstorm
|-damage|p1a: Urshifu|5/100 par|[from] Sandstorm
|upkeep
|turn|28
|c|☆Tobacco Koko|gg
|j| Blastfury0614
|-message|Tobacco Koko forfeited.
|
|win|Oryen
|n|☆Tobacco Koko|tobaccokoko
|n|☆Oryen|oryen
|n|*Lady Monita|ladymonita
|n| Shuckle15|shuckle15
|n| BulletRain27|bulletrain27
|n| TRowePrice|troweprice
|n| Dinorider55|dinorider55
|n| Jadino bambino|jadinobambino
|n| Yimiku|yimiku
|n| bulut|bulut
|n| Blastfury0614|blastfury0614
