|j|☆Sombra Diurna
|j|☆4G3NC Sorbzz
|t:|1649565564
|gametype|singles
|player|p1|Sombra Diurna|blue|1736
|player|p2|4G3NC Sorbzz|giovanni|1665
|teamsize|p1|6
|teamsize|p2|6
|gen|8
|tier|[Gen 8] OU
|rated|
|rule|Sleep Clause Mod: Limit one foe put to sleep
|rule|Species Clause: Limit one of each Pokémon
|rule|OHKO Clause: OHKO moves are banned
|rule|Evasion Moves Clause: Evasion moves are banned
|rule|Endless Battle Clause: Forcing endless battles is banned
|rule|HP Percentage Mod: HP is shown in percentages
|rule|Dynamax Clause: You cannot dynamax
|clearpoke
|poke|p1|Marowak-Alola, M|
|poke|p1|Slowbro, M|
|poke|p1|Hatterene, F|
|poke|p1|Garchomp, M|
|poke|p1|Ferrothorn, M|
|poke|p1|Drampa, M|
|poke|p2|Rillaboom, M|
|poke|p2|Hawlucha, F|
|poke|p2|Kartana|
|poke|p2|Magnezone|
|poke|p2|Heatran, F|
|poke|p2|Mandibuzz, F|
|teampreview
|
|t:|1649565587
|start
|switch|p1a: Falkor|Drampa, M|100/100
|switch|p2a: Rillaboom|Rillaboom, M|100/100
|-fieldstart|move: Grassy Terrain|[from] ability: Grassy Surge|[of] p2a: Rillaboom
|turn|1
|j| don callis
|
|t:|1649565595
|move|p2a: Rillaboom|Superpower|p1a: Falkor
|-supereffective|p1a: Falkor
|-damage|p1a: Falkor|0 fnt
|-unboost|p2a: Rillaboom|atk|1
|-unboost|p2a: Rillaboom|def|1
|faint|p1a: Falkor
|-damage|p2a: Rillaboom|91/100|[from] item: Life Orb
|
|-heal|p2a: Rillaboom|97/100|[from] Grassy Terrain
|upkeep
|
|t:|1649565604
|switch|p1a: Sharko|Garchomp, M|100/100
|turn|2
|c| don callis|sd
|
|t:|1649565615
|move|p1a: Sharko|Stone Edge|p2a: Rillaboom
|-damage|p2a: Rillaboom|35/100
|move|p2a: Rillaboom|Swords Dance|p2a: Rillaboom
|-boost|p2a: Rillaboom|atk|2
|
|-heal|p2a: Rillaboom|41/100|[from] Grassy Terrain
|upkeep
|turn|3
|c| don callis|in his face
|c| don callis|chad
|
|t:|1649565627
|switch|p1a: Thorns|Ferrothorn, M|100/100
|move|p2a: Rillaboom|Grassy Glide|p1a: Thorns
|-resisted|p1a: Thorns
|-damage|p1a: Thorns|82/100
|-damage|p2a: Rillaboom|29/100|[from] ability: Iron Barbs|[of] p1a: Thorns
|-damage|p2a: Rillaboom|19/100|[from] item: Life Orb
|
|-heal|p2a: Rillaboom|25/100|[from] Grassy Terrain
|-heal|p1a: Thorns|89/100|[from] Grassy Terrain
|upkeep
|turn|4
|
|t:|1649565645
|switch|p2a: Magnezone|Magnezone|100/100
|switch|p1a: Sonso|Slowbro, M|100/100
|
|upkeep
|turn|5
|c| don callis|use miracle seed instead of life orb
|
|t:|1649565664
|switch|p1a: Sharko|Garchomp, M|100/100
|move|p2a: Magnezone|Flash Cannon|p1a: Sharko
|-damage|p1a: Sharko|64/100
|
|-heal|p1a: Sharko|71/100|[from] Grassy Terrain
|-heal|p1a: Sharko|77/100|[from] item: Leftovers
|-fieldend|move: Grassy Terrain
|upkeep
|turn|6
|j| Slick Slomopavitz
|j| Justindrag
|
|t:|1649565671
|switch|p2a: Mandibuzz|Mandibuzz, F|100/100
|move|p1a: Sharko|Swords Dance|p1a: Sharko
|-boost|p1a: Sharko|atk|2
|
|-heal|p1a: Sharko|83/100|[from] item: Leftovers
|upkeep
|turn|7
|
|t:|1649565688
|switch|p1a: Thorns|Ferrothorn, M|89/100
|switch|p2a: Kartana|Kartana|100/100
|
|upkeep
|turn|8
|
|t:|1649565694
|move|p2a: Kartana|Knock Off|p1a: Thorns
|-damage|p1a: Thorns|55/100
|-damage|p2a: Kartana|88/100|[from] ability: Iron Barbs|[of] p1a: Thorns
|-enditem|p1a: Thorns|Shed Shell|[from] move: Knock Off|[of] p2a: Kartana
|move|p1a: Thorns|Stealth Rock|p2a: Kartana
|-sidestart|p2: 4G3NC Sorbzz|move: Stealth Rock
|
|upkeep
|turn|9
|
|t:|1649565704
|switch|p1a: Sonso|Slowbro, M|100/100
|move|p2a: Kartana|Knock Off|p1a: Sonso
|-supereffective|p1a: Sonso
|-enditem|p1a: Sonso|Colbur Berry|[eat]
|-enditem|p1a: Sonso|Colbur Berry|[weaken]
|-damage|p1a: Sonso|74/100
|
|upkeep
|turn|10
|
|t:|1649565710
|switch|p2a: Mandibuzz|Mandibuzz, F|100/100
|move|p1a: Sonso|Trick Room|p1a: Sonso
|-fieldstart|move: Trick Room|[of] p1a: Sonso
|
|upkeep
|turn|11
|
|t:|1649565717
|move|p1a: Sonso|Scald|p2a: Mandibuzz
|-damage|p2a: Mandibuzz|82/100
|move|p2a: Mandibuzz|Defog|p1a: Sonso
|-unboost|p1a: Sonso|evasion|1
|-sideend|p2: 4G3NC Sorbzz|Stealth Rock|[from] move: Defog|[of] p2a: Mandibuzz
|
|upkeep
|turn|12
|
|t:|1649565723
|move|p1a: Sonso|Scald|p2a: Mandibuzz
|-damage|p2a: Mandibuzz|65/100
|move|p2a: Mandibuzz|Knock Off|p1a: Sonso
|-supereffective|p1a: Sonso
|-damage|p1a: Sonso|54/100
|
|upkeep
|turn|13
|c| don callis|why not just leaf blade
|inactive|Battle timer is ON: inactive players will automatically lose when time's up. (requested by Sombra Diurna)
|
|t:|1649565741
|move|p1a: Sonso|Scald|p2a: Mandibuzz
|-damage|p2a: Mandibuzz|46/100
|-status|p2a: Mandibuzz|brn
|move|p2a: Mandibuzz|Knock Off|p1a: Sonso
|-supereffective|p1a: Sonso
|-damage|p1a: Sonso|44/100
|
|-damage|p2a: Mandibuzz|40/100 brn|[from] brn
|upkeep
|turn|14
|
|t:|1649565749
|move|p1a: Sonso|Slack Off|p1a: Sonso
|-heal|p1a: Sonso|94/100
|move|p2a: Mandibuzz|U-turn|p1a: Sonso
|-supereffective|p1a: Sonso
|-damage|p1a: Sonso|87/100
|
|t:|1649565752
|switch|p2a: Rillaboom|Rillaboom, M|25/100|[from]move: U-turn
|-fieldstart|move: Grassy Terrain|[from] ability: Grassy Surge|[of] p2a: Rillaboom
|
|-heal|p1a: Sonso|93/100|[from] Grassy Terrain
|-heal|p2a: Rillaboom|31/100|[from] Grassy Terrain
|-fieldend|move: Trick Room
|upkeep
|turn|15
|
|t:|1649565761
|move|p2a: Rillaboom|Swords Dance|p2a: Rillaboom
|-boost|p2a: Rillaboom|atk|2
|move|p1a: Sonso|Trick Room|p1a: Sonso
|-fieldstart|move: Trick Room|[of] p1a: Sonso
|
|-heal|p1a: Sonso|99/100|[from] Grassy Terrain
|-heal|p2a: Rillaboom|37/100|[from] Grassy Terrain
|upkeep
|turn|16
|c| don callis|good
|
|t:|1649565775
|switch|p1a: Thorns|Ferrothorn, M|55/100
|move|p2a: Rillaboom|Knock Off|p1a: Thorns
|-damage|p1a: Thorns|11/100
|-damage|p2a: Rillaboom|25/100|[from] ability: Iron Barbs|[of] p1a: Thorns
|-damage|p2a: Rillaboom|15/100|[from] item: Life Orb
|
|-heal|p1a: Thorns|17/100|[from] Grassy Terrain
|-heal|p2a: Rillaboom|21/100|[from] Grassy Terrain
|upkeep
|turn|17
|
|t:|1649565787
|switch|p2a: Magnezone|Magnezone|100/100
|move|p1a: Thorns|Stealth Rock|p2a: Magnezone
|-sidestart|p2: 4G3NC Sorbzz|move: Stealth Rock
|
|-heal|p1a: Thorns|24/100|[from] Grassy Terrain
|upkeep
|turn|18
|
|t:|1649565793
|move|p1a: Thorns|Leech Seed|p2a: Magnezone
|-start|p2a: Magnezone|move: Leech Seed
|move|p2a: Magnezone|Iron Defense|p2a: Magnezone
|-boost|p2a: Magnezone|def|2
|
|-heal|p1a: Thorns|30/100|[from] Grassy Terrain
|-damage|p2a: Magnezone|88/100|[from] Leech Seed|[of] p1a: Thorns
|-heal|p1a: Thorns|40/100|[silent]
|-fieldend|move: Grassy Terrain
|upkeep
|turn|19
|
|t:|1649565804
|move|p1a: Thorns|Power Whip|p2a: Magnezone
|-resisted|p2a: Magnezone
|-damage|p2a: Magnezone|80/100
|move|p2a: Magnezone|Body Press|p1a: Thorns
|-supereffective|p1a: Thorns
|-damage|p1a: Thorns|0 fnt
|-damage|p2a: Magnezone|67/100|[from] ability: Iron Barbs|[of] p1a: Thorns
|faint|p1a: Thorns
|
|-fieldend|move: Trick Room
|upkeep
|inactive|Sombra Diurna has 120 seconds left.
|
|t:|1649565858
|switch|p1a: Sharko|Garchomp, M|83/100
|turn|20
|
|t:|1649565868
|move|p1a: Sharko|Earthquake|p2a: Magnezone
|-supereffective|p2a: Magnezone
|-damage|p2a: Magnezone|0 fnt
|faint|p2a: Magnezone
|
|-heal|p1a: Sharko|89/100|[from] item: Leftovers
|upkeep
|
|t:|1649565889
|switch|p2a: Rillaboom|Rillaboom, M|21/100
|-damage|p2a: Rillaboom|9/100|[from] Stealth Rock
|-fieldstart|move: Grassy Terrain|[from] ability: Grassy Surge|[of] p2a: Rillaboom
|turn|21
|inactive|Sombra Diurna has 90 seconds left.
|
|t:|1649565922
|move|p2a: Rillaboom|Grassy Glide|p1a: Sharko
|-damage|p1a: Sharko|22/100
|-damage|p2a: Rillaboom|0 fnt|[from] ability: Rough Skin|[of] p1a: Sharko
|faint|p2a: Rillaboom
|move|p1a: Sharko|Earthquake|p2: Rillaboom|[notarget]
|-fail|p1a: Sharko
|
|-heal|p1a: Sharko|29/100|[from] Grassy Terrain
|-heal|p1a: Sharko|35/100|[from] item: Leftovers
|upkeep
|
|t:|1649565931
|switch|p2a: Kartana|Kartana|88/100
|-damage|p2a: Kartana|82/100|[from] Stealth Rock
|turn|22
|inactive|Sombra Diurna has 90 seconds left.
|
|t:|1649565959
|move|p2a: Kartana|Leaf Blade|p1a: Sharko
|-damage|p1a: Sharko|0 fnt
|-damage|p2a: Kartana|70/100|[from] ability: Rough Skin|[of] p1a: Sharko
|faint|p1a: Sharko
|-ability|p2a: Kartana|Beast Boost|boost
|-boost|p2a: Kartana|atk|1
|
|-heal|p2a: Kartana|76/100|[from] Grassy Terrain
|upkeep
|
|t:|1649565967
|switch|p1a: Billy B.|Marowak-Alola, M, shiny|100/100
|turn|23
|
|t:|1649565975
|move|p2a: Kartana|Leaf Blade|p1a: Billy B.
|-resisted|p1a: Billy B.
|-damage|p1a: Billy B.|42/100
|move|p1a: Billy B.|Poltergeist|p2a: Kartana
|-activate|p2a: Kartana|move: Poltergeist|Choice Scarf
|-damage|p2a: Kartana|0 fnt
|faint|p2a: Kartana
|
|-heal|p1a: Billy B.|48/100|[from] Grassy Terrain
|upkeep
|
|t:|1649565988
|switch|p2a: Hawlucha|Hawlucha, F|100/100
|-damage|p2a: Hawlucha|88/100|[from] Stealth Rock
|-enditem|p2a: Hawlucha|Grassy Seed
|-boost|p2a: Hawlucha|def|1|[from] item: Grassy Seed
|turn|24
|
|t:|1649566008
|switch|p1a: Sonso|Slowbro, M|100/100
|move|p2a: Hawlucha|Acrobatics|p1a: Sonso
|-damage|p1a: Sonso|74/100
|
|-heal|p1a: Sonso|80/100|[from] Grassy Terrain
|upkeep
|turn|25
|
|t:|1649566016
|move|p2a: Hawlucha|Swords Dance|p2a: Hawlucha
|-boost|p2a: Hawlucha|atk|2
|move|p1a: Sonso|Scald|p2a: Hawlucha
|-damage|p2a: Hawlucha|40/100
|
|-heal|p1a: Sonso|86/100|[from] Grassy Terrain
|-fieldend|move: Grassy Terrain
|upkeep
|turn|26
|
|t:|1649566030
|move|p2a: Hawlucha|Acrobatics|p1a: Sonso
|-damage|p1a: Sonso|31/100
|move|p1a: Sonso|Trick Room|p1a: Sonso
|-fieldstart|move: Trick Room|[of] p1a: Sonso
|
|upkeep
|turn|27
|
|t:|1649566041
|move|p1a: Sonso|Scald|p2a: Hawlucha
|-damage|p2a: Hawlucha|0 fnt
|faint|p2a: Hawlucha
|
|upkeep
|
|t:|1649566045
|switch|p2a: Mandibuzz|Mandibuzz, F|40/100 brn
|turn|28
|
|t:|1649566051
|move|p1a: Sonso|Slack Off|p1a: Sonso
|-heal|p1a: Sonso|81/100
|move|p2a: Mandibuzz|Roost|p2a: Mandibuzz
|-heal|p2a: Mandibuzz|90/100 brn
|-singleturn|p2a: Mandibuzz|move: Roost
|
|-damage|p2a: Mandibuzz|84/100 brn|[from] brn
|upkeep
|turn|29
|
|t:|1649566059
|switch|p1a: Gorra|Hatterene, F, shiny|100/100
|move|p2a: Mandibuzz|Defog|p1a: Gorra
|move|p1a: Gorra|Defog|p2a: Mandibuzz|[from]ability: Magic Bounce
|-unboost|p2a: Mandibuzz|evasion|1
|-sideend|p2: 4G3NC Sorbzz|Stealth Rock|[from] move: Defog|[of] p1a: Gorra
|
|-damage|p2a: Mandibuzz|78/100 brn|[from] brn
|upkeep
|turn|30
|
|t:|1649566068
|switch|p2a: Heatran|Heatran, F|100/100
|move|p1a: Gorra|Draining Kiss|p2a: Heatran
|-resisted|p2a: Heatran
|-damage|p2a: Heatran|97/100
|
|-heal|p2a: Heatran|100/100|[from] item: Leftovers
|-fieldend|move: Trick Room
|upkeep
|turn|31
|inactive|Sombra Diurna has 120 seconds left.
|
|t:|1649566100
|move|p2a: Heatran|Toxic|p1a: Gorra
|move|p1a: Gorra|Toxic|p2a: Heatran|[from]ability: Magic Bounce
|-immune|p2a: Heatran
|move|p1a: Gorra|Trick Room|p1a: Gorra
|-fieldstart|move: Trick Room|[of] p1a: Gorra
|
|upkeep
|turn|32
|
|t:|1649566111
|switch|p1a: Sonso|Slowbro, M|100/100
|move|p2a: Heatran|Toxic|p1a: Sonso
|-status|p1a: Sonso|tox
|
|-damage|p1a: Sonso|94/100 tox|[from] psn
|upkeep
|turn|33
|
|t:|1649566119
|switch|p2a: Mandibuzz|Mandibuzz, F|78/100 brn
|move|p1a: Sonso|Body Press|p2a: Mandibuzz
|-damage|p2a: Mandibuzz|59/100 brn
|
|-damage|p1a: Sonso|82/100 tox|[from] psn
|-damage|p2a: Mandibuzz|53/100 brn|[from] brn
|upkeep
|turn|34
|
|t:|1649566131
|move|p2a: Mandibuzz|Roost|p2a: Mandibuzz
|-heal|p2a: Mandibuzz|100/100 brn
|-singleturn|p2a: Mandibuzz|move: Roost
|move|p1a: Sonso|Trick Room|p1a: Sonso
|-fieldend|move: Trick Room
|
|-damage|p1a: Sonso|64/100 tox|[from] psn
|-damage|p2a: Mandibuzz|94/100 brn|[from] brn
|upkeep
|turn|35
|
|t:|1649566149
|move|p2a: Mandibuzz|Knock Off|p1a: Sonso
|-supereffective|p1a: Sonso
|-damage|p1a: Sonso|55/100 tox
|move|p1a: Sonso|Body Press|p2a: Mandibuzz
|-damage|p2a: Mandibuzz|73/100 brn
|
|-damage|p1a: Sonso|31/100 tox|[from] psn
|-damage|p2a: Mandibuzz|67/100 brn|[from] brn
|upkeep
|turn|36
|
|t:|1649566164
|switch|p1a: Gorra|Hatterene, F, shiny|100/100
|move|p2a: Mandibuzz|Roost|p2a: Mandibuzz
|-heal|p2a: Mandibuzz|100/100 brn
|-singleturn|p2a: Mandibuzz|move: Roost
|
|-damage|p2a: Mandibuzz|94/100 brn|[from] brn
|upkeep
|turn|37
|
|t:|1649566174
|switch|p2a: Heatran|Heatran, F|100/100
|move|p1a: Gorra|Trick Room|p1a: Gorra
|-fieldstart|move: Trick Room|[of] p1a: Gorra
|
|upkeep
|turn|38
|
|t:|1649566179
|move|p1a: Gorra|Healing Wish|p1a: Gorra
|faint|p1a: Gorra
|move|p2a: Heatran|Earth Power|p1: Gorra|[notarget]
|-fail|p2a: Heatran
|
|upkeep
|
|t:|1649566183
|switch|p1a: Billy B.|Marowak-Alola, M, shiny|48/100
|-heal|p1a: Billy B.|100/100|[from] move: Healing Wish
|turn|39
|
|t:|1649566202
|switch|p2a: Mandibuzz|Mandibuzz, F|94/100 brn
|move|p1a: Billy B.|Swords Dance|p1a: Billy B.
|-boost|p1a: Billy B.|atk|2
|
|-damage|p2a: Mandibuzz|88/100 brn|[from] brn
|upkeep
|turn|40
|
|t:|1649566211
|move|p1a: Billy B.|Poltergeist|p2a: Mandibuzz
|-activate|p2a: Mandibuzz|move: Poltergeist|Heavy-Duty Boots
|-resisted|p2a: Mandibuzz
|-damage|p2a: Mandibuzz|30/100 brn
|move|p2a: Mandibuzz|Knock Off|p1a: Billy B.
|-supereffective|p1a: Billy B.
|-damage|p1a: Billy B.|79/100
|-enditem|p1a: Billy B.|Thick Club|[from] move: Knock Off|[of] p2a: Mandibuzz
|
|-damage|p2a: Mandibuzz|24/100 brn|[from] brn
|upkeep
|turn|41
|
|t:|1649566234
|move|p1a: Billy B.|Poltergeist|p2a: Mandibuzz
|-activate|p2a: Mandibuzz|move: Poltergeist|Heavy-Duty Boots
|-resisted|p2a: Mandibuzz
|-damage|p2a: Mandibuzz|0 fnt
|faint|p2a: Mandibuzz
|
|-fieldend|move: Trick Room
|upkeep
|l| Justindrag
|
|t:|1649566237
|switch|p2a: Heatran|Heatran, F|100/100
|turn|42
|
|t:|1649566242
|move|p2a: Heatran|Earth Power|p1a: Billy B.
|-supereffective|p1a: Billy B.
|-damage|p1a: Billy B.|18/100
|move|p1a: Billy B.|Poltergeist|p2a: Heatran
|-activate|p2a: Heatran|move: Poltergeist|Leftovers
|-damage|p2a: Heatran|29/100
|
|-heal|p2a: Heatran|35/100|[from] item: Leftovers
|upkeep
|turn|43
|
|t:|1649566260
|move|p2a: Heatran|Earth Power|p1a: Billy B.
|-supereffective|p1a: Billy B.
|-damage|p1a: Billy B.|0 fnt
|faint|p1a: Billy B.
|
|-heal|p2a: Heatran|41/100|[from] item: Leftovers
|upkeep
|
|t:|1649566267
|switch|p1a: Sonso|Slowbro, M|64/100 tox
|turn|44
|
|t:|1649566278
|move|p2a: Heatran|Magma Storm|p1a: Sonso
|-resisted|p1a: Sonso
|-damage|p1a: Sonso|43/100 tox
|-activate|p1a: Sonso|move: Magma Storm|[of] p2a: Heatran
|move|p1a: Sonso|Body Press|p2a: Heatran
|-supereffective|p2a: Heatran
|-damage|p2a: Heatran|0 fnt
|faint|p2a: Heatran
|
|win|Sombra Diurna
|raw|Sombra Diurna's rating: 1736 &rarr; <strong>1752</strong><br />(+16 for winning)
|raw|4G3NC Sorbzz's rating: 1665 &rarr; <strong>1649</strong><br />(-16 for losing)
|l|☆4G3NC Sorbzz
|c|☆Sombra Diurna|gg
|l| don callis
