|raw|<div class="broadcast-blue"><strong>This battle is required to be public due to a player having a name starting with 'lt94je'.</div>
|j|☆LT94 Jester
|j|☆OUT Kazt
|t:|1661146725
|gametype|singles
|player|p1|LT94 Jester|preschooler|1596
|player|p2|OUT Kazt|acetrainersnowf|1659
|teamsize|p1|6
|teamsize|p2|6
|gen|8
|tier|[Gen 8] OU
|rated|
|rule|Sleep Clause Mod: Limit one foe put to sleep
|rule|Species Clause: Limit one of each Pokémon
|rule|OHKO Clause: OHKO moves are banned
|rule|Evasion Items Clause: Evasion items are banned
|rule|Evasion Moves Clause: Evasion moves are banned
|rule|Endless Battle Clause: Forcing endless battles is banned
|rule|HP Percentage Mod: HP is shown in percentages
|rule|Dynamax Clause: You cannot dynamax
|clearpoke
|poke|p1|Porygon2|
|poke|p1|Ferrothorn, F|
|poke|p1|Dragapult, M|
|poke|p1|Urshifu-*, M|
|poke|p1|Bisharp, M|
|poke|p1|Landorus-Therian, M|
|poke|p2|Heatran, M|
|poke|p2|Heracross, M|
|poke|p2|Landorus-Therian, M|
|poke|p2|Slowbro, M|
|poke|p2|Mandibuzz, F|
|poke|p2|Gengar, F|
|teampreview
|c|☆LT94 Jester|hf hf
|inactive|Battle timer is ON: inactive players will automatically lose when time's up. (requested by LT94 Jester)
|c|☆OUT Kazt|hf
|inactive|LT94 Jester has 120 seconds left.
|
|t:|1661146766
|start
|switch|p1a: big bro reliable|Urshifu-Rapid-Strike, M|100/100
|switch|p2a: Heracross|Heracross, M|100/100
|turn|1
|
|t:|1661146773
|switch|p2a: Mandibuzz|Mandibuzz, F|100/100
|move|p1a: big bro reliable|Surging Strikes|p2a: Mandibuzz
|-crit|p2a: Mandibuzz
|-damage|p2a: Mandibuzz|90/100
|-crit|p2a: Mandibuzz
|-damage|p2a: Mandibuzz|79/100
|-crit|p2a: Mandibuzz
|-damage|p2a: Mandibuzz|68/100
|-hitcount|p2a: Mandibuzz|3
|
|upkeep
|turn|2
|
|t:|1661146783
|move|p1a: big bro reliable|Surging Strikes|p2a: Mandibuzz
|-crit|p2a: Mandibuzz
|-damage|p2a: Mandibuzz|56/100
|-crit|p2a: Mandibuzz
|-damage|p2a: Mandibuzz|45/100
|-crit|p2a: Mandibuzz
|-damage|p2a: Mandibuzz|33/100
|-hitcount|p2a: Mandibuzz|3
|move|p2a: Mandibuzz|Roost|p2a: Mandibuzz
|-heal|p2a: Mandibuzz|83/100
|-singleturn|p2a: Mandibuzz|move: Roost
|
|upkeep
|turn|3
|
|t:|1661146788
|move|p1a: big bro reliable|Surging Strikes|p2a: Mandibuzz
|-crit|p2a: Mandibuzz
|-damage|p2a: Mandibuzz|71/100
|-crit|p2a: Mandibuzz
|-damage|p2a: Mandibuzz|60/100
|-crit|p2a: Mandibuzz
|-damage|p2a: Mandibuzz|48/100
|-hitcount|p2a: Mandibuzz|3
|move|p2a: Mandibuzz|Roost|p2a: Mandibuzz
|-heal|p2a: Mandibuzz|99/100
|-singleturn|p2a: Mandibuzz|move: Roost
|
|upkeep
|turn|4
|
|t:|1661146791
|switch|p2a: Slowbro|Slowbro, M|100/100
|move|p1a: big bro reliable|Surging Strikes|p2a: Slowbro
|-resisted|p2a: Slowbro
|-crit|p2a: Slowbro
|-damage|p2a: Slowbro|95/100
|-resisted|p2a: Slowbro
|-crit|p2a: Slowbro
|-damage|p2a: Slowbro|89/100
|-resisted|p2a: Slowbro
|-crit|p2a: Slowbro
|-damage|p2a: Slowbro|83/100
|-hitcount|p2a: Slowbro|3
|
|upkeep
|turn|5
|
|t:|1661146794
|move|p1a: big bro reliable|U-turn|p2a: Slowbro
|-supereffective|p2a: Slowbro
|-damage|p2a: Slowbro|54/100
|
|t:|1661146797
|switch|p1a: GhostResistWhere?|Dragapult, M|100/100|[from]move: U-turn
|move|p2a: Slowbro|Future Sight|p1a: GhostResistWhere?
|-start|p2a: Slowbro|move: Future Sight
|
|upkeep
|turn|6
|
|t:|1661146801
|switch|p2a: Heatran|Heatran, M|100/100
|move|p1a: GhostResistWhere?|U-turn|p2a: Heatran
|-resisted|p2a: Heatran
|-damage|p2a: Heatran|97/100
|
|t:|1661146807
|switch|p1a: i gotchu|Landorus-Therian, M|100/100|[from]move: U-turn
|-ability|p1a: i gotchu|Intimidate|boost
|-unboost|p2a: Heatran|atk|1
|
|-heal|p2a: Heatran|100/100|[from] item: Leftovers
|upkeep
|turn|7
|
|t:|1661146827
|switch|p2a: Heracross|Heracross, M|100/100
|move|p1a: i gotchu|Earthquake|p2a: Heracross
|-resisted|p2a: Heracross
|-damage|p2a: Heracross|67/100
|
|-end|p1a: i gotchu|move: Future Sight
|-crit|p1a: i gotchu
|-damage|p1a: i gotchu|51/100
|-heal|p1a: i gotchu|57/100|[from] item: Leftovers
|-status|p2a: Heracross|brn|[from] item: Flame Orb
|upkeep
|turn|8
|
|t:|1661146852
|switch|p1a: GhostResistWhere?|Dragapult, M|100/100
|move|p2a: Heracross|Close Combat|p1a: GhostResistWhere?
|-immune|p1a: GhostResistWhere?
|
|-damage|p2a: Heracross|61/100 brn|[from] brn
|upkeep
|turn|9
|
|t:|1661146859
|switch|p2a: Heatran|Heatran, M|100/100
|move|p1a: GhostResistWhere?|U-turn|p2a: Heatran
|-resisted|p2a: Heatran
|-damage|p2a: Heatran|97/100
|
|t:|1661146866
|switch|p1a: i gotchu|Landorus-Therian, M|57/100|[from]move: U-turn
|-ability|p1a: i gotchu|Intimidate|boost
|-unboost|p2a: Heatran|atk|1
|
|-heal|p1a: i gotchu|63/100|[from] item: Leftovers
|-heal|p2a: Heatran|100/100|[from] item: Leftovers
|upkeep
|turn|10
|
|t:|1661146872
|switch|p2a: Slowbro|Slowbro, M|88/100
|move|p1a: i gotchu|U-turn|p2a: Slowbro
|-supereffective|p2a: Slowbro
|-damage|p2a: Slowbro|59/100
|-damage|p1a: i gotchu|46/100|[from] item: Rocky Helmet|[of] p2a: Slowbro
|
|t:|1661146876
|switch|p1a: unIronic|Bisharp, M|100/100|[from]move: U-turn
|
|upkeep
|turn|11
|
|t:|1661146881
|switch|p2a: Mandibuzz|Mandibuzz, F|99/100
|move|p1a: unIronic|Knock Off|p2a: Mandibuzz
|-resisted|p2a: Mandibuzz
|-damage|p2a: Mandibuzz|75/100
|-enditem|p2a: Mandibuzz|Heavy-Duty Boots|[from] move: Knock Off|[of] p1a: unIronic
|
|upkeep
|turn|12
|
|t:|1661146884
|switch|p1a: sturdyboi|Ferrothorn, F|100/100
|move|p2a: Mandibuzz|Roost|p2a: Mandibuzz
|-heal|p2a: Mandibuzz|100/100
|-singleturn|p2a: Mandibuzz|move: Roost
|
|upkeep
|turn|13
|
|t:|1661146887
|switch|p2a: Heracross|Heracross, M|61/100 brn
|move|p1a: sturdyboi|Stealth Rock|p2a: Heracross
|-sidestart|p2: OUT Kazt|move: Stealth Rock
|
|-damage|p2a: Heracross|55/100 brn|[from] brn
|upkeep
|turn|14
|
|t:|1661146891
|move|p2a: Heracross|Earthquake|p1a: sturdyboi
|-damage|p1a: sturdyboi|65/100
|move|p1a: sturdyboi|Thunder Wave||[still]
|-fail|p1a: sturdyboi
|
|-damage|p2a: Heracross|49/100 brn|[from] brn
|upkeep
|turn|15
|
|t:|1661146897
|switch|p1a: GhostResistWhere?|Dragapult, M|100/100
|move|p2a: Heracross|Close Combat|p1a: GhostResistWhere?
|-immune|p1a: GhostResistWhere?
|
|-damage|p2a: Heracross|43/100 brn|[from] brn
|upkeep
|turn|16
|
|t:|1661146902
|switch|p2a: Mandibuzz|Mandibuzz, F|100/100
|-damage|p2a: Mandibuzz|76/100|[from] Stealth Rock
|move|p1a: GhostResistWhere?|U-turn|p2a: Mandibuzz
|-damage|p2a: Mandibuzz|66/100
|
|t:|1661146907
|switch|p1a: big bro reliable|Urshifu-Rapid-Strike, M|100/100|[from]move: U-turn
|
|upkeep
|turn|17
|
|t:|1661146909
|move|p1a: big bro reliable|Taunt|p2a: Mandibuzz
|-start|p2a: Mandibuzz|move: Taunt
|cant|p2a: Mandibuzz|move: Taunt|Roost
|
|upkeep
|turn|18
|
|t:|1661146916
|move|p1a: big bro reliable|Surging Strikes|p2a: Mandibuzz
|-crit|p2a: Mandibuzz
|-damage|p2a: Mandibuzz|54/100
|-crit|p2a: Mandibuzz
|-damage|p2a: Mandibuzz|44/100
|-crit|p2a: Mandibuzz
|-damage|p2a: Mandibuzz|33/100
|-hitcount|p2a: Mandibuzz|3
|move|p2a: Mandibuzz|U-turn|p1a: big bro reliable
|-resisted|p1a: big bro reliable
|-damage|p1a: big bro reliable|95/100
|
|t:|1661146923
|switch|p2a: Slowbro|Slowbro, M|92/100|[from]move: U-turn
|-damage|p2a: Slowbro|80/100|[from] Stealth Rock
|
|upkeep
|turn|19
|
|t:|1661146927
|move|p1a: big bro reliable|U-turn|p2a: Slowbro
|-supereffective|p2a: Slowbro
|-damage|p2a: Slowbro|51/100
|
|t:|1661146931
|switch|p1a: unIronic|Bisharp, M|100/100|[from]move: U-turn
|move|p2a: Slowbro|Teleport|p2a: Slowbro
|
|t:|1661146933
|switch|p2a: Heracross|Heracross, M|43/100 brn|[from]move: Teleport
|-damage|p2a: Heracross|30/100 brn|[from] Stealth Rock
|
|-damage|p2a: Heracross|24/100 brn|[from] brn
|upkeep
|turn|20
|
|t:|1661146937
|move|p1a: unIronic|Sucker Punch|p2a: Heracross
|-resisted|p2a: Heracross
|-damage|p2a: Heracross|0 fnt
|faint|p2a: Heracross
|
|upkeep
|
|t:|1661146940
|switch|p2a: Heatran|Heatran, M|100/100
|-damage|p2a: Heatran|88/100|[from] Stealth Rock
|turn|21
|
|t:|1661146948
|switch|p1a: nice regen|Porygon2|100/100
|-ability|p1a: nice regen|Flash Fire|[from] ability: Trace|[of] p2a: Heatran
|move|p2a: Heatran|Magma Storm|p1a: nice regen
|-start|p1a: nice regen|ability: Flash Fire
|
|-heal|p2a: Heatran|94/100|[from] item: Leftovers
|upkeep
|turn|22
|
|t:|1661146954
|move|p2a: Heatran|Taunt|p1a: nice regen
|-start|p1a: nice regen|move: Taunt
|cant|p1a: nice regen|move: Taunt|Teleport
|
|-heal|p2a: Heatran|100/100|[from] item: Leftovers
|upkeep
|turn|23
|
|t:|1661146959
|move|p2a: Heatran|Stealth Rock|p1a: nice regen
|-sidestart|p1: LT94 Jester|move: Stealth Rock
|move|p1a: nice regen|Discharge|p2a: Heatran
|-damage|p2a: Heatran|88/100
|
|-heal|p2a: Heatran|94/100|[from] item: Leftovers
|upkeep
|turn|24
|
|t:|1661146966
|switch|p2a: Landorus|Landorus-Therian, M|100/100
|-damage|p2a: Landorus|88/100|[from] Stealth Rock
|-ability|p2a: Landorus|Intimidate|boost
|-unboost|p1a: nice regen|atk|1
|move|p1a: nice regen|Discharge|p2a: Landorus
|-immune|p2a: Landorus
|
|-end|p1a: nice regen|move: Taunt
|upkeep
|turn|25
|
|t:|1661146976
|-end|p1a: nice regen|ability: Flash Fire|[silent]
|switch|p1a: sturdyboi|Ferrothorn, F|65/100
|-damage|p1a: sturdyboi|59/100|[from] Stealth Rock
|move|p2a: Landorus|U-turn|p1a: sturdyboi
|-damage|p1a: sturdyboi|42/100
|-damage|p2a: Landorus|76/100|[from] ability: Iron Barbs|[of] p1a: sturdyboi
|
|t:|1661146980
|switch|p2a: Gengar|Gengar, F|100/100|[from]move: U-turn
|-damage|p2a: Gengar|88/100|[from] Stealth Rock
|
|upkeep
|turn|26
|
|t:|1661146985
|move|p2a: Gengar|Trick|p1a: sturdyboi
|-activate|p2a: Gengar|move: Trick|[of] p1a: sturdyboi
|-item|p1a: sturdyboi|Choice Specs|[from] move: Trick
|-item|p2a: Gengar|Chople Berry|[from] move: Trick
|move|p1a: sturdyboi|Thunder Wave|p2a: Gengar
|-status|p2a: Gengar|par
|
|upkeep
|turn|27
|c|☆LT94 Jester|SPECS FERRO
|
|t:|1661146999
|move|p2a: Gengar|Trick|p1a: sturdyboi
|-activate|p2a: Gengar|move: Trick|[of] p1a: sturdyboi
|-item|p1a: sturdyboi|Chople Berry|[from] move: Trick
|-item|p2a: Gengar|Choice Specs|[from] move: Trick
|move|p1a: sturdyboi|Thunder Wave|p2a: Gengar|[miss]
|-miss|p1a: sturdyboi|p2a: Gengar
|
|upkeep
|turn|28
|c|☆LT94 Jester|ok ig not lol
|
|t:|1661147006
|switch|p1a: unIronic|Bisharp, M|100/100
|-damage|p1a: unIronic|95/100|[from] Stealth Rock
|move|p2a: Gengar|Shadow Ball|p1a: unIronic
|-resisted|p1a: unIronic
|-damage|p1a: unIronic|46/100
|
|upkeep
|turn|29
|
|t:|1661147013
|move|p1a: unIronic|Beat Up|p2a: Gengar
|-supereffective|p2a: Gengar
|-damage|p2a: Gengar|26/100 par
|-start|p1a: unIronic|Disable|Beat Up|[from] ability: Cursed Body|[of] p2a: Gengar
|-supereffective|p2a: Gengar
|-damage|p2a: Gengar|0 fnt
|faint|p2a: Gengar
|-hitcount|p2: Gengar|2
|
|upkeep
|inactive|OUT Kazt has 120 seconds left.
|
|t:|1661147047
|switch|p2a: Heatran|Heatran, M|94/100
|-damage|p2a: Heatran|82/100|[from] Stealth Rock
|turn|30
|
|t:|1661147053
|switch|p1a: nice regen|Porygon2|100/100
|-damage|p1a: nice regen|88/100|[from] Stealth Rock
|-ability|p1a: nice regen|Flash Fire|[from] ability: Trace|[of] p2a: Heatran
|move|p2a: Heatran|Earth Power|p1a: nice regen
|-damage|p1a: nice regen|74/100
|
|-heal|p2a: Heatran|88/100|[from] item: Leftovers
|upkeep
|turn|31
|
|t:|1661147057
|switch|p2a: Landorus|Landorus-Therian, M|76/100
|-damage|p2a: Landorus|64/100|[from] Stealth Rock
|-ability|p2a: Landorus|Intimidate|boost
|-unboost|p1a: nice regen|atk|1
|switch|p1a: i gotchu|Landorus-Therian, M|46/100
|-damage|p1a: i gotchu|34/100|[from] Stealth Rock
|-ability|p1a: i gotchu|Intimidate|boost
|-unboost|p2a: Landorus|atk|1
|
|-heal|p1a: i gotchu|40/100|[from] item: Leftovers
|upkeep
|turn|32
|
|t:|1661147070
|move|p2a: Landorus|Knock Off|p1a: i gotchu
|-damage|p1a: i gotchu|15/100
|-enditem|p1a: i gotchu|Leftovers|[from] move: Knock Off|[of] p2a: Landorus
|move|p1a: i gotchu|U-turn|p2a: Landorus
|-resisted|p2a: Landorus
|-damage|p2a: Landorus|51/100
|
|t:|1661147075
|switch|p1a: big bro reliable|Urshifu-Rapid-Strike, M|95/100|[from]move: U-turn
|-damage|p1a: big bro reliable|89/100|[from] Stealth Rock
|
|upkeep
|turn|33
|
|t:|1661147082
|switch|p2a: Heatran|Heatran, M|88/100
|-damage|p2a: Heatran|75/100|[from] Stealth Rock
|move|p1a: big bro reliable|U-turn|p2a: Heatran
|-resisted|p2a: Heatran
|-damage|p2a: Heatran|70/100
|
|t:|1661147087
|switch|p1a: unIronic|Bisharp, M|46/100|[from]move: U-turn
|-damage|p1a: unIronic|40/100|[from] Stealth Rock
|
|-heal|p2a: Heatran|76/100|[from] item: Leftovers
|upkeep
|turn|34
|
|t:|1661147090
|move|p1a: unIronic|Beat Up|p2a: Heatran
|-crit|p2a: Heatran
|-damage|p2a: Heatran|58/100
|-damage|p2a: Heatran|44/100
|-damage|p2a: Heatran|31/100
|-damage|p2a: Heatran|20/100
|-damage|p2a: Heatran|11/100
|-damage|p2a: Heatran|0 fnt
|faint|p2a: Heatran
|-hitcount|p2: Heatran|6
|
|upkeep
|
|t:|1661147093
|switch|p2a: Landorus|Landorus-Therian, M|51/100
|-damage|p2a: Landorus|38/100|[from] Stealth Rock
|-ability|p2a: Landorus|Intimidate|boost
|-unboost|p1a: unIronic|atk|1
|-ability|p1a: unIronic|Defiant
|-boost|p1a: unIronic|atk|2
|turn|35
|c|☆LT94 Jester|dang crit mattered
|
|t:|1661147109
|switch|p1a: big bro reliable|Urshifu-Rapid-Strike, M|89/100
|-damage|p1a: big bro reliable|83/100|[from] Stealth Rock
|move|p2a: Landorus|U-turn|p1a: big bro reliable
|-resisted|p1a: big bro reliable
|-damage|p1a: big bro reliable|70/100
|c|☆OUT Kazt|I played very badly all game so it's ok ig
|
|t:|1661147127
|switch|p2a: Slowbro|Slowbro, M|84/100|[from]move: U-turn
|-damage|p2a: Slowbro|72/100|[from] Stealth Rock
|
|upkeep
|turn|36
|
|t:|1661147132
|move|p1a: big bro reliable|U-turn|p2a: Slowbro
|-supereffective|p2a: Slowbro
|-damage|p2a: Slowbro|44/100
|
|t:|1661147135
|switch|p1a: GhostResistWhere?|Dragapult, M|100/100|[from]move: U-turn
|-damage|p1a: GhostResistWhere?|88/100|[from] Stealth Rock
|move|p2a: Slowbro|Scald|p1a: GhostResistWhere?
|-resisted|p1a: GhostResistWhere?
|-damage|p1a: GhostResistWhere?|70/100
|
|upkeep
|turn|37
|
|t:|1661147140
|move|p1a: GhostResistWhere?|Shadow Ball|p2a: Slowbro
|-supereffective|p2a: Slowbro
|-damage|p2a: Slowbro|0 fnt
|faint|p2a: Slowbro
|
|upkeep
|
|t:|1661147142
|switch|p2a: Landorus|Landorus-Therian, M|38/100
|-damage|p2a: Landorus|26/100|[from] Stealth Rock
|-ability|p2a: Landorus|Intimidate|boost
|-unboost|p1a: GhostResistWhere?|atk|1
|turn|38
|
|t:|1661147149
|move|p2a: Landorus|Earthquake|p1a: GhostResistWhere?
|-damage|p1a: GhostResistWhere?|0 fnt
|faint|p1a: GhostResistWhere?
|
|upkeep
|
|t:|1661147165
|switch|p1a: nice regen|Porygon2|74/100
|-damage|p1a: nice regen|62/100|[from] Stealth Rock
|-ability|p1a: nice regen|Intimidate|[from] ability: Trace|[of] p2a: Landorus
|-ability|p1a: nice regen|Intimidate|boost
|-unboost|p2a: Landorus|atk|1
|turn|39
|
|t:|1661147168
|move|p2a: Landorus|Earthquake|p1a: nice regen
|-damage|p1a: nice regen|40/100
|move|p1a: nice regen|Ice Beam|p2a: Landorus
|-supereffective|p2a: Landorus
|-damage|p2a: Landorus|0 fnt
|faint|p2a: Landorus
|
|upkeep
|c|☆OUT Kazt|g
|c|☆LT94 Jester|gg
|-message|OUT Kazt forfeited.
|
|win|LT94 Jester
|raw|LT94 Jester's rating: 1596 &rarr; <strong>1620</strong><br />(+24 for winning)
|raw|OUT Kazt's rating: 1659 &rarr; <strong>1635</strong><br />(-24 for losing)
|l|☆OUT Kazt
