|j|☆TheonReekGreyjoy
|j|☆Shotintheheart
|t:|1664922902
|gametype|singles
|player|p1|TheonReekGreyjoy|265|1825
|player|p2|Shotintheheart|linebacker|1855
|teamsize|p1|6
|teamsize|p2|6
|gen|8
|tier|[Gen 8] OU
|rated|
|rule|Sleep Clause Mod: Limit one foe put to sleep
|rule|Species Clause: Limit one of each Pokémon
|rule|OHKO Clause: OHKO moves are banned
|rule|Evasion Items Clause: Evasion items are banned
|rule|Evasion Moves Clause: Evasion moves are banned
|rule|Endless Battle Clause: Forcing endless battles is banned
|rule|HP Percentage Mod: HP is shown in percentages
|rule|Dynamax Clause: You cannot dynamax
|clearpoke
|poke|p1|Arctozolt|
|poke|p1|Tornadus-Therian, M|
|poke|p1|Heatran, M|
|poke|p1|Landorus-Therian, M|
|poke|p1|Hatterene, F|
|poke|p1|Vanilluxe, F|
|poke|p2|Rillaboom, M|
|poke|p2|Zapdos|
|poke|p2|Obstagoon, F|
|poke|p2|Tapu Fini|
|poke|p2|Heatran, M|
|poke|p2|Swampert, F|
|teampreview
|j| FireBae
|
|t:|1664922931
|start
|switch|p1a: Hatterene|Hatterene, F|100/100
|switch|p2a: Rillaboom|Rillaboom, M|100/100
|-fieldstart|move: Grassy Terrain|[from] ability: Grassy Surge|[of] p2a: Rillaboom
|turn|1
|
|t:|1664922963
|switch|p1a: Heatran|Heatran, M|100/100
|move|p2a: Rillaboom|Wood Hammer|p1a: Heatran
|-resisted|p1a: Heatran
|-damage|p1a: Heatran|77/100
|-damage|p2a: Rillaboom|92/100|[from] Recoil
|
|-heal|p2a: Rillaboom|98/100|[from] Grassy Terrain
|-heal|p1a: Heatran|83/100|[from] Grassy Terrain
|-heal|p1a: Heatran|89/100|[from] item: Leftovers
|upkeep
|turn|2
|
|t:|1664922980
|switch|p2a: Swampert|Swampert, F|100/100
|move|p1a: Heatran|Lava Plume|p2a: Swampert
|-resisted|p2a: Swampert
|-damage|p2a: Swampert|90/100
|-status|p2a: Swampert|brn
|
|-heal|p1a: Heatran|96/100|[from] Grassy Terrain
|-heal|p1a: Heatran|100/100|[from] item: Leftovers
|-heal|p2a: Swampert|96/100 brn|[from] Grassy Terrain
|-heal|p2a: Swampert|100/100 brn|[from] item: Leftovers
|-damage|p2a: Swampert|94/100 brn|[from] brn
|upkeep
|turn|3
|
|t:|1664922992
|move|p1a: Heatran|Stealth Rock|p2a: Swampert
|-sidestart|p2: Shotintheheart|move: Stealth Rock
|move|p2a: Swampert|High Horsepower|p1a: Heatran
|-supereffective|p1a: Heatran
|-damage|p1a: Heatran|47/100
|
|-heal|p1a: Heatran|53/100|[from] Grassy Terrain
|-heal|p1a: Heatran|59/100|[from] item: Leftovers
|-heal|p2a: Swampert|100/100 brn|[from] Grassy Terrain
|-damage|p2a: Swampert|94/100 brn|[from] brn
|upkeep
|turn|4
|j| Blowfishbob
|
|t:|1664923003
|switch|p1a: Hatterene|Hatterene, F|100/100
|move|p2a: Swampert|Flip Turn|p1a: Hatterene
|-damage|p1a: Hatterene|91/100
|j| Plaeyair
|
|t:|1664923011
|switch|p2a: Rillaboom|Rillaboom, M|98/100|[from]move: Flip Turn
|-damage|p2a: Rillaboom|86/100|[from] Stealth Rock
|
|-heal|p2a: Rillaboom|92/100|[from] Grassy Terrain
|-heal|p1a: Hatterene|97/100|[from] Grassy Terrain
|-heal|p1a: Hatterene|100/100|[from] item: Leftovers
|upkeep
|turn|5
|
|t:|1664923019
|move|p2a: Rillaboom|Wood Hammer|p1a: Hatterene
|-damage|p1a: Hatterene|0 fnt
|faint|p1a: Hatterene
|-damage|p2a: Rillaboom|61/100|[from] Recoil
|
|-heal|p2a: Rillaboom|67/100|[from] Grassy Terrain
|-fieldend|move: Grassy Terrain
|upkeep
|
|t:|1664923027
|switch|p1a: Heatran|Heatran, M|59/100
|turn|6
|
|t:|1664923036
|switch|p2a: Swampert|Swampert, F|94/100 brn
|-damage|p2a: Swampert|88/100 brn|[from] Stealth Rock
|switch|p1a: Vanilluxe|Vanilluxe, F|100/100
|-weather|Hail|[from] ability: Snow Warning|[of] p1a: Vanilluxe
|
|-weather|Hail|[upkeep]
|-damage|p2a: Swampert|82/100 brn|[from] Hail
|-heal|p2a: Swampert|88/100 brn|[from] item: Leftovers
|-damage|p2a: Swampert|82/100 brn|[from] brn
|upkeep
|turn|7
|
|t:|1664923043
|move|p1a: Vanilluxe|Freeze-Dry|p2a: Swampert
|-supereffective|p2a: Swampert
|-damage|p2a: Swampert|0 fnt
|faint|p2a: Swampert
|
|-weather|Hail|[upkeep]
|upkeep
|
|t:|1664923055
|switch|p2a: Rillaboom|Rillaboom, M|67/100
|-damage|p2a: Rillaboom|55/100|[from] Stealth Rock
|-fieldstart|move: Grassy Terrain|[from] ability: Grassy Surge|[of] p2a: Rillaboom
|turn|8
|
|t:|1664923062
|switch|p1a: Landorus|Landorus-Therian, M|100/100
|-ability|p1a: Landorus|Intimidate|boost
|-unboost|p2a: Rillaboom|atk|1
|move|p2a: Rillaboom|Superpower|p1a: Landorus
|-resisted|p1a: Landorus
|-crit|p1a: Landorus
|-damage|p1a: Landorus|49/100
|-unboost|p2a: Rillaboom|atk|1
|-unboost|p2a: Rillaboom|def|1
|
|-weather|Hail|[upkeep]
|-damage|p2a: Rillaboom|49/100|[from] Hail
|-damage|p1a: Landorus|43/100|[from] Hail
|-heal|p2a: Rillaboom|55/100|[from] Grassy Terrain
|-heal|p1a: Landorus|49/100|[from] item: Leftovers
|upkeep
|turn|9
|
|t:|1664923071
|switch|p2a: Heatran|Heatran, M|100/100
|-damage|p2a: Heatran|88/100|[from] Stealth Rock
|move|p1a: Landorus|U-turn|p2a: Heatran
|-resisted|p2a: Heatran
|-damage|p2a: Heatran|83/100
|
|t:|1664923078
|switch|p1a: Tornadus|Tornadus-Therian, M|100/100|[from]move: U-turn
|
|-weather|Hail|[upkeep]
|-damage|p2a: Heatran|76/100|[from] Hail
|-damage|p1a: Tornadus|94/100|[from] Hail
|-heal|p2a: Heatran|83/100|[from] Grassy Terrain
|upkeep
|turn|10
|
|t:|1664923088
|switch|p2a: Zapdos|Zapdos|100/100
|move|p1a: Tornadus|Knock Off|p2a: Zapdos
|-damage|p2a: Zapdos|87/100
|-status|p1a: Tornadus|par|[from] ability: Static|[of] p2a: Zapdos
|-enditem|p2a: Zapdos|Heavy-Duty Boots|[from] move: Knock Off|[of] p1a: Tornadus
|
|-weather|none
|upkeep
|turn|11
|
|t:|1664923097
|move|p2a: Zapdos|Defog|p1a: Tornadus
|-unboost|p1a: Tornadus|evasion|1
|-sideend|p2: Shotintheheart|Stealth Rock|[from] move: Defog|[of] p2a: Zapdos
|-fieldend|move: Grassy Terrain
|move|p1a: Tornadus|U-turn|p2a: Zapdos
|-resisted|p2a: Zapdos
|-damage|p2a: Zapdos|82/100
|
|t:|1664923103
|switch|p1a: Vanilluxe|Vanilluxe, F|100/100|[from]move: U-turn
|-weather|Hail|[from] ability: Snow Warning|[of] p1a: Vanilluxe
|
|-weather|Hail|[upkeep]
|-damage|p2a: Zapdos|76/100|[from] Hail
|upkeep
|turn|12
|inactive|Battle timer is ON: inactive players will automatically lose when time's up. (requested by TheonReekGreyjoy)
|
|t:|1664923112
|move|p1a: Vanilluxe|Blizzard|p2a: Zapdos
|-supereffective|p2a: Zapdos
|-damage|p2a: Zapdos|0 fnt
|faint|p2a: Zapdos
|
|-weather|Hail|[upkeep]
|upkeep
|
|t:|1664923119
|switch|p2a: Rillaboom|Rillaboom, M|55/100
|-fieldstart|move: Grassy Terrain|[from] ability: Grassy Surge|[of] p2a: Rillaboom
|turn|13
|
|t:|1664923129
|switch|p1a: Heatran|Heatran, M|59/100
|move|p2a: Rillaboom|U-turn|p1a: Heatran
|-resisted|p1a: Heatran
|-damage|p1a: Heatran|52/100
|
|t:|1664923145
|switch|p2a: Obstagoon|Obstagoon, F|100/100|[from]move: U-turn
|
|-weather|Hail|[upkeep]
|-damage|p2a: Obstagoon|95/100|[from] Hail
|-damage|p1a: Heatran|46/100|[from] Hail
|-heal|p2a: Obstagoon|100/100|[from] Grassy Terrain
|-heal|p1a: Heatran|52/100|[from] Grassy Terrain
|-heal|p1a: Heatran|59/100|[from] item: Leftovers
|-status|p2a: Obstagoon|brn|[from] item: Flame Orb
|upkeep
|turn|14
|
|t:|1664923156
|move|p1a: Heatran|Protect|p1a: Heatran
|-singleturn|p1a: Heatran|Protect
|move|p2a: Obstagoon|Switcheroo|p1a: Heatran
|-activate|p1a: Heatran|move: Protect
|
|-weather|Hail|[upkeep]
|-damage|p2a: Obstagoon|95/100 brn|[from] Hail
|-damage|p1a: Heatran|52/100|[from] Hail
|-heal|p2a: Obstagoon|100/100 brn|[from] Grassy Terrain
|-heal|p1a: Heatran|59/100|[from] Grassy Terrain
|-heal|p1a: Heatran|65/100|[from] item: Leftovers
|-damage|p2a: Obstagoon|95/100 brn|[from] brn
|upkeep
|turn|15
|
|t:|1664923168
|switch|p1a: Landorus|Landorus-Therian, M|49/100
|-ability|p1a: Landorus|Intimidate|boost
|-unboost|p2a: Obstagoon|atk|1
|move|p2a: Obstagoon|Knock Off|p1a: Landorus
|-damage|p1a: Landorus|4/100
|-enditem|p1a: Landorus|Leftovers|[from] move: Knock Off|[of] p2a: Obstagoon
|
|-weather|none
|-heal|p2a: Obstagoon|100/100 brn|[from] Grassy Terrain
|-damage|p2a: Obstagoon|95/100 brn|[from] brn
|upkeep
|turn|16
|
|t:|1664923179
|switch|p1a: Tornadus|Tornadus-Therian, M|100/100 par
|move|p2a: Obstagoon|Knock Off|p1a: Tornadus
|-damage|p1a: Tornadus|57/100 par
|-enditem|p1a: Tornadus|Assault Vest|[from] move: Knock Off|[of] p2a: Obstagoon
|
|-heal|p2a: Obstagoon|100/100 brn|[from] Grassy Terrain
|-damage|p2a: Obstagoon|95/100 brn|[from] brn
|upkeep
|turn|17
|
|t:|1664923188
|move|p2a: Obstagoon|Facade|p1a: Tornadus
|-damage|p1a: Tornadus|0 fnt
|faint|p1a: Tornadus
|
|-heal|p2a: Obstagoon|100/100 brn|[from] Grassy Terrain
|-damage|p2a: Obstagoon|95/100 brn|[from] brn
|-fieldend|move: Grassy Terrain
|upkeep
|
|t:|1664923192
|switch|p1a: Vanilluxe|Vanilluxe, F|100/100
|-weather|Hail|[from] ability: Snow Warning|[of] p1a: Vanilluxe
|turn|18
|
|t:|1664923206
|move|p2a: Obstagoon|Facade|p1a: Vanilluxe
|-damage|p1a: Vanilluxe|21/100
|move|p1a: Vanilluxe|Blizzard|p2a: Obstagoon
|-damage|p2a: Obstagoon|14/100 brn
|
|-weather|Hail|[upkeep]
|-damage|p2a: Obstagoon|8/100 brn|[from] Hail
|-damage|p2a: Obstagoon|2/100 brn|[from] brn
|upkeep
|turn|19
|j| goodjj0
|
|t:|1664923220
|switch|p2a: Heatran|Heatran, M|83/100
|move|p1a: Vanilluxe|Ice Shard|p2a: Heatran
|-resisted|p2a: Heatran
|-damage|p2a: Heatran|79/100
|
|-weather|Hail|[upkeep]
|-damage|p2a: Heatran|73/100|[from] Hail
|upkeep
|turn|20
|
|t:|1664923236
|switch|p1a: Landorus|Landorus-Therian, M|4/100
|-ability|p1a: Landorus|Intimidate|boost
|-unboost|p2a: Heatran|atk|1
|move|p2a: Heatran|Earth Power|p1a: Landorus
|-immune|p1a: Landorus
|
|-weather|Hail|[upkeep]
|-damage|p2a: Heatran|67/100|[from] Hail
|-damage|p1a: Landorus|0 fnt|[from] Hail
|faint|p1a: Landorus
|upkeep
|
|t:|1664923242
|switch|p1a: Arctozolt|Arctozolt|100/100
|turn|21
|
|t:|1664923247
|move|p1a: Arctozolt|Bolt Beak|p2a: Heatran
|-damage|p2a: Heatran|0 fnt
|faint|p2a: Heatran
|
|-weather|Hail|[upkeep]
|upkeep
|
|t:|1664923253
|switch|p2a: Rillaboom|Rillaboom, M|55/100
|-fieldstart|move: Grassy Terrain|[from] ability: Grassy Surge|[of] p2a: Rillaboom
|turn|22
|
|t:|1664923257
|switch|p1a: Heatran|Heatran, M|65/100
|move|p2a: Rillaboom|Superpower|p1a: Heatran
|-supereffective|p1a: Heatran
|-damage|p1a: Heatran|0 fnt
|-unboost|p2a: Rillaboom|atk|1
|-unboost|p2a: Rillaboom|def|1
|faint|p1a: Heatran
|
|-weather|none
|-heal|p2a: Rillaboom|61/100|[from] Grassy Terrain
|upkeep
|
|t:|1664923264
|switch|p1a: Vanilluxe|Vanilluxe, F|21/100
|-weather|Hail|[from] ability: Snow Warning|[of] p1a: Vanilluxe
|turn|23
|
|t:|1664923276
|switch|p2a: Tapu Fini|Tapu Fini|100/100
|-fieldstart|move: Misty Terrain|[from] ability: Misty Surge|[of] p2a: Tapu Fini
|move|p1a: Vanilluxe|Ice Shard|p2a: Tapu Fini
|-resisted|p2a: Tapu Fini
|-damage|p2a: Tapu Fini|95/100
|
|-weather|Hail|[upkeep]
|-damage|p2a: Tapu Fini|89/100|[from] Hail
|-heal|p2a: Tapu Fini|95/100|[from] item: Leftovers
|upkeep
|turn|24
|
|t:|1664923291
|move|p2a: Tapu Fini|Draining Kiss|p1a: Vanilluxe
|-damage|p1a: Vanilluxe|2/100
|-heal|p2a: Tapu Fini|100/100|[from] drain|[of] p1a: Vanilluxe
|move|p1a: Vanilluxe|Freeze-Dry|p2a: Tapu Fini
|-supereffective|p2a: Tapu Fini
|-damage|p2a: Tapu Fini|37/100
|
|-weather|Hail|[upkeep]
|-damage|p2a: Tapu Fini|30/100|[from] Hail
|-heal|p2a: Tapu Fini|37/100|[from] item: Leftovers
|upkeep
|turn|25
|
|t:|1664923294
|switch|p1a: Arctozolt|Arctozolt|100/100
|move|p2a: Tapu Fini|Draining Kiss|p1a: Arctozolt
|-damage|p1a: Arctozolt|79/100
|-heal|p2a: Tapu Fini|52/100|[from] drain|[of] p1a: Arctozolt
|
|-weather|Hail|[upkeep]
|-damage|p2a: Tapu Fini|46/100|[from] Hail
|-heal|p2a: Tapu Fini|52/100|[from] item: Leftovers
|upkeep
|turn|26
|
|t:|1664923304
|move|p1a: Arctozolt|Bolt Beak|p2a: Tapu Fini
|-supereffective|p2a: Tapu Fini
|-damage|p2a: Tapu Fini|0 fnt
|faint|p2a: Tapu Fini
|
|-weather|Hail|[upkeep]
|upkeep
|
|t:|1664923307
|switch|p2a: Rillaboom|Rillaboom, M|61/100
|-fieldstart|move: Grassy Terrain|[from] ability: Grassy Surge|[of] p2a: Rillaboom
|turn|27
|
|t:|1664923313
|move|p2a: Rillaboom|Grassy Glide|p1a: Arctozolt
|-damage|p1a: Arctozolt|0 fnt
|faint|p1a: Arctozolt
|
|-weather|none
|-heal|p2a: Rillaboom|67/100|[from] Grassy Terrain
|upkeep
|
|t:|1664923316
|switch|p1a: Vanilluxe|Vanilluxe, F|2/100
|-weather|Hail|[from] ability: Snow Warning|[of] p1a: Vanilluxe
|turn|28
|-message|TheonReekGreyjoy forfeited.
|
|win|Shotintheheart
|raw|TheonReekGreyjoy's rating: 1825 &rarr; <strong>1807</strong><br />(-18 for losing)
|raw|Shotintheheart's rating: 1855 &rarr; <strong>1873</strong><br />(+18 for winning)
|l|☆TheonReekGreyjoy
|l|☆Shotintheheart
|j| Amanu95
||Ladder isn't responding, score probably updated but might not have (Request timeout).
|l| Blowfishbob
|j|+Dragonillis
