|j|☆SMxVale
|j|☆Elian-San
|t:|1620248293
|gametype|singles
|player|p1|SMxVale|2|1624
|player|p2|Elian-San|lana|1700
|teamsize|p1|6
|teamsize|p2|6
|gen|8
|tier|[Gen 8] OU
|rated|
|clearpoke
|poke|p1|Garchomp, F|
|poke|p1|Tapu Lele|
|poke|p1|Rillaboom, F|
|poke|p1|Tapu Fini|
|poke|p1|Clefable, F|
|poke|p1|Ferrothorn, M|
|poke|p2|Azelf|
|poke|p2|Rotom-Wash|
|poke|p2|Scizor, M|
|poke|p2|Landorus-Therian, M|
|poke|p2|Mandibuzz, F|
|poke|p2|Kyurem|
|rule|Sleep Clause Mod: Limit one foe put to sleep
|rule|Species Clause: Limit one of each Pokémon
|rule|OHKO Clause: OHKO moves are banned
|rule|Evasion Moves Clause: Evasion moves are banned
|rule|Endless Battle Clause: Forcing endless battles is banned
|rule|HP Percentage Mod: HP is shown in percentages
|rule|Dynamax Clause: You cannot dynamax
|teampreview
|inactive|Battle timer is ON: inactive players will automatically lose when time's up. (requested by SMxVale)
|
|t:|1620248310
|start
|switch|p1a: Clefable|Clefable, F|100/100
|switch|p2a: Azelf|Azelf|100/100
|turn|1
|
|t:|1620248313
|move|p2a: Azelf|U-turn|p1a: Clefable
|-resisted|p1a: Clefable
|-damage|p1a: Clefable|84/100
|
|t:|1620248316
|switch|p2a: Rotom|Rotom-Wash|100/100|[from]move: U-turn
|move|p1a: Clefable|Trick|p2a: Rotom
|-activate|p1a: Clefable|move: Trick|[of] p2a: Rotom
|-item|p2a: Rotom|Sticky Barb|[from] move: Trick
|-item|p1a: Clefable|Choice Scarf|[from] move: Trick
|
|-damage|p2a: Rotom|88/100|[from] item: Sticky Barb
|upkeep
|turn|2
|
|t:|1620248332
|switch|p1a: Garchomp|Garchomp, F|100/100
|move|p2a: Rotom|Volt Switch|p1a: Garchomp
|-immune|p1a: Garchomp
|
|-damage|p2a: Rotom|75/100|[from] item: Sticky Barb
|upkeep
|turn|3
|
|t:|1620248344
|move|p2a: Rotom|Trick|p1a: Garchomp
|-activate|p2a: Rotom|move: Trick|[of] p1a: Garchomp
|-item|p1a: Garchomp|Sticky Barb|[from] move: Trick
|-item|p2a: Rotom|Leftovers|[from] move: Trick
|move|p1a: Garchomp|Stealth Rock|p2a: Rotom
|-sidestart|p2: Elian-San|move: Stealth Rock
|
|-heal|p2a: Rotom|82/100|[from] item: Leftovers
|-damage|p1a: Garchomp|88/100|[from] item: Sticky Barb
|upkeep
|turn|4
|
|t:|1620248361
|switch|p1a: Tapu Lele|Tapu Lele|100/100
|-fieldstart|move: Psychic Terrain|[from] ability: Psychic Surge|[of] p1a: Tapu Lele
|move|p2a: Rotom|Defog|p1a: Tapu Lele
|-unboost|p1a: Tapu Lele|evasion|1
|-sideend|p2: Elian-San|Stealth Rock|[from] move: Defog|[of] p2a: Rotom
|-fieldend|move: Psychic Terrain
|
|-heal|p2a: Rotom|88/100|[from] item: Leftovers
|upkeep
|turn|5
|
|t:|1620248370
|switch|p2a: Scizor|Scizor, M|100/100
|move|p1a: Tapu Lele|Psychic|p2a: Scizor
|-resisted|p2a: Scizor
|-damage|p2a: Scizor|75/100
|
|upkeep
|turn|6
|
|t:|1620248383
|switch|p1a: Garchomp|Garchomp, F|88/100
|move|p2a: Scizor|U-turn|p1a: Garchomp
|-damage|p1a: Garchomp|68/100
|-damage|p2a: Scizor|63/100|[from] ability: Rough Skin|[of] p1a: Garchomp
|
|t:|1620248391
|switch|p2a: Kyurem|Kyurem|100/100|[from]move: U-turn
|-ability|p2a: Kyurem|Pressure
|
|-damage|p1a: Garchomp|56/100|[from] item: Sticky Barb
|upkeep
|turn|7
|
|t:|1620248395
|switch|p1a: Ferrothorn|Ferrothorn, M|100/100
|move|p2a: Kyurem|Freeze-Dry|p1a: Ferrothorn
|-damage|p1a: Ferrothorn|63/100
|
|-heal|p1a: Ferrothorn|69/100|[from] item: Leftovers
|upkeep
|turn|8
|
|t:|1620248419
|switch|p2a: Landorus|Landorus-Therian, M|100/100
|-ability|p2a: Landorus|Intimidate|boost
|-unboost|p1a: Ferrothorn|atk|1
|move|p1a: Ferrothorn|Knock Off|p2a: Landorus
|-damage|p2a: Landorus|89/100
|-enditem|p2a: Landorus|Leftovers|[from] move: Knock Off|[of] p1a: Ferrothorn
|
|-heal|p1a: Ferrothorn|75/100|[from] item: Leftovers
|upkeep
|turn|9
|
|t:|1620248435
|move|p2a: Landorus|Stealth Rock|p1a: Ferrothorn
|-sidestart|p1: SMxVale|move: Stealth Rock
|move|p1a: Ferrothorn|Spikes|p2a: Landorus
|-sidestart|p2: Elian-San|Spikes
|
|-heal|p1a: Ferrothorn|81/100|[from] item: Leftovers
|upkeep
|turn|10
|
|t:|1620248442
|move|p2a: Landorus|U-turn|p1a: Ferrothorn
|-damage|p1a: Ferrothorn|64/100
|-damage|p2a: Landorus|77/100|[from] ability: Iron Barbs|[of] p1a: Ferrothorn
|
|t:|1620248445
|switch|p2a: Scizor|Scizor, M|63/100|[from]move: U-turn
|move|p1a: Ferrothorn|Leech Seed|p2a: Scizor
|-start|p2a: Scizor|move: Leech Seed
|
|-heal|p1a: Ferrothorn|70/100|[from] item: Leftovers
|-damage|p2a: Scizor|50/100|[from] Leech Seed|[of] p1a: Ferrothorn
|-heal|p1a: Ferrothorn|83/100|[silent]
|upkeep
|turn|11
|
|t:|1620248473
|switch|p1a: Tapu Fini|Tapu Fini|100/100
|-damage|p1a: Tapu Fini|88/100|[from] Stealth Rock
|-fieldstart|move: Misty Terrain|[from] ability: Misty Surge|[of] p1a: Tapu Fini
|move|p2a: Scizor|Roost|p2a: Scizor
|-heal|p2a: Scizor|100/100
|-singleturn|p2a: Scizor|move: Roost
|
|-damage|p2a: Scizor|88/100|[from] Leech Seed|[of] p1a: Tapu Fini
|-heal|p1a: Tapu Fini|100/100|[silent]
|upkeep
|turn|12
|
|t:|1620248484
|move|p1a: Tapu Fini|Trick|p2a: Scizor
|-activate|p1a: Tapu Fini|move: Trick|[of] p2a: Scizor
|-item|p2a: Scizor|Choice Scarf|[from] move: Trick
|-item|p1a: Tapu Fini|Heavy-Duty Boots|[from] move: Trick
|move|p2a: Scizor|U-turn|p1a: Tapu Fini
|-resisted|p1a: Tapu Fini
|-damage|p1a: Tapu Fini|85/100
|
|t:|1620248491
|switch|p2a: Azelf|Azelf|100/100|[from]move: U-turn
|
|upkeep
|turn|13
|
|t:|1620248503
|switch|p1a: Ferrothorn|Ferrothorn, M|83/100
|-damage|p1a: Ferrothorn|77/100|[from] Stealth Rock
|move|p2a: Azelf|U-turn|p1a: Ferrothorn
|-damage|p1a: Ferrothorn|46/100
|-damage|p2a: Azelf|88/100|[from] ability: Iron Barbs|[of] p1a: Ferrothorn
|
|t:|1620248511
|switch|p2a: Scizor|Scizor, M|88/100|[from]move: U-turn
|-damage|p2a: Scizor|75/100|[from] Spikes
|
|-heal|p1a: Ferrothorn|52/100|[from] item: Leftovers
|upkeep
|turn|14
|
|t:|1620248522
|move|p2a: Scizor|U-turn|p1a: Ferrothorn
|-damage|p1a: Ferrothorn|30/100
|-damage|p2a: Scizor|63/100|[from] ability: Iron Barbs|[of] p1a: Ferrothorn
|
|t:|1620248527
|switch|p2a: Landorus|Landorus-Therian, M|77/100|[from]move: U-turn
|-ability|p2a: Landorus|Intimidate|boost
|-unboost|p1a: Ferrothorn|atk|1
|move|p1a: Ferrothorn|Spikes|p2a: Landorus
|-sidestart|p2: Elian-San|Spikes
|
|-heal|p1a: Ferrothorn|36/100|[from] item: Leftovers
|upkeep
|turn|15
|
|t:|1620248541
|move|p2a: Landorus|Earthquake|p1a: Ferrothorn
|-damage|p1a: Ferrothorn|0 fnt
|faint|p1a: Ferrothorn
|
|-fieldend|Misty Terrain
|upkeep
|
|t:|1620248547
|switch|p1a: Tapu Lele|Tapu Lele|100/100
|-damage|p1a: Tapu Lele|88/100|[from] Stealth Rock
|-fieldstart|move: Psychic Terrain|[from] ability: Psychic Surge|[of] p1a: Tapu Lele
|turn|16
|
|t:|1620248551
|move|p1a: Tapu Lele|Psychic|p2a: Landorus
|-damage|p2a: Landorus|2/100
|move|p2a: Landorus|U-turn|p1a: Tapu Lele
|-damage|p1a: Tapu Lele|54/100
|
|t:|1620248558
|switch|p2a: Mandibuzz|Mandibuzz, F|100/100|[from]move: U-turn
|
|upkeep
|turn|17
|
|t:|1620248562
|move|p1a: Tapu Lele|Moonblast|p2a: Mandibuzz
|-supereffective|p2a: Mandibuzz
|-damage|p2a: Mandibuzz|26/100
|move|p2a: Mandibuzz|U-turn|p1a: Tapu Lele
|-damage|p1a: Tapu Lele|36/100
|
|t:|1620248566
|switch|p2a: Azelf|Azelf|88/100|[from]move: U-turn
|
|upkeep
|turn|18
|
|t:|1620248575
|switch|p1a: Garchomp|Garchomp, F|56/100
|-damage|p1a: Garchomp|49/100|[from] Stealth Rock
|move|p2a: Azelf|Knock Off|p1a: Garchomp
|-damage|p1a: Garchomp|16/100
|-damage|p2a: Azelf|76/100|[from] ability: Rough Skin|[of] p1a: Garchomp
|-enditem|p1a: Garchomp|Sticky Barb|[from] move: Knock Off|[of] p2a: Azelf
|
|upkeep
|turn|19
|
|t:|1620248595
|move|p2a: Azelf|Knock Off|p1a: Garchomp
|-damage|p1a: Garchomp|0 fnt
|-damage|p2a: Azelf|63/100|[from] ability: Rough Skin|[of] p1a: Garchomp
|faint|p1a: Garchomp
|
|upkeep
|
|t:|1620248602
|switch|p1a: Clefable|Clefable, F|84/100
|-damage|p1a: Clefable|72/100|[from] Stealth Rock
|turn|20
|
|t:|1620248612
|switch|p2a: Landorus|Landorus-Therian, M|2/100
|-ability|p2a: Landorus|Intimidate|boost
|-unboost|p1a: Clefable|atk|1
|move|p1a: Clefable|Moonblast|p2a: Landorus
|-crit|p2a: Landorus
|-damage|p2a: Landorus|0 fnt
|faint|p2a: Landorus
|
|-fieldend|move: Psychic Terrain
|upkeep
|
|t:|1620248617
|switch|p2a: Scizor|Scizor, M|63/100
|-damage|p2a: Scizor|46/100|[from] Spikes
|turn|21
|
|t:|1620248630
|move|p2a: Scizor|Roost|p2a: Scizor
|-heal|p2a: Scizor|96/100
|-singleturn|p2a: Scizor|move: Roost
|move|p1a: Clefable|Moonblast|p2a: Scizor
|-resisted|p2a: Scizor
|-damage|p2a: Scizor|82/100
|-unboost|p2a: Scizor|spa|1
|
|upkeep
|turn|22
|
|t:|1620248638
|switch|p2a: Rotom|Rotom-Wash|88/100
|move|p1a: Clefable|Moonblast|p2a: Rotom
|-damage|p2a: Rotom|57/100
|
|-heal|p2a: Rotom|64/100|[from] item: Leftovers
|upkeep
|turn|23
|
|t:|1620248644
|move|p2a: Rotom|Defog|p1a: Clefable
|-unboost|p1a: Clefable|evasion|1
|-sideend|p1: SMxVale|Stealth Rock|[from] move: Defog|[of] p2a: Rotom
|-sideend|p2: Elian-San|Spikes|[from] move: Defog|[of] p2a: Rotom
|move|p1a: Clefable|Moonblast|p2a: Rotom
|-damage|p2a: Rotom|33/100
|
|-heal|p2a: Rotom|39/100|[from] item: Leftovers
|upkeep
|turn|24
|
|t:|1620248666
|switch|p2a: Scizor|Scizor, M|82/100
|move|p1a: Clefable|Moonblast|p2a: Scizor
|-resisted|p2a: Scizor
|-damage|p2a: Scizor|69/100
|
|upkeep
|turn|25
|
|t:|1620248681
|switch|p1a: Tapu Fini|Tapu Fini|85/100
|-fieldstart|move: Misty Terrain|[from] ability: Misty Surge|[of] p1a: Tapu Fini
|move|p2a: Scizor|U-turn|p1a: Tapu Fini
|-resisted|p1a: Tapu Fini
|-crit|p1a: Tapu Fini
|-damage|p1a: Tapu Fini|63/100
|
|t:|1620248685
|switch|p2a: Rotom|Rotom-Wash|39/100|[from]move: U-turn
|
|-heal|p2a: Rotom|45/100|[from] item: Leftovers
|upkeep
|turn|26
|inactive|SMxVale has 120 seconds left.
|
|t:|1620248706
|move|p2a: Rotom|Volt Switch|p1a: Tapu Fini
|-supereffective|p1a: Tapu Fini
|-damage|p1a: Tapu Fini|17/100
|
|t:|1620248715
|switch|p2a: Mandibuzz|Mandibuzz, F|26/100|[from]move: Volt Switch
|move|p1a: Tapu Fini|Surf|p2a: Mandibuzz
|-damage|p2a: Mandibuzz|0 fnt
|faint|p2a: Mandibuzz
|
|upkeep
|
|t:|1620248716
|switch|p2a: Rotom|Rotom-Wash|45/100
|turn|27
|
|t:|1620248729
|move|p2a: Rotom|Volt Switch|p1a: Tapu Fini
|-supereffective|p1a: Tapu Fini
|-damage|p1a: Tapu Fini|0 fnt
|faint|p1a: Tapu Fini
|
|t:|1620248735
|switch|p2a: Scizor|Scizor, M|69/100|[from]move: Volt Switch
|
|upkeep
|
|t:|1620248741
|switch|p1a: Tapu Lele|Tapu Lele|36/100
|-fieldstart|move: Psychic Terrain|[from] ability: Psychic Surge|[of] p1a: Tapu Lele
|turn|28
|
|t:|1620248746
|move|p1a: Tapu Lele|Psychic|p2a: Scizor
|-resisted|p2a: Scizor
|-damage|p2a: Scizor|37/100
|move|p2a: Scizor|U-turn|p1a: Tapu Lele
|-damage|p1a: Tapu Lele|0 fnt
|faint|p1a: Tapu Lele
|
|t:|1620248752
|switch|p2a: Kyurem|Kyurem|100/100|[from]move: U-turn
|-ability|p2a: Kyurem|Pressure
|
|upkeep
|
|t:|1620248755
|switch|p1a: Clefable|Clefable, F|72/100
|turn|29
|
|t:|1620248766
|switch|p2a: Rotom|Rotom-Wash|45/100
|move|p1a: Clefable|Moonblast|p2a: Rotom
|-damage|p2a: Rotom|14/100
|-unboost|p2a: Rotom|spa|1
|
|-heal|p2a: Rotom|21/100|[from] item: Leftovers
|upkeep
|turn|30
|
|t:|1620248773
|move|p2a: Rotom|Hydro Pump|p1a: Clefable|[miss]
|-miss|p2a: Rotom|p1a: Clefable
|move|p1a: Clefable|Moonblast|p2a: Rotom
|-damage|p2a: Rotom|0 fnt
|faint|p2a: Rotom
|
|upkeep
|
|t:|1620248776
|switch|p2a: Azelf|Azelf|63/100
|turn|31
|
|t:|1620248779
|move|p2a: Azelf|Explosion|p1a: Clefable
|-damage|p1a: Clefable|0 fnt
|faint|p2a: Azelf
|faint|p1a: Clefable
|
|upkeep
|
|t:|1620248784
|switch|p2a: Kyurem|Kyurem|100/100
|switch|p1a: Rillaboom|Rillaboom, F|100/100
|-ability|p2a: Kyurem|Pressure
|-fieldstart|move: Grassy Terrain|[from] ability: Grassy Surge|[of] p1a: Rillaboom
|turn|32
|
|t:|1620248801
|move|p2a: Kyurem|Ice Beam|p1a: Rillaboom
|-supereffective|p1a: Rillaboom
|-damage|p1a: Rillaboom|0 fnt
|faint|p1a: Rillaboom
|
|win|Elian-San
|raw|SMxVale's rating: 1607 &rarr; <strong>1592</strong><br />(-15 for losing)
|raw|Elian-San's rating: 1700 &rarr; <strong>1715</strong><br />(+15 for winning)
|l|☆SMxVale
||Ladder isn't responding, score probably updated but might not have (Request timeout).
