|j|☆MrAcido
|j|☆LECH24
|t:|1658680049
|gametype|singles
|player|p1|MrAcido|pryce|1598
|player|p2|LECH24|265|1671
|teamsize|p1|6
|teamsize|p2|6
|gen|8
|tier|[Gen 8] OU
|rated|
|rule|Sleep Clause Mod: Limit one foe put to sleep
|rule|Species Clause: Limit one of each Pokémon
|rule|OHKO Clause: OHKO moves are banned
|rule|Evasion Moves Clause: Evasion moves are banned
|rule|Endless Battle Clause: Forcing endless battles is banned
|rule|HP Percentage Mod: HP is shown in percentages
|rule|Dynamax Clause: You cannot dynamax
|clearpoke
|poke|p1|Rotom-Wash|
|poke|p1|Weavile, F|
|poke|p1|Landorus-Therian, M|
|poke|p1|Heatran, M|
|poke|p1|Tangrowth, F|
|poke|p1|Melmetal|
|poke|p2|Clefable, M|
|poke|p2|Seismitoad, M|
|poke|p2|Mamoswine, M|
|poke|p2|Mandibuzz, F|
|poke|p2|Melmetal|
|poke|p2|Volcarona, F|
|teampreview
|c|☆MrAcido|gl hf
|inactive|Battle timer is ON: inactive players will automatically lose when time's up. (requested by MrAcido)
|
|t:|1658680056
|start
|switch|p1a: Melmetal|Melmetal|100/100
|switch|p2a: Seismitoad|Seismitoad, M|100/100
|turn|1
|
|t:|1658680059
|switch|p1a: Heatran|Heatran, M|100/100
|-item|p1a: Heatran|Air Balloon
|move|p2a: Seismitoad|Knock Off|p1a: Heatran
|-damage|p1a: Heatran|80/100
|-enditem|p1a: Heatran|Air Balloon
|
|upkeep
|turn|2
|
|t:|1658680064
|switch|p1a: rotomwash|Rotom-Wash|100/100
|move|p2a: Seismitoad|Earthquake|p1a: rotomwash
|-immune|p1a: rotomwash|[from] ability: Levitate
|
|upkeep
|turn|3
|
|t:|1658680071
|move|p1a: rotomwash|Nasty Plot|p1a: rotomwash
|-boost|p1a: rotomwash|spa|2
|move|p2a: Seismitoad|Stealth Rock|p1a: rotomwash
|-sidestart|p1: MrAcido|move: Stealth Rock
|
|upkeep
|turn|4
|
|t:|1658680081
|move|p1a: rotomwash|Nasty Plot|p1a: rotomwash
|-boost|p1a: rotomwash|spa|2
|move|p2a: Seismitoad|Scald|p1a: rotomwash
|-resisted|p1a: rotomwash
|-damage|p1a: rotomwash|89/100
|
|-heal|p1a: rotomwash|95/100|[from] item: Leftovers
|upkeep
|turn|5
|
|t:|1658680090
|move|p1a: rotomwash|Pain Split|p2a: Seismitoad
|-sethp|p2a: Seismitoad|85/100|[from] move: Pain Split|[silent]
|-sethp|p1a: rotomwash|100/100|[from] move: Pain Split
|move|p2a: Seismitoad|Scald|p1a: rotomwash
|-resisted|p1a: rotomwash
|-damage|p1a: rotomwash|88/100
|
|-heal|p1a: rotomwash|94/100|[from] item: Leftovers
|-heal|p2a: Seismitoad|91/100|[from] item: Leftovers
|upkeep
|turn|6
|
|t:|1658680094
|move|p1a: rotomwash|Pain Split|p2a: Seismitoad
|-sethp|p2a: Seismitoad|80/100|[from] move: Pain Split|[silent]
|-sethp|p1a: rotomwash|100/100|[from] move: Pain Split
|move|p2a: Seismitoad|Scald|p1a: rotomwash
|-resisted|p1a: rotomwash
|-damage|p1a: rotomwash|88/100
|
|-heal|p1a: rotomwash|94/100|[from] item: Leftovers
|-heal|p2a: Seismitoad|86/100|[from] item: Leftovers
|upkeep
|turn|7
|
|t:|1658680099
|move|p1a: rotomwash|Nasty Plot|p1a: rotomwash
|-boost|p1a: rotomwash|spa|2
|move|p2a: Seismitoad|Knock Off|p1a: rotomwash
|-damage|p1a: rotomwash|73/100
|-enditem|p1a: rotomwash|Leftovers|[from] move: Knock Off|[of] p2a: Seismitoad
|
|-heal|p2a: Seismitoad|92/100|[from] item: Leftovers
|upkeep
|turn|8
|
|t:|1658680102
|move|p1a: rotomwash|Pain Split|p2a: Seismitoad
|-sethp|p2a: Seismitoad|73/100|[from] move: Pain Split|[silent]
|-sethp|p1a: rotomwash|99/100|[from] move: Pain Split
|move|p2a: Seismitoad|Scald|p1a: rotomwash
|-resisted|p1a: rotomwash
|-damage|p1a: rotomwash|86/100
|
|-heal|p2a: Seismitoad|79/100|[from] item: Leftovers
|upkeep
|turn|9
|
|t:|1658680105
|move|p1a: rotomwash|Thunderbolt|p2a: Seismitoad
|-immune|p2a: Seismitoad
|move|p2a: Seismitoad|Scald|p1a: rotomwash
|-resisted|p1a: rotomwash
|-damage|p1a: rotomwash|72/100
|
|-heal|p2a: Seismitoad|85/100|[from] item: Leftovers
|upkeep
|turn|10
|
|t:|1658680108
|move|p1a: rotomwash|Thunderbolt|p2a: Seismitoad
|-immune|p2a: Seismitoad
|move|p2a: Seismitoad|Scald|p1a: rotomwash
|-resisted|p1a: rotomwash
|-damage|p1a: rotomwash|60/100
|-status|p1a: rotomwash|brn
|
|-heal|p2a: Seismitoad|91/100|[from] item: Leftovers
|-damage|p1a: rotomwash|53/100 brn|[from] brn
|upkeep
|turn|11
|
|t:|1658680115
|move|p1a: rotomwash|Thunderbolt|p2a: Seismitoad
|-immune|p2a: Seismitoad
|move|p2a: Seismitoad|Stealth Rock||[still]
|-fail|p2a: Seismitoad
|
|-heal|p2a: Seismitoad|97/100|[from] item: Leftovers
|-damage|p1a: rotomwash|47/100 brn|[from] brn
|upkeep
|turn|12
|
|t:|1658680117
|move|p1a: rotomwash|Hydro Pump|p2a: Seismitoad
|-heal|p2a: Seismitoad|100/100|[from] ability: Water Absorb|[of] p1a: rotomwash
|move|p2a: Seismitoad|Stealth Rock||[still]
|-fail|p2a: Seismitoad
|
|-damage|p1a: rotomwash|41/100 brn|[from] brn
|upkeep
|turn|13
|
|t:|1658680121
|move|p1a: rotomwash|Hydro Pump|p2a: Seismitoad
|-immune|p2a: Seismitoad|[from] ability: Water Absorb
|move|p2a: Seismitoad|Stealth Rock||[still]
|-fail|p2a: Seismitoad
|
|-damage|p1a: rotomwash|35/100 brn|[from] brn
|upkeep
|turn|14
|
|t:|1658680126
|move|p1a: rotomwash|Hydro Pump|p2a: Seismitoad
|-immune|p2a: Seismitoad|[from] ability: Water Absorb
|move|p2a: Seismitoad|Stealth Rock||[still]
|-fail|p2a: Seismitoad
|
|-damage|p1a: rotomwash|28/100 brn|[from] brn
|upkeep
|turn|15
|
|t:|1658680130
|move|p1a: rotomwash|Hydro Pump|p2a: Seismitoad
|-immune|p2a: Seismitoad|[from] ability: Water Absorb
|move|p2a: Seismitoad|Stealth Rock||[still]
|-fail|p2a: Seismitoad
|
|-damage|p1a: rotomwash|22/100 brn|[from] brn
|upkeep
|turn|16
|
|t:|1658680133
|move|p1a: rotomwash|Pain Split|p2a: Seismitoad
|-sethp|p2a: Seismitoad|58/100|[from] move: Pain Split|[silent]
|-sethp|p1a: rotomwash|79/100 brn|[from] move: Pain Split
|move|p2a: Seismitoad|Knock Off|p1a: rotomwash
|-damage|p1a: rotomwash|64/100 brn
|
|-heal|p2a: Seismitoad|65/100|[from] item: Leftovers
|-damage|p1a: rotomwash|58/100 brn|[from] brn
|upkeep
|turn|17
|
|t:|1658680140
|move|p1a: rotomwash|Hydro Pump|p2a: Seismitoad
|-heal|p2a: Seismitoad|89/100|[from] ability: Water Absorb|[of] p1a: rotomwash
|move|p2a: Seismitoad|Knock Off|p1a: rotomwash
|-damage|p1a: rotomwash|42/100 brn
|
|-heal|p2a: Seismitoad|95/100|[from] item: Leftovers
|-damage|p1a: rotomwash|36/100 brn|[from] brn
|upkeep
|turn|18
|
|t:|1658680145
|move|p1a: rotomwash|Hydro Pump|p2a: Seismitoad
|-heal|p2a: Seismitoad|100/100|[from] ability: Water Absorb|[of] p1a: rotomwash
|move|p2a: Seismitoad|Knock Off|p1a: rotomwash
|-damage|p1a: rotomwash|20/100 brn
|
|-damage|p1a: rotomwash|14/100 brn|[from] brn
|upkeep
|turn|19
|
|t:|1658680149
|move|p1a: rotomwash|Pain Split|p2a: Seismitoad
|-sethp|p2a: Seismitoad|55/100|[from] move: Pain Split|[silent]
|-sethp|p1a: rotomwash|75/100 brn|[from] move: Pain Split
|move|p2a: Seismitoad|Knock Off|p1a: rotomwash
|-damage|p1a: rotomwash|59/100 brn
|
|-heal|p2a: Seismitoad|61/100|[from] item: Leftovers
|-damage|p1a: rotomwash|53/100 brn|[from] brn
|upkeep
|turn|20
|
|t:|1658680154
|move|p1a: rotomwash|Hydro Pump|p2a: Seismitoad
|-heal|p2a: Seismitoad|86/100|[from] ability: Water Absorb|[of] p1a: rotomwash
|move|p2a: Seismitoad|Stealth Rock||[still]
|-fail|p2a: Seismitoad
|
|-heal|p2a: Seismitoad|92/100|[from] item: Leftovers
|-damage|p1a: rotomwash|47/100 brn|[from] brn
|upkeep
|turn|21
|
|t:|1658680161
|move|p1a: rotomwash|Pain Split|p2a: Seismitoad
|-sethp|p2a: Seismitoad|63/100|[from] move: Pain Split|[silent]
|-sethp|p1a: rotomwash|86/100 brn|[from] move: Pain Split
|move|p2a: Seismitoad|Scald|p1a: rotomwash
|-resisted|p1a: rotomwash
|-damage|p1a: rotomwash|73/100 brn
|
|-heal|p2a: Seismitoad|69/100|[from] item: Leftovers
|-damage|p1a: rotomwash|67/100 brn|[from] brn
|upkeep
|turn|22
|
|t:|1658680165
|move|p1a: rotomwash|Thunderbolt|p2a: Seismitoad
|-immune|p2a: Seismitoad
|move|p2a: Seismitoad|Knock Off|p1a: rotomwash
|-damage|p1a: rotomwash|52/100 brn
|
|-heal|p2a: Seismitoad|75/100|[from] item: Leftovers
|-damage|p1a: rotomwash|46/100 brn|[from] brn
|upkeep
|turn|23
|
|t:|1658680169
|move|p1a: rotomwash|Pain Split|p2a: Seismitoad
|-sethp|p2a: Seismitoad|54/100|[from] move: Pain Split|[silent]
|-sethp|p1a: rotomwash|74/100 brn|[from] move: Pain Split
|move|p2a: Seismitoad|Stealth Rock||[still]
|-fail|p2a: Seismitoad
|
|-heal|p2a: Seismitoad|60/100|[from] item: Leftovers
|-damage|p1a: rotomwash|68/100 brn|[from] brn
|upkeep
|turn|24
|
|t:|1658680173
|move|p1a: rotomwash|Hydro Pump|p2a: Seismitoad
|-heal|p2a: Seismitoad|85/100|[from] ability: Water Absorb|[of] p1a: rotomwash
|move|p2a: Seismitoad|Knock Off|p1a: rotomwash
|-damage|p1a: rotomwash|53/100 brn
|
|-heal|p2a: Seismitoad|91/100|[from] item: Leftovers
|-damage|p1a: rotomwash|47/100 brn|[from] brn
|upkeep
|turn|25
|
|t:|1658680187
|move|p1a: rotomwash|Pain Split|p2a: Seismitoad
|-sethp|p2a: Seismitoad|63/100|[from] move: Pain Split|[silent]
|-sethp|p1a: rotomwash|86/100 brn|[from] move: Pain Split
|move|p2a: Seismitoad|Scald|p1a: rotomwash
|-resisted|p1a: rotomwash
|-damage|p1a: rotomwash|73/100 brn
|
|-heal|p2a: Seismitoad|69/100|[from] item: Leftovers
|-damage|p1a: rotomwash|67/100 brn|[from] brn
|upkeep
|turn|26
|
|t:|1658680190
|move|p1a: rotomwash|Pain Split|p2a: Seismitoad
|-sethp|p2a: Seismitoad|59/100|[from] move: Pain Split|[silent]
|-sethp|p1a: rotomwash|80/100 brn|[from] move: Pain Split
|move|p2a: Seismitoad|Knock Off|p1a: rotomwash
|-damage|p1a: rotomwash|65/100 brn
|
|-heal|p2a: Seismitoad|65/100|[from] item: Leftovers
|-damage|p1a: rotomwash|59/100 brn|[from] brn
|upkeep
|turn|27
|
|t:|1658680198
|move|p1a: rotomwash|Pain Split|p2a: Seismitoad
|-sethp|p2a: Seismitoad|54/100|[from] move: Pain Split|[silent]
|-sethp|p1a: rotomwash|74/100 brn|[from] move: Pain Split
|move|p2a: Seismitoad|Knock Off|p1a: rotomwash
|-damage|p1a: rotomwash|59/100 brn
|
|-heal|p2a: Seismitoad|60/100|[from] item: Leftovers
|-damage|p1a: rotomwash|53/100 brn|[from] brn
|upkeep
|turn|28
|
|t:|1658680205
|move|p1a: rotomwash|Pain Split|p2a: Seismitoad
|-sethp|p2a: Seismitoad|50/100|[from] move: Pain Split|[silent]
|-sethp|p1a: rotomwash|67/100 brn|[from] move: Pain Split
|move|p2a: Seismitoad|Stealth Rock||[still]
|-fail|p2a: Seismitoad
|
|-heal|p2a: Seismitoad|56/100|[from] item: Leftovers
|-damage|p1a: rotomwash|61/100 brn|[from] brn
|upkeep
|turn|29
|
|t:|1658680208
|move|p1a: rotomwash|Pain Split|p2a: Seismitoad
|-sethp|p2a: Seismitoad|50/100|[from] move: Pain Split|[silent]
|-sethp|p1a: rotomwash|68/100 brn|[from] move: Pain Split
|move|p2a: Seismitoad|Stealth Rock||[still]
|-fail|p2a: Seismitoad
|
|-heal|p2a: Seismitoad|56/100|[from] item: Leftovers
|-damage|p1a: rotomwash|62/100 brn|[from] brn
|upkeep
|turn|30
|
|t:|1658680211
|move|p1a: rotomwash|Pain Split|p2a: Seismitoad
|-sethp|p2a: Seismitoad|51/100|[from] move: Pain Split|[silent]
|-sethp|p1a: rotomwash|69/100 brn|[from] move: Pain Split
|move|p2a: Seismitoad|Stealth Rock||[still]
|-fail|p2a: Seismitoad
|
|-heal|p2a: Seismitoad|57/100|[from] item: Leftovers
|-damage|p1a: rotomwash|63/100 brn|[from] brn
|upkeep
|turn|31
|
|t:|1658680214
|move|p1a: rotomwash|Pain Split|p2a: Seismitoad
|-sethp|p2a: Seismitoad|52/100|[from] move: Pain Split|[silent]
|-sethp|p1a: rotomwash|70/100 brn|[from] move: Pain Split
|move|p2a: Seismitoad|Stealth Rock||[still]
|-fail|p2a: Seismitoad
|
|-heal|p2a: Seismitoad|58/100|[from] item: Leftovers
|-damage|p1a: rotomwash|64/100 brn|[from] brn
|upkeep
|turn|32
|
|t:|1658680218
|move|p1a: rotomwash|Pain Split|p2a: Seismitoad
|-sethp|p2a: Seismitoad|52/100|[from] move: Pain Split|[silent]
|-sethp|p1a: rotomwash|71/100 brn|[from] move: Pain Split
|move|p2a: Seismitoad|Stealth Rock||[still]
|-fail|p2a: Seismitoad
|
|-heal|p2a: Seismitoad|58/100|[from] item: Leftovers
|-damage|p1a: rotomwash|65/100 brn|[from] brn
|upkeep
|turn|33
|
|t:|1658680227
|move|p1a: rotomwash|Pain Split|p2a: Seismitoad
|-sethp|p2a: Seismitoad|53/100|[from] move: Pain Split|[silent]
|-sethp|p1a: rotomwash|72/100 brn|[from] move: Pain Split
|move|p2a: Seismitoad|Stealth Rock||[still]
|-fail|p2a: Seismitoad
|
|-heal|p2a: Seismitoad|59/100|[from] item: Leftovers
|-damage|p1a: rotomwash|66/100 brn|[from] brn
|upkeep
|turn|34
|
|t:|1658680232
|move|p1a: rotomwash|Pain Split|p2a: Seismitoad
|-sethp|p2a: Seismitoad|54/100|[from] move: Pain Split|[silent]
|-sethp|p1a: rotomwash|73/100 brn|[from] move: Pain Split
|move|p2a: Seismitoad|Stealth Rock||[still]
|-fail|p2a: Seismitoad
|
|-heal|p2a: Seismitoad|60/100|[from] item: Leftovers
|-damage|p1a: rotomwash|67/100 brn|[from] brn
|upkeep
|turn|35
|
|t:|1658680244
|move|p1a: rotomwash|Pain Split|p2a: Seismitoad
|-sethp|p2a: Seismitoad|55/100|[from] move: Pain Split|[silent]
|-sethp|p1a: rotomwash|74/100 brn|[from] move: Pain Split
|move|p2a: Seismitoad|Stealth Rock||[still]
|-fail|p2a: Seismitoad
|
|-heal|p2a: Seismitoad|61/100|[from] item: Leftovers
|-damage|p1a: rotomwash|68/100 brn|[from] brn
|upkeep
|turn|36
|
|t:|1658680252
|move|p1a: rotomwash|Pain Split|p2a: Seismitoad
|-sethp|p2a: Seismitoad|55/100|[from] move: Pain Split|[silent]
|-sethp|p1a: rotomwash|75/100 brn|[from] move: Pain Split
|move|p2a: Seismitoad|Earthquake|p1a: rotomwash
|-immune|p1a: rotomwash|[from] ability: Levitate
|
|-heal|p2a: Seismitoad|61/100|[from] item: Leftovers
|-damage|p1a: rotomwash|69/100 brn|[from] brn
|upkeep
|turn|37
|
|t:|1658680255
|move|p1a: rotomwash|Pain Split|p2a: Seismitoad
|-sethp|p2a: Seismitoad|56/100|[from] move: Pain Split|[silent]
|-sethp|p1a: rotomwash|76/100 brn|[from] move: Pain Split
|move|p2a: Seismitoad|Earthquake|p1a: rotomwash
|-immune|p1a: rotomwash|[from] ability: Levitate
|
|-heal|p2a: Seismitoad|62/100|[from] item: Leftovers
|-damage|p1a: rotomwash|70/100 brn|[from] brn
|upkeep
|turn|38
|
|t:|1658680258
|move|p1a: rotomwash|Pain Split|p2a: Seismitoad
|-sethp|p2a: Seismitoad|57/100|[from] move: Pain Split|[silent]
|-sethp|p1a: rotomwash|77/100 brn|[from] move: Pain Split
|move|p2a: Seismitoad|Scald|p1a: rotomwash
|-resisted|p1a: rotomwash
|-damage|p1a: rotomwash|65/100 brn
|
|-heal|p2a: Seismitoad|63/100|[from] item: Leftovers
|-damage|p1a: rotomwash|58/100 brn|[from] brn
|upkeep
|turn|39
|
|t:|1658680269
|move|p1a: rotomwash|Pain Split|p2a: Seismitoad
|-sethp|p2a: Seismitoad|53/100|[from] move: Pain Split|[silent]
|-sethp|p1a: rotomwash|72/100 brn|[from] move: Pain Split
|move|p2a: Seismitoad|Stealth Rock||[still]
|-fail|p2a: Seismitoad
|
|-heal|p2a: Seismitoad|59/100|[from] item: Leftovers
|-damage|p1a: rotomwash|66/100 brn|[from] brn
|upkeep
|turn|40
|
|t:|1658680273
|move|p1a: rotomwash|Pain Split|p2a: Seismitoad
|-sethp|p2a: Seismitoad|54/100|[from] move: Pain Split|[silent]
|-sethp|p1a: rotomwash|73/100 brn|[from] move: Pain Split
|move|p2a: Seismitoad|Knock Off|p1a: rotomwash
|-damage|p1a: rotomwash|57/100 brn
|
|-heal|p2a: Seismitoad|60/100|[from] item: Leftovers
|-damage|p1a: rotomwash|50/100 brn|[from] brn
|upkeep
|turn|41
|
|t:|1658680277
|move|p1a: rotomwash|Pain Split|p2a: Seismitoad
|-sethp|p2a: Seismitoad|48/100|[from] move: Pain Split|[silent]
|-sethp|p1a: rotomwash|66/100 brn|[from] move: Pain Split
|move|p2a: Seismitoad|Scald|p1a: rotomwash
|-resisted|p1a: rotomwash
|-damage|p1a: rotomwash|54/100 brn
|
|-heal|p2a: Seismitoad|54/100|[from] item: Leftovers
|-damage|p1a: rotomwash|48/100 brn|[from] brn
|upkeep
|turn|42
|
|t:|1658680282
|move|p1a: rotomwash|Pain Split|p2a: Seismitoad
|-sethp|p2a: Seismitoad|45/100|[from] move: Pain Split|[silent]
|-sethp|p1a: rotomwash|61/100 brn|[from] move: Pain Split
|move|p2a: Seismitoad|Stealth Rock||[still]
|-fail|p2a: Seismitoad
|
|-heal|p2a: Seismitoad|51/100|[from] item: Leftovers
|-damage|p1a: rotomwash|54/100 brn|[from] brn
|upkeep
|turn|43
|
|t:|1658680288
|move|p1a: rotomwash|Pain Split|p2a: Seismitoad
|-sethp|p2a: Seismitoad|45/100|[from] move: Pain Split|[silent]
|-sethp|p1a: rotomwash|62/100 brn|[from] move: Pain Split
|move|p2a: Seismitoad|Earthquake|p1a: rotomwash
|-immune|p1a: rotomwash|[from] ability: Levitate
|
|-heal|p2a: Seismitoad|51/100|[from] item: Leftovers
|-damage|p1a: rotomwash|55/100 brn|[from] brn
|upkeep
|turn|44
|
|t:|1658680293
|move|p1a: rotomwash|Pain Split|p2a: Seismitoad
|-sethp|p2a: Seismitoad|46/100|[from] move: Pain Split|[silent]
|-sethp|p1a: rotomwash|63/100 brn|[from] move: Pain Split
|move|p2a: Seismitoad|Earthquake|p1a: rotomwash
|-immune|p1a: rotomwash|[from] ability: Levitate
|
|-heal|p2a: Seismitoad|52/100|[from] item: Leftovers
|-damage|p1a: rotomwash|56/100 brn|[from] brn
|upkeep
|turn|45
|
|t:|1658680297
|move|p1a: rotomwash|Pain Split|p2a: Seismitoad
|-sethp|p2a: Seismitoad|47/100|[from] move: Pain Split|[silent]
|-sethp|p1a: rotomwash|64/100 brn|[from] move: Pain Split
|move|p2a: Seismitoad|Stealth Rock||[still]
|-fail|p2a: Seismitoad
|
|-heal|p2a: Seismitoad|53/100|[from] item: Leftovers
|-damage|p1a: rotomwash|57/100 brn|[from] brn
|upkeep
|turn|46
|
|t:|1658680300
|move|p1a: rotomwash|Pain Split|p2a: Seismitoad
|-sethp|p2a: Seismitoad|48/100|[from] move: Pain Split|[silent]
|-sethp|p1a: rotomwash|65/100 brn|[from] move: Pain Split
|move|p2a: Seismitoad|Earthquake|p1a: rotomwash
|-immune|p1a: rotomwash|[from] ability: Levitate
|
|-heal|p2a: Seismitoad|54/100|[from] item: Leftovers
|-damage|p1a: rotomwash|58/100 brn|[from] brn
|upkeep
|turn|47
|
|t:|1658680306
|move|p1a: rotomwash|Pain Split|p2a: Seismitoad
|-sethp|p2a: Seismitoad|48/100|[from] move: Pain Split|[silent]
|-sethp|p1a: rotomwash|66/100 brn|[from] move: Pain Split
|move|p2a: Seismitoad|Earthquake|p1a: rotomwash
|-immune|p1a: rotomwash|[from] ability: Levitate
|
|-heal|p2a: Seismitoad|54/100|[from] item: Leftovers
|-damage|p1a: rotomwash|59/100 brn|[from] brn
|upkeep
|turn|48
|
|t:|1658680312
|move|p1a: rotomwash|Pain Split|p2a: Seismitoad
|-sethp|p2a: Seismitoad|49/100|[from] move: Pain Split|[silent]
|-sethp|p1a: rotomwash|67/100 brn|[from] move: Pain Split
|move|p2a: Seismitoad|Stealth Rock||[still]
|-fail|p2a: Seismitoad
|
|-heal|p2a: Seismitoad|55/100|[from] item: Leftovers
|-damage|p1a: rotomwash|60/100 brn|[from] brn
|upkeep
|turn|49
|
|t:|1658680318
|move|p1a: rotomwash|Pain Split|p2a: Seismitoad
|-sethp|p2a: Seismitoad|50/100|[from] move: Pain Split|[silent]
|-sethp|p1a: rotomwash|68/100 brn|[from] move: Pain Split
|move|p2a: Seismitoad|Earthquake|p1a: rotomwash
|-immune|p1a: rotomwash|[from] ability: Levitate
|
|-heal|p2a: Seismitoad|56/100|[from] item: Leftovers
|-damage|p1a: rotomwash|61/100 brn|[from] brn
|upkeep
|turn|50
|
|t:|1658680324
|move|p1a: rotomwash|Thunderbolt|p2a: Seismitoad
|-immune|p2a: Seismitoad
|move|p2a: Seismitoad|Knock Off|p1a: rotomwash
|-damage|p1a: rotomwash|46/100 brn
|
|-heal|p2a: Seismitoad|62/100|[from] item: Leftovers
|-damage|p1a: rotomwash|39/100 brn|[from] brn
|upkeep
|turn|51
|
|t:|1658680327
|switch|p1a: Tangrowth|Tangrowth, F|100/100
|-damage|p1a: Tangrowth|88/100|[from] Stealth Rock
|move|p2a: Seismitoad|Knock Off|p1a: Tangrowth
|-damage|p1a: Tangrowth|78/100
|-damage|p2a: Seismitoad|45/100|[from] item: Rocky Helmet|[of] p1a: Tangrowth
|-enditem|p1a: Tangrowth|Rocky Helmet|[from] move: Knock Off|[of] p2a: Seismitoad
|
|-heal|p2a: Seismitoad|51/100|[from] item: Leftovers
|upkeep
|turn|52
|
|t:|1658680334
|switch|p2a: Mandibuzz|Mandibuzz, F|100/100
|move|p1a: Tangrowth|Knock Off|p2a: Mandibuzz
|-resisted|p2a: Mandibuzz
|-damage|p2a: Mandibuzz|95/100
|-enditem|p2a: Mandibuzz|Heavy-Duty Boots|[from] move: Knock Off|[of] p1a: Tangrowth
|
|upkeep
|turn|53
|
|t:|1658680337
|switch|p1a: landorustherian|Landorus-Therian, M|100/100
|-damage|p1a: landorustherian|88/100|[from] Stealth Rock
|-ability|p1a: landorustherian|Intimidate|boost
|-unboost|p2a: Mandibuzz|atk|1
|move|p2a: Mandibuzz|Foul Play|p1a: landorustherian
|-damage|p1a: landorustherian|46/100
|
|-heal|p1a: landorustherian|52/100|[from] item: Leftovers
|upkeep
|turn|54
|
|t:|1658680340
|move|p1a: landorustherian|Defog|p2a: Mandibuzz
|-unboost|p2a: Mandibuzz|evasion|1
|-sideend|p1: MrAcido|Stealth Rock|[from] move: Defog|[of] p1a: landorustherian
|move|p2a: Mandibuzz|Foul Play|p1a: landorustherian
|-damage|p1a: landorustherian|10/100
|
|-heal|p1a: landorustherian|17/100|[from] item: Leftovers
|upkeep
|turn|55
|
|t:|1658680344
|move|p1a: landorustherian|Toxic|p2a: Mandibuzz
|-status|p2a: Mandibuzz|tox
|move|p2a: Mandibuzz|U-turn|p1a: landorustherian
|-resisted|p1a: landorustherian
|-damage|p1a: landorustherian|13/100
|
|t:|1658680349
|switch|p2a: Mamoswine|Mamoswine, M|100/100|[from]move: U-turn
|
|-heal|p1a: landorustherian|19/100|[from] item: Leftovers
|upkeep
|turn|56
|
|t:|1658680365
|move|p2a: Mamoswine|Knock Off|p1a: landorustherian
|-damage|p1a: landorustherian|0 fnt
|-enditem|p1a: landorustherian|Leftovers|[from] move: Knock Off|[of] p2a: Mamoswine
|faint|p1a: landorustherian
|
|upkeep
|
|t:|1658680365
|switch|p1a: Weavile|Weavile, F|100/100
|-ability|p1a: Weavile|Pressure
|turn|57
|
|t:|1658680377
|switch|p2a: Melmetal|Melmetal|100/100
|move|p1a: Weavile|Knock Off|p2a: Melmetal
|-damage|p2a: Melmetal|54/100
|-enditem|p2a: Melmetal|Assault Vest|[from] move: Knock Off|[of] p1a: Weavile
|
|upkeep
|turn|58
|
|t:|1658680387
|switch|p1a: Tangrowth|Tangrowth, F|100/100
|move|p2a: Melmetal|Double Iron Bash|p1a: Tangrowth
|-damage|p1a: Tangrowth|79/100
|-damage|p1a: Tangrowth|58/100
|-hitcount|p1a: Tangrowth|2
|
|upkeep
|turn|59
|
|t:|1658680396
|move|p1a: Tangrowth|Sleep Powder|p2a: Melmetal
|-status|p2a: Melmetal|slp|[from] move: Sleep Powder
|cant|p2a: Melmetal|slp
|
|upkeep
|turn|60
|
|t:|1658680403
|switch|p2a: Mandibuzz|Mandibuzz, F|95/100 tox
|move|p1a: Tangrowth|Focus Blast|p2a: Mandibuzz
|-damage|p2a: Mandibuzz|71/100 tox
|
|-damage|p2a: Mandibuzz|65/100 tox|[from] psn
|upkeep
|turn|61
|j| f45s
|
|t:|1658680409
|switch|p1a: Weavile|Weavile, F|100/100
|-ability|p1a: Weavile|Pressure
|move|p2a: Mandibuzz|Roost|p2a: Mandibuzz
|-heal|p2a: Mandibuzz|100/100 tox
|-singleturn|p2a: Mandibuzz|move: Roost
|
|-damage|p2a: Mandibuzz|88/100 tox|[from] psn
|upkeep
|turn|62
|
|t:|1658680413
|switch|p2a: Volcarona|Volcarona, F|100/100
|move|p1a: Weavile|Triple Axel|p2a: Volcarona
|-resisted|p2a: Volcarona
|-damage|p2a: Volcarona|93/100
|-resisted|p2a: Volcarona
|-damage|p2a: Volcarona|78/100
|-resisted|p2a: Volcarona
|-damage|p2a: Volcarona|54/100
|-hitcount|p2a: Volcarona|3
|
|upkeep
|turn|63
|
|t:|1658680420
|switch|p1a: Heatran|Heatran, M|80/100
|move|p2a: Volcarona|Roost|p2a: Volcarona
|-heal|p2a: Volcarona|100/100
|-singleturn|p2a: Volcarona|move: Roost
|
|upkeep
|turn|64
|
|t:|1658680426
|switch|p2a: Seismitoad|Seismitoad, M|51/100
|move|p1a: Heatran|Magma Storm|p2a: Seismitoad
|-resisted|p2a: Seismitoad
|-damage|p2a: Seismitoad|32/100
|-activate|p2a: Seismitoad|move: Magma Storm|[of] p1a: Heatran
|
|-heal|p2a: Seismitoad|38/100|[from] item: Leftovers
|-damage|p2a: Seismitoad|25/100|[from] move: Magma Storm|[partiallytrapped]
|upkeep
|turn|65
|
|t:|1658680430
|move|p1a: Heatran|Eruption|p2a: Seismitoad
|-resisted|p2a: Seismitoad
|-damage|p2a: Seismitoad|1/100
|move|p2a: Seismitoad|Earthquake|p1a: Heatran
|-supereffective|p1a: Heatran
|-damage|p1a: Heatran|0 fnt
|faint|p1a: Heatran
|
|-heal|p2a: Seismitoad|7/100|[from] item: Leftovers
|-end|p2a: Seismitoad|Magma Storm|[partiallytrapped]|[silent]
|upkeep
|
|t:|1658680430
|switch|p1a: Weavile|Weavile, F|100/100
|-ability|p1a: Weavile|Pressure
|turn|66
|
|t:|1658680436
|switch|p2a: Mandibuzz|Mandibuzz, F|88/100 tox
|move|p1a: Weavile|Knock Off|p2a: Mandibuzz
|-resisted|p2a: Mandibuzz
|-damage|p2a: Mandibuzz|75/100 tox
|
|-damage|p2a: Mandibuzz|69/100 tox|[from] psn
|upkeep
|turn|67
|
|t:|1658680438
|switch|p1a: Melmetal|Melmetal|100/100
|move|p2a: Mandibuzz|U-turn|p1a: Melmetal
|-resisted|p1a: Melmetal
|-damage|p1a: Melmetal|97/100
|
|t:|1658680443
|switch|p2a: Seismitoad|Seismitoad, M|7/100|[from]move: U-turn
|
|-heal|p2a: Seismitoad|13/100|[from] item: Leftovers
|upkeep
|turn|68
|
|t:|1658680445
|move|p2a: Seismitoad|Stealth Rock|p1a: Melmetal
|-sidestart|p1: MrAcido|move: Stealth Rock
|move|p1a: Melmetal|Double Iron Bash|p2a: Seismitoad
|-resisted|p2a: Seismitoad
|-damage|p2a: Seismitoad|0 fnt
|faint|p2a: Seismitoad
|-hitcount|p2: Seismitoad|1
|
|upkeep
|
|t:|1658680452
|switch|p2a: Mamoswine|Mamoswine, M|100/100
|turn|69
|
|t:|1658680454
|switch|p1a: Tangrowth|Tangrowth, F|91/100
|-damage|p1a: Tangrowth|79/100|[from] Stealth Rock
|move|p2a: Mamoswine|Earthquake|p1a: Tangrowth
|-resisted|p1a: Tangrowth
|-crit|p1a: Tangrowth
|-damage|p1a: Tangrowth|48/100
|
|upkeep
|turn|70
|
|t:|1658680462
|switch|p2a: Mandibuzz|Mandibuzz, F|69/100 tox
|move|p1a: Tangrowth|Knock Off|p2a: Mandibuzz
|-resisted|p2a: Mandibuzz
|-damage|p2a: Mandibuzz|65/100 tox
|
|-damage|p2a: Mandibuzz|59/100 tox|[from] psn
|upkeep
|turn|71
|
|t:|1658680466
|move|p2a: Mandibuzz|Roost|p2a: Mandibuzz
|-heal|p2a: Mandibuzz|100/100 tox
|-singleturn|p2a: Mandibuzz|move: Roost
|move|p1a: Tangrowth|Knock Off|p2a: Mandibuzz
|-resisted|p2a: Mandibuzz
|-damage|p2a: Mandibuzz|96/100 tox
|
|-damage|p2a: Mandibuzz|84/100 tox|[from] psn
|upkeep
|turn|72
|
|t:|1658680470
|move|p2a: Mandibuzz|U-turn|p1a: Tangrowth
|-supereffective|p1a: Tangrowth
|-crit|p1a: Tangrowth
|-damage|p1a: Tangrowth|29/100
|
|t:|1658680482
|switch|p2a: Volcarona|Volcarona, F|100/100|[from]move: U-turn
|move|p1a: Tangrowth|Knock Off|p2a: Volcarona
|-damage|p2a: Volcarona|79/100
|-enditem|p2a: Volcarona|Heavy-Duty Boots|[from] move: Knock Off|[of] p1a: Tangrowth
|
|upkeep
|turn|73
|
|t:|1658680490
|switch|p1a: Melmetal|Melmetal|97/100
|-damage|p1a: Melmetal|91/100|[from] Stealth Rock
|move|p2a: Volcarona|Quiver Dance|p2a: Volcarona
|-boost|p2a: Volcarona|spa|1
|-boost|p2a: Volcarona|spd|1
|-boost|p2a: Volcarona|spe|1
|
|upkeep
|turn|74
|
|t:|1658680515
|switch|p2a: Mandibuzz|Mandibuzz, F|84/100 tox
|move|p1a: Melmetal|Earthquake|p2a: Mandibuzz
|-immune|p2a: Mandibuzz
|
|-damage|p2a: Mandibuzz|78/100 tox|[from] psn
|upkeep
|turn|75
|
|t:|1658680518
|move|p2a: Mandibuzz|Foul Play|p1a: Melmetal
|-damage|p1a: Melmetal|59/100
|move|p1a: Melmetal|Double Iron Bash|p2a: Mandibuzz
|-damage|p2a: Mandibuzz|55/100 tox
|-damage|p2a: Mandibuzz|32/100 tox
|-hitcount|p2a: Mandibuzz|2
|
|-damage|p2a: Mandibuzz|20/100 tox|[from] psn
|upkeep
|turn|76
|
|t:|1658680522
|move|p2a: Mandibuzz|Foul Play|p1a: Melmetal
|-damage|p1a: Melmetal|26/100
|move|p1a: Melmetal|Double Iron Bash|p2a: Mandibuzz
|-damage|p2a: Mandibuzz|0 fnt
|faint|p2a: Mandibuzz
|-hitcount|p2: Mandibuzz|1
|
|upkeep
|
|t:|1658680533
|switch|p2a: Volcarona|Volcarona, F|79/100
|turn|77
|
|t:|1658680535
|move|p2a: Volcarona|Flamethrower|p1a: Melmetal
|-supereffective|p1a: Melmetal
|-damage|p1a: Melmetal|0 fnt
|faint|p1a: Melmetal
|
|upkeep
|
|t:|1658680535
|switch|p1a: Tangrowth|Tangrowth, F|62/100
|-damage|p1a: Tangrowth|50/100|[from] Stealth Rock
|turn|78
|
|t:|1658680540
|move|p2a: Volcarona|Quiver Dance|p2a: Volcarona
|-boost|p2a: Volcarona|spa|1
|-boost|p2a: Volcarona|spd|1
|-boost|p2a: Volcarona|spe|1
|move|p1a: Tangrowth|Knock Off|p2a: Volcarona
|-damage|p2a: Volcarona|64/100
|
|upkeep
|turn|79
|
|t:|1658680542
|move|p2a: Volcarona|Roost|p2a: Volcarona
|-heal|p2a: Volcarona|100/100
|-singleturn|p2a: Volcarona|move: Roost
|move|p1a: Tangrowth|Knock Off|p2a: Volcarona
|-damage|p2a: Volcarona|86/100
|
|upkeep
|turn|80
|
|t:|1658680546
|move|p2a: Volcarona|Flamethrower|p1a: Tangrowth
|-supereffective|p1a: Tangrowth
|-damage|p1a: Tangrowth|0 fnt
|faint|p1a: Tangrowth
|
|upkeep
|
|t:|1658680546
|switch|p1a: rotomwash|Rotom-Wash|39/100 brn
|-damage|p1a: rotomwash|27/100 brn|[from] Stealth Rock
|turn|81
|
|t:|1658680547
|move|p2a: Volcarona|Psychic|p1a: rotomwash
|-damage|p1a: rotomwash|0 fnt
|faint|p1a: rotomwash
|
|upkeep
|
|t:|1658680547
|switch|p1a: Weavile|Weavile, F|100/100
|-damage|p1a: Weavile|76/100|[from] Stealth Rock
|-ability|p1a: Weavile|Pressure
|turn|82
|
|t:|1658680550
|move|p1a: Weavile|Ice Shard|p2a: Volcarona
|-resisted|p2a: Volcarona
|-damage|p2a: Volcarona|69/100
|move|p2a: Volcarona|Flamethrower|p1a: Weavile
|-supereffective|p1a: Weavile
|-damage|p1a: Weavile|0 fnt
|faint|p1a: Weavile
|
|win|LECH24
|raw|MrAcido's rating: 1598 &rarr; <strong>1582</strong><br />(-16 for losing)
|raw|LECH24's rating: 1671 &rarr; <strong>1687</strong><br />(+16 for winning)
|c|☆MrAcido|gg
|l|☆MrAcido
||Ladder isn't responding, score probably updated but might not have (Request timeout).
