|j|☆Heytheremyfriend
|j|☆A
|player|p1|Heytheremyfriend|38|1612
|player|p2|A|clemont|1708
|teamsize|p1|6
|teamsize|p2|6
|gametype|singles
|gen|8
|tier|[Gen 8] OU
|rated|
|clearpoke
|poke|p1|Urshifu-*, M|
|poke|p1|Clefable, F|
|poke|p1|Magnezone|
|poke|p1|Rillaboom, M|
|poke|p1|Dragapult, M|
|poke|p1|Talonflame, M|
|poke|p2|Chansey, F|
|poke|p2|Arcanine, F|
|poke|p2|Toxapex, M|
|poke|p2|Magearna|
|poke|p2|Kommo-o, M|
|poke|p2|Corviknight, M|
|rule|Sleep Clause Mod: Limit one foe put to sleep
|rule|Species Clause: Limit one of each Pokémon
|rule|OHKO Clause: OHKO moves are banned
|rule|Evasion Moves Clause: Evasion moves are banned
|rule|Endless Battle Clause: Forcing endless battles is banned
|rule|HP Percentage Mod: HP is shown in percentages
|rule|Dynamax Clause: You cannot dynamax
|teampreview
|
|start
|switch|p1a: Clefable|Clefable, F|100/100
|switch|p2a: gamer girl|Arcanine, F, shiny|100/100
|-ability|p2a: gamer girl|Intimidate|boost
|-unboost|p1a: Clefable|atk|1
|turn|1
|
|switch|p2a: lamer than me|Toxapex, M|100/100
|move|p1a: Clefable|Knock Off|p2a: lamer than me
|-damage|p2a: lamer than me|93/100
|-enditem|p2a: lamer than me|Black Sludge|[from] move: Knock Off|[of] p1a: Clefable
|
|upkeep
|turn|2
|inactive|Battle timer is ON: inactive players will automatically lose when time's up. (requested by Heytheremyfriend)
|
|move|p1a: Clefable|Stealth Rock|p2a: lamer than me
|-sidestart|p2: A|move: Stealth Rock
|move|p2a: lamer than me|Knock Off|p1a: Clefable
|-resisted|p1a: Clefable
|-damage|p1a: Clefable|93/100
|-enditem|p1a: Clefable|Leftovers|[from] move: Knock Off|[of] p2a: lamer than me
|
|upkeep
|turn|3
|
|switch|p1a: Magnezone|Magnezone|100/100
|move|p2a: lamer than me|Knock Off|p1a: Magnezone
|-damage|p1a: Magnezone|87/100
|-enditem|p1a: Magnezone|Choice Specs|[from] move: Knock Off|[of] p2a: lamer than me
|
|upkeep
|turn|4
|
|switch|p2a: BEST GIRL|Chansey, F, shiny|100/100
|-damage|p2a: BEST GIRL|88/100|[from] Stealth Rock
|move|p1a: Magnezone|Volt Switch|p2a: BEST GIRL
|-damage|p2a: BEST GIRL|71/100
|
|switch|p1a: Urshifu|Urshifu, M|100/100|[from]move: Volt Switch
|
|upkeep
|turn|5
|
|switch|p2a: cool laddy|Kommo-o, M|100/100
|-damage|p2a: cool laddy|95/100|[from] Stealth Rock
|move|p1a: Urshifu|Wicked Blow|p2a: cool laddy
|-resisted|p2a: cool laddy
|-crit|p2a: cool laddy
|-damage|p2a: cool laddy|70/100
|-damage|p1a: Urshifu|84/100|[from] item: Rocky Helmet|[of] p2a: cool laddy
|-damage|p1a: Urshifu|74/100|[from] item: Life Orb
|
|upkeep
|turn|6
|
|switch|p1a: Clefable|Clefable, F|93/100
|move|p2a: cool laddy|Stealth Rock|p1a: Clefable
|-sidestart|p1: Heytheremyfriend|move: Stealth Rock
|
|upkeep
|turn|7
|
|switch|p2a: lamer than me|Toxapex, M|100/100
|-damage|p2a: lamer than me|88/100|[from] Stealth Rock
|move|p1a: Clefable|Moonblast|p2a: lamer than me
|-resisted|p2a: lamer than me
|-damage|p2a: lamer than me|75/100
|
|upkeep
|turn|8
|
|switch|p1a: Magnezone|Magnezone|87/100
|-damage|p1a: Magnezone|81/100|[from] Stealth Rock
|move|p2a: lamer than me|Scald|p1a: Magnezone
|-damage|p1a: Magnezone|66/100
|-status|p1a: Magnezone|brn
|
|-damage|p1a: Magnezone|60/100 brn|[from] brn
|upkeep
|turn|9
|
|switch|p2a: cool laddy|Kommo-o, M|70/100
|-damage|p2a: cool laddy|64/100|[from] Stealth Rock
|move|p1a: Magnezone|Volt Switch|p2a: cool laddy
|-resisted|p2a: cool laddy
|-damage|p2a: cool laddy|41/100
|
|switch|p1a: Dragapult|Dragapult, M|100/100|[from]move: Volt Switch
|-damage|p1a: Dragapult|88/100|[from] Stealth Rock
|
|upkeep
|turn|10
|
|switch|p2a: reverse alembic|Magearna|100/100
|-damage|p2a: reverse alembic|94/100|[from] Stealth Rock
|move|p1a: Dragapult|Draco Meteor|p2a: reverse alembic
|-immune|p2a: reverse alembic
|
|upkeep
|turn|11
|
|switch|p1a: Clefable|Clefable, F|93/100
|move|p2a: reverse alembic|Calm Mind|p2a: reverse alembic
|-boost|p2a: reverse alembic|spa|1
|-boost|p2a: reverse alembic|spd|1
|
|upkeep
|turn|12
|
|move|p2a: reverse alembic|Iron Defense|p2a: reverse alembic
|-boost|p2a: reverse alembic|def|2
|move|p1a: Clefable|Knock Off|p2a: reverse alembic
|-resisted|p2a: reverse alembic
|-damage|p2a: reverse alembic|91/100
|-enditem|p2a: reverse alembic|Iapapa Berry|[from] move: Knock Off|[of] p1a: Clefable
|
|upkeep
|turn|13
|j| the amuse
|
|switch|p1a: Dragapult|Dragapult, M|88/100
|-damage|p1a: Dragapult|76/100|[from] Stealth Rock
|move|p2a: reverse alembic|Calm Mind|p2a: reverse alembic
|-boost|p2a: reverse alembic|spa|1
|-boost|p2a: reverse alembic|spd|1
|
|upkeep
|turn|14
|
|move|p1a: Dragapult|Fire Blast|p2a: reverse alembic
|-supereffective|p2a: reverse alembic
|-damage|p2a: reverse alembic|57/100
|move|p2a: reverse alembic|Draining Kiss|p1a: Dragapult
|-supereffective|p1a: Dragapult
|-damage|p1a: Dragapult|0 fnt
|-heal|p2a: reverse alembic|100/100|[from] drain|[of] p1a: Dragapult
|faint|p1a: Dragapult
|-ability|p2a: reverse alembic|Soul-Heart|boost
|-boost|p2a: reverse alembic|spa|1
|
|upkeep
|-message|Heytheremyfriend forfeited.
|
|win|A
|l|☆Heytheremyfriend
|l| the amuse
||Ladder (probably) updated, but score could not be retrieved (Request timeout).
|j| DYWV❀
|j| gomikyu
|j| Flawless Full Moon
|l|☆A
