|raw|<div class="broadcast-blue"><strong>This battle is required to be public due to a player having a name starting with 'lt94je'.</div>
|j|☆lt94je nick
|j|‽BLOODCLAT
|t:|1661477357
|gametype|singles
|player|p1|lt94je nick|nate|1863
|player|p2|BLOODCLAT|hoopster|1794
|teamsize|p1|6
|teamsize|p2|6
|gen|8
|tier|[Gen 8] OU
|rated|
|rule|Sleep Clause Mod: Limit one foe put to sleep
|rule|Species Clause: Limit one of each Pokémon
|rule|OHKO Clause: OHKO moves are banned
|rule|Evasion Items Clause: Evasion items are banned
|rule|Evasion Moves Clause: Evasion moves are banned
|rule|Endless Battle Clause: Forcing endless battles is banned
|rule|HP Percentage Mod: HP is shown in percentages
|rule|Dynamax Clause: You cannot dynamax
|clearpoke
|poke|p1|Ferrothorn, M|
|poke|p1|Rotom-Wash|
|poke|p1|Tyranitar, F|
|poke|p1|Excadrill, F|
|poke|p1|Clefable, F|
|poke|p1|Dragapult, M|
|poke|p2|Slowking-Galar, M|
|poke|p2|Rotom-Wash|
|poke|p2|Garchomp, M|
|poke|p2|Tornadus-Therian, M|
|poke|p2|Ferrothorn, M|
|poke|p2|Weavile, F|
|teampreview
|inactive|Battle timer is ON: inactive players will automatically lose when time's up. (requested by lt94je nick)
|inactive|lt94je nick has 120 seconds left.
|inactive|BLOODCLAT has 120 seconds left.
|
|t:|1661477405
|start
|switch|p1a: Clefable|Clefable, F|100/100
|switch|p2a: Tornadus|Tornadus-Therian, M|100/100
|turn|1
|
|t:|1661477420
|move|p2a: Tornadus|Knock Off|p1a: Clefable
|-resisted|p1a: Clefable
|-damage|p1a: Clefable|92/100
|-damage|p2a: Tornadus|84/100|[from] item: Rocky Helmet|[of] p1a: Clefable
|-enditem|p1a: Clefable|Rocky Helmet|[from] move: Knock Off|[of] p2a: Tornadus
|move|p1a: Clefable|Knock Off|p2a: Tornadus
|-damage|p2a: Tornadus|67/100
|-enditem|p2a: Tornadus|Heavy-Duty Boots|[from] move: Knock Off|[of] p1a: Clefable
|
|upkeep
|turn|2
|
|t:|1661477428
|move|p2a: Tornadus|Hurricane|p1a: Clefable
|-damage|p1a: Clefable|56/100
|move|p1a: Clefable|Soft-Boiled|p1a: Clefable
|-heal|p1a: Clefable|100/100
|
|upkeep
|turn|3
|
|t:|1661477434
|move|p2a: Tornadus|Hurricane|p1a: Clefable
|-crit|p1a: Clefable
|-damage|p1a: Clefable|43/100
|move|p1a: Clefable|Stealth Rock|p2a: Tornadus
|-sidestart|p2: BLOODCLAT|move: Stealth Rock
|
|upkeep
|turn|4
|
|t:|1661477439
|move|p2a: Tornadus|Defog|p1a: Clefable
|-unboost|p1a: Clefable|evasion|1
|-sideend|p2: BLOODCLAT|Stealth Rock|[from] move: Defog|[of] p2a: Tornadus
|move|p1a: Clefable|Soft-Boiled|p1a: Clefable
|-heal|p1a: Clefable|93/100
|
|upkeep
|turn|5
|
|t:|1661477448
|switch|p1a: Rotom|Rotom-Wash|100/100
|move|p2a: Tornadus|Hurricane|p1a: Rotom
|-resisted|p1a: Rotom
|-damage|p1a: Rotom|78/100
|-start|p1a: Rotom|confusion
|
|-heal|p1a: Rotom|85/100|[from] item: Leftovers
|upkeep
|turn|6
|j| LT94JE Herv
|
|t:|1661477457
|move|p2a: Tornadus|U-turn|p1a: Rotom
|-damage|p1a: Rotom|70/100
|
|t:|1661477464
|switch|p2a: Ferrothorn|Ferrothorn, M|100/100|[from]move: U-turn
|-activate|p1a: Rotom|confusion
|move|p1a: Rotom|Volt Switch|p2a: Ferrothorn
|-resisted|p2a: Ferrothorn
|-damage|p2a: Ferrothorn|90/100
|j| Starfire Scarlet
|j| Raikou solar
|l| Raikou solar
|l| Starfire Scarlet
|
|t:|1661477480
|switch|p1a: Dragapult|Dragapult, M|100/100|[from]move: Volt Switch
|
|upkeep
|turn|7
|j| tapu moxo
|
|t:|1661477493
|switch|p2a: Tornadus|Tornadus-Therian, M|100/100
|move|p1a: Dragapult|Flamethrower|p2a: Tornadus
|-damage|p2a: Tornadus|60/100
|
|upkeep
|turn|8
|j| AlIoutdragadarts
|j| Mechacho
|
|t:|1661477505
|switch|p1a: Rotom|Rotom-Wash|70/100
|move|p2a: Tornadus|U-turn|p1a: Rotom
|-damage|p1a: Rotom|55/100
|inactive|BLOODCLAT has 120 seconds left.
|
|t:|1661477549
|switch|p2a: Slowking|Slowking-Galar, M|100/100|[from]move: U-turn
|
|-heal|p1a: Rotom|61/100|[from] item: Leftovers
|upkeep
|turn|9
|j| 18.arnav
|j| LT94JE LOOR
|
|t:|1661477573
|move|p1a: Rotom|Volt Switch|p2a: Slowking
|-damage|p2a: Slowking|79/100
|l| 18.arnav
|inactive|lt94je nick has 120 seconds left.
|
|t:|1661477594
|switch|p1a: Clefable|Clefable, F|93/100|[from]move: Volt Switch
|move|p2a: Slowking|Sludge Bomb|p1a: Clefable
|-supereffective|p1a: Clefable
|-damage|p1a: Clefable|27/100
|
|-heal|p2a: Slowking|85/100|[from] item: Black Sludge
|upkeep
|turn|10
|inactive|lt94je nick has 120 seconds left.
|
|t:|1661477606
|switch|p1a: Tyranitar|Tyranitar, F|100/100
|-weather|Sandstorm|[from] ability: Sand Stream|[of] p1a: Tyranitar
|move|p2a: Slowking|Sludge Bomb|p1a: Tyranitar
|-resisted|p1a: Tyranitar
|-damage|p1a: Tyranitar|90/100
|
|-weather|Sandstorm|[upkeep]
|-damage|p2a: Slowking|79/100|[from] Sandstorm
|-heal|p2a: Slowking|85/100|[from] item: Black Sludge
|upkeep
|turn|11
|
|t:|1661477612
|switch|p2a: Ferrothorn|Ferrothorn, M|90/100
|move|p1a: Tyranitar|Crunch|p2a: Ferrothorn
|-damage|p2a: Ferrothorn|46/100
|-damage|p1a: Tyranitar|78/100|[from] ability: Iron Barbs|[of] p2a: Ferrothorn
|-damage|p1a: Tyranitar|61/100|[from] item: Rocky Helmet|[of] p2a: Ferrothorn
|
|-weather|Sandstorm|[upkeep]
|upkeep
|turn|12
|
|t:|1661477622
|switch|p1a: Ferrothorn|Ferrothorn, M|100/100
|move|p2a: Ferrothorn|Stealth Rock|p1a: Ferrothorn
|-sidestart|p1: lt94je nick|move: Stealth Rock
|
|-weather|Sandstorm|[upkeep]
|upkeep
|turn|13
|
|t:|1661477629
|switch|p2a: Garchomp|Garchomp, M|100/100
|move|p1a: Ferrothorn|Spikes|p2a: Garchomp
|-sidestart|p2: BLOODCLAT|Spikes
|
|-weather|Sandstorm|[upkeep]
|upkeep
|turn|14
|
|t:|1661477635
|move|p2a: Garchomp|Earthquake|p1a: Ferrothorn
|-crit|p1a: Ferrothorn
|-damage|p1a: Ferrothorn|54/100
|move|p1a: Ferrothorn|Iron Defense|p1a: Ferrothorn
|-boost|p1a: Ferrothorn|def|2
|
|-weather|none
|-heal|p1a: Ferrothorn|60/100|[from] item: Leftovers
|upkeep
|turn|15
|
|t:|1661477644
|switch|p2a: Slowking|Slowking-Galar, M|100/100
|-damage|p2a: Slowking|88/100|[from] Spikes
|move|p1a: Ferrothorn|Leech Seed|p2a: Slowking
|-start|p2a: Slowking|move: Leech Seed
|
|-heal|p2a: Slowking|94/100|[from] item: Black Sludge
|-heal|p1a: Ferrothorn|67/100|[from] item: Leftovers
|-damage|p2a: Slowking|82/100|[from] Leech Seed|[of] p1a: Ferrothorn
|-heal|p1a: Ferrothorn|80/100|[silent]
|upkeep
|turn|16
|
|t:|1661477653
|switch|p2a: Tornadus|Tornadus-Therian, M|94/100
|switch|p1a: Tyranitar|Tyranitar, F|61/100
|-damage|p1a: Tyranitar|49/100|[from] Stealth Rock
|-weather|Sandstorm|[from] ability: Sand Stream|[of] p1a: Tyranitar
|
|-weather|Sandstorm|[upkeep]
|-damage|p2a: Tornadus|88/100|[from] Sandstorm
|upkeep
|turn|17
|
|t:|1661477664
|move|p2a: Tornadus|U-turn|p1a: Tyranitar
|-supereffective|p1a: Tyranitar
|-damage|p1a: Tyranitar|21/100
|
|t:|1661477667
|switch|p2a: Garchomp|Garchomp, M|100/100|[from]move: U-turn
|-damage|p2a: Garchomp|88/100|[from] Spikes
|move|p1a: Tyranitar|Stone Edge|p2a: Garchomp
|-resisted|p2a: Garchomp
|-damage|p2a: Garchomp|43/100
|
|-weather|Sandstorm|[upkeep]
|-heal|p2a: Garchomp|49/100|[from] item: Leftovers
|upkeep
|turn|18
|l| Mechacho
|
|t:|1661477682
|switch|p1a: Clefable|Clefable, F|27/100
|move|p2a: Garchomp|Scale Shot|p1a: Clefable
|-immune|p1a: Clefable
|
|-weather|Sandstorm|[upkeep]
|-heal|p2a: Garchomp|55/100|[from] item: Leftovers
|upkeep
|turn|19
|
|t:|1661477687
|move|p2a: Garchomp|Earthquake|p1a: Clefable
|-damage|p1a: Clefable|0 fnt
|faint|p1a: Clefable
|
|-weather|Sandstorm|[upkeep]
|-heal|p2a: Garchomp|61/100|[from] item: Leftovers
|upkeep
|
|t:|1661477695
|switch|p1a: Dragapult|Dragapult, M|100/100
|-damage|p1a: Dragapult|88/100|[from] Stealth Rock
|turn|20
|inactive|BLOODCLAT has 120 seconds left.
|
|t:|1661477728
|switch|p2a: Tornadus|Tornadus-Therian, M|100/100
|move|p1a: Dragapult|Draco Meteor|p2a: Tornadus|[miss]
|-miss|p1a: Dragapult|p2a: Tornadus
|
|-weather|none
|upkeep
|turn|21
|
|t:|1661477735
|switch|p1a: Rotom|Rotom-Wash|61/100
|-damage|p1a: Rotom|49/100|[from] Stealth Rock
|move|p2a: Tornadus|Knock Off|p1a: Rotom
|-damage|p1a: Rotom|26/100
|-enditem|p1a: Rotom|Leftovers|[from] move: Knock Off|[of] p2a: Tornadus
|
|upkeep
|turn|22
|
|t:|1661477739
|move|p2a: Tornadus|U-turn|p1a: Rotom
|-damage|p1a: Rotom|10/100
|
|t:|1661477741
|switch|p2a: Garchomp|Garchomp, M|61/100|[from]move: U-turn
|-damage|p2a: Garchomp|49/100|[from] Spikes
|move|p1a: Rotom|Pain Split|p2a: Garchomp
|-sethp|p2a: Garchomp|29/100|[from] move: Pain Split|[silent]
|-sethp|p1a: Rotom|34/100|[from] move: Pain Split
|
|-heal|p2a: Garchomp|35/100|[from] item: Leftovers
|upkeep
|turn|23
|
|t:|1661477753
|move|p2a: Garchomp|Scale Shot|p1a: Rotom
|-damage|p1a: Rotom|19/100
|-damage|p1a: Rotom|5/100
|-damage|p1a: Rotom|0 fnt
|faint|p1a: Rotom
|-hitcount|p1: Rotom|3
|-unboost|p2a: Garchomp|def|1
|-boost|p2a: Garchomp|spe|1
|
|-heal|p2a: Garchomp|41/100|[from] item: Leftovers
|upkeep
|
|t:|1661477754
|switch|p1a: Ferrothorn|Ferrothorn, M|80/100
|-damage|p1a: Ferrothorn|74/100|[from] Stealth Rock
|turn|24
|
|t:|1661477758
|move|p2a: Garchomp|Fire Fang|p1a: Ferrothorn|[miss]
|-miss|p2a: Garchomp|p1a: Ferrothorn
|move|p1a: Ferrothorn|Body Press|p2a: Garchomp
|-damage|p2a: Garchomp|0 fnt
|-damage|p1a: Ferrothorn|61/100|[from] ability: Rough Skin|[of] p2a: Garchomp
|faint|p2a: Garchomp
|
|-heal|p1a: Ferrothorn|67/100|[from] item: Leftovers
|upkeep
|
|t:|1661477769
|switch|p2a: Slowking|Slowking-Galar, M|100/100
|-damage|p2a: Slowking|88/100|[from] Spikes
|turn|25
|
|t:|1661477778
|switch|p2a: Tornadus|Tornadus-Therian, M|100/100
|switch|p1a: Tyranitar|Tyranitar, F|21/100
|-damage|p1a: Tyranitar|9/100|[from] Stealth Rock
|-weather|Sandstorm|[from] ability: Sand Stream|[of] p1a: Tyranitar
|
|-weather|Sandstorm|[upkeep]
|-damage|p2a: Tornadus|94/100|[from] Sandstorm
|upkeep
|turn|26
|
|t:|1661477783
|switch|p1a: Excadrill|Excadrill, F|100/100
|-damage|p1a: Excadrill|97/100|[from] Stealth Rock
|move|p2a: Tornadus|U-turn|p1a: Excadrill
|-resisted|p1a: Excadrill
|-damage|p1a: Excadrill|87/100
|
|t:|1661477785
|switch|p2a: Rotom|Rotom-Wash|100/100|[from]move: U-turn
|
|-weather|Sandstorm|[upkeep]
|-damage|p2a: Rotom|95/100|[from] Sandstorm
|-heal|p1a: Excadrill|93/100|[from] item: Leftovers
|-heal|p2a: Rotom|100/100|[from] item: Leftovers
|upkeep
|turn|27
|
|t:|1661477796
|switch|p1a: Ferrothorn|Ferrothorn, M|67/100
|-damage|p1a: Ferrothorn|61/100|[from] Stealth Rock
|move|p2a: Rotom|Will-O-Wisp|p1a: Ferrothorn
|-status|p1a: Ferrothorn|brn
|
|-weather|Sandstorm|[upkeep]
|-damage|p2a: Rotom|95/100|[from] Sandstorm
|-heal|p2a: Rotom|100/100|[from] item: Leftovers
|-heal|p1a: Ferrothorn|67/100 brn|[from] item: Leftovers
|-damage|p1a: Ferrothorn|61/100 brn|[from] brn
|upkeep
|turn|28
|
|t:|1661477808
|move|p2a: Rotom|Hydro Pump|p1a: Ferrothorn
|-resisted|p1a: Ferrothorn
|-damage|p1a: Ferrothorn|46/100 brn
|move|p1a: Ferrothorn|Leech Seed|p2a: Rotom
|-start|p2a: Rotom|move: Leech Seed
|
|-weather|Sandstorm|[upkeep]
|-damage|p2a: Rotom|95/100|[from] Sandstorm
|-heal|p2a: Rotom|100/100|[from] item: Leftovers
|-heal|p1a: Ferrothorn|52/100 brn|[from] item: Leftovers
|-damage|p2a: Rotom|88/100|[from] Leech Seed|[of] p1a: Ferrothorn
|-heal|p1a: Ferrothorn|62/100 brn|[silent]
|-damage|p1a: Ferrothorn|56/100 brn|[from] brn
|upkeep
|turn|29
|
|t:|1661477812
|move|p2a: Rotom|Volt Switch|p1a: Ferrothorn
|-resisted|p1a: Ferrothorn
|-damage|p1a: Ferrothorn|45/100 brn
|
|t:|1661477816
|switch|p2a: Tornadus|Tornadus-Therian, M|100/100|[from]move: Volt Switch
|move|p1a: Ferrothorn|Spikes|p2a: Tornadus
|-sidestart|p2: BLOODCLAT|Spikes
|
|-weather|none
|-heal|p1a: Ferrothorn|51/100 brn|[from] item: Leftovers
|-damage|p1a: Ferrothorn|45/100 brn|[from] brn
|upkeep
|turn|30
|
|t:|1661477825
|switch|p1a: Excadrill|Excadrill, F|93/100
|-damage|p1a: Excadrill|90/100|[from] Stealth Rock
|move|p2a: Tornadus|Knock Off|p1a: Excadrill
|-damage|p1a: Excadrill|63/100
|-enditem|p1a: Excadrill|Leftovers|[from] move: Knock Off|[of] p2a: Tornadus
|
|upkeep
|turn|31
|
|t:|1661477829
|move|p2a: Tornadus|Defog|p1a: Excadrill
|-unboost|p1a: Excadrill|evasion|1
|-sideend|p1: lt94je nick|Stealth Rock|[from] move: Defog|[of] p2a: Tornadus
|-sideend|p2: BLOODCLAT|Spikes|[from] move: Defog|[of] p2a: Tornadus
|move|p1a: Excadrill|Rapid Spin|p2a: Tornadus
|-damage|p2a: Tornadus|79/100
|-boost|p1a: Excadrill|spe|1
|
|upkeep
|turn|32
|
|t:|1661477834
|move|p1a: Excadrill|Iron Head|p2a: Tornadus
|-damage|p2a: Tornadus|23/100
|cant|p2a: Tornadus|flinch
|
|upkeep
|turn|33
|
|t:|1661477839
|switch|p1a: Dragapult|Dragapult, M|88/100
|switch|p2a: Rotom|Rotom-Wash|88/100
|
|-heal|p2a: Rotom|94/100|[from] item: Leftovers
|upkeep
|turn|34
|
|t:|1661477846
|switch|p2a: Slowking|Slowking-Galar, M|100/100
|move|p1a: Dragapult|Shadow Ball|p2a: Slowking
|-supereffective|p2a: Slowking
|-damage|p2a: Slowking|0 fnt
|faint|p2a: Slowking
|
|upkeep
|
|t:|1661477848
|switch|p2a: Weavile|Weavile, F|100/100
|-ability|p2a: Weavile|Pressure
|turn|35
|
|t:|1661477859
|switch|p1a: Tyranitar|Tyranitar, F|9/100
|-weather|Sandstorm|[from] ability: Sand Stream|[of] p1a: Tyranitar
|move|p2a: Weavile|Swords Dance|p2a: Weavile
|-boost|p2a: Weavile|atk|2
|
|-weather|Sandstorm|[upkeep]
|-damage|p2a: Weavile|94/100|[from] Sandstorm
|upkeep
|turn|36
|
|t:|1661477866
|move|p2a: Weavile|Knock Off|p1a: Tyranitar
|-resisted|p1a: Tyranitar
|-crit|p1a: Tyranitar
|-damage|p1a: Tyranitar|0 fnt
|-enditem|p1a: Tyranitar|Choice Band|[from] move: Knock Off|[of] p2a: Weavile
|faint|p1a: Tyranitar
|
|-weather|Sandstorm|[upkeep]
|-damage|p2a: Weavile|88/100|[from] Sandstorm
|upkeep
|
|t:|1661477871
|switch|p1a: Excadrill|Excadrill, F|63/100
|turn|37
|
|t:|1661477875
|switch|p2a: Rotom|Rotom-Wash|94/100
|move|p1a: Excadrill|Iron Head|p2a: Rotom
|-resisted|p2a: Rotom
|-damage|p2a: Rotom|84/100
|
|-weather|Sandstorm|[upkeep]
|-damage|p2a: Rotom|78/100|[from] Sandstorm
|-heal|p2a: Rotom|84/100|[from] item: Leftovers
|upkeep
|turn|38
|
|t:|1661477881
|switch|p1a: Ferrothorn|Ferrothorn, M|45/100 brn
|move|p2a: Rotom|Will-O-Wisp|p1a: Ferrothorn
|-fail|p1a: Ferrothorn|brn
|
|-weather|Sandstorm|[upkeep]
|-damage|p2a: Rotom|78/100|[from] Sandstorm
|-heal|p2a: Rotom|84/100|[from] item: Leftovers
|-heal|p1a: Ferrothorn|51/100 brn|[from] item: Leftovers
|-damage|p1a: Ferrothorn|45/100 brn|[from] brn
|upkeep
|turn|39
|j| lt94je star
|
|t:|1661477894
|switch|p1a: Excadrill|Excadrill, F|63/100
|move|p2a: Rotom|Volt Switch|p1a: Excadrill
|-immune|p1a: Excadrill
|
|-weather|none
|-heal|p2a: Rotom|90/100|[from] item: Leftovers
|upkeep
|turn|40
|
|t:|1661477902
|switch|p1a: Dragapult|Dragapult, M|88/100
|move|p2a: Rotom|Will-O-Wisp|p1a: Dragapult
|-status|p1a: Dragapult|brn
|
|-heal|p2a: Rotom|96/100|[from] item: Leftovers
|-damage|p1a: Dragapult|82/100 brn|[from] brn
|upkeep
|turn|41
|
|t:|1661477908
|switch|p2a: Ferrothorn|Ferrothorn, M|46/100
|move|p1a: Dragapult|Draco Meteor|p2a: Ferrothorn
|-resisted|p2a: Ferrothorn
|-damage|p2a: Ferrothorn|5/100
|-unboost|p1a: Dragapult|spa|2
|
|-damage|p1a: Dragapult|76/100 brn|[from] brn
|upkeep
|turn|42
|
|t:|1661477914
|switch|p2a: Rotom|Rotom-Wash|96/100
|move|p1a: Dragapult|Draco Meteor|p2a: Rotom
|-damage|p2a: Rotom|51/100
|-unboost|p1a: Dragapult|spa|2
|
|-heal|p2a: Rotom|57/100|[from] item: Leftovers
|-damage|p1a: Dragapult|70/100 brn|[from] brn
|upkeep
|turn|43
|
|t:|1661477930
|switch|p1a: Ferrothorn|Ferrothorn, M|45/100 brn
|move|p2a: Rotom|Volt Switch|p1a: Ferrothorn
|-resisted|p1a: Ferrothorn
|-damage|p1a: Ferrothorn|35/100 brn
|
|t:|1661477939
|switch|p2a: Ferrothorn|Ferrothorn, M|5/100|[from]move: Volt Switch
|
|-heal|p1a: Ferrothorn|41/100 brn|[from] item: Leftovers
|-damage|p1a: Ferrothorn|35/100 brn|[from] brn
|upkeep
|turn|44
|
|t:|1661477951
|switch|p1a: Dragapult|Dragapult, M|70/100 brn
|move|p2a: Ferrothorn|Stealth Rock|p1a: Dragapult
|-sidestart|p1: lt94je nick|move: Stealth Rock
|
|-damage|p1a: Dragapult|64/100 brn|[from] brn
|upkeep
|turn|45
|
|t:|1661477977
|move|p1a: Dragapult|Flamethrower|p2a: Ferrothorn
|-supereffective|p2a: Ferrothorn
|-damage|p2a: Ferrothorn|0 fnt
|faint|p2a: Ferrothorn
|
|-damage|p1a: Dragapult|58/100 brn|[from] brn
|upkeep
|
|t:|1661477986
|switch|p2a: Rotom|Rotom-Wash|57/100
|turn|46
|
|t:|1661477996
|switch|p1a: Excadrill|Excadrill, F|63/100
|-damage|p1a: Excadrill|60/100|[from] Stealth Rock
|move|p2a: Rotom|Volt Switch|p1a: Excadrill
|-immune|p1a: Excadrill
|
|-heal|p2a: Rotom|63/100|[from] item: Leftovers
|upkeep
|turn|47
|
|t:|1661478013
|move|p1a: Excadrill|Rapid Spin|p2a: Rotom
|-damage|p2a: Rotom|46/100
|-boost|p1a: Excadrill|spe|1
|-sideend|p1: lt94je nick|Stealth Rock|[from] move: Rapid Spin|[of] p1a: Excadrill
|move|p2a: Rotom|Hydro Pump|p1a: Excadrill|[miss]
|-miss|p2a: Rotom|p1a: Excadrill
|
|-heal|p2a: Rotom|52/100|[from] item: Leftovers
|upkeep
|turn|48
|
|t:|1661478026
|switch|p1a: Dragapult|Dragapult, M|58/100 brn
|move|p2a: Rotom|Hydro Pump|p1a: Dragapult|[miss]
|-miss|p2a: Rotom|p1a: Dragapult
|
|-heal|p2a: Rotom|58/100|[from] item: Leftovers
|-damage|p1a: Dragapult|52/100 brn|[from] brn
|upkeep
|turn|49
|
|t:|1661478042
|move|p1a: Dragapult|Draco Meteor|p2a: Rotom
|-damage|p2a: Rotom|0 fnt
|-unboost|p1a: Dragapult|spa|2
|faint|p2a: Rotom
|
|-damage|p1a: Dragapult|46/100 brn|[from] brn
|upkeep
|
|t:|1661478045
|switch|p2a: Weavile|Weavile, F|88/100
|-ability|p2a: Weavile|Pressure
|turn|50
|
|t:|1661478048
|move|p2a: Weavile|Swords Dance|p2a: Weavile
|-boost|p2a: Weavile|atk|2
|move|p1a: Dragapult|Draco Meteor|p2a: Weavile
|-damage|p2a: Weavile|29/100
|-unboost|p1a: Dragapult|spa|2
|
|-damage|p1a: Dragapult|40/100 brn|[from] brn
|upkeep
|turn|51
|l| tapu moxo
|
|t:|1661478064
|switch|p1a: Ferrothorn|Ferrothorn, M|35/100 brn
|move|p2a: Weavile|Ice Shard|p1a: Ferrothorn
|-damage|p1a: Ferrothorn|10/100 brn
|
|-heal|p1a: Ferrothorn|16/100 brn|[from] item: Leftovers
|-damage|p1a: Ferrothorn|10/100 brn|[from] brn
|upkeep
|turn|52
|
|t:|1661478070
|move|p2a: Weavile|Ice Shard|p1a: Ferrothorn
|-damage|p1a: Ferrothorn|0 fnt
|faint|p1a: Ferrothorn
|
|upkeep
|
|t:|1661478072
|switch|p1a: Excadrill|Excadrill, F|60/100
|turn|53
|
|t:|1661478079
|move|p2a: Weavile|Knock Off|p1a: Excadrill
|-damage|p1a: Excadrill|0 fnt
|faint|p1a: Excadrill
|
|upkeep
|
|t:|1661478082
|switch|p1a: Dragapult|Dragapult, M|40/100 brn
|turn|54
|
|t:|1661478085
|move|p2a: Weavile|Ice Shard|p1a: Dragapult
|-supereffective|p1a: Dragapult
|-damage|p1a: Dragapult|0 fnt
|faint|p1a: Dragapult
|
|win|BLOODCLAT
|raw|lt94je nick's rating: 1863 &rarr; <strong>1839</strong><br />(-24 for losing)
|raw|BLOODCLAT's rating: 1794 &rarr; <strong>1818</strong><br />(+24 for winning)
