|j|☆justatest123
|j|☆4funaccount
|player|p1|justatest123|backpacker|1564
|player|p2|4funaccount|volkner|1594
|teamsize|p1|6
|teamsize|p2|6
|gametype|singles
|gen|8
|tier|[Gen 8] OU
|rated|
|clearpoke
|poke|p1|Kyurem|
|poke|p1|Clefable, F|
|poke|p1|Corviknight, F|
|poke|p1|Seismitoad, M|
|poke|p1|Zeraora|
|poke|p1|Rotom-Heat|
|poke|p2|Lanturn, M|
|poke|p2|Steelix, F|
|poke|p2|Clefable, M|
|poke|p2|Corviknight, M|
|poke|p2|Hydreigon, F|
|poke|p2|Gengar, F|
|rule|Sleep Clause Mod: Limit one foe put to sleep
|rule|Species Clause: Limit one of each Pokémon
|rule|OHKO Clause: OHKO moves are banned
|rule|Evasion Moves Clause: Evasion moves are banned
|rule|Endless Battle Clause: Forcing endless battles is banned
|rule|HP Percentage Mod: HP is shown in percentages
|rule|Dynamax Clause: You cannot dynamax
|teampreview
|inactive|Battle timer is ON: inactive players will automatically lose when time's up. (requested by justatest123)
|
|start
|switch|p1a: Zeraora|Zeraora|100/100
|switch|p2a: Clefable|Clefable, M|100/100
|turn|1
|
|move|p1a: Zeraora|Knock Off|p2a: Clefable
|-resisted|p2a: Clefable
|-damage|p2a: Clefable|85/100
|-enditem|p2a: Clefable|Leftovers|[from] move: Knock Off|[of] p1a: Zeraora
|move|p2a: Clefable|Moonblast|p1a: Zeraora
|-damage|p1a: Zeraora|63/100
|
|-heal|p1a: Zeraora|69/100|[from] item: Leftovers
|upkeep
|turn|2
|
|switch|p1a: Clefable|Clefable, F|100/100
|switch|p2a: Steelix|Steelix, F|100/100
|
|upkeep
|turn|3
|
|switch|p1a: Seismitoad|Seismitoad, M|100/100
|move|p2a: Steelix|Stealth Rock|p1a: Seismitoad
|-sidestart|p1: justatest123|move: Stealth Rock
|
|upkeep
|turn|4
|
|switch|p2a: Hydreigon|Hydreigon, F|100/100
|move|p1a: Seismitoad|Stealth Rock|p2a: Hydreigon
|-sidestart|p2: 4funaccount|move: Stealth Rock
|
|upkeep
|turn|5
|
|switch|p1a: Clefable|Clefable, F|100/100
|move|p2a: Hydreigon|Nasty Plot|p2a: Hydreigon
|-boost|p2a: Hydreigon|spa|2
|
|upkeep
|turn|6
|
|move|p2a: Hydreigon|Flash Cannon|p1a: Clefable
|-supereffective|p1a: Clefable
|-damage|p1a: Clefable|10/100
|-damage|p2a: Hydreigon|91/100|[from] item: Life Orb
|move|p1a: Clefable|Moonblast|p2a: Hydreigon
|-supereffective|p2a: Hydreigon
|-damage|p2a: Hydreigon|0 fnt
|faint|p2a: Hydreigon
|
|-heal|p1a: Clefable|16/100|[from] item: Leftovers
|upkeep
|
|switch|p2a: Steelix|Steelix, F|100/100
|-damage|p2a: Steelix|97/100|[from] Stealth Rock
|turn|7
|
|switch|p1a: Seismitoad|Seismitoad, M|100/100
|-damage|p1a: Seismitoad|94/100|[from] Stealth Rock
|move|p2a: Steelix|Iron Defense|p2a: Steelix
|-boost|p2a: Steelix|def|2
|
|-heal|p1a: Seismitoad|100/100|[from] item: Leftovers
|-heal|p2a: Steelix|100/100|[from] item: Leftovers
|upkeep
|turn|8
|
|move|p1a: Seismitoad|Earth Power|p2a: Steelix
|-supereffective|p2a: Steelix
|-damage|p2a: Steelix|23/100
|move|p2a: Steelix|Body Press|p1a: Seismitoad
|-damage|p1a: Seismitoad|36/100
|
|-heal|p1a: Seismitoad|43/100|[from] item: Leftovers
|-heal|p2a: Steelix|29/100|[from] item: Leftovers
|upkeep
|turn|9
|
|switch|p2a: Clefable|Clefable, M|85/100
|move|p1a: Seismitoad|Earth Power|p2a: Clefable
|-damage|p2a: Clefable|66/100
|
|-heal|p1a: Seismitoad|49/100|[from] item: Leftovers
|upkeep
|turn|10
|
|switch|p1a: Rotom|Rotom-Heat|100/100
|move|p2a: Clefable|Wish|p2a: Clefable
|
|upkeep
|turn|11
|
|move|p1a: Rotom|Toxic|p2a: Clefable
|-status|p2a: Clefable|tox
|move|p2a: Clefable|Teleport|p2a: Clefable
|
|switch|p2a: Steelix|Steelix, F|29/100|[from]move: Teleport
|-damage|p2a: Steelix|26/100|[from] Stealth Rock
|
|-heal|p2a: Steelix|81/100|[from] move: Wish|[wisher] Clefable
|-heal|p2a: Steelix|88/100|[from] item: Leftovers
|upkeep
|turn|12
|
|switch|p2a: Lanturn|Lanturn, M, shiny|100/100
|-damage|p2a: Lanturn|88/100|[from] Stealth Rock
|move|p1a: Rotom|Nasty Plot|p1a: Rotom
|-boost|p1a: Rotom|spa|2
|
|-heal|p2a: Lanturn|94/100|[from] item: Leftovers
|upkeep
|turn|13
|
|move|p1a: Rotom|Toxic|p2a: Lanturn
|-status|p2a: Lanturn|tox
|move|p2a: Lanturn|Toxic|p1a: Rotom
|-status|p1a: Rotom|tox
|
|-heal|p2a: Lanturn|100/100 tox|[from] item: Leftovers
|-damage|p1a: Rotom|95/100 tox|[from] psn
|-damage|p2a: Lanturn|94/100 tox|[from] psn
|upkeep
|turn|14
|
|switch|p1a: Seismitoad|Seismitoad, M|49/100
|-damage|p1a: Seismitoad|43/100|[from] Stealth Rock
|move|p2a: Lanturn|Scald|p1a: Seismitoad
|-heal|p1a: Seismitoad|67/100|[from] ability: Water Absorb|[of] p2a: Lanturn
|
|-heal|p1a: Seismitoad|73/100|[from] item: Leftovers
|-heal|p2a: Lanturn|100/100 tox|[from] item: Leftovers
|-damage|p2a: Lanturn|88/100 tox|[from] psn
|upkeep
|turn|15
|
|move|p1a: Seismitoad|Knock Off|p2a: Lanturn
|-damage|p2a: Lanturn|74/100 tox
|-enditem|p2a: Lanturn|Leftovers|[from] move: Knock Off|[of] p1a: Seismitoad
|move|p2a: Lanturn|Toxic|p1a: Seismitoad
|-status|p1a: Seismitoad|tox
|
|-heal|p1a: Seismitoad|79/100 tox|[from] item: Leftovers
|-damage|p1a: Seismitoad|73/100 tox|[from] psn
|-damage|p2a: Lanturn|55/100 tox|[from] psn
|upkeep
|turn|16
|
|switch|p2a: Clefable|Clefable, M|66/100 tox
|move|p1a: Seismitoad|Earth Power|p2a: Clefable
|-damage|p2a: Clefable|46/100 tox
|
|-heal|p1a: Seismitoad|79/100 tox|[from] item: Leftovers
|-damage|p1a: Seismitoad|67/100 tox|[from] psn
|upkeep
|turn|17
|
|switch|p1a: Clefable|Clefable, F|16/100
|move|p2a: Clefable|Wish|p2a: Clefable
|
|-heal|p1a: Clefable|22/100|[from] item: Leftovers
|upkeep
|turn|18
|
|move|p1a: Clefable|Protect|p1a: Clefable
|-singleturn|p1a: Clefable|Protect
|move|p2a: Clefable|Moonblast|p1a: Clefable
|-activate|p1a: Clefable|move: Protect
|
|-heal|p2a: Clefable|96/100 tox|[from] move: Wish|[wisher] Clefable
|-heal|p1a: Clefable|28/100|[from] item: Leftovers
|upkeep
|turn|19
|
|move|p2a: Clefable|Moonblast|p1a: Clefable
|-damage|p1a: Clefable|6/100
|-unboost|p1a: Clefable|spa|1
|move|p1a: Clefable|Wish|p1a: Clefable
|
|-heal|p1a: Clefable|12/100|[from] item: Leftovers
|upkeep
|turn|20
|
|move|p1a: Clefable|Protect|p1a: Clefable
|-singleturn|p1a: Clefable|Protect
|move|p2a: Clefable|Wish|p2a: Clefable
|
|-heal|p1a: Clefable|62/100|[from] move: Wish|[wisher] Clefable
|-heal|p1a: Clefable|68/100|[from] item: Leftovers
|upkeep
|turn|21
|
|move|p1a: Clefable|Wish|p1a: Clefable
|move|p2a: Clefable|Teleport|p2a: Clefable
|
|switch|p2a: Lanturn|Lanturn, M, shiny|55/100 tox|[from]move: Teleport
|-damage|p2a: Lanturn|43/100 tox|[from] Stealth Rock
|
|-heal|p2a: Lanturn|86/100 tox|[from] move: Wish|[wisher] Clefable
|-heal|p1a: Clefable|74/100|[from] item: Leftovers
|-damage|p2a: Lanturn|80/100 tox|[from] psn
|upkeep
|turn|22
|
|move|p2a: Lanturn|Heal Bell|p2a: Lanturn
|-activate|p2a: Lanturn|move: Heal Bell
|-curestatus|p2a: Lanturn|tox|[msg]
|-curestatus|p2: Clefable|tox|[msg]
|move|p1a: Clefable|Moonblast|p2a: Lanturn
|-damage|p2a: Lanturn|62/100
|
|-heal|p1a: Clefable|100/100|[from] move: Wish|[wisher] Clefable
|upkeep
|turn|23
|
|move|p2a: Lanturn|Volt Switch|p1a: Clefable
|-damage|p1a: Clefable|87/100
|
|switch|p2a: Clefable|Clefable, M|96/100|[from]move: Volt Switch
|move|p1a: Clefable|Teleport|p1a: Clefable
|
|switch|p1a: Corviknight|Corviknight, F|100/100|[from]move: Teleport
|-damage|p1a: Corviknight|88/100|[from] Stealth Rock
|-ability|p1a: Corviknight|Pressure
|
|-heal|p1a: Corviknight|94/100|[from] item: Leftovers
|upkeep
|turn|24
|
|move|p1a: Corviknight|Iron Head|p2a: Clefable
|-supereffective|p2a: Clefable
|-damage|p2a: Clefable|43/100
|move|p2a: Clefable|Wish|p2a: Clefable
|
|-heal|p1a: Corviknight|100/100|[from] item: Leftovers
|upkeep
|turn|25
|
|move|p2a: Clefable|Protect|p2a: Clefable
|-singleturn|p2a: Clefable|Protect
|move|p1a: Corviknight|Iron Head|p2a: Clefable
|-activate|p2a: Clefable|move: Protect
|
|-heal|p2a: Clefable|93/100|[from] move: Wish|[wisher] Clefable
|upkeep
|turn|26
|
|switch|p2a: Steelix|Steelix, F|88/100
|-damage|p2a: Steelix|84/100|[from] Stealth Rock
|move|p1a: Corviknight|Iron Head|p2a: Steelix
|-resisted|p2a: Steelix
|-damage|p2a: Steelix|79/100
|
|-heal|p2a: Steelix|86/100|[from] item: Leftovers
|upkeep
|turn|27
|
|switch|p1a: Seismitoad|Seismitoad, M|67/100 tox
|-damage|p1a: Seismitoad|61/100 tox|[from] Stealth Rock
|move|p2a: Steelix|Body Press|p1a: Seismitoad
|-damage|p1a: Seismitoad|30/100 tox
|
|-heal|p1a: Seismitoad|36/100 tox|[from] item: Leftovers
|-heal|p2a: Steelix|92/100|[from] item: Leftovers
|-damage|p1a: Seismitoad|30/100 tox|[from] psn
|upkeep
|turn|28
|
|switch|p2a: Clefable|Clefable, M|93/100
|move|p1a: Seismitoad|Earth Power|p2a: Clefable
|-damage|p2a: Clefable|76/100
|
|-heal|p1a: Seismitoad|36/100 tox|[from] item: Leftovers
|-damage|p1a: Seismitoad|24/100 tox|[from] psn
|upkeep
|turn|29
|
|move|p1a: Seismitoad|Earth Power|p2a: Clefable
|-damage|p2a: Clefable|59/100
|-unboost|p2a: Clefable|spd|1
|move|p2a: Clefable|Teleport|p2a: Clefable
|
|switch|p2a: Corviknight|Corviknight, M|100/100|[from]move: Teleport
|-damage|p2a: Corviknight|88/100|[from] Stealth Rock
|-ability|p2a: Corviknight|Pressure
|
|-heal|p1a: Seismitoad|30/100 tox|[from] item: Leftovers
|-heal|p2a: Corviknight|94/100|[from] item: Leftovers
|-damage|p1a: Seismitoad|12/100 tox|[from] psn
|upkeep
|turn|30
|
|switch|p2a: Clefable|Clefable, M|59/100
|move|p1a: Seismitoad|Knock Off|p2a: Clefable
|-resisted|p2a: Clefable
|-damage|p2a: Clefable|52/100
|
|-heal|p1a: Seismitoad|18/100 tox|[from] item: Leftovers
|-damage|p1a: Seismitoad|0 fnt|[from] psn
|faint|p1a: Seismitoad
|upkeep
|
|switch|p1a: Kyurem|Kyurem|100/100
|-damage|p1a: Kyurem|76/100|[from] Stealth Rock
|-ability|p1a: Kyurem|Pressure
|turn|31
|
|move|p2a: Clefable|Protect|p2a: Clefable
|-singleturn|p2a: Clefable|Protect
|move|p1a: Kyurem|Ice Beam|p2a: Clefable
|-activate|p2a: Clefable|move: Protect
|
|upkeep
|turn|32
|
|switch|p2a: Lanturn|Lanturn, M, shiny|62/100
|-damage|p2a: Lanturn|49/100|[from] Stealth Rock
|move|p1a: Kyurem|Ice Beam|p2a: Lanturn
|-resisted|p2a: Lanturn
|-damage|p2a: Lanturn|14/100
|
|upkeep
|turn|33
|
|move|p1a: Kyurem|Ice Beam|p2a: Lanturn
|-resisted|p2a: Lanturn
|-damage|p2a: Lanturn|0 fnt
|faint|p2a: Lanturn
|
|upkeep
|
|switch|p2a: Corviknight|Corviknight, M|94/100
|-damage|p2a: Corviknight|82/100|[from] Stealth Rock
|-ability|p2a: Corviknight|Pressure
|turn|34
|
|switch|p1a: Rotom|Rotom-Heat|95/100 tox
|move|p2a: Corviknight|Body Press|p1a: Rotom
|-damage|p1a: Rotom|67/100 tox
|
|-heal|p2a: Corviknight|88/100|[from] item: Leftovers
|-damage|p1a: Rotom|61/100 tox|[from] psn
|upkeep
|turn|35
|
|switch|p2a: Clefable|Clefable, M|52/100
|move|p1a: Rotom|Nasty Plot|p1a: Rotom
|-boost|p1a: Rotom|spa|2
|
|-damage|p1a: Rotom|49/100 tox|[from] psn
|upkeep
|turn|36
|
|move|p2a: Clefable|Protect|p2a: Clefable
|-singleturn|p2a: Clefable|Protect
|move|p1a: Rotom|Overheat|p2a: Clefable
|-activate|p2a: Clefable|move: Protect
|
|-damage|p1a: Rotom|31/100 tox|[from] psn
|upkeep
|turn|37
|
|move|p2a: Clefable|Protect||[still]
|-fail|p2a: Clefable
|move|p1a: Rotom|Overheat|p2a: Clefable
|-damage|p2a: Clefable|0 fnt
|-unboost|p1a: Rotom|spa|2
|faint|p2a: Clefable
|
|-damage|p1a: Rotom|7/100 tox|[from] psn
|upkeep
|
|switch|p2a: Gengar|Gengar, F|100/100
|-damage|p2a: Gengar|88/100|[from] Stealth Rock
|turn|38
|inactive|justatest123 has 120 seconds left.
|
|move|p2a: Gengar|Shadow Ball|p1a: Rotom
|-damage|p1a: Rotom|0 fnt
|faint|p1a: Rotom
|
|upkeep
|
|switch|p1a: Zeraora|Zeraora|69/100
|-damage|p1a: Zeraora|57/100|[from] Stealth Rock
|turn|39
|
|switch|p2a: Steelix|Steelix, F|92/100
|-damage|p2a: Steelix|89/100|[from] Stealth Rock
|move|p1a: Zeraora|Knock Off|p2a: Steelix
|-damage|p2a: Steelix|76/100
|-enditem|p2a: Steelix|Leftovers|[from] move: Knock Off|[of] p1a: Zeraora
|
|-heal|p1a: Zeraora|63/100|[from] item: Leftovers
|upkeep
|turn|40
|inactive|justatest123 has 120 seconds left.
|
|switch|p1a: Corviknight|Corviknight, F|100/100
|-damage|p1a: Corviknight|88/100|[from] Stealth Rock
|-ability|p1a: Corviknight|Pressure
|move|p2a: Steelix|Iron Defense|p2a: Steelix
|-boost|p2a: Steelix|def|2
|
|-heal|p1a: Corviknight|94/100|[from] item: Leftovers
|upkeep
|turn|41
|
|move|p1a: Corviknight|Body Press|p2a: Steelix
|-supereffective|p2a: Steelix
|-damage|p2a: Steelix|65/100
|move|p2a: Steelix|Body Press|p1a: Corviknight
|-damage|p1a: Corviknight|41/100
|
|-heal|p1a: Corviknight|47/100|[from] item: Leftovers
|upkeep
|turn|42
|
|move|p1a: Corviknight|Body Press|p2a: Steelix
|-supereffective|p2a: Steelix
|-damage|p2a: Steelix|54/100
|move|p2a: Steelix|Body Press|p1a: Corviknight
|-damage|p1a: Corviknight|0 fnt
|faint|p1a: Corviknight
|
|upkeep
|
|switch|p1a: Kyurem|Kyurem|76/100
|-damage|p1a: Kyurem|51/100|[from] Stealth Rock
|-ability|p1a: Kyurem|Pressure
|turn|43
|
|switch|p2a: Corviknight|Corviknight, M|88/100
|-damage|p2a: Corviknight|75/100|[from] Stealth Rock
|-ability|p2a: Corviknight|Pressure
|move|p1a: Kyurem|Ice Beam|p2a: Corviknight
|-damage|p2a: Corviknight|6/100
|
|-heal|p2a: Corviknight|12/100|[from] item: Leftovers
|upkeep
|turn|44
|
|move|p1a: Kyurem|Ice Beam|p2a: Corviknight
|-damage|p2a: Corviknight|0 fnt
|faint|p2a: Corviknight
|
|upkeep
|
|switch|p2a: Gengar|Gengar, F|88/100
|-damage|p2a: Gengar|76/100|[from] Stealth Rock
|turn|45
|
|switch|p1a: Clefable|Clefable, F|87/100
|move|p2a: Gengar|Trick|p1a: Clefable
|-activate|p2a: Gengar|move: Trick|[of] p1a: Clefable
|-item|p1a: Clefable|Choice Specs|[from] move: Trick
|-item|p2a: Gengar|Leftovers|[from] move: Trick
|
|-heal|p2a: Gengar|82/100|[from] item: Leftovers
|upkeep
|turn|46
|
|move|p2a: Gengar|Sludge Wave|p1a: Clefable
|-supereffective|p1a: Clefable
|-damage|p1a: Clefable|14/100
|move|p1a: Clefable|Moonblast|p2a: Gengar
|-resisted|p2a: Gengar
|-damage|p2a: Gengar|46/100
|-start|p1a: Clefable|Disable|Moonblast|[from] ability: Cursed Body|[of] p2a: Gengar
|
|-heal|p2a: Gengar|52/100|[from] item: Leftovers
|upkeep
|turn|47
|
|move|p2a: Gengar|Sludge Wave|p1a: Clefable
|-supereffective|p1a: Clefable
|-crit|p1a: Clefable
|-damage|p1a: Clefable|0 fnt
|faint|p1a: Clefable
|
|-heal|p2a: Gengar|58/100|[from] item: Leftovers
|upkeep
|
|switch|p1a: Zeraora|Zeraora|63/100
|-damage|p1a: Zeraora|51/100|[from] Stealth Rock
|turn|48
|
|switch|p2a: Steelix|Steelix, F|54/100
|-damage|p2a: Steelix|50/100|[from] Stealth Rock
|move|p1a: Zeraora|Knock Off|p2a: Steelix
|-damage|p2a: Steelix|42/100
|
|-heal|p1a: Zeraora|57/100|[from] item: Leftovers
|upkeep
|turn|49
|
|move|p1a: Zeraora|Bulk Up|p1a: Zeraora
|-boost|p1a: Zeraora|atk|1
|-boost|p1a: Zeraora|def|1
|move|p2a: Steelix|Earthquake|p1a: Zeraora
|-supereffective|p1a: Zeraora
|-damage|p1a: Zeraora|0 fnt
|faint|p1a: Zeraora
|
|upkeep
|-message|justatest123 forfeited.
|
|win|4funaccount
|l|☆justatest123
|raw|justatest123's rating: 1543 &rarr; <strong>1526</strong><br />(-17 for losing)
|raw|4funaccount's rating: 1594 &rarr; <strong>1611</strong><br />(+17 for winning)
