|j|☆Buko2k
|j|☆PedroGrug
|inactive|Battle timer is ON: inactive players will automatically lose when time's up.
|t:|1653420136
|gametype|singles
|player|p1|Buko2k|nessa|
|player|p2|PedroGrug|2|
|teamsize|p1|6
|teamsize|p2|6
|gen|8
|tier|[Gen 8] OU
|rated|Tournament battle
|rule|Sleep Clause Mod: Limit one foe put to sleep
|rule|Species Clause: Limit one of each Pokémon
|rule|OHKO Clause: OHKO moves are banned
|rule|Evasion Moves Clause: Evasion moves are banned
|rule|Endless Battle Clause: Forcing endless battles is banned
|rule|HP Percentage Mod: HP is shown in percentages
|rule|Dynamax Clause: You cannot dynamax
|clearpoke
|poke|p1|Pelipper, F|
|poke|p1|Dracovish|
|poke|p1|Seismitoad, M|
|poke|p1|Zapdos|
|poke|p1|Corviknight, M|
|poke|p1|Moltres-Galar|
|poke|p2|Dragapult, M|
|poke|p2|Landorus-Therian, M|
|poke|p2|Tornadus-Therian, M|
|poke|p2|Urshifu-*, M|
|poke|p2|Blacephalon|
|poke|p2|Heatran, F|
|teampreview
|c|☆PedroGrug|hf
|c|☆Buko2k|u2
|j| qwertyuiopc
|
|t:|1653420155
|start
|switch|p1a: Pelipper|Pelipper, F|100/100
|switch|p2a: Blacephalon|Blacephalon|100/100
|-weather|RainDance|[from] ability: Drizzle|[of] p1a: Pelipper
|turn|1
|
|t:|1653420161
|switch|p1a: Moltres|Moltres-Galar|100/100
|move|p2a: Blacephalon|Shadow Ball|p1a: Moltres
|-resisted|p1a: Moltres
|-damage|p1a: Moltres|71/100
|
|-weather|RainDance|[upkeep]
|upkeep
|turn|2
|
|t:|1653420174
|switch|p2a: Tornadus|Tornadus-Therian, M|100/100
|move|p1a: Moltres|Fiery Wrath|p2a: Tornadus
|-damage|p2a: Tornadus|62/100
|
|-weather|RainDance|[upkeep]
|upkeep
|turn|3
|
|t:|1653420183
|switch|p1a: Zapdos|Zapdos|100/100
|move|p2a: Tornadus|U-turn|p1a: Zapdos
|-resisted|p1a: Zapdos
|-damage|p1a: Zapdos|91/100
|l| qwertyuiopc
|j| BBPT $aske
|
|t:|1653420198
|switch|p2a: Dragapult|Dragapult, M|100/100|[from]move: U-turn
|
|-weather|RainDance|[upkeep]
|upkeep
|turn|4
|j| Empoleon o
|
|t:|1653420217
|switch|p1a: Corviknight|Corviknight, M|100/100
|-ability|p1a: Corviknight|Pressure
|move|p2a: Dragapult|Dragon Darts|p1a: Corviknight
|-resisted|p1a: Corviknight
|-damage|p1a: Corviknight|90/100
|-anim|p2a: Dragapult|Dragon Darts|p1a: Corviknight
|-resisted|p1a: Corviknight
|-damage|p1a: Corviknight|79/100
|
|-weather|RainDance|[upkeep]
|upkeep
|turn|5
|
|t:|1653420223
|move|p2a: Dragapult|Dragon Darts|p1a: Corviknight
|-resisted|p1a: Corviknight
|-damage|p1a: Corviknight|69/100
|-anim|p2a: Dragapult|Dragon Darts|p1a: Corviknight
|-resisted|p1a: Corviknight
|-damage|p1a: Corviknight|58/100
|move|p1a: Corviknight|U-turn|p2a: Dragapult
|-resisted|p2a: Dragapult
|-damage|p2a: Dragapult|91/100
|
|t:|1653420230
|switch|p1a: Zapdos|Zapdos|91/100|[from]move: U-turn
|
|-weather|RainDance|[upkeep]
|upkeep
|turn|6
|
|t:|1653420234
|move|p2a: Dragapult|Dragon Darts|p1a: Zapdos
|-damage|p1a: Zapdos|48/100
|-anim|p2a: Dragapult|Dragon Darts|p1a: Zapdos
|-damage|p1a: Zapdos|7/100
|move|p1a: Zapdos|Hurricane|p2a: Dragapult
|-damage|p2a: Dragapult|17/100
|
|-weather|RainDance|[upkeep]
|upkeep
|turn|7
|
|t:|1653420243
|switch|p1a: Corviknight|Corviknight, M|58/100
|-ability|p1a: Corviknight|Pressure
|move|p2a: Dragapult|Dragon Darts|p1a: Corviknight
|-resisted|p1a: Corviknight
|-damage|p1a: Corviknight|47/100
|-anim|p2a: Dragapult|Dragon Darts|p1a: Corviknight
|-resisted|p1a: Corviknight
|-damage|p1a: Corviknight|36/100
|
|-weather|RainDance|[upkeep]
|upkeep
|turn|8
|
|t:|1653420250
|switch|p2a: Blacephalon|Blacephalon|100/100
|move|p1a: Corviknight|Roost|p1a: Corviknight
|-heal|p1a: Corviknight|86/100
|-singleturn|p1a: Corviknight|move: Roost
|
|-weather|none
|upkeep
|turn|9
|c| Empoleon o|dpult fisico k
|c|☆PedroGrug|qq tem de errado nisso?
|
|t:|1653420267
|switch|p1a: Moltres|Moltres-Galar|71/100
|move|p2a: Blacephalon|Shadow Ball|p1a: Moltres
|-resisted|p1a: Moltres
|-damage|p1a: Moltres|38/100
|-ability|p1a: Moltres|Berserk|boost
|-boost|p1a: Moltres|spa|1
|
|upkeep
|turn|10
|
|t:|1653420282
|switch|p2a: Heatran|Heatran, F|100/100
|move|p1a: Moltres|Fiery Wrath|p2a: Heatran
|-damage|p2a: Heatran|61/100
|
|-heal|p2a: Heatran|67/100|[from] item: Leftovers
|upkeep
|turn|11
|
|t:|1653420289
|switch|p1a: Pelipper|Pelipper, F|100/100
|-weather|RainDance|[from] ability: Drizzle|[of] p1a: Pelipper
|move|p2a: Heatran|Protect||[still]
|-fail|p2a: Heatran
|
|-weather|RainDance|[upkeep]
|-heal|p2a: Heatran|73/100|[from] item: Leftovers
|upkeep
|turn|12
|c|☆Buko2k|o cara chegou em 1700 com dpult band
|c|☆Buko2k|não da pra julgar
|
|t:|1653420308
|move|p2a: Heatran|Protect|p2a: Heatran
|-singleturn|p2a: Heatran|Protect
|move|p1a: Pelipper|U-turn|p2a: Heatran
|-activate|p2a: Heatran|move: Protect
|
|-weather|RainDance|[upkeep]
|-heal|p2a: Heatran|79/100|[from] item: Leftovers
|upkeep
|turn|13
|c|☆PedroGrug|n
|c|☆PedroGrug|essa conta é pra treino
|c|☆PedroGrug|eu cheguei em 1950
|c|☆Buko2k|vish
|c| Empoleon o|brabo
|
|t:|1653420333
|switch|p2a: Urshifu|Urshifu-Rapid-Strike, M|100/100
|move|p1a: Pelipper|Scald|p2a: Urshifu
|-resisted|p2a: Urshifu
|-damage|p2a: Urshifu|73/100
|
|-weather|RainDance|[upkeep]
|upkeep
|turn|14
|
|t:|1653420341
|switch|p1a: Dracovish|Dracovish|100/100
|move|p2a: Urshifu|U-turn|p1a: Dracovish
|-damage|p1a: Dracovish|74/100
|
|t:|1653420350
|switch|p2a: Dragapult|Dragapult, M|17/100|[from]move: U-turn
|
|-weather|RainDance|[upkeep]
|upkeep
|turn|15
|
|t:|1653420356
|switch|p1a: Corviknight|Corviknight, M|86/100
|-ability|p1a: Corviknight|Pressure
|move|p2a: Dragapult|U-turn|p1a: Corviknight
|-resisted|p1a: Corviknight
|-damage|p1a: Corviknight|81/100
|-damage|p2a: Dragapult|1/100|[from] item: Rocky Helmet|[of] p1a: Corviknight
|
|t:|1653420375
|switch|p2a: Blacephalon|Blacephalon|100/100|[from]move: U-turn
|
|-weather|RainDance|[upkeep]
|upkeep
|turn|16
|
|t:|1653420390
|switch|p1a: Zapdos|Zapdos|7/100
|move|p2a: Blacephalon|Shadow Ball|p1a: Zapdos
|-damage|p1a: Zapdos|0 fnt
|faint|p1a: Zapdos
|-ability|p2a: Blacephalon|Beast Boost|boost
|-boost|p2a: Blacephalon|spa|1
|
|-weather|RainDance|[upkeep]
|upkeep
|
|t:|1653420391
|switch|p1a: Seismitoad|Seismitoad, M|100/100
|turn|17
|
|t:|1653420400
|switch|p2a: Tornadus|Tornadus-Therian, M|96/100
|move|p1a: Seismitoad|Surf|p2a: Tornadus
|-damage|p2a: Tornadus|19/100
|-damage|p1a: Seismitoad|91/100|[from] item: Life Orb
|
|-weather|RainDance|[upkeep]
|upkeep
|turn|18
|
|t:|1653420419
|switch|p2a: Urshifu|Urshifu-Rapid-Strike, M|73/100
|move|p1a: Seismitoad|Stealth Rock|p2a: Urshifu
|-sidestart|p2: PedroGrug|move: Stealth Rock
|
|-weather|none
|upkeep
|turn|19
|l| Empoleon o
|
|t:|1653420426
|switch|p1a: Pelipper|Pelipper, F|100/100
|-weather|RainDance|[from] ability: Drizzle|[of] p1a: Pelipper
|move|p2a: Urshifu|U-turn|p1a: Pelipper
|-resisted|p1a: Pelipper
|-damage|p1a: Pelipper|91/100
|
|t:|1653420435
|switch|p2a: Blacephalon|Blacephalon|100/100|[from]move: U-turn
|-damage|p2a: Blacephalon|76/100|[from] Stealth Rock
|
|-weather|RainDance|[upkeep]
|upkeep
|turn|20
|
|t:|1653420454
|switch|p1a: Moltres|Moltres-Galar|38/100
|move|p2a: Blacephalon|Shadow Ball|p1a: Moltres
|-resisted|p1a: Moltres
|-damage|p1a: Moltres|8/100
|
|-weather|RainDance|[upkeep]
|upkeep
|turn|21
|
|t:|1653420456
|move|p2a: Blacephalon|Shadow Ball|p1a: Moltres
|-resisted|p1a: Moltres
|-damage|p1a: Moltres|0 fnt
|faint|p1a: Moltres
|-ability|p2a: Blacephalon|Beast Boost|boost
|-boost|p2a: Blacephalon|spa|1
|
|-weather|RainDance|[upkeep]
|upkeep
|
|t:|1653420458
|switch|p1a: Seismitoad|Seismitoad, M|91/100
|turn|22
|
|t:|1653420487
|switch|p2a: Landorus|Landorus-Therian, M|100/100
|-damage|p2a: Landorus|88/100|[from] Stealth Rock
|-ability|p2a: Landorus|Intimidate|boost
|-unboost|p1a: Seismitoad|atk|1
|move|p1a: Seismitoad|Surf|p2a: Landorus
|-supereffective|p2a: Landorus
|-damage|p2a: Landorus|0 fnt
|faint|p2a: Landorus
|-damage|p1a: Seismitoad|81/100|[from] item: Life Orb
|
|-weather|RainDance|[upkeep]
|upkeep
|
|t:|1653420491
|switch|p2a: Urshifu|Urshifu-Rapid-Strike, M|73/100
|-damage|p2a: Urshifu|67/100|[from] Stealth Rock
|turn|23
|inactive|Buko2k has 120 seconds left.
|
|t:|1653420534
|switch|p2a: Tornadus|Tornadus-Therian, M|52/100
|move|p1a: Seismitoad|Earth Power|p2a: Tornadus
|-immune|p2a: Tornadus
|
|-weather|RainDance|[upkeep]
|upkeep
|turn|24
|
|t:|1653420542
|switch|p2a: Dragapult|Dragapult, M|1/100
|-damage|p2a: Dragapult|0 fnt|[from] Stealth Rock
|faint|p2a: Dragapult
|move|p1a: Seismitoad|Surf|p2: Dragapult|[notarget]
|-fail|p1a: Seismitoad
|
|-weather|RainDance|[upkeep]
|upkeep
|j| Hisuian Magikarp
|
|t:|1653420552
|switch|p2a: Heatran|Heatran, F|79/100
|-damage|p2a: Heatran|67/100|[from] Stealth Rock
|turn|25
|
|t:|1653420558
|move|p2a: Heatran|Protect|p2a: Heatran
|-singleturn|p2a: Heatran|Protect
|move|p1a: Seismitoad|Surf|p2a: Heatran
|-activate|p2a: Heatran|move: Protect
|
|-weather|RainDance|[upkeep]
|-heal|p2a: Heatran|73/100|[from] item: Leftovers
|upkeep
|turn|26
|
|t:|1653420564
|switch|p2a: Tornadus|Tornadus-Therian, M|85/100
|move|p1a: Seismitoad|Earth Power|p2a: Tornadus
|-immune|p2a: Tornadus
|
|-weather|none
|upkeep
|turn|27
|c| Hisuian Magikarp|Como assim dracovish em OU?
|inactive|Buko2k has 120 seconds left.
|c| BBPT $aske|o bobão do parcos adicionou eles
|
|t:|1653420601
|move|p2a: Tornadus|Hurricane|p1a: Seismitoad
|-damage|p1a: Seismitoad|29/100
|-start|p1a: Seismitoad|confusion
|-activate|p1a: Seismitoad|confusion
|move|p1a: Seismitoad|Surf|p2a: Tornadus
|-damage|p2a: Tornadus|34/100
|-damage|p1a: Seismitoad|19/100|[from] item: Life Orb
|
|upkeep
|turn|28
|inactive|Buko2k has 120 seconds left.
|c| Hisuian Magikarp|Ah ta
|
|t:|1653420613
|switch|p1a: Corviknight|Corviknight, M|81/100
|-ability|p1a: Corviknight|Pressure
|move|p2a: Tornadus|Knock Off|p1a: Corviknight
|-damage|p1a: Corviknight|69/100
|-damage|p2a: Tornadus|17/100|[from] item: Rocky Helmet|[of] p1a: Corviknight
|-enditem|p1a: Corviknight|Rocky Helmet|[from] move: Knock Off|[of] p2a: Tornadus
|
|upkeep
|turn|29
|
|t:|1653420624
|move|p2a: Tornadus|Defog|p1a: Corviknight
|-unboost|p1a: Corviknight|evasion|1
|-sideend|p2: PedroGrug|Stealth Rock|[from] move: Defog|[of] p2a: Tornadus
|move|p1a: Corviknight|U-turn|p2a: Tornadus
|-resisted|p2a: Tornadus
|-crit|p2a: Tornadus
|-damage|p2a: Tornadus|5/100
|
|t:|1653420639
|switch|p1a: Seismitoad|Seismitoad, M|19/100|[from]move: U-turn
|
|upkeep
|turn|30
|
|t:|1653420642
|switch|p1a: Corviknight|Corviknight, M|69/100
|-ability|p1a: Corviknight|Pressure
|move|p2a: Tornadus|Knock Off|p1a: Corviknight
|-damage|p1a: Corviknight|61/100
|
|upkeep
|turn|31
|
|t:|1653420646
|move|p2a: Tornadus|U-turn|p1a: Corviknight
|-resisted|p1a: Corviknight
|-damage|p1a: Corviknight|59/100
|
|t:|1653420649
|switch|p2a: Blacephalon|Blacephalon|76/100|[from]move: U-turn
|move|p1a: Corviknight|U-turn|p2a: Blacephalon
|-resisted|p2a: Blacephalon
|-damage|p2a: Blacephalon|67/100
|inactive|Buko2k has 120 seconds left.
|
|t:|1653420683
|switch|p1a: Pelipper|Pelipper, F|91/100|[from]move: U-turn
|-weather|RainDance|[from] ability: Drizzle|[of] p1a: Pelipper
|
|-weather|RainDance|[upkeep]
|upkeep
|turn|32
|
|t:|1653420689
|switch|p1a: Corviknight|Corviknight, M|59/100
|-ability|p1a: Corviknight|Pressure
|move|p2a: Blacephalon|Shadow Ball|p1a: Corviknight
|-damage|p1a: Corviknight|0 fnt
|faint|p1a: Corviknight
|-ability|p2a: Blacephalon|Beast Boost|boost
|-boost|p2a: Blacephalon|spa|1
|
|-weather|RainDance|[upkeep]
|upkeep
|
|t:|1653420692
|switch|p1a: Seismitoad|Seismitoad, M|19/100
|turn|33
|
|t:|1653420708
|switch|p2a: Heatran|Heatran, F|73/100
|move|p1a: Seismitoad|Earth Power|p2a: Heatran
|-supereffective|p2a: Heatran
|-damage|p2a: Heatran|0 fnt
|faint|p2a: Heatran
|-damage|p1a: Seismitoad|9/100|[from] item: Life Orb
|
|-weather|RainDance|[upkeep]
|upkeep
|
|t:|1653420714
|switch|p2a: Urshifu|Urshifu-Rapid-Strike, M|67/100
|turn|34
|
|t:|1653420718
|switch|p1a: Dracovish|Dracovish|74/100
|move|p2a: Urshifu|Aqua Jet|p1a: Dracovish
|-resisted|p1a: Dracovish
|-damage|p1a: Dracovish|65/100
|
|-weather|RainDance|[upkeep]
|upkeep
|turn|35
|
|t:|1653420728
|move|p2a: Urshifu|U-turn|p1a: Dracovish
|-damage|p1a: Dracovish|40/100
|
|t:|1653420736
|switch|p2a: Tornadus|Tornadus-Therian, M|38/100|[from]move: U-turn
|move|p1a: Dracovish|Fishious Rend|p2a: Tornadus
|-damage|p2a: Tornadus|0 fnt
|faint|p2a: Tornadus
|
|-weather|RainDance|[upkeep]
|upkeep
|
|t:|1653420756
|switch|p2a: Blacephalon|Blacephalon|67/100
|turn|36
|
|t:|1653420761
|move|p2a: Blacephalon|Shadow Ball|p1a: Dracovish
|-damage|p1a: Dracovish|0 fnt
|faint|p1a: Dracovish
|-ability|p2a: Blacephalon|Beast Boost|boost
|-boost|p2a: Blacephalon|spa|1
|
|-weather|RainDance|[upkeep]
|upkeep
|j| AmarelinhoBR
|
|t:|1653420763
|switch|p1a: Seismitoad|Seismitoad, M|9/100
|turn|37
|
|t:|1653420780
|switch|p1a: Pelipper|Pelipper, F|91/100
|switch|p2a: Urshifu|Urshifu-Rapid-Strike, M|67/100
|
|-weather|RainDance|[upkeep]
|upkeep
|turn|38
|
|t:|1653420786
|move|p2a: Urshifu|Surging Strikes|p1a: Pelipper
|-resisted|p1a: Pelipper
|-crit|p1a: Pelipper
|-damage|p1a: Pelipper|80/100
|-resisted|p1a: Pelipper
|-crit|p1a: Pelipper
|-damage|p1a: Pelipper|68/100
|-resisted|p1a: Pelipper
|-crit|p1a: Pelipper
|-damage|p1a: Pelipper|57/100
|-hitcount|p1a: Pelipper|3
|move|p1a: Pelipper|Scald|p2a: Urshifu
|-resisted|p2a: Urshifu
|-damage|p2a: Urshifu|36/100
|-status|p2a: Urshifu|brn
|
|-weather|none
|-damage|p2a: Urshifu|30/100 brn|[from] brn
|upkeep
|turn|39
|
|t:|1653420798
|move|p2a: Urshifu|U-turn|p1a: Pelipper
|-resisted|p1a: Pelipper
|-damage|p1a: Pelipper|52/100
|
|t:|1653420800
|switch|p2a: Blacephalon|Blacephalon|67/100|[from]move: U-turn
|move|p1a: Pelipper|Roost|p1a: Pelipper
|-heal|p1a: Pelipper|100/100
|-singleturn|p1a: Pelipper|move: Roost
|
|upkeep
|turn|40
|c| AmarelinhoBR|tornadus n é uber?
|c| BBPT $aske|não
|c| Hisuian Magikarp|Ai falou oq sabe
|
|t:|1653420819
|move|p2a: Blacephalon|Shadow Ball|p1a: Pelipper
|-damage|p1a: Pelipper|5/100
|move|p1a: Pelipper|Scald|p2a: Blacephalon
|-supereffective|p2a: Blacephalon
|-damage|p2a: Blacephalon|0 fnt
|faint|p2a: Blacephalon
|
|upkeep
|
|t:|1653420823
|switch|p2a: Urshifu|Urshifu-Rapid-Strike, M|30/100 brn
|turn|41
|l| AmarelinhoBR
|
|t:|1653420829
|move|p2a: Urshifu|Close Combat|p1a: Pelipper
|-resisted|p1a: Pelipper
|-damage|p1a: Pelipper|0 fnt
|-unboost|p2a: Urshifu|def|1
|-unboost|p2a: Urshifu|spd|1
|faint|p1a: Pelipper
|
|-damage|p2a: Urshifu|24/100 brn|[from] brn
|upkeep
|c|☆PedroGrug|gg
|
|t:|1653420830
|switch|p1a: Seismitoad|Seismitoad, M|9/100
|turn|42
|c|☆Buko2k|gg wp
|
|t:|1653420834
|move|p2a: Urshifu|Close Combat|p1a: Seismitoad
|-damage|p1a: Seismitoad|0 fnt
|-unboost|p2a: Urshifu|def|1
|-unboost|p2a: Urshifu|spd|1
|faint|p1a: Seismitoad
|
|win|PedroGrug
|n|☆Buko2k|buko2k
|n|☆PedroGrug|pedrogrug
|n| BBPT $aske|bbptaske
|n| Hisuian Magikarp|hisuianmagikarp
