|j|☆Run For Me Plz
|j|☆Ctannn
|t:|1649848103
|gametype|singles
|player|p1|Run For Me Plz|pokemaniac-gen3|1702
|player|p2|Ctannn|265|1900
|teamsize|p1|6
|teamsize|p2|6
|gen|8
|tier|[Gen 8] OU
|rated|
|rule|Sleep Clause Mod: Limit one foe put to sleep
|rule|Species Clause: Limit one of each Pokémon
|rule|OHKO Clause: OHKO moves are banned
|rule|Evasion Moves Clause: Evasion moves are banned
|rule|Endless Battle Clause: Forcing endless battles is banned
|rule|HP Percentage Mod: HP is shown in percentages
|rule|Dynamax Clause: You cannot dynamax
|clearpoke
|poke|p1|Rhyperior, M|
|poke|p1|Slowking, F|
|poke|p1|Buzzwole|
|poke|p1|Tornadus-Therian, M|
|poke|p1|Toxapex, M|
|poke|p1|Hippowdon, M|
|poke|p2|Tapu Koko|
|poke|p2|Landorus-Therian, M|
|poke|p2|Pelipper, M|
|poke|p2|Slowking-Galar, F|
|poke|p2|Rillaboom, M|
|poke|p2|Melmetal|
|teampreview
|inactive|Battle timer is ON: inactive players will automatically lose when time's up. (requested by Run For Me Plz)
|
|t:|1649848113
|start
|switch|p1a: Tornadus|Tornadus-Therian, M, shiny|100/100
|switch|p2a: Landorus|Landorus-Therian, M|100/100
|-ability|p2a: Landorus|Intimidate|boost
|-unboost|p1a: Tornadus|atk|1
|turn|1
|j| zhiba
|
|t:|1649848117
|move|p1a: Tornadus|Knock Off|p2a: Landorus
|-damage|p2a: Landorus|88/100
|-enditem|p2a: Landorus|Leftovers|[from] move: Knock Off|[of] p1a: Tornadus
|move|p2a: Landorus|Knock Off|p1a: Tornadus
|-damage|p1a: Tornadus|66/100
|-enditem|p1a: Tornadus|Heavy-Duty Boots|[from] move: Knock Off|[of] p2a: Landorus
|
|upkeep
|turn|2
|j| alastour
|
|t:|1649848120
|move|p1a: Tornadus|Hurricane|p2a: Landorus|[miss]
|-miss|p1a: Tornadus|p2a: Landorus
|move|p2a: Landorus|Knock Off|p1a: Tornadus
|-damage|p1a: Tornadus|43/100
|
|upkeep
|turn|3
|
|t:|1649848122
|move|p1a: Tornadus|Hurricane|p2a: Landorus
|-damage|p2a: Landorus|54/100
|move|p2a: Landorus|Knock Off|p1a: Tornadus
|-damage|p1a: Tornadus|21/100
|
|upkeep
|turn|4
|l| alastour
|j| DittoTang
|
|t:|1649848129
|move|p1a: Tornadus|U-turn|p2a: Landorus
|-resisted|p2a: Landorus
|-damage|p2a: Landorus|49/100
|
|t:|1649848133
|switch|p1a: Toxapex|Toxapex, M, shiny|100/100|[from]move: U-turn
|move|p2a: Landorus|Stealth Rock|p1a: Toxapex
|-sidestart|p1: Run For Me Plz|move: Stealth Rock
|
|upkeep
|turn|5
|j| Grimmisnarl
|
|t:|1649848142
|switch|p1a: Hippowdon|Hippowdon, M, shiny|100/100
|-damage|p1a: Hippowdon|94/100|[from] Stealth Rock
|-weather|Sandstorm|[from] ability: Sand Stream|[of] p1a: Hippowdon
|move|p2a: Landorus|Earthquake|p1a: Hippowdon
|-damage|p1a: Hippowdon|61/100
|
|-weather|Sandstorm|[upkeep]
|-heal|p1a: Hippowdon|67/100|[from] item: Leftovers
|upkeep
|turn|6
|l| Grimmisnarl
|j| LT_Alt1
|
|t:|1649848154
|switch|p2a: Pelipper|Pelipper, M|100/100
|-weather|RainDance|[from] ability: Drizzle|[of] p2a: Pelipper
|move|p1a: Hippowdon|Stealth Rock|p2a: Pelipper
|-sidestart|p2: Ctannn|move: Stealth Rock
|
|-weather|RainDance|[upkeep]
|-heal|p1a: Hippowdon|74/100|[from] item: Leftovers
|upkeep
|turn|7
|
|t:|1649848158
|switch|p1a: Toxapex|Toxapex, M, shiny|100/100
|-damage|p1a: Toxapex|88/100|[from] Stealth Rock
|move|p2a: Pelipper|Scald|p1a: Toxapex
|-resisted|p1a: Toxapex
|-damage|p1a: Toxapex|74/100
|
|-weather|RainDance|[upkeep]
|-heal|p1a: Toxapex|80/100|[from] item: Black Sludge
|upkeep
|turn|8
|
|t:|1649848165
|move|p2a: Pelipper|Scald|p1a: Toxapex
|-resisted|p1a: Toxapex
|-damage|p1a: Toxapex|67/100
|-status|p1a: Toxapex|brn
|move|p1a: Toxapex|Knock Off|p2a: Pelipper
|-damage|p2a: Pelipper|93/100
|-enditem|p2a: Pelipper|Heavy-Duty Boots|[from] move: Knock Off|[of] p1a: Toxapex
|
|-weather|RainDance|[upkeep]
|-heal|p1a: Toxapex|74/100 brn|[from] item: Black Sludge
|-damage|p1a: Toxapex|67/100 brn|[from] brn
|upkeep
|turn|9
|
|t:|1649848169
|move|p2a: Pelipper|Knock Off|p1a: Toxapex
|-damage|p1a: Toxapex|57/100 brn
|-enditem|p1a: Toxapex|Black Sludge|[from] move: Knock Off|[of] p2a: Pelipper
|move|p1a: Toxapex|Recover|p1a: Toxapex
|-heal|p1a: Toxapex|100/100 brn
|
|-weather|RainDance|[upkeep]
|-damage|p1a: Toxapex|94/100 brn|[from] brn
|upkeep
|turn|10
|j| UU to rank I
|
|t:|1649848174
|move|p2a: Pelipper|Defog|p1a: Toxapex
|-unboost|p1a: Toxapex|evasion|1
|-sideend|p1: Run For Me Plz|Stealth Rock|[from] move: Defog|[of] p2a: Pelipper
|-sideend|p2: Ctannn|Stealth Rock|[from] move: Defog|[of] p2a: Pelipper
|move|p1a: Toxapex|Knock Off|p2a: Pelipper
|-damage|p2a: Pelipper|87/100
|
|-weather|none
|-damage|p1a: Toxapex|88/100 brn|[from] brn
|upkeep
|turn|11
|
|t:|1649848179
|switch|p2a: Landorus|Landorus-Therian, M|49/100
|-ability|p2a: Landorus|Intimidate|boost
|-unboost|p1a: Toxapex|atk|1
|move|p1a: Toxapex|Poison Jab|p2a: Landorus
|-resisted|p2a: Landorus
|-damage|p2a: Landorus|46/100
|
|-damage|p1a: Toxapex|82/100 brn|[from] brn
|upkeep
|turn|12
|l| LT_Alt1
|j| LT_Alt1
|
|t:|1649848183
|switch|p1a: Hippowdon|Hippowdon, M, shiny|74/100
|-weather|Sandstorm|[from] ability: Sand Stream|[of] p1a: Hippowdon
|move|p2a: Landorus|U-turn|p1a: Hippowdon
|-damage|p1a: Hippowdon|58/100
|j| Azasd
|
|t:|1649848186
|switch|p2a: Rillaboom|Rillaboom, M|100/100|[from]move: U-turn
|-fieldstart|move: Grassy Terrain|[from] ability: Grassy Surge|[of] p2a: Rillaboom
|
|-weather|Sandstorm|[upkeep]
|-damage|p2a: Rillaboom|94/100|[from] Sandstorm
|-heal|p2a: Rillaboom|100/100|[from] Grassy Terrain
|-heal|p1a: Hippowdon|65/100|[from] Grassy Terrain
|-heal|p1a: Hippowdon|71/100|[from] item: Leftovers
|upkeep
|turn|13
|
|t:|1649848192
|switch|p2a: Slowking|Slowking-Galar, F|100/100
|switch|p1a: Toxapex|Toxapex, M, shiny|100/100 brn
|
|-weather|Sandstorm|[upkeep]
|-damage|p1a: Toxapex|94/100 brn|[from] Sandstorm
|-damage|p2a: Slowking|94/100|[from] Sandstorm
|-heal|p1a: Toxapex|100/100 brn|[from] Grassy Terrain
|-heal|p2a: Slowking|100/100|[from] Grassy Terrain
|-damage|p1a: Toxapex|94/100 brn|[from] brn
|upkeep
|turn|14
|l| DittoTang
|l| zhiba
|
|t:|1649848220
|switch|p1a: Rhyperior|Rhyperior, M, shiny|100/100
|switch|p2a: Landorus|Landorus-Therian, M|46/100
|-ability|p2a: Landorus|Intimidate|boost
|-unboost|p1a: Rhyperior|atk|1
|
|-weather|Sandstorm|[upkeep]
|upkeep
|turn|15
|
|t:|1649848227
|move|p2a: Landorus|Knock Off|p1a: Rhyperior
|-damage|p1a: Rhyperior|77/100
|-enditem|p1a: Rhyperior|Choice Band|[from] move: Knock Off|[of] p2a: Landorus
|move|p1a: Rhyperior|Avalanche|p2a: Landorus
|-supereffective|p2a: Landorus
|-damage|p2a: Landorus|0 fnt
|faint|p2a: Landorus
|
|-weather|Sandstorm|[upkeep]
|-heal|p1a: Rhyperior|83/100|[from] Grassy Terrain
|upkeep
|
|t:|1649848234
|switch|p2a: Slowking|Slowking-Galar, F|100/100
|turn|16
|
|t:|1649848239
|switch|p1a: Slowking|Slowking, F, shiny|100/100
|move|p2a: Slowking|Psychic|p1a: Slowking
|-resisted|p1a: Slowking
|-damage|p1a: Slowking|91/100
|
|-weather|none
|-heal|p1a: Slowking|97/100|[from] Grassy Terrain
|-fieldend|move: Grassy Terrain
|upkeep
|turn|17
|
|t:|1649848244
|move|p2a: Slowking|Trick|p1a: Slowking
|-activate|p2a: Slowking|move: Trick|[of] p1a: Slowking
|-item|p1a: Slowking|Black Sludge|[from] move: Trick
|-item|p2a: Slowking|Heavy-Duty Boots|[from] move: Trick
|move|p1a: Slowking|Future Sight|p2a: Slowking
|-start|p1a: Slowking|move: Future Sight
|
|-damage|p1a: Slowking|85/100|[from] item: Black Sludge
|upkeep
|turn|18
|
|t:|1649848251
|switch|p2a: Pelipper|Pelipper, M|87/100
|-weather|RainDance|[from] ability: Drizzle|[of] p2a: Pelipper
|move|p1a: Slowking|Teleport|p1a: Slowking
|
|t:|1649848254
|switch|p1a: Hippowdon|Hippowdon, M, shiny|71/100|[from]move: Teleport
|-weather|Sandstorm|[from] ability: Sand Stream|[of] p1a: Hippowdon
|
|-weather|Sandstorm|[upkeep]
|-damage|p2a: Pelipper|81/100|[from] Sandstorm
|-heal|p1a: Hippowdon|77/100|[from] item: Leftovers
|upkeep
|turn|19
|
|t:|1649848258
|switch|p1a: Slowking|Slowking, F, shiny|100/100
|move|p2a: Pelipper|Scald|p1a: Slowking
|-resisted|p1a: Slowking
|-damage|p1a: Slowking|93/100
|
|-weather|Sandstorm|[upkeep]
|-damage|p2a: Pelipper|75/100|[from] Sandstorm
|-damage|p1a: Slowking|87/100|[from] Sandstorm
|-end|p2a: Pelipper|move: Future Sight
|-damage|p2a: Pelipper|38/100
|-damage|p1a: Slowking|74/100|[from] item: Black Sludge
|upkeep
|turn|20
|
|t:|1649848261
|move|p2a: Pelipper|Roost|p2a: Pelipper
|-heal|p2a: Pelipper|88/100
|-singleturn|p2a: Pelipper|move: Roost
|move|p1a: Slowking|Future Sight|p2a: Pelipper
|-start|p1a: Slowking|move: Future Sight
|
|-weather|Sandstorm|[upkeep]
|-damage|p2a: Pelipper|82/100|[from] Sandstorm
|-damage|p1a: Slowking|68/100|[from] Sandstorm
|-damage|p1a: Slowking|56/100|[from] item: Black Sludge
|upkeep
|turn|21
|
|t:|1649848264
|move|p2a: Pelipper|Scald|p1a: Slowking
|-resisted|p1a: Slowking
|-damage|p1a: Slowking|48/100
|-status|p1a: Slowking|brn
|move|p1a: Slowking|Teleport|p1a: Slowking
|
|t:|1649848270
|switch|p1a: Tornadus|Tornadus-Therian, M, shiny|54/100|[from]move: Teleport
|
|-weather|Sandstorm|[upkeep]
|-damage|p1a: Tornadus|48/100|[from] Sandstorm
|-damage|p2a: Pelipper|75/100|[from] Sandstorm
|upkeep
|turn|22
|
|t:|1649848272
|move|p1a: Tornadus|U-turn|p2a: Pelipper
|-resisted|p2a: Pelipper
|-damage|p2a: Pelipper|68/100
|
|t:|1649848276
|switch|p1a: Toxapex|Toxapex, M, shiny|100/100 brn|[from]move: U-turn
|move|p2a: Pelipper|Scald|p1a: Toxapex
|-resisted|p1a: Toxapex
|-damage|p1a: Toxapex|92/100 brn
|
|-weather|none
|-end|p2a: Pelipper|move: Future Sight
|-damage|p2a: Pelipper|29/100
|-damage|p1a: Toxapex|86/100 brn|[from] brn
|upkeep
|turn|23
|
|t:|1649848280
|move|p2a: Pelipper|Roost|p2a: Pelipper
|-heal|p2a: Pelipper|79/100
|-singleturn|p2a: Pelipper|move: Roost
|move|p1a: Toxapex|Poison Jab|p2a: Pelipper
|-damage|p2a: Pelipper|69/100
|
|-damage|p1a: Toxapex|79/100 brn|[from] brn
|upkeep
|turn|24
|
|t:|1649848284
|switch|p2a: Slowking|Slowking-Galar, F|100/100
|move|p1a: Toxapex|Knock Off|p2a: Slowking
|-supereffective|p2a: Slowking
|-damage|p2a: Slowking|89/100
|-enditem|p2a: Slowking|Heavy-Duty Boots|[from] move: Knock Off|[of] p1a: Toxapex
|
|-damage|p1a: Toxapex|73/100 brn|[from] brn
|upkeep
|turn|25
|
|t:|1649848288
|switch|p1a: Slowking|Slowking, F, shiny|81/100 brn
|move|p2a: Slowking|Psychic|p1a: Slowking
|-resisted|p1a: Slowking
|-damage|p1a: Slowking|71/100 brn
|
|-damage|p1a: Slowking|58/100 brn|[from] item: Black Sludge
|-damage|p1a: Slowking|52/100 brn|[from] brn
|upkeep
|turn|26
|
|t:|1649848292
|move|p2a: Slowking|Psychic|p1a: Slowking
|-resisted|p1a: Slowking
|-damage|p1a: Slowking|43/100 brn
|move|p1a: Slowking|Slack Off|p1a: Slowking
|-heal|p1a: Slowking|93/100 brn
|
|-damage|p1a: Slowking|80/100 brn|[from] item: Black Sludge
|-damage|p1a: Slowking|74/100 brn|[from] brn
|upkeep
|turn|27
|
|t:|1649848295
|switch|p2a: Rillaboom|Rillaboom, M|100/100
|-fieldstart|move: Grassy Terrain|[from] ability: Grassy Surge|[of] p2a: Rillaboom
|move|p1a: Slowking|Future Sight|p2a: Rillaboom
|-start|p1a: Slowking|move: Future Sight
|
|-heal|p1a: Slowking|80/100 brn|[from] Grassy Terrain
|-damage|p1a: Slowking|68/100 brn|[from] item: Black Sludge
|-damage|p1a: Slowking|62/100 brn|[from] brn
|upkeep
|turn|28
|
|t:|1649848301
|switch|p1a: Tornadus|Tornadus-Therian, M, shiny|81/100
|move|p2a: Rillaboom|Swords Dance|p2a: Rillaboom
|-boost|p2a: Rillaboom|atk|2
|
|upkeep
|turn|29
|
|t:|1649848307
|move|p1a: Tornadus|Hurricane|p2a: Rillaboom
|-supereffective|p2a: Rillaboom
|-damage|p2a: Rillaboom|0 fnt
|faint|p2a: Rillaboom
|
|-hint|Future Sight did not hit because the target is fainted.
|upkeep
|
|t:|1649848309
|switch|p2a: Tapu Koko|Tapu Koko|100/100
|-fieldstart|move: Electric Terrain|[from] ability: Electric Surge|[of] p2a: Tapu Koko
|turn|30
|
|t:|1649848319
|move|p2a: Tapu Koko|Dazzling Gleam|p1a: Tornadus
|-damage|p1a: Tornadus|48/100
|move|p1a: Tornadus|U-turn|p2a: Tapu Koko
|-resisted|p2a: Tapu Koko
|-damage|p2a: Tapu Koko|91/100
|
|t:|1649848323
|switch|p1a: Hippowdon|Hippowdon, M, shiny|77/100|[from]move: U-turn
|-weather|Sandstorm|[from] ability: Sand Stream|[of] p1a: Hippowdon
|
|-weather|Sandstorm|[upkeep]
|-damage|p2a: Tapu Koko|85/100|[from] Sandstorm
|-heal|p1a: Hippowdon|83/100|[from] item: Leftovers
|upkeep
|turn|31
|
|t:|1649848326
|move|p2a: Tapu Koko|Taunt|p1a: Hippowdon
|-start|p1a: Hippowdon|move: Taunt
|cant|p1a: Hippowdon|move: Taunt|Stealth Rock
|
|-weather|Sandstorm|[upkeep]
|-damage|p2a: Tapu Koko|79/100|[from] Sandstorm
|-heal|p1a: Hippowdon|89/100|[from] item: Leftovers
|upkeep
|turn|32
|
|t:|1649848329
|move|p2a: Tapu Koko|U-turn|p1a: Hippowdon
|-damage|p1a: Hippowdon|79/100
|
|t:|1649848331
|switch|p2a: Pelipper|Pelipper, M|69/100|[from]move: U-turn
|-weather|RainDance|[from] ability: Drizzle|[of] p2a: Pelipper
|move|p1a: Hippowdon|Earthquake|p2a: Pelipper
|-immune|p2a: Pelipper
|
|-weather|RainDance|[upkeep]
|-heal|p1a: Hippowdon|85/100|[from] item: Leftovers
|upkeep
|turn|33
|
|t:|1649848336
|switch|p2a: Melmetal|Melmetal|100/100
|switch|p1a: Tornadus|Tornadus-Therian, M, shiny|82/100
|
|-weather|RainDance|[upkeep]
|upkeep
|turn|34
|
|t:|1649848343
|move|p1a: Tornadus|Knock Off|p2a: Melmetal
|-damage|p2a: Melmetal|87/100
|-enditem|p2a: Melmetal|Leftovers|[from] move: Knock Off|[of] p1a: Tornadus
|move|p2a: Melmetal|Double Iron Bash|p1a: Tornadus
|-damage|p1a: Tornadus|39/100
|-damage|p1a: Tornadus|0 fnt
|faint|p1a: Tornadus
|-hitcount|p1: Tornadus|2
|
|-weather|RainDance|[upkeep]
|-fieldend|move: Electric Terrain
|upkeep
|
|t:|1649848348
|switch|p1a: Rhyperior|Rhyperior, M, shiny|83/100
|turn|35
|
|t:|1649848353
|move|p1a: Rhyperior|Earthquake|p2a: Melmetal
|-supereffective|p2a: Melmetal
|-damage|p2a: Melmetal|11/100
|move|p2a: Melmetal|Double Iron Bash|p1a: Rhyperior
|-supereffective|p1a: Rhyperior
|-damage|p1a: Rhyperior|33/100
|-supereffective|p1a: Rhyperior
|-damage|p1a: Rhyperior|0 fnt
|faint|p1a: Rhyperior
|-hitcount|p1: Rhyperior|2
|
|-weather|RainDance|[upkeep]
|upkeep
|
|t:|1649848357
|switch|p1a: Buzzwole|Buzzwole, shiny|100/100
|turn|36
|
|t:|1649848361
|switch|p2a: Slowking|Slowking-Galar, F|100/100
|move|p1a: Buzzwole|Close Combat|p2a: Slowking
|-resisted|p2a: Slowking
|-damage|p2a: Slowking|91/100
|-unboost|p1a: Buzzwole|def|1
|-unboost|p1a: Buzzwole|spd|1
|
|-weather|none
|upkeep
|turn|37
|
|t:|1649848365
|switch|p1a: Hippowdon|Hippowdon, M, shiny|85/100
|-weather|Sandstorm|[from] ability: Sand Stream|[of] p1a: Hippowdon
|switch|p2a: Melmetal|Melmetal|11/100
|
|-weather|Sandstorm|[upkeep]
|-heal|p1a: Hippowdon|91/100|[from] item: Leftovers
|upkeep
|turn|38
|
|t:|1649848367
|move|p1a: Hippowdon|Earthquake|p2a: Melmetal
|-supereffective|p2a: Melmetal
|-damage|p2a: Melmetal|0 fnt
|faint|p2a: Melmetal
|
|-weather|Sandstorm|[upkeep]
|-heal|p1a: Hippowdon|97/100|[from] item: Leftovers
|upkeep
|
|t:|1649848372
|switch|p2a: Pelipper|Pelipper, M|69/100
|-weather|RainDance|[from] ability: Drizzle|[of] p2a: Pelipper
|turn|39
|
|t:|1649848376
|switch|p2a: Tapu Koko|Tapu Koko|79/100
|-fieldstart|move: Electric Terrain|[from] ability: Electric Surge|[of] p2a: Tapu Koko
|switch|p1a: Slowking|Slowking, F, shiny|95/100 brn
|
|-weather|RainDance|[upkeep]
|-damage|p1a: Slowking|82/100 brn|[from] item: Black Sludge
|-damage|p1a: Slowking|76/100 brn|[from] brn
|upkeep
|turn|40
|
|t:|1649848382
|move|p2a: Tapu Koko|U-turn|p1a: Slowking
|-supereffective|p1a: Slowking
|-damage|p1a: Slowking|40/100 brn
|
|t:|1649848385
|switch|p2a: Pelipper|Pelipper, M|69/100|[from]move: U-turn
|move|p1a: Slowking|Teleport|p1a: Slowking
|
|t:|1649848389
|switch|p1a: Hippowdon|Hippowdon, M, shiny|97/100|[from]move: Teleport
|-weather|Sandstorm|[from] ability: Sand Stream|[of] p1a: Hippowdon
|
|-weather|Sandstorm|[upkeep]
|-damage|p2a: Pelipper|63/100|[from] Sandstorm
|-heal|p1a: Hippowdon|100/100|[from] item: Leftovers
|upkeep
|turn|41
|
|t:|1649848391
|move|p2a: Pelipper|Scald|p1a: Hippowdon
|-supereffective|p1a: Hippowdon
|-damage|p1a: Hippowdon|60/100
|move|p1a: Hippowdon|Stealth Rock|p2a: Pelipper
|-sidestart|p2: Ctannn|move: Stealth Rock
|
|-weather|Sandstorm|[upkeep]
|-damage|p2a: Pelipper|57/100|[from] Sandstorm
|-heal|p1a: Hippowdon|67/100|[from] item: Leftovers
|upkeep
|turn|42
|
|t:|1649848394
|move|p2a: Pelipper|Defog|p1a: Hippowdon
|-unboost|p1a: Hippowdon|evasion|1
|-sideend|p2: Ctannn|Stealth Rock|[from] move: Defog|[of] p2a: Pelipper
|-fieldend|move: Electric Terrain
|move|p1a: Hippowdon|Slack Off|p1a: Hippowdon
|-heal|p1a: Hippowdon|100/100
|
|-weather|Sandstorm|[upkeep]
|-damage|p2a: Pelipper|50/100|[from] Sandstorm
|upkeep
|turn|43
|
|t:|1649848396
|move|p2a: Pelipper|Scald|p1a: Hippowdon
|-supereffective|p1a: Hippowdon
|-damage|p1a: Hippowdon|65/100
|move|p1a: Hippowdon|Stealth Rock|p2a: Pelipper
|-sidestart|p2: Ctannn|move: Stealth Rock
|
|-weather|Sandstorm|[upkeep]
|-damage|p2a: Pelipper|44/100|[from] Sandstorm
|-heal|p1a: Hippowdon|71/100|[from] item: Leftovers
|upkeep
|turn|44
|
|t:|1649848399
|move|p2a: Pelipper|Scald|p1a: Hippowdon
|-supereffective|p1a: Hippowdon
|-damage|p1a: Hippowdon|35/100
|-status|p1a: Hippowdon|brn
|move|p1a: Hippowdon|Toxic|p2a: Pelipper
|-status|p2a: Pelipper|tox
|
|-weather|none
|-heal|p1a: Hippowdon|41/100 brn|[from] item: Leftovers
|-damage|p2a: Pelipper|38/100 tox|[from] psn
|-damage|p1a: Hippowdon|35/100 brn|[from] brn
|upkeep
|turn|45
|
|t:|1649848407
|switch|p1a: Slowking|Slowking, F, shiny|73/100 brn
|move|p2a: Pelipper|Knock Off|p1a: Slowking
|-supereffective|p1a: Slowking
|-damage|p1a: Slowking|49/100 brn
|-enditem|p1a: Slowking|Black Sludge|[from] move: Knock Off|[of] p2a: Pelipper
|
|-damage|p2a: Pelipper|26/100 tox|[from] psn
|-damage|p1a: Slowking|43/100 brn|[from] brn
|upkeep
|turn|46
|
|t:|1649848409
|move|p2a: Pelipper|Defog|p1a: Slowking
|-unboost|p1a: Slowking|evasion|1
|-sideend|p2: Ctannn|Stealth Rock|[from] move: Defog|[of] p2a: Pelipper
|move|p1a: Slowking|Teleport|p1a: Slowking
|
|t:|1649848414
|switch|p1a: Toxapex|Toxapex, M, shiny|100/100 brn|[from]move: Teleport
|
|-damage|p2a: Pelipper|7/100 tox|[from] psn
|-damage|p1a: Toxapex|94/100 brn|[from] brn
|upkeep
|turn|47
|
|t:|1649848418
|switch|p1a: Slowking|Slowking, F, shiny|76/100 brn
|move|p2a: Pelipper|Scald|p1a: Slowking
|-resisted|p1a: Slowking
|-damage|p1a: Slowking|69/100 brn
|
|-damage|p2a: Pelipper|0 fnt|[from] psn
|faint|p2a: Pelipper
|-damage|p1a: Slowking|63/100 brn|[from] brn
|upkeep
|
|t:|1649848422
|switch|p2a: Tapu Koko|Tapu Koko|79/100
|-fieldstart|move: Electric Terrain|[from] ability: Electric Surge|[of] p2a: Tapu Koko
|turn|48
|
|t:|1649848424
|move|p2a: Tapu Koko|Thunderbolt|p1a: Slowking
|-supereffective|p1a: Slowking
|-damage|p1a: Slowking|9/100 brn
|move|p1a: Slowking|Teleport|p1a: Slowking
|
|t:|1649848427
|switch|p1a: Hippowdon|Hippowdon, M, shiny|35/100 brn|[from]move: Teleport
|-weather|Sandstorm|[from] ability: Sand Stream|[of] p1a: Hippowdon
|
|-weather|Sandstorm|[upkeep]
|-damage|p2a: Tapu Koko|73/100|[from] Sandstorm
|-heal|p1a: Hippowdon|41/100 brn|[from] item: Leftovers
|-damage|p1a: Hippowdon|35/100 brn|[from] brn
|upkeep
|turn|49
|
|t:|1649848430
|move|p2a: Tapu Koko|Taunt|p1a: Hippowdon
|-start|p1a: Hippowdon|move: Taunt
|cant|p1a: Hippowdon|move: Taunt|Slack Off
|
|-weather|Sandstorm|[upkeep]
|-damage|p2a: Tapu Koko|67/100|[from] Sandstorm
|-heal|p1a: Hippowdon|41/100 brn|[from] item: Leftovers
|-damage|p1a: Hippowdon|35/100 brn|[from] brn
|upkeep
|turn|50
|
|t:|1649848438
|switch|p1a: Slowking|Slowking, F, shiny|43/100 brn
|move|p2a: Tapu Koko|U-turn|p1a: Slowking
|-supereffective|p1a: Slowking
|-damage|p1a: Slowking|11/100 brn
|
|t:|1649848440
|switch|p2a: Slowking|Slowking-Galar, F|100/100|[from]move: U-turn
|
|-weather|Sandstorm|[upkeep]
|-damage|p2a: Slowking|94/100|[from] Sandstorm
|-damage|p1a: Slowking|5/100 brn|[from] Sandstorm
|-damage|p1a: Slowking|0 fnt|[from] brn
|faint|p1a: Slowking
|upkeep
|
|t:|1649848443
|switch|p1a: Hippowdon|Hippowdon, M, shiny|35/100 brn
|turn|51
|
|t:|1649848445
|move|p1a: Hippowdon|Slack Off|p1a: Hippowdon
|-heal|p1a: Hippowdon|85/100 brn
|move|p2a: Slowking|Ice Beam|p1a: Hippowdon
|-supereffective|p1a: Hippowdon
|-damage|p1a: Hippowdon|51/100 brn
|
|-weather|Sandstorm|[upkeep]
|-damage|p2a: Slowking|88/100|[from] Sandstorm
|-heal|p1a: Hippowdon|57/100 brn|[from] item: Leftovers
|-damage|p1a: Hippowdon|51/100 brn|[from] brn
|upkeep
|turn|52
|
|t:|1649848448
|move|p1a: Hippowdon|Slack Off|p1a: Hippowdon
|-heal|p1a: Hippowdon|100/100 brn
|move|p2a: Slowking|Ice Beam|p1a: Hippowdon
|-supereffective|p1a: Hippowdon
|-damage|p1a: Hippowdon|67/100 brn
|
|-weather|none
|-heal|p1a: Hippowdon|73/100 brn|[from] item: Leftovers
|-damage|p1a: Hippowdon|67/100 brn|[from] brn
|-fieldend|move: Electric Terrain
|upkeep
|turn|53
|
|t:|1649848451
|move|p1a: Hippowdon|Slack Off|p1a: Hippowdon
|-heal|p1a: Hippowdon|100/100 brn
|move|p2a: Slowking|Trick|p1a: Hippowdon
|-activate|p2a: Slowking|move: Trick|[of] p1a: Hippowdon
|-enditem|p1a: Hippowdon|Leftovers|[silent]|[from] move: Trick
|-item|p2a: Slowking|Leftovers|[from] move: Trick
|
|-heal|p2a: Slowking|94/100|[from] item: Leftovers
|-damage|p1a: Hippowdon|94/100 brn|[from] brn
|upkeep
|turn|54
|
|t:|1649848462
|switch|p1a: Toxapex|Toxapex, M, shiny|100/100 brn
|move|p2a: Slowking|Ice Beam|p1a: Toxapex
|-resisted|p1a: Toxapex
|-damage|p1a: Toxapex|94/100 brn
|
|-heal|p2a: Slowking|100/100|[from] item: Leftovers
|-damage|p1a: Toxapex|88/100 brn|[from] brn
|upkeep
|turn|55
|
|t:|1649848467
|move|p1a: Toxapex|Knock Off|p2a: Slowking
|-supereffective|p2a: Slowking
|-damage|p2a: Slowking|89/100
|-enditem|p2a: Slowking|Leftovers|[from] move: Knock Off|[of] p1a: Toxapex
|move|p2a: Slowking|Psychic|p1a: Toxapex
|-supereffective|p1a: Toxapex
|-damage|p1a: Toxapex|42/100 brn
|
|-damage|p1a: Toxapex|35/100 brn|[from] brn
|upkeep
|turn|56
|
|t:|1649848473
|move|p1a: Toxapex|Recover|p1a: Toxapex
|-heal|p1a: Toxapex|85/100 brn
|move|p2a: Slowking|Psychic|p1a: Toxapex
|-supereffective|p1a: Toxapex
|-damage|p1a: Toxapex|44/100 brn
|
|-damage|p1a: Toxapex|38/100 brn|[from] brn
|upkeep
|turn|57
|
|t:|1649848476
|move|p1a: Toxapex|Recover|p1a: Toxapex
|-heal|p1a: Toxapex|88/100 brn
|move|p2a: Slowking|Psychic|p1a: Toxapex
|-supereffective|p1a: Toxapex
|-damage|p1a: Toxapex|44/100 brn
|-unboost|p1a: Toxapex|spd|1
|
|-damage|p1a: Toxapex|37/100 brn|[from] brn
|upkeep
|turn|58
|l| LT_Alt1
|
|t:|1649848481
|move|p1a: Toxapex|Recover|p1a: Toxapex
|-heal|p1a: Toxapex|87/100 brn
|move|p2a: Slowking|Ice Beam|p1a: Toxapex
|-resisted|p1a: Toxapex
|-crit|p1a: Toxapex
|-damage|p1a: Toxapex|71/100 brn
|
|-damage|p1a: Toxapex|65/100 brn|[from] brn
|upkeep
|turn|59
|
|t:|1649848490
|move|p1a: Toxapex|Haze|p1a: Toxapex
|-clearallboost
|move|p2a: Slowking|Ice Beam|p1a: Toxapex
|-resisted|p1a: Toxapex
|-damage|p1a: Toxapex|58/100 brn
|
|-damage|p1a: Toxapex|52/100 brn|[from] brn
|upkeep
|turn|60
|
|t:|1649848493
|move|p1a: Toxapex|Recover|p1a: Toxapex
|-heal|p1a: Toxapex|100/100 brn
|move|p2a: Slowking|Psychic|p1a: Toxapex
|-supereffective|p1a: Toxapex
|-crit|p1a: Toxapex
|-damage|p1a: Toxapex|39/100 brn
|
|-damage|p1a: Toxapex|32/100 brn|[from] brn
|upkeep
|turn|61
|
|t:|1649848496
|move|p1a: Toxapex|Recover|p1a: Toxapex
|-heal|p1a: Toxapex|82/100 brn
|move|p2a: Slowking|Psychic|p1a: Toxapex
|-supereffective|p1a: Toxapex
|-damage|p1a: Toxapex|36/100 brn
|-unboost|p1a: Toxapex|spd|1
|
|-damage|p1a: Toxapex|30/100 brn|[from] brn
|upkeep
|turn|62
|
|t:|1649848502
|switch|p1a: Hippowdon|Hippowdon, M, shiny|94/100 brn
|-weather|Sandstorm|[from] ability: Sand Stream|[of] p1a: Hippowdon
|move|p2a: Slowking|Psychic|p1a: Hippowdon
|-damage|p1a: Hippowdon|70/100 brn
|
|-weather|Sandstorm|[upkeep]
|-damage|p2a: Slowking|83/100|[from] Sandstorm
|-damage|p1a: Hippowdon|64/100 brn|[from] brn
|upkeep
|turn|63
|
|t:|1649848506
|move|p1a: Hippowdon|Slack Off|p1a: Hippowdon
|-heal|p1a: Hippowdon|100/100 brn
|move|p2a: Slowking|Psychic|p1a: Hippowdon
|-damage|p1a: Hippowdon|76/100 brn
|
|-weather|Sandstorm|[upkeep]
|-damage|p2a: Slowking|77/100|[from] Sandstorm
|-damage|p1a: Hippowdon|70/100 brn|[from] brn
|upkeep
|turn|64
|
|t:|1649848513
|move|p1a: Hippowdon|Slack Off|p1a: Hippowdon
|-heal|p1a: Hippowdon|100/100 brn
|move|p2a: Slowking|Ice Beam|p1a: Hippowdon
|-supereffective|p1a: Hippowdon
|-damage|p1a: Hippowdon|67/100 brn
|
|-weather|Sandstorm|[upkeep]
|-damage|p2a: Slowking|71/100|[from] Sandstorm
|-damage|p1a: Hippowdon|60/100 brn|[from] brn
|upkeep
|turn|65
|
|t:|1649848518
|move|p1a: Hippowdon|Slack Off|p1a: Hippowdon
|-heal|p1a: Hippowdon|100/100 brn
|move|p2a: Slowking|Ice Beam|p1a: Hippowdon
|-supereffective|p1a: Hippowdon
|-damage|p1a: Hippowdon|68/100 brn
|
|-weather|Sandstorm|[upkeep]
|-damage|p2a: Slowking|64/100|[from] Sandstorm
|-damage|p1a: Hippowdon|62/100 brn|[from] brn
|upkeep
|turn|66
|
|t:|1649848520
|move|p1a: Hippowdon|Slack Off|p1a: Hippowdon
|-heal|p1a: Hippowdon|100/100 brn
|move|p2a: Slowking|Ice Beam|p1a: Hippowdon
|-supereffective|p1a: Hippowdon
|-damage|p1a: Hippowdon|70/100 brn
|
|-weather|none
|-damage|p1a: Hippowdon|63/100 brn|[from] brn
|upkeep
|turn|67
|
|t:|1649848524
|switch|p1a: Toxapex|Toxapex, M, shiny|63/100 brn
|move|p2a: Slowking|Ice Beam|p1a: Toxapex
|-resisted|p1a: Toxapex
|-damage|p1a: Toxapex|56/100 brn
|
|-damage|p1a: Toxapex|50/100 brn|[from] brn
|upkeep
|turn|68
|
|t:|1649848526
|move|p1a: Toxapex|Recover|p1a: Toxapex
|-heal|p1a: Toxapex|99/100 brn
|move|p2a: Slowking|Psychic|p1a: Toxapex
|-supereffective|p1a: Toxapex
|-damage|p1a: Toxapex|59/100 brn
|
|-damage|p1a: Toxapex|52/100 brn|[from] brn
|upkeep
|turn|69
|
|t:|1649848529
|move|p1a: Toxapex|Recover|p1a: Toxapex
|-heal|p1a: Toxapex|100/100 brn
|move|p2a: Slowking|Psychic|p1a: Toxapex
|-supereffective|p1a: Toxapex
|-damage|p1a: Toxapex|59/100 brn
|
|-damage|p1a: Toxapex|53/100 brn|[from] brn
|upkeep
|turn|70
|
|t:|1649848532
|move|p1a: Toxapex|Recover|p1a: Toxapex
|-heal|p1a: Toxapex|100/100 brn
|move|p2a: Slowking|Psychic|p1a: Toxapex
|-supereffective|p1a: Toxapex
|-damage|p1a: Toxapex|61/100 brn
|
|-damage|p1a: Toxapex|55/100 brn|[from] brn
|upkeep
|turn|71
|
|t:|1649848535
|move|p1a: Toxapex|Recover|p1a: Toxapex
|-heal|p1a: Toxapex|100/100 brn
|move|p2a: Slowking|Psychic|p1a: Toxapex
|-supereffective|p1a: Toxapex
|-damage|p1a: Toxapex|61/100 brn
|
|-damage|p1a: Toxapex|55/100 brn|[from] brn
|upkeep
|turn|72
|
|t:|1649848537
|move|p1a: Toxapex|Recover|p1a: Toxapex
|-heal|p1a: Toxapex|100/100 brn
|move|p2a: Slowking|Psychic|p1a: Toxapex
|-supereffective|p1a: Toxapex
|-damage|p1a: Toxapex|58/100 brn
|
|-damage|p1a: Toxapex|52/100 brn|[from] brn
|upkeep
|turn|73
|j| kek123123
|
|t:|1649848540
|move|p1a: Toxapex|Recover|p1a: Toxapex
|-heal|p1a: Toxapex|100/100 brn
|move|p2a: Slowking|Psychic|p1a: Toxapex
|-supereffective|p1a: Toxapex
|-damage|p1a: Toxapex|56/100 brn
|
|-damage|p1a: Toxapex|50/100 brn|[from] brn
|upkeep
|turn|74
|
|t:|1649848547
|move|p1a: Toxapex|Recover|p1a: Toxapex
|-heal|p1a: Toxapex|99/100 brn
|move|p2a: Slowking|Ice Beam|p1a: Toxapex
|-resisted|p1a: Toxapex
|-damage|p1a: Toxapex|93/100 brn
|
|-damage|p1a: Toxapex|87/100 brn|[from] brn
|upkeep
|turn|75
|
|t:|1649848550
|move|p1a: Toxapex|Poison Jab|p2a: Slowking
|-resisted|p2a: Slowking
|-damage|p2a: Slowking|61/100
|move|p2a: Slowking|Flamethrower|p1a: Toxapex
|-resisted|p1a: Toxapex
|-damage|p1a: Toxapex|79/100 brn
|
|-damage|p1a: Toxapex|73/100 brn|[from] brn
|upkeep
|turn|76
|
|t:|1649848554
|move|p1a: Toxapex|Poison Jab|p2a: Slowking
|-resisted|p2a: Slowking
|-damage|p2a: Slowking|58/100
|move|p2a: Slowking|Flamethrower|p1a: Toxapex
|-resisted|p1a: Toxapex
|-damage|p1a: Toxapex|67/100 brn
|
|-damage|p1a: Toxapex|60/100 brn|[from] brn
|upkeep
|turn|77
|
|t:|1649848556
|move|p1a: Toxapex|Recover|p1a: Toxapex
|-heal|p1a: Toxapex|100/100 brn
|move|p2a: Slowking|Flamethrower|p1a: Toxapex
|-resisted|p1a: Toxapex
|-damage|p1a: Toxapex|93/100 brn
|
|-damage|p1a: Toxapex|87/100 brn|[from] brn
|upkeep
|turn|78
|
|t:|1649848559
|move|p1a: Toxapex|Poison Jab|p2a: Slowking
|-resisted|p2a: Slowking
|-damage|p2a: Slowking|54/100
|move|p2a: Slowking|Flamethrower|p1a: Toxapex
|-resisted|p1a: Toxapex
|-damage|p1a: Toxapex|80/100 brn
|
|-damage|p1a: Toxapex|74/100 brn|[from] brn
|upkeep
|turn|79
|
|t:|1649848568
|move|p1a: Toxapex|Poison Jab|p2a: Slowking
|-resisted|p2a: Slowking
|-damage|p2a: Slowking|50/100
|move|p2a: Slowking|Flamethrower|p1a: Toxapex
|-resisted|p1a: Toxapex
|-damage|p1a: Toxapex|67/100 brn
|
|-damage|p1a: Toxapex|61/100 brn|[from] brn
|upkeep
|turn|80
|
|t:|1649848571
|switch|p2a: Tapu Koko|Tapu Koko|67/100
|-fieldstart|move: Electric Terrain|[from] ability: Electric Surge|[of] p2a: Tapu Koko
|move|p1a: Toxapex|Poison Jab|p2a: Tapu Koko
|-supereffective|p2a: Tapu Koko
|-damage|p2a: Tapu Koko|39/100
|
|-damage|p1a: Toxapex|55/100 brn|[from] brn
|upkeep
|turn|81
|
|t:|1649848579
|move|p2a: Tapu Koko|Thunderbolt|p1a: Toxapex
|-supereffective|p1a: Toxapex
|-damage|p1a: Toxapex|0 fnt
|faint|p1a: Toxapex
|
|upkeep
|
|t:|1649848580
|switch|p1a: Hippowdon|Hippowdon, M, shiny|63/100 brn
|-weather|Sandstorm|[from] ability: Sand Stream|[of] p1a: Hippowdon
|turn|82
|
|t:|1649848582
|move|p2a: Tapu Koko|Dazzling Gleam|p1a: Hippowdon
|-damage|p1a: Hippowdon|39/100 brn
|move|p1a: Hippowdon|Earthquake|p2a: Tapu Koko
|-supereffective|p2a: Tapu Koko
|-damage|p2a: Tapu Koko|0 fnt
|faint|p2a: Tapu Koko
|
|-weather|Sandstorm|[upkeep]
|-damage|p1a: Hippowdon|33/100 brn|[from] brn
|upkeep
|
|t:|1649848584
|switch|p2a: Slowking|Slowking-Galar, F|84/100
|turn|83
|
|t:|1649848587
|move|p1a: Hippowdon|Earthquake|p2a: Slowking
|-supereffective|p2a: Slowking
|-damage|p2a: Slowking|57/100
|move|p2a: Slowking|Ice Beam|p1a: Hippowdon
|-supereffective|p1a: Hippowdon
|-damage|p1a: Hippowdon|2/100 brn
|
|-weather|Sandstorm|[upkeep]
|-damage|p2a: Slowking|51/100|[from] Sandstorm
|-damage|p1a: Hippowdon|0 fnt|[from] brn
|faint|p1a: Hippowdon
|upkeep
|
|t:|1649848589
|switch|p1a: Buzzwole|Buzzwole, shiny|100/100
|turn|84
|
|t:|1649848593
|move|p1a: Buzzwole|Earthquake|p2a: Slowking
|-supereffective|p2a: Slowking
|-damage|p2a: Slowking|4/100
|move|p2a: Slowking|Flamethrower|p1a: Buzzwole
|-supereffective|p1a: Buzzwole
|-damage|p1a: Buzzwole|43/100
|
|-weather|Sandstorm|[upkeep]
|-damage|p1a: Buzzwole|37/100|[from] Sandstorm
|-damage|p2a: Slowking|0 fnt|[from] Sandstorm
|faint|p2a: Slowking
|
|win|Run For Me Plz
|upkeep
|raw|Run For Me Plz's rating: 1702 &rarr; <strong>1732</strong><br />(+30 for winning)
|raw|Ctannn's rating: 1900 &rarr; <strong>1870</strong><br />(-30 for losing)
|l| UU to rank I
