|j|☆ArcanineSquad
|j|☆Byron Gym Leader
|t:|1635336663
|gametype|singles
|player|p1|ArcanineSquad|hooligans|1581
|player|p2|Byron Gym Leader|byron|1635
|teamsize|p1|6
|teamsize|p2|6
|gen|8
|tier|[Gen 8] OU
|rated|
|rule|Sleep Clause Mod: Limit one foe put to sleep
|rule|Species Clause: Limit one of each Pokémon
|rule|OHKO Clause: OHKO moves are banned
|rule|Evasion Moves Clause: Evasion moves are banned
|rule|Endless Battle Clause: Forcing endless battles is banned
|rule|HP Percentage Mod: HP is shown in percentages
|rule|Dynamax Clause: You cannot dynamax
|clearpoke
|poke|p1|Volcanion|
|poke|p1|Ninetales-Alola, F|
|poke|p1|Corviknight, M|
|poke|p1|Arctozolt|
|poke|p1|Landorus-Therian, M|
|poke|p1|Tornadus-Therian, M|
|poke|p2|Landorus-Therian, M|
|poke|p2|Vaporeon, F|
|poke|p2|Dragonite, M|
|poke|p2|Melmetal|
|poke|p2|Tapu Lele|
|poke|p2|Blacephalon|
|teampreview
|inactive|Battle timer is ON: inactive players will automatically lose when time's up. (requested by ArcanineSquad)
|j| ndhbzzzz
|
|t:|1635336681
|start
|switch|p1a: Tornadus|Tornadus-Therian, M|100/100
|switch|p2a: Shon|Melmetal|100/100
|turn|1
|
|t:|1635336685
|move|p1a: Tornadus|U-turn|p2a: Shon
|-resisted|p2a: Shon
|-damage|p2a: Shon|97/100
|
|t:|1635336688
|switch|p1a: Corviknight|Corviknight, M|100/100|[from]move: U-turn
|-ability|p1a: Corviknight|Pressure
|move|p2a: Shon|Double Iron Bash|p1a: Corviknight
|-resisted|p1a: Corviknight
|-damage|p1a: Corviknight|86/100
|-damage|p2a: Shon|80/100|[from] item: Rocky Helmet|[of] p1a: Corviknight
|-resisted|p1a: Corviknight
|-damage|p1a: Corviknight|72/100
|-damage|p2a: Shon|63/100|[from] item: Rocky Helmet|[of] p1a: Corviknight
|-hitcount|p1a: Corviknight|2
|
|upkeep
|turn|2
|
|t:|1635336697
|switch|p2a: Elsie|Vaporeon, F, shiny|100/100
|move|p1a: Corviknight|U-turn|p2a: Elsie
|-damage|p2a: Elsie|86/100
|
|t:|1635336706
|switch|p1a: Arctozolt|Arctozolt|100/100|[from]move: U-turn
|
|-heal|p2a: Elsie|92/100|[from] item: Leftovers
|upkeep
|turn|3
|
|t:|1635336714
|move|p2a: Elsie|Protect|p2a: Elsie
|-singleturn|p2a: Elsie|Protect
|move|p1a: Arctozolt|Blizzard|p2a: Elsie
|-activate|p2a: Elsie|move: Protect
|
|-heal|p2a: Elsie|98/100|[from] item: Leftovers
|upkeep
|turn|4
|
|t:|1635336719
|move|p1a: Arctozolt|Bolt Beak|p2a: Elsie
|-supereffective|p2a: Elsie
|-damage|p2a: Elsie|0 fnt
|faint|p2a: Elsie
|
|upkeep
|
|t:|1635336727
|switch|p2a: Shannon|Blacephalon|100/100
|turn|5
|
|t:|1635336735
|switch|p1a: Tornadus|Tornadus-Therian, M|100/100
|move|p2a: Shannon|Shadow Ball|p1a: Tornadus
|-damage|p1a: Tornadus|71/100
|
|upkeep
|turn|6
|
|t:|1635336743
|switch|p2a: Terry|Landorus-Therian, M, shiny|100/100
|-ability|p2a: Terry|Intimidate|boost
|-unboost|p1a: Tornadus|atk|1
|move|p1a: Tornadus|Knock Off|p2a: Terry
|-damage|p2a: Terry|91/100
|-damage|p1a: Tornadus|55/100|[from] item: Rocky Helmet|[of] p2a: Terry
|-enditem|p2a: Terry|Rocky Helmet|[from] move: Knock Off|[of] p1a: Tornadus
|
|upkeep
|turn|7
|
|t:|1635336749
|move|p1a: Tornadus|U-turn|p2a: Terry
|-resisted|p2a: Terry
|-damage|p2a: Terry|88/100
|
|t:|1635336752
|switch|p1a: Corviknight|Corviknight, M|72/100|[from]move: U-turn
|-ability|p1a: Corviknight|Pressure
|move|p2a: Terry|U-turn|p1a: Corviknight
|-resisted|p1a: Corviknight
|-damage|p1a: Corviknight|69/100
|-damage|p2a: Terry|71/100|[from] item: Rocky Helmet|[of] p1a: Corviknight
|
|t:|1635336759
|switch|p2a: Chesapeake|Tapu Lele|100/100|[from]move: U-turn
|-fieldstart|move: Psychic Terrain|[from] ability: Psychic Surge|[of] p2a: Chesapeake
|
|upkeep
|turn|8
|
|t:|1635336762
|switch|p1a: Tornadus|Tornadus-Therian, M|88/100
|move|p2a: Chesapeake|Thunderbolt|p1a: Tornadus
|-supereffective|p1a: Tornadus
|-damage|p1a: Tornadus|32/100
|
|upkeep
|turn|9
|
|t:|1635336772
|switch|p1a: Landorus|Landorus-Therian, M|100/100
|-ability|p1a: Landorus|Intimidate|boost
|-unboost|p2a: Chesapeake|atk|1
|move|p2a: Chesapeake|Moonblast|p1a: Landorus
|-damage|p1a: Landorus|44/100
|-unboost|p1a: Landorus|spa|1
|
|-heal|p1a: Landorus|50/100|[from] item: Leftovers
|upkeep
|turn|10
|
|t:|1635336784
|switch|p1a: Tornadus|Tornadus-Therian, M|65/100
|move|p2a: Chesapeake|Moonblast|p1a: Tornadus
|-damage|p1a: Tornadus|33/100
|
|upkeep
|turn|11
|
|t:|1635336792
|move|p1a: Tornadus|U-turn|p2a: Chesapeake
|-damage|p2a: Chesapeake|80/100
|
|t:|1635336797
|switch|p1a: Volcanion|Volcanion|100/100|[from]move: U-turn
|move|p2a: Chesapeake|Thunderbolt|p1a: Volcanion
|-supereffective|p1a: Volcanion
|-damage|p1a: Volcanion|0 fnt
|faint|p1a: Volcanion
|
|-fieldend|move: Psychic Terrain
|upkeep
|
|t:|1635336804
|switch|p1a: Ninetales|Ninetales-Alola, F|100/100
|-weather|Hail|[from] ability: Snow Warning|[of] p1a: Ninetales
|turn|12
|
|t:|1635336809
|switch|p2a: Shon|Melmetal|63/100
|move|p1a: Ninetales|Blizzard|p2a: Shon
|-resisted|p2a: Shon
|-damage|p2a: Shon|49/100
|
|-weather|Hail|[upkeep]
|-damage|p2a: Shon|43/100|[from] Hail
|upkeep
|turn|13
|j| Chickpiee
|
|t:|1635336816
|switch|p1a: Corviknight|Corviknight, M|69/100
|-ability|p1a: Corviknight|Pressure
|move|p2a: Shon|Ice Punch|p1a: Corviknight
|-damage|p1a: Corviknight|48/100
|-damage|p2a: Shon|27/100|[from] item: Rocky Helmet|[of] p1a: Corviknight
|
|-weather|Hail|[upkeep]
|-damage|p1a: Corviknight|41/100|[from] Hail
|-damage|p2a: Shon|21/100|[from] Hail
|upkeep
|turn|14
|
|t:|1635336819
|move|p1a: Corviknight|Roost|p1a: Corviknight
|-heal|p1a: Corviknight|91/100
|-singleturn|p1a: Corviknight|move: Roost
|move|p2a: Shon|Earthquake|p1a: Corviknight
|-supereffective|p1a: Corviknight
|-crit|p1a: Corviknight
|-damage|p1a: Corviknight|20/100
|
|-weather|Hail|[upkeep]
|-damage|p1a: Corviknight|14/100|[from] Hail
|-damage|p2a: Shon|14/100|[from] Hail
|upkeep
|turn|15
|
|t:|1635336825
|move|p1a: Corviknight|Roost|p1a: Corviknight
|-heal|p1a: Corviknight|64/100
|-singleturn|p1a: Corviknight|move: Roost
|move|p2a: Shon|Double Iron Bash|p1a: Corviknight
|-resisted|p1a: Corviknight
|-damage|p1a: Corviknight|51/100
|-damage|p2a: Shon|0 fnt|[from] item: Rocky Helmet|[of] p1a: Corviknight
|faint|p2a: Shon
|-hitcount|p1a: Corviknight|1
|
|-weather|Hail|[upkeep]
|-damage|p1a: Corviknight|45/100|[from] Hail
|upkeep
|j| Frank Lopez
|
|t:|1635336836
|switch|p2a: Shannon|Blacephalon|100/100
|turn|16
|
|t:|1635336846
|switch|p1a: Tornadus|Tornadus-Therian, M|66/100
|move|p2a: Shannon|Flame Charge|p1a: Tornadus
|-damage|p1a: Tornadus|46/100
|-boost|p2a: Shannon|spe|1
|
|-weather|Hail|[upkeep]
|-damage|p2a: Shannon|94/100|[from] Hail
|-damage|p1a: Tornadus|40/100|[from] Hail
|upkeep
|turn|17
|
|t:|1635336852
|switch|p2a: Terry|Landorus-Therian, M, shiny|71/100
|-ability|p2a: Terry|Intimidate|boost
|-unboost|p1a: Tornadus|atk|1
|move|p1a: Tornadus|Knock Off|p2a: Terry
|-damage|p2a: Terry|65/100
|
|-weather|Hail|[upkeep]
|-damage|p1a: Tornadus|34/100|[from] Hail
|-damage|p2a: Terry|59/100|[from] Hail
|upkeep
|turn|18
|
|t:|1635336857
|move|p1a: Tornadus|U-turn|p2a: Terry
|-resisted|p2a: Terry
|-damage|p2a: Terry|55/100
|
|t:|1635336859
|switch|p1a: Landorus|Landorus-Therian, M|50/100|[from]move: U-turn
|-ability|p1a: Landorus|Intimidate|boost
|-unboost|p2a: Terry|atk|1
|move|p2a: Terry|Stealth Rock|p1a: Landorus
|-sidestart|p1: ArcanineSquad|move: Stealth Rock
|
|-weather|Hail|[upkeep]
|-damage|p1a: Landorus|44/100|[from] Hail
|-damage|p2a: Terry|49/100|[from] Hail
|-heal|p1a: Landorus|50/100|[from] item: Leftovers
|upkeep
|turn|19
|
|t:|1635336865
|move|p1a: Landorus|Defog|p2a: Terry
|-unboost|p2a: Terry|evasion|1
|-sideend|p1: ArcanineSquad|Stealth Rock|[from] move: Defog|[of] p1a: Landorus
|move|p2a: Terry|Knock Off|p1a: Landorus
|-damage|p1a: Landorus|34/100
|-enditem|p1a: Landorus|Leftovers|[from] move: Knock Off|[of] p2a: Terry
|
|-weather|none
|upkeep
|turn|20
|
|t:|1635336871
|move|p1a: Landorus|Toxic|p2a: Terry
|-status|p2a: Terry|tox
|move|p2a: Terry|Stealth Rock|p1a: Landorus
|-sidestart|p1: ArcanineSquad|move: Stealth Rock
|
|-damage|p2a: Terry|43/100 tox|[from] psn
|upkeep
|turn|21
|
|t:|1635336877
|switch|p2a: Shannon|Blacephalon|94/100
|move|p1a: Landorus|Defog|p2a: Shannon
|-unboost|p2a: Shannon|evasion|1
|-sideend|p1: ArcanineSquad|Stealth Rock|[from] move: Defog|[of] p1a: Landorus
|
|upkeep
|turn|22
|
|t:|1635336880
|switch|p1a: Tornadus|Tornadus-Therian, M|67/100
|move|p2a: Shannon|Flamethrower|p1a: Tornadus
|-damage|p1a: Tornadus|37/100
|-status|p1a: Tornadus|brn
|
|-damage|p1a: Tornadus|31/100 brn|[from] brn
|upkeep
|turn|23
|
|t:|1635336891
|switch|p2a: Terry|Landorus-Therian, M, shiny|43/100 tox
|-ability|p2a: Terry|Intimidate|boost
|-unboost|p1a: Tornadus|atk|1
|move|p1a: Tornadus|U-turn|p2a: Terry
|-resisted|p2a: Terry
|-damage|p2a: Terry|42/100 tox
|
|t:|1635336894
|switch|p1a: Ninetales|Ninetales-Alola, F|100/100|[from]move: U-turn
|-weather|Hail|[from] ability: Snow Warning|[of] p1a: Ninetales
|
|-weather|Hail|[upkeep]
|-damage|p2a: Terry|36/100 tox|[from] Hail
|-damage|p2a: Terry|30/100 tox|[from] psn
|upkeep
|turn|24
|
|t:|1635336897
|move|p1a: Ninetales|Blizzard|p2a: Terry
|-supereffective|p2a: Terry
|-damage|p2a: Terry|0 fnt
|faint|p2a: Terry
|
|-weather|Hail|[upkeep]
|upkeep
|
|t:|1635336900
|switch|p2a: Shannon|Blacephalon|94/100
|turn|25
|l| Frank Lopez
|
|t:|1635336909
|switch|p1a: Corviknight|Corviknight, M|45/100
|-ability|p1a: Corviknight|Pressure
|move|p2a: Shannon|Flamethrower|p1a: Corviknight
|-supereffective|p1a: Corviknight
|-damage|p1a: Corviknight|0 fnt
|faint|p1a: Corviknight
|-ability|p2a: Shannon|Beast Boost|boost
|-boost|p2a: Shannon|spa|1
|
|-weather|Hail|[upkeep]
|-damage|p2a: Shannon|88/100|[from] Hail
|upkeep
|l| Chickpiee
|
|t:|1635336913
|switch|p1a: Arctozolt|Arctozolt|100/100
|turn|26
|
|t:|1635336921
|move|p2a: Shannon|Flamethrower|p1a: Arctozolt
|-supereffective|p1a: Arctozolt
|-crit|p1a: Arctozolt
|-damage|p1a: Arctozolt|0 fnt
|faint|p1a: Arctozolt
|-ability|p2a: Shannon|Beast Boost|boost
|-boost|p2a: Shannon|spa|1
|
|-weather|Hail|[upkeep]
|-damage|p2a: Shannon|82/100|[from] Hail
|upkeep
|
|t:|1635336926
|switch|p1a: Tornadus|Tornadus-Therian, M|64/100 brn
|turn|27
|
|t:|1635336928
|move|p2a: Shannon|Flamethrower|p1a: Tornadus
|-damage|p1a: Tornadus|0 fnt
|faint|p1a: Tornadus
|-ability|p2a: Shannon|Beast Boost|boost
|-boost|p2a: Shannon|spa|1
|
|-weather|Hail|[upkeep]
|-damage|p2a: Shannon|76/100|[from] Hail
|upkeep
|-message|ArcanineSquad forfeited.
|
|win|Byron Gym Leader
|raw|ArcanineSquad's rating: 1581 &rarr; <strong>1564</strong><br />(-17 for losing)
|raw|Byron Gym Leader's rating: 1635 &rarr; <strong>1652</strong><br />(+17 for winning)
|l|☆ArcanineSquad
|l|☆Byron Gym Leader
