|j|☆Pinks1ip
|j|☆minimax_ai
|t:|1663050617
|gametype|singles
|player|p1|Pinks1ip|skierf|1557
|player|p2|minimax_ai|lusamine-nihilego|1595
|teamsize|p1|6
|teamsize|p2|6
|gen|8
|tier|[Gen 8] OU
|rated|
|rule|Sleep Clause Mod: Limit one foe put to sleep
|rule|Species Clause: Limit one of each Pokémon
|rule|OHKO Clause: OHKO moves are banned
|rule|Evasion Items Clause: Evasion items are banned
|rule|Evasion Moves Clause: Evasion moves are banned
|rule|Endless Battle Clause: Forcing endless battles is banned
|rule|HP Percentage Mod: HP is shown in percentages
|rule|Dynamax Clause: You cannot dynamax
|clearpoke
|poke|p1|Crawdaunt, M|
|poke|p1|Tapu Lele|
|poke|p1|Garchomp, M|
|poke|p1|Moltres-Galar|
|poke|p1|Tapu Koko|
|poke|p1|Victini|
|poke|p2|Rotom-Wash|
|poke|p2|Weavile, F|
|poke|p2|Landorus-Therian, M|
|poke|p2|Heatran, M|
|poke|p2|Tangrowth, F|
|poke|p2|Melmetal|
|teampreview
|c|☆minimax_ai|hf
|inactive|Battle timer is ON: inactive players will automatically lose when time's up. (requested by minimax_ai)
|
|t:|1663050625
|start
|switch|p1a: Tapu Koko|Tapu Koko, shiny|100/100
|switch|p2a: Melmetal|Melmetal|100/100
|-fieldstart|move: Electric Terrain|[from] ability: Electric Surge|[of] p1a: Tapu Koko
|turn|1
|
|t:|1663050627
|move|p1a: Tapu Koko|Reflect|p1a: Tapu Koko
|-sidestart|p1: Pinks1ip|Reflect
|move|p2a: Melmetal|Earthquake|p1a: Tapu Koko
|-supereffective|p1a: Tapu Koko
|-damage|p1a: Tapu Koko|54/100
|
|upkeep
|turn|2
|
|t:|1663050633
|move|p1a: Tapu Koko|Light Screen|p1a: Tapu Koko
|-sidestart|p1: Pinks1ip|move: Light Screen
|move|p2a: Melmetal|Double Iron Bash|p1a: Tapu Koko
|-damage|p1a: Tapu Koko|32/100
|-damage|p1a: Tapu Koko|10/100
|-hitcount|p1a: Tapu Koko|2
|
|upkeep
|turn|3
|
|t:|1663050637
|move|p1a: Tapu Koko|U-turn|p2a: Melmetal
|-resisted|p2a: Melmetal
|-damage|p2a: Melmetal|96/100
|
|t:|1663050640
|switch|p1a: Victini|Victini|100/100|[from]move: U-turn
|move|p2a: Melmetal|Double Iron Bash|p1a: Victini
|-resisted|p1a: Victini
|-damage|p1a: Victini|91/100
|-resisted|p1a: Victini
|-damage|p1a: Victini|81/100
|-hitcount|p1a: Victini|2
|
|upkeep
|turn|4
|
|t:|1663050644
|switch|p2a: landorustherian|Landorus-Therian, M|100/100
|-ability|p2a: landorustherian|Intimidate|boost
|-unboost|p1a: Victini|atk|1
|move|p1a: Victini|U-turn|p2a: landorustherian
|-resisted|p2a: landorustherian
|-damage|p2a: landorustherian|94/100
|
|t:|1663050656
|switch|p1a: Crawdaunt|Crawdaunt, M|100/100|[from]move: U-turn
|
|-heal|p2a: landorustherian|99/100|[from] item: Leftovers
|upkeep
|turn|5
|
|t:|1663050658
|switch|p2a: Tangrowth|Tangrowth, F|100/100
|move|p1a: Crawdaunt|Swords Dance|p1a: Crawdaunt
|-boost|p1a: Crawdaunt|atk|2
|
|-fieldend|move: Electric Terrain
|upkeep
|turn|6
|
|t:|1663050660
|move|p1a: Crawdaunt|Knock Off|p2a: Tangrowth
|-damage|p2a: Tangrowth|10/100
|-damage|p1a: Crawdaunt|84/100|[from] item: Rocky Helmet|[of] p2a: Tangrowth
|-enditem|p2a: Tangrowth|Rocky Helmet|[from] move: Knock Off|[of] p1a: Crawdaunt
|-damage|p1a: Crawdaunt|74/100|[from] item: Life Orb
|move|p2a: Tangrowth|Sleep Powder|p1a: Crawdaunt
|-status|p1a: Crawdaunt|slp|[from] move: Sleep Powder
|
|upkeep
|turn|7
|
|t:|1663050673
|switch|p1a: Victini|Victini|81/100
|move|p2a: Tangrowth|Giga Drain|p1a: Victini
|-resisted|p1a: Victini
|-damage|p1a: Victini|74/100
|-heal|p2a: Tangrowth|13/100|[from] drain|[of] p1a: Victini
|
|upkeep
|turn|8
|
|t:|1663050674
|switch|p2a: landorustherian|Landorus-Therian, M|99/100
|-ability|p2a: landorustherian|Intimidate|boost
|-unboost|p1a: Victini|atk|1
|move|p1a: Victini|U-turn|p2a: landorustherian
|-resisted|p2a: landorustherian
|-damage|p2a: landorustherian|94/100
|
|t:|1663050696
|switch|p1a: Tapu Lele|Tapu Lele|100/100|[from]move: U-turn
|-fieldstart|move: Psychic Terrain|[from] ability: Psychic Surge|[of] p1a: Tapu Lele
|
|-heal|p2a: landorustherian|99/100|[from] item: Leftovers
|-sideend|p1: Pinks1ip|Reflect
|upkeep
|turn|9
|
|t:|1663050709
|move|p1a: Tapu Lele|Focus Blast|p2a: landorustherian
|-resisted|p2a: landorustherian
|-damage|p2a: landorustherian|76/100
|move|p2a: landorustherian|Earthquake|p1a: Tapu Lele
|-damage|p1a: Tapu Lele|29/100
|
|-heal|p2a: landorustherian|82/100|[from] item: Leftovers
|-sideend|p1: Pinks1ip|move: Light Screen
|upkeep
|turn|10
|
|t:|1663050714
|switch|p1a: Moltres|Moltres-Galar|100/100
|move|p2a: landorustherian|U-turn|p1a: Moltres
|-damage|p1a: Moltres|72/100
|
|t:|1663050714
|switch|p2a: Weavile|Weavile, F|100/100|[from]move: U-turn
|-ability|p2a: Weavile|Pressure
|
|upkeep
|turn|11
|
|t:|1663050718
|switch|p1a: Tapu Koko|Tapu Koko, shiny|10/100
|-fieldstart|move: Electric Terrain|[from] ability: Electric Surge|[of] p1a: Tapu Koko
|move|p2a: Weavile|Triple Axel|p1a: Tapu Koko
|-damage|p1a: Tapu Koko|0 fnt
|faint|p1a: Tapu Koko
|-hitcount|p1: Tapu Koko|1
|
|upkeep
|
|t:|1663050722
|switch|p1a: Victini|Victini|74/100
|turn|12
|
|t:|1663050726
|switch|p2a: Tangrowth|Tangrowth, F|47/100
|move|p1a: Victini|U-turn|p2a: Tangrowth
|-supereffective|p2a: Tangrowth
|-damage|p2a: Tangrowth|24/100
|
|t:|1663050729
|switch|p1a: Tapu Lele|Tapu Lele|29/100|[from]move: U-turn
|-fieldstart|move: Psychic Terrain|[from] ability: Psychic Surge|[of] p1a: Tapu Lele
|
|upkeep
|turn|13
|
|t:|1663050732
|switch|p2a: Melmetal|Melmetal|96/100
|move|p1a: Tapu Lele|Moonblast|p2a: Melmetal
|-resisted|p2a: Melmetal
|-damage|p2a: Melmetal|76/100
|-unboost|p2a: Melmetal|spa|1
|
|upkeep
|turn|14
|
|t:|1663050746
|switch|p1a: Victini|Victini|74/100
|move|p2a: Melmetal|Double Iron Bash|p1a: Victini
|-resisted|p1a: Victini
|-damage|p1a: Victini|55/100
|-resisted|p1a: Victini
|-damage|p1a: Victini|35/100
|-hitcount|p1a: Victini|2
|
|upkeep
|turn|15
|
|t:|1663050748
|switch|p2a: rotomwash|Rotom-Wash|100/100
|move|p1a: Victini|V-create|p2a: rotomwash
|-resisted|p2a: rotomwash
|-damage|p2a: rotomwash|56/100
|-unboost|p1a: Victini|spe|1
|-unboost|p1a: Victini|def|1
|-unboost|p1a: Victini|spd|1
|
|-heal|p2a: rotomwash|62/100|[from] item: Leftovers
|upkeep
|turn|16
|
|t:|1663050751
|switch|p1a: Garchomp|Garchomp, M|100/100
|move|p2a: rotomwash|Hydro Pump|p1a: Garchomp
|-damage|p1a: Garchomp|51/100
|
|-heal|p1a: Garchomp|58/100|[from] item: Leftovers
|-heal|p2a: rotomwash|69/100|[from] item: Leftovers
|-fieldend|move: Psychic Terrain
|upkeep
|turn|17
|
|t:|1663050754
|switch|p1a: Victini|Victini|35/100
|move|p2a: rotomwash|Hydro Pump|p1a: Victini
|-supereffective|p1a: Victini
|-damage|p1a: Victini|0 fnt
|faint|p1a: Victini
|
|-heal|p2a: rotomwash|75/100|[from] item: Leftovers
|upkeep
|
|t:|1663050760
|switch|p1a: Moltres|Moltres-Galar|72/100
|turn|18
|
|t:|1663050767
|switch|p1a: Garchomp|Garchomp, M|58/100
|switch|p2a: Melmetal|Melmetal|76/100
|
|-heal|p1a: Garchomp|64/100|[from] item: Leftovers
|upkeep
|turn|19
|
|t:|1663050768
|move|p1a: Garchomp|Earthquake|p2a: Melmetal
|-supereffective|p2a: Melmetal
|-damage|p2a: Melmetal|16/100
|move|p2a: Melmetal|Double Iron Bash|p1a: Garchomp
|-damage|p1a: Garchomp|20/100
|-damage|p2a: Melmetal|3/100|[from] ability: Rough Skin|[of] p1a: Garchomp
|-damage|p1a: Garchomp|0 fnt
|-damage|p2a: Melmetal|0 fnt|[from] ability: Rough Skin|[of] p1a: Garchomp
|faint|p1a: Garchomp
|faint|p2a: Melmetal
|-hitcount|p1: Garchomp|2
|
|upkeep
|
|t:|1663050771
|switch|p1a: Tapu Lele|Tapu Lele|29/100
|switch|p2a: landorustherian|Landorus-Therian, M|82/100
|-fieldstart|move: Psychic Terrain|[from] ability: Psychic Surge|[of] p1a: Tapu Lele
|-ability|p2a: landorustherian|Intimidate|boost
|-unboost|p1a: Tapu Lele|atk|1
|turn|20
|
|t:|1663050774
|move|p1a: Tapu Lele|Psychic|p2a: landorustherian
|-damage|p2a: landorustherian|8/100
|move|p2a: landorustherian|U-turn|p1a: Tapu Lele
|-damage|p1a: Tapu Lele|0 fnt
|faint|p1a: Tapu Lele
|
|t:|1663050774
|switch|p2a: rotomwash|Rotom-Wash|75/100|[from]move: U-turn
|
|-heal|p2a: rotomwash|81/100|[from] item: Leftovers
|upkeep
|
|t:|1663050777
|switch|p1a: Moltres|Moltres-Galar|72/100
|turn|21
|
|t:|1663050781
|switch|p2a: Weavile|Weavile, F|100/100
|-ability|p2a: Weavile|Pressure
|move|p1a: Moltres|Nasty Plot|p1a: Moltres
|-boost|p1a: Moltres|spa|2
|
|upkeep
|turn|22
|
|t:|1663050782
|move|p2a: Weavile|Triple Axel|p1a: Moltres
|-supereffective|p1a: Moltres
|-damage|p1a: Moltres|35/100
|-enditem|p1a: Moltres|Weakness Policy
|-boost|p1a: Moltres|atk|2|[from] item: Weakness Policy
|-boost|p1a: Moltres|spa|2|[from] item: Weakness Policy
|-supereffective|p1a: Moltres
|-damage|p1a: Moltres|0 fnt
|faint|p1a: Moltres
|-hitcount|p1: Moltres|2
|
|upkeep
|
|t:|1663050784
|switch|p1a: Crawdaunt|Crawdaunt, M|74/100 slp
|turn|23
|
|t:|1663050786
|switch|p2a: Tangrowth|Tangrowth, F|57/100
|cant|p1a: Crawdaunt|slp
|
|upkeep
|turn|24
|
|t:|1663050788
|cant|p1a: Crawdaunt|slp
|move|p2a: Tangrowth|Giga Drain|p1a: Crawdaunt
|-supereffective|p1a: Crawdaunt
|-damage|p1a: Crawdaunt|0 fnt
|-heal|p2a: Tangrowth|81/100|[from] drain|[of] p1a: Crawdaunt
|faint|p1a: Crawdaunt
|
|win|minimax_ai
|raw|Pinks1ip's rating: 1557 &rarr; <strong>1539</strong><br />(-18 for losing)
|raw|minimax_ai's rating: 1595 &rarr; <strong>1613</strong><br />(+18 for winning)
|c|☆minimax_ai|gg
