|j|☆LizzyPark
|j|☆PainSplitGengarr
|t:|1606928669
|player|p1|LizzyPark|1|1489
|player|p2|PainSplitGengarr|morty|1448
|teamsize|p1|6
|teamsize|p2|6
|gametype|singles
|gen|8
|tier|[Gen 8] OU
|rated|
|clearpoke
|poke|p1|Zapdos|
|poke|p1|Kyurem|
|poke|p1|Slowking-Galar, F|
|poke|p1|Garchomp, M|
|poke|p1|Rillaboom, M|
|poke|p1|Tapu Fini|
|poke|p2|Heatran, M|
|poke|p2|Clefable, M|
|poke|p2|Ferrothorn, M|
|poke|p2|Dragapult, F|
|poke|p2|Tapu Lele|
|poke|p2|Garchomp, F|
|rule|Sleep Clause Mod: Limit one foe put to sleep
|rule|Species Clause: Limit one of each Pokémon
|rule|OHKO Clause: OHKO moves are banned
|rule|Evasion Moves Clause: Evasion moves are banned
|rule|Endless Battle Clause: Forcing endless battles is banned
|rule|HP Percentage Mod: HP is shown in percentages
|rule|Dynamax Clause: You cannot dynamax
|teampreview
|inactive|Battle timer is ON: inactive players will automatically lose when time's up. (requested by PainSplitGengarr)
|
|t:|1606928688
|start
|switch|p1a: Slowking|Slowking-Galar, F|100/100
|switch|p2a: Tapu Lele|Tapu Lele|100/100
|-fieldstart|move: Psychic Terrain|[from] ability: Psychic Surge|[of] p2a: Tapu Lele
|turn|1
|
|t:|1606928694
|switch|p2a: Ferrothorn|Ferrothorn, M|100/100
|move|p1a: Slowking|Sludge Bomb|p2a: Ferrothorn
|-immune|p2a: Ferrothorn
|
|upkeep
|turn|2
|
|t:|1606928698
|move|p1a: Slowking|Flamethrower|p2a: Ferrothorn
|-supereffective|p2a: Ferrothorn
|-damage|p2a: Ferrothorn|23/100
|move|p2a: Ferrothorn|Knock Off|p1a: Slowking
|-supereffective|p1a: Slowking
|-damage|p1a: Slowking|60/100
|-enditem|p1a: Slowking|Assault Vest|[from] move: Knock Off|[of] p2a: Ferrothorn
|
|-heal|p2a: Ferrothorn|29/100|[from] item: Leftovers
|upkeep
|turn|3
|
|t:|1606928703
|switch|p2a: Heatran|Heatran, M|100/100
|move|p1a: Slowking|Flamethrower|p2a: Heatran
|-start|p2a: Heatran|ability: Flash Fire
|
|upkeep
|turn|4
|
|t:|1606928706
|move|p2a: Heatran|Stealth Rock|p1a: Slowking
|-sidestart|p1: LizzyPark|move: Stealth Rock
|move|p1a: Slowking|Future Sight|p2a: Heatran
|-start|p1a: Slowking|move: Future Sight
|
|upkeep
|turn|5
|
|t:|1606928710
|switch|p1a: Tapu Fini|Tapu Fini|100/100
|-damage|p1a: Tapu Fini|88/100|[from] Stealth Rock
|-fieldstart|move: Misty Terrain|[from] ability: Misty Surge|[of] p1a: Tapu Fini
|move|p2a: Heatran|Lava Plume|p1a: Tapu Fini
|-resisted|p1a: Tapu Fini
|-damage|p1a: Tapu Fini|69/100
|
|upkeep
|turn|6
|
|t:|1606928717
|-end|p2a: Heatran|ability: Flash Fire|[silent]
|switch|p2a: Ferrothorn|Ferrothorn, M|29/100
|move|p1a: Tapu Fini|Defog|p2a: Ferrothorn
|-unboost|p2a: Ferrothorn|evasion|1
|-sideend|p1: LizzyPark|Stealth Rock|[from] move: Defog|[of] p1a: Tapu Fini
|-fieldend|Misty Terrain
|
|-end|p2a: Ferrothorn|move: Future Sight
|-resisted|p2a: Ferrothorn
|-damage|p2a: Ferrothorn|9/100
|-heal|p2a: Ferrothorn|16/100|[from] item: Leftovers
|upkeep
|turn|7
|
|t:|1606928725
|switch|p1a: Slowking|Slowking-Galar, F|93/100
|move|p2a: Ferrothorn|Leech Seed|p1a: Slowking
|-start|p1a: Slowking|move: Leech Seed
|
|-heal|p2a: Ferrothorn|22/100|[from] item: Leftovers
|-damage|p1a: Slowking|81/100|[from] Leech Seed|[of] p2a: Ferrothorn
|-heal|p2a: Ferrothorn|36/100|[silent]
|upkeep
|turn|8
|
|t:|1606928732
|switch|p1a: Zapdos|Zapdos|100/100
|switch|p2a: Heatran|Heatran, M|100/100
|
|upkeep
|turn|9
|
|t:|1606928736
|move|p1a: Zapdos|Volt Switch|p2a: Heatran
|-damage|p2a: Heatran|75/100
|
|t:|1606928741
|switch|p1a: Slowking|Slowking-Galar, F|100/100|[from]move: Volt Switch
|move|p2a: Heatran|Stealth Rock|p1a: Slowking
|-sidestart|p1: LizzyPark|move: Stealth Rock
|
|-heal|p2a: Heatran|81/100|[from] item: Leftovers
|upkeep
|turn|10
|
|t:|1606928744
|move|p2a: Heatran|Scorching Sands|p1a: Slowking
|-supereffective|p1a: Slowking
|-damage|p1a: Slowking|68/100
|-status|p1a: Slowking|brn
|move|p1a: Slowking|Future Sight|p2a: Heatran
|-start|p1a: Slowking|move: Future Sight
|
|-heal|p2a: Heatran|87/100|[from] item: Leftovers
|-damage|p1a: Slowking|61/100 brn|[from] brn
|upkeep
|turn|11
|
|t:|1606928753
|switch|p1a: Tapu Fini|Tapu Fini|69/100
|-damage|p1a: Tapu Fini|56/100|[from] Stealth Rock
|-fieldstart|move: Misty Terrain|[from] ability: Misty Surge|[of] p1a: Tapu Fini
|move|p2a: Heatran|Taunt|p1a: Tapu Fini
|-start|p1a: Tapu Fini|move: Taunt
|
|-heal|p2a: Heatran|94/100|[from] item: Leftovers
|upkeep
|turn|12
|
|t:|1606928758
|switch|p2a: Ferrothorn|Ferrothorn, M|36/100
|move|p1a: Tapu Fini|Hydro Pump|p2a: Ferrothorn|[miss]
|-miss|p1a: Tapu Fini|p2a: Ferrothorn
|
|-end|p2a: Ferrothorn|move: Future Sight
|-resisted|p2a: Ferrothorn
|-damage|p2a: Ferrothorn|16/100
|-heal|p2a: Ferrothorn|22/100|[from] item: Leftovers
|upkeep
|turn|13
|
|t:|1606928765
|switch|p1a: Rillaboom|Rillaboom, M|100/100
|-damage|p1a: Rillaboom|88/100|[from] Stealth Rock
|-fieldstart|move: Grassy Terrain|[from] ability: Grassy Surge|[of] p1a: Rillaboom
|move|p2a: Ferrothorn|Leech Seed|p1a: Rillaboom
|-immune|p1a: Rillaboom
|
|-heal|p1a: Rillaboom|94/100|[from] Grassy Terrain
|-heal|p2a: Ferrothorn|29/100|[from] item: Leftovers
|-heal|p2a: Ferrothorn|35/100|[from] Grassy Terrain
|upkeep
|turn|14
|
|t:|1606928771
|switch|p2a: Clefable|Clefable, M|100/100
|move|p1a: Rillaboom|U-turn|p2a: Clefable
|-resisted|p2a: Clefable
|-damage|p2a: Clefable|86/100
|
|t:|1606928777
|switch|p1a: Tapu Fini|Tapu Fini|56/100|[from]move: U-turn
|-damage|p1a: Tapu Fini|44/100|[from] Stealth Rock
|-fieldstart|move: Misty Terrain|[from] ability: Misty Surge|[of] p1a: Tapu Fini
|
|upkeep
|turn|15
|
|t:|1606928780
|move|p1a: Tapu Fini|Trick|p2a: Clefable
|-activate|p1a: Tapu Fini|move: Trick|[of] p2a: Clefable
|-item|p2a: Clefable|Choice Scarf|[from] move: Trick
|-item|p1a: Tapu Fini|Heavy-Duty Boots|[from] move: Trick
|move|p2a: Clefable|Knock Off|p1a: Tapu Fini
|-resisted|p1a: Tapu Fini
|-damage|p1a: Tapu Fini|36/100
|-enditem|p1a: Tapu Fini|Heavy-Duty Boots|[from] move: Knock Off|[of] p2a: Clefable
|
|upkeep
|turn|16
|
|t:|1606928791
|switch|p2a: Ferrothorn|Ferrothorn, M|35/100
|move|p1a: Tapu Fini|Defog|p2a: Ferrothorn
|-unboost|p2a: Ferrothorn|evasion|1
|-sideend|p1: LizzyPark|Stealth Rock|[from] move: Defog|[of] p1a: Tapu Fini
|-fieldend|Misty Terrain
|
|-heal|p2a: Ferrothorn|41/100|[from] item: Leftovers
|upkeep
|turn|17
|
|t:|1606928800
|switch|p2a: Clefable|Clefable, M|86/100
|move|p1a: Tapu Fini|Trick|p2a: Clefable
|-activate|p1a: Tapu Fini|move: Trick|[of] p2a: Clefable
|-enditem|p2a: Clefable|Choice Scarf|[silent]|[from] move: Trick
|-item|p1a: Tapu Fini|Choice Scarf|[from] move: Trick
|
|upkeep
|turn|18
|
|t:|1606928827
|switch|p1a: Slowking|Slowking-Galar, F|95/100 brn
|switch|p2a: Tapu Lele|Tapu Lele|100/100
|-fieldstart|move: Psychic Terrain|[from] ability: Psychic Surge|[of] p2a: Tapu Lele
|
|-damage|p1a: Slowking|89/100 brn|[from] brn
|upkeep
|turn|19
|
|t:|1606928830
|move|p2a: Tapu Lele|Psychic|p1a: Slowking
|-damage|p1a: Slowking|37/100 brn
|move|p1a: Slowking|Sludge Bomb|p2a: Tapu Lele
|-supereffective|p2a: Tapu Lele
|-damage|p2a: Tapu Lele|0 fnt
|faint|p2a: Tapu Lele
|
|-damage|p1a: Slowking|31/100 brn|[from] brn
|upkeep
|
|t:|1606928834
|switch|p2a: Garchomp|Garchomp, F|100/100
|turn|20
|
|t:|1606928839
|switch|p1a: Zapdos|Zapdos|100/100
|move|p2a: Garchomp|Swords Dance|p2a: Garchomp
|-boost|p2a: Garchomp|atk|2
|
|upkeep
|turn|21
|
|t:|1606928841
|move|p2a: Garchomp|Scale Shot|p1a: Zapdos
|-damage|p1a: Zapdos|76/100
|-damage|p1a: Zapdos|51/100
|-hitcount|p1a: Zapdos|2
|-unboost|p2a: Garchomp|def|1
|-boost|p2a: Garchomp|spe|1
|move|p1a: Zapdos|Hurricane|p2a: Garchomp
|-damage|p2a: Garchomp|38/100
|-start|p2a: Garchomp|confusion
|
|-heal|p2a: Garchomp|44/100|[from] item: Leftovers
|upkeep
|turn|22
|
|t:|1606928856
|switch|p1a: Garchomp|Garchomp, M|100/100
|-activate|p2a: Garchomp|confusion
|move|p2a: Garchomp|Scale Shot|p1a: Garchomp
|-supereffective|p1a: Garchomp
|-damage|p1a: Garchomp|67/100
|-supereffective|p1a: Garchomp
|-damage|p1a: Garchomp|32/100
|-supereffective|p1a: Garchomp
|-damage|p1a: Garchomp|2/100
|-hitcount|p1a: Garchomp|3
|-unboost|p2a: Garchomp|def|1
|-boost|p2a: Garchomp|spe|1
|
|-heal|p2a: Garchomp|50/100|[from] item: Leftovers
|-fieldend|move: Psychic Terrain
|upkeep
|turn|23
|
|t:|1606928870
|-activate|p2a: Garchomp|confusion
|move|p2a: Garchomp|Earthquake|p1a: Garchomp
|-damage|p1a: Garchomp|0 fnt
|faint|p1a: Garchomp
|
|-heal|p2a: Garchomp|57/100|[from] item: Leftovers
|upkeep
|
|t:|1606928874
|switch|p1a: Rillaboom|Rillaboom, M|94/100
|-fieldstart|move: Grassy Terrain|[from] ability: Grassy Surge|[of] p1a: Rillaboom
|turn|24
|
|t:|1606928879
|switch|p2a: Heatran|Heatran, M|94/100
|move|p1a: Rillaboom|Grassy Glide|p2a: Heatran
|-resisted|p2a: Heatran
|-damage|p2a: Heatran|79/100
|
|-heal|p1a: Rillaboom|100/100|[from] Grassy Terrain
|-heal|p2a: Heatran|85/100|[from] item: Leftovers
|-heal|p2a: Heatran|91/100|[from] Grassy Terrain
|upkeep
|turn|25
|
|t:|1606928883
|switch|p1a: Tapu Fini|Tapu Fini|36/100
|-fieldstart|move: Misty Terrain|[from] ability: Misty Surge|[of] p1a: Tapu Fini
|switch|p2a: Clefable|Clefable, M|86/100
|
|upkeep
|turn|26
|
|t:|1606928901
|move|p1a: Tapu Fini|Trick|p2a: Clefable
|-activate|p1a: Tapu Fini|move: Trick|[of] p2a: Clefable
|-item|p2a: Clefable|Choice Scarf|[from] move: Trick
|-enditem|p1a: Tapu Fini|Choice Scarf|[silent]|[from] move: Trick
|move|p2a: Clefable|Moonblast|p1a: Tapu Fini
|-damage|p1a: Tapu Fini|10/100
|
|upkeep
|turn|27
|
|t:|1606928914
|switch|p1a: Slowking|Slowking-Galar, F|64/100 brn
|switch|p2a: Dragapult|Dragapult, F|100/100
|
|-damage|p1a: Slowking|58/100 brn|[from] brn
|upkeep
|turn|28
|
|t:|1606928919
|switch|p1a: Tapu Fini|Tapu Fini|10/100
|move|p2a: Dragapult|Hex|p1a: Tapu Fini
|-damage|p1a: Tapu Fini|0 fnt
|faint|p1a: Tapu Fini
|
|upkeep
|
|t:|1606928924
|switch|p1a: FreezeCorleone|Kyurem|100/100
|-ability|p1a: FreezeCorleone|Pressure
|turn|29
|
|t:|1606928934
|switch|p2a: Clefable|Clefable, M|86/100
|move|p1a: FreezeCorleone|Earth Power|p2a: Clefable
|-damage|p2a: Clefable|55/100
|
|-fieldend|Misty Terrain
|upkeep
|turn|30
|
|t:|1606928939
|switch|p1a: Slowking|Slowking-Galar, F|91/100 brn
|move|p2a: Clefable|Knock Off|p1a: Slowking
|-supereffective|p1a: Slowking
|-crit|p1a: Slowking
|-damage|p1a: Slowking|61/100 brn
|
|-damage|p1a: Slowking|55/100 brn|[from] brn
|upkeep
|turn|31
|
|t:|1606928943
|switch|p2a: Heatran|Heatran, M|91/100
|move|p1a: Slowking|Future Sight|p2a: Heatran
|-start|p1a: Slowking|move: Future Sight
|
|-heal|p2a: Heatran|98/100|[from] item: Leftovers
|-damage|p1a: Slowking|48/100 brn|[from] brn
|upkeep
|turn|32
|
|t:|1606928951
|move|p2a: Heatran|Stealth Rock|p1a: Slowking
|-sidestart|p1: LizzyPark|move: Stealth Rock
|move|p1a: Slowking|Psychic|p2a: Heatran
|-resisted|p2a: Heatran
|-damage|p2a: Heatran|83/100
|
|-heal|p2a: Heatran|89/100|[from] item: Leftovers
|-damage|p1a: Slowking|42/100 brn|[from] brn
|upkeep
|turn|33
|
|t:|1606928957
|switch|p1a: Zapdos|Zapdos|51/100
|move|p2a: Heatran|Lava Plume|p1a: Zapdos
|-damage|p1a: Zapdos|18/100
|
|-end|p2a: Heatran|move: Future Sight
|-resisted|p2a: Heatran
|-damage|p2a: Heatran|70/100
|-heal|p2a: Heatran|76/100|[from] item: Leftovers
|upkeep
|turn|34
|
|t:|1606928962
|move|p1a: Zapdos|Hurricane|p2a: Heatran|[miss]
|-miss|p1a: Zapdos|p2a: Heatran
|move|p2a: Heatran|Lava Plume|p1a: Zapdos
|-damage|p1a: Zapdos|0 fnt
|faint|p1a: Zapdos
|
|-heal|p2a: Heatran|83/100|[from] item: Leftovers
|upkeep
|
|t:|1606928970
|switch|p1a: FreezeCorleone|Kyurem|100/100
|-damage|p1a: FreezeCorleone|76/100|[from] Stealth Rock
|-ability|p1a: FreezeCorleone|Pressure
|turn|35
|
|t:|1606928979
|switch|p2a: Clefable|Clefable, M|55/100
|move|p1a: FreezeCorleone|Earth Power|p2a: Clefable
|-damage|p2a: Clefable|26/100
|
|upkeep
|turn|36
|
|t:|1606928981
|move|p1a: FreezeCorleone|Earth Power|p2a: Clefable
|-damage|p2a: Clefable|0 fnt
|faint|p2a: Clefable
|
|upkeep
|
|t:|1606928984
|switch|p2a: Dragapult|Dragapult, F|100/100
|turn|37
|
|t:|1606929002
|switch|p1a: Slowking|Slowking-Galar, F|76/100 brn
|-damage|p1a: Slowking|63/100 brn|[from] Stealth Rock
|move|p2a: Dragapult|Draco Meteor|p1a: Slowking
|-damage|p1a: Slowking|0 fnt
|-unboost|p2a: Dragapult|spa|2
|faint|p1a: Slowking
|
|upkeep
|
|t:|1606929006
|switch|p1a: Rillaboom|Rillaboom, M|100/100
|-damage|p1a: Rillaboom|88/100|[from] Stealth Rock
|-fieldstart|move: Grassy Terrain|[from] ability: Grassy Surge|[of] p1a: Rillaboom
|turn|38
|
|t:|1606929015
|switch|p2a: Ferrothorn|Ferrothorn, M|41/100
|move|p1a: Rillaboom|Wood Hammer|p2a: Ferrothorn
|-resisted|p2a: Ferrothorn
|-crit|p2a: Ferrothorn
|-damage|p2a: Ferrothorn|7/100
|-damage|p1a: Rillaboom|76/100|[from] ability: Iron Barbs|[of] p2a: Ferrothorn
|-damage|p1a: Rillaboom|64/100|[from] Recoil
|
|-heal|p1a: Rillaboom|70/100|[from] Grassy Terrain
|-heal|p2a: Ferrothorn|13/100|[from] item: Leftovers
|-heal|p2a: Ferrothorn|20/100|[from] Grassy Terrain
|upkeep
|turn|39
|
|t:|1606929020
|switch|p2a: Heatran|Heatran, M|83/100
|move|p1a: Rillaboom|Wood Hammer|p2a: Heatran
|-resisted|p2a: Heatran
|-damage|p2a: Heatran|54/100
|-damage|p1a: Rillaboom|60/100|[from] Recoil
|
|-heal|p1a: Rillaboom|66/100|[from] Grassy Terrain
|-heal|p2a: Heatran|60/100|[from] item: Leftovers
|-heal|p2a: Heatran|67/100|[from] Grassy Terrain
|upkeep
|turn|40
|
|t:|1606929026
|move|p1a: Rillaboom|Wood Hammer|p2a: Heatran
|-resisted|p2a: Heatran
|-damage|p2a: Heatran|39/100
|-damage|p1a: Rillaboom|56/100|[from] Recoil
|move|p2a: Heatran|Lava Plume|p1a: Rillaboom
|-supereffective|p1a: Rillaboom
|-damage|p1a: Rillaboom|0 fnt
|faint|p1a: Rillaboom
|
|-heal|p2a: Heatran|45/100|[from] item: Leftovers
|-heal|p2a: Heatran|52/100|[from] Grassy Terrain
|upkeep
|
|t:|1606929030
|switch|p1a: FreezeCorleone|Kyurem|76/100
|-damage|p1a: FreezeCorleone|51/100|[from] Stealth Rock
|-ability|p1a: FreezeCorleone|Pressure
|turn|41
|
|t:|1606929033
|move|p1a: FreezeCorleone|Freeze-Dry|p2a: Heatran
|-resisted|p2a: Heatran
|-damage|p2a: Heatran|46/100
|-status|p2a: Heatran|frz
|cant|p2a: Heatran|frz
|
|-heal|p1a: FreezeCorleone|57/100|[from] Grassy Terrain
|-heal|p2a: Heatran|52/100 frz|[from] item: Leftovers
|-heal|p2a: Heatran|59/100 frz|[from] Grassy Terrain
|upkeep
|turn|42
|
|t:|1606929037
|move|p1a: FreezeCorleone|Freeze-Dry|p2a: Heatran
|-resisted|p2a: Heatran
|-damage|p2a: Heatran|53/100 frz
|-curestatus|p2a: Heatran|frz|[msg]
|move|p2a: Heatran|Lava Plume|p1a: FreezeCorleone
|-damage|p1a: FreezeCorleone|23/100
|
|-heal|p1a: FreezeCorleone|29/100|[from] Grassy Terrain
|-heal|p2a: Heatran|59/100|[from] item: Leftovers
|-heal|p2a: Heatran|65/100|[from] Grassy Terrain
|-fieldend|move: Grassy Terrain
|upkeep
|turn|43
|
|t:|1606929040
|move|p1a: FreezeCorleone|Freeze-Dry|p2a: Heatran
|-resisted|p2a: Heatran
|-damage|p2a: Heatran|60/100
|move|p2a: Heatran|Lava Plume|p1a: FreezeCorleone
|-damage|p1a: FreezeCorleone|0 fnt
|faint|p1a: FreezeCorleone
|
|win|PainSplitGengarr
|l|☆LizzyPark
|c|☆PainSplitGengarr|gg
||Ladder (probably) updated, but score could not be retrieved (Request timeout).
