|html|<div class="broadcast-blue"><strong>[Gen 8] OU is currently suspecting Melmetal! For information on how to participate check out the <a href="https://www.smogon.com/forums/threads/np-ss-ou-suspect-process-round-12-monster-mash.3709234/">suspect thread</a>.</strong></div>
|j|☆minimax_ai
|j|☆cump3
|t:|1666244269
|gametype|singles
|player|p1|minimax_ai|lusamine-nihilego|1492
|player|p2|cump3|schoolkid-gen4|1583
|teamsize|p1|6
|teamsize|p2|6
|gen|8
|tier|[Gen 8] OU
|rated|
|rule|Sleep Clause Mod: Limit one foe put to sleep
|rule|Species Clause: Limit one of each Pokémon
|rule|OHKO Clause: OHKO moves are banned
|rule|Evasion Items Clause: Evasion items are banned
|rule|Evasion Moves Clause: Evasion moves are banned
|rule|Endless Battle Clause: Forcing endless battles is banned
|rule|HP Percentage Mod: HP is shown in percentages
|rule|Dynamax Clause: You cannot dynamax
|clearpoke
|poke|p1|Rotom-Wash|
|poke|p1|Weavile, M|
|poke|p1|Landorus-Therian, M|
|poke|p1|Heatran, M|
|poke|p1|Tangrowth, M|
|poke|p1|Melmetal|
|poke|p2|Swampert, M|
|poke|p2|Mandibuzz, F|
|poke|p2|Rillaboom, M|
|poke|p2|Magnezone|
|poke|p2|Tapu Lele|
|poke|p2|Dragapult, F|
|teampreview
|c|☆minimax_ai|hf
|inactive|Battle timer is ON: inactive players will automatically lose when time's up. (requested by minimax_ai)
|
|t:|1666244277
|start
|switch|p1a: landorustherian|Landorus-Therian, M|100/100
|switch|p2a: Tapu Lele|Tapu Lele, shiny|100/100
|-fieldstart|move: Psychic Terrain|[from] ability: Psychic Surge|[of] p2a: Tapu Lele
|-ability|p1a: landorustherian|Intimidate|boost
|-unboost|p2a: Tapu Lele|atk|1
|turn|1
|
|t:|1666244279
|move|p2a: Tapu Lele|Focus Blast|p1a: landorustherian
|-resisted|p1a: landorustherian
|-damage|p1a: landorustherian|76/100
|move|p1a: landorustherian|Earthquake|p2a: Tapu Lele
|-damage|p2a: Tapu Lele|25/100
|
|-heal|p1a: landorustherian|82/100|[from] item: Leftovers
|upkeep
|turn|2
|
|t:|1666244283
|switch|p2a: Mandibuzz|Mandibuzz, F|100/100
|move|p1a: landorustherian|Toxic|p2a: Mandibuzz
|-status|p2a: Mandibuzz|tox
|
|-heal|p1a: landorustherian|88/100|[from] item: Leftovers
|-damage|p2a: Mandibuzz|94/100 tox|[from] psn
|upkeep
|turn|3
|
|t:|1666244287
|move|p1a: landorustherian|U-turn|p2a: Mandibuzz
|-damage|p2a: Mandibuzz|82/100 tox
|
|t:|1666244287
|switch|p1a: Heatran|Heatran, M|100/100|[from]move: U-turn
|-item|p1a: Heatran|Air Balloon
|move|p2a: Mandibuzz|Foul Play|p1a: Heatran
|-damage|p1a: Heatran|74/100
|-enditem|p1a: Heatran|Air Balloon
|
|-damage|p2a: Mandibuzz|69/100 tox|[from] psn
|upkeep
|turn|4
|
|t:|1666244291
|switch|p2a: Swampert|Swampert, M|100/100
|move|p1a: Heatran|Stealth Rock|p2a: Swampert
|-sidestart|p2: cump3|move: Stealth Rock
|
|upkeep
|turn|5
|
|t:|1666244294
|switch|p1a: Tangrowth|Tangrowth, M|100/100
|move|p2a: Swampert|Flip Turn|p1a: Tangrowth
|-resisted|p1a: Tangrowth
|-damage|p1a: Tangrowth|95/100
|-damage|p2a: Swampert|84/100|[from] item: Rocky Helmet|[of] p1a: Tangrowth
|
|t:|1666244297
|switch|p2a: Mandibuzz|Mandibuzz, F|69/100 tox|[from]move: Flip Turn
|
|-damage|p2a: Mandibuzz|63/100 tox|[from] psn
|-fieldend|move: Psychic Terrain
|upkeep
|turn|6
|
|t:|1666244299
|switch|p1a: Weavile|Weavile, M|100/100
|-ability|p1a: Weavile|Pressure
|move|p2a: Mandibuzz|Defog|p1a: Weavile
|-unboost|p1a: Weavile|evasion|1
|-sideend|p2: cump3|Stealth Rock|[from] move: Defog|[of] p2a: Mandibuzz
|
|-damage|p2a: Mandibuzz|51/100 tox|[from] psn
|upkeep
|turn|7
|
|t:|1666244302
|switch|p2a: Magnezone|Magnezone, shiny|100/100
|-item|p2a: Magnezone|Air Balloon
|move|p1a: Weavile|Triple Axel|p2a: Magnezone|[miss]
|-miss|p1a: Weavile|p2a: Magnezone
|
|upkeep
|turn|8
|
|t:|1666244306
|switch|p1a: landorustherian|Landorus-Therian, M|88/100
|-ability|p1a: landorustherian|Intimidate|boost
|-unboost|p2a: Magnezone|atk|1
|move|p2a: Magnezone|Toxic|p1a: landorustherian
|-status|p1a: landorustherian|tox
|
|-heal|p1a: landorustherian|94/100 tox|[from] item: Leftovers
|-damage|p1a: landorustherian|88/100 tox|[from] psn
|upkeep
|turn|9
|
|t:|1666244314
|move|p1a: landorustherian|U-turn|p2a: Magnezone
|-resisted|p2a: Magnezone
|-damage|p2a: Magnezone|93/100
|-enditem|p2a: Magnezone|Air Balloon
|
|t:|1666244315
|switch|p1a: Melmetal|Melmetal|100/100|[from]move: U-turn
|move|p2a: Magnezone|Toxic|p1a: Melmetal
|-immune|p1a: Melmetal
|
|upkeep
|turn|10
|
|t:|1666244322
|switch|p2a: Rillaboom|Rillaboom, M|100/100
|-fieldstart|move: Grassy Terrain|[from] ability: Grassy Surge|[of] p2a: Rillaboom
|move|p1a: Melmetal|Earthquake|p2a: Rillaboom
|-resisted|p2a: Rillaboom
|-damage|p2a: Rillaboom|91/100
|
|-heal|p2a: Rillaboom|97/100|[from] Grassy Terrain
|upkeep
|turn|11
|
|t:|1666244324
|switch|p2a: Magnezone|Magnezone, shiny|93/100
|move|p1a: Melmetal|Ice Punch|p2a: Magnezone
|-resisted|p2a: Magnezone
|-damage|p2a: Magnezone|82/100
|
|-heal|p2a: Magnezone|88/100|[from] Grassy Terrain
|upkeep
|turn|12
|
|t:|1666244329
|move|p2a: Magnezone|Iron Defense|p2a: Magnezone
|-boost|p2a: Magnezone|def|2
|move|p1a: Melmetal|Ice Punch|p2a: Magnezone
|-resisted|p2a: Magnezone
|-damage|p2a: Magnezone|82/100
|
|-heal|p2a: Magnezone|88/100|[from] Grassy Terrain
|upkeep
|turn|13
|
|t:|1666244331
|move|p2a: Magnezone|Iron Defense|p2a: Magnezone
|-boost|p2a: Magnezone|def|2
|move|p1a: Melmetal|Earthquake|p2a: Magnezone
|-supereffective|p2a: Magnezone
|-damage|p2a: Magnezone|69/100
|
|-heal|p2a: Magnezone|75/100|[from] Grassy Terrain
|upkeep
|turn|14
|
|t:|1666244334
|move|p2a: Magnezone|Body Press|p1a: Melmetal
|-supereffective|p1a: Melmetal
|-damage|p1a: Melmetal|0 fnt
|faint|p1a: Melmetal
|
|-heal|p2a: Magnezone|81/100|[from] Grassy Terrain
|-fieldend|move: Grassy Terrain
|upkeep
|
|t:|1666244334
|switch|p1a: Heatran|Heatran, M|74/100
|turn|15
|
|t:|1666244339
|switch|p2a: Swampert|Swampert, M|84/100
|move|p1a: Heatran|Magma Storm|p2a: Swampert
|-resisted|p2a: Swampert
|-damage|p2a: Swampert|67/100
|-activate|p2a: Swampert|move: Magma Storm|[of] p1a: Heatran
|
|-heal|p2a: Swampert|73/100|[from] item: Leftovers
|-damage|p2a: Swampert|61/100|[from] move: Magma Storm|[partiallytrapped]
|upkeep
|turn|16
|
|t:|1666244341
|switch|p1a: rotomwash|Rotom-Wash|100/100
|move|p2a: Swampert|Flip Turn|p1a: rotomwash
|-resisted|p1a: rotomwash
|-damage|p1a: rotomwash|88/100
|
|t:|1666244344
|switch|p2a: Rillaboom|Rillaboom, M|97/100|[from]move: Flip Turn
|-fieldstart|move: Grassy Terrain|[from] ability: Grassy Surge|[of] p2a: Rillaboom
|
|-heal|p1a: rotomwash|95/100|[from] item: Leftovers
|-heal|p2a: Rillaboom|100/100|[from] Grassy Terrain
|upkeep
|turn|17
|
|t:|1666244349
|switch|p1a: Tangrowth|Tangrowth, M|100/100
|move|p2a: Rillaboom|Knock Off|p1a: Tangrowth
|-damage|p1a: Tangrowth|72/100
|-damage|p2a: Rillaboom|84/100|[from] item: Rocky Helmet|[of] p1a: Tangrowth
|-enditem|p1a: Tangrowth|Rocky Helmet|[from] move: Knock Off|[of] p2a: Rillaboom
|
|-heal|p2a: Rillaboom|90/100|[from] Grassy Terrain
|-heal|p1a: Tangrowth|78/100|[from] Grassy Terrain
|upkeep
|turn|18
|
|t:|1666244354
|switch|p2a: Mandibuzz|Mandibuzz, F|51/100 tox
|move|p1a: Tangrowth|Giga Drain|p2a: Mandibuzz
|-resisted|p2a: Mandibuzz
|-damage|p2a: Mandibuzz|35/100 tox
|-heal|p1a: Tangrowth|86/100|[from] drain|[of] p2a: Mandibuzz
|
|-heal|p1a: Tangrowth|92/100|[from] Grassy Terrain
|-damage|p2a: Mandibuzz|29/100 tox|[from] psn
|upkeep
|turn|19
|
|t:|1666244355
|switch|p1a: Weavile|Weavile, M|100/100
|-ability|p1a: Weavile|Pressure
|move|p2a: Mandibuzz|Roost|p2a: Mandibuzz
|-heal|p2a: Mandibuzz|79/100 tox
|-singleturn|p2a: Mandibuzz|move: Roost
|
|-heal|p2a: Mandibuzz|85/100 tox|[from] Grassy Terrain
|-damage|p2a: Mandibuzz|73/100 tox|[from] psn
|upkeep
|turn|20
|
|t:|1666244360
|switch|p2a: Magnezone|Magnezone, shiny|81/100
|move|p1a: Weavile|Triple Axel|p2a: Magnezone|[miss]
|-miss|p1a: Weavile|p2a: Magnezone
|
|-heal|p2a: Magnezone|87/100|[from] Grassy Terrain
|-fieldend|move: Grassy Terrain
|upkeep
|turn|21
|
|t:|1666244367
|switch|p1a: landorustherian|Landorus-Therian, M|88/100 tox
|-ability|p1a: landorustherian|Intimidate|boost
|-unboost|p2a: Magnezone|atk|1
|move|p2a: Magnezone|Body Press|p1a: landorustherian
|-resisted|p1a: landorustherian
|-damage|p1a: landorustherian|75/100 tox
|
|-heal|p1a: landorustherian|81/100 tox|[from] item: Leftovers
|-damage|p1a: landorustherian|75/100 tox|[from] psn
|upkeep
|turn|22
|
|t:|1666244372
|switch|p2a: Mandibuzz|Mandibuzz, F|73/100 tox
|move|p1a: landorustherian|Earthquake|p2a: Mandibuzz
|-immune|p2a: Mandibuzz
|
|-heal|p1a: landorustherian|81/100 tox|[from] item: Leftovers
|-damage|p1a: landorustherian|69/100 tox|[from] psn
|-damage|p2a: Mandibuzz|67/100 tox|[from] psn
|upkeep
|turn|23
|
|t:|1666244374
|move|p1a: landorustherian|U-turn|p2a: Mandibuzz
|-damage|p2a: Mandibuzz|53/100 tox
|
|t:|1666244374
|switch|p1a: Heatran|Heatran, M|74/100|[from]move: U-turn
|move|p2a: Mandibuzz|U-turn|p1a: Heatran
|-resisted|p1a: Heatran
|-damage|p1a: Heatran|70/100
|
|t:|1666244377
|switch|p2a: Swampert|Swampert, M|61/100|[from]move: U-turn
|
|-heal|p2a: Swampert|67/100|[from] item: Leftovers
|upkeep
|turn|24
|
|t:|1666244385
|switch|p1a: rotomwash|Rotom-Wash|95/100
|move|p2a: Swampert|Stealth Rock|p1a: rotomwash
|-sidestart|p1: minimax_ai|move: Stealth Rock
|
|-heal|p1a: rotomwash|100/100|[from] item: Leftovers
|-heal|p2a: Swampert|73/100|[from] item: Leftovers
|upkeep
|turn|25
|
|t:|1666244388
|move|p1a: rotomwash|Nasty Plot|p1a: rotomwash
|-boost|p1a: rotomwash|spa|2
|move|p2a: Swampert|Flip Turn|p1a: rotomwash
|-resisted|p1a: rotomwash
|-damage|p1a: rotomwash|89/100
|
|t:|1666244392
|switch|p2a: Rillaboom|Rillaboom, M|90/100|[from]move: Flip Turn
|-fieldstart|move: Grassy Terrain|[from] ability: Grassy Surge|[of] p2a: Rillaboom
|
|-heal|p1a: rotomwash|96/100|[from] item: Leftovers
|-heal|p2a: Rillaboom|96/100|[from] Grassy Terrain
|upkeep
|turn|26
|
|t:|1666244395
|switch|p1a: Heatran|Heatran, M|70/100
|-damage|p1a: Heatran|58/100|[from] Stealth Rock
|move|p2a: Rillaboom|U-turn|p1a: Heatran
|-resisted|p1a: Heatran
|-damage|p1a: Heatran|49/100
|
|t:|1666244399
|switch|p2a: Swampert|Swampert, M|73/100|[from]move: U-turn
|
|-heal|p1a: Heatran|55/100|[from] Grassy Terrain
|-heal|p2a: Swampert|79/100|[from] Grassy Terrain
|-heal|p2a: Swampert|85/100|[from] item: Leftovers
|upkeep
|turn|27
|
|t:|1666244402
|move|p1a: Heatran|Stealth Rock|p2a: Swampert
|-sidestart|p2: cump3|move: Stealth Rock
|move|p2a: Swampert|Flip Turn|p1a: Heatran
|-supereffective|p1a: Heatran
|-damage|p1a: Heatran|10/100
|
|t:|1666244407
|switch|p2a: Dragapult|Dragapult, F, shiny|100/100|[from]move: Flip Turn
|-damage|p2a: Dragapult|88/100|[from] Stealth Rock
|
|-heal|p2a: Dragapult|94/100|[from] Grassy Terrain
|-heal|p1a: Heatran|16/100|[from] Grassy Terrain
|upkeep
|turn|28
|
|t:|1666244411
|move|p2a: Dragapult|Dragon Darts|p1a: Heatran
|-resisted|p1a: Heatran
|-damage|p1a: Heatran|0 fnt
|faint|p1a: Heatran
|
|-heal|p2a: Dragapult|99/100|[from] Grassy Terrain
|upkeep
|
|t:|1666244412
|switch|p1a: Tangrowth|Tangrowth, M|100/100
|-damage|p1a: Tangrowth|88/100|[from] Stealth Rock
|turn|29
|
|t:|1666244415
|switch|p2a: Mandibuzz|Mandibuzz, F|53/100 tox
|move|p1a: Tangrowth|Giga Drain|p2a: Mandibuzz
|-resisted|p2a: Mandibuzz
|-damage|p2a: Mandibuzz|39/100 tox
|-heal|p1a: Tangrowth|96/100|[from] drain|[of] p2a: Mandibuzz
|
|-heal|p1a: Tangrowth|100/100|[from] Grassy Terrain
|-damage|p2a: Mandibuzz|33/100 tox|[from] psn
|-fieldend|move: Grassy Terrain
|upkeep
|turn|30
|
|t:|1666244418
|move|p2a: Mandibuzz|Roost|p2a: Mandibuzz
|-heal|p2a: Mandibuzz|83/100 tox
|-singleturn|p2a: Mandibuzz|move: Roost
|move|p1a: Tangrowth|Giga Drain|p2a: Mandibuzz
|-damage|p2a: Mandibuzz|58/100 tox
|
|-damage|p2a: Mandibuzz|45/100 tox|[from] psn
|upkeep
|turn|31
|
|t:|1666244434
|switch|p2a: Magnezone|Magnezone, shiny|87/100
|-damage|p2a: Magnezone|81/100|[from] Stealth Rock
|move|p1a: Tangrowth|Giga Drain|p2a: Magnezone
|-resisted|p2a: Magnezone
|-damage|p2a: Magnezone|66/100
|
|upkeep
|turn|32
|
|t:|1666244437
|move|p2a: Magnezone|Toxic|p1a: Tangrowth
|-status|p1a: Tangrowth|tox
|move|p1a: Tangrowth|Sleep Powder|p2a: Magnezone
|-status|p2a: Magnezone|slp|[from] move: Sleep Powder
|
|-damage|p1a: Tangrowth|94/100 tox|[from] psn
|upkeep
|turn|33
|
|t:|1666244440
|switch|p2a: Mandibuzz|Mandibuzz, F|45/100 tox
|move|p1a: Tangrowth|Giga Drain|p2a: Mandibuzz
|-resisted|p2a: Mandibuzz
|-damage|p2a: Mandibuzz|33/100 tox
|-heal|p1a: Tangrowth|100/100 tox|[from] drain|[of] p2a: Mandibuzz
|
|-damage|p2a: Mandibuzz|27/100 tox|[from] psn
|-damage|p1a: Tangrowth|88/100 tox|[from] psn
|upkeep
|turn|34
|
|t:|1666244442
|move|p2a: Mandibuzz|Roost|p2a: Mandibuzz
|-heal|p2a: Mandibuzz|77/100 tox
|-singleturn|p2a: Mandibuzz|move: Roost
|move|p1a: Tangrowth|Giga Drain|p2a: Mandibuzz
|-damage|p2a: Mandibuzz|55/100 tox
|-heal|p1a: Tangrowth|99/100 tox|[from] drain|[of] p2a: Mandibuzz
|
|-damage|p2a: Mandibuzz|43/100 tox|[from] psn
|-damage|p1a: Tangrowth|81/100 tox|[from] psn
|upkeep
|turn|35
|
|t:|1666244446
|move|p2a: Mandibuzz|U-turn|p1a: Tangrowth
|-supereffective|p1a: Tangrowth
|-damage|p1a: Tangrowth|69/100 tox
|
|t:|1666244447
|switch|p2a: Magnezone|Magnezone, shiny|66/100 slp|[from]move: U-turn
|-damage|p2a: Magnezone|60/100 slp|[from] Stealth Rock
|move|p1a: Tangrowth|Giga Drain|p2a: Magnezone
|-resisted|p2a: Magnezone
|-damage|p2a: Magnezone|42/100 slp
|-heal|p1a: Tangrowth|76/100 tox|[from] drain|[of] p2a: Magnezone
|
|-damage|p1a: Tangrowth|51/100 tox|[from] psn
|upkeep
|turn|36
|
|t:|1666244450
|switch|p2a: Mandibuzz|Mandibuzz, F|43/100 tox
|switch|p1a: Weavile|Weavile, M|100/100
|-damage|p1a: Weavile|76/100|[from] Stealth Rock
|-ability|p1a: Weavile|Pressure
|
|-damage|p2a: Mandibuzz|37/100 tox|[from] psn
|upkeep
|turn|37
|
|t:|1666244453
|switch|p2a: Magnezone|Magnezone, shiny|42/100 slp
|-damage|p2a: Magnezone|35/100 slp|[from] Stealth Rock
|move|p1a: Weavile|Triple Axel|p2a: Magnezone
|-resisted|p2a: Magnezone
|-damage|p2a: Magnezone|30/100 slp
|-resisted|p2a: Magnezone
|-damage|p2a: Magnezone|20/100 slp
|-hitcount|p2a: Magnezone|2
|
|upkeep
|turn|38
|
|t:|1666244455
|move|p1a: Weavile|Triple Axel|p2a: Magnezone
|-resisted|p2a: Magnezone
|-damage|p2a: Magnezone|15/100 slp
|-hitcount|p2a: Magnezone|1
|cant|p2a: Magnezone|slp
|
|upkeep
|turn|39
|
|t:|1666244457
|move|p1a: Weavile|Triple Axel|p2a: Magnezone
|-resisted|p2a: Magnezone
|-damage|p2a: Magnezone|10/100 slp
|-resisted|p2a: Magnezone
|-damage|p2a: Magnezone|0 fnt
|faint|p2a: Magnezone
|-hitcount|p2: Magnezone|2
|
|upkeep
|
|t:|1666244461
|switch|p2a: Rillaboom|Rillaboom, M|96/100
|-damage|p2a: Rillaboom|84/100|[from] Stealth Rock
|-fieldstart|move: Grassy Terrain|[from] ability: Grassy Surge|[of] p2a: Rillaboom
|turn|40
|
|t:|1666244464
|switch|p1a: landorustherian|Landorus-Therian, M|69/100 tox
|-damage|p1a: landorustherian|56/100 tox|[from] Stealth Rock
|-ability|p1a: landorustherian|Intimidate|boost
|-unboost|p2a: Rillaboom|atk|1
|move|p2a: Rillaboom|U-turn|p1a: landorustherian
|-resisted|p1a: landorustherian
|-damage|p1a: landorustherian|43/100 tox
|
|t:|1666244467
|switch|p2a: Dragapult|Dragapult, F, shiny|99/100|[from]move: U-turn
|-damage|p2a: Dragapult|88/100|[from] Stealth Rock
|
|-heal|p2a: Dragapult|94/100|[from] Grassy Terrain
|-heal|p1a: landorustherian|49/100 tox|[from] item: Leftovers
|-damage|p1a: landorustherian|43/100 tox|[from] psn
|upkeep
|turn|41
|
|t:|1666244468
|move|p2a: Dragapult|Dragon Darts|p1a: landorustherian
|-damage|p1a: landorustherian|1/100 tox
|-anim|p2a: Dragapult|Dragon Darts|p1a: landorustherian
|-damage|p1a: landorustherian|0 fnt
|faint|p1a: landorustherian
|
|-heal|p2a: Dragapult|99/100|[from] Grassy Terrain
|upkeep
|
|t:|1666244468
|switch|p1a: Tangrowth|Tangrowth, M|84/100 tox
|-damage|p1a: Tangrowth|72/100 tox|[from] Stealth Rock
|turn|42
|
|t:|1666244472
|switch|p2a: Mandibuzz|Mandibuzz, F|37/100 tox
|move|p1a: Tangrowth|Knock Off|p2a: Mandibuzz
|-resisted|p2a: Mandibuzz
|-damage|p2a: Mandibuzz|30/100 tox
|-enditem|p2a: Mandibuzz|Heavy-Duty Boots|[from] move: Knock Off|[of] p1a: Tangrowth
|
|-heal|p1a: Tangrowth|78/100 tox|[from] Grassy Terrain
|-damage|p2a: Mandibuzz|24/100 tox|[from] psn
|-damage|p1a: Tangrowth|72/100 tox|[from] psn
|upkeep
|turn|43
|
|t:|1666244473
|move|p2a: Mandibuzz|Roost|p2a: Mandibuzz
|-heal|p2a: Mandibuzz|74/100 tox
|-singleturn|p2a: Mandibuzz|move: Roost
|move|p1a: Tangrowth|Giga Drain|p2a: Mandibuzz
|-damage|p2a: Mandibuzz|42/100 tox
|-heal|p1a: Tangrowth|89/100 tox|[from] drain|[of] p2a: Mandibuzz
|
|-heal|p2a: Mandibuzz|48/100 tox|[from] Grassy Terrain
|-heal|p1a: Tangrowth|95/100 tox|[from] Grassy Terrain
|-damage|p2a: Mandibuzz|36/100 tox|[from] psn
|-damage|p1a: Tangrowth|83/100 tox|[from] psn
|upkeep
|turn|44
|
|t:|1666244475
|move|p2a: Mandibuzz|Roost|p2a: Mandibuzz
|-heal|p2a: Mandibuzz|86/100 tox
|-singleturn|p2a: Mandibuzz|move: Roost
|move|p1a: Tangrowth|Giga Drain|p2a: Mandibuzz
|-damage|p2a: Mandibuzz|54/100 tox
|-heal|p1a: Tangrowth|99/100 tox|[from] drain|[of] p2a: Mandibuzz
|
|-heal|p2a: Mandibuzz|60/100 tox|[from] Grassy Terrain
|-heal|p1a: Tangrowth|100/100 tox|[from] Grassy Terrain
|-damage|p2a: Mandibuzz|42/100 tox|[from] psn
|-damage|p1a: Tangrowth|82/100 tox|[from] psn
|-fieldend|move: Grassy Terrain
|upkeep
|turn|45
|
|t:|1666244485
|move|p2a: Mandibuzz|Defog|p1a: Tangrowth
|-unboost|p1a: Tangrowth|evasion|1
|-sideend|p1: minimax_ai|Stealth Rock|[from] move: Defog|[of] p2a: Mandibuzz
|-sideend|p2: cump3|Stealth Rock|[from] move: Defog|[of] p2a: Mandibuzz
|move|p1a: Tangrowth|Knock Off|p2a: Mandibuzz
|-resisted|p2a: Mandibuzz
|-damage|p2a: Mandibuzz|37/100 tox
|
|-damage|p2a: Mandibuzz|13/100 tox|[from] psn
|-damage|p1a: Tangrowth|57/100 tox|[from] psn
|upkeep
|turn|46
|
|t:|1666244491
|switch|p2a: Swampert|Swampert, M|85/100
|switch|p1a: Weavile|Weavile, M|76/100
|-ability|p1a: Weavile|Pressure
|
|-heal|p2a: Swampert|92/100|[from] item: Leftovers
|upkeep
|turn|47
|
|t:|1666244495
|switch|p2a: Mandibuzz|Mandibuzz, F|13/100 tox
|move|p1a: Weavile|Triple Axel|p2a: Mandibuzz
|-supereffective|p2a: Mandibuzz
|-damage|p2a: Mandibuzz|0 fnt
|faint|p2a: Mandibuzz
|-hitcount|p2: Mandibuzz|1
|
|upkeep
|
|t:|1666244498
|switch|p2a: Rillaboom|Rillaboom, M|84/100
|-fieldstart|move: Grassy Terrain|[from] ability: Grassy Surge|[of] p2a: Rillaboom
|turn|48
|
|t:|1666244500
|move|p2a: Rillaboom|Grassy Glide|p1a: Weavile
|-damage|p1a: Weavile|0 fnt
|faint|p1a: Weavile
|
|-heal|p2a: Rillaboom|90/100|[from] Grassy Terrain
|upkeep
|
|t:|1666244500
|switch|p1a: Tangrowth|Tangrowth, M|90/100 tox
|turn|49
|
|t:|1666244510
|switch|p2a: Dragapult|Dragapult, F, shiny|99/100
|move|p1a: Tangrowth|Knock Off|p2a: Dragapult
|-supereffective|p2a: Dragapult
|-damage|p2a: Dragapult|42/100
|-enditem|p2a: Dragapult|Choice Band|[from] move: Knock Off|[of] p1a: Tangrowth
|
|-heal|p2a: Dragapult|48/100|[from] Grassy Terrain
|-heal|p1a: Tangrowth|97/100 tox|[from] Grassy Terrain
|-damage|p1a: Tangrowth|90/100 tox|[from] psn
|upkeep
|turn|50
|
|t:|1666244512
|move|p2a: Dragapult|Dragon Darts|p1a: Tangrowth
|-damage|p1a: Tangrowth|75/100 tox
|-anim|p2a: Dragapult|Dragon Darts|p1a: Tangrowth
|-damage|p1a: Tangrowth|60/100 tox
|move|p1a: Tangrowth|Knock Off|p2a: Dragapult
|-supereffective|p2a: Dragapult
|-crit|p2a: Dragapult
|-damage|p2a: Dragapult|0 fnt
|faint|p2a: Dragapult
|
|-heal|p1a: Tangrowth|66/100 tox|[from] Grassy Terrain
|-damage|p1a: Tangrowth|54/100 tox|[from] psn
|upkeep
|
|t:|1666244514
|switch|p2a: Tapu Lele|Tapu Lele, shiny|25/100
|-fieldstart|move: Psychic Terrain|[from] ability: Psychic Surge|[of] p2a: Tapu Lele
|turn|51
|
|t:|1666244518
|move|p2a: Tapu Lele|Moonblast|p1a: Tangrowth
|-damage|p1a: Tangrowth|0 fnt
|faint|p1a: Tangrowth
|
|upkeep
|
|t:|1666244518
|switch|p1a: rotomwash|Rotom-Wash|96/100
|turn|52
|
|t:|1666244520
|move|p2a: Tapu Lele|Moonblast|p1a: rotomwash
|-damage|p1a: rotomwash|12/100
|-unboost|p1a: rotomwash|spa|1
|move|p1a: rotomwash|Thunderbolt|p2a: Tapu Lele
|-damage|p2a: Tapu Lele|2/100
|
|-heal|p1a: rotomwash|19/100|[from] item: Leftovers
|upkeep
|turn|53
|
|t:|1666244521
|move|p2a: Tapu Lele|Moonblast|p1a: rotomwash
|-damage|p1a: rotomwash|0 fnt
|faint|p1a: rotomwash
|
|win|cump3
|raw|minimax_ai's rating: 1492 &rarr; <strong>1477</strong><br />(-15 for losing)
|raw|cump3's rating: 1583 &rarr; <strong>1598</strong><br />(+15 for winning)
|c|☆minimax_ai|gg
|l|☆minimax_ai
