|html|<div class="broadcast-blue"><strong>[Gen 8] OU is currently suspecting Melmetal! For information on how to participate check out the <a href="https://www.smogon.com/forums/threads/np-ss-ou-suspect-process-round-12-monster-mash.3709234/">suspect thread</a>.</strong></div>
|j|☆Waynner
|j|☆HQSNonsense
|t:|1666462269
|gametype|singles
|player|p1|Waynner|chili|1638
|player|p2|HQSNonsense|veteranf|1698
|teamsize|p1|6
|teamsize|p2|6
|gen|8
|tier|[Gen 8] OU
|rated|
|rule|Sleep Clause Mod: Limit one foe put to sleep
|rule|Species Clause: Limit one of each Pokémon
|rule|OHKO Clause: OHKO moves are banned
|rule|Evasion Items Clause: Evasion items are banned
|rule|Evasion Moves Clause: Evasion moves are banned
|rule|Endless Battle Clause: Forcing endless battles is banned
|rule|HP Percentage Mod: HP is shown in percentages
|rule|Dynamax Clause: You cannot dynamax
|clearpoke
|poke|p1|Ninetales-Alola, M|
|poke|p1|Dragapult, F|
|poke|p1|Volcarona, M|
|poke|p1|Mimikyu, M|
|poke|p1|Ferrothorn, F|
|poke|p1|Toxapex, F|
|poke|p2|Dragapult, F|
|poke|p2|Weavile, M|
|poke|p2|Rillaboom, F|
|poke|p2|Nihilego|
|poke|p2|Garchomp, F|
|poke|p2|Celesteela|
|teampreview
|inactive|Battle timer is ON: inactive players will automatically lose when time's up. (requested by HQSNonsense)
|
|t:|1666462311
|start
|switch|p1a: Ninetales|Ninetales-Alola, M|100/100
|switch|p2a: Nihilego|Nihilego|100/100
|-weather|Hail|[from] ability: Snow Warning|[of] p1a: Ninetales
|turn|1
|
|t:|1666462316
|switch|p1a: Ferrothorn|Ferrothorn, F|100/100
|move|p2a: Nihilego|Meteor Beam||[still]
|-prepare|p2a: Nihilego|Meteor Beam
|-boost|p2a: Nihilego|spa|1
|-enditem|p2a: Nihilego|Power Herb
|-anim|p2a: Nihilego|Meteor Beam|p1a: Ferrothorn
|-resisted|p1a: Ferrothorn
|-damage|p1a: Ferrothorn|61/100
|
|-weather|Hail|[upkeep]
|-damage|p2a: Nihilego|94/100|[from] Hail
|-damage|p1a: Ferrothorn|55/100|[from] Hail
|-heal|p1a: Ferrothorn|61/100|[from] item: Leftovers
|upkeep
|turn|2
|
|t:|1666462323
|move|p2a: Nihilego|Meteor Beam||[still]
|-prepare|p2a: Nihilego|Meteor Beam
|-boost|p2a: Nihilego|spa|1
|move|p1a: Ferrothorn|Leech Seed|p2a: Nihilego
|-start|p2a: Nihilego|move: Leech Seed
|
|-weather|Hail|[upkeep]
|-damage|p2a: Nihilego|88/100|[from] Hail
|-damage|p1a: Ferrothorn|55/100|[from] Hail
|-heal|p1a: Ferrothorn|61/100|[from] item: Leftovers
|-damage|p2a: Nihilego|76/100|[from] Leech Seed|[of] p1a: Ferrothorn
|-heal|p1a: Ferrothorn|75/100|[silent]
|upkeep
|turn|3
|
|t:|1666462326
|move|p1a: Ferrothorn|Protect|p1a: Ferrothorn
|-singleturn|p1a: Ferrothorn|Protect
|move|p2a: Nihilego|Meteor Beam|p1a: Ferrothorn|[from]lockedmove
|-activate|p1a: Ferrothorn|move: Protect
|
|-weather|Hail|[upkeep]
|-damage|p2a: Nihilego|70/100|[from] Hail
|-damage|p1a: Ferrothorn|68/100|[from] Hail
|-heal|p1a: Ferrothorn|75/100|[from] item: Leftovers
|-damage|p2a: Nihilego|57/100|[from] Leech Seed|[of] p1a: Ferrothorn
|-heal|p1a: Ferrothorn|88/100|[silent]
|upkeep
|turn|4
|
|t:|1666462329
|move|p2a: Nihilego|Power Gem|p1a: Ferrothorn
|-resisted|p1a: Ferrothorn
|-damage|p1a: Ferrothorn|55/100
|move|p1a: Ferrothorn|Knock Off|p2a: Nihilego
|-damage|p2a: Nihilego|36/100
|
|-weather|Hail|[upkeep]
|-damage|p2a: Nihilego|30/100|[from] Hail
|-damage|p1a: Ferrothorn|49/100|[from] Hail
|-heal|p1a: Ferrothorn|55/100|[from] item: Leftovers
|-damage|p2a: Nihilego|17/100|[from] Leech Seed|[of] p1a: Ferrothorn
|-heal|p1a: Ferrothorn|68/100|[silent]
|upkeep
|turn|5
|
|t:|1666462334
|switch|p2a: Garchomp|Garchomp, F|100/100
|move|p1a: Ferrothorn|Protect||[still]
|-fail|p1a: Ferrothorn
|
|-weather|none
|-heal|p1a: Ferrothorn|74/100|[from] item: Leftovers
|upkeep
|turn|6
|
|t:|1666462339
|switch|p1a: Toxapex|Toxapex, F|100/100
|move|p2a: Garchomp|Stealth Rock|p1a: Toxapex
|-sidestart|p1: Waynner|move: Stealth Rock
|
|upkeep
|turn|7
|
|t:|1666462345
|move|p2a: Garchomp|Swords Dance|p2a: Garchomp
|-boost|p2a: Garchomp|atk|2
|move|p1a: Toxapex|Toxic Spikes|p2a: Garchomp
|-sidestart|p2: HQSNonsense|move: Toxic Spikes
|
|upkeep
|turn|8
|
|t:|1666462350
|switch|p1a: Mimikyu|Mimikyu, M|100/100
|-damage|p1a: Mimikyu|88/100|[from] Stealth Rock
|move|p2a: Garchomp|Earthquake|p1a: Mimikyu
|-activate|p1a: Mimikyu|ability: Disguise
|-damage|p1a: Mimikyu|88/100
|detailschange|p1a: Mimikyu|Mimikyu-Busted, M
|-damage|p1a: Mimikyu|76/100|[from] pokemon: Mimikyu-Busted
|-enditem|p1a: Mimikyu|Red Card|[of] p2a: Garchomp
|drag|p2a: Dragapult|Dragapult, F|100/100
|-status|p2a: Dragapult|psn
|
|-damage|p2a: Dragapult|88/100 psn|[from] psn
|upkeep
|turn|9
|
|t:|1666462354
|move|p1a: Mimikyu|Shadow Sneak|p2a: Dragapult
|-supereffective|p2a: Dragapult
|-damage|p2a: Dragapult|49/100 psn
|move|p2a: Dragapult|Phantom Force||[still]
|-prepare|p2a: Dragapult|Phantom Force
|
|-heal|p2a: Dragapult|55/100 psn|[from] item: Leftovers
|-damage|p2a: Dragapult|43/100 psn|[from] psn
|upkeep
|turn|10
|
|t:|1666462360
|switch|p1a: Ferrothorn|Ferrothorn, F|74/100
|-damage|p1a: Ferrothorn|68/100|[from] Stealth Rock
|move|p2a: Dragapult|Phantom Force|p1a: Ferrothorn|[from]lockedmove
|-damage|p1a: Ferrothorn|38/100
|-damage|p2a: Dragapult|30/100 psn|[from] ability: Iron Barbs|[of] p1a: Ferrothorn
|
|-heal|p2a: Dragapult|36/100 psn|[from] item: Leftovers
|-heal|p1a: Ferrothorn|45/100|[from] item: Leftovers
|-damage|p2a: Dragapult|24/100 psn|[from] psn
|upkeep
|turn|11
|
|t:|1666462366
|switch|p2a: Nihilego|Nihilego|17/100
|-sideend|p2: HQSNonsense|move: Toxic Spikes|[of] p2a: Nihilego
|move|p1a: Ferrothorn|Leech Seed|p2a: Nihilego
|-start|p2a: Nihilego|move: Leech Seed
|
|-heal|p1a: Ferrothorn|51/100|[from] item: Leftovers
|-damage|p2a: Nihilego|5/100|[from] Leech Seed|[of] p1a: Ferrothorn
|-heal|p1a: Ferrothorn|64/100|[silent]
|upkeep
|turn|12
|
|t:|1666462370
|move|p1a: Ferrothorn|Protect|p1a: Ferrothorn
|-singleturn|p1a: Ferrothorn|Protect
|move|p2a: Nihilego|Power Gem|p1a: Ferrothorn
|-activate|p1a: Ferrothorn|move: Protect
|
|-heal|p1a: Ferrothorn|70/100|[from] item: Leftovers
|-damage|p2a: Nihilego|0 fnt|[from] Leech Seed|[of] p1a: Ferrothorn
|-heal|p1a: Ferrothorn|75/100|[silent]
|faint|p2a: Nihilego
|upkeep
|j| gen8agtrol1
|
|t:|1666462375
|switch|p2a: Celesteela|Celesteela|100/100
|turn|13
|
|t:|1666462379
|move|p2a: Celesteela|Flamethrower|p1a: Ferrothorn
|-supereffective|p1a: Ferrothorn
|-damage|p1a: Ferrothorn|0 fnt
|faint|p1a: Ferrothorn
|-ability|p2a: Celesteela|Beast Boost|boost
|-boost|p2a: Celesteela|spa|1
|
|upkeep
|
|t:|1666462388
|switch|p1a: Ninetales|Ninetales-Alola, M|100/100
|-damage|p1a: Ninetales|76/100|[from] Stealth Rock
|-weather|Hail|[from] ability: Snow Warning|[of] p1a: Ninetales
|turn|14
|
|t:|1666462392
|move|p1a: Ninetales|Aurora Veil|p1a: Ninetales
|-sidestart|p1: Waynner|move: Aurora Veil
|move|p2a: Celesteela|Autotomize|p2a: Celesteela
|-boost|p2a: Celesteela|spe|2
|-start|p2a: Celesteela|Autotomize
|
|-weather|Hail|[upkeep]
|-damage|p2a: Celesteela|95/100|[from] Hail
|upkeep
|turn|15
|
|t:|1666462402
|switch|p1a: Volcarona|Volcarona, M|100/100
|move|p2a: Celesteela|Flamethrower|p1a: Volcarona
|-damage|p1a: Volcarona|78/100
|
|-weather|Hail|[upkeep]
|-damage|p2a: Celesteela|89/100|[from] Hail
|-damage|p1a: Volcarona|72/100|[from] Hail
|upkeep
|turn|16
|
|t:|1666462405
|move|p2a: Celesteela|Meteor Beam||[still]
|-prepare|p2a: Celesteela|Meteor Beam
|-boost|p2a: Celesteela|spa|1
|-enditem|p2a: Celesteela|Power Herb
|-anim|p2a: Celesteela|Meteor Beam|p1a: Volcarona
|-supereffective|p1a: Volcarona
|-damage|p1a: Volcarona|0 fnt
|faint|p1a: Volcarona
|-ability|p2a: Celesteela|Beast Boost|boost
|-boost|p2a: Celesteela|spa|1
|
|-weather|Hail|[upkeep]
|-damage|p2a: Celesteela|83/100|[from] Hail
|upkeep
|
|t:|1666462410
|switch|p1a: Dragapult|Dragapult, F|100/100
|-damage|p1a: Dragapult|88/100|[from] Stealth Rock
|turn|17
|
|t:|1666462414
|move|p2a: Celesteela|Air Slash|p1a: Dragapult
|-damage|p1a: Dragapult|24/100
|cant|p1a: Dragapult|flinch
|
|-weather|Hail|[upkeep]
|-damage|p2a: Celesteela|77/100|[from] Hail
|-damage|p1a: Dragapult|18/100|[from] Hail
|-heal|p1a: Dragapult|24/100|[from] item: Leftovers
|upkeep
|turn|18
|
|t:|1666462418
|move|p2a: Celesteela|Air Slash|p1a: Dragapult
|-damage|p1a: Dragapult|0 fnt
|faint|p1a: Dragapult
|-ability|p2a: Celesteela|Beast Boost|boost
|-boost|p2a: Celesteela|spa|1
|
|-weather|none
|upkeep
|-message|Waynner forfeited.
|
|win|HQSNonsense
|raw|Waynner's rating: 1638 &rarr; <strong>1621</strong><br />(-17 for losing)
|raw|HQSNonsense's rating: 1688 &rarr; <strong>1705</strong><br />(+17 for winning)
|l|☆Waynner
