|html|<div class="broadcast-blue"><strong>[Gen 8] OU is currently suspecting Melmetal! For information on how to participate check out the <a href="https://www.smogon.com/forums/threads/np-ss-ou-suspect-process-round-12-monster-mash.3709234/">suspect thread</a>.</strong></div>
|j|☆minimax_ai
|j|☆Kaleor
|t:|1666682221
|gametype|singles
|player|p1|minimax_ai|lusamine-nihilego|1650
|player|p2|Kaleor|swimmer-gen4dp|1692
|teamsize|p1|6
|teamsize|p2|6
|gen|8
|tier|[Gen 8] OU
|rated|
|rule|Sleep Clause Mod: Limit one foe put to sleep
|rule|Species Clause: Limit one of each Pokémon
|rule|OHKO Clause: OHKO moves are banned
|rule|Evasion Items Clause: Evasion items are banned
|rule|Evasion Moves Clause: Evasion moves are banned
|rule|Endless Battle Clause: Forcing endless battles is banned
|rule|HP Percentage Mod: HP is shown in percentages
|rule|Dynamax Clause: You cannot dynamax
|clearpoke
|poke|p1|Rotom-Wash|
|poke|p1|Weavile, M|
|poke|p1|Landorus-Therian, M|
|poke|p1|Heatran, M|
|poke|p1|Tangrowth, F|
|poke|p1|Melmetal|
|poke|p2|Rillaboom, F|
|poke|p2|Magnezone|
|poke|p2|Moltres|
|poke|p2|Conkeldurr, F|
|poke|p2|Garchomp, F|
|poke|p2|Tapu Fini|
|teampreview
|c|☆minimax_ai|hf
|inactive|Battle timer is ON: inactive players will automatically lose when time's up. (requested by minimax_ai)
|
|t:|1666682240
|start
|switch|p1a: Tangrowth|Tangrowth, F|100/100
|switch|p2a: Garchomp|Garchomp, F|100/100
|turn|1
|
|t:|1666682243
|move|p2a: Garchomp|Flamethrower|p1a: Tangrowth
|-supereffective|p1a: Tangrowth
|-damage|p1a: Tangrowth|48/100
|move|p1a: Tangrowth|Sleep Powder|p2a: Garchomp
|-status|p2a: Garchomp|slp|[from] move: Sleep Powder
|
|upkeep
|turn|2
|
|t:|1666682247
|cant|p2a: Garchomp|slp
|move|p1a: Tangrowth|Giga Drain|p2a: Garchomp
|-damage|p2a: Garchomp|69/100 slp
|-heal|p1a: Tangrowth|64/100|[from] drain|[of] p2a: Garchomp
|
|upkeep
|turn|3
|
|t:|1666682249
|-curestatus|p2a: Garchomp|slp|[msg]
|move|p2a: Garchomp|Stealth Rock|p1a: Tangrowth
|-sidestart|p1: minimax_ai|move: Stealth Rock
|move|p1a: Tangrowth|Giga Drain|p2a: Garchomp
|-damage|p2a: Garchomp|40/100
|-heal|p1a: Tangrowth|79/100|[from] drain|[of] p2a: Garchomp
|
|upkeep
|turn|4
|
|t:|1666682251
|move|p2a: Garchomp|Toxic|p1a: Tangrowth
|-status|p1a: Tangrowth|tox
|move|p1a: Tangrowth|Giga Drain|p2a: Garchomp
|-damage|p2a: Garchomp|12/100
|-heal|p1a: Tangrowth|94/100 tox|[from] drain|[of] p2a: Garchomp
|
|-damage|p1a: Tangrowth|87/100 tox|[from] psn
|upkeep
|turn|5
|
|t:|1666682256
|switch|p2a: Tapu Fini|Tapu Fini|100/100
|-fieldstart|move: Misty Terrain|[from] ability: Misty Surge|[of] p2a: Tapu Fini
|move|p1a: Tangrowth|Knock Off|p2a: Tapu Fini
|-resisted|p2a: Tapu Fini
|-damage|p2a: Tapu Fini|89/100
|-enditem|p2a: Tapu Fini|Choice Scarf|[from] move: Knock Off|[of] p1a: Tangrowth
|
|-damage|p1a: Tangrowth|75/100 tox|[from] psn
|upkeep
|turn|6
|
|t:|1666682262
|move|p2a: Tapu Fini|Trick|p1a: Tangrowth
|-activate|p2a: Tapu Fini|move: Trick|[of] p1a: Tangrowth
|-enditem|p1a: Tangrowth|Rocky Helmet|[silent]|[from] move: Trick
|-item|p2a: Tapu Fini|Rocky Helmet|[from] move: Trick
|move|p1a: Tangrowth|Giga Drain|p2a: Tapu Fini
|-supereffective|p2a: Tapu Fini
|-damage|p2a: Tapu Fini|33/100
|-heal|p1a: Tangrowth|95/100 tox|[from] drain|[of] p2a: Tapu Fini
|
|-damage|p1a: Tangrowth|76/100 tox|[from] psn
|upkeep
|turn|7
|
|t:|1666682269
|switch|p2a: Moltres|Moltres|100/100
|move|p1a: Tangrowth|Giga Drain|p2a: Moltres
|-resisted|p2a: Moltres
|-damage|p2a: Moltres|93/100
|-heal|p1a: Tangrowth|79/100 tox|[from] drain|[of] p2a: Moltres
|
|-damage|p1a: Tangrowth|55/100 tox|[from] psn
|upkeep
|turn|8
|
|t:|1666682275
|switch|p1a: landorustherian|Landorus-Therian, M|100/100
|-damage|p1a: landorustherian|88/100|[from] Stealth Rock
|-ability|p1a: landorustherian|Intimidate|boost
|-unboost|p2a: Moltres|atk|1
|move|p2a: Moltres|Flamethrower|p1a: landorustherian
|-damage|p1a: landorustherian|59/100
|-status|p1a: landorustherian|brn
|
|-heal|p1a: landorustherian|65/100 brn|[from] item: Leftovers
|-damage|p1a: landorustherian|59/100 brn|[from] brn
|upkeep
|turn|9
|
|t:|1666682283
|move|p1a: landorustherian|Defog|p2a: Moltres
|-unboost|p2a: Moltres|evasion|1
|-sideend|p1: minimax_ai|Stealth Rock|[from] move: Defog|[of] p1a: landorustherian
|-fieldend|Misty Terrain
|move|p2a: Moltres|Flamethrower|p1a: landorustherian
|-damage|p1a: landorustherian|29/100 brn
|
|-heal|p1a: landorustherian|35/100 brn|[from] item: Leftovers
|-damage|p1a: landorustherian|29/100 brn|[from] brn
|upkeep
|turn|10
|j| jly8
|
|t:|1666682287
|switch|p2a: Garchomp|Garchomp, F|12/100
|move|p1a: landorustherian|Toxic|p2a: Garchomp
|-status|p2a: Garchomp|tox
|
|-heal|p1a: landorustherian|35/100 brn|[from] item: Leftovers
|-damage|p2a: Garchomp|6/100 tox|[from] psn
|-damage|p1a: landorustherian|29/100 brn|[from] brn
|upkeep
|turn|11
|
|t:|1666682291
|move|p2a: Garchomp|Stealth Rock|p1a: landorustherian
|-sidestart|p1: minimax_ai|move: Stealth Rock
|move|p1a: landorustherian|Toxic|p2a: Garchomp
|-fail|p2a: Garchomp|tox
|
|-heal|p1a: landorustherian|35/100 brn|[from] item: Leftovers
|-damage|p2a: Garchomp|0 fnt|[from] psn
|faint|p2a: Garchomp
|-damage|p1a: landorustherian|29/100 brn|[from] brn
|upkeep
|
|t:|1666682295
|switch|p2a: Rillaboom|Rillaboom, F|100/100
|-fieldstart|move: Grassy Terrain|[from] ability: Grassy Surge|[of] p2a: Rillaboom
|turn|12
|
|t:|1666682299
|move|p2a: Rillaboom|U-turn|p1a: landorustherian
|-resisted|p1a: landorustherian
|-damage|p1a: landorustherian|10/100 brn
|
|t:|1666682303
|switch|p2a: Tapu Fini|Tapu Fini|33/100|[from]move: U-turn
|-fieldstart|move: Misty Terrain|[from] ability: Misty Surge|[of] p2a: Tapu Fini
|move|p1a: landorustherian|Defog|p2a: Tapu Fini
|-unboost|p2a: Tapu Fini|evasion|1
|-sideend|p1: minimax_ai|Stealth Rock|[from] move: Defog|[of] p1a: landorustherian
|-fieldend|Misty Terrain
|
|-heal|p1a: landorustherian|17/100 brn|[from] item: Leftovers
|-damage|p1a: landorustherian|10/100 brn|[from] brn
|upkeep
|turn|13
|
|t:|1666682305
|move|p2a: Tapu Fini|Moonblast|p1a: landorustherian
|-damage|p1a: landorustherian|0 fnt
|faint|p1a: landorustherian
|
|upkeep
|
|t:|1666682305
|switch|p1a: Heatran|Heatran, M|100/100
|-item|p1a: Heatran|Air Balloon
|turn|14
|
|t:|1666682307
|move|p2a: Tapu Fini|Hydro Pump|p1a: Heatran
|-supereffective|p1a: Heatran
|-damage|p1a: Heatran|7/100
|-enditem|p1a: Heatran|Air Balloon
|move|p1a: Heatran|Magma Storm|p2a: Tapu Fini
|-resisted|p2a: Tapu Fini
|-damage|p2a: Tapu Fini|9/100
|-activate|p2a: Tapu Fini|move: Magma Storm|[of] p1a: Heatran
|
|-damage|p2a: Tapu Fini|0 fnt|[from] move: Magma Storm|[partiallytrapped]
|faint|p2a: Tapu Fini
|upkeep
|j| Pa7riCK
|
|t:|1666682314
|switch|p2a: Conkeldurr|Conkeldurr, F|100/100
|turn|15
|
|t:|1666682317
|move|p2a: Conkeldurr|Mach Punch|p1a: Heatran
|-supereffective|p1a: Heatran
|-damage|p1a: Heatran|0 fnt
|faint|p1a: Heatran
|
|-status|p2a: Conkeldurr|brn|[from] item: Flame Orb
|upkeep
|
|t:|1666682317
|switch|p1a: Tangrowth|Tangrowth, F|88/100 tox
|turn|16
|l| Pa7riCK
|
|t:|1666682321
|switch|p2a: Moltres|Moltres|93/100
|move|p1a: Tangrowth|Giga Drain|p2a: Moltres
|-resisted|p2a: Moltres
|-damage|p2a: Moltres|86/100
|-heal|p1a: Tangrowth|92/100 tox|[from] drain|[of] p2a: Moltres
|
|-damage|p1a: Tangrowth|85/100 tox|[from] psn
|upkeep
|turn|17
|
|t:|1666682324
|switch|p1a: rotomwash|Rotom-Wash|100/100
|move|p2a: Moltres|Flamethrower|p1a: rotomwash
|-resisted|p1a: rotomwash
|-damage|p1a: rotomwash|81/100
|
|-heal|p1a: rotomwash|87/100|[from] item: Leftovers
|upkeep
|turn|18
|
|t:|1666682327
|switch|p2a: Magnezone|Magnezone|100/100
|move|p1a: rotomwash|Thunderbolt|p2a: Magnezone
|-resisted|p2a: Magnezone
|-damage|p2a: Magnezone|77/100
|
|-heal|p1a: rotomwash|94/100|[from] item: Leftovers
|upkeep
|turn|19
|
|t:|1666682331
|move|p1a: rotomwash|Hydro Pump|p2a: Magnezone
|-damage|p2a: Magnezone|15/100
|move|p2a: Magnezone|Thunderbolt|p1a: rotomwash
|-damage|p1a: rotomwash|18/100
|
|-heal|p1a: rotomwash|25/100|[from] item: Leftovers
|upkeep
|turn|20
|
|t:|1666682334
|move|p1a: rotomwash|Thunderbolt|p2a: Magnezone
|-resisted|p2a: Magnezone
|-damage|p2a: Magnezone|0 fnt
|faint|p2a: Magnezone
|
|-heal|p1a: rotomwash|31/100|[from] item: Leftovers
|upkeep
|j| samohi0
|
|t:|1666682339
|switch|p2a: Conkeldurr|Conkeldurr, F|100/100 brn
|turn|21
|
|t:|1666682341
|move|p2a: Conkeldurr|Mach Punch|p1a: rotomwash
|-damage|p1a: rotomwash|0 fnt
|faint|p1a: rotomwash
|
|-damage|p2a: Conkeldurr|94/100 brn|[from] brn
|upkeep
|
|t:|1666682341
|switch|p1a: Tangrowth|Tangrowth, F|100/100 tox
|turn|22
|
|t:|1666682345
|move|p2a: Conkeldurr|Facade|p1a: Tangrowth
|-crit|p1a: Tangrowth
|-damage|p1a: Tangrowth|34/100 tox
|move|p1a: Tangrowth|Giga Drain|p2a: Conkeldurr
|-damage|p2a: Conkeldurr|60/100 brn
|-heal|p1a: Tangrowth|51/100 tox|[from] drain|[of] p2a: Conkeldurr
|
|-damage|p1a: Tangrowth|45/100 tox|[from] psn
|-damage|p2a: Conkeldurr|54/100 brn|[from] brn
|upkeep
|turn|23
|
|t:|1666682348
|move|p2a: Conkeldurr|Facade|p1a: Tangrowth
|-damage|p1a: Tangrowth|0 fnt
|faint|p1a: Tangrowth
|
|-damage|p2a: Conkeldurr|47/100 brn|[from] brn
|upkeep
|
|t:|1666682348
|switch|p1a: Weavile|Weavile, M|100/100
|-ability|p1a: Weavile|Pressure
|turn|24
|
|t:|1666682351
|move|p1a: Weavile|Ice Shard|p2a: Conkeldurr
|-damage|p2a: Conkeldurr|18/100 brn
|move|p2a: Conkeldurr|Mach Punch|p1a: Weavile
|-supereffective|p1a: Weavile
|-damage|p1a: Weavile|0 fnt
|faint|p1a: Weavile
|
|-damage|p2a: Conkeldurr|12/100 brn|[from] brn
|upkeep
|
|t:|1666682351
|switch|p1a: Melmetal|Melmetal|100/100
|turn|25
|
|t:|1666682354
|move|p2a: Conkeldurr|Close Combat|p1a: Melmetal
|-supereffective|p1a: Melmetal
|-damage|p1a: Melmetal|0 fnt
|-unboost|p2a: Conkeldurr|def|1
|-unboost|p2a: Conkeldurr|spd|1
|faint|p1a: Melmetal
|
|win|Kaleor
|raw|minimax_ai's rating: 1650 &rarr; <strong>1632</strong><br />(-18 for losing)
|raw|Kaleor's rating: 1692 &rarr; <strong>1710</strong><br />(+18 for winning)
|c|☆minimax_ai|gg
|l|☆minimax_ai
|c|☆Kaleor|Gg
