|j|☆Colonel Rivai
|j|☆LT92PF FJ2K
|t:|1660320713
|gametype|singles
|player|p1|Colonel Rivai|170|1560
|player|p2|LT92PF FJ2K|266|1565
|teamsize|p1|6
|teamsize|p2|6
|gen|8
|tier|[Gen 8] OU
|rated|
|rule|Sleep Clause Mod: Limit one foe put to sleep
|rule|Species Clause: Limit one of each Pokémon
|rule|OHKO Clause: OHKO moves are banned
|rule|Evasion Items Clause: Evasion items are banned
|rule|Evasion Moves Clause: Evasion moves are banned
|rule|Endless Battle Clause: Forcing endless battles is banned
|rule|HP Percentage Mod: HP is shown in percentages
|rule|Dynamax Clause: You cannot dynamax
|clearpoke
|poke|p1|Tapu Lele|
|poke|p1|Magnezone|
|poke|p1|Landorus-Therian, M|
|poke|p1|Weavile, F|
|poke|p1|Toxapex, F|
|poke|p1|Kartana|
|poke|p2|Tyranitar, F|
|poke|p2|Rotom-Wash|
|poke|p2|Ferrothorn, M|
|poke|p2|Excadrill, M|
|poke|p2|Dragapult, M|
|poke|p2|Clefable, M|
|teampreview
|inactive|Battle timer is ON: inactive players will automatically lose when time's up. (requested by LT92PF FJ2K)
|
|t:|1660320727
|start
|switch|p1a: Landorus|Landorus-Therian, M|100/100
|switch|p2a: Rotom|Rotom-Wash|100/100
|-ability|p1a: Landorus|Intimidate|boost
|-unboost|p2a: Rotom|atk|1
|turn|1
|
|t:|1660320741
|move|p2a: Rotom|Hydro Pump|p1a: Landorus
|-supereffective|p1a: Landorus
|-damage|p1a: Landorus|36/100
|move|p1a: Landorus|Stealth Rock|p2a: Rotom
|-sidestart|p2: LT92PF FJ2K|move: Stealth Rock
|
|-heal|p1a: Landorus|42/100|[from] item: Leftovers
|upkeep
|turn|2
|
|t:|1660320752
|switch|p1a: Toxapex|Toxapex, F|100/100
|move|p2a: Rotom|Hydro Pump|p1a: Toxapex
|-resisted|p1a: Toxapex
|-damage|p1a: Toxapex|85/100
|-enditem|p1a: Toxapex|Eject Button
|
|t:|1660320758
|switch|p1a: Kartana|Kartana|100/100
|
|upkeep
|turn|3
|
|t:|1660320779
|switch|p2a: Ferrothorn|Ferrothorn, M|100/100
|-damage|p2a: Ferrothorn|94/100|[from] Stealth Rock
|move|p1a: Kartana|Leaf Blade|p2a: Ferrothorn
|-resisted|p2a: Ferrothorn
|-damage|p2a: Ferrothorn|84/100
|-damage|p1a: Kartana|88/100|[from] ability: Iron Barbs|[of] p2a: Ferrothorn
|
|-heal|p2a: Ferrothorn|90/100|[from] item: Leftovers
|upkeep
|turn|4
|
|t:|1660320793
|switch|p1a: Landorus|Landorus-Therian, M|42/100
|-ability|p1a: Landorus|Intimidate|boost
|-unboost|p2a: Ferrothorn|atk|1
|switch|p2a: Clefable|Clefable, M|100/100
|
|-heal|p1a: Landorus|48/100|[from] item: Leftovers
|upkeep
|turn|5
|
|t:|1660320802
|move|p1a: Landorus|Earthquake|p2a: Clefable
|-damage|p2a: Clefable|64/100
|move|p2a: Clefable|Stealth Rock|p1a: Landorus
|-sidestart|p1: Colonel Rivai|move: Stealth Rock
|
|-heal|p1a: Landorus|54/100|[from] item: Leftovers
|upkeep
|turn|6
|
|t:|1660320806
|move|p1a: Landorus|Earthquake|p2a: Clefable
|-damage|p2a: Clefable|29/100
|move|p2a: Clefable|Soft-Boiled|p2a: Clefable
|-heal|p2a: Clefable|79/100
|
|-heal|p1a: Landorus|60/100|[from] item: Leftovers
|upkeep
|turn|7
|
|t:|1660320809
|switch|p2a: Rotom|Rotom-Wash|100/100
|-damage|p2a: Rotom|88/100|[from] Stealth Rock
|move|p1a: Landorus|Earthquake|p2a: Rotom
|-immune|p2a: Rotom|[from] ability: Levitate
|
|-heal|p2a: Rotom|94/100|[from] item: Leftovers
|-heal|p1a: Landorus|66/100|[from] item: Leftovers
|upkeep
|turn|8
|
|t:|1660320819
|move|p2a: Rotom|Hydro Pump|p1a: Landorus
|-supereffective|p1a: Landorus
|-damage|p1a: Landorus|11/100
|move|p1a: Landorus|U-turn|p2a: Rotom
|-damage|p2a: Rotom|72/100
|
|t:|1660320822
|switch|p1a: Kartana|Kartana|88/100|[from]move: U-turn
|-damage|p1a: Kartana|82/100|[from] Stealth Rock
|
|-heal|p2a: Rotom|78/100|[from] item: Leftovers
|upkeep
|turn|9
|
|t:|1660320825
|switch|p2a: Clefable|Clefable, M|79/100
|move|p1a: Kartana|Leaf Blade|p2a: Clefable
|-damage|p2a: Clefable|36/100
|-damage|p1a: Kartana|65/100|[from] item: Rocky Helmet|[of] p2a: Clefable
|
|upkeep
|turn|10
|
|t:|1660320832
|switch|p1a: Magnezone|Magnezone|100/100
|-damage|p1a: Magnezone|94/100|[from] Stealth Rock
|switch|p2a: Ferrothorn|Ferrothorn, M|90/100
|-damage|p2a: Ferrothorn|84/100|[from] Stealth Rock
|
|-heal|p1a: Magnezone|100/100|[from] item: Leftovers
|-heal|p2a: Ferrothorn|90/100|[from] item: Leftovers
|upkeep
|turn|11
|
|t:|1660320835
|move|p1a: Magnezone|Iron Defense|p1a: Magnezone
|-boost|p1a: Magnezone|def|2
|move|p2a: Ferrothorn|Spikes|p1a: Magnezone
|-sidestart|p1: Colonel Rivai|Spikes
|
|-heal|p2a: Ferrothorn|96/100|[from] item: Leftovers
|upkeep
|turn|12
|
|t:|1660320840
|move|p1a: Magnezone|Iron Defense|p1a: Magnezone
|-boost|p1a: Magnezone|def|2
|move|p2a: Ferrothorn|Spikes|p1a: Magnezone
|-sidestart|p1: Colonel Rivai|Spikes
|
|-heal|p2a: Ferrothorn|100/100|[from] item: Leftovers
|upkeep
|turn|13
|
|t:|1660320842
|move|p1a: Magnezone|Body Press|p2a: Ferrothorn
|-supereffective|p2a: Ferrothorn
|-damage|p2a: Ferrothorn|0 fnt
|-damage|p1a: Magnezone|88/100|[from] ability: Iron Barbs|[of] p2a: Ferrothorn
|faint|p2a: Ferrothorn
|
|-heal|p1a: Magnezone|94/100|[from] item: Leftovers
|upkeep
|
|t:|1660320846
|switch|p2a: Dragapult|Dragapult, M|100/100
|-damage|p2a: Dragapult|88/100|[from] Stealth Rock
|turn|14
|
|t:|1660320852
|switch|p1a: Toxapex|Toxapex, F|100/100
|-damage|p1a: Toxapex|88/100|[from] Stealth Rock
|-damage|p1a: Toxapex|72/100|[from] Spikes
|move|p2a: Dragapult|Shadow Ball|p1a: Toxapex
|-damage|p1a: Toxapex|23/100
|
|upkeep
|turn|15
|
|t:|1660320856
|switch|p1a: Weavile|Weavile, F|100/100
|-ability|p1a: Weavile|Pressure
|move|p2a: Dragapult|Shadow Ball|p1a: Weavile
|-resisted|p1a: Weavile
|-crit|p1a: Weavile
|-damage|p1a: Weavile|44/100
|
|upkeep
|turn|16
|
|t:|1660320863
|switch|p2a: Clefable|Clefable, M|36/100
|move|p1a: Weavile|Knock Off|p2a: Clefable
|-resisted|p2a: Clefable
|-damage|p2a: Clefable|17/100
|-damage|p1a: Weavile|28/100|[from] item: Rocky Helmet|[of] p2a: Clefable
|-enditem|p2a: Clefable|Rocky Helmet|[from] move: Knock Off|[of] p1a: Weavile
|
|upkeep
|turn|17
|
|t:|1660320871
|move|p1a: Weavile|Triple Axel|p2a: Clefable
|-damage|p2a: Clefable|10/100
|-damage|p2a: Clefable|0 fnt
|faint|p2a: Clefable
|-hitcount|p2: Clefable|2
|
|upkeep
|
|t:|1660320875
|switch|p2a: Rotom|Rotom-Wash|78/100
|-damage|p2a: Rotom|65/100|[from] Stealth Rock
|turn|18
|
|t:|1660320884
|move|p1a: Weavile|Knock Off|p2a: Rotom
|-damage|p2a: Rotom|12/100
|-enditem|p2a: Rotom|Leftovers|[from] move: Knock Off|[of] p1a: Weavile
|move|p2a: Rotom|Volt Switch|p1a: Weavile
|-damage|p1a: Weavile|0 fnt
|faint|p1a: Weavile
|
|t:|1660320892
|switch|p2a: Dragapult|Dragapult, M|88/100|[from]move: Volt Switch
|-damage|p2a: Dragapult|76/100|[from] Stealth Rock
|
|upkeep
|
|t:|1660320899
|switch|p1a: Kartana|Kartana|65/100
|-damage|p1a: Kartana|59/100|[from] Stealth Rock
|-damage|p1a: Kartana|43/100|[from] Spikes
|turn|19
|
|t:|1660320902
|switch|p2a: Rotom|Rotom-Wash|12/100
|-damage|p2a: Rotom|0 fnt|[from] Stealth Rock
|faint|p2a: Rotom
|move|p1a: Kartana|Knock Off|p2: Rotom|[notarget]
|-fail|p1a: Kartana
|
|upkeep
|
|t:|1660320906
|switch|p2a: Tyranitar|Tyranitar, F|100/100
|-damage|p2a: Tyranitar|88/100|[from] Stealth Rock
|-weather|Sandstorm|[from] ability: Sand Stream|[of] p2a: Tyranitar
|turn|20
|
|t:|1660320915
|switch|p1a: Landorus|Landorus-Therian, M|11/100
|-damage|p1a: Landorus|0 fnt|[from] Stealth Rock
|faint|p1a: Landorus
|move|p2a: Tyranitar|Crunch|p1: Landorus|[notarget]
|-fail|p2a: Tyranitar
|
|-weather|Sandstorm|[upkeep]
|upkeep
|
|t:|1660320919
|switch|p1a: Magnezone|Magnezone|94/100
|-damage|p1a: Magnezone|88/100|[from] Stealth Rock
|-damage|p1a: Magnezone|71/100|[from] Spikes
|turn|21
|
|t:|1660320923
|switch|p2a: Dragapult|Dragapult, M|76/100
|-damage|p2a: Dragapult|64/100|[from] Stealth Rock
|move|p1a: Magnezone|Iron Defense|p1a: Magnezone
|-boost|p1a: Magnezone|def|2
|
|-weather|Sandstorm|[upkeep]
|-damage|p2a: Dragapult|58/100|[from] Sandstorm
|-heal|p1a: Magnezone|77/100|[from] item: Leftovers
|upkeep
|turn|22
|
|t:|1660320932
|move|p2a: Dragapult|Shadow Ball|p1a: Magnezone
|-damage|p1a: Magnezone|5/100
|move|p1a: Magnezone|Flash Cannon|p2a: Dragapult
|-damage|p2a: Dragapult|8/100
|
|-weather|Sandstorm|[upkeep]
|-damage|p2a: Dragapult|2/100|[from] Sandstorm
|-heal|p1a: Magnezone|11/100|[from] item: Leftovers
|upkeep
|turn|23
|
|t:|1660320938
|move|p2a: Dragapult|Shadow Ball|p1a: Magnezone
|-damage|p1a: Magnezone|0 fnt
|faint|p1a: Magnezone
|
|-weather|Sandstorm|[upkeep]
|-damage|p2a: Dragapult|0 fnt|[from] Sandstorm
|faint|p2a: Dragapult
|upkeep
|
|t:|1660320947
|switch|p2a: Excadrill|Excadrill, M|100/100
|switch|p1a: Toxapex|Toxapex, F|56/100
|-damage|p2a: Excadrill|97/100|[from] Stealth Rock
|-damage|p1a: Toxapex|44/100|[from] Stealth Rock
|-damage|p1a: Toxapex|27/100|[from] Spikes
|turn|24
|
|t:|1660320950
|move|p2a: Excadrill|Earthquake|p1a: Toxapex
|-supereffective|p1a: Toxapex
|-damage|p1a: Toxapex|0 fnt
|faint|p1a: Toxapex
|
|-weather|none
|-heal|p2a: Excadrill|100/100|[from] item: Leftovers
|upkeep
|
|t:|1660320952
|switch|p1a: Kartana|Kartana|43/100
|-damage|p1a: Kartana|36/100|[from] Stealth Rock
|-damage|p1a: Kartana|20/100|[from] Spikes
|turn|25
|
|t:|1660320956
|switch|p2a: Tyranitar|Tyranitar, F|88/100
|-damage|p2a: Tyranitar|76/100|[from] Stealth Rock
|-weather|Sandstorm|[from] ability: Sand Stream|[of] p2a: Tyranitar
|move|p1a: Kartana|Leaf Blade|p2a: Tyranitar
|-supereffective|p2a: Tyranitar
|-crit|p2a: Tyranitar
|-damage|p2a: Tyranitar|0 fnt
|faint|p2a: Tyranitar
|-ability|p1a: Kartana|Beast Boost|boost
|-boost|p1a: Kartana|atk|1
|
|-weather|Sandstorm|[upkeep]
|upkeep
|
|t:|1660320958
|switch|p2a: Excadrill|Excadrill, M|100/100
|-damage|p2a: Excadrill|97/100|[from] Stealth Rock
|turn|26
|c|☆LT92PF FJ2K|gg.
|
|t:|1660320966
|move|p2a: Excadrill|Earthquake|p1a: Kartana
|-damage|p1a: Kartana|0 fnt
|faint|p1a: Kartana
|
|-weather|Sandstorm|[upkeep]
|-heal|p2a: Excadrill|100/100|[from] item: Leftovers
|upkeep
|
|t:|1660320968
|switch|p1a: Tapu Lele|Tapu Lele|100/100
|-damage|p1a: Tapu Lele|88/100|[from] Stealth Rock
|-damage|p1a: Tapu Lele|72/100|[from] Spikes
|-fieldstart|move: Psychic Terrain|[from] ability: Psychic Surge|[of] p1a: Tapu Lele
|turn|27
|
|t:|1660320970
|move|p2a: Excadrill|Iron Head|p1a: Tapu Lele
|-supereffective|p1a: Tapu Lele
|-damage|p1a: Tapu Lele|0 fnt
|faint|p1a: Tapu Lele
|
|win|LT92PF FJ2K
|raw|Colonel Rivai's rating: 1560 &rarr; <strong>1540</strong><br />(-20 for losing)
|raw|LT92PF FJ2K's rating: 1565 &rarr; <strong>1585</strong><br />(+20 for winning)
|l|☆Colonel Rivai
||Ladder isn't responding, score probably updated but might not have (Request timeout).
