|j|☆piyush21
|j|☆A
|player|p1|piyush21|red|1892
|player|p2|A|clemont|1700
|teamsize|p1|6
|teamsize|p2|6
|gametype|singles
|gen|8
|tier|[Gen 8] OU
|rated|
|html|<div class="broadcast-blue"><strong>OU is currently suspecting Dracovish! For information on how to participate check out the <a href="https://www.smogon.com/forums/threads/3664521/">suspect thread</a>.</strong></div>
|clearpoke
|poke|p1|Shuckle, M|
|poke|p1|Bisharp, M|
|poke|p1|Togekiss, M|
|poke|p1|Cloyster, F|
|poke|p1|Zeraora|
|poke|p1|Aegislash, F|
|poke|p2|Clefable, F|
|poke|p2|Rotom-Mow|
|poke|p2|Kommo-o, M|
|poke|p2|Toxapex, M|
|poke|p2|Mandibuzz, F|
|poke|p2|Jirachi|
|rule|Sleep Clause Mod: Limit one foe put to sleep
|rule|Species Clause: Limit one of each Pokémon
|rule|OHKO Clause: OHKO moves are banned
|rule|Evasion Moves Clause: Evasion moves are banned
|rule|Endless Battle Clause: Forcing endless battles is banned
|rule|HP Percentage Mod: HP is shown in percentages
|rule|Dynamax Clause: You cannot dynamax
|teampreview
|inactive|Battle timer is ON: inactive players will automatically lose when time's up. (requested by A)
|
|start
|switch|p1a: Aegislash|Aegislash, F|100/100
|switch|p2a: cool laddy|Jirachi, shiny|100/100
|turn|1
|
|move|p2a: cool laddy|Trick|p1a: Aegislash
|-activate|p2a: cool laddy|move: Trick|[of] p1a: Aegislash
|-item|p1a: Aegislash|Choice Scarf|[from] move: Trick
|-item|p2a: cool laddy|Life Orb|[from] move: Trick
|-formechange|p1a: Aegislash|Aegislash-Blade||[from] ability: Stance Change
|move|p1a: Aegislash|Close Combat|p2a: cool laddy
|-damage|p2a: cool laddy|54/100
|-unboost|p1a: Aegislash|def|1
|-unboost|p1a: Aegislash|spd|1
|
|upkeep
|turn|2
|
|switch|p1a: Shuckle|Shuckle, M|100/100
|move|p2a: cool laddy|U-turn|p1a: Shuckle
|-damage|p1a: Shuckle|87/100
|-damage|p2a: cool laddy|44/100|[from] item: Life Orb
|j| hakwonyong
|
|switch|p2a: yeah boii|Rotom-Mow, shiny|100/100|[from]move: U-turn
|
|upkeep
|turn|3
|
|move|p2a: yeah boii|Trick|p1a: Shuckle
|-activate|p2a: yeah boii|move: Trick|[of] p1a: Shuckle
|-item|p1a: Shuckle|Choice Scarf|[from] move: Trick
|-item|p2a: yeah boii|Mental Herb|[from] move: Trick
|move|p1a: Shuckle|Sticky Web|p2a: yeah boii
|-sidestart|p2: A|move: Sticky Web
|
|upkeep
|turn|4
|
|switch|p1a: Bisharp|Bisharp, M|100/100
|move|p2a: yeah boii|Will-O-Wisp|p1a: Bisharp
|-status|p1a: Bisharp|brn
|
|-damage|p1a: Bisharp|94/100 brn|[from] brn
|upkeep
|turn|5
|
|move|p2a: yeah boii|Volt Switch|p1a: Bisharp
|-damage|p1a: Bisharp|53/100 brn
|
|switch|p2a: epic games|Kommo-o, M|100/100|[from]move: Volt Switch
|-activate|p2a: epic games|move: Sticky Web
|-unboost|p2a: epic games|spe|1
|move|p1a: Bisharp|Knock Off|p2a: epic games
|-resisted|p2a: epic games
|-damage|p2a: epic games|90/100
|-enditem|p2a: epic games|Leftovers|[from] move: Knock Off|[of] p1a: Bisharp
|-damage|p1a: Bisharp|43/100 brn|[from] item: Life Orb
|
|-damage|p1a: Bisharp|37/100 brn|[from] brn
|upkeep
|turn|6
|
|move|p1a: Bisharp|Iron Head|p2a: epic games
|-damage|p2a: epic games|71/100
|-damage|p1a: Bisharp|27/100 brn|[from] item: Life Orb
|move|p2a: epic games|Stealth Rock|p1a: Bisharp
|-sidestart|p1: piyush21|move: Stealth Rock
|
|-damage|p1a: Bisharp|21/100 brn|[from] brn
|upkeep
|turn|7
|
|switch|p2a: yeah boii|Rotom-Mow, shiny|100/100
|move|p1a: Bisharp|Iron Head|p2a: yeah boii
|-resisted|p2a: yeah boii
|-damage|p2a: yeah boii|84/100
|-damage|p1a: Bisharp|11/100 brn|[from] item: Life Orb
|
|-damage|p1a: Bisharp|5/100 brn|[from] brn
|upkeep
|turn|8
|
|move|p1a: Bisharp|Sucker Punch||[still]
|-fail|p1a: Bisharp
|move|p2a: yeah boii|Trick|p1a: Bisharp
|-activate|p2a: yeah boii|move: Trick|[of] p1a: Bisharp
|-item|p1a: Bisharp|Mental Herb|[from] move: Trick
|-item|p2a: yeah boii|Life Orb|[from] move: Trick
|
|-damage|p1a: Bisharp|0 fnt|[from] brn
|faint|p1a: Bisharp
|upkeep
|inactive|piyush21 has 120 seconds left.
|
|switch|p1a: Shuckle|Shuckle, M|87/100
|-damage|p1a: Shuckle|62/100|[from] Stealth Rock
|turn|9
|
|move|p2a: yeah boii|Volt Switch|p1a: Shuckle
|-damage|p1a: Shuckle|40/100
|-damage|p2a: yeah boii|74/100|[from] item: Life Orb
|
|switch|p2a: irrationallty m8|Mandibuzz, F|100/100|[from]move: Volt Switch
|move|p1a: Shuckle|Final Gambit|p2a: irrationallty m8
|-damage|p2a: irrationallty m8|78/100
|faint|p1a: Shuckle
|
|upkeep
|
|switch|p1a: Zeraora|Zeraora|100/100
|-damage|p1a: Zeraora|88/100|[from] Stealth Rock
|turn|10
|
|move|p1a: Zeraora|Plasma Fists|p2a: irrationallty m8
|-supereffective|p2a: irrationallty m8
|-damage|p2a: irrationallty m8|0 fnt
|-fieldactivate|move: Ion Deluge
|-damage|p1a: Zeraora|78/100|[from] item: Life Orb
|faint|p2a: irrationallty m8
|
|upkeep
|
|switch|p2a: hypocrite|Clefable, F, shiny|100/100
|-activate|p2a: hypocrite|move: Sticky Web
|-unboost|p2a: hypocrite|spe|1
|turn|11
|
|move|p1a: Zeraora|Bulk Up|p1a: Zeraora
|-boost|p1a: Zeraora|atk|1
|-boost|p1a: Zeraora|def|1
|move|p2a: hypocrite|Moonblast|p1a: Zeraora
|-damage|p1a: Zeraora|31/100
|
|upkeep
|turn|12
|
|move|p1a: Zeraora|Plasma Fists|p2a: hypocrite
|-damage|p2a: hypocrite|2/100
|-fieldactivate|move: Ion Deluge
|-damage|p1a: Zeraora|21/100|[from] item: Life Orb
|move|p2a: hypocrite|Moonblast|p1a: Zeraora
|-damage|p1a: Zeraora|0 fnt
|faint|p1a: Zeraora
|
|-heal|p2a: hypocrite|8/100|[from] item: Leftovers
|upkeep
|
|switch|p1a: Togekiss|Togekiss, M|100/100
|-damage|p1a: Togekiss|76/100|[from] Stealth Rock
|turn|13
|
|move|p1a: Togekiss|Ancient Power|p2a: hypocrite
|-damage|p2a: hypocrite|0 fnt
|faint|p2a: hypocrite
|
|upkeep
|
|switch|p2a: yeah boii|Rotom-Mow, shiny|74/100
|turn|14
|
|move|p2a: yeah boii|Volt Switch|p1a: Togekiss
|-supereffective|p1a: Togekiss
|-damage|p1a: Togekiss|10/100
|-damage|p2a: yeah boii|64/100|[from] item: Life Orb
|
|switch|p2a: cool laddy|Jirachi, shiny|44/100|[from]move: Volt Switch
|-activate|p2a: cool laddy|move: Sticky Web
|-unboost|p2a: cool laddy|spe|1
|move|p1a: Togekiss|Flamethrower|p2a: cool laddy
|-supereffective|p2a: cool laddy
|-damage|p2a: cool laddy|0 fnt
|faint|p2a: cool laddy
|
|upkeep
|
|switch|p2a: yeah boii|Rotom-Mow, shiny|64/100
|turn|15
|
|move|p2a: yeah boii|Volt Switch|p1a: Togekiss
|-supereffective|p1a: Togekiss
|-damage|p1a: Togekiss|0 fnt
|-damage|p2a: yeah boii|54/100|[from] item: Life Orb
|faint|p1a: Togekiss
|
|switch|p2a: the chungus|Toxapex, M, shiny|100/100|[from]move: Volt Switch
|-activate|p2a: the chungus|move: Sticky Web
|-unboost|p2a: the chungus|spe|1
|
|upkeep
|
|switch|p1a: Cloyster|Cloyster, F|100/100
|-damage|p1a: Cloyster|76/100|[from] Stealth Rock
|turn|16
|
|move|p1a: Cloyster|Substitute|p1a: Cloyster
|-start|p1a: Cloyster|Substitute
|-damage|p1a: Cloyster|51/100
|move|p2a: the chungus|Toxic||[still]
|-fail|p2a: the chungus
|
|upkeep
|turn|17
|j| brouha
|c|☆A|wtf
|j| justatest123
|
|move|p1a: Cloyster|Shell Smash|p1a: Cloyster
|-unboost|p1a: Cloyster|def|1
|-unboost|p1a: Cloyster|spd|1
|-boost|p1a: Cloyster|atk|2
|-boost|p1a: Cloyster|spa|2
|-boost|p1a: Cloyster|spe|2
|move|p2a: the chungus|Scald|p1a: Cloyster
|-resisted|p1a: Cloyster
|-crit|p1a: Cloyster
|-end|p1a: Cloyster|Substitute
|
|upkeep
|turn|18
|
|move|p1a: Cloyster|Rock Blast|p2a: the chungus
|-damage|p2a: the chungus|91/100
|-damage|p2a: the chungus|81/100
|-damage|p2a: the chungus|71/100
|-damage|p2a: the chungus|61/100
|-damage|p2a: the chungus|50/100
|-hitcount|p2a: the chungus|5
|move|p2a: the chungus|Scald|p1a: Cloyster
|-resisted|p1a: Cloyster
|-damage|p1a: Cloyster|18/100
|-status|p1a: Cloyster|brn
|
|-heal|p2a: the chungus|56/100|[from] item: Black Sludge
|-damage|p1a: Cloyster|12/100 brn|[from] brn
|upkeep
|turn|19
|c|☆A|ok nvm
|
|move|p1a: Cloyster|Rock Blast|p2a: the chungus
|-crit|p2a: the chungus
|-damage|p2a: the chungus|48/100
|-damage|p2a: the chungus|43/100
|-damage|p2a: the chungus|38/100
|-damage|p2a: the chungus|33/100
|-damage|p2a: the chungus|28/100
|-hitcount|p2a: the chungus|5
|cant|p2a: the chungus|flinch
|
|-heal|p2a: the chungus|34/100|[from] item: Black Sludge
|-damage|p1a: Cloyster|5/100 brn|[from] brn
|upkeep
|turn|20
|j| xxxsaaawxxx
|
|move|p2a: the chungus|Baneful Bunker|p2a: the chungus
|-singleturn|p2a: the chungus|move: Protect
|move|p1a: Cloyster|Icicle Spear|p2a: the chungus
|-activate|p2a: the chungus|move: Protect
|
|-heal|p2a: the chungus|40/100|[from] item: Black Sludge
|-damage|p1a: Cloyster|0 fnt|[from] brn
|faint|p1a: Cloyster
|upkeep
|
|switch|p1a: Aegislash|Aegislash, F|100/100
|-damage|p1a: Aegislash|94/100|[from] Stealth Rock
|turn|21
|
|switch|p2a: epic games|Kommo-o, M|71/100
|-activate|p2a: epic games|move: Sticky Web
|-unboost|p2a: epic games|spe|1
|move|p1a: Aegislash|Swords Dance|p1a: Aegislash
|-boost|p1a: Aegislash|atk|2
|
|upkeep
|turn|22
|-message|piyush21 forfeited.
|
|win|A
|l|☆piyush21
|c|☆A|gg
|raw|piyush21's rating: 1892 &rarr; <strong>1862</strong><br />(-30 for losing)
|raw|A's rating: 1701 &rarr; <strong>1731</strong><br />(+30 for winning)
|j| super random guy
|l| brouha
|j| Zobirisking
|l| Zobirisking
