|j|☆TheLucasGaming
|j|☆SetsuStsna
|inactive|Battle timer is ON: inactive players will automatically lose when time's up.
|t:|1651540443
|gametype|singles
|player|p1|TheLucasGaming|brycenman|
|player|p2|SetsuStsna|irida|
|teamsize|p1|3
|teamsize|p2|3
|gen|8
|tier|[Gen 8] OU
|rated|Tournament battle
|rule|Sleep Clause Mod: Limit one foe put to sleep
|rule|OHKO Clause: OHKO moves are banned
|rule|Evasion Moves Clause: Evasion moves are banned
|rule|Endless Battle Clause: Forcing endless battles is banned
|rule|HP Percentage Mod: HP is shown in percentages
|rule|Dynamax Clause: You cannot dynamax
|clearpoke
|poke|p1|Qwilfish, F|
|poke|p1|Qwilfish, M|
|poke|p1|Qwilfish, M|
|poke|p2|Qwilfish, F|
|poke|p2|Qwilfish, F|
|poke|p2|Qwilfish, M|
|teampreview
|inactive|TheLucasGaming also wants the timer to be on.
|j| TheNewBrends11@!
|c|☆SetsuStsna|hf
|
|t:|1651540452
|start
|switch|p1a: Qwilfish|Qwilfish, F|100/100
|switch|p2a: Qwilfish|Qwilfish, F|100/100
|-ability|p2a: Qwilfish|Intimidate|boost
|-unboost|p1a: Qwilfish|atk|1
|turn|1
|j| nate5010
|c|☆TheLucasGaming|i dont think i can
|
|t:|1651540464
|move|p1a: Qwilfish|Rain Dance|p1a: Qwilfish
|-weather|RainDance
|move|p2a: Qwilfish|Spikes|p1a: Qwilfish
|-sidestart|p1: TheLucasGaming|Spikes
|
|-weather|RainDance|[upkeep]
|upkeep
|turn|2
|
|t:|1651540476
|move|p1a: Qwilfish|Spikes|p2a: Qwilfish
|-sidestart|p2: SetsuStsna|Spikes
|move|p2a: Qwilfish|Spikes|p1a: Qwilfish
|-sidestart|p1: TheLucasGaming|Spikes
|
|-weather|RainDance|[upkeep]
|upkeep
|turn|3
|
|t:|1651540479
|move|p1a: Qwilfish|Spikes|p2a: Qwilfish
|-sidestart|p2: SetsuStsna|Spikes
|move|p2a: Qwilfish|Spikes|p1a: Qwilfish
|-sidestart|p1: TheLucasGaming|Spikes
|
|-weather|RainDance|[upkeep]
|upkeep
|turn|4
|
|t:|1651540486
|move|p1a: Qwilfish|Spikes|p2a: Qwilfish
|-sidestart|p2: SetsuStsna|Spikes
|move|p2a: Qwilfish|Destiny Bond|p2a: Qwilfish
|-singlemove|p2a: Qwilfish|Destiny Bond
|
|-weather|RainDance|[upkeep]
|upkeep
|turn|5
|
|t:|1651540492
|move|p1a: Qwilfish|Scald|p2a: Qwilfish
|-resisted|p2a: Qwilfish
|-damage|p2a: Qwilfish|80/100
|move|p2a: Qwilfish|Explosion|p1a: Qwilfish
|-damage|p1a: Qwilfish|34/100
|faint|p2a: Qwilfish
|
|-weather|none
|-heal|p1a: Qwilfish|40/100|[from] item: Leftovers
|upkeep
|j| Mogus Mogul
|j|%htcl (>◡<)
|j| yaboiAshK.
|
|t:|1651540503
|switch|p2a: Qwilfish|Qwilfish, M|100/100
|-damage|p2a: Qwilfish|76/100|[from] Spikes
|-ability|p2a: Qwilfish|Intimidate|boost
|-unboost|p1a: Qwilfish|atk|1
|turn|6
|
|t:|1651540506
|move|p1a: Qwilfish|Pain Split|p2a: Qwilfish
|-sethp|p2a: Qwilfish|62/100|[from] move: Pain Split|[silent]
|-sethp|p1a: Qwilfish|51/100|[from] move: Pain Split
|move|p2a: Qwilfish|Swords Dance|p2a: Qwilfish
|-boost|p2a: Qwilfish|atk|2
|
|-heal|p2a: Qwilfish|68/100|[from] item: Black Sludge
|-heal|p1a: Qwilfish|57/100|[from] item: Leftovers
|upkeep
|turn|7
|
|t:|1651540513
|move|p2a: Qwilfish|Double-Edge|p1a: Qwilfish
|-damage|p1a: Qwilfish|0 fnt
|faint|p1a: Qwilfish
|-damage|p2a: Qwilfish|46/100|[from] Recoil
|
|-heal|p2a: Qwilfish|51/100|[from] item: Black Sludge
|upkeep
|
|t:|1651540518
|switch|p1a: Qwilfish|Qwilfish, M|100/100
|-damage|p1a: Qwilfish|76/100|[from] Spikes
|turn|8
|
|t:|1651540523
|move|p2a: Qwilfish|Double-Edge|p1a: Qwilfish
|-damage|p1a: Qwilfish|0 fnt
|faint|p1a: Qwilfish
|-damage|p2a: Qwilfish|27/100|[from] Recoil
|
|-heal|p2a: Qwilfish|33/100|[from] item: Black Sludge
|upkeep
|
|t:|1651540525
|switch|p1a: Qwilfish|Qwilfish, M|100/100
|-damage|p1a: Qwilfish|76/100|[from] Spikes
|turn|9
|
|t:|1651540527
|move|p2a: Qwilfish|Explosion|p1a: Qwilfish
|-damage|p1a: Qwilfish|0 fnt
|faint|p2a: Qwilfish
|faint|p1a: Qwilfish
|
|win|SetsuStsna
|n|☆TheLucasGaming|thelucasgaming
|n|☆SetsuStsna|setsustsna
|n| TheNewBrends11@!|thenewbrends11
|n| nate5010|nate5010
|n| Mogus Mogul|mogusmogul
|n| htcl (>◡<)|htcl
|n| yaboiAshK.|yaboiashk
|c|☆SetsuStsna|gg
|l| htcl (>◡<)
|l|☆SetsuStsna
|l|☆TheLucasGaming
|l| yaboiAshK.
|l| Mogus Mogul
|l| nate5010
