|j|☆ripreckful
|j|☆JudicaelmangaVIDEO
|t:|1652635090
|gametype|singles
|player|p1|ripreckful|hilbert|1722
|player|p2|JudicaelmangaVIDEO|steven|1845
|teamsize|p1|6
|teamsize|p2|6
|gen|8
|tier|[Gen 8] OU
|rated|
|rule|Sleep Clause Mod: Limit one foe put to sleep
|rule|Species Clause: Limit one of each Pokémon
|rule|OHKO Clause: OHKO moves are banned
|rule|Evasion Moves Clause: Evasion moves are banned
|rule|Endless Battle Clause: Forcing endless battles is banned
|rule|HP Percentage Mod: HP is shown in percentages
|rule|Dynamax Clause: You cannot dynamax
|clearpoke
|poke|p1|Glastrier|
|poke|p1|Urshifu-*, M|
|poke|p1|Landorus-Therian, M|
|poke|p1|Dragapult, M|
|poke|p1|Heatran, M|
|poke|p1|Tapu Lele|
|poke|p2|Dragapult, M|
|poke|p2|Kartana|
|poke|p2|Blissey, F|
|poke|p2|Tapu Fini|
|poke|p2|Landorus-Therian, M|
|poke|p2|Melmetal|
|teampreview
|inactive|Battle timer is ON: inactive players will automatically lose when time's up. (requested by JudicaelmangaVIDEO)
|inactive|ripreckful also wants the timer to be on.
|
|t:|1652635098
|start
|switch|p1a: Sosa|Glastrier|100/100
|switch|p2a: Dragapult|Dragapult, M|100/100
|turn|1
|
|t:|1652635109
|move|p2a: Dragapult|Fire Blast|p1a: Sosa
|-supereffective|p1a: Sosa
|-damage|p1a: Sosa|11/100
|move|p1a: Sosa|Icicle Spear|p2a: Dragapult
|-supereffective|p2a: Dragapult
|-damage|p2a: Dragapult|59/100
|-supereffective|p2a: Dragapult
|-crit|p2a: Dragapult
|-damage|p2a: Dragapult|0 fnt
|faint|p2a: Dragapult
|-ability|p1a: Sosa|Chilling Neigh|boost
|-boost|p1a: Sosa|atk|1
|-hitcount|p2: Dragapult|2
|
|upkeep
|
|t:|1652635112
|switch|p2a: Kartana|Kartana|100/100
|turn|2
|-enditem|p1a: Sosa|Custap Berry|[eat]
|-activate|p1a: Sosa|item: Custap Berry|[consumed]
|
|t:|1652635119
|move|p1a: Sosa|Close Combat|p2a: Kartana
|-supereffective|p2a: Kartana
|-damage|p2a: Kartana|0 fnt
|-unboost|p1a: Sosa|def|1
|-unboost|p1a: Sosa|spd|1
|faint|p2a: Kartana
|-ability|p1a: Sosa|Chilling Neigh|boost
|-boost|p1a: Sosa|atk|1
|
|upkeep
|c|☆ripreckful|SOSA
|
|t:|1652635132
|switch|p2a: Tapu Fini|Tapu Fini|100/100
|-fieldstart|move: Misty Terrain|[from] ability: Misty Surge|[of] p2a: Tapu Fini
|turn|3
|
|t:|1652635135
|move|p2a: Tapu Fini|Draining Kiss|p1a: Sosa
|-damage|p1a: Sosa|0 fnt
|faint|p1a: Sosa
|
|upkeep
|
|t:|1652635147
|switch|p1a: Tapu Lele|Tapu Lele|100/100
|-fieldstart|move: Psychic Terrain|[from] ability: Psychic Surge|[of] p1a: Tapu Lele
|turn|4
|
|t:|1652635154
|switch|p2a: Melmetal|Melmetal|100/100
|move|p1a: Tapu Lele|Calm Mind|p1a: Tapu Lele
|-boost|p1a: Tapu Lele|spa|1
|-boost|p1a: Tapu Lele|spd|1
|
|upkeep
|turn|5
|
|t:|1652635158
|switch|p1a: Heatran|Heatran, M|100/100
|move|p2a: Melmetal|Double Iron Bash|p1a: Heatran
|-resisted|p1a: Heatran
|-damage|p1a: Heatran|91/100
|-resisted|p1a: Heatran
|-damage|p1a: Heatran|82/100
|-hitcount|p1a: Heatran|2
|
|-heal|p1a: Heatran|88/100|[from] item: Leftovers
|upkeep
|turn|6
|
|t:|1652635162
|switch|p2a: Blissey|Blissey, F|100/100
|move|p1a: Heatran|Stealth Rock|p2a: Blissey
|-sidestart|p2: JudicaelmangaVIDEO|move: Stealth Rock
|
|-heal|p1a: Heatran|94/100|[from] item: Leftovers
|upkeep
|turn|7
|
|t:|1652635177
|switch|p1a: Urshifu|Urshifu-Rapid-Strike, M|100/100
|move|p2a: Blissey|Stealth Rock|p1a: Urshifu
|-sidestart|p1: ripreckful|move: Stealth Rock
|
|upkeep
|turn|8
|
|t:|1652635189
|switch|p2a: Tapu Fini|Tapu Fini|100/100
|-damage|p2a: Tapu Fini|88/100|[from] Stealth Rock
|-fieldstart|move: Misty Terrain|[from] ability: Misty Surge|[of] p2a: Tapu Fini
|move|p1a: Urshifu|Surging Strikes|p2a: Tapu Fini
|-resisted|p2a: Tapu Fini
|-crit|p2a: Tapu Fini
|-damage|p2a: Tapu Fini|78/100
|-resisted|p2a: Tapu Fini
|-crit|p2a: Tapu Fini
|-damage|p2a: Tapu Fini|69/100
|-resisted|p2a: Tapu Fini
|-crit|p2a: Tapu Fini
|-damage|p2a: Tapu Fini|60/100
|-hitcount|p2a: Tapu Fini|3
|
|-heal|p2a: Tapu Fini|66/100|[from] item: Leftovers
|upkeep
|turn|9
|
|t:|1652635194
|move|p1a: Urshifu|U-turn|p2a: Tapu Fini
|-resisted|p2a: Tapu Fini
|-damage|p2a: Tapu Fini|55/100
|
|t:|1652635196
|switch|p1a: Heatran|Heatran, M|94/100|[from]move: U-turn
|-damage|p1a: Heatran|82/100|[from] Stealth Rock
|move|p2a: Tapu Fini|Scald|p1a: Heatran
|-supereffective|p1a: Heatran
|-damage|p1a: Heatran|31/100
|
|-heal|p2a: Tapu Fini|62/100|[from] item: Leftovers
|-heal|p1a: Heatran|38/100|[from] item: Leftovers
|upkeep
|turn|10
|
|t:|1652635200
|move|p2a: Tapu Fini|Scald|p1a: Heatran
|-supereffective|p1a: Heatran
|-damage|p1a: Heatran|0 fnt
|faint|p1a: Heatran
|
|-heal|p2a: Tapu Fini|68/100|[from] item: Leftovers
|upkeep
|
|t:|1652635202
|switch|p1a: Tapu Lele|Tapu Lele|100/100
|-damage|p1a: Tapu Lele|88/100|[from] Stealth Rock
|-fieldstart|move: Psychic Terrain|[from] ability: Psychic Surge|[of] p1a: Tapu Lele
|turn|11
|
|t:|1652635205
|switch|p2a: Melmetal|Melmetal|100/100
|-damage|p2a: Melmetal|94/100|[from] Stealth Rock
|move|p1a: Tapu Lele|Psyshock|p2a: Melmetal
|-resisted|p2a: Melmetal
|-damage|p2a: Melmetal|80/100
|
|-heal|p1a: Tapu Lele|94/100|[from] item: Leftovers
|upkeep
|turn|12
|
|t:|1652635209
|switch|p1a: Urshifu|Urshifu-Rapid-Strike, M|100/100
|-damage|p1a: Urshifu|94/100|[from] Stealth Rock
|move|p2a: Melmetal|Double Iron Bash|p1a: Urshifu
|-resisted|p1a: Urshifu
|-damage|p1a: Urshifu|71/100
|-resisted|p1a: Urshifu
|-damage|p1a: Urshifu|47/100
|-hitcount|p1a: Urshifu|2
|
|upkeep
|turn|13
|
|t:|1652635215
|switch|p2a: Landorus|Landorus-Therian, M|100/100
|-damage|p2a: Landorus|88/100|[from] Stealth Rock
|-ability|p2a: Landorus|Intimidate|boost
|-unboost|p1a: Urshifu|atk|1
|move|p1a: Urshifu|U-turn|p2a: Landorus
|-resisted|p2a: Landorus
|-damage|p2a: Landorus|80/100
|
|t:|1652635219
|switch|p1a: Landorus|Landorus-Therian, M|100/100|[from]move: U-turn
|-damage|p1a: Landorus|88/100|[from] Stealth Rock
|-ability|p1a: Landorus|Intimidate|boost
|-unboost|p2a: Landorus|atk|1
|
|-heal|p2a: Landorus|86/100|[from] item: Leftovers
|-heal|p1a: Landorus|94/100|[from] item: Leftovers
|upkeep
|turn|14
|
|t:|1652635221
|move|p2a: Landorus|Stone Edge|p1a: Landorus
|-damage|p1a: Landorus|66/100
|move|p1a: Landorus|Toxic|p2a: Landorus
|-status|p2a: Landorus|tox
|
|-heal|p2a: Landorus|92/100 tox|[from] item: Leftovers
|-heal|p1a: Landorus|72/100|[from] item: Leftovers
|-damage|p2a: Landorus|86/100 tox|[from] psn
|upkeep
|turn|15
|
|t:|1652635228
|move|p2a: Landorus|U-turn|p1a: Landorus
|-resisted|p1a: Landorus
|-damage|p1a: Landorus|64/100
|
|t:|1652635240
|switch|p2a: Tapu Fini|Tapu Fini|68/100|[from]move: U-turn
|-damage|p2a: Tapu Fini|55/100|[from] Stealth Rock
|-fieldstart|move: Misty Terrain|[from] ability: Misty Surge|[of] p2a: Tapu Fini
|move|p1a: Landorus|U-turn|p2a: Tapu Fini
|-resisted|p2a: Tapu Fini
|-damage|p2a: Tapu Fini|46/100
|
|t:|1652635243
|switch|p1a: Tapu Lele|Tapu Lele|94/100|[from]move: U-turn
|-damage|p1a: Tapu Lele|82/100|[from] Stealth Rock
|-fieldstart|move: Psychic Terrain|[from] ability: Psychic Surge|[of] p1a: Tapu Lele
|
|-heal|p1a: Tapu Lele|88/100|[from] item: Leftovers
|-heal|p2a: Tapu Fini|52/100|[from] item: Leftovers
|upkeep
|turn|16
|
|t:|1652635247
|switch|p2a: Melmetal|Melmetal|80/100
|-damage|p2a: Melmetal|74/100|[from] Stealth Rock
|move|p1a: Tapu Lele|Psyshock|p2a: Melmetal
|-resisted|p2a: Melmetal
|-damage|p2a: Melmetal|59/100
|
|-heal|p1a: Tapu Lele|94/100|[from] item: Leftovers
|upkeep
|turn|17
|
|t:|1652635250
|move|p1a: Tapu Lele|Focus Blast|p2a: Melmetal
|-supereffective|p2a: Melmetal
|-crit|p2a: Melmetal
|-damage|p2a: Melmetal|0 fnt
|faint|p2a: Melmetal
|
|-heal|p1a: Tapu Lele|99/100|[from] item: Leftovers
|upkeep
|
|t:|1652635252
|switch|p2a: Blissey|Blissey, F|100/100
|-damage|p2a: Blissey|88/100|[from] Stealth Rock
|turn|18
|
|t:|1652635257
|switch|p1a: Urshifu|Urshifu-Rapid-Strike, M|47/100
|-damage|p1a: Urshifu|41/100|[from] Stealth Rock
|move|p2a: Blissey|Seismic Toss|p1a: Urshifu
|-damage|p1a: Urshifu|12/100
|
|-heal|p2a: Blissey|94/100|[from] item: Leftovers
|upkeep
|turn|19
|
|t:|1652635262
|switch|p2a: Landorus|Landorus-Therian, M|86/100 tox
|-damage|p2a: Landorus|74/100 tox|[from] Stealth Rock
|-ability|p2a: Landorus|Intimidate|boost
|-unboost|p1a: Urshifu|atk|1
|move|p1a: Urshifu|Surging Strikes|p2a: Landorus
|-supereffective|p2a: Landorus
|-crit|p2a: Landorus
|-damage|p2a: Landorus|37/100 tox
|-supereffective|p2a: Landorus
|-crit|p2a: Landorus
|-damage|p2a: Landorus|1/100 tox
|-supereffective|p2a: Landorus
|-crit|p2a: Landorus
|-damage|p2a: Landorus|0 fnt
|faint|p2a: Landorus
|-hitcount|p2: Landorus|3
|
|-fieldend|move: Psychic Terrain
|upkeep
|
|t:|1652635264
|switch|p2a: Tapu Fini|Tapu Fini|52/100
|-damage|p2a: Tapu Fini|39/100|[from] Stealth Rock
|-fieldstart|move: Misty Terrain|[from] ability: Misty Surge|[of] p2a: Tapu Fini
|turn|20
|
|t:|1652635266
|move|p1a: Urshifu|Taunt|p2a: Tapu Fini
|-start|p2a: Tapu Fini|move: Taunt
|move|p2a: Tapu Fini|Draining Kiss|p1a: Urshifu
|-supereffective|p1a: Urshifu
|-damage|p1a: Urshifu|0 fnt
|-heal|p2a: Tapu Fini|48/100|[from] drain|[of] p1a: Urshifu
|faint|p1a: Urshifu
|
|-heal|p2a: Tapu Fini|54/100|[from] item: Leftovers
|upkeep
|
|t:|1652635268
|switch|p1a: Tapu Lele|Tapu Lele|99/100
|-damage|p1a: Tapu Lele|87/100|[from] Stealth Rock
|-fieldstart|move: Psychic Terrain|[from] ability: Psychic Surge|[of] p1a: Tapu Lele
|turn|21
|
|t:|1652635270
|switch|p2a: Blissey|Blissey, F|94/100
|-damage|p2a: Blissey|82/100|[from] Stealth Rock
|move|p1a: Tapu Lele|Calm Mind|p1a: Tapu Lele
|-boost|p1a: Tapu Lele|spa|1
|-boost|p1a: Tapu Lele|spd|1
|
|-heal|p1a: Tapu Lele|93/100|[from] item: Leftovers
|-heal|p2a: Blissey|88/100|[from] item: Leftovers
|upkeep
|turn|22
|
|t:|1652635272
|move|p1a: Tapu Lele|Psyshock|p2a: Blissey
|-damage|p2a: Blissey|15/100
|move|p2a: Blissey|Thunder Wave|p1a: Tapu Lele
|-status|p1a: Tapu Lele|par
|
|-heal|p1a: Tapu Lele|99/100 par|[from] item: Leftovers
|-heal|p2a: Blissey|21/100|[from] item: Leftovers
|upkeep
|turn|23
|
|t:|1652635274
|move|p1a: Tapu Lele|Psyshock|p2a: Blissey
|-damage|p2a: Blissey|0 fnt
|faint|p2a: Blissey
|
|-heal|p1a: Tapu Lele|100/100 par|[from] item: Leftovers
|upkeep
|
|t:|1652635275
|switch|p2a: Tapu Fini|Tapu Fini|54/100
|-damage|p2a: Tapu Fini|41/100|[from] Stealth Rock
|-fieldstart|move: Misty Terrain|[from] ability: Misty Surge|[of] p2a: Tapu Fini
|turn|24
|
|t:|1652635277
|move|p2a: Tapu Fini|Scald|p1a: Tapu Lele
|-damage|p1a: Tapu Lele|73/100 par
|cant|p1a: Tapu Lele|par
|
|-heal|p2a: Tapu Fini|48/100|[from] item: Leftovers
|-heal|p1a: Tapu Lele|80/100 par|[from] item: Leftovers
|upkeep
|turn|25
|
|t:|1652635279
|move|p2a: Tapu Fini|Scald|p1a: Tapu Lele
|-damage|p1a: Tapu Lele|50/100 par
|move|p1a: Tapu Lele|Psyshock|p2a: Tapu Fini
|-damage|p2a: Tapu Fini|0 fnt
|faint|p2a: Tapu Fini
|
|win|ripreckful
|raw|ripreckful's rating: 1722 &rarr; <strong>1748</strong><br />(+26 for winning)
|raw|JudicaelmangaVIDEO's rating: 1826 &rarr; <strong>1800</strong><br />(-26 for losing)
|c|☆ripreckful|gg
|l|☆JudicaelmangaVIDEO
||Ladder isn't responding, score probably updated but might not have (Request timeout).
