|j|‽madre mia rosalia
|j|☆Makuryu
|t:|1656672081
|gametype|singles
|player|p1|madre mia rosalia|266|1640
|player|p2|Makuryu|koga|1709
|teamsize|p1|6
|teamsize|p2|6
|gen|8
|tier|[Gen 8] OU
|rated|
|rule|Sleep Clause Mod: Limit one foe put to sleep
|rule|Species Clause: Limit one of each Pokémon
|rule|OHKO Clause: OHKO moves are banned
|rule|Evasion Moves Clause: Evasion moves are banned
|rule|Endless Battle Clause: Forcing endless battles is banned
|rule|HP Percentage Mod: HP is shown in percentages
|rule|Dynamax Clause: You cannot dynamax
|clearpoke
|poke|p1|Landorus-Therian, M|
|poke|p1|Regieleki|
|poke|p1|Slowking-Galar, M|
|poke|p1|Skarmory, M|
|poke|p1|Gastrodon, M|
|poke|p1|Latias, F|
|poke|p2|Zapdos|
|poke|p2|Heatran, M|
|poke|p2|Ferrothorn, M|
|poke|p2|Dragapult, F|
|poke|p2|Buzzwole|
|poke|p2|Blissey, F|
|teampreview
|j| Woody Fox
|inactive|Battle timer is ON: inactive players will automatically lose when time's up. (requested by Makuryu)
|j| Otoutoun
|
|t:|1656672133
|start
|switch|p1a: Regieleki|Regieleki|100/100
|switch|p2a: Buzzwole|Buzzwole|100/100
|turn|1
|
|t:|1656672139
|switch|p2a: Blissey|Blissey, F|100/100
|move|p1a: Regieleki|Volt Switch|p2a: Blissey
|-damage|p2a: Blissey|83/100
|
|t:|1656672150
|switch|p1a: Landorus|Landorus-Therian, M|100/100|[from]move: Volt Switch
|-ability|p1a: Landorus|Intimidate|boost
|-unboost|p2a: Blissey|atk|1
|
|upkeep
|turn|2
|
|t:|1656672156
|switch|p2a: Heatran|Heatran, M|100/100
|-item|p2a: Heatran|Air Balloon
|move|p1a: Landorus|Knock Off|p2a: Heatran
|-damage|p2a: Heatran|67/100
|-enditem|p2a: Heatran|Air Balloon
|
|upkeep
|turn|3
|
|t:|1656672166
|switch|p2a: Zapdos|Zapdos|100/100
|move|p1a: Landorus|Stealth Rock|p2a: Zapdos
|-sidestart|p2: Makuryu|move: Stealth Rock
|
|upkeep
|turn|4
|
|t:|1656672172
|move|p2a: Zapdos|Toxic|p1a: Landorus|[miss]
|-miss|p2a: Zapdos|p1a: Landorus
|move|p1a: Landorus|Explosion|p2a: Zapdos
|-enditem|p1a: Landorus|Normal Gem|[from] gem
|-damage|p2a: Zapdos|0 fnt
|faint|p1a: Landorus
|faint|p2a: Zapdos
|
|upkeep
|
|t:|1656672187
|switch|p2a: Heatran|Heatran, M|67/100
|switch|p1a: Latias|Latias, F|100/100
|-damage|p2a: Heatran|54/100|[from] Stealth Rock
|turn|5
|
|t:|1656672193
|move|p1a: Latias|Earthquake|p2a: Heatran
|-supereffective|p2a: Heatran
|-damage|p2a: Heatran|0 fnt
|faint|p2a: Heatran
|
|upkeep
|j| RealMadridOfficial
|l| Woody Fox
|inactive|Makuryu has 120 seconds left.
|
|t:|1656672227
|switch|p2a: Dragapult|Dragapult, F|100/100
|-damage|p2a: Dragapult|88/100|[from] Stealth Rock
|turn|6
|
|t:|1656672250
|move|p2a: Dragapult|Shadow Ball|p1a: Latias
|-supereffective|p1a: Latias
|-damage|p1a: Latias|7/100
|move|p1a: Latias|Earthquake|p2a: Dragapult
|-damage|p2a: Dragapult|36/100
|
|upkeep
|turn|7
|
|t:|1656672257
|move|p2a: Dragapult|Shadow Ball|p1a: Latias
|-supereffective|p1a: Latias
|-damage|p1a: Latias|0 fnt
|faint|p1a: Latias
|
|upkeep
|
|t:|1656672259
|switch|p1a: Regieleki|Regieleki|100/100
|turn|8
|
|t:|1656672264
|switch|p2a: Blissey|Blissey, F|83/100
|move|p1a: Regieleki|Volt Switch|p2a: Blissey
|-damage|p2a: Blissey|66/100
|
|t:|1656672271
|switch|p1a: Skarmory|Skarmory, M|100/100|[from]move: Volt Switch
|
|upkeep
|turn|9
|
|t:|1656672284
|move|p1a: Skarmory|Spikes|p2a: Blissey
|-sidestart|p2: Makuryu|Spikes
|move|p2a: Blissey|Thunder Wave|p1a: Skarmory|[miss]
|-miss|p2a: Blissey|p1a: Skarmory
|
|upkeep
|turn|10
|inactive|madre mia rosalia has 120 seconds left.
|
|t:|1656672321
|move|p1a: Skarmory|Spikes|p2a: Blissey
|-sidestart|p2: Makuryu|Spikes
|move|p2a: Blissey|Thunder Wave|p1a: Skarmory
|-status|p1a: Skarmory|par
|
|upkeep
|turn|11
|
|t:|1656672327
|move|p2a: Blissey|Soft-Boiled|p2a: Blissey
|-heal|p2a: Blissey|100/100
|move|p1a: Skarmory|Spikes|p2a: Blissey
|-sidestart|p2: Makuryu|Spikes
|
|upkeep
|turn|12
|
|t:|1656672332
|move|p2a: Blissey|Seismic Toss|p1a: Skarmory
|-damage|p1a: Skarmory|70/100 par
|-damage|p2a: Blissey|84/100|[from] item: Rocky Helmet|[of] p1a: Skarmory
|move|p1a: Skarmory|Body Press|p2a: Blissey
|-supereffective|p2a: Blissey
|-damage|p2a: Blissey|28/100
|
|upkeep
|turn|13
|
|t:|1656672339
|move|p2a: Blissey|Soft-Boiled|p2a: Blissey
|-heal|p2a: Blissey|78/100
|move|p1a: Skarmory|Body Press|p2a: Blissey
|-supereffective|p2a: Blissey
|-damage|p2a: Blissey|20/100
|
|upkeep
|turn|14
|
|t:|1656672344
|move|p2a: Blissey|Soft-Boiled|p2a: Blissey
|-heal|p2a: Blissey|70/100
|move|p1a: Skarmory|Roost|p1a: Skarmory
|-heal|p1a: Skarmory|100/100 par
|-singleturn|p1a: Skarmory|move: Roost
|
|upkeep
|turn|15
|
|t:|1656672351
|switch|p2a: Buzzwole|Buzzwole|100/100
|-damage|p2a: Buzzwole|88/100|[from] Stealth Rock
|-damage|p2a: Buzzwole|63/100|[from] Spikes
|cant|p1a: Skarmory|par
|
|upkeep
|turn|16
|
|t:|1656672358
|move|p2a: Buzzwole|Thunder Punch|p1a: Skarmory
|-supereffective|p1a: Skarmory
|-damage|p1a: Skarmory|50/100 par
|-damage|p2a: Buzzwole|47/100|[from] item: Rocky Helmet|[of] p1a: Skarmory
|move|p1a: Skarmory|Toxic|p2a: Buzzwole
|-status|p2a: Buzzwole|tox
|
|-damage|p2a: Buzzwole|40/100 tox|[from] psn
|upkeep
|turn|17
|
|t:|1656672366
|switch|p1a: Gastrodon|Gastrodon, M|100/100
|move|p2a: Buzzwole|Thunder Punch|p1a: Gastrodon
|-immune|p1a: Gastrodon
|
|-damage|p2a: Buzzwole|28/100 tox|[from] psn
|upkeep
|turn|18
|
|t:|1656672373
|switch|p2a: Blissey|Blissey, F|70/100
|move|p1a: Gastrodon|Scald|p2a: Blissey
|-damage|p2a: Blissey|60/100
|-status|p2a: Blissey|brn
|
|-damage|p2a: Blissey|54/100 brn|[from] brn
|upkeep
|turn|19
|
|t:|1656672381
|switch|p1a: Slowking|Slowking-Galar, M|100/100
|move|p2a: Blissey|Soft-Boiled|p2a: Blissey
|-heal|p2a: Blissey|100/100 brn
|
|-damage|p2a: Blissey|94/100 brn|[from] brn
|upkeep
|turn|20
|
|t:|1656672388
|move|p2a: Blissey|Thunder Wave|p1a: Slowking|[miss]
|-miss|p2a: Blissey|p1a: Slowking
|move|p1a: Slowking|Future Sight|p2a: Blissey
|-start|p1a: Slowking|move: Future Sight
|
|-damage|p2a: Blissey|88/100 brn|[from] brn
|upkeep
|turn|21
|
|t:|1656672394
|switch|p1a: Skarmory|Skarmory, M|50/100 par
|move|p2a: Blissey|Seismic Toss|p1a: Skarmory
|-damage|p1a: Skarmory|20/100 par
|-damage|p2a: Blissey|72/100 brn|[from] item: Rocky Helmet|[of] p1a: Skarmory
|
|-damage|p2a: Blissey|65/100 brn|[from] brn
|upkeep
|turn|22
|
|t:|1656672402
|switch|p1a: Slowking|Slowking-Galar, M|100/100
|move|p2a: Blissey|Seismic Toss|p1a: Slowking
|-damage|p1a: Slowking|75/100
|
|-end|p2a: Blissey|move: Future Sight
|-damage|p2a: Blissey|49/100 brn
|-damage|p2a: Blissey|43/100 brn|[from] brn
|upkeep
|turn|23
|
|t:|1656672410
|move|p2a: Blissey|Soft-Boiled|p2a: Blissey
|-heal|p2a: Blissey|93/100 brn
|move|p1a: Slowking|Future Sight|p2a: Blissey
|-start|p1a: Slowking|move: Future Sight
|
|-damage|p2a: Blissey|86/100 brn|[from] brn
|upkeep
|turn|24
|
|t:|1656672416
|move|p2a: Blissey|Seismic Toss|p1a: Slowking
|-damage|p1a: Slowking|50/100
|move|p1a: Slowking|Sludge Bomb|p2a: Blissey
|-damage|p2a: Blissey|75/100 brn
|
|-damage|p2a: Blissey|69/100 brn|[from] brn
|upkeep
|turn|25
|
|t:|1656672423
|switch|p1a: Gastrodon|Gastrodon, M|100/100
|move|p2a: Blissey|Soft-Boiled|p2a: Blissey
|-heal|p2a: Blissey|100/100 brn
|
|-end|p2a: Blissey|move: Future Sight
|-damage|p2a: Blissey|84/100 brn
|-damage|p2a: Blissey|78/100 brn|[from] brn
|upkeep
|turn|26
|
|t:|1656672443
|switch|p1a: Slowking|Slowking-Galar, M|83/100
|move|p2a: Blissey|Seismic Toss|p1a: Slowking
|-damage|p1a: Slowking|57/100
|
|-damage|p2a: Blissey|72/100 brn|[from] brn
|upkeep
|turn|27
|
|t:|1656672451
|switch|p1a: Gastrodon|Gastrodon, M|100/100
|move|p2a: Blissey|Thunder Wave|p1a: Gastrodon
|-immune|p1a: Gastrodon
|
|-damage|p2a: Blissey|66/100 brn|[from] brn
|upkeep
|turn|28
|
|t:|1656672457
|move|p2a: Blissey|Seismic Toss|p1a: Gastrodon
|-damage|p1a: Gastrodon|77/100
|move|p1a: Gastrodon|Earth Power|p2a: Blissey
|-damage|p2a: Blissey|54/100 brn
|
|-heal|p1a: Gastrodon|83/100|[from] item: Leftovers
|-damage|p2a: Blissey|48/100 brn|[from] brn
|upkeep
|turn|29
|
|t:|1656672466
|switch|p1a: Slowking|Slowking-Galar, M|91/100
|move|p2a: Blissey|Thunder Wave|p1a: Slowking
|-status|p1a: Slowking|par
|
|-damage|p2a: Blissey|42/100 brn|[from] brn
|upkeep
|turn|30
|
|t:|1656672491
|move|p2a: Blissey|Soft-Boiled|p2a: Blissey
|-heal|p2a: Blissey|92/100 brn
|cant|p1a: Slowking|par
|
|-damage|p2a: Blissey|86/100 brn|[from] brn
|upkeep
|turn|31
|
|t:|1656672499
|move|p2a: Blissey|Seismic Toss|p1a: Slowking
|-damage|p1a: Slowking|65/100 par
|cant|p1a: Slowking|par
|
|-damage|p2a: Blissey|80/100 brn|[from] brn
|upkeep
|turn|32
|
|t:|1656672512
|move|p2a: Blissey|Seismic Toss|p1a: Slowking
|-damage|p1a: Slowking|40/100 par
|move|p1a: Slowking|Future Sight|p2a: Blissey
|-start|p1a: Slowking|move: Future Sight
|
|-damage|p2a: Blissey|73/100 brn|[from] brn
|upkeep
|turn|33
|
|t:|1656672518
|-curestatus|p2a: Blissey|brn|[from] ability: Natural Cure
|switch|p2a: Ferrothorn|Ferrothorn, M|100/100
|-damage|p2a: Ferrothorn|94/100|[from] Stealth Rock
|-damage|p2a: Ferrothorn|69/100|[from] Spikes
|switch|p1a: Gastrodon|Gastrodon, M|83/100
|
|-heal|p1a: Gastrodon|89/100|[from] item: Leftovers
|-heal|p2a: Ferrothorn|75/100|[from] item: Leftovers
|upkeep
|turn|34
|
|t:|1656672529
|switch|p1a: Skarmory|Skarmory, M|20/100 par
|move|p2a: Ferrothorn|Knock Off|p1a: Skarmory
|-damage|p1a: Skarmory|7/100 par
|-damage|p2a: Ferrothorn|59/100|[from] item: Rocky Helmet|[of] p1a: Skarmory
|-enditem|p1a: Skarmory|Rocky Helmet|[from] move: Knock Off|[of] p2a: Ferrothorn
|
|-end|p2a: Ferrothorn|move: Future Sight
|-resisted|p2a: Ferrothorn
|-damage|p2a: Ferrothorn|40/100
|-heal|p2a: Ferrothorn|46/100|[from] item: Leftovers
|upkeep
|turn|35
|
|t:|1656672539
|move|p1a: Skarmory|Roost|p1a: Skarmory
|-heal|p1a: Skarmory|57/100 par
|-singleturn|p1a: Skarmory|move: Roost
|move|p2a: Ferrothorn|Knock Off|p1a: Skarmory
|-damage|p1a: Skarmory|48/100 par
|
|-heal|p2a: Ferrothorn|52/100|[from] item: Leftovers
|upkeep
|turn|36
|
|t:|1656672547
|move|p1a: Skarmory|Roost|p1a: Skarmory
|-heal|p1a: Skarmory|98/100 par
|-singleturn|p1a: Skarmory|move: Roost
|move|p2a: Ferrothorn|Leech Seed|p1a: Skarmory
|-start|p1a: Skarmory|move: Leech Seed
|
|-heal|p2a: Ferrothorn|59/100|[from] item: Leftovers
|-damage|p1a: Skarmory|86/100 par|[from] Leech Seed|[of] p2a: Ferrothorn
|-heal|p2a: Ferrothorn|70/100|[silent]
|upkeep
|turn|37
|
|t:|1656672555
|switch|p1a: Gastrodon|Gastrodon, M|89/100
|move|p2a: Ferrothorn|Spikes|p1a: Gastrodon
|-sidestart|p1: madre mia rosalia|Spikes
|
|-heal|p1a: Gastrodon|95/100|[from] item: Leftovers
|-heal|p2a: Ferrothorn|77/100|[from] item: Leftovers
|upkeep
|turn|38
|
|t:|1656672562
|move|p1a: Gastrodon|Scald|p2a: Ferrothorn
|-resisted|p2a: Ferrothorn
|-damage|p2a: Ferrothorn|66/100
|-status|p2a: Ferrothorn|brn
|move|p2a: Ferrothorn|Power Whip|p1a: Gastrodon
|-supereffective|p1a: Gastrodon
|-crit|p1a: Gastrodon
|-damage|p1a: Gastrodon|0 fnt
|faint|p1a: Gastrodon
|
|-heal|p2a: Ferrothorn|72/100 brn|[from] item: Leftovers
|-damage|p2a: Ferrothorn|66/100 brn|[from] brn
|upkeep
|
|t:|1656672569
|switch|p1a: Slowking|Slowking-Galar, M|73/100 par
|-damage|p1a: Slowking|61/100 par|[from] Spikes
|turn|39
|
|t:|1656672585
|switch|p2a: Blissey|Blissey, F|73/100
|move|p1a: Slowking|Flamethrower|p2a: Blissey
|-damage|p2a: Blissey|65/100
|
|upkeep
|turn|40
|
|t:|1656672593
|switch|p1a: Skarmory|Skarmory, M|86/100 par
|move|p2a: Blissey|Seismic Toss|p1a: Skarmory
|-damage|p1a: Skarmory|56/100 par
|
|upkeep
|turn|41
|
|t:|1656672612
|move|p2a: Blissey|Seismic Toss|p1a: Skarmory
|-damage|p1a: Skarmory|26/100 par
|move|p1a: Skarmory|Roost|p1a: Skarmory
|-heal|p1a: Skarmory|76/100 par
|-singleturn|p1a: Skarmory|move: Roost
|
|upkeep
|turn|42
|
|t:|1656672621
|move|p2a: Blissey|Seismic Toss|p1a: Skarmory
|-damage|p1a: Skarmory|46/100 par
|move|p1a: Skarmory|Roost|p1a: Skarmory
|-heal|p1a: Skarmory|96/100 par
|-singleturn|p1a: Skarmory|move: Roost
|
|upkeep
|turn|43
|
|t:|1656672627
|move|p2a: Blissey|Soft-Boiled|p2a: Blissey
|-heal|p2a: Blissey|100/100
|move|p1a: Skarmory|Body Press|p2a: Blissey
|-supereffective|p2a: Blissey
|-damage|p2a: Blissey|41/100
|
|upkeep
|turn|44
|
|t:|1656672633
|move|p2a: Blissey|Soft-Boiled|p2a: Blissey
|-heal|p2a: Blissey|91/100
|cant|p1a: Skarmory|par
|
|upkeep
|turn|45
|
|t:|1656672642
|switch|p2a: Ferrothorn|Ferrothorn, M|66/100 brn
|-damage|p2a: Ferrothorn|60/100 brn|[from] Stealth Rock
|-damage|p2a: Ferrothorn|35/100 brn|[from] Spikes
|move|p1a: Skarmory|Body Press|p2a: Ferrothorn
|-supereffective|p2a: Ferrothorn
|-damage|p2a: Ferrothorn|0 fnt
|-damage|p1a: Skarmory|84/100 par|[from] ability: Iron Barbs|[of] p2a: Ferrothorn
|faint|p2a: Ferrothorn
|
|upkeep
|
|t:|1656672652
|switch|p2a: Blissey|Blissey, F|91/100
|turn|46
|
|t:|1656672655
|move|p2a: Blissey|Seismic Toss|p1a: Skarmory
|-damage|p1a: Skarmory|54/100 par
|move|p1a: Skarmory|Body Press|p2a: Blissey
|-supereffective|p2a: Blissey
|-damage|p2a: Blissey|34/100
|
|upkeep
|turn|47
|
|t:|1656672661
|move|p2a: Blissey|Soft-Boiled|p2a: Blissey
|-heal|p2a: Blissey|84/100
|cant|p1a: Skarmory|par
|
|upkeep
|turn|48
|l| Otoutoun
|
|t:|1656672665
|move|p2a: Blissey|Seismic Toss|p1a: Skarmory
|-damage|p1a: Skarmory|24/100 par
|move|p1a: Skarmory|Roost|p1a: Skarmory
|-heal|p1a: Skarmory|74/100 par
|-singleturn|p1a: Skarmory|move: Roost
|
|upkeep
|turn|49
|
|t:|1656672672
|move|p2a: Blissey|Seismic Toss|p1a: Skarmory
|-damage|p1a: Skarmory|44/100 par
|cant|p1a: Skarmory|par
|
|upkeep
|turn|50
|
|t:|1656672677
|move|p2a: Blissey|Seismic Toss|p1a: Skarmory
|-damage|p1a: Skarmory|14/100 par
|move|p1a: Skarmory|Roost|p1a: Skarmory
|-heal|p1a: Skarmory|64/100 par
|-singleturn|p1a: Skarmory|move: Roost
|
|upkeep
|turn|51
|
|t:|1656672683
|move|p2a: Blissey|Seismic Toss|p1a: Skarmory
|-damage|p1a: Skarmory|34/100 par
|move|p1a: Skarmory|Roost|p1a: Skarmory
|-heal|p1a: Skarmory|84/100 par
|-singleturn|p1a: Skarmory|move: Roost
|
|upkeep
|turn|52
|
|t:|1656672691
|move|p2a: Blissey|Seismic Toss|p1a: Skarmory
|-damage|p1a: Skarmory|54/100 par
|move|p1a: Skarmory|Roost|p1a: Skarmory
|-heal|p1a: Skarmory|100/100 par
|-singleturn|p1a: Skarmory|move: Roost
|
|upkeep
|turn|53
|l| RealMadridOfficial
|
|t:|1656672698
|move|p2a: Blissey|Seismic Toss|p1a: Skarmory
|-damage|p1a: Skarmory|70/100 par
|move|p1a: Skarmory|Body Press|p2a: Blissey
|-supereffective|p2a: Blissey
|-damage|p2a: Blissey|32/100
|
|upkeep
|turn|54
|
|t:|1656672704
|move|p2a: Blissey|Soft-Boiled|p2a: Blissey
|-heal|p2a: Blissey|82/100
|cant|p1a: Skarmory|par
|
|upkeep
|turn|55
|
|t:|1656672708
|move|p2a: Blissey|Seismic Toss|p1a: Skarmory
|-damage|p1a: Skarmory|40/100 par
|move|p1a: Skarmory|Roost|p1a: Skarmory
|-heal|p1a: Skarmory|91/100 par
|-singleturn|p1a: Skarmory|move: Roost
|
|upkeep
|turn|56
|
|t:|1656672714
|move|p2a: Blissey|Seismic Toss|p1a: Skarmory
|-damage|p1a: Skarmory|61/100 par
|move|p1a: Skarmory|Toxic|p2a: Blissey
|-status|p2a: Blissey|tox
|
|-damage|p2a: Blissey|75/100 tox|[from] psn
|upkeep
|turn|57
|
|t:|1656672721
|move|p2a: Blissey|Seismic Toss|p1a: Skarmory
|-damage|p1a: Skarmory|31/100 par
|cant|p1a: Skarmory|par
|
|-damage|p2a: Blissey|63/100 tox|[from] psn
|upkeep
|turn|58
|
|t:|1656672729
|switch|p1a: Regieleki|Regieleki|100/100
|move|p2a: Blissey|Seismic Toss|p1a: Regieleki
|-damage|p1a: Regieleki|69/100
|
|-damage|p2a: Blissey|45/100 tox|[from] psn
|upkeep
|turn|59
|
|t:|1656672737
|-curestatus|p2a: Blissey|tox|[from] ability: Natural Cure
|switch|p2a: Dragapult|Dragapult, F|36/100
|-damage|p2a: Dragapult|24/100|[from] Stealth Rock
|-damage|p2a: Dragapult|0 fnt|[from] Spikes
|faint|p2a: Dragapult
|move|p1a: Regieleki|Rapid Spin|p2: Dragapult|[notarget]
|-fail|p1a: Regieleki
|
|upkeep
|
|t:|1656672745
|switch|p2a: Blissey|Blissey, F|45/100
|turn|60
|
|t:|1656672748
|move|p1a: Regieleki|Electro Ball|p2a: Blissey
|-damage|p2a: Blissey|16/100
|move|p2a: Blissey|Soft-Boiled|p2a: Blissey
|-heal|p2a: Blissey|66/100
|
|upkeep
|turn|61
|l|‽madre mia rosalia
|inactive|madre mia rosalia disconnected and has a minute to reconnect!
|player|p1|
|j|‽madre mia rosalia
|inactive|madre mia rosalia reconnected and has 120 seconds left.
|player|p1|madre mia rosalia|266
|n|‽madre mia rosalia|madremiarosalia
|n|‽madre mia rosalia|madremiarosalia
|
|t:|1656672782
|move|p1a: Regieleki|Electro Ball|p2a: Blissey
|-damage|p2a: Blissey|36/100
|move|p2a: Blissey|Soft-Boiled|p2a: Blissey
|-heal|p2a: Blissey|86/100
|
|upkeep
|turn|62
|
|t:|1656672788
|move|p1a: Regieleki|Rapid Spin|p2a: Blissey
|-damage|p2a: Blissey|78/100
|-boost|p1a: Regieleki|spe|1
|-sideend|p1: madre mia rosalia|Spikes|[from] move: Rapid Spin|[of] p1a: Regieleki
|move|p2a: Blissey|Seismic Toss|p1a: Regieleki
|-damage|p1a: Regieleki|38/100
|
|upkeep
|turn|63
|
|t:|1656672795
|move|p1a: Regieleki|Volt Switch|p2a: Blissey
|-damage|p2a: Blissey|62/100
|
|t:|1656672797
|switch|p1a: Slowking|Slowking-Galar, M|94/100 par|[from]move: Volt Switch
|move|p2a: Blissey|Seismic Toss|p1a: Slowking
|-damage|p1a: Slowking|69/100 par
|
|upkeep
|turn|64
|
|t:|1656672803
|move|p2a: Blissey|Seismic Toss|p1a: Slowking
|-damage|p1a: Slowking|43/100 par
|cant|p1a: Slowking|par
|
|upkeep
|turn|65
|
|t:|1656672807
|move|p2a: Blissey|Seismic Toss|p1a: Slowking
|-damage|p1a: Slowking|18/100 par
|move|p1a: Slowking|Sludge Bomb|p2a: Blissey
|-damage|p2a: Blissey|50/100
|
|upkeep
|turn|66
|
|t:|1656672813
|switch|p1a: Regieleki|Regieleki|38/100
|move|p2a: Blissey|Seismic Toss|p1a: Regieleki
|-damage|p1a: Regieleki|7/100
|
|upkeep
|turn|67
|
|t:|1656672819
|move|p1a: Regieleki|Volt Switch|p2a: Blissey
|-damage|p2a: Blissey|32/100
|
|t:|1656672821
|switch|p1a: Slowking|Slowking-Galar, M|51/100 par|[from]move: Volt Switch
|move|p2a: Blissey|Soft-Boiled|p2a: Blissey
|-heal|p2a: Blissey|82/100
|
|upkeep
|turn|68
|
|t:|1656672826
|move|p2a: Blissey|Seismic Toss|p1a: Slowking
|-damage|p1a: Slowking|26/100 par
|cant|p1a: Slowking|par
|
|upkeep
|turn|69
|
|t:|1656672835
|switch|p1a: Regieleki|Regieleki|7/100
|move|p2a: Blissey|Seismic Toss|p1a: Regieleki
|-damage|p1a: Regieleki|0 fnt
|faint|p1a: Regieleki
|
|upkeep
|
|t:|1656672839
|switch|p1a: Slowking|Slowking-Galar, M|59/100 par
|turn|70
|
|t:|1656672854
|move|p2a: Blissey|Seismic Toss|p1a: Slowking
|-damage|p1a: Slowking|34/100 par
|move|p1a: Slowking|Sludge Bomb|p2a: Blissey
|-damage|p2a: Blissey|70/100
|-status|p2a: Blissey|psn
|
|-damage|p2a: Blissey|58/100 psn|[from] psn
|upkeep
|turn|71
|
|t:|1656672862
|switch|p1a: Skarmory|Skarmory, M|31/100 par
|move|p2a: Blissey|Seismic Toss|p1a: Skarmory
|-damage|p1a: Skarmory|0 fnt
|faint|p1a: Skarmory
|
|-damage|p2a: Blissey|45/100 psn|[from] psn
|upkeep
|
|t:|1656672867
|switch|p1a: Slowking|Slowking-Galar, M|67/100 par
|turn|72
|
|t:|1656672871
|-curestatus|p2a: Blissey|psn|[from] ability: Natural Cure
|switch|p2a: Buzzwole|Buzzwole|28/100 tox
|-damage|p2a: Buzzwole|16/100 tox|[from] Stealth Rock
|-damage|p2a: Buzzwole|0 fnt|[from] Spikes
|faint|p2a: Buzzwole
|move|p1a: Slowking|Future Sight|p2: Buzzwole
|-start|p1a: Slowking|move: Future Sight
|
|upkeep
|
|t:|1656672879
|switch|p2a: Blissey|Blissey, F|45/100
|turn|73
|
|t:|1656672883
|move|p2a: Blissey|Soft-Boiled|p2a: Blissey
|-heal|p2a: Blissey|95/100
|move|p1a: Slowking|Sludge Bomb|p2a: Blissey
|-crit|p2a: Blissey
|-damage|p2a: Blissey|76/100
|-status|p2a: Blissey|psn
|
|-damage|p2a: Blissey|63/100 psn|[from] psn
|upkeep
|turn|74
|
|t:|1656672911
|move|p2a: Blissey|Soft-Boiled|p2a: Blissey
|-heal|p2a: Blissey|100/100 psn
|move|p1a: Slowking|Future Sight||[still]
|-fail|p1a: Slowking
|
|-end|p2a: Blissey|move: Future Sight
|-damage|p2a: Blissey|84/100 psn
|-damage|p2a: Blissey|71/100 psn|[from] psn
|upkeep
|turn|75
|
|t:|1656672919
|move|p2a: Blissey|Seismic Toss|p1a: Slowking
|-damage|p1a: Slowking|41/100 par
|move|p1a: Slowking|Future Sight|p2a: Blissey
|-start|p1a: Slowking|move: Future Sight
|
|-damage|p2a: Blissey|59/100 psn|[from] psn
|upkeep
|turn|76
|-message|Makuryu forfeited.
|
|win|madre mia rosalia
|raw|madre mia rosalia's rating: 1640 &rarr; <strong>1664</strong><br />(+24 for winning)
|raw|Makuryu's rating: 1709 &rarr; <strong>1685</strong><br />(-24 for losing)
|l|☆Makuryu
|l|‽madre mia rosalia
