|j|☆ckonsefaiechparici
|j|☆2(H2O)
|t:|1658281280
|gametype|singles
|player|p1|ckonsefaiechparici|170|1558
|player|p2|2(H2O)|chase|1577
|teamsize|p1|6
|teamsize|p2|6
|gen|8
|tier|[Gen 8] OU
|rated|
|rule|Sleep Clause Mod: Limit one foe put to sleep
|rule|Species Clause: Limit one of each Pokémon
|rule|OHKO Clause: OHKO moves are banned
|rule|Evasion Moves Clause: Evasion moves are banned
|rule|Endless Battle Clause: Forcing endless battles is banned
|rule|HP Percentage Mod: HP is shown in percentages
|rule|Dynamax Clause: You cannot dynamax
|clearpoke
|poke|p1|Hatterene, F|
|poke|p1|Buzzwole|
|poke|p1|Kommo-o, M|
|poke|p1|Snorlax, F|
|poke|p1|Celesteela|
|poke|p1|Excadrill, M|
|poke|p2|Tapu Lele|
|poke|p2|Victini|
|poke|p2|Melmetal|
|poke|p2|Dragonite, M|
|poke|p2|Landorus-Therian, M|
|poke|p2|Urshifu-*, M|
|teampreview
|
|t:|1658281303
|start
|switch|p1a: Excadrill|Excadrill, M|100/100
|switch|p2a: Tapu Lele|Tapu Lele|100/100
|-fieldstart|move: Psychic Terrain|[from] ability: Psychic Surge|[of] p2a: Tapu Lele
|-ability|p1a: Excadrill|Mold Breaker
|turn|1
|
|t:|1658281313
|switch|p2a: Landorus|Landorus-Therian, M|100/100
|-ability|p2a: Landorus|Intimidate|boost
|-unboost|p1a: Excadrill|atk|1
|switch|p1a: Marabout|Hatterene, F|100/100
|
|upkeep
|turn|2
|
|t:|1658281320
|switch|p1a: Buzz lightyear|Buzzwole|100/100
|move|p2a: Landorus|Earthquake|p1a: Buzz lightyear
|-resisted|p1a: Buzz lightyear
|-damage|p1a: Buzz lightyear|85/100
|
|upkeep
|turn|3
|inactive|Battle timer is ON: inactive players will automatically lose when time's up. (requested by 2(H2O))
|
|t:|1658281326
|switch|p2a: Victini|Victini|100/100
|move|p1a: Buzz lightyear|Leech Life|p2a: Victini
|-damage|p2a: Victini|52/100
|-heal|p1a: Buzz lightyear|100/100|[from] drain|[of] p2a: Victini
|
|upkeep
|turn|4
|
|t:|1658281336
|switch|p1a: Nikocado|Snorlax, F|100/100
|move|p2a: Victini|U-turn|p1a: Nikocado
|-damage|p1a: Nikocado|84/100
|
|t:|1658281340
|switch|p2a: Urshifu|Urshifu-Rapid-Strike, M|100/100|[from]move: U-turn
|
|-heal|p1a: Nikocado|90/100|[from] item: Leftovers
|upkeep
|turn|5
|
|t:|1658281349
|switch|p1a: Buzz lightyear|Buzzwole|100/100
|move|p2a: Urshifu|Surging Strikes|p1a: Buzz lightyear
|-crit|p1a: Buzz lightyear
|-damage|p1a: Buzz lightyear|83/100
|-damage|p2a: Urshifu|84/100|[from] item: Rocky Helmet|[of] p1a: Buzz lightyear
|-crit|p1a: Buzz lightyear
|-damage|p1a: Buzz lightyear|63/100
|-damage|p2a: Urshifu|68/100|[from] item: Rocky Helmet|[of] p1a: Buzz lightyear
|-crit|p1a: Buzz lightyear
|-damage|p1a: Buzz lightyear|44/100
|-damage|p2a: Urshifu|51/100|[from] item: Rocky Helmet|[of] p1a: Buzz lightyear
|-hitcount|p1a: Buzz lightyear|3
|
|-fieldend|move: Psychic Terrain
|upkeep
|turn|6
|
|t:|1658281353
|switch|p1a: Commodore 64|Kommo-o, M|100/100
|move|p2a: Urshifu|Surging Strikes|p1a: Commodore 64
|-resisted|p1a: Commodore 64
|-crit|p1a: Commodore 64
|-damage|p1a: Commodore 64|91/100
|-resisted|p1a: Commodore 64
|-crit|p1a: Commodore 64
|-damage|p1a: Commodore 64|83/100
|-resisted|p1a: Commodore 64
|-crit|p1a: Commodore 64
|-damage|p1a: Commodore 64|73/100
|-hitcount|p1a: Commodore 64|3
|
|-heal|p1a: Commodore 64|79/100|[from] item: Leftovers
|upkeep
|turn|7
|
|t:|1658281378
|switch|p2a: Landorus|Landorus-Therian, M|100/100
|-ability|p2a: Landorus|Intimidate|boost
|-unboost|p1a: Commodore 64|atk|1
|move|p1a: Commodore 64|Toxic|p2a: Landorus
|-status|p2a: Landorus|tox
|
|-heal|p1a: Commodore 64|85/100|[from] item: Leftovers
|-damage|p2a: Landorus|94/100 tox|[from] psn
|upkeep
|turn|8
|inactive|2(H2O) has 120 seconds left.
|inactive|2(H2O) has 90 seconds left.
|
|t:|1658281466
|switch|p1a: Buzz lightyear|Buzzwole|44/100
|move|p2a: Landorus|Toxic|p1a: Buzz lightyear
|-status|p1a: Buzz lightyear|tox
|
|-heal|p2a: Landorus|100/100 tox|[from] item: Leftovers
|-damage|p1a: Buzz lightyear|38/100 tox|[from] psn
|-damage|p2a: Landorus|88/100 tox|[from] psn
|upkeep
|turn|9
|
|t:|1658281470
|switch|p2a: Victini|Victini|52/100
|move|p1a: Buzz lightyear|Roost|p1a: Buzz lightyear
|-heal|p1a: Buzz lightyear|88/100 tox
|-singleturn|p1a: Buzz lightyear|move: Roost
|
|-damage|p1a: Buzz lightyear|76/100 tox|[from] psn
|upkeep
|turn|10
|
|t:|1658281476
|switch|p1a: Nikocado|Snorlax, F|90/100
|move|p2a: Victini|Expanding Force|p1a: Nikocado
|-damage|p1a: Nikocado|77/100
|
|-heal|p1a: Nikocado|83/100|[from] item: Leftovers
|upkeep
|turn|11
|
|t:|1658281481
|move|p2a: Victini|U-turn|p1a: Nikocado
|-damage|p1a: Nikocado|67/100
|
|t:|1658281484
|switch|p2a: Landorus|Landorus-Therian, M|88/100 tox|[from]move: U-turn
|-ability|p2a: Landorus|Intimidate|boost
|-unboost|p1a: Nikocado|atk|1
|move|p1a: Nikocado|Curse|p1a: Nikocado
|-unboost|p1a: Nikocado|spe|1
|-boost|p1a: Nikocado|atk|1
|-boost|p1a: Nikocado|def|1
|
|-heal|p2a: Landorus|94/100 tox|[from] item: Leftovers
|-heal|p1a: Nikocado|73/100|[from] item: Leftovers
|-damage|p2a: Landorus|88/100 tox|[from] psn
|upkeep
|turn|12
|
|t:|1658281502
|move|p2a: Landorus|Stealth Rock|p1a: Nikocado
|-sidestart|p1: ckonsefaiechparici|move: Stealth Rock
|move|p1a: Nikocado|Curse|p1a: Nikocado
|-unboost|p1a: Nikocado|spe|1
|-boost|p1a: Nikocado|atk|1
|-boost|p1a: Nikocado|def|1
|
|-heal|p2a: Landorus|94/100 tox|[from] item: Leftovers
|-heal|p1a: Nikocado|80/100|[from] item: Leftovers
|-damage|p2a: Landorus|82/100 tox|[from] psn
|upkeep
|turn|13
|inactive|2(H2O) has 90 seconds left.
|
|t:|1658281531
|move|p2a: Landorus|Stealth Rock||[still]
|-fail|p2a: Landorus
|move|p1a: Nikocado|Body Slam|p2a: Landorus
|-damage|p2a: Landorus|33/100 tox
|
|-heal|p2a: Landorus|39/100 tox|[from] item: Leftovers
|-heal|p1a: Nikocado|86/100|[from] item: Leftovers
|-damage|p2a: Landorus|21/100 tox|[from] psn
|upkeep
|turn|14
|
|t:|1658281536
|move|p2a: Landorus|U-turn|p1a: Nikocado
|-damage|p1a: Nikocado|77/100
|
|t:|1658281540
|switch|p2a: Urshifu|Urshifu-Rapid-Strike, M|51/100|[from]move: U-turn
|move|p1a: Nikocado|Body Slam|p2a: Urshifu
|-damage|p2a: Urshifu|3/100
|
|-heal|p1a: Nikocado|83/100|[from] item: Leftovers
|upkeep
|turn|15
|
|t:|1658281568
|switch|p2a: Victini|Victini|52/100
|switch|p1a: Buzz lightyear|Buzzwole|76/100 tox
|-damage|p1a: Buzz lightyear|63/100 tox|[from] Stealth Rock
|
|-damage|p1a: Buzz lightyear|57/100 tox|[from] psn
|upkeep
|turn|16
|inactive|2(H2O) has 90 seconds left.
|inactive|2(H2O) has 60 seconds left.
|inactive|2(H2O) has 30 seconds left.
|inactive|2(H2O) has 20 seconds left.
|inactive|2(H2O) has 15 seconds left.
|inactive|2(H2O) has 10 seconds left.
|inactive|2(H2O) has 5 seconds left.
|-message|2(H2O) lost due to inactivity.
|
|win|ckonsefaiechparici
|raw|ckonsefaiechparici's rating: 1558 &rarr; <strong>1579</strong><br />(+21 for winning)
|raw|2(H2O)'s rating: 1577 &rarr; <strong>1556</strong><br />(-21 for losing)
|l|☆ckonsefaiechparici
||Ladder isn't responding, score probably updated but might not have (Request timeout).
