|j|☆enpathy
|j|‽Guest 7021179
|t:|1647884555
|gametype|singles
|player|p1|enpathy|169|1713
|player|p2|Guest 7021179|2|1780
|teamsize|p1|6
|teamsize|p2|6
|gen|8
|tier|[Gen 8] OU
|rated|
|rule|Sleep Clause Mod: Limit one foe put to sleep
|rule|Species Clause: Limit one of each Pokémon
|rule|OHKO Clause: OHKO moves are banned
|rule|Evasion Moves Clause: Evasion moves are banned
|rule|Endless Battle Clause: Forcing endless battles is banned
|rule|HP Percentage Mod: HP is shown in percentages
|rule|Dynamax Clause: You cannot dynamax
|clearpoke
|poke|p1|Slowbro, M|
|poke|p1|Mandibuzz, F|
|poke|p1|Landorus-Therian, M|
|poke|p1|Zeraora|
|poke|p1|Weavile, M|
|poke|p1|Heatran, M|
|poke|p2|Zapdos|
|poke|p2|Suicune|
|poke|p2|Hippowdon, F|
|poke|p2|Toxapex, F|
|poke|p2|Corviknight, F|
|poke|p2|Weavile, F|
|teampreview
|inactive|Battle timer is ON: inactive players will automatically lose when time's up. (requested by Guest 7021179)
|
|t:|1647884587
|start
|switch|p1a: Slowbro|Slowbro, M|100/100
|switch|p2a: Toxapex|Toxapex, F, shiny|100/100
|turn|1
|
|t:|1647884591
|move|p2a: Toxapex|Toxic|p1a: Slowbro
|-status|p1a: Slowbro|tox
|move|p1a: Slowbro|Scald|p2a: Toxapex
|-resisted|p2a: Toxapex
|-damage|p2a: Toxapex|90/100
|
|-damage|p1a: Slowbro|94/100 tox|[from] psn
|upkeep
|turn|2
|
|t:|1647884594
|move|p2a: Toxapex|Knock Off|p1a: Slowbro
|-supereffective|p1a: Slowbro
|-damage|p1a: Slowbro|77/100 tox
|-enditem|p1a: Slowbro|Eject Button|[from] move: Knock Off|[of] p2a: Toxapex
|move|p1a: Slowbro|Scald|p2a: Toxapex
|-resisted|p2a: Toxapex
|-damage|p2a: Toxapex|80/100
|
|-damage|p1a: Slowbro|64/100 tox|[from] psn
|upkeep
|turn|3
|
|t:|1647884597
|move|p2a: Toxapex|Toxic Spikes|p1a: Slowbro
|-sidestart|p1: enpathy|move: Toxic Spikes
|move|p1a: Slowbro|Future Sight|p2a: Toxapex
|-start|p1a: Slowbro|move: Future Sight
|
|-damage|p1a: Slowbro|46/100 tox|[from] psn
|upkeep
|turn|4
|
|t:|1647884605
|switch|p2a: Suicune|Suicune|100/100
|-ability|p2a: Suicune|Pressure
|move|p1a: Slowbro|Teleport|p1a: Slowbro
|
|t:|1647884611
|switch|p1a: Zeraora|Zeraora|100/100|[from]move: Teleport
|
|upkeep
|turn|5
|
|t:|1647884616
|switch|p1a: Slowbro|Slowbro, M|79/100 tox
|move|p2a: Suicune|Protect||[still]
|-fail|p2a: Suicune
|
|-end|p2a: Suicune|move: Future Sight
|-damage|p2a: Suicune|69/100
|-heal|p2a: Suicune|75/100|[from] item: Leftovers
|-damage|p1a: Slowbro|73/100 tox|[from] psn
|upkeep
|turn|6
|
|t:|1647884622
|move|p2a: Suicune|Substitute|p2a: Suicune
|-start|p2a: Suicune|Substitute
|-damage|p2a: Suicune|50/100
|move|p1a: Slowbro|Future Sight|p2a: Suicune
|-start|p1a: Slowbro|move: Future Sight
|
|-heal|p2a: Suicune|57/100|[from] item: Leftovers
|-damage|p1a: Slowbro|61/100 tox|[from] psn
|upkeep
|turn|7
|
|t:|1647884633
|move|p2a: Suicune|Calm Mind|p2a: Suicune
|-boost|p2a: Suicune|spa|1
|-boost|p2a: Suicune|spd|1
|move|p1a: Slowbro|Teleport|p1a: Slowbro
|
|t:|1647884635
|switch|p1a: Weavile|Weavile, M|100/100|[from]move: Teleport
|-ability|p1a: Weavile|Pressure
|
|-heal|p2a: Suicune|63/100|[from] item: Leftovers
|upkeep
|turn|8
|
|t:|1647884640
|move|p2a: Suicune|Protect|p2a: Suicune
|-singleturn|p2a: Suicune|Protect
|move|p1a: Weavile|Knock Off|p2a: Suicune
|-activate|p2a: Suicune|move: Protect
|
|-end|p2a: Suicune|move: Future Sight
|-activate|p2a: Suicune|move: Substitute|[damage]
|-heal|p2a: Suicune|69/100|[from] item: Leftovers
|upkeep
|turn|9
|
|t:|1647884645
|move|p1a: Weavile|Knock Off|p2a: Suicune
|-end|p2a: Suicune|Substitute
|move|p2a: Suicune|Scald|p1a: Weavile
|-damage|p1a: Weavile|48/100
|
|-heal|p2a: Suicune|75/100|[from] item: Leftovers
|upkeep
|turn|10
|
|t:|1647884649
|move|p2a: Suicune|Protect|p2a: Suicune
|-singleturn|p2a: Suicune|Protect
|move|p1a: Weavile|Knock Off|p2a: Suicune
|-activate|p2a: Suicune|move: Protect
|
|-heal|p2a: Suicune|81/100|[from] item: Leftovers
|upkeep
|turn|11
|
|t:|1647884653
|switch|p2a: Toxapex|Toxapex, F, shiny|100/100
|move|p1a: Weavile|Knock Off|p2a: Toxapex
|-damage|p2a: Toxapex|66/100
|-damage|p1a: Weavile|32/100|[from] item: Rocky Helmet|[of] p2a: Toxapex
|-enditem|p2a: Toxapex|Rocky Helmet|[from] move: Knock Off|[of] p1a: Weavile
|
|upkeep
|turn|12
|
|t:|1647884668
|switch|p1a: Landorus|Landorus-Therian, M|100/100
|-ability|p1a: Landorus|Intimidate|boost
|-unboost|p2a: Toxapex|atk|1
|switch|p2a: Hippowdon|Hippowdon, F|100/100
|-weather|Sandstorm|[from] ability: Sand Stream|[of] p2a: Hippowdon
|
|-weather|Sandstorm|[upkeep]
|upkeep
|turn|13
|
|t:|1647884670
|move|p1a: Landorus|Toxic|p2a: Hippowdon
|-status|p2a: Hippowdon|tox
|move|p2a: Hippowdon|Toxic|p1a: Landorus
|-status|p1a: Landorus|tox
|
|-weather|Sandstorm|[upkeep]
|-damage|p1a: Landorus|94/100 tox|[from] psn
|-damage|p2a: Hippowdon|94/100 tox|[from] psn
|upkeep
|turn|14
|
|t:|1647884673
|move|p1a: Landorus|Stealth Rock|p2a: Hippowdon
|-sidestart|p2: Guest 7021179|move: Stealth Rock
|move|p2a: Hippowdon|Stealth Rock|p1a: Landorus
|-sidestart|p1: enpathy|move: Stealth Rock
|
|-weather|Sandstorm|[upkeep]
|-heal|p1a: Landorus|100/100 tox|[from] item: Leftovers
|-heal|p2a: Hippowdon|100/100 tox|[from] item: Leftovers
|-damage|p1a: Landorus|88/100 tox|[from] psn
|-damage|p2a: Hippowdon|88/100 tox|[from] psn
|upkeep
|turn|15
|
|t:|1647884678
|switch|p1a: Slowbro|Slowbro, M|94/100 tox
|-damage|p1a: Slowbro|82/100 tox|[from] Stealth Rock
|switch|p2a: Corviknight|Corviknight, F|100/100
|-damage|p2a: Corviknight|88/100|[from] Stealth Rock
|-ability|p2a: Corviknight|Pressure
|
|-weather|Sandstorm|[upkeep]
|-damage|p1a: Slowbro|76/100 tox|[from] Sandstorm
|-heal|p2a: Corviknight|94/100|[from] item: Leftovers
|-damage|p1a: Slowbro|70/100 tox|[from] psn
|upkeep
|turn|16
|inactive|Guest 7021179 has 120 seconds left.
|
|t:|1647884710
|move|p2a: Corviknight|Substitute|p2a: Corviknight
|-start|p2a: Corviknight|Substitute
|-damage|p2a: Corviknight|69/100
|move|p1a: Slowbro|Teleport|p1a: Slowbro
|
|t:|1647884714
|switch|p1a: Zeraora|Zeraora|100/100|[from]move: Teleport
|
|-weather|none
|-heal|p2a: Corviknight|75/100|[from] item: Leftovers
|upkeep
|turn|17
|
|t:|1647884723
|move|p1a: Zeraora|Bulk Up|p1a: Zeraora
|-boost|p1a: Zeraora|atk|1
|-boost|p1a: Zeraora|def|1
|move|p2a: Corviknight|Substitute|p2a: Corviknight
|-fail|p2a: Corviknight|move: Substitute
|
|-heal|p2a: Corviknight|82/100|[from] item: Leftovers
|upkeep
|turn|18
|
|t:|1647884727
|switch|p2a: Hippowdon|Hippowdon, F|88/100 tox
|-damage|p2a: Hippowdon|82/100 tox|[from] Stealth Rock
|-weather|Sandstorm|[from] ability: Sand Stream|[of] p2a: Hippowdon
|move|p1a: Zeraora|Plasma Fists|p2a: Hippowdon
|-immune|p2a: Hippowdon
|
|-weather|Sandstorm|[upkeep]
|-damage|p1a: Zeraora|95/100|[from] Sandstorm
|-heal|p2a: Hippowdon|88/100 tox|[from] item: Leftovers
|-damage|p2a: Hippowdon|82/100 tox|[from] psn
|upkeep
|turn|19
|
|t:|1647884731
|switch|p1a: Slowbro|Slowbro, M|100/100 tox
|-damage|p1a: Slowbro|88/100 tox|[from] Stealth Rock
|move|p2a: Hippowdon|Toxic|p1a: Slowbro
|-fail|p1a: Slowbro|tox
|
|-weather|Sandstorm|[upkeep]
|-damage|p1a: Slowbro|82/100 tox|[from] Sandstorm
|-heal|p2a: Hippowdon|88/100 tox|[from] item: Leftovers
|-damage|p2a: Hippowdon|76/100 tox|[from] psn
|-damage|p1a: Slowbro|76/100 tox|[from] psn
|upkeep
|turn|20
|
|t:|1647884735
|switch|p2a: Suicune|Suicune|81/100
|-damage|p2a: Suicune|69/100|[from] Stealth Rock
|-ability|p2a: Suicune|Pressure
|move|p1a: Slowbro|Teleport|p1a: Slowbro
|
|t:|1647884738
|switch|p1a: Zeraora|Zeraora|95/100|[from]move: Teleport
|
|-weather|Sandstorm|[upkeep]
|-damage|p1a: Zeraora|89/100|[from] Sandstorm
|-damage|p2a: Suicune|63/100|[from] Sandstorm
|-heal|p2a: Suicune|69/100|[from] item: Leftovers
|upkeep
|turn|21
|
|t:|1647884748
|move|p2a: Suicune|Protect|p2a: Suicune
|-singleturn|p2a: Suicune|Protect
|move|p1a: Zeraora|Plasma Fists|p2a: Suicune
|-activate|p2a: Suicune|move: Protect
|
|-weather|Sandstorm|[upkeep]
|-damage|p1a: Zeraora|83/100|[from] Sandstorm
|-damage|p2a: Suicune|63/100|[from] Sandstorm
|-heal|p2a: Suicune|69/100|[from] item: Leftovers
|upkeep
|turn|22
|
|t:|1647884750
|switch|p2a: Hippowdon|Hippowdon, F|76/100 tox
|-damage|p2a: Hippowdon|70/100 tox|[from] Stealth Rock
|move|p1a: Zeraora|Plasma Fists|p2a: Hippowdon
|-immune|p2a: Hippowdon
|
|-weather|none
|-heal|p2a: Hippowdon|76/100 tox|[from] item: Leftovers
|-damage|p2a: Hippowdon|70/100 tox|[from] psn
|upkeep
|turn|23
|
|t:|1647884752
|move|p1a: Zeraora|Knock Off|p2a: Hippowdon
|-damage|p2a: Hippowdon|46/100 tox
|-enditem|p2a: Hippowdon|Leftovers|[from] move: Knock Off|[of] p1a: Zeraora
|move|p2a: Hippowdon|Slack Off|p2a: Hippowdon
|-heal|p2a: Hippowdon|96/100 tox
|
|-damage|p2a: Hippowdon|84/100 tox|[from] psn
|upkeep
|turn|24
|
|t:|1647884758
|switch|p1a: Landorus|Landorus-Therian, M|88/100 tox
|-damage|p1a: Landorus|76/100 tox|[from] Stealth Rock
|-ability|p1a: Landorus|Intimidate|boost
|-unboost|p2a: Hippowdon|atk|1
|switch|p2a: Zapdos|Zapdos|100/100
|-ability|p2a: Zapdos|Pressure
|
|-heal|p1a: Landorus|82/100 tox|[from] item: Leftovers
|-damage|p1a: Landorus|76/100 tox|[from] psn
|upkeep
|turn|25
|
|t:|1647884762
|switch|p2a: Corviknight|Corviknight, F|82/100
|-damage|p2a: Corviknight|69/100|[from] Stealth Rock
|-ability|p2a: Corviknight|Pressure
|move|p1a: Landorus|U-turn|p2a: Corviknight
|-resisted|p2a: Corviknight
|-damage|p2a: Corviknight|65/100
|
|t:|1647884767
|switch|p1a: Heatran|Heatran, M|100/100|[from]move: U-turn
|-damage|p1a: Heatran|88/100|[from] Stealth Rock
|
|-heal|p1a: Heatran|94/100|[from] item: Leftovers
|-heal|p2a: Corviknight|71/100|[from] item: Leftovers
|upkeep
|turn|26
|inactive|Guest 7021179 has 120 seconds left.
|
|t:|1647884803
|switch|p2a: Suicune|Suicune|69/100
|-damage|p2a: Suicune|57/100|[from] Stealth Rock
|-ability|p2a: Suicune|Pressure
|move|p1a: Heatran|Magma Storm|p2a: Suicune
|-resisted|p2a: Suicune
|-damage|p2a: Suicune|41/100
|-activate|p2a: Suicune|move: Magma Storm|[of] p1a: Heatran
|
|-heal|p2a: Suicune|47/100|[from] item: Leftovers
|-heal|p1a: Heatran|100/100|[from] item: Leftovers
|-damage|p2a: Suicune|34/100|[from] move: Magma Storm|[partiallytrapped]
|upkeep
|turn|27
|
|t:|1647884807
|move|p2a: Suicune|Scald|p1a: Heatran
|-supereffective|p1a: Heatran
|-damage|p1a: Heatran|70/100
|move|p1a: Heatran|Earth Power|p2a: Suicune
|-damage|p2a: Suicune|17/100
|-unboost|p2a: Suicune|spd|1
|
|-heal|p2a: Suicune|23/100|[from] item: Leftovers
|-heal|p1a: Heatran|77/100|[from] item: Leftovers
|-damage|p2a: Suicune|10/100|[from] move: Magma Storm|[partiallytrapped]
|upkeep
|turn|28
|
|t:|1647884809
|move|p2a: Suicune|Scald|p1a: Heatran
|-supereffective|p1a: Heatran
|-damage|p1a: Heatran|44/100
|move|p1a: Heatran|Earth Power|p2a: Suicune
|-damage|p2a: Suicune|0 fnt
|faint|p2a: Suicune
|
|-heal|p1a: Heatran|50/100|[from] item: Leftovers
|upkeep
|
|t:|1647884817
|switch|p2a: Weavile|Weavile, F|100/100
|-ability|p2a: Weavile|Pressure
|turn|29
|
|t:|1647884825
|move|p2a: Weavile|Low Kick|p1a: Heatran
|-supereffective|p1a: Heatran
|-damage|p1a: Heatran|0 fnt
|faint|p1a: Heatran
|
|upkeep
|
|t:|1647884827
|switch|p1a: Zeraora|Zeraora|83/100
|turn|30
|
|t:|1647884835
|switch|p2a: Hippowdon|Hippowdon, F|84/100 tox
|-damage|p2a: Hippowdon|78/100 tox|[from] Stealth Rock
|-weather|Sandstorm|[from] ability: Sand Stream|[of] p2a: Hippowdon
|move|p1a: Zeraora|Close Combat|p2a: Hippowdon
|-damage|p2a: Hippowdon|53/100 tox
|-unboost|p1a: Zeraora|def|1
|-unboost|p1a: Zeraora|spd|1
|
|-weather|Sandstorm|[upkeep]
|-damage|p1a: Zeraora|77/100|[from] Sandstorm
|-damage|p2a: Hippowdon|47/100 tox|[from] psn
|upkeep
|turn|31
|
|t:|1647884841
|switch|p1a: Slowbro|Slowbro, M|100/100 tox
|-damage|p1a: Slowbro|88/100 tox|[from] Stealth Rock
|move|p2a: Hippowdon|Slack Off|p2a: Hippowdon
|-heal|p2a: Hippowdon|97/100 tox
|
|-weather|Sandstorm|[upkeep]
|-damage|p1a: Slowbro|82/100 tox|[from] Sandstorm
|-damage|p2a: Hippowdon|84/100 tox|[from] psn
|-damage|p1a: Slowbro|76/100 tox|[from] psn
|upkeep
|turn|32
|
|t:|1647884849
|switch|p2a: Zapdos|Zapdos|100/100
|-ability|p2a: Zapdos|Pressure
|move|p1a: Slowbro|Scald|p2a: Zapdos
|-damage|p2a: Zapdos|75/100
|-status|p2a: Zapdos|brn
|
|-weather|Sandstorm|[upkeep]
|-damage|p2a: Zapdos|69/100 brn|[from] Sandstorm
|-damage|p1a: Slowbro|70/100 tox|[from] Sandstorm
|-damage|p1a: Slowbro|57/100 tox|[from] psn
|-damage|p2a: Zapdos|63/100 brn|[from] brn
|upkeep
|turn|33
|
|t:|1647884851
|switch|p1a: Landorus|Landorus-Therian, M|76/100 tox
|-damage|p1a: Landorus|64/100 tox|[from] Stealth Rock
|-ability|p1a: Landorus|Intimidate|boost
|-unboost|p2a: Zapdos|atk|1
|move|p2a: Zapdos|Roost|p2a: Zapdos
|-heal|p2a: Zapdos|100/100 brn
|-singleturn|p2a: Zapdos|move: Roost
|
|-weather|Sandstorm|[upkeep]
|-damage|p2a: Zapdos|94/100 brn|[from] Sandstorm
|-heal|p1a: Landorus|70/100 tox|[from] item: Leftovers
|-damage|p1a: Landorus|64/100 tox|[from] psn
|-damage|p2a: Zapdos|88/100 brn|[from] brn
|upkeep
|turn|34
|
|t:|1647884857
|move|p2a: Zapdos|Hurricane|p1a: Landorus
|-damage|p1a: Landorus|30/100 tox
|move|p1a: Landorus|U-turn|p2a: Zapdos
|-resisted|p2a: Zapdos
|-damage|p2a: Zapdos|81/100 brn
|
|t:|1647884862
|switch|p1a: Zeraora|Zeraora|77/100|[from]move: U-turn
|
|-weather|none
|-damage|p2a: Zapdos|75/100 brn|[from] brn
|upkeep
|turn|35
|
|t:|1647884867
|switch|p2a: Hippowdon|Hippowdon, F|84/100 tox
|-damage|p2a: Hippowdon|78/100 tox|[from] Stealth Rock
|-weather|Sandstorm|[from] ability: Sand Stream|[of] p2a: Hippowdon
|move|p1a: Zeraora|Knock Off|p2a: Hippowdon
|-damage|p2a: Hippowdon|63/100 tox
|
|-weather|Sandstorm|[upkeep]
|-damage|p1a: Zeraora|71/100|[from] Sandstorm
|-damage|p2a: Hippowdon|57/100 tox|[from] psn
|upkeep
|turn|36
|
|t:|1647884870
|move|p1a: Zeraora|Knock Off|p2a: Hippowdon
|-damage|p2a: Hippowdon|43/100 tox
|move|p2a: Hippowdon|Slack Off|p2a: Hippowdon
|-heal|p2a: Hippowdon|93/100 tox
|
|-weather|Sandstorm|[upkeep]
|-damage|p1a: Zeraora|65/100|[from] Sandstorm
|-damage|p2a: Hippowdon|80/100 tox|[from] psn
|upkeep
|turn|37
|
|t:|1647884876
|switch|p1a: Mandibuzz|Mandibuzz, F|100/100
|switch|p2a: Zapdos|Zapdos|75/100 brn
|-ability|p2a: Zapdos|Pressure
|
|-weather|Sandstorm|[upkeep]
|-damage|p2a: Zapdos|69/100 brn|[from] Sandstorm
|-damage|p1a: Mandibuzz|94/100|[from] Sandstorm
|-damage|p2a: Zapdos|63/100 brn|[from] brn
|upkeep
|turn|38
|
|t:|1647884882
|move|p2a: Zapdos|Thunderbolt|p1a: Mandibuzz
|-supereffective|p1a: Mandibuzz
|-damage|p1a: Mandibuzz|45/100
|move|p1a: Mandibuzz|U-turn|p2a: Zapdos
|-resisted|p2a: Zapdos
|-damage|p2a: Zapdos|59/100 brn
|
|t:|1647884888
|switch|p1a: Zeraora|Zeraora|65/100|[from]move: U-turn
|
|-weather|Sandstorm|[upkeep]
|-damage|p1a: Zeraora|59/100|[from] Sandstorm
|-damage|p2a: Zapdos|53/100 brn|[from] Sandstorm
|-damage|p2a: Zapdos|47/100 brn|[from] brn
|upkeep
|turn|39
|
|t:|1647884893
|switch|p2a: Hippowdon|Hippowdon, F|80/100 tox
|-damage|p2a: Hippowdon|74/100 tox|[from] Stealth Rock
|move|p1a: Zeraora|Knock Off|p2a: Hippowdon
|-damage|p2a: Hippowdon|60/100 tox
|
|-weather|none
|-damage|p2a: Hippowdon|54/100 tox|[from] psn
|upkeep
|turn|40
|
|t:|1647884896
|switch|p1a: Slowbro|Slowbro, M|91/100 tox
|-damage|p1a: Slowbro|78/100 tox|[from] Stealth Rock
|move|p2a: Hippowdon|Slack Off|p2a: Hippowdon
|-heal|p2a: Hippowdon|100/100 tox
|
|-damage|p2a: Hippowdon|88/100 tox|[from] psn
|-damage|p1a: Slowbro|72/100 tox|[from] psn
|upkeep
|turn|41
|
|t:|1647884902
|switch|p2a: Toxapex|Toxapex, F, shiny|99/100
|-damage|p2a: Toxapex|87/100|[from] Stealth Rock
|move|p1a: Slowbro|Teleport|p1a: Slowbro
|
|t:|1647884905
|switch|p1a: Mandibuzz|Mandibuzz, F|45/100|[from]move: Teleport
|
|upkeep
|turn|42
|
|t:|1647884907
|move|p1a: Mandibuzz|U-turn|p2a: Toxapex
|-resisted|p2a: Toxapex
|-damage|p2a: Toxapex|83/100
|
|t:|1647884909
|switch|p1a: Slowbro|Slowbro, M|100/100 tox|[from]move: U-turn
|-damage|p1a: Slowbro|88/100 tox|[from] Stealth Rock
|move|p2a: Toxapex|Toxic|p1a: Slowbro
|-fail|p1a: Slowbro|tox
|
|-damage|p1a: Slowbro|82/100 tox|[from] psn
|upkeep
|turn|43
|
|t:|1647884919
|move|p2a: Toxapex|Toxic Spikes|p1a: Slowbro
|-sidestart|p1: enpathy|move: Toxic Spikes
|move|p1a: Slowbro|Teleport|p1a: Slowbro
|
|t:|1647884922
|switch|p1a: Mandibuzz|Mandibuzz, F|45/100|[from]move: Teleport
|
|upkeep
|turn|44
|
|t:|1647884925
|move|p1a: Mandibuzz|U-turn|p2a: Toxapex
|-resisted|p2a: Toxapex
|-damage|p2a: Toxapex|79/100
|
|t:|1647884927
|switch|p1a: Slowbro|Slowbro, M|100/100 tox|[from]move: U-turn
|-damage|p1a: Slowbro|88/100 tox|[from] Stealth Rock
|move|p2a: Toxapex|Knock Off|p1a: Slowbro
|-supereffective|p1a: Slowbro
|-damage|p1a: Slowbro|77/100 tox
|
|-damage|p1a: Slowbro|71/100 tox|[from] psn
|upkeep
|turn|45
|
|t:|1647884931
|switch|p2a: Weavile|Weavile, F|100/100
|-ability|p2a: Weavile|Pressure
|move|p1a: Slowbro|Teleport|p1a: Slowbro
|
|t:|1647884935
|switch|p1a: Mandibuzz|Mandibuzz, F|45/100|[from]move: Teleport
|
|upkeep
|turn|46
|
|t:|1647884940
|move|p2a: Weavile|Knock Off|p1a: Mandibuzz
|-resisted|p1a: Mandibuzz
|-damage|p1a: Mandibuzz|29/100
|-enditem|p1a: Mandibuzz|Heavy-Duty Boots|[from] move: Knock Off|[of] p2a: Weavile
|move|p1a: Mandibuzz|U-turn|p2a: Weavile
|-supereffective|p2a: Weavile
|-damage|p2a: Weavile|62/100
|
|t:|1647884946
|switch|p1a: Zeraora|Zeraora|59/100|[from]move: U-turn
|
|upkeep
|turn|47
|
|t:|1647884949
|switch|p1a: Slowbro|Slowbro, M|100/100 tox
|-damage|p1a: Slowbro|88/100 tox|[from] Stealth Rock
|switch|p2a: Hippowdon|Hippowdon, F|88/100 tox
|-damage|p2a: Hippowdon|82/100 tox|[from] Stealth Rock
|-weather|Sandstorm|[from] ability: Sand Stream|[of] p2a: Hippowdon
|
|-weather|Sandstorm|[upkeep]
|-damage|p1a: Slowbro|82/100 tox|[from] Sandstorm
|-damage|p2a: Hippowdon|76/100 tox|[from] psn
|-damage|p1a: Slowbro|76/100 tox|[from] psn
|upkeep
|turn|48
|
|t:|1647884954
|switch|p2a: Toxapex|Toxapex, F, shiny|100/100
|-damage|p2a: Toxapex|88/100|[from] Stealth Rock
|move|p1a: Slowbro|Future Sight|p2a: Toxapex
|-start|p1a: Slowbro|move: Future Sight
|
|-weather|Sandstorm|[upkeep]
|-damage|p2a: Toxapex|82/100|[from] Sandstorm
|-damage|p1a: Slowbro|70/100 tox|[from] Sandstorm
|-damage|p1a: Slowbro|57/100 tox|[from] psn
|upkeep
|turn|49
|
|t:|1647884960
|move|p2a: Toxapex|Knock Off|p1a: Slowbro
|-supereffective|p1a: Slowbro
|-damage|p1a: Slowbro|46/100 tox
|move|p1a: Slowbro|Teleport|p1a: Slowbro
|
|t:|1647884963
|switch|p1a: Weavile|Weavile, M|32/100|[from]move: Teleport
|-ability|p1a: Weavile|Pressure
|
|-weather|Sandstorm|[upkeep]
|-damage|p1a: Weavile|26/100|[from] Sandstorm
|-damage|p2a: Toxapex|75/100|[from] Sandstorm
|upkeep
|turn|50
|
|t:|1647884976
|switch|p2a: Zapdos|Zapdos|47/100 brn
|-ability|p2a: Zapdos|Pressure
|move|p1a: Weavile|Swords Dance|p1a: Weavile
|-boost|p1a: Weavile|atk|2
|
|-weather|Sandstorm|[upkeep]
|-damage|p1a: Weavile|20/100|[from] Sandstorm
|-damage|p2a: Zapdos|41/100 brn|[from] Sandstorm
|-end|p2a: Zapdos|move: Future Sight
|-damage|p2a: Zapdos|0 fnt
|faint|p2a: Zapdos
|upkeep
|
|t:|1647884981
|switch|p2a: Toxapex|Toxapex, F, shiny|100/100
|-damage|p2a: Toxapex|88/100|[from] Stealth Rock
|turn|51
|
|t:|1647884984
|switch|p1a: Slowbro|Slowbro, M|79/100 tox
|-damage|p1a: Slowbro|67/100 tox|[from] Stealth Rock
|move|p2a: Toxapex|Knock Off|p1a: Slowbro
|-supereffective|p1a: Slowbro
|-damage|p1a: Slowbro|54/100 tox
|
|-weather|none
|-damage|p1a: Slowbro|48/100 tox|[from] psn
|upkeep
|turn|52
|
|t:|1647884987
|move|p2a: Toxapex|Knock Off|p1a: Slowbro
|-supereffective|p1a: Slowbro
|-damage|p1a: Slowbro|37/100 tox
|move|p1a: Slowbro|Scald|p2a: Toxapex
|-resisted|p2a: Toxapex
|-damage|p2a: Toxapex|77/100
|-status|p2a: Toxapex|brn
|
|-damage|p1a: Slowbro|25/100 tox|[from] psn
|-damage|p2a: Toxapex|71/100 brn|[from] brn
|upkeep
|turn|53
|
|t:|1647884999
|switch|p2a: Hippowdon|Hippowdon, F|76/100 tox
|-damage|p2a: Hippowdon|70/100 tox|[from] Stealth Rock
|-weather|Sandstorm|[from] ability: Sand Stream|[of] p2a: Hippowdon
|move|p1a: Slowbro|Teleport|p1a: Slowbro
|
|t:|1647885004
|switch|p1a: Mandibuzz|Mandibuzz, F|29/100|[from]move: Teleport
|-damage|p1a: Mandibuzz|4/100|[from] Stealth Rock
|
|-weather|Sandstorm|[upkeep]
|-damage|p1a: Mandibuzz|0 fnt|[from] Sandstorm
|faint|p1a: Mandibuzz
|-damage|p2a: Hippowdon|63/100 tox|[from] psn
|upkeep
|
|t:|1647885016
|switch|p1a: Weavile|Weavile, M|20/100
|-ability|p1a: Weavile|Pressure
|turn|54
|
|t:|1647885020
|switch|p1a: Slowbro|Slowbro, M|58/100 tox
|-damage|p1a: Slowbro|46/100 tox|[from] Stealth Rock
|switch|p2a: Toxapex|Toxapex, F, shiny|100/100 brn
|-damage|p2a: Toxapex|88/100 brn|[from] Stealth Rock
|
|-weather|Sandstorm|[upkeep]
|-damage|p2a: Toxapex|82/100 brn|[from] Sandstorm
|-damage|p1a: Slowbro|40/100 tox|[from] Sandstorm
|-damage|p1a: Slowbro|34/100 tox|[from] psn
|-damage|p2a: Toxapex|75/100 brn|[from] brn
|upkeep
|turn|55
|
|t:|1647885031
|switch|p2a: Weavile|Weavile, F|62/100
|-ability|p2a: Weavile|Pressure
|move|p1a: Slowbro|Teleport|p1a: Slowbro
|
|t:|1647885035
|switch|p1a: Zeraora|Zeraora|59/100|[from]move: Teleport
|
|-weather|Sandstorm|[upkeep]
|-damage|p1a: Zeraora|53/100|[from] Sandstorm
|-damage|p2a: Weavile|56/100|[from] Sandstorm
|upkeep
|turn|56
|
|t:|1647885043
|switch|p2a: Toxapex|Toxapex, F, shiny|100/100 brn
|-damage|p2a: Toxapex|88/100 brn|[from] Stealth Rock
|move|p1a: Zeraora|Close Combat|p2a: Toxapex
|-resisted|p2a: Toxapex
|-damage|p2a: Toxapex|76/100 brn
|-unboost|p1a: Zeraora|def|1
|-unboost|p1a: Zeraora|spd|1
|
|-weather|Sandstorm|[upkeep]
|-damage|p1a: Zeraora|47/100|[from] Sandstorm
|-damage|p2a: Toxapex|70/100 brn|[from] Sandstorm
|-damage|p2a: Toxapex|63/100 brn|[from] brn
|upkeep
|turn|57
|
|t:|1647885047
|switch|p1a: Slowbro|Slowbro, M|67/100 tox
|-damage|p1a: Slowbro|54/100 tox|[from] Stealth Rock
|switch|p2a: Hippowdon|Hippowdon, F|63/100 tox
|-damage|p2a: Hippowdon|57/100 tox|[from] Stealth Rock
|
|-weather|none
|-damage|p2a: Hippowdon|51/100 tox|[from] psn
|-damage|p1a: Slowbro|48/100 tox|[from] psn
|upkeep
|turn|58
|
|t:|1647885049
|move|p2a: Hippowdon|Slack Off|p2a: Hippowdon
|-heal|p2a: Hippowdon|100/100 tox
|move|p1a: Slowbro|Scald|p2a: Hippowdon
|-supereffective|p2a: Hippowdon
|-damage|p2a: Hippowdon|60/100 tox
|
|-damage|p2a: Hippowdon|48/100 tox|[from] psn
|-damage|p1a: Slowbro|36/100 tox|[from] psn
|upkeep
|turn|59
|
|t:|1647885051
|move|p2a: Hippowdon|Slack Off|p2a: Hippowdon
|-heal|p2a: Hippowdon|98/100 tox
|move|p1a: Slowbro|Slack Off|p1a: Slowbro
|-heal|p1a: Slowbro|86/100 tox
|
|-damage|p2a: Hippowdon|80/100 tox|[from] psn
|-damage|p1a: Slowbro|68/100 tox|[from] psn
|upkeep
|turn|60
|
|t:|1647885058
|switch|p2a: Toxapex|Toxapex, F, shiny|97/100 brn
|-damage|p2a: Toxapex|84/100 brn|[from] Stealth Rock
|move|p1a: Slowbro|Teleport|p1a: Slowbro
|
|t:|1647885061
|switch|p1a: Zeraora|Zeraora|47/100|[from]move: Teleport
|
|-damage|p2a: Toxapex|78/100 brn|[from] brn
|upkeep
|turn|61
|
|t:|1647885064
|switch|p1a: Slowbro|Slowbro, M|100/100 tox
|-damage|p1a: Slowbro|88/100 tox|[from] Stealth Rock
|move|p2a: Toxapex|Knock Off|p1a: Slowbro
|-supereffective|p1a: Slowbro
|-damage|p1a: Slowbro|82/100 tox
|
|-damage|p1a: Slowbro|76/100 tox|[from] psn
|-damage|p2a: Toxapex|72/100 brn|[from] brn
|upkeep
|turn|62
|
|t:|1647885068
|switch|p2a: Weavile|Weavile, F|56/100
|-ability|p2a: Weavile|Pressure
|move|p1a: Slowbro|Scald|p2a: Weavile
|-damage|p2a: Weavile|17/100
|-status|p2a: Weavile|brn
|
|-damage|p1a: Slowbro|64/100 tox|[from] psn
|-damage|p2a: Weavile|10/100 brn|[from] brn
|upkeep
|turn|63
|
|t:|1647885074
|move|p2a: Weavile|Knock Off|p1a: Slowbro
|-supereffective|p1a: Slowbro
|-crit|p1a: Slowbro
|-damage|p1a: Slowbro|35/100 tox
|move|p1a: Slowbro|Slack Off|p1a: Slowbro
|-heal|p1a: Slowbro|85/100 tox
|
|-damage|p1a: Slowbro|66/100 tox|[from] psn
|-damage|p2a: Weavile|4/100 brn|[from] brn
|upkeep
|turn|64
|
|t:|1647885082
|move|p2a: Weavile|Knock Off|p1a: Slowbro
|-supereffective|p1a: Slowbro
|-damage|p1a: Slowbro|44/100 tox
|move|p1a: Slowbro|Slack Off|p1a: Slowbro
|-heal|p1a: Slowbro|94/100 tox
|
|-damage|p1a: Slowbro|69/100 tox|[from] psn
|-damage|p2a: Weavile|0 fnt|[from] brn
|faint|p2a: Weavile
|upkeep
|
|t:|1647885085
|switch|p2a: Corviknight|Corviknight, F|71/100
|-damage|p2a: Corviknight|59/100|[from] Stealth Rock
|-ability|p2a: Corviknight|Pressure
|turn|65
|
|t:|1647885088
|move|p2a: Corviknight|Substitute|p2a: Corviknight
|-start|p2a: Corviknight|Substitute
|-damage|p2a: Corviknight|34/100
|move|p1a: Slowbro|Teleport|p1a: Slowbro
|
|t:|1647885089
|switch|p1a: Weavile|Weavile, M|20/100|[from]move: Teleport
|-ability|p1a: Weavile|Pressure
|
|-heal|p2a: Corviknight|40/100|[from] item: Leftovers
|upkeep
|turn|66
|
|t:|1647885092
|move|p1a: Weavile|Triple Axel|p2a: Corviknight
|-activate|p2a: Corviknight|move: Substitute|[damage]
|-activate|p2a: Corviknight|move: Substitute|[damage]
|-end|p2a: Corviknight|Substitute
|-hitcount|p2a: Corviknight|3
|move|p2a: Corviknight|Roost|p2a: Corviknight
|-heal|p2a: Corviknight|90/100
|-singleturn|p2a: Corviknight|move: Roost
|
|-heal|p2a: Corviknight|96/100|[from] item: Leftovers
|upkeep
|turn|67
|
|t:|1647885098
|move|p1a: Weavile|Knock Off|p2a: Corviknight
|-crit|p2a: Corviknight
|-damage|p2a: Corviknight|38/100
|-enditem|p2a: Corviknight|Leftovers|[from] move: Knock Off|[of] p1a: Weavile
|move|p2a: Corviknight|Brave Bird|p1a: Weavile
|-damage|p1a: Weavile|0 fnt
|faint|p1a: Weavile
|-damage|p2a: Corviknight|34/100|[from] Recoil
|
|upkeep
|
|t:|1647885102
|switch|p1a: Zeraora|Zeraora|47/100
|turn|68
|
|t:|1647885105
|switch|p2a: Hippowdon|Hippowdon, F|80/100 tox
|-damage|p2a: Hippowdon|73/100 tox|[from] Stealth Rock
|-weather|Sandstorm|[from] ability: Sand Stream|[of] p2a: Hippowdon
|move|p1a: Zeraora|Close Combat|p2a: Hippowdon
|-damage|p2a: Hippowdon|49/100 tox
|-unboost|p1a: Zeraora|def|1
|-unboost|p1a: Zeraora|spd|1
|
|-weather|Sandstorm|[upkeep]
|-damage|p1a: Zeraora|41/100|[from] Sandstorm
|-damage|p2a: Hippowdon|43/100 tox|[from] psn
|upkeep
|turn|69
|
|t:|1647885109
|switch|p1a: Slowbro|Slowbro, M|100/100 tox
|-damage|p1a: Slowbro|88/100 tox|[from] Stealth Rock
|move|p2a: Hippowdon|Slack Off|p2a: Hippowdon
|-heal|p2a: Hippowdon|93/100 tox
|
|-weather|Sandstorm|[upkeep]
|-damage|p1a: Slowbro|82/100 tox|[from] Sandstorm
|-damage|p2a: Hippowdon|80/100 tox|[from] psn
|-damage|p1a: Slowbro|76/100 tox|[from] psn
|upkeep
|turn|70
|
|t:|1647885111
|move|p2a: Hippowdon|Earthquake|p1a: Slowbro
|-damage|p1a: Slowbro|50/100 tox
|move|p1a: Slowbro|Future Sight|p2a: Hippowdon
|-start|p1a: Slowbro|move: Future Sight
|
|-weather|Sandstorm|[upkeep]
|-damage|p1a: Slowbro|44/100 tox|[from] Sandstorm
|-damage|p2a: Hippowdon|62/100 tox|[from] psn
|-damage|p1a: Slowbro|31/100 tox|[from] psn
|upkeep
|turn|71
|
|t:|1647885119
|switch|p2a: Corviknight|Corviknight, F|34/100
|-damage|p2a: Corviknight|21/100|[from] Stealth Rock
|-ability|p2a: Corviknight|Pressure
|move|p1a: Slowbro|Slack Off|p1a: Slowbro
|-heal|p1a: Slowbro|81/100 tox
|
|-weather|Sandstorm|[upkeep]
|-damage|p1a: Slowbro|75/100 tox|[from] Sandstorm
|-damage|p1a: Slowbro|57/100 tox|[from] psn
|upkeep
|turn|72
|
|t:|1647885121
|move|p2a: Corviknight|Roost|p2a: Corviknight
|-heal|p2a: Corviknight|71/100
|-singleturn|p2a: Corviknight|move: Roost
|move|p1a: Slowbro|Scald|p2a: Corviknight
|-damage|p2a: Corviknight|49/100
|
|-weather|none
|-end|p2a: Corviknight|move: Future Sight
|-resisted|p2a: Corviknight
|-damage|p2a: Corviknight|34/100
|-damage|p1a: Slowbro|33/100 tox|[from] psn
|upkeep
|turn|73
|
|t:|1647885125
|switch|p1a: Zeraora|Zeraora|41/100
|move|p2a: Corviknight|Roost|p2a: Corviknight
|-heal|p2a: Corviknight|84/100
|-singleturn|p2a: Corviknight|move: Roost
|
|upkeep
|turn|74
|
|t:|1647885132
|move|p1a: Zeraora|Plasma Fists|p2a: Corviknight
|-supereffective|p2a: Corviknight
|-damage|p2a: Corviknight|14/100
|-fieldactivate|move: Ion Deluge
|-hint|Normal-type moves become Electric-type after using Plasma Fists.
|move|p2a: Corviknight|Brave Bird|p1a: Zeraora
|-resisted|p1a: Zeraora
|-damage|p1a: Zeraora|17/100
|-damage|p2a: Corviknight|8/100|[from] Recoil
|
|upkeep
|turn|75
|
|t:|1647885137
|move|p1a: Zeraora|Knock Off|p2a: Corviknight
|-damage|p2a: Corviknight|0 fnt
|faint|p2a: Corviknight
|
|upkeep
|
|t:|1647885140
|switch|p2a: Hippowdon|Hippowdon, F|62/100 tox
|-damage|p2a: Hippowdon|56/100 tox|[from] Stealth Rock
|-weather|Sandstorm|[from] ability: Sand Stream|[of] p2a: Hippowdon
|turn|76
|
|t:|1647885142
|switch|p1a: Landorus|Landorus-Therian, M|30/100 tox
|-damage|p1a: Landorus|17/100 tox|[from] Stealth Rock
|-ability|p1a: Landorus|Intimidate|boost
|-unboost|p2a: Hippowdon|atk|1
|move|p2a: Hippowdon|Slack Off|p2a: Hippowdon
|-heal|p2a: Hippowdon|100/100 tox
|
|-weather|Sandstorm|[upkeep]
|-heal|p1a: Landorus|23/100 tox|[from] item: Leftovers
|-damage|p1a: Landorus|17/100 tox|[from] psn
|-damage|p2a: Hippowdon|94/100 tox|[from] psn
|upkeep
|turn|77
|
|t:|1647885147
|move|p1a: Landorus|Earthquake|p2a: Hippowdon
|-damage|p2a: Hippowdon|63/100 tox
|move|p2a: Hippowdon|Slack Off|p2a: Hippowdon
|-heal|p2a: Hippowdon|100/100 tox
|
|-weather|Sandstorm|[upkeep]
|-heal|p1a: Landorus|23/100 tox|[from] item: Leftovers
|-damage|p1a: Landorus|11/100 tox|[from] psn
|-damage|p2a: Hippowdon|88/100 tox|[from] psn
|upkeep
|turn|78
|
|t:|1647885150
|move|p1a: Landorus|Earthquake|p2a: Hippowdon
|-damage|p2a: Hippowdon|55/100 tox
|move|p2a: Hippowdon|Slack Off|p2a: Hippowdon
|-heal|p2a: Hippowdon|100/100 tox
|
|-weather|Sandstorm|[upkeep]
|-heal|p1a: Landorus|17/100 tox|[from] item: Leftovers
|-damage|p1a: Landorus|0 fnt|[from] psn
|faint|p1a: Landorus
|-damage|p2a: Hippowdon|82/100 tox|[from] psn
|upkeep
|
|t:|1647885152
|switch|p1a: Slowbro|Slowbro, M|66/100 tox
|-damage|p1a: Slowbro|53/100 tox|[from] Stealth Rock
|turn|79
|
|t:|1647885156
|switch|p2a: Toxapex|Toxapex, F, shiny|100/100 brn
|-damage|p2a: Toxapex|88/100 brn|[from] Stealth Rock
|move|p1a: Slowbro|Slack Off|p1a: Slowbro
|-heal|p1a: Slowbro|100/100 tox
|
|-weather|Sandstorm|[upkeep]
|-damage|p2a: Toxapex|82/100 brn|[from] Sandstorm
|-damage|p1a: Slowbro|94/100 tox|[from] Sandstorm
|-damage|p1a: Slowbro|88/100 tox|[from] psn
|-damage|p2a: Toxapex|75/100 brn|[from] brn
|upkeep
|turn|80
|
|t:|1647885164
|move|p2a: Toxapex|Knock Off|p1a: Slowbro
|-supereffective|p1a: Slowbro
|-damage|p1a: Slowbro|82/100 tox
|move|p1a: Slowbro|Future Sight|p2a: Toxapex
|-start|p1a: Slowbro|move: Future Sight
|
|-weather|none
|-damage|p1a: Slowbro|70/100 tox|[from] psn
|-damage|p2a: Toxapex|69/100 brn|[from] brn
|upkeep
|turn|81
|
|t:|1647885168
|switch|p2a: Hippowdon|Hippowdon, F|82/100 tox
|-damage|p2a: Hippowdon|76/100 tox|[from] Stealth Rock
|-weather|Sandstorm|[from] ability: Sand Stream|[of] p2a: Hippowdon
|move|p1a: Slowbro|Teleport|p1a: Slowbro
|
|t:|1647885171
|switch|p1a: Zeraora|Zeraora|17/100|[from]move: Teleport
|
|-weather|Sandstorm|[upkeep]
|-damage|p1a: Zeraora|11/100|[from] Sandstorm
|-damage|p2a: Hippowdon|70/100 tox|[from] psn
|upkeep
|turn|82
|
|t:|1647885175
|move|p1a: Zeraora|Close Combat|p2a: Hippowdon
|-damage|p2a: Hippowdon|43/100 tox
|-unboost|p1a: Zeraora|def|1
|-unboost|p1a: Zeraora|spd|1
|move|p2a: Hippowdon|Slack Off|p2a: Hippowdon
|-heal|p2a: Hippowdon|93/100 tox
|
|-weather|Sandstorm|[upkeep]
|-damage|p1a: Zeraora|5/100|[from] Sandstorm
|-end|p2a: Hippowdon|move: Future Sight
|-damage|p2a: Hippowdon|64/100 tox
|-damage|p2a: Hippowdon|52/100 tox|[from] psn
|upkeep
|turn|83
|
|t:|1647885180
|switch|p1a: Slowbro|Slowbro, M|100/100 tox
|-damage|p1a: Slowbro|88/100 tox|[from] Stealth Rock
|move|p2a: Hippowdon|Slack Off|p2a: Hippowdon
|-heal|p2a: Hippowdon|100/100 tox
|
|-weather|Sandstorm|[upkeep]
|-damage|p1a: Slowbro|82/100 tox|[from] Sandstorm
|-damage|p2a: Hippowdon|82/100 tox|[from] psn
|-damage|p1a: Slowbro|76/100 tox|[from] psn
|upkeep
|turn|84
|
|t:|1647885183
|switch|p2a: Toxapex|Toxapex, F, shiny|100/100 brn
|-damage|p2a: Toxapex|88/100 brn|[from] Stealth Rock
|move|p1a: Slowbro|Future Sight|p2a: Toxapex
|-start|p1a: Slowbro|move: Future Sight
|
|-weather|Sandstorm|[upkeep]
|-damage|p2a: Toxapex|82/100 brn|[from] Sandstorm
|-damage|p1a: Slowbro|70/100 tox|[from] Sandstorm
|-damage|p1a: Slowbro|57/100 tox|[from] psn
|-damage|p2a: Toxapex|75/100 brn|[from] brn
|upkeep
|turn|85
|
|t:|1647885190
|move|p2a: Toxapex|Recover|p2a: Toxapex
|-heal|p2a: Toxapex|100/100 brn
|move|p1a: Slowbro|Slack Off|p1a: Slowbro
|-heal|p1a: Slowbro|100/100 tox
|
|-weather|none
|-damage|p1a: Slowbro|82/100 tox|[from] psn
|-damage|p2a: Toxapex|94/100 brn|[from] brn
|upkeep
|turn|86
|
|t:|1647885194
|switch|p2a: Hippowdon|Hippowdon, F|82/100 tox
|-damage|p2a: Hippowdon|76/100 tox|[from] Stealth Rock
|-weather|Sandstorm|[from] ability: Sand Stream|[of] p2a: Hippowdon
|move|p1a: Slowbro|Scald|p2a: Hippowdon
|-supereffective|p2a: Hippowdon
|-damage|p2a: Hippowdon|37/100 tox
|
|-weather|Sandstorm|[upkeep]
|-damage|p1a: Slowbro|76/100 tox|[from] Sandstorm
|-end|p2a: Hippowdon|move: Future Sight
|-damage|p2a: Hippowdon|9/100 tox
|-damage|p2a: Hippowdon|2/100 tox|[from] psn
|-damage|p1a: Slowbro|52/100 tox|[from] psn
|upkeep
|turn|87
|
|t:|1647885197
|move|p2a: Hippowdon|Slack Off|p2a: Hippowdon
|-heal|p2a: Hippowdon|52/100 tox
|move|p1a: Slowbro|Scald|p2a: Hippowdon
|-supereffective|p2a: Hippowdon
|-damage|p2a: Hippowdon|15/100 tox
|
|-weather|Sandstorm|[upkeep]
|-damage|p1a: Slowbro|46/100 tox|[from] Sandstorm
|-damage|p2a: Hippowdon|3/100 tox|[from] psn
|-damage|p1a: Slowbro|15/100 tox|[from] psn
|upkeep
|turn|88
|
|t:|1647885210
|move|p2a: Hippowdon|Earthquake|p1a: Slowbro
|-damage|p1a: Slowbro|0 fnt
|faint|p1a: Slowbro
|
|-weather|Sandstorm|[upkeep]
|-damage|p2a: Hippowdon|0 fnt|[from] psn
|faint|p2a: Hippowdon
|upkeep
|
|t:|1647885213
|switch|p2a: Toxapex|Toxapex, F, shiny|100/100 brn
|switch|p1a: Zeraora|Zeraora|5/100
|-damage|p2a: Toxapex|88/100 brn|[from] Stealth Rock
|turn|89
|
|t:|1647885217
|move|p1a: Zeraora|Plasma Fists|p2a: Toxapex
|-supereffective|p2a: Toxapex
|-damage|p2a: Toxapex|25/100 brn
|-fieldactivate|move: Ion Deluge
|-hint|Normal-type moves become Electric-type after using Plasma Fists.
|move|p2a: Toxapex|Knock Off|p1a: Zeraora
|-damage|p1a: Zeraora|0 fnt
|-enditem|p1a: Zeraora|Heavy-Duty Boots|[from] move: Knock Off|[of] p2a: Toxapex
|faint|p1a: Zeraora
|
|win|Guest 7021179
|raw|enpathy's rating: 1713 &rarr; <strong>1698</strong><br />(-15 for losing)
|raw|Guest 7021179's rating: 1793 &rarr; <strong>1808</strong><br />(+15 for winning)
|c|‽Guest 7021179|/log Guest 7021179 made this room public.
|l|☆enpathy
||Ladder isn't responding, score probably updated but might not have (Request timeout).
