|html|<div class="broadcast-blue"><strong>[Gen 8] OU is currently suspecting Melmetal! For information on how to participate check out the <a href="https://www.smogon.com/forums/threads/np-ss-ou-suspect-process-round-12-monster-mash.3709234/">suspect thread</a>.</strong></div>
|j|☆LolzMachine
|j|☆minimax_ai
|t:|1665667818
|gametype|singles
|player|p1|LolzMachine|1|1430
|player|p2|minimax_ai|lusamine-nihilego|1384
|teamsize|p1|6
|teamsize|p2|6
|gen|8
|tier|[Gen 8] OU
|rated|
|rule|Sleep Clause Mod: Limit one foe put to sleep
|rule|Species Clause: Limit one of each Pokémon
|rule|OHKO Clause: OHKO moves are banned
|rule|Evasion Items Clause: Evasion items are banned
|rule|Evasion Moves Clause: Evasion moves are banned
|rule|Endless Battle Clause: Forcing endless battles is banned
|rule|HP Percentage Mod: HP is shown in percentages
|rule|Dynamax Clause: You cannot dynamax
|clearpoke
|poke|p1|Vanilluxe, M|
|poke|p1|Weavile, F|
|poke|p1|Garchomp, M|
|poke|p1|Blacephalon|
|poke|p1|Heatran, F|
|poke|p1|Rotom-Wash|
|poke|p2|Rotom-Wash|
|poke|p2|Weavile, M|
|poke|p2|Landorus-Therian, M|
|poke|p2|Heatran, M|
|poke|p2|Tangrowth, F|
|poke|p2|Melmetal|
|teampreview
|c|☆minimax_ai|hf
|inactive|Battle timer is ON: inactive players will automatically lose when time's up. (requested by minimax_ai)
|
|t:|1665667829
|start
|switch|p1a: Heatran|Heatran, F|100/100
|switch|p2a: landorustherian|Landorus-Therian, M|100/100
|-ability|p2a: landorustherian|Intimidate|boost
|-unboost|p1a: Heatran|atk|1
|turn|1
|
|t:|1665667832
|switch|p1a: Garchomp|Garchomp, M|100/100
|move|p2a: landorustherian|Earthquake|p1a: Garchomp
|-damage|p1a: Garchomp|61/100
|
|upkeep
|turn|2
|
|t:|1665667835
|move|p1a: Garchomp|Stealth Rock|p2a: landorustherian
|-sidestart|p2: minimax_ai|move: Stealth Rock
|move|p2a: landorustherian|U-turn|p1a: Garchomp
|-damage|p1a: Garchomp|42/100
|-damage|p2a: landorustherian|88/100|[from] ability: Rough Skin|[of] p1a: Garchomp
|-damage|p2a: landorustherian|72/100|[from] item: Rocky Helmet|[of] p1a: Garchomp
|
|t:|1665667836
|switch|p2a: Weavile|Weavile, M|100/100|[from]move: U-turn
|-damage|p2a: Weavile|76/100|[from] Stealth Rock
|-ability|p2a: Weavile|Pressure
|
|upkeep
|turn|3
|inactive|LolzMachine has 120 seconds left.
|
|t:|1665667873
|switch|p1a: Heatran|Heatran, F|100/100
|move|p2a: Weavile|Knock Off|p1a: Heatran
|-damage|p1a: Heatran|37/100
|-enditem|p1a: Heatran|Chople Berry|[from] move: Knock Off|[of] p2a: Weavile
|
|upkeep
|turn|4
|
|t:|1665667875
|move|p2a: Weavile|Knock Off|p1a: Heatran
|-damage|p1a: Heatran|0 fnt
|faint|p1a: Heatran
|
|upkeep
|
|t:|1665667879
|switch|p1a: Weavile|Weavile, F|100/100
|turn|5
|
|t:|1665667880
|switch|p2a: landorustherian|Landorus-Therian, M|72/100
|-damage|p2a: landorustherian|59/100|[from] Stealth Rock
|-ability|p2a: landorustherian|Intimidate|boost
|-unboost|p1a: Weavile|atk|1
|move|p1a: Weavile|Knock Off|p2a: landorustherian
|-damage|p2a: landorustherian|26/100
|-enditem|p2a: landorustherian|Leftovers|[from] move: Knock Off|[of] p1a: Weavile
|
|upkeep
|turn|6
|
|t:|1665667895
|switch|p2a: Melmetal|Melmetal|100/100
|-damage|p2a: Melmetal|94/100|[from] Stealth Rock
|move|p1a: Weavile|Icicle Crash|p2a: Melmetal
|-resisted|p2a: Melmetal
|-damage|p2a: Melmetal|86/100
|
|upkeep
|turn|7
|
|t:|1665667897
|switch|p1a: Garchomp|Garchomp, M|42/100
|move|p2a: Melmetal|Thunder Punch|p1a: Garchomp
|-immune|p1a: Garchomp
|
|upkeep
|turn|8
|
|t:|1665667902
|move|p2a: Melmetal|Ice Punch|p1a: Garchomp
|-supereffective|p1a: Garchomp
|-damage|p1a: Garchomp|0 fnt
|-damage|p2a: Melmetal|74/100|[from] ability: Rough Skin|[of] p1a: Garchomp
|-damage|p2a: Melmetal|57/100|[from] item: Rocky Helmet|[of] p1a: Garchomp
|faint|p1a: Garchomp
|
|upkeep
|
|t:|1665667912
|switch|p1a: Blacephalon|Blacephalon|100/100
|turn|9
|
|t:|1665667913
|switch|p2a: landorustherian|Landorus-Therian, M|26/100
|-damage|p2a: landorustherian|14/100|[from] Stealth Rock
|-ability|p2a: landorustherian|Intimidate|boost
|-unboost|p1a: Blacephalon|atk|1
|move|p1a: Blacephalon|Substitute|p1a: Blacephalon
|-start|p1a: Blacephalon|Substitute
|-damage|p1a: Blacephalon|75/100
|
|upkeep
|turn|10
|
|t:|1665667915
|switch|p2a: rotomwash|Rotom-Wash|100/100
|-damage|p2a: rotomwash|88/100|[from] Stealth Rock
|move|p1a: Blacephalon|Shadow Ball|p2a: rotomwash
|-damage|p2a: rotomwash|37/100
|
|-heal|p2a: rotomwash|44/100|[from] item: Leftovers
|upkeep
|turn|11
|
|t:|1665667918
|move|p1a: Blacephalon|Shadow Ball|p2a: rotomwash
|-damage|p2a: rotomwash|0 fnt
|faint|p2a: rotomwash
|-ability|p1a: Blacephalon|Beast Boost|boost
|-boost|p1a: Blacephalon|spa|1
|
|upkeep
|
|t:|1665667918
|switch|p2a: Heatran|Heatran, M|100/100
|-damage|p2a: Heatran|88/100|[from] Stealth Rock
|-item|p2a: Heatran|Air Balloon
|turn|12
|
|t:|1665667920
|move|p1a: Blacephalon|Shadow Ball|p2a: Heatran
|-damage|p2a: Heatran|16/100
|-enditem|p2a: Heatran|Air Balloon
|move|p2a: Heatran|Magma Storm|p1a: Blacephalon|[miss]
|-miss|p2a: Heatran|p1a: Blacephalon
|
|upkeep
|turn|13
|
|t:|1665667924
|move|p1a: Blacephalon|Shadow Ball|p2a: Heatran
|-damage|p2a: Heatran|0 fnt
|faint|p2a: Heatran
|-ability|p1a: Blacephalon|Beast Boost|boost
|-boost|p1a: Blacephalon|spa|1
|
|upkeep
|
|t:|1665667924
|switch|p2a: landorustherian|Landorus-Therian, M|14/100
|-damage|p2a: landorustherian|2/100|[from] Stealth Rock
|-ability|p2a: landorustherian|Intimidate|boost
|-immune|p1a: Blacephalon
|turn|14
|
|t:|1665667942
|move|p1a: Blacephalon|Shadow Ball|p2a: landorustherian
|-damage|p2a: landorustherian|0 fnt
|faint|p2a: landorustherian
|-ability|p1a: Blacephalon|Beast Boost|boost
|-boost|p1a: Blacephalon|spa|1
|
|upkeep
|
|t:|1665667942
|switch|p2a: Weavile|Weavile, M|76/100
|-damage|p2a: Weavile|51/100|[from] Stealth Rock
|-ability|p2a: Weavile|Pressure
|turn|15
|
|t:|1665667944
|move|p2a: Weavile|Triple Axel|p1a: Blacephalon
|-resisted|p1a: Blacephalon
|-activate|p1a: Blacephalon|move: Substitute|[damage]
|-resisted|p1a: Blacephalon
|-end|p1a: Blacephalon|Substitute
|-resisted|p1a: Blacephalon
|-damage|p1a: Blacephalon|21/100
|-enditem|p1a: Blacephalon|Salac Berry|[eat]
|-boost|p1a: Blacephalon|spe|1|[from] item: Salac Berry
|-hitcount|p1a: Blacephalon|3
|move|p1a: Blacephalon|Flamethrower|p2a: Weavile
|-supereffective|p2a: Weavile
|-damage|p2a: Weavile|0 fnt
|faint|p2a: Weavile
|-ability|p1a: Blacephalon|Beast Boost|boost
|-boost|p1a: Blacephalon|spa|1
|
|upkeep
|
|t:|1665667944
|switch|p2a: Tangrowth|Tangrowth, F|100/100
|-damage|p2a: Tangrowth|88/100|[from] Stealth Rock
|turn|16
|
|t:|1665667947
|switch|p2a: Melmetal|Melmetal|57/100
|-damage|p2a: Melmetal|51/100|[from] Stealth Rock
|move|p1a: Blacephalon|Shadow Ball|p2a: Melmetal
|-damage|p2a: Melmetal|0 fnt
|faint|p2a: Melmetal
|-ability|p1a: Blacephalon|Beast Boost|boost
|-boost|p1a: Blacephalon|spa|1
|
|upkeep
|
|t:|1665667947
|switch|p2a: Tangrowth|Tangrowth, F|100/100
|-damage|p2a: Tangrowth|88/100|[from] Stealth Rock
|turn|17
|
|t:|1665667950
|move|p1a: Blacephalon|Flamethrower|p2a: Tangrowth
|-supereffective|p2a: Tangrowth
|-damage|p2a: Tangrowth|0 fnt
|faint|p2a: Tangrowth
|
|win|LolzMachine
|raw|LolzMachine's rating: 1430 &rarr; <strong>1447</strong><br />(+17 for winning)
|raw|minimax_ai's rating: 1384 &rarr; <strong>1367</strong><br />(-17 for losing)
|c|☆minimax_ai|gg
