|j|☆groundt
|j|☆Eduardrift
|player|p1|groundt|winona-gen3|1640
|player|p2|Eduardrift|265|1639
|teamsize|p1|6
|teamsize|p2|6
|gametype|singles
|gen|8
|tier|[Gen 8] OU
|rated|
|clearpoke
|poke|p1|Sirfetch'd, M|
|poke|p1|Dugtrio, M|
|poke|p1|Corviknight, M|
|poke|p1|Dragapult, M|
|poke|p1|Kommo-o, M|
|poke|p1|Rotom-Wash|
|poke|p2|Golisopod, M|
|poke|p2|Xatu, F|
|poke|p2|Dracovish|
|poke|p2|Quagsire, M|
|poke|p2|Clefable, M|
|poke|p2|Toxapex, F|
|rule|Sleep Clause Mod: Limit one foe put to sleep
|rule|Species Clause: Limit one of each Pokémon
|rule|OHKO Clause: OHKO moves are banned
|rule|Evasion Moves Clause: Evasion moves are banned
|rule|Endless Battle Clause: Forcing endless battles is banned
|rule|HP Percentage Mod: HP is shown in percentages
|rule|Dynamax Clause: You cannot dynamax
|teampreview
|
|start
|switch|p1a: Dragapult|Dragapult, M|100/100
|switch|p2a: Clefable|Clefable, M|100/100
|turn|1
|
|move|p1a: Dragapult|U-turn|p2a: Clefable
|-resisted|p2a: Clefable
|-damage|p2a: Clefable|92/100
|
|switch|p1a: Corviknight|Corviknight, M|100/100|[from]move: U-turn
|-ability|p1a: Corviknight|Pressure
|move|p2a: Clefable|Moonblast|p1a: Corviknight
|-resisted|p1a: Corviknight
|-damage|p1a: Corviknight|90/100
|
|-heal|p1a: Corviknight|96/100|[from] item: Leftovers
|-heal|p2a: Clefable|98/100|[from] item: Leftovers
|upkeep
|turn|2
|
|switch|p2a: Dracovish|Dracovish|100/100
|move|p1a: Corviknight|U-turn|p2a: Dracovish
|-damage|p2a: Dracovish|86/100
|
|switch|p1a: Dragapult|Dragapult, M|100/100|[from]move: U-turn
|
|upkeep
|turn|3
|
|switch|p2a: Clefable|Clefable, M|98/100
|move|p1a: Dragapult|U-turn|p2a: Clefable
|-resisted|p2a: Clefable
|-damage|p2a: Clefable|91/100
|
|switch|p1a: Dugtrio|Dugtrio, M|100/100|[from]move: U-turn
|
|-heal|p2a: Clefable|97/100|[from] item: Leftovers
|upkeep
|turn|4
|
|move|p1a: Dugtrio|Earthquake|p2a: Clefable
|-damage|p2a: Clefable|45/100
|move|p2a: Clefable|Wish|p2a: Clefable
|
|-heal|p2a: Clefable|51/100|[from] item: Leftovers
|upkeep
|turn|5
|
|move|p2a: Clefable|Protect|p2a: Clefable
|-singleturn|p2a: Clefable|Protect
|move|p1a: Dugtrio|Earthquake|p2a: Clefable
|-activate|p2a: Clefable|move: Protect
|
|-heal|p2a: Clefable|100/100|[from] move: Wish|[wisher] Clefable
|upkeep
|turn|6
|
|move|p1a: Dugtrio|Earthquake|p2a: Clefable
|-damage|p2a: Clefable|49/100
|move|p2a: Clefable|Wish|p2a: Clefable
|
|-heal|p2a: Clefable|55/100|[from] item: Leftovers
|upkeep
|turn|7
|
|switch|p1a: Corviknight|Corviknight, M|96/100
|-ability|p1a: Corviknight|Pressure
|move|p2a: Clefable|Protect||[still]
|-fail|p2a: Clefable
|
|-heal|p2a: Clefable|100/100|[from] move: Wish|[wisher] Clefable
|-heal|p1a: Corviknight|100/100|[from] item: Leftovers
|upkeep
|turn|8
|
|move|p1a: Corviknight|U-turn|p2a: Clefable
|-resisted|p2a: Clefable
|-damage|p2a: Clefable|94/100
|
|switch|p1a: Rotom|Rotom-Wash|100/100|[from]move: U-turn
|move|p2a: Clefable|Wish|p2a: Clefable
|
|-heal|p2a: Clefable|99/100|[from] item: Leftovers
|upkeep
|turn|9
|inactive|Battle timer is ON: inactive players will automatically lose when time's up. (requested by groundt)
|
|switch|p2a: Dracovish|Dracovish|86/100
|move|p1a: Rotom|Volt Switch|p2a: Dracovish
|-damage|p2a: Dracovish|52/100
|
|switch|p1a: Kommo-o|Kommo-o, M|100/100|[from]move: Volt Switch
|
|-heal|p2a: Dracovish|100/100|[from] move: Wish|[wisher] Clefable
|upkeep
|turn|10
|
|switch|p2a: Xatu|Xatu, F|100/100
|move|p1a: Kommo-o|Dragon Tail|p2a: Xatu
|-damage|p2a: Xatu|71/100
|drag|p2a: Golisopod|Golisopod, M|100/100
|
|upkeep
|turn|11
|
|switch|p2a: Xatu|Xatu, F|71/100
|move|p1a: Kommo-o|Body Press|p2a: Xatu
|-resisted|p2a: Xatu
|-damage|p2a: Xatu|56/100
|
|-heal|p2a: Xatu|62/100|[from] item: Leftovers
|upkeep
|turn|12
|
|move|p2a: Xatu|Roost|p2a: Xatu
|-heal|p2a: Xatu|100/100
|-singleturn|p2a: Xatu|move: Roost
|move|p1a: Kommo-o|Dragon Tail|p2a: Xatu
|-damage|p2a: Xatu|71/100
|drag|p2a: Toxapex|Toxapex, F|100/100
|
|upkeep
|turn|13
|
|switch|p1a: Corviknight|Corviknight, M|100/100
|-ability|p1a: Corviknight|Pressure
|move|p2a: Toxapex|Toxic Spikes|p1a: Corviknight
|-sidestart|p1: groundt|move: Toxic Spikes
|
|upkeep
|turn|14
|
|switch|p2a: Dracovish|Dracovish|100/100
|move|p1a: Corviknight|U-turn|p2a: Dracovish
|-damage|p2a: Dracovish|85/100
|
|switch|p1a: Rotom|Rotom-Wash|100/100|[from]move: U-turn
|
|upkeep
|turn|15
|
|move|p1a: Rotom|Thunder Wave|p2a: Dracovish
|-status|p2a: Dracovish|par
|move|p2a: Dracovish|Fishious Rend|p1a: Rotom
|-resisted|p1a: Rotom
|-damage|p1a: Rotom|61/100
|
|upkeep
|turn|16
|
|switch|p1a: Kommo-o|Kommo-o, M|100/100
|-status|p1a: Kommo-o|psn
|switch|p2a: Clefable|Clefable, M|99/100
|
|-heal|p2a: Clefable|100/100|[from] item: Leftovers
|-damage|p1a: Kommo-o|88/100 psn|[from] psn
|upkeep
|turn|17
|c|☆groundt|t
|
|switch|p1a: Corviknight|Corviknight, M|100/100
|-ability|p1a: Corviknight|Pressure
|move|p2a: Clefable|Moonblast|p1a: Corviknight
|-resisted|p1a: Corviknight
|-damage|p1a: Corviknight|89/100
|-unboost|p1a: Corviknight|spa|1
|
|-heal|p1a: Corviknight|95/100|[from] item: Leftovers
|upkeep
|turn|18
|
|move|p1a: Corviknight|Defog|p2a: Clefable
|-unboost|p2a: Clefable|evasion|1
|-sideend|p1: groundt|Toxic Spikes|[from] move: Defog|[of] p1a: Corviknight
|move|p2a: Clefable|Aromatherapy|p2a: Clefable
|-activate|p2a: Clefable|move: Aromatherapy
|-curestatus|p2: Dracovish|par|[msg]
|
|-heal|p1a: Corviknight|100/100|[from] item: Leftovers
|upkeep
|turn|19
|
|move|p1a: Corviknight|Iron Head|p2a: Clefable
|-supereffective|p2a: Clefable
|-damage|p2a: Clefable|57/100
|move|p2a: Clefable|Wish|p2a: Clefable
|
|-heal|p2a: Clefable|63/100|[from] item: Leftovers
|upkeep
|turn|20
|
|move|p2a: Clefable|Protect|p2a: Clefable
|-singleturn|p2a: Clefable|Protect
|move|p1a: Corviknight|U-turn|p2a: Clefable
|-activate|p2a: Clefable|move: Protect
|
|-heal|p2a: Clefable|100/100|[from] move: Wish|[wisher] Clefable
|upkeep
|turn|21
|
|switch|p2a: Toxapex|Toxapex, F|100/100
|move|p1a: Corviknight|U-turn|p2a: Toxapex
|-resisted|p2a: Toxapex
|-damage|p2a: Toxapex|97/100
|
|switch|p1a: Dugtrio|Dugtrio, M|100/100|[from]move: U-turn
|
|-heal|p2a: Toxapex|100/100|[from] item: Leftovers
|upkeep
|turn|22
|
|move|p1a: Dugtrio|Earthquake|p2a: Toxapex
|-supereffective|p2a: Toxapex
|-damage|p2a: Toxapex|21/100
|move|p2a: Toxapex|Toxic Spikes|p1a: Dugtrio
|-sidestart|p1: groundt|move: Toxic Spikes
|
|-heal|p2a: Toxapex|27/100|[from] item: Leftovers
|upkeep
|turn|23
|
|move|p1a: Dugtrio|Earthquake|p2a: Toxapex
|-supereffective|p2a: Toxapex
|-crit|p2a: Toxapex
|-damage|p2a: Toxapex|0 fnt
|faint|p2a: Toxapex
|
|upkeep
|
|switch|p2a: Dracovish|Dracovish|85/100
|turn|24
|inactive|groundt has 120 seconds left.
|
|switch|p1a: Rotom|Rotom-Wash|61/100
|move|p2a: Dracovish|Fishious Rend|p1a: Rotom
|-resisted|p1a: Rotom
|-damage|p1a: Rotom|0 fnt
|faint|p1a: Rotom
|
|upkeep
|
|switch|p1a: Dragapult|Dragapult, M|100/100
|-status|p1a: Dragapult|psn
|turn|25
|
|switch|p2a: Clefable|Clefable, M|100/100
|move|p1a: Dragapult|U-turn|p2a: Clefable
|-resisted|p2a: Clefable
|-damage|p2a: Clefable|93/100
|
|switch|p1a: Corviknight|Corviknight, M|100/100|[from]move: U-turn
|-ability|p1a: Corviknight|Pressure
|
|-heal|p2a: Clefable|99/100|[from] item: Leftovers
|upkeep
|turn|26
|
|switch|p2a: Dracovish|Dracovish|85/100
|move|p1a: Corviknight|Defog|p2a: Dracovish
|-unboost|p2a: Dracovish|evasion|1
|-sideend|p1: groundt|Toxic Spikes|[from] move: Defog|[of] p1a: Corviknight
|
|upkeep
|turn|27
|inactive|groundt has 120 seconds left.
|
|switch|p1a: Dragapult|Dragapult, M|100/100 psn
|move|p2a: Dracovish|Fishious Rend|p1a: Dragapult
|-resisted|p1a: Dragapult
|-damage|p1a: Dragapult|2/100 psn
|
|-heal|p1a: Dragapult|8/100 psn|[from] item: Leftovers
|-damage|p1a: Dragapult|0 fnt|[from] psn
|faint|p1a: Dragapult
|upkeep
|
|switch|p1a: Kommo-o|Kommo-o, M|88/100 psn
|turn|28
|inactive|groundt has 90 seconds left.
|
|switch|p2a: Xatu|Xatu, F|71/100
|switch|p1a: Corviknight|Corviknight, M|100/100
|-ability|p1a: Corviknight|Pressure
|
|-heal|p2a: Xatu|77/100|[from] item: Leftovers
|upkeep
|turn|29
|inactive|groundt has 90 seconds left.
|
|move|p2a: Xatu|Roost|p2a: Xatu
|-heal|p2a: Xatu|100/100
|-singleturn|p2a: Xatu|move: Roost
|move|p1a: Corviknight|U-turn|p2a: Xatu
|-supereffective|p2a: Xatu
|-damage|p2a: Xatu|61/100
|inactive|groundt has 90 seconds left.
|
|switch|p1a: Dugtrio|Dugtrio, M|100/100|[from]move: U-turn
|
|-heal|p2a: Xatu|67/100|[from] item: Leftovers
|upkeep
|turn|30
|
|switch|p2a: Quagsire|Quagsire, M|100/100
|move|p1a: Dugtrio|Stone Edge|p2a: Quagsire|[miss]
|-miss|p1a: Dugtrio|p2a: Quagsire
|
|upkeep
|turn|31
|
|switch|p1a: Kommo-o|Kommo-o, M|88/100 psn
|move|p2a: Quagsire|Scald|p1a: Kommo-o
|-resisted|p1a: Kommo-o
|-damage|p1a: Kommo-o|79/100 psn
|
|-heal|p1a: Kommo-o|85/100 psn|[from] item: Leftovers
|-damage|p1a: Kommo-o|73/100 psn|[from] psn
|upkeep
|turn|32
|
|switch|p1a: Dugtrio|Dugtrio, M|100/100
|switch|p2a: Xatu|Xatu, F|67/100
|
|-heal|p2a: Xatu|73/100|[from] item: Leftovers
|upkeep
|turn|33
|
|switch|p1a: Sirfetch'd|Sirfetch'd, M|100/100
|switch|p2a: Quagsire|Quagsire, M|100/100
|
|upkeep
|turn|34
|
|move|p1a: Sirfetch'd|Swords Dance|p1a: Sirfetch'd
|-boost|p1a: Sirfetch'd|atk|2
|move|p2a: Quagsire|Toxic|p1a: Sirfetch'd
|-status|p1a: Sirfetch'd|tox
|
|-damage|p1a: Sirfetch'd|94/100 tox|[from] psn
|upkeep
|turn|35
|
|move|p1a: Sirfetch'd|Leaf Blade|p2a: Quagsire
|-supereffective|p2a: Quagsire
|-crit|p2a: Quagsire
|-damage|p2a: Quagsire|0 fnt
|faint|p2a: Quagsire
|
|-damage|p1a: Sirfetch'd|82/100 tox|[from] psn
|upkeep
|
|switch|p2a: Clefable|Clefable, M|99/100
|turn|36
|
|move|p1a: Sirfetch'd|Swords Dance|p1a: Sirfetch'd
|-boost|p1a: Sirfetch'd|atk|2
|move|p2a: Clefable|Wish|p2a: Clefable
|
|-heal|p2a: Clefable|100/100|[from] item: Leftovers
|-damage|p1a: Sirfetch'd|63/100 tox|[from] psn
|upkeep
|turn|37
|
|move|p2a: Clefable|Protect|p2a: Clefable
|-singleturn|p2a: Clefable|Protect
|move|p1a: Sirfetch'd|Swords Dance|p1a: Sirfetch'd
|-boost|p1a: Sirfetch'd|atk|2
|
|-damage|p1a: Sirfetch'd|39/100 tox|[from] psn
|upkeep
|turn|38
|
|switch|p2a: Xatu|Xatu, F|73/100
|move|p1a: Sirfetch'd|Leaf Blade|p2a: Xatu
|-resisted|p2a: Xatu
|-crit|p2a: Xatu
|-damage|p2a: Xatu|0 fnt
|faint|p2a: Xatu
|
|-damage|p1a: Sirfetch'd|8/100 tox|[from] psn
|upkeep
|
|switch|p2a: Clefable|Clefable, M|100/100
|turn|39
|
|switch|p1a: Dugtrio|Dugtrio, M|100/100
|move|p2a: Clefable|Protect||[still]
|-fail|p2a: Clefable
|
|upkeep
|turn|40
|
|move|p1a: Dugtrio|Earthquake|p2a: Clefable
|-damage|p2a: Clefable|43/100
|move|p2a: Clefable|Wish|p2a: Clefable
|
|-heal|p2a: Clefable|49/100|[from] item: Leftovers
|upkeep
|turn|41
|
|move|p2a: Clefable|Protect|p2a: Clefable
|-singleturn|p2a: Clefable|Protect
|move|p1a: Dugtrio|Earthquake|p2a: Clefable
|-activate|p2a: Clefable|move: Protect
|
|-heal|p2a: Clefable|99/100|[from] move: Wish|[wisher] Clefable
|-heal|p2a: Clefable|100/100|[from] item: Leftovers
|upkeep
|turn|42
|
|move|p1a: Dugtrio|Earthquake|p2a: Clefable
|-damage|p2a: Clefable|50/100
|move|p2a: Clefable|Wish|p2a: Clefable
|
|-heal|p2a: Clefable|56/100|[from] item: Leftovers
|upkeep
|turn|43
|
|move|p2a: Clefable|Protect|p2a: Clefable
|-singleturn|p2a: Clefable|Protect
|move|p1a: Dugtrio|Earthquake|p2a: Clefable
|-activate|p2a: Clefable|move: Protect
|
|-heal|p2a: Clefable|100/100|[from] move: Wish|[wisher] Clefable
|upkeep
|turn|44
|
|switch|p1a: Corviknight|Corviknight, M|100/100
|-ability|p1a: Corviknight|Pressure
|move|p2a: Clefable|Wish|p2a: Clefable
|
|upkeep
|turn|45
|
|switch|p2a: Dracovish|Dracovish|85/100
|move|p1a: Corviknight|U-turn|p2a: Dracovish
|-damage|p2a: Dracovish|69/100
|
|switch|p1a: Dugtrio|Dugtrio, M|100/100|[from]move: U-turn
|
|-heal|p2a: Dracovish|100/100|[from] move: Wish|[wisher] Clefable
|upkeep
|turn|46
|
|move|p1a: Dugtrio|Earthquake|p2a: Dracovish
|-damage|p2a: Dracovish|34/100
|move|p2a: Dracovish|Fishious Rend|p1a: Dugtrio
|-supereffective|p1a: Dugtrio
|-crit|p1a: Dugtrio
|-damage|p1a: Dugtrio|0 fnt
|faint|p1a: Dugtrio
|
|upkeep
|
|switch|p1a: Sirfetch'd|Sirfetch'd, M|8/100 tox
|turn|47
|
|switch|p2a: Golisopod|Golisopod, M|100/100
|move|p1a: Sirfetch'd|Quick Attack|p2a: Golisopod
|-damage|p2a: Golisopod|88/100
|
|-heal|p2a: Golisopod|94/100|[from] item: Leftovers
|-damage|p1a: Sirfetch'd|2/100 tox|[from] psn
|upkeep
|turn|48
|
|move|p1a: Sirfetch'd|Leaf Blade|p2a: Golisopod
|-crit|p2a: Golisopod
|-damage|p2a: Golisopod|55/100
|move|p2a: Golisopod|Leech Life|p1a: Sirfetch'd
|-resisted|p1a: Sirfetch'd
|-damage|p1a: Sirfetch'd|0 fnt
|-heal|p2a: Golisopod|56/100|[from] drain|[of] p1a: Sirfetch'd
|faint|p1a: Sirfetch'd
|
|-heal|p2a: Golisopod|62/100|[from] item: Leftovers
|upkeep
|-message|groundt forfeited.
|
|win|Eduardrift
|l|☆groundt
|raw|groundt's rating: 1640 &rarr; <strong>1620</strong><br />(-20 for losing)
|raw|Eduardrift's rating: 1639 &rarr; <strong>1659</strong><br />(+20 for winning)
