|j|☆someidiot19
|j|☆rooopos
|t:|1667059862
|gametype|singles
|player|p1|someidiot19|karen-gen2|1784
|player|p2|rooopos|101|1749
|teamsize|p1|6
|teamsize|p2|6
|gen|8
|tier|[Gen 8] OU
|rated|
|rule|Sleep Clause Mod: Limit one foe put to sleep
|rule|Species Clause: Limit one of each Pokémon
|rule|OHKO Clause: OHKO moves are banned
|rule|Evasion Items Clause: Evasion items are banned
|rule|Evasion Moves Clause: Evasion moves are banned
|rule|Endless Battle Clause: Forcing endless battles is banned
|rule|HP Percentage Mod: HP is shown in percentages
|rule|Dynamax Clause: You cannot dynamax
|clearpoke
|poke|p1|Heatran, M|
|poke|p1|Toxapex, M|
|poke|p1|Weavile, F|
|poke|p1|Vikavolt, F|
|poke|p1|Ferrothorn, F|
|poke|p1|Garchomp, F|
|poke|p2|Hydreigon, F|
|poke|p2|Urshifu-*, F|
|poke|p2|Slowking-Galar, F|
|poke|p2|Tapu Koko|
|poke|p2|Hippowdon, F|
|poke|p2|Corviknight, F|
|teampreview
|inactive|Battle timer is ON: inactive players will automatically lose when time's up. (requested by someidiot19)
|j| nightsuwu
|
|t:|1667059885
|start
|switch|p1a: Scrape It Off|Toxapex, M|100/100
|switch|p2a: Slowking|Slowking-Galar, F|100/100
|turn|1
|
|t:|1667059890
|move|p1a: Scrape It Off|Toxic Spikes|p2a: Slowking
|-sidestart|p2: rooopos|move: Toxic Spikes
|move|p2a: Slowking|Future Sight|p1a: Scrape It Off
|-start|p2a: Slowking|move: Future Sight
|
|upkeep
|turn|2
|
|t:|1667059899
|switch|p2a: Hydreigon|Hydreigon, F|100/100
|move|p1a: Scrape It Off|Toxic Spikes|p2a: Hydreigon
|-sidestart|p2: rooopos|move: Toxic Spikes
|
|upkeep
|turn|3
|
|t:|1667059904
|move|p2a: Hydreigon|Dark Pulse|p1a: Scrape It Off
|-damage|p1a: Scrape It Off|64/100
|move|p1a: Scrape It Off|Toxic|p2a: Hydreigon
|-status|p2a: Hydreigon|tox
|
|-end|p1a: Scrape It Off|move: Future Sight
|-supereffective|p1a: Scrape It Off
|-enditem|p1a: Scrape It Off|Payapa Berry|[eat]
|-enditem|p1a: Scrape It Off|Payapa Berry|[weaken]
|-damage|p1a: Scrape It Off|36/100
|-damage|p2a: Hydreigon|94/100 tox|[from] psn
|upkeep
|turn|4
|j| Adopted
|j| Swag like Ohio
|j| Fleuraina
|
|t:|1667059917
|switch|p2a: Slowking|Slowking-Galar, F|100/100
|-sideend|p2: rooopos|move: Toxic Spikes|[of] p2a: Slowking
|switch|p1a: Neck & Wrist|Weavile, F|100/100
|-ability|p1a: Neck & Wrist|Pressure
|
|upkeep
|turn|5
|
|t:|1667059922
|switch|p2a: Corviknight|Corviknight, F|100/100
|-ability|p2a: Corviknight|Pressure
|move|p1a: Neck & Wrist|Swords Dance|p1a: Neck & Wrist
|-boost|p1a: Neck & Wrist|atk|2
|
|upkeep
|turn|6
|
|t:|1667059925
|move|p1a: Neck & Wrist|Triple Axel|p2a: Corviknight
|-crit|p2a: Corviknight
|-damage|p2a: Corviknight|74/100
|-damage|p1a: Neck & Wrist|84/100|[from] item: Rocky Helmet|[of] p2a: Corviknight
|-crit|p2a: Corviknight
|-damage|p2a: Corviknight|27/100
|-damage|p1a: Neck & Wrist|68/100|[from] item: Rocky Helmet|[of] p2a: Corviknight
|-damage|p2a: Corviknight|0 fnt
|-damage|p1a: Neck & Wrist|51/100|[from] item: Rocky Helmet|[of] p2a: Corviknight
|faint|p2a: Corviknight
|-hitcount|p2: Corviknight|3
|-damage|p1a: Neck & Wrist|41/100|[from] item: Life Orb
|
|upkeep
|
|t:|1667059932
|switch|p2a: Tapu Koko|Tapu Koko|100/100
|-fieldstart|move: Electric Terrain|[from] ability: Electric Surge|[of] p2a: Tapu Koko
|turn|7
|
|t:|1667059939
|switch|p1a: Brambleton|Ferrothorn, F|100/100
|move|p2a: Tapu Koko|Dazzling Gleam|p1a: Brambleton
|-resisted|p1a: Brambleton
|-crit|p1a: Brambleton
|-damage|p1a: Brambleton|79/100
|
|upkeep
|turn|8
|
|t:|1667059944
|move|p2a: Tapu Koko|Volt Switch|p1a: Brambleton
|-resisted|p1a: Brambleton
|-damage|p1a: Brambleton|62/100
|
|t:|1667059946
|switch|p2a: Slowking|Slowking-Galar, F|100/100|[from]move: Volt Switch
|move|p1a: Brambleton|Stealth Rock|p2a: Slowking
|-sidestart|p2: rooopos|move: Stealth Rock
|
|upkeep
|turn|9
|
|t:|1667059951
|switch|p1a: Scrape It Off|Toxapex, M|69/100
|move|p2a: Slowking|Future Sight|p1a: Scrape It Off
|-start|p2a: Slowking|move: Future Sight
|
|upkeep
|turn|10
|l| nightsuwu
|
|t:|1667059957
|switch|p2a: Urshifu|Urshifu-Rapid-Strike, F|100/100
|-damage|p2a: Urshifu|94/100|[from] Stealth Rock
|move|p1a: Scrape It Off|Toxic Spikes|p2a: Urshifu
|-sidestart|p2: rooopos|move: Toxic Spikes
|
|upkeep
|turn|11
|l| Fleuraina
|j| Fleuraina
|inactive|someidiot19 has 120 seconds left.
|
|t:|1667059988
|switch|p1a: Diet Coke|Vikavolt, F|100/100
|move|p2a: Urshifu|Close Combat|p1a: Diet Coke
|-resisted|p1a: Diet Coke
|-damage|p1a: Diet Coke|69/100
|-unboost|p2a: Urshifu|def|1
|-unboost|p2a: Urshifu|spd|1
|
|-end|p1a: Diet Coke|move: Future Sight
|-damage|p1a: Diet Coke|18/100
|-fieldend|move: Electric Terrain
|upkeep
|turn|12
|
|t:|1667059998
|switch|p2a: Slowking|Slowking-Galar, F|100/100
|-damage|p2a: Slowking|88/100|[from] Stealth Rock
|-sideend|p2: rooopos|move: Toxic Spikes|[of] p2a: Slowking
|switch|p1a: Scrape It Off|Toxapex, M|100/100
|
|upkeep
|turn|13
|
|t:|1667060007
|switch|p1a: DreaminOfThePast|Garchomp, F|100/100
|move|p2a: Slowking|Flamethrower|p1a: DreaminOfThePast
|-resisted|p1a: DreaminOfThePast
|-damage|p1a: DreaminOfThePast|87/100
|
|upkeep
|turn|14
|
|t:|1667060012
|switch|p2a: Hippowdon|Hippowdon, F|100/100
|-damage|p2a: Hippowdon|94/100|[from] Stealth Rock
|-weather|Sandstorm|[from] ability: Sand Stream|[of] p2a: Hippowdon
|move|p1a: DreaminOfThePast|Swords Dance|p1a: DreaminOfThePast
|-boost|p1a: DreaminOfThePast|atk|2
|
|-weather|Sandstorm|[upkeep]
|-heal|p2a: Hippowdon|100/100|[from] item: Leftovers
|upkeep
|turn|15
|
|t:|1667060017
|move|p1a: DreaminOfThePast|Aqua Tail|p2a: Hippowdon
|-supereffective|p2a: Hippowdon
|-damage|p2a: Hippowdon|0 fnt
|faint|p2a: Hippowdon
|-damage|p1a: DreaminOfThePast|78/100|[from] item: Life Orb
|
|-weather|Sandstorm|[upkeep]
|upkeep
|
|t:|1667060022
|switch|p2a: Tapu Koko|Tapu Koko|100/100
|-fieldstart|move: Electric Terrain|[from] ability: Electric Surge|[of] p2a: Tapu Koko
|turn|16
|
|t:|1667060033
|switch|p1a: Diet Coke|Vikavolt, F|18/100
|move|p2a: Tapu Koko|Volt Switch|p1a: Diet Coke
|-resisted|p1a: Diet Coke
|-crit|p1a: Diet Coke
|-damage|p1a: Diet Coke|0 fnt
|faint|p1a: Diet Coke
|j| Serek94
|
|t:|1667060040
|switch|p2a: Slowking|Slowking-Galar, F|100/100|[from]move: Volt Switch
|-damage|p2a: Slowking|88/100|[from] Stealth Rock
|
|-weather|Sandstorm|[upkeep]
|-damage|p2a: Slowking|82/100|[from] Sandstorm
|upkeep
|
|t:|1667060048
|switch|p1a: Neck & Wrist|Weavile, F|41/100
|-ability|p1a: Neck & Wrist|Pressure
|turn|17
|
|t:|1667060052
|switch|p2a: Tapu Koko|Tapu Koko|100/100
|move|p1a: Neck & Wrist|Knock Off|p2a: Tapu Koko
|-resisted|p2a: Tapu Koko
|-damage|p2a: Tapu Koko|54/100
|-enditem|p2a: Tapu Koko|Heavy-Duty Boots|[from] move: Knock Off|[of] p1a: Neck & Wrist
|-damage|p1a: Neck & Wrist|31/100|[from] item: Life Orb
|
|-weather|Sandstorm|[upkeep]
|-damage|p2a: Tapu Koko|48/100|[from] Sandstorm
|-damage|p1a: Neck & Wrist|25/100|[from] Sandstorm
|upkeep
|turn|18
|
|t:|1667060062
|move|p2a: Tapu Koko|Volt Switch|p1a: Neck & Wrist
|-damage|p1a: Neck & Wrist|0 fnt
|faint|p1a: Neck & Wrist
|
|t:|1667060076
|switch|p2a: Hydreigon|Hydreigon, F|94/100 tox|[from]move: Volt Switch
|-damage|p2a: Hydreigon|82/100 tox|[from] Stealth Rock
|
|-weather|none
|-damage|p2a: Hydreigon|76/100 tox|[from] psn
|upkeep
|
|t:|1667060093
|switch|p1a: Scrape It Off|Toxapex, M|100/100
|turn|19
|
|t:|1667060098
|move|p2a: Hydreigon|Draco Meteor|p1a: Scrape It Off
|-damage|p1a: Scrape It Off|43/100
|-unboost|p2a: Hydreigon|spa|2
|move|p1a: Scrape It Off|Toxic Spikes|p2a: Hydreigon
|-sidestart|p2: rooopos|move: Toxic Spikes
|
|-damage|p2a: Hydreigon|64/100 tox|[from] psn
|upkeep
|turn|20
|
|t:|1667060104
|switch|p2a: Slowking|Slowking-Galar, F|100/100
|-damage|p2a: Slowking|88/100|[from] Stealth Rock
|-sideend|p2: rooopos|move: Toxic Spikes|[of] p2a: Slowking
|move|p1a: Scrape It Off|Recover|p1a: Scrape It Off
|-heal|p1a: Scrape It Off|93/100
|
|-fieldend|move: Electric Terrain
|upkeep
|turn|21
|
|t:|1667060109
|switch|p1a: DreaminOfThePast|Garchomp, F|78/100
|move|p2a: Slowking|Future Sight|p1a: DreaminOfThePast
|-start|p2a: Slowking|move: Future Sight
|
|upkeep
|turn|22
|
|t:|1667060114
|move|p1a: DreaminOfThePast|Swords Dance|p1a: DreaminOfThePast
|-boost|p1a: DreaminOfThePast|atk|2
|move|p2a: Slowking|Ice Beam|p1a: DreaminOfThePast
|-supereffective|p1a: DreaminOfThePast
|-damage|p1a: DreaminOfThePast|0 fnt
|faint|p1a: DreaminOfThePast
|
|upkeep
|
|t:|1667060123
|switch|p1a: Call My Bluff|Heatran, M|100/100
|turn|23
|j| Pullaya
|
|t:|1667060128
|switch|p2a: Hydreigon|Hydreigon, F|64/100 tox
|-damage|p2a: Hydreigon|51/100 tox|[from] Stealth Rock
|move|p1a: Call My Bluff|Eruption|p2a: Hydreigon
|-resisted|p2a: Hydreigon
|-damage|p2a: Hydreigon|0 fnt
|faint|p2a: Hydreigon
|
|-end|p1a: Call My Bluff|move: Future Sight
|-resisted|p1a: Call My Bluff
|-damage|p1a: Call My Bluff|79/100
|upkeep
|
|t:|1667060132
|switch|p2a: Urshifu|Urshifu-Rapid-Strike, F|94/100
|-damage|p2a: Urshifu|88/100|[from] Stealth Rock
|turn|24
|
|t:|1667060135
|switch|p1a: Scrape It Off|Toxapex, M|100/100
|move|p2a: Urshifu|U-turn|p1a: Scrape It Off
|-resisted|p1a: Scrape It Off
|-crit|p1a: Scrape It Off
|-damage|p1a: Scrape It Off|81/100
|
|t:|1667060138
|switch|p2a: Slowking|Slowking-Galar, F|100/100|[from]move: U-turn
|-damage|p2a: Slowking|88/100|[from] Stealth Rock
|
|upkeep
|turn|25
|
|t:|1667060143
|switch|p1a: Call My Bluff|Heatran, M|79/100
|move|p2a: Slowking|Future Sight|p1a: Call My Bluff
|-start|p2a: Slowking|move: Future Sight
|
|upkeep
|turn|26
|
|t:|1667060150
|switch|p2a: Urshifu|Urshifu-Rapid-Strike, F|88/100
|-damage|p2a: Urshifu|82/100|[from] Stealth Rock
|move|p1a: Call My Bluff|Earth Power|p2a: Urshifu
|-damage|p2a: Urshifu|15/100
|
|upkeep
|turn|27
|
|t:|1667060157
|switch|p1a: Brambleton|Ferrothorn, F|62/100
|move|p2a: Urshifu|Close Combat|p1a: Brambleton
|-supereffective|p1a: Brambleton
|-damage|p1a: Brambleton|0 fnt
|-unboost|p2a: Urshifu|def|1
|-unboost|p2a: Urshifu|spd|1
|-damage|p2a: Urshifu|3/100|[from] ability: Iron Barbs|[of] p1a: Brambleton
|-damage|p2a: Urshifu|0 fnt|[from] item: Rocky Helmet|[of] p1a: Brambleton
|faint|p1a: Brambleton
|faint|p2a: Urshifu
|
|-hint|Future Sight did not hit because the target is fainted.
|upkeep
|
|t:|1667060163
|switch|p2a: Tapu Koko|Tapu Koko|48/100
|switch|p1a: Call My Bluff|Heatran, M|79/100
|-damage|p2a: Tapu Koko|35/100|[from] Stealth Rock
|-fieldstart|move: Electric Terrain|[from] ability: Electric Surge|[of] p2a: Tapu Koko
|turn|28
|l| Serek94
|
|t:|1667060166
|move|p2a: Tapu Koko|Volt Switch|p1a: Call My Bluff
|-damage|p1a: Call My Bluff|44/100
|j| nightsuwu
|
|t:|1667060170
|switch|p2a: Slowking|Slowking-Galar, F|100/100|[from]move: Volt Switch
|-damage|p2a: Slowking|88/100|[from] Stealth Rock
|move|p1a: Call My Bluff|Earth Power|p2a: Slowking
|-supereffective|p2a: Slowking
|-damage|p2a: Slowking|45/100
|
|upkeep
|turn|29
|
|t:|1667060174
|move|p1a: Call My Bluff|Earth Power|p2a: Slowking
|-supereffective|p2a: Slowking
|-damage|p2a: Slowking|0 fnt
|faint|p2a: Slowking
|
|upkeep
|
|t:|1667060176
|switch|p2a: Tapu Koko|Tapu Koko|35/100
|-damage|p2a: Tapu Koko|23/100|[from] Stealth Rock
|turn|30
|
|t:|1667060181
|move|p2a: Tapu Koko|Volt Switch|p1a: Call My Bluff
|-damage|p1a: Call My Bluff|6/100
|move|p1a: Call My Bluff|Earth Power|p2a: Tapu Koko
|-supereffective|p2a: Tapu Koko
|-damage|p2a: Tapu Koko|0 fnt
|faint|p2a: Tapu Koko
|
|win|someidiot19
|raw|someidiot19's rating: 1784 &rarr; <strong>1802</strong><br />(+18 for winning)
|raw|rooopos's rating: 1749 &rarr; <strong>1731</strong><br />(-18 for losing)
|c|☆someidiot19|gg
