|j|☆Wreckithard
|j|☆JoeyOwesMeMoney
|player|p1|Wreckithard|hilda|1780
|player|p2|JoeyOwesMeMoney|170|1734
|teamsize|p1|6
|teamsize|p2|6
|gametype|singles
|gen|8
|tier|[Gen 8] OU
|rated|
|html|<div class="broadcast-blue"><strong>OU is currently suspecting Dracovish! For information on how to participate check out the <a href="https://www.smogon.com/forums/threads/3664521/">suspect thread</a>.</strong></div>
|clearpoke
|poke|p1|Primarina, F|
|poke|p1|Rotom-Heat|
|poke|p1|Ferrothorn, M|
|poke|p1|Clefable, F|
|poke|p1|Seismitoad, F|
|poke|p1|Hydreigon, F|
|poke|p2|Toxapex, F|
|poke|p2|Ferrothorn, F|
|poke|p2|Seismitoad, F|
|poke|p2|Tyranitar, M|
|poke|p2|Clefable, F|
|poke|p2|Corviknight, M|
|rule|Sleep Clause Mod: Limit one foe put to sleep
|rule|Species Clause: Limit one of each Pokémon
|rule|OHKO Clause: OHKO moves are banned
|rule|Evasion Moves Clause: Evasion moves are banned
|rule|Endless Battle Clause: Forcing endless battles is banned
|rule|HP Percentage Mod: HP is shown in percentages
|rule|Dynamax Clause: You cannot dynamax
|teampreview
|c|☆Wreckithard|Joey owes me too
|inactive|Battle timer is ON: inactive players will automatically lose when time's up. (requested by JoeyOwesMeMoney)
|j| Ekonos
|inactive|Wreckithard has 120 seconds left.
|
|start
|switch|p1a: Rotom|Rotom-Heat|100/100
|switch|p2a: Toxapex|Toxapex, F|100/100
|turn|1
|j| HELPINGHANSVIB
|
|move|p1a: Rotom|Discharge|p2a: Toxapex
|-supereffective|p2a: Toxapex
|-damage|p2a: Toxapex|48/100
|move|p2a: Toxapex|Knock Off|p1a: Rotom
|-damage|p1a: Rotom|83/100
|-enditem|p1a: Rotom|Heavy-Duty Boots|[from] move: Knock Off|[of] p2a: Toxapex
|
|-heal|p2a: Toxapex|54/100|[from] item: Black Sludge
|upkeep
|turn|2
|
|switch|p2a: Seismitoad|Seismitoad, F|100/100
|move|p1a: Rotom|Toxic|p2a: Seismitoad
|-status|p2a: Seismitoad|tox
|
|-damage|p2a: Seismitoad|94/100 tox|[from] psn
|upkeep
|turn|3
|
|switch|p1a: Ferrothorn|Ferrothorn, M|100/100
|move|p2a: Seismitoad|Stealth Rock|p1a: Ferrothorn
|-sidestart|p1: Wreckithard|move: Stealth Rock
|
|-heal|p2a: Seismitoad|100/100 tox|[from] item: Leftovers
|-damage|p2a: Seismitoad|88/100 tox|[from] psn
|upkeep
|turn|4
|
|switch|p2a: Toxapex|Toxapex, F|88/100
|move|p1a: Ferrothorn|Spikes|p2a: Toxapex
|-sidestart|p2: JoeyOwesMeMoney|Spikes
|
|-heal|p2a: Toxapex|94/100|[from] item: Black Sludge
|upkeep
|turn|5
|
|move|p1a: Ferrothorn|Spikes|p2a: Toxapex
|-sidestart|p2: JoeyOwesMeMoney|Spikes
|move|p2a: Toxapex|Scald|p1a: Ferrothorn
|-resisted|p1a: Ferrothorn
|-damage|p1a: Ferrothorn|93/100
|
|-heal|p2a: Toxapex|99/100|[from] item: Black Sludge
|upkeep
|turn|6
|
|move|p1a: Ferrothorn|Knock Off|p2a: Toxapex
|-damage|p2a: Toxapex|86/100
|-enditem|p2a: Toxapex|Black Sludge|[from] move: Knock Off|[of] p1a: Ferrothorn
|move|p2a: Toxapex|Scald|p1a: Ferrothorn
|-resisted|p1a: Ferrothorn
|-damage|p1a: Ferrothorn|86/100
|
|upkeep
|turn|7
|j| 2howtech
|
|switch|p1a: Clefable|Clefable, F|100/100
|move|p2a: Toxapex|Scald|p1a: Clefable
|-damage|p1a: Clefable|90/100
|-status|p1a: Clefable|brn
|
|-heal|p1a: Clefable|96/100 brn|[from] item: Leftovers
|upkeep
|turn|8
|
|move|p2a: Toxapex|Knock Off|p1a: Clefable
|-resisted|p1a: Clefable
|-damage|p1a: Clefable|87/100 brn
|-enditem|p1a: Clefable|Leftovers|[from] move: Knock Off|[of] p2a: Toxapex
|move|p1a: Clefable|Teleport|p1a: Clefable
|inactive|Wreckithard has 120 seconds left.
|
|switch|p1a: Primarina|Primarina, F|100/100|[from]move: Teleport
|-damage|p1a: Primarina|88/100|[from] Stealth Rock
|
|-heal|p1a: Primarina|94/100|[from] item: Leftovers
|upkeep
|turn|9
|
|move|p1a: Primarina|Substitute|p1a: Primarina
|-start|p1a: Primarina|Substitute
|-damage|p1a: Primarina|69/100
|move|p2a: Toxapex|Poison Jab|p1a: Primarina
|-supereffective|p1a: Primarina
|-end|p1a: Primarina|Substitute
|
|-heal|p1a: Primarina|75/100|[from] item: Leftovers
|upkeep
|turn|10
|j| Normie Cringe
|j| GlobalWarmingDoom
|
|switch|p1a: Ferrothorn|Ferrothorn, M|86/100
|-damage|p1a: Ferrothorn|79/100|[from] Stealth Rock
|move|p2a: Toxapex|Poison Jab|p1a: Ferrothorn
|-immune|p1a: Ferrothorn
|
|upkeep
|turn|11
|
|move|p1a: Ferrothorn|Leech Seed|p2a: Toxapex
|-start|p2a: Toxapex|move: Leech Seed
|move|p2a: Toxapex|Scald|p1a: Ferrothorn
|-resisted|p1a: Ferrothorn
|-damage|p1a: Ferrothorn|72/100
|
|-damage|p2a: Toxapex|74/100|[from] Leech Seed|[of] p1a: Ferrothorn
|-heal|p1a: Ferrothorn|82/100|[silent]
|upkeep
|turn|12
|
|move|p1a: Ferrothorn|Spikes|p2a: Toxapex
|-sidestart|p2: JoeyOwesMeMoney|Spikes
|move|p2a: Toxapex|Scald|p1a: Ferrothorn
|-resisted|p1a: Ferrothorn
|-damage|p1a: Ferrothorn|75/100
|
|-damage|p2a: Toxapex|62/100|[from] Leech Seed|[of] p1a: Ferrothorn
|-heal|p1a: Ferrothorn|85/100|[silent]
|upkeep
|turn|13
|
|switch|p1a: Clefable|Clefable, F|87/100 brn
|move|p2a: Toxapex|Scald|p1a: Clefable
|-damage|p1a: Clefable|76/100 brn
|
|-damage|p2a: Toxapex|50/100|[from] Leech Seed|[of] p1a: Clefable
|-heal|p1a: Clefable|86/100 brn|[silent]
|upkeep
|turn|14
|
|switch|p2a: Corviknight|Corviknight, M|100/100
|-ability|p2a: Corviknight|Pressure
|move|p1a: Clefable|Teleport|p1a: Clefable
|
|switch|p1a: Rotom|Rotom-Heat|83/100|[from]move: Teleport
|-damage|p1a: Rotom|58/100|[from] Stealth Rock
|
|upkeep
|turn|15
|
|switch|p2a: Tyranitar|Tyranitar, M|100/100
|-damage|p2a: Tyranitar|76/100|[from] Spikes
|-weather|Sandstorm|[from] ability: Sand Stream|[of] p2a: Tyranitar
|move|p1a: Rotom|Discharge|p2a: Tyranitar
|-damage|p2a: Tyranitar|68/100
|
|-weather|Sandstorm|[upkeep]
|-damage|p1a: Rotom|52/100|[from] Sandstorm
|upkeep
|turn|16
|
|switch|p1a: Seismitoad|Seismitoad, F|100/100
|-damage|p1a: Seismitoad|94/100|[from] Stealth Rock
|move|p2a: Tyranitar|Stone Edge|p1a: Seismitoad
|-resisted|p1a: Seismitoad
|-damage|p1a: Seismitoad|79/100
|
|-weather|Sandstorm|[upkeep]
|-heal|p1a: Seismitoad|86/100|[from] item: Leftovers
|upkeep
|turn|17
|
|switch|p2a: Corviknight|Corviknight, M|100/100
|-ability|p2a: Corviknight|Pressure
|move|p1a: Seismitoad|Scald|p2a: Corviknight
|-damage|p2a: Corviknight|79/100
|
|-weather|Sandstorm|[upkeep]
|-heal|p1a: Seismitoad|92/100|[from] item: Leftovers
|upkeep
|turn|18
|
|move|p2a: Corviknight|Defog|p1a: Seismitoad
|-unboost|p1a: Seismitoad|evasion|1
|-sideend|p1: Wreckithard|Stealth Rock|[from] move: Defog|[of] p2a: Corviknight
|-sideend|p2: JoeyOwesMeMoney|Spikes|[from] move: Defog|[of] p2a: Corviknight
|move|p1a: Seismitoad|Scald|p2a: Corviknight
|-crit|p2a: Corviknight
|-damage|p2a: Corviknight|46/100
|
|-weather|Sandstorm|[upkeep]
|-heal|p1a: Seismitoad|98/100|[from] item: Leftovers
|upkeep
|turn|19
|
|move|p2a: Corviknight|Roost|p2a: Corviknight
|-heal|p2a: Corviknight|96/100
|-singleturn|p2a: Corviknight|move: Roost
|move|p1a: Seismitoad|Scald|p2a: Corviknight
|-damage|p2a: Corviknight|72/100
|-status|p2a: Corviknight|brn
|
|-weather|none
|-heal|p1a: Seismitoad|100/100|[from] item: Leftovers
|-damage|p2a: Corviknight|66/100 brn|[from] brn
|upkeep
|turn|20
|
|move|p2a: Corviknight|Roost|p2a: Corviknight
|-heal|p2a: Corviknight|100/100 brn
|-singleturn|p2a: Corviknight|move: Roost
|move|p1a: Seismitoad|Stealth Rock|p2a: Corviknight
|-sidestart|p2: JoeyOwesMeMoney|move: Stealth Rock
|
|-damage|p2a: Corviknight|94/100 brn|[from] brn
|upkeep
|turn|21
|
|switch|p1a: Rotom|Rotom-Heat|52/100
|move|p2a: Corviknight|Defog|p1a: Rotom
|-unboost|p1a: Rotom|evasion|1
|-sideend|p2: JoeyOwesMeMoney|Stealth Rock|[from] move: Defog|[of] p2a: Corviknight
|
|-damage|p2a: Corviknight|88/100 brn|[from] brn
|upkeep
|turn|22
|
|switch|p2a: Tyranitar|Tyranitar, M|68/100
|-weather|Sandstorm|[from] ability: Sand Stream|[of] p2a: Tyranitar
|move|p1a: Rotom|Overheat|p2a: Tyranitar
|-resisted|p2a: Tyranitar
|-damage|p2a: Tyranitar|62/100
|-unboost|p1a: Rotom|spa|2
|
|-weather|Sandstorm|[upkeep]
|-damage|p1a: Rotom|46/100|[from] Sandstorm
|upkeep
|turn|23
|
|switch|p1a: Ferrothorn|Ferrothorn, M|85/100
|switch|p2a: Clefable|Clefable, F|100/100
|
|-weather|Sandstorm|[upkeep]
|-damage|p2a: Clefable|94/100|[from] Sandstorm
|-heal|p2a: Clefable|100/100|[from] item: Leftovers
|upkeep
|turn|24
|j| eperiod
|
|switch|p2a: Toxapex|Toxapex, F|83/100
|move|p1a: Ferrothorn|Knock Off|p2a: Toxapex
|-damage|p2a: Toxapex|74/100
|
|-weather|Sandstorm|[upkeep]
|-damage|p2a: Toxapex|68/100|[from] Sandstorm
|upkeep
|turn|25
|
|move|p1a: Ferrothorn|Leech Seed|p2a: Toxapex
|-start|p2a: Toxapex|move: Leech Seed
|move|p2a: Toxapex|Scald|p1a: Ferrothorn
|-resisted|p1a: Ferrothorn
|-damage|p1a: Ferrothorn|77/100
|-status|p1a: Ferrothorn|brn
|
|-weather|Sandstorm|[upkeep]
|-damage|p2a: Toxapex|63/100|[from] Sandstorm
|-damage|p2a: Toxapex|50/100|[from] Leech Seed|[of] p1a: Ferrothorn
|-heal|p1a: Ferrothorn|88/100 brn|[silent]
|-damage|p1a: Ferrothorn|82/100 brn|[from] brn
|upkeep
|turn|26
|inactive|JoeyOwesMeMoney has 120 seconds left.
|
|move|p1a: Ferrothorn|Spikes|p2a: Toxapex
|-sidestart|p2: JoeyOwesMeMoney|Spikes
|move|p2a: Toxapex|Toxic Spikes|p1a: Ferrothorn
|-sidestart|p1: Wreckithard|move: Toxic Spikes
|
|-weather|none
|-damage|p2a: Toxapex|38/100|[from] Leech Seed|[of] p1a: Ferrothorn
|-heal|p1a: Ferrothorn|92/100 brn|[silent]
|-damage|p1a: Ferrothorn|86/100 brn|[from] brn
|upkeep
|turn|27
|inactive|JoeyOwesMeMoney has 120 seconds left.
|
|switch|p2a: Corviknight|Corviknight, M|88/100 brn
|-ability|p2a: Corviknight|Pressure
|move|p1a: Ferrothorn|Spikes|p2a: Corviknight
|-sidestart|p2: JoeyOwesMeMoney|Spikes
|
|-damage|p2a: Corviknight|82/100 brn|[from] brn
|-damage|p1a: Ferrothorn|80/100 brn|[from] brn
|upkeep
|turn|28
|l| Normie Cringe
|
|move|p2a: Corviknight|Defog|p1a: Ferrothorn
|-unboost|p1a: Ferrothorn|evasion|1
|-sideend|p1: Wreckithard|Toxic Spikes|[from] move: Defog|[of] p2a: Corviknight
|-sideend|p2: JoeyOwesMeMoney|Spikes|[from] move: Defog|[of] p2a: Corviknight
|move|p1a: Ferrothorn|Knock Off|p2a: Corviknight
|-damage|p2a: Corviknight|76/100 brn
|-damage|p1a: Ferrothorn|63/100 brn|[from] item: Rocky Helmet|[of] p2a: Corviknight
|-enditem|p2a: Corviknight|Rocky Helmet|[from] move: Knock Off|[of] p1a: Ferrothorn
|
|-damage|p2a: Corviknight|70/100 brn|[from] brn
|-damage|p1a: Ferrothorn|57/100 brn|[from] brn
|upkeep
|turn|29
|
|switch|p2a: Toxapex|Toxapex, F|71/100
|move|p1a: Ferrothorn|Leech Seed|p2a: Toxapex
|-start|p2a: Toxapex|move: Leech Seed
|
|-damage|p2a: Toxapex|59/100|[from] Leech Seed|[of] p1a: Ferrothorn
|-heal|p1a: Ferrothorn|68/100 brn|[silent]
|-damage|p1a: Ferrothorn|61/100 brn|[from] brn
|upkeep
|turn|30
|
|switch|p2a: Corviknight|Corviknight, M|70/100 brn
|-ability|p2a: Corviknight|Pressure
|move|p1a: Ferrothorn|Spikes|p2a: Corviknight
|-sidestart|p2: JoeyOwesMeMoney|Spikes
|
|-damage|p2a: Corviknight|64/100 brn|[from] brn
|-damage|p1a: Ferrothorn|55/100 brn|[from] brn
|upkeep
|turn|31
|
|switch|p1a: Clefable|Clefable, F|86/100 brn
|move|p2a: Corviknight|Roost|p2a: Corviknight
|-heal|p2a: Corviknight|100/100 brn
|-singleturn|p2a: Corviknight|move: Roost
|
|-damage|p2a: Corviknight|94/100 brn|[from] brn
|upkeep
|turn|32
|
|switch|p2a: Clefable|Clefable, F|100/100
|-damage|p2a: Clefable|88/100|[from] Spikes
|move|p1a: Clefable|Wish|p1a: Clefable
|
|-heal|p2a: Clefable|94/100|[from] item: Leftovers
|upkeep
|turn|33
|
|move|p2a: Clefable|Wish|p2a: Clefable
|move|p1a: Clefable|Teleport|p1a: Clefable
|j| NOBBY csp
|
|switch|p1a: Rotom|Rotom-Heat|46/100|[from]move: Teleport
|
|-heal|p1a: Rotom|100/100|[from] move: Wish|[wisher] Clefable
|-heal|p2a: Clefable|99/100|[from] item: Leftovers
|upkeep
|turn|34
|
|switch|p2a: Tyranitar|Tyranitar, M|62/100
|-damage|p2a: Tyranitar|49/100|[from] Spikes
|-weather|Sandstorm|[from] ability: Sand Stream|[of] p2a: Tyranitar
|move|p1a: Rotom|Overheat|p2a: Tyranitar
|-resisted|p2a: Tyranitar
|-damage|p2a: Tyranitar|42/100
|-unboost|p1a: Rotom|spa|2
|
|-weather|Sandstorm|[upkeep]
|-damage|p1a: Rotom|95/100|[from] Sandstorm
|-heal|p2a: Tyranitar|91/100|[from] move: Wish|[wisher] Clefable
|upkeep
|turn|35
|l| Ekonos
|
|switch|p1a: Seismitoad|Seismitoad, F|100/100
|switch|p2a: Toxapex|Toxapex, F|93/100
|-damage|p2a: Toxapex|80/100|[from] Spikes
|
|-weather|Sandstorm|[upkeep]
|-damage|p2a: Toxapex|74/100|[from] Sandstorm
|upkeep
|turn|36
|
|move|p1a: Seismitoad|Earthquake|p2a: Toxapex
|-supereffective|p2a: Toxapex
|-damage|p2a: Toxapex|30/100
|move|p2a: Toxapex|Knock Off|p1a: Seismitoad
|-damage|p1a: Seismitoad|89/100
|-enditem|p1a: Seismitoad|Leftovers|[from] move: Knock Off|[of] p2a: Toxapex
|
|-weather|Sandstorm|[upkeep]
|-damage|p2a: Toxapex|24/100|[from] Sandstorm
|upkeep
|turn|37
|
|switch|p2a: Corviknight|Corviknight, M|94/100 brn
|-ability|p2a: Corviknight|Pressure
|move|p1a: Seismitoad|Scald|p2a: Corviknight
|-damage|p2a: Corviknight|72/100 brn
|
|-weather|Sandstorm|[upkeep]
|-damage|p2a: Corviknight|66/100 brn|[from] brn
|upkeep
|turn|38
|
|move|p2a: Corviknight|Defog|p1a: Seismitoad
|-unboost|p1a: Seismitoad|evasion|1
|-sideend|p2: JoeyOwesMeMoney|Spikes|[from] move: Defog|[of] p2a: Corviknight
|move|p1a: Seismitoad|Scald|p2a: Corviknight
|-damage|p2a: Corviknight|43/100 brn
|
|-weather|none
|-damage|p2a: Corviknight|37/100 brn|[from] brn
|upkeep
|turn|39
|
|move|p2a: Corviknight|Roost|p2a: Corviknight
|-heal|p2a: Corviknight|87/100 brn
|-singleturn|p2a: Corviknight|move: Roost
|move|p1a: Seismitoad|Earthquake|p2a: Corviknight
|-supereffective|p2a: Corviknight
|-damage|p2a: Corviknight|51/100 brn
|
|-damage|p2a: Corviknight|45/100 brn|[from] brn
|upkeep
|turn|40
|
|move|p2a: Corviknight|Roost|p2a: Corviknight
|-heal|p2a: Corviknight|95/100 brn
|-singleturn|p2a: Corviknight|move: Roost
|move|p1a: Seismitoad|Stealth Rock|p2a: Corviknight
|-sidestart|p2: JoeyOwesMeMoney|move: Stealth Rock
|
|-damage|p2a: Corviknight|89/100 brn|[from] brn
|upkeep
|turn|41
|
|switch|p2a: Toxapex|Toxapex, F|58/100
|-damage|p2a: Toxapex|45/100|[from] Stealth Rock
|switch|p1a: Rotom|Rotom-Heat|95/100
|
|upkeep
|turn|42
|
|switch|p2a: Seismitoad|Seismitoad, F|88/100 tox
|-damage|p2a: Seismitoad|82/100 tox|[from] Stealth Rock
|move|p1a: Rotom|Discharge|p2a: Seismitoad
|-immune|p2a: Seismitoad
|
|-heal|p2a: Seismitoad|88/100 tox|[from] item: Leftovers
|-damage|p2a: Seismitoad|82/100 tox|[from] psn
|upkeep
|turn|43
|
|switch|p1a: Clefable|Clefable, F|86/100 brn
|switch|p2a: Toxapex|Toxapex, F|79/100
|-damage|p2a: Toxapex|67/100|[from] Stealth Rock
|
|upkeep
|turn|44
|
|switch|p1a: Ferrothorn|Ferrothorn, M|55/100 brn
|move|p2a: Toxapex|Poison Jab|p1a: Ferrothorn
|-immune|p1a: Ferrothorn
|
|-damage|p1a: Ferrothorn|49/100 brn|[from] brn
|upkeep
|turn|45
|
|move|p1a: Ferrothorn|Leech Seed|p2a: Toxapex
|-start|p2a: Toxapex|move: Leech Seed
|move|p2a: Toxapex|Toxic Spikes|p1a: Ferrothorn
|-sidestart|p1: Wreckithard|move: Toxic Spikes
|
|-damage|p2a: Toxapex|54/100|[from] Leech Seed|[of] p1a: Ferrothorn
|-heal|p1a: Ferrothorn|59/100 brn|[silent]
|-damage|p1a: Ferrothorn|53/100 brn|[from] brn
|upkeep
|turn|46
|
|switch|p2a: Corviknight|Corviknight, M|89/100 brn
|-damage|p2a: Corviknight|76/100 brn|[from] Stealth Rock
|-ability|p2a: Corviknight|Pressure
|move|p1a: Ferrothorn|Spikes|p2a: Corviknight
|-sidestart|p2: JoeyOwesMeMoney|Spikes
|
|-damage|p2a: Corviknight|70/100 brn|[from] brn
|-damage|p1a: Ferrothorn|47/100 brn|[from] brn
|upkeep
|turn|47
|
|move|p2a: Corviknight|Bulk Up|p2a: Corviknight
|-boost|p2a: Corviknight|atk|1
|-boost|p2a: Corviknight|def|1
|move|p1a: Ferrothorn|Leech Seed|p2a: Corviknight
|-start|p2a: Corviknight|move: Leech Seed
|
|-damage|p2a: Corviknight|58/100 brn|[from] Leech Seed|[of] p1a: Ferrothorn
|-heal|p1a: Ferrothorn|61/100 brn|[silent]
|-damage|p2a: Corviknight|52/100 brn|[from] brn
|-damage|p1a: Ferrothorn|54/100 brn|[from] brn
|upkeep
|turn|48
|
|move|p2a: Corviknight|Defog|p1a: Ferrothorn
|-unboost|p1a: Ferrothorn|evasion|1
|-sideend|p1: Wreckithard|Toxic Spikes|[from] move: Defog|[of] p2a: Corviknight
|-sideend|p2: JoeyOwesMeMoney|Spikes|[from] move: Defog|[of] p2a: Corviknight
|-sideend|p2: JoeyOwesMeMoney|Stealth Rock|[from] move: Defog|[of] p2a: Corviknight
|move|p1a: Ferrothorn|Spikes|p2a: Corviknight
|-sidestart|p2: JoeyOwesMeMoney|Spikes
|
|-damage|p2a: Corviknight|40/100 brn|[from] Leech Seed|[of] p1a: Ferrothorn
|-heal|p1a: Ferrothorn|68/100 brn|[silent]
|-damage|p2a: Corviknight|34/100 brn|[from] brn
|-damage|p1a: Ferrothorn|62/100 brn|[from] brn
|upkeep
|turn|49
|
|move|p2a: Corviknight|Roost|p2a: Corviknight
|-heal|p2a: Corviknight|84/100 brn
|-singleturn|p2a: Corviknight|move: Roost
|move|p1a: Ferrothorn|Body Press|p2a: Corviknight
|-supereffective|p2a: Corviknight
|-damage|p2a: Corviknight|72/100 brn
|
|-damage|p2a: Corviknight|60/100 brn|[from] Leech Seed|[of] p1a: Ferrothorn
|-heal|p1a: Ferrothorn|76/100 brn|[silent]
|-damage|p2a: Corviknight|54/100 brn|[from] brn
|-damage|p1a: Ferrothorn|70/100 brn|[from] brn
|upkeep
|turn|50
|
|switch|p1a: Rotom|Rotom-Heat|95/100
|move|p2a: Corviknight|Roost|p2a: Corviknight
|-heal|p2a: Corviknight|100/100 brn
|-singleturn|p2a: Corviknight|move: Roost
|
|-damage|p2a: Corviknight|88/100 brn|[from] Leech Seed|[of] p1a: Rotom
|-heal|p1a: Rotom|100/100|[silent]
|-damage|p2a: Corviknight|82/100 brn|[from] brn
|upkeep
|turn|51
|
|switch|p2a: Tyranitar|Tyranitar, M|91/100
|-damage|p2a: Tyranitar|79/100|[from] Spikes
|-weather|Sandstorm|[from] ability: Sand Stream|[of] p2a: Tyranitar
|move|p1a: Rotom|Toxic|p2a: Tyranitar
|-status|p2a: Tyranitar|tox
|
|-weather|Sandstorm|[upkeep]
|-damage|p1a: Rotom|95/100|[from] Sandstorm
|-damage|p2a: Tyranitar|72/100 tox|[from] psn
|upkeep
|turn|52
|j| lihuamao
|
|switch|p1a: Seismitoad|Seismitoad, F|89/100
|switch|p2a: Clefable|Clefable, F|99/100
|-damage|p2a: Clefable|88/100|[from] Spikes
|
|-weather|Sandstorm|[upkeep]
|-damage|p2a: Clefable|82/100|[from] Sandstorm
|-heal|p2a: Clefable|88/100|[from] item: Leftovers
|upkeep
|turn|53
|
|move|p1a: Seismitoad|Stealth Rock|p2a: Clefable
|-sidestart|p2: JoeyOwesMeMoney|move: Stealth Rock
|move|p2a: Clefable|Aromatherapy|p2a: Clefable
|-activate|p2a: Clefable|move: Aromatherapy
|-curestatus|p2: Seismitoad|tox|[msg]
|-curestatus|p2: Corviknight|brn|[msg]
|-curestatus|p2: Tyranitar|tox|[msg]
|
|-weather|Sandstorm|[upkeep]
|-damage|p2a: Clefable|82/100|[from] Sandstorm
|-heal|p2a: Clefable|88/100|[from] item: Leftovers
|upkeep
|turn|54
|c|☆Wreckithard|Dear God
|c|☆Wreckithard|Help ,e
|c|☆Wreckithard|me
|
|switch|p1a: Clefable|Clefable, F|86/100 brn
|move|p2a: Clefable|Wish|p2a: Clefable
|
|-weather|Sandstorm|[upkeep]
|-damage|p2a: Clefable|82/100|[from] Sandstorm
|-heal|p2a: Clefable|88/100|[from] item: Leftovers
|upkeep
|turn|55
|
|switch|p2a: Corviknight|Corviknight, M|82/100
|-damage|p2a: Corviknight|70/100|[from] Stealth Rock
|-ability|p2a: Corviknight|Pressure
|move|p1a: Clefable|Teleport|p1a: Clefable
|
|switch|p1a: Rotom|Rotom-Heat|95/100|[from]move: Teleport
|
|-weather|none
|-heal|p2a: Corviknight|100/100|[from] move: Wish|[wisher] Clefable
|upkeep
|turn|56
|
|switch|p2a: Seismitoad|Seismitoad, F|82/100
|-damage|p2a: Seismitoad|76/100|[from] Stealth Rock
|-damage|p2a: Seismitoad|64/100|[from] Spikes
|move|p1a: Rotom|Discharge|p2a: Seismitoad
|-immune|p2a: Seismitoad
|
|-heal|p2a: Seismitoad|70/100|[from] item: Leftovers
|upkeep
|turn|57
|
|switch|p1a: Clefable|Clefable, F|86/100 brn
|move|p2a: Seismitoad|Stealth Rock|p1a: Clefable
|-sidestart|p1: Wreckithard|move: Stealth Rock
|
|-heal|p2a: Seismitoad|76/100|[from] item: Leftovers
|upkeep
|turn|58
|
|switch|p2a: Toxapex|Toxapex, F|88/100
|-damage|p2a: Toxapex|75/100|[from] Spikes
|-damage|p2a: Toxapex|63/100|[from] Stealth Rock
|move|p1a: Clefable|Wish|p1a: Clefable
|
|upkeep
|turn|59
|
|switch|p1a: Ferrothorn|Ferrothorn, M|70/100 brn
|-damage|p1a: Ferrothorn|64/100 brn|[from] Stealth Rock
|move|p2a: Toxapex|Toxic Spikes|p1a: Ferrothorn
|-sidestart|p1: Wreckithard|move: Toxic Spikes
|
|-heal|p1a: Ferrothorn|100/100 brn|[from] move: Wish|[wisher] Clefable
|-damage|p1a: Ferrothorn|94/100 brn|[from] brn
|upkeep
|turn|60
|
|switch|p2a: Ferrothorn|Ferrothorn, F|100/100
|-damage|p2a: Ferrothorn|88/100|[from] Spikes
|-damage|p2a: Ferrothorn|82/100|[from] Stealth Rock
|move|p1a: Ferrothorn|Spikes|p2a: Ferrothorn
|-sidestart|p2: JoeyOwesMeMoney|Spikes
|
|-heal|p2a: Ferrothorn|88/100|[from] item: Leftovers
|-damage|p1a: Ferrothorn|88/100 brn|[from] brn
|upkeep
|turn|61
|l| lihuamao
|
|switch|p1a: Rotom|Rotom-Heat|95/100
|-damage|p1a: Rotom|70/100|[from] Stealth Rock
|move|p2a: Ferrothorn|Spikes|p1a: Rotom
|-sidestart|p1: Wreckithard|Spikes
|
|-heal|p2a: Ferrothorn|94/100|[from] item: Leftovers
|upkeep
|turn|62
|
|switch|p2a: Seismitoad|Seismitoad, F|76/100
|-damage|p2a: Seismitoad|70/100|[from] Stealth Rock
|-damage|p2a: Seismitoad|54/100|[from] Spikes
|move|p1a: Rotom|Overheat|p2a: Seismitoad
|-resisted|p2a: Seismitoad
|-damage|p2a: Seismitoad|27/100
|-unboost|p1a: Rotom|spa|2
|
|-heal|p2a: Seismitoad|33/100|[from] item: Leftovers
|upkeep
|turn|63
|
|switch|p1a: Clefable|Clefable, F|86/100 brn
|switch|p2a: Clefable|Clefable, F|88/100
|-damage|p2a: Clefable|75/100|[from] Stealth Rock
|-damage|p2a: Clefable|59/100|[from] Spikes
|
|-heal|p2a: Clefable|65/100|[from] item: Leftovers
|upkeep
|turn|64
|j| xxxsaaawxxx
|
|move|p1a: Clefable|Wish|p1a: Clefable
|move|p2a: Clefable|Wish|p2a: Clefable
|
|-heal|p2a: Clefable|71/100|[from] item: Leftovers
|upkeep
|turn|65
|
|switch|p2a: Tyranitar|Tyranitar, M|72/100
|-damage|p2a: Tyranitar|56/100|[from] Spikes
|-damage|p2a: Tyranitar|43/100|[from] Stealth Rock
|-weather|Sandstorm|[from] ability: Sand Stream|[of] p2a: Tyranitar
|move|p1a: Clefable|Teleport|p1a: Clefable
|
|switch|p1a: Ferrothorn|Ferrothorn, M|88/100 brn|[from]move: Teleport
|-damage|p1a: Ferrothorn|75/100 brn|[from] Spikes
|-damage|p1a: Ferrothorn|69/100 brn|[from] Stealth Rock
|
|-weather|Sandstorm|[upkeep]
|-heal|p1a: Ferrothorn|100/100 brn|[from] move: Wish|[wisher] Clefable
|-heal|p2a: Tyranitar|92/100|[from] move: Wish|[wisher] Clefable
|-damage|p1a: Ferrothorn|94/100 brn|[from] brn
|upkeep
|turn|66
|
|switch|p2a: Ferrothorn|Ferrothorn, F|94/100
|-damage|p2a: Ferrothorn|78/100|[from] Spikes
|-damage|p2a: Ferrothorn|72/100|[from] Stealth Rock
|move|p1a: Ferrothorn|Body Press|p2a: Ferrothorn
|-supereffective|p2a: Ferrothorn
|-damage|p2a: Ferrothorn|46/100
|-damage|p1a: Ferrothorn|82/100 brn|[from] ability: Iron Barbs|[of] p2a: Ferrothorn
|
|-weather|Sandstorm|[upkeep]
|-heal|p2a: Ferrothorn|52/100|[from] item: Leftovers
|-damage|p1a: Ferrothorn|75/100 brn|[from] brn
|upkeep
|turn|67
|
|move|p1a: Ferrothorn|Body Press|p2a: Ferrothorn
|-supereffective|p2a: Ferrothorn
|-damage|p2a: Ferrothorn|27/100
|-damage|p1a: Ferrothorn|63/100 brn|[from] ability: Iron Barbs|[of] p2a: Ferrothorn
|move|p2a: Ferrothorn|Spikes|p1a: Ferrothorn
|-sidestart|p1: Wreckithard|Spikes
|
|-weather|Sandstorm|[upkeep]
|-heal|p2a: Ferrothorn|33/100|[from] item: Leftovers
|-damage|p1a: Ferrothorn|57/100 brn|[from] brn
|upkeep
|turn|68
|
|move|p2a: Ferrothorn|Protect|p2a: Ferrothorn
|-singleturn|p2a: Ferrothorn|Protect
|move|p1a: Ferrothorn|Body Press|p2a: Ferrothorn
|-activate|p2a: Ferrothorn|move: Protect
|
|-weather|Sandstorm|[upkeep]
|-heal|p2a: Ferrothorn|39/100|[from] item: Leftovers
|-damage|p1a: Ferrothorn|50/100 brn|[from] brn
|upkeep
|turn|69
|
|move|p1a: Ferrothorn|Body Press|p2a: Ferrothorn
|-supereffective|p2a: Ferrothorn
|-damage|p2a: Ferrothorn|14/100
|-damage|p1a: Ferrothorn|38/100 brn|[from] ability: Iron Barbs|[of] p2a: Ferrothorn
|move|p2a: Ferrothorn|Spikes|p1a: Ferrothorn
|-sidestart|p1: Wreckithard|Spikes
|
|-weather|none
|-heal|p2a: Ferrothorn|20/100|[from] item: Leftovers
|-damage|p1a: Ferrothorn|32/100 brn|[from] brn
|upkeep
|turn|70
|inactive|JoeyOwesMeMoney has 120 seconds left.
|
|move|p2a: Ferrothorn|Protect|p2a: Ferrothorn
|-singleturn|p2a: Ferrothorn|Protect
|move|p1a: Ferrothorn|Spikes|p2a: Ferrothorn
|-sidestart|p2: JoeyOwesMeMoney|Spikes
|
|-heal|p2a: Ferrothorn|26/100|[from] item: Leftovers
|-damage|p1a: Ferrothorn|25/100 brn|[from] brn
|upkeep
|turn|71
|
|move|p2a: Ferrothorn|Protect||[still]
|-fail|p2a: Ferrothorn
|move|p1a: Ferrothorn|Body Press|p2a: Ferrothorn
|-supereffective|p2a: Ferrothorn
|-damage|p2a: Ferrothorn|0 fnt
|-damage|p1a: Ferrothorn|13/100 brn|[from] ability: Iron Barbs|[of] p2a: Ferrothorn
|faint|p2a: Ferrothorn
|
|-damage|p1a: Ferrothorn|7/100 brn|[from] brn
|upkeep
|inactive|JoeyOwesMeMoney has 120 seconds left.
|
|switch|p2a: Toxapex|Toxapex, F|97/100
|-damage|p2a: Toxapex|84/100|[from] Stealth Rock
|-damage|p2a: Toxapex|60/100|[from] Spikes
|turn|72
|
|move|p1a: Ferrothorn|Leech Seed|p2a: Toxapex
|-start|p2a: Toxapex|move: Leech Seed
|move|p2a: Toxapex|Poison Jab|p1a: Ferrothorn
|-immune|p1a: Ferrothorn
|
|-damage|p2a: Toxapex|47/100|[from] Leech Seed|[of] p1a: Ferrothorn
|-heal|p1a: Ferrothorn|17/100 brn|[silent]
|-damage|p1a: Ferrothorn|11/100 brn|[from] brn
|upkeep
|turn|73
|
|move|p1a: Ferrothorn|Body Press|p2a: Toxapex
|-resisted|p2a: Toxapex
|-damage|p2a: Toxapex|43/100
|move|p2a: Toxapex|Scald|p1a: Ferrothorn
|-resisted|p1a: Ferrothorn
|-damage|p1a: Ferrothorn|4/100 brn
|
|-damage|p2a: Toxapex|31/100|[from] Leech Seed|[of] p1a: Ferrothorn
|-heal|p1a: Ferrothorn|14/100 brn|[silent]
|-damage|p1a: Ferrothorn|8/100 brn|[from] brn
|upkeep
|turn|74
|
|switch|p2a: Corviknight|Corviknight, M|100/100
|-damage|p2a: Corviknight|88/100|[from] Stealth Rock
|-ability|p2a: Corviknight|Pressure
|move|p1a: Ferrothorn|Knock Off|p2a: Corviknight
|-crit|p2a: Corviknight
|-damage|p2a: Corviknight|82/100
|
|-damage|p1a: Ferrothorn|2/100 brn|[from] brn
|upkeep
|turn|75
|j| quit the cap
|
|move|p2a: Corviknight|Body Press|p1a: Ferrothorn
|-supereffective|p1a: Ferrothorn
|-damage|p1a: Ferrothorn|0 fnt
|-damage|p2a: Corviknight|70/100|[from] ability: Iron Barbs|[of] p1a: Ferrothorn
|-damage|p2a: Corviknight|53/100|[from] item: Rocky Helmet|[of] p1a: Ferrothorn
|faint|p1a: Ferrothorn
|
|upkeep
|
|switch|p1a: Rotom|Rotom-Heat|70/100
|-damage|p1a: Rotom|45/100|[from] Stealth Rock
|turn|76
|j| Q Je Suis
|
|switch|p2a: Seismitoad|Seismitoad, F|33/100
|-damage|p2a: Seismitoad|27/100|[from] Stealth Rock
|-damage|p2a: Seismitoad|2/100|[from] Spikes
|move|p1a: Rotom|Discharge|p2a: Seismitoad
|-immune|p2a: Seismitoad
|
|-heal|p2a: Seismitoad|8/100|[from] item: Leftovers
|upkeep
|turn|77
|j| phys2000
|
|move|p1a: Rotom|Overheat|p2a: Seismitoad|[miss]
|-miss|p1a: Rotom|p2a: Seismitoad
|move|p2a: Seismitoad|Scald|p1a: Rotom
|-supereffective|p1a: Rotom
|-damage|p1a: Rotom|0 fnt
|faint|p1a: Rotom
|
|-heal|p2a: Seismitoad|15/100|[from] item: Leftovers
|upkeep
|c|☆Wreckithard|WTF
|
|switch|p1a: Clefable|Clefable, F|86/100 brn
|turn|78
|
|move|p2a: Seismitoad|Scald|p1a: Clefable
|-damage|p1a: Clefable|69/100 brn
|move|p1a: Clefable|Moonblast|p2a: Seismitoad
|-damage|p2a: Seismitoad|0 fnt
|faint|p2a: Seismitoad
|
|upkeep
|c|☆Wreckithard|I needed that to win
|
|switch|p2a: Corviknight|Corviknight, M|53/100
|-damage|p2a: Corviknight|41/100|[from] Stealth Rock
|-ability|p2a: Corviknight|Pressure
|turn|79
|
|move|p2a: Corviknight|Defog|p1a: Clefable
|-unboost|p1a: Clefable|evasion|1
|-sideend|p1: Wreckithard|Spikes|[from] move: Defog|[of] p2a: Corviknight
|-sideend|p1: Wreckithard|Toxic Spikes|[from] move: Defog|[of] p2a: Corviknight
|-sideend|p1: Wreckithard|Stealth Rock|[from] move: Defog|[of] p2a: Corviknight
|-sideend|p2: JoeyOwesMeMoney|Spikes|[from] move: Defog|[of] p2a: Corviknight
|-sideend|p2: JoeyOwesMeMoney|Stealth Rock|[from] move: Defog|[of] p2a: Corviknight
|move|p1a: Clefable|Wish|p1a: Clefable
|
|upkeep
|turn|80
|
|switch|p2a: Toxapex|Toxapex, F|64/100
|move|p1a: Clefable|Teleport|p1a: Clefable
|
|switch|p1a: Seismitoad|Seismitoad, F|89/100|[from]move: Teleport
|
|-heal|p1a: Seismitoad|100/100|[from] move: Wish|[wisher] Clefable
|upkeep
|turn|81
|
|switch|p2a: Corviknight|Corviknight, M|41/100
|-ability|p2a: Corviknight|Pressure
|move|p1a: Seismitoad|Earthquake|p2a: Corviknight
|-immune|p2a: Corviknight
|
|upkeep
|turn|82
|
|move|p2a: Corviknight|Roost|p2a: Corviknight
|-heal|p2a: Corviknight|91/100
|-singleturn|p2a: Corviknight|move: Roost
|move|p1a: Seismitoad|Scald|p2a: Corviknight
|-damage|p2a: Corviknight|68/100
|
|upkeep
|turn|83
|
|switch|p2a: Toxapex|Toxapex, F|97/100
|move|p1a: Seismitoad|Stealth Rock|p2a: Toxapex
|-sidestart|p2: JoeyOwesMeMoney|move: Stealth Rock
|
|upkeep
|turn|84
|l| NOBBY csp
|inactive|Wreckithard has 120 seconds left.
|j| lihuamao
|inactive|Wreckithard has 90 seconds left.
|
|move|p1a: Seismitoad|Scald|p2a: Toxapex
|-resisted|p2a: Toxapex
|-damage|p2a: Toxapex|87/100
|move|p2a: Toxapex|Toxic Spikes|p1a: Seismitoad
|-sidestart|p1: Wreckithard|move: Toxic Spikes
|
|upkeep
|turn|85
|
|move|p1a: Seismitoad|Earthquake|p2a: Toxapex
|-supereffective|p2a: Toxapex
|-damage|p2a: Toxapex|46/100
|move|p2a: Toxapex|Poison Jab|p1a: Seismitoad
|-resisted|p1a: Seismitoad
|-damage|p1a: Seismitoad|93/100
|
|upkeep
|turn|86
|j| Storm Zone
|
|switch|p2a: Corviknight|Corviknight, M|68/100
|-damage|p2a: Corviknight|56/100|[from] Stealth Rock
|-ability|p2a: Corviknight|Pressure
|move|p1a: Seismitoad|Earthquake|p2a: Corviknight
|-immune|p2a: Corviknight
|
|upkeep
|turn|87
|inactive|Wreckithard has 90 seconds left.
|
|move|p2a: Corviknight|Roost|p2a: Corviknight
|-heal|p2a: Corviknight|100/100
|-singleturn|p2a: Corviknight|move: Roost
|move|p1a: Seismitoad|Scald|p2a: Corviknight
|-damage|p2a: Corviknight|77/100
|
|upkeep
|turn|88
|inactive|Wreckithard has 60 seconds left.
|
|switch|p2a: Toxapex|Toxapex, F|80/100
|-damage|p2a: Toxapex|67/100|[from] Stealth Rock
|move|p1a: Seismitoad|Scald|p2a: Toxapex
|-resisted|p2a: Toxapex
|-damage|p2a: Toxapex|58/100
|-status|p2a: Toxapex|brn
|
|-damage|p2a: Toxapex|52/100 brn|[from] brn
|upkeep
|turn|89
|
|switch|p2a: Corviknight|Corviknight, M|77/100
|-damage|p2a: Corviknight|65/100|[from] Stealth Rock
|-ability|p2a: Corviknight|Pressure
|move|p1a: Seismitoad|Earthquake|p2a: Corviknight
|-immune|p2a: Corviknight
|
|upkeep
|turn|90
|
|move|p2a: Corviknight|Roost|p2a: Corviknight
|-heal|p2a: Corviknight|100/100
|-singleturn|p2a: Corviknight|move: Roost
|move|p1a: Seismitoad|Scald|p2a: Corviknight
|-damage|p2a: Corviknight|76/100
|
|upkeep
|turn|91
|
|switch|p2a: Toxapex|Toxapex, F|85/100 brn
|-damage|p2a: Toxapex|73/100 brn|[from] Stealth Rock
|move|p1a: Seismitoad|Scald|p2a: Toxapex
|-resisted|p2a: Toxapex
|-damage|p2a: Toxapex|63/100 brn
|
|-damage|p2a: Toxapex|57/100 brn|[from] brn
|upkeep
|turn|92
|
|switch|p2a: Corviknight|Corviknight, M|76/100
|-damage|p2a: Corviknight|64/100|[from] Stealth Rock
|-ability|p2a: Corviknight|Pressure
|move|p1a: Seismitoad|Earthquake|p2a: Corviknight
|-immune|p2a: Corviknight
|
|upkeep
|turn|93
|
|move|p2a: Corviknight|Roost|p2a: Corviknight
|-heal|p2a: Corviknight|100/100
|-singleturn|p2a: Corviknight|move: Roost
|move|p1a: Seismitoad|Scald|p2a: Corviknight
|-damage|p2a: Corviknight|76/100
|
|upkeep
|turn|94
|inactive|Wreckithard has 30 seconds left.
|j| NOBBY csp
|inactive|Wreckithard has 20 seconds left.
|inactive|Wreckithard has 15 seconds left.
|inactive|Wreckithard has 10 seconds left.
|l| NOBBY csp
|inactive|Wreckithard has 5 seconds left.
|-message|Wreckithard lost due to inactivity.
|
|win|JoeyOwesMeMoney
|raw|Wreckithard's rating: 1780 &rarr; <strong>1760</strong><br />(-20 for losing)
|raw|JoeyOwesMeMoney's rating: 1769 &rarr; <strong>1789</strong><br />(+20 for winning)
|l| GlobalWarmingDoom
|l| eperiod
|l|☆Wreckithard
|j| FOUR ONE SIX !
|l| FOUR ONE SIX !
|l| Q Je Suis
|l| xxxsaaawxxx
|l| lihuamao
|l| Storm Zone
