|j|☆hendrik980
|j|☆misplayin
|t:|1665226704
|gametype|singles
|player|p1|hendrik980|170|1623
|player|p2|misplayin|pokemonrangerf-gen4|1695
|teamsize|p1|6
|teamsize|p2|6
|gen|8
|tier|[Gen 8] OU
|rated|
|rule|Sleep Clause Mod: Limit one foe put to sleep
|rule|Species Clause: Limit one of each Pokémon
|rule|OHKO Clause: OHKO moves are banned
|rule|Evasion Items Clause: Evasion items are banned
|rule|Evasion Moves Clause: Evasion moves are banned
|rule|Endless Battle Clause: Forcing endless battles is banned
|rule|HP Percentage Mod: HP is shown in percentages
|rule|Dynamax Clause: You cannot dynamax
|clearpoke
|poke|p1|Kartana|
|poke|p1|Tapu Lele|
|poke|p1|Tornadus-Therian, M|
|poke|p1|Hippowdon, M|
|poke|p1|Umbreon, F|
|poke|p1|Toxapex, F|
|poke|p2|Decidueye, M|
|poke|p2|Garchomp, F|
|poke|p2|Corviknight, F|
|poke|p2|Landorus-Therian, M|
|poke|p2|Melmetal|
|poke|p2|Dragapult, M|
|teampreview
|inactive|Battle timer is ON: inactive players will automatically lose when time's up. (requested by misplayin)
|
|t:|1665226730
|start
|switch|p1a: Tornadus|Tornadus-Therian, M, shiny|100/100
|switch|p2a: Melmetal|Melmetal|100/100
|turn|1
|
|t:|1665226738
|move|p1a: Tornadus|U-turn|p2a: Melmetal
|-resisted|p2a: Melmetal
|-damage|p2a: Melmetal|96/100
|
|t:|1665226740
|switch|p1a: Toxapex|Toxapex, F|100/100|[from]move: U-turn
|move|p2a: Melmetal|Double Iron Bash|p1a: Toxapex
|-resisted|p1a: Toxapex
|-damage|p1a: Toxapex|88/100
|-resisted|p1a: Toxapex
|-damage|p1a: Toxapex|75/100
|-hitcount|p1a: Toxapex|2
|
|-heal|p2a: Melmetal|100/100|[from] item: Leftovers
|upkeep
|turn|2
|
|t:|1665226746
|move|p1a: Toxapex|Knock Off|p2a: Melmetal
|-damage|p2a: Melmetal|92/100
|-enditem|p2a: Melmetal|Leftovers|[from] move: Knock Off|[of] p1a: Toxapex
|move|p2a: Melmetal|Thunder Punch|p1a: Toxapex
|-supereffective|p1a: Toxapex
|-damage|p1a: Toxapex|29/100
|
|upkeep
|turn|3
|
|t:|1665226754
|switch|p1a: Hippowdon|Hippowdon, M|100/100
|-weather|Sandstorm|[from] ability: Sand Stream|[of] p1a: Hippowdon
|move|p2a: Melmetal|Thunder Wave|p1a: Hippowdon
|-immune|p1a: Hippowdon
|
|-weather|Sandstorm|[upkeep]
|upkeep
|turn|4
|
|t:|1665226762
|switch|p2a: Corviknight|Corviknight, F|100/100
|-ability|p2a: Corviknight|Pressure
|move|p1a: Hippowdon|Earthquake|p2a: Corviknight
|-immune|p2a: Corviknight
|
|-weather|Sandstorm|[upkeep]
|upkeep
|turn|5
|
|t:|1665226764
|move|p2a: Corviknight|Taunt|p1a: Hippowdon
|-start|p1a: Hippowdon|move: Taunt
|cant|p1a: Hippowdon|move: Taunt|Stealth Rock
|
|-weather|Sandstorm|[upkeep]
|upkeep
|turn|6
|
|t:|1665226769
|switch|p1a: Tornadus|Tornadus-Therian, M, shiny|100/100
|move|p2a: Corviknight|U-turn|p1a: Tornadus
|-resisted|p1a: Tornadus
|-damage|p1a: Tornadus|94/100
|
|t:|1665226773
|switch|p2a: Melmetal|Melmetal|92/100|[from]move: U-turn
|
|-weather|Sandstorm|[upkeep]
|-damage|p1a: Tornadus|87/100|[from] Sandstorm
|upkeep
|turn|7
|
|t:|1665226780
|move|p1a: Tornadus|U-turn|p2a: Melmetal
|-resisted|p2a: Melmetal
|-damage|p2a: Melmetal|88/100
|
|t:|1665226782
|switch|p1a: Hippowdon|Hippowdon, M|100/100|[from]move: U-turn
|move|p2a: Melmetal|Double Iron Bash|p1a: Hippowdon
|-damage|p1a: Hippowdon|67/100
|-damage|p1a: Hippowdon|35/100
|-hitcount|p1a: Hippowdon|2
|
|-weather|none
|-heal|p1a: Hippowdon|41/100|[from] item: Leftovers
|upkeep
|turn|8
|
|t:|1665226791
|switch|p2a: Decidueye|Decidueye, M|100/100
|move|p1a: Hippowdon|Slack Off|p1a: Hippowdon
|-heal|p1a: Hippowdon|91/100
|
|-heal|p1a: Hippowdon|97/100|[from] item: Leftovers
|upkeep
|turn|9
|
|t:|1665226797
|switch|p1a: Tornadus|Tornadus-Therian, M, shiny|100/100
|move|p2a: Decidueye|Poltergeist|p1a: Tornadus
|-activate|p1a: Tornadus|move: Poltergeist|Heavy-Duty Boots
|-damage|p1a: Tornadus|11/100
|
|upkeep
|turn|10
|
|t:|1665226807
|switch|p2a: Corviknight|Corviknight, F|100/100
|-ability|p2a: Corviknight|Pressure
|move|p1a: Tornadus|Knock Off|p2a: Corviknight
|-damage|p2a: Corviknight|87/100
|-enditem|p2a: Corviknight|Leftovers|[from] move: Knock Off|[of] p1a: Tornadus
|
|upkeep
|turn|11
|
|t:|1665226818
|switch|p2a: Garchomp|Garchomp, F|100/100
|move|p1a: Tornadus|U-turn|p2a: Garchomp
|-damage|p2a: Garchomp|90/100
|-damage|p1a: Tornadus|0 fnt|[from] ability: Rough Skin|[of] p2a: Garchomp
|faint|p1a: Tornadus
|
|-heal|p2a: Garchomp|96/100|[from] item: Leftovers
|upkeep
|
|t:|1665226827
|switch|p1a: Tapu Lele|Tapu Lele|100/100
|-fieldstart|move: Psychic Terrain|[from] ability: Psychic Surge|[of] p1a: Tapu Lele
|turn|12
|
|t:|1665226837
|move|p2a: Garchomp|Protect|p2a: Garchomp
|-singleturn|p2a: Garchomp|Protect
|move|p1a: Tapu Lele|Moonblast|p2a: Garchomp
|-activate|p2a: Garchomp|move: Protect
|
|-heal|p2a: Garchomp|100/100|[from] item: Leftovers
|upkeep
|turn|13
|
|t:|1665226841
|switch|p2a: Melmetal|Melmetal|88/100
|move|p1a: Tapu Lele|Moonblast|p2a: Melmetal
|-resisted|p2a: Melmetal
|-damage|p2a: Melmetal|48/100
|
|upkeep
|turn|14
|
|t:|1665226849
|switch|p1a: Hippowdon|Hippowdon, M|97/100
|-weather|Sandstorm|[from] ability: Sand Stream|[of] p1a: Hippowdon
|move|p2a: Melmetal|Double Iron Bash|p1a: Hippowdon
|-crit|p1a: Hippowdon
|-damage|p1a: Hippowdon|49/100
|-damage|p1a: Hippowdon|15/100
|-hitcount|p1a: Hippowdon|2
|
|-weather|Sandstorm|[upkeep]
|-heal|p1a: Hippowdon|22/100|[from] item: Leftovers
|upkeep
|turn|15
|
|t:|1665226859
|switch|p2a: Decidueye|Decidueye, M|100/100
|move|p1a: Hippowdon|Slack Off|p1a: Hippowdon
|-heal|p1a: Hippowdon|72/100
|
|-weather|Sandstorm|[upkeep]
|-damage|p2a: Decidueye|94/100|[from] Sandstorm
|-heal|p1a: Hippowdon|78/100|[from] item: Leftovers
|upkeep
|turn|16
|
|t:|1665226863
|move|p2a: Decidueye|Leaf Blade|p1a: Hippowdon
|-supereffective|p1a: Hippowdon
|-damage|p1a: Hippowdon|0 fnt
|faint|p1a: Hippowdon
|
|-weather|Sandstorm|[upkeep]
|-damage|p2a: Decidueye|88/100|[from] Sandstorm
|-fieldend|move: Psychic Terrain
|upkeep
|
|t:|1665226866
|switch|p1a: Kartana|Kartana|100/100
|turn|17
|
|t:|1665226869
|switch|p2a: Corviknight|Corviknight, F|87/100
|-ability|p2a: Corviknight|Pressure
|move|p1a: Kartana|Knock Off|p2a: Corviknight
|-damage|p2a: Corviknight|53/100
|
|-weather|Sandstorm|[upkeep]
|upkeep
|turn|18
|
|t:|1665226878
|switch|p1a: Toxapex|Toxapex, F|63/100
|move|p2a: Corviknight|Roost|p2a: Corviknight
|-heal|p2a: Corviknight|100/100
|-singleturn|p2a: Corviknight|move: Roost
|
|-weather|none
|upkeep
|turn|19
|
|t:|1665226883
|move|p2a: Corviknight|Taunt|p1a: Toxapex
|-start|p1a: Toxapex|move: Taunt
|move|p1a: Toxapex|Scald|p2a: Corviknight
|-damage|p2a: Corviknight|88/100
|
|upkeep
|turn|20
|
|t:|1665226890
|move|p2a: Corviknight|Brave Bird|p1a: Toxapex
|-damage|p1a: Toxapex|39/100
|-damage|p2a: Corviknight|82/100|[from] Recoil
|move|p1a: Toxapex|Scald|p2a: Corviknight
|-damage|p2a: Corviknight|70/100
|
|upkeep
|turn|21
|
|t:|1665226897
|move|p2a: Corviknight|Brave Bird|p1a: Toxapex
|-damage|p1a: Toxapex|18/100
|-damage|p2a: Corviknight|65/100|[from] Recoil
|move|p1a: Toxapex|Scald|p2a: Corviknight
|-damage|p2a: Corviknight|55/100
|-status|p2a: Corviknight|brn
|
|-damage|p2a: Corviknight|48/100 brn|[from] brn
|-end|p1a: Toxapex|move: Taunt
|upkeep
|turn|22
|
|t:|1665226909
|switch|p1a: Tapu Lele|Tapu Lele|100/100
|-fieldstart|move: Psychic Terrain|[from] ability: Psychic Surge|[of] p1a: Tapu Lele
|move|p2a: Corviknight|Taunt|p1a: Tapu Lele
|-start|p1a: Tapu Lele|move: Taunt
|
|-damage|p2a: Corviknight|42/100 brn|[from] brn
|upkeep
|turn|23
|
|t:|1665226920
|switch|p2a: Melmetal|Melmetal|48/100
|move|p1a: Tapu Lele|Moonblast|p2a: Melmetal
|-resisted|p2a: Melmetal
|-damage|p2a: Melmetal|9/100
|
|upkeep
|turn|24
|
|t:|1665226922
|move|p1a: Tapu Lele|Moonblast|p2a: Melmetal
|-resisted|p2a: Melmetal
|-damage|p2a: Melmetal|0 fnt
|faint|p2a: Melmetal
|
|-end|p1a: Tapu Lele|move: Taunt
|upkeep
|
|t:|1665226925
|switch|p2a: Dragapult|Dragapult, M|100/100
|turn|25
|
|t:|1665226934
|switch|p1a: Umbreon|Umbreon, F|100/100
|move|p2a: Dragapult|U-turn|p1a: Umbreon
|-supereffective|p1a: Umbreon
|-damage|p1a: Umbreon|81/100
|
|t:|1665226944
|switch|p2a: Corviknight|Corviknight, F|42/100 brn|[from]move: U-turn
|-ability|p2a: Corviknight|Pressure
|
|-heal|p1a: Umbreon|87/100|[from] item: Leftovers
|-damage|p2a: Corviknight|36/100 brn|[from] brn
|upkeep
|turn|26
|
|t:|1665226950
|switch|p1a: Tapu Lele|Tapu Lele|100/100
|move|p2a: Corviknight|Roost|p2a: Corviknight
|-heal|p2a: Corviknight|86/100 brn
|-singleturn|p2a: Corviknight|move: Roost
|
|-damage|p2a: Corviknight|80/100 brn|[from] brn
|-fieldend|move: Psychic Terrain
|upkeep
|turn|27
|
|t:|1665226958
|move|p1a: Tapu Lele|Moonblast|p2a: Corviknight
|-resisted|p2a: Corviknight
|-damage|p2a: Corviknight|47/100 brn
|move|p2a: Corviknight|Roost|p2a: Corviknight
|-heal|p2a: Corviknight|97/100 brn
|-singleturn|p2a: Corviknight|move: Roost
|
|-damage|p2a: Corviknight|91/100 brn|[from] brn
|upkeep
|turn|28
|
|t:|1665226969
|switch|p1a: Toxapex|Toxapex, F|52/100
|move|p2a: Corviknight|U-turn|p1a: Toxapex
|-resisted|p1a: Toxapex
|-damage|p1a: Toxapex|50/100
|
|t:|1665226972
|switch|p2a: Landorus|Landorus-Therian, M|100/100|[from]move: U-turn
|-ability|p2a: Landorus|Intimidate|boost
|-unboost|p1a: Toxapex|atk|1
|
|upkeep
|turn|29
|
|t:|1665226982
|switch|p1a: Umbreon|Umbreon, F|87/100
|move|p2a: Landorus|Earthquake|p1a: Umbreon
|-damage|p1a: Umbreon|60/100
|
|-heal|p1a: Umbreon|66/100|[from] item: Leftovers
|upkeep
|turn|30
|
|t:|1665226986
|move|p2a: Landorus|U-turn|p1a: Umbreon
|-supereffective|p1a: Umbreon
|-damage|p1a: Umbreon|38/100
|
|t:|1665226988
|switch|p2a: Corviknight|Corviknight, F|91/100 brn|[from]move: U-turn
|-ability|p2a: Corviknight|Pressure
|move|p1a: Umbreon|Foul Play|p2a: Corviknight
|-crit|p2a: Corviknight
|-damage|p2a: Corviknight|57/100 brn
|
|-heal|p1a: Umbreon|44/100|[from] item: Leftovers
|-damage|p2a: Corviknight|50/100 brn|[from] brn
|upkeep
|turn|31
|
|t:|1665226994
|move|p2a: Corviknight|Taunt|p1a: Umbreon
|-start|p1a: Umbreon|move: Taunt
|cant|p1a: Umbreon|move: Taunt|Wish
|
|-heal|p1a: Umbreon|50/100|[from] item: Leftovers
|-damage|p2a: Corviknight|44/100 brn|[from] brn
|upkeep
|turn|32
|
|t:|1665226998
|switch|p1a: Kartana|Kartana|100/100
|move|p2a: Corviknight|Roost|p2a: Corviknight
|-heal|p2a: Corviknight|94/100 brn
|-singleturn|p2a: Corviknight|move: Roost
|
|-damage|p2a: Corviknight|88/100 brn|[from] brn
|upkeep
|turn|33
|
|t:|1665227002
|switch|p2a: Garchomp|Garchomp, F|100/100
|move|p1a: Kartana|Sacred Sword|p2a: Garchomp
|-damage|p2a: Garchomp|64/100
|-damage|p1a: Kartana|88/100|[from] ability: Rough Skin|[of] p2a: Garchomp
|
|-heal|p2a: Garchomp|70/100|[from] item: Leftovers
|upkeep
|turn|34
|
|t:|1665227011
|switch|p1a: Tapu Lele|Tapu Lele|100/100
|-fieldstart|move: Psychic Terrain|[from] ability: Psychic Surge|[of] p1a: Tapu Lele
|move|p2a: Garchomp|Earthquake|p1a: Tapu Lele
|-crit|p1a: Tapu Lele
|-damage|p1a: Tapu Lele|3/100
|
|-heal|p2a: Garchomp|76/100|[from] item: Leftovers
|upkeep
|turn|35
|
|t:|1665227020
|switch|p1a: Umbreon|Umbreon, F|50/100
|move|p2a: Garchomp|Protect||[still]
|-fail|p2a: Garchomp
|
|-heal|p2a: Garchomp|82/100|[from] item: Leftovers
|-heal|p1a: Umbreon|56/100|[from] item: Leftovers
|upkeep
|turn|36
|
|t:|1665227024
|move|p2a: Garchomp|Stealth Rock|p1a: Umbreon
|-sidestart|p1: hendrik980|move: Stealth Rock
|move|p1a: Umbreon|Wish|p1a: Umbreon
|
|-heal|p2a: Garchomp|89/100|[from] item: Leftovers
|-heal|p1a: Umbreon|62/100|[from] item: Leftovers
|upkeep
|turn|37
|
|t:|1665227027
|switch|p2a: Corviknight|Corviknight, F|88/100 brn
|-ability|p2a: Corviknight|Pressure
|move|p1a: Umbreon|Foul Play|p2a: Corviknight
|-damage|p2a: Corviknight|66/100 brn
|
|-heal|p1a: Umbreon|100/100|[from] move: Wish|[wisher] Umbreon
|-damage|p2a: Corviknight|60/100 brn|[from] brn
|upkeep
|turn|38
|
|t:|1665227033
|switch|p1a: Kartana|Kartana|88/100
|-damage|p1a: Kartana|82/100|[from] Stealth Rock
|move|p2a: Corviknight|Roost|p2a: Corviknight
|-heal|p2a: Corviknight|100/100 brn
|-singleturn|p2a: Corviknight|move: Roost
|
|-damage|p2a: Corviknight|94/100 brn|[from] brn
|-fieldend|move: Psychic Terrain
|upkeep
|turn|39
|
|t:|1665227039
|move|p1a: Kartana|Sacred Sword|p2a: Corviknight
|-damage|p2a: Corviknight|53/100 brn
|move|p2a: Corviknight|Roost|p2a: Corviknight
|-heal|p2a: Corviknight|100/100 brn
|-singleturn|p2a: Corviknight|move: Roost
|
|-damage|p2a: Corviknight|94/100 brn|[from] brn
|upkeep
|turn|40
|
|t:|1665227044
|switch|p2a: Dragapult|Dragapult, M|100/100
|move|p1a: Kartana|Sacred Sword|p2a: Dragapult
|-immune|p2a: Dragapult
|
|upkeep
|turn|41
|-message|hendrik980 forfeited.
|
|win|misplayin
|raw|hendrik980's rating: 1623 &rarr; <strong>1607</strong><br />(-16 for losing)
|raw|misplayin's rating: 1695 &rarr; <strong>1711</strong><br />(+16 for winning)
|l|☆hendrik980
