|j|☆minimax_ai
|j|☆BiteSizeEgg
|t:|1667978882
|gametype|singles
|player|p1|minimax_ai|169|1610
|player|p2|BiteSizeEgg|dawn-gen4pt|1585
|teamsize|p1|6
|teamsize|p2|6
|gen|8
|tier|[Gen 8] OU
|rated|
|rule|Sleep Clause Mod: Limit one foe put to sleep
|rule|Species Clause: Limit one of each Pokémon
|rule|OHKO Clause: OHKO moves are banned
|rule|Evasion Items Clause: Evasion items are banned
|rule|Evasion Moves Clause: Evasion moves are banned
|rule|Endless Battle Clause: Forcing endless battles is banned
|rule|HP Percentage Mod: HP is shown in percentages
|rule|Dynamax Clause: You cannot dynamax
|clearpoke
|poke|p1|Rotom-Wash|
|poke|p1|Weavile, M|
|poke|p1|Landorus-Therian, M|
|poke|p1|Heatran, M|
|poke|p1|Tangrowth, M|
|poke|p1|Melmetal|
|poke|p2|Excadrill, M|
|poke|p2|Gigalith, F|
|poke|p2|Ferrothorn, F|
|poke|p2|Jellicent, M|
|poke|p2|Landorus-Therian, M|
|poke|p2|Victini|
|teampreview
|inactive|Battle timer is ON: inactive players will automatically lose when time's up. (requested by BiteSizeEgg)
|c|☆minimax_ai|hf
|inactive|minimax_ai also wants the timer to be on.
|
|t:|1667978895
|start
|switch|p1a: Heatran|Heatran, M|100/100
|switch|p2a: Landorus|Landorus-Therian, M|100/100
|-ability|p2a: Landorus|Intimidate|boost
|-unboost|p1a: Heatran|atk|1
|-item|p1a: Heatran|Air Balloon
|turn|1
|
|t:|1667978897
|move|p2a: Landorus|U-turn|p1a: Heatran
|-resisted|p1a: Heatran
|-damage|p1a: Heatran|93/100
|-enditem|p1a: Heatran|Air Balloon
|
|t:|1667978900
|switch|p2a: Jellicent|Jellicent, M, shiny|100/100|[from]move: U-turn
|move|p1a: Heatran|Eruption|p2a: Jellicent
|-resisted|p2a: Jellicent
|-damage|p2a: Jellicent|71/100
|
|upkeep
|turn|2
|
|t:|1667978907
|switch|p2a: Gigalith|Gigalith, F, shiny|100/100
|-weather|Sandstorm|[from] ability: Sand Stream|[of] p2a: Gigalith
|move|p1a: Heatran|Stealth Rock|p2a: Gigalith
|-sidestart|p2: BiteSizeEgg|move: Stealth Rock
|
|-weather|Sandstorm|[upkeep]
|upkeep
|turn|3
|
|t:|1667978910
|switch|p1a: Melmetal|Melmetal|100/100
|move|p2a: Gigalith|Stealth Rock|p1a: Melmetal
|-sidestart|p1: minimax_ai|move: Stealth Rock
|
|-weather|Sandstorm|[upkeep]
|upkeep
|turn|4
|
|t:|1667978915
|switch|p2a: Victini|Victini|100/100
|move|p1a: Melmetal|Earthquake|p2a: Victini
|-supereffective|p2a: Victini
|-damage|p2a: Victini|27/100
|
|-weather|Sandstorm|[upkeep]
|-damage|p2a: Victini|20/100|[from] Sandstorm
|upkeep
|turn|5
|
|t:|1667978921
|move|p2a: Victini|U-turn|p1a: Melmetal
|-resisted|p1a: Melmetal
|-damage|p1a: Melmetal|95/100
|
|t:|1667978922
|switch|p2a: Landorus|Landorus-Therian, M|100/100|[from]move: U-turn
|-damage|p2a: Landorus|88/100|[from] Stealth Rock
|-ability|p2a: Landorus|Intimidate|boost
|-unboost|p1a: Melmetal|atk|1
|move|p1a: Melmetal|Earthquake|p2a: Landorus
|-immune|p2a: Landorus
|
|-weather|Sandstorm|[upkeep]
|upkeep
|turn|6
|
|t:|1667978925
|move|p2a: Landorus|U-turn|p1a: Melmetal
|-resisted|p1a: Melmetal
|-damage|p1a: Melmetal|88/100
|
|t:|1667978927
|switch|p2a: Ferrothorn|Ferrothorn, F|100/100|[from]move: U-turn
|-damage|p2a: Ferrothorn|94/100|[from] Stealth Rock
|move|p1a: Melmetal|Ice Punch|p2a: Ferrothorn
|-damage|p2a: Ferrothorn|81/100
|-damage|p1a: Melmetal|75/100|[from] ability: Iron Barbs|[of] p2a: Ferrothorn
|
|-weather|Sandstorm|[upkeep]
|-heal|p2a: Ferrothorn|87/100|[from] item: Leftovers
|upkeep
|turn|7
|
|t:|1667978932
|switch|p1a: landorustherian|Landorus-Therian, M|100/100
|-damage|p1a: landorustherian|88/100|[from] Stealth Rock
|-ability|p1a: landorustherian|Intimidate|boost
|-unboost|p2a: Ferrothorn|atk|1
|move|p2a: Ferrothorn|Leech Seed|p1a: landorustherian
|-start|p1a: landorustherian|move: Leech Seed
|
|-weather|Sandstorm|[upkeep]
|-heal|p1a: landorustherian|94/100|[from] item: Leftovers
|-heal|p2a: Ferrothorn|93/100|[from] item: Leftovers
|-damage|p1a: landorustherian|82/100|[from] Leech Seed|[of] p2a: Ferrothorn
|-heal|p2a: Ferrothorn|100/100|[silent]
|upkeep
|turn|8
|
|t:|1667978935
|switch|p1a: Tangrowth|Tangrowth, M|100/100
|-damage|p1a: Tangrowth|88/100|[from] Stealth Rock
|move|p2a: Ferrothorn|Knock Off|p1a: Tangrowth
|-crit|p1a: Tangrowth
|-damage|p1a: Tangrowth|71/100
|-damage|p2a: Ferrothorn|84/100|[from] item: Rocky Helmet|[of] p1a: Tangrowth
|-enditem|p1a: Tangrowth|Rocky Helmet|[from] move: Knock Off|[of] p2a: Ferrothorn
|
|-weather|Sandstorm|[upkeep]
|-damage|p1a: Tangrowth|65/100|[from] Sandstorm
|-heal|p2a: Ferrothorn|90/100|[from] item: Leftovers
|upkeep
|turn|9
|
|t:|1667978943
|switch|p1a: landorustherian|Landorus-Therian, M|82/100
|-damage|p1a: landorustherian|70/100|[from] Stealth Rock
|-ability|p1a: landorustherian|Intimidate|boost
|-unboost|p2a: Ferrothorn|atk|1
|switch|p2a: Landorus|Landorus-Therian, M|88/100
|-damage|p2a: Landorus|76/100|[from] Stealth Rock
|-ability|p2a: Landorus|Intimidate|boost
|-unboost|p1a: landorustherian|atk|1
|
|-weather|none
|-heal|p1a: landorustherian|76/100|[from] item: Leftovers
|upkeep
|turn|10
|
|t:|1667978945
|move|p2a: Landorus|Stone Edge|p1a: landorustherian
|-damage|p1a: landorustherian|41/100
|move|p1a: landorustherian|Toxic|p2a: Landorus
|-status|p2a: Landorus|tox
|
|-heal|p1a: landorustherian|47/100|[from] item: Leftovers
|-damage|p2a: Landorus|70/100 tox|[from] psn
|upkeep
|turn|11
|
|t:|1667978952
|switch|p2a: Ferrothorn|Ferrothorn, F|90/100
|-damage|p2a: Ferrothorn|84/100|[from] Stealth Rock
|switch|p1a: Tangrowth|Tangrowth, M|98/100
|-damage|p1a: Tangrowth|85/100|[from] Stealth Rock
|
|-heal|p2a: Ferrothorn|90/100|[from] item: Leftovers
|upkeep
|turn|12
|
|t:|1667978959
|move|p1a: Tangrowth|Focus Blast|p2a: Ferrothorn
|-supereffective|p2a: Ferrothorn
|-damage|p2a: Ferrothorn|43/100
|move|p2a: Ferrothorn|Spikes|p1a: Tangrowth
|-sidestart|p1: minimax_ai|Spikes
|
|-heal|p2a: Ferrothorn|49/100|[from] item: Leftovers
|upkeep
|turn|13
|
|t:|1667978965
|move|p1a: Tangrowth|Focus Blast|p2a: Ferrothorn
|-supereffective|p2a: Ferrothorn
|-damage|p2a: Ferrothorn|0 fnt
|faint|p2a: Ferrothorn
|
|upkeep
|
|t:|1667978967
|switch|p2a: Victini|Victini|20/100
|turn|14
|
|t:|1667978971
|move|p2a: Victini|V-create|p1a: Tangrowth
|-supereffective|p1a: Tangrowth
|-damage|p1a: Tangrowth|8/100
|-unboost|p2a: Victini|spe|1
|-unboost|p2a: Victini|def|1
|-unboost|p2a: Victini|spd|1
|move|p1a: Tangrowth|Knock Off|p2a: Victini
|-supereffective|p2a: Victini
|-damage|p2a: Victini|0 fnt
|-enditem|p2a: Victini|Heavy-Duty Boots|[from] move: Knock Off|[of] p1a: Tangrowth
|faint|p2a: Victini
|
|upkeep
|
|t:|1667978976
|switch|p2a: Excadrill|Excadrill, M|100/100
|-damage|p2a: Excadrill|97/100|[from] Stealth Rock
|turn|15
|
|t:|1667978979
|switch|p1a: rotomwash|Rotom-Wash|100/100
|-damage|p1a: rotomwash|88/100|[from] Stealth Rock
|move|p2a: Excadrill|Iron Head|p1a: rotomwash
|-resisted|p1a: rotomwash
|-damage|p1a: rotomwash|72/100
|-damage|p2a: Excadrill|87/100|[from] item: Life Orb
|
|-heal|p1a: rotomwash|78/100|[from] item: Leftovers
|upkeep
|turn|16
|
|t:|1667978984
|switch|p2a: Gigalith|Gigalith, F, shiny|100/100
|-damage|p2a: Gigalith|88/100|[from] Stealth Rock
|-weather|Sandstorm|[from] ability: Sand Stream|[of] p2a: Gigalith
|move|p1a: rotomwash|Nasty Plot|p1a: rotomwash
|-boost|p1a: rotomwash|spa|2
|
|-weather|Sandstorm|[upkeep]
|-damage|p1a: rotomwash|72/100|[from] Sandstorm
|-heal|p1a: rotomwash|78/100|[from] item: Leftovers
|upkeep
|turn|17
|
|t:|1667978990
|switch|p2a: Jellicent|Jellicent, M, shiny|71/100
|move|p1a: rotomwash|Hydro Pump|p2a: Jellicent
|-heal|p2a: Jellicent|96/100|[from] ability: Water Absorb|[of] p1a: rotomwash
|
|-weather|Sandstorm|[upkeep]
|-damage|p1a: rotomwash|72/100|[from] Sandstorm
|-damage|p2a: Jellicent|90/100|[from] Sandstorm
|-heal|p1a: rotomwash|78/100|[from] item: Leftovers
|upkeep
|turn|18
|
|t:|1667978993
|switch|p2a: Landorus|Landorus-Therian, M|70/100 tox
|-damage|p2a: Landorus|58/100 tox|[from] Stealth Rock
|-ability|p2a: Landorus|Intimidate|boost
|-unboost|p1a: rotomwash|atk|1
|move|p1a: rotomwash|Pain Split|p2a: Landorus
|-sethp|p2a: Landorus|66/100 tox|[from] move: Pain Split|[silent]
|-sethp|p1a: rotomwash|69/100|[from] move: Pain Split
|
|-weather|Sandstorm|[upkeep]
|-damage|p1a: rotomwash|63/100|[from] Sandstorm
|-heal|p1a: rotomwash|69/100|[from] item: Leftovers
|-damage|p2a: Landorus|60/100 tox|[from] psn
|upkeep
|turn|19
|
|t:|1667979000
|move|p2a: Landorus|Stone Edge|p1a: rotomwash
|-damage|p1a: rotomwash|27/100
|move|p1a: rotomwash|Pain Split|p2a: Landorus
|-sethp|p2a: Landorus|43/100 tox|[from] move: Pain Split|[silent]
|-sethp|p1a: rotomwash|45/100|[from] move: Pain Split
|
|-weather|Sandstorm|[upkeep]
|-damage|p1a: rotomwash|39/100|[from] Sandstorm
|-heal|p1a: rotomwash|45/100|[from] item: Leftovers
|-damage|p2a: Landorus|31/100 tox|[from] psn
|upkeep
|turn|20
|
|t:|1667979004
|move|p2a: Landorus|Stone Edge|p1a: rotomwash
|-damage|p1a: rotomwash|4/100
|move|p1a: rotomwash|Pain Split|p2a: Landorus
|-sethp|p2a: Landorus|17/100 tox|[from] move: Pain Split|[silent]
|-sethp|p1a: rotomwash|18/100|[from] move: Pain Split
|
|-weather|Sandstorm|[upkeep]
|-damage|p1a: rotomwash|12/100|[from] Sandstorm
|-heal|p1a: rotomwash|18/100|[from] item: Leftovers
|-damage|p2a: Landorus|0 fnt|[from] psn
|faint|p2a: Landorus
|upkeep
|
|t:|1667979006
|switch|p2a: Excadrill|Excadrill, M|87/100
|-damage|p2a: Excadrill|84/100|[from] Stealth Rock
|turn|21
|
|t:|1667979007
|move|p2a: Excadrill|Rock Slide|p1a: rotomwash
|-damage|p1a: rotomwash|0 fnt
|faint|p1a: rotomwash
|-damage|p2a: Excadrill|74/100|[from] item: Life Orb
|
|-weather|Sandstorm|[upkeep]
|upkeep
|
|t:|1667979007
|switch|p1a: Tangrowth|Tangrowth, M|41/100
|-damage|p1a: Tangrowth|28/100|[from] Stealth Rock
|-damage|p1a: Tangrowth|16/100|[from] Spikes
|turn|22
|
|t:|1667979011
|move|p2a: Excadrill|Iron Head|p1a: Tangrowth
|-damage|p1a: Tangrowth|0 fnt
|faint|p1a: Tangrowth
|-damage|p2a: Excadrill|64/100|[from] item: Life Orb
|
|-weather|Sandstorm|[upkeep]
|upkeep
|
|t:|1667979011
|switch|p1a: landorustherian|Landorus-Therian, M|47/100
|-damage|p1a: landorustherian|35/100|[from] Stealth Rock
|-ability|p1a: landorustherian|Intimidate|boost
|-unboost|p2a: Excadrill|atk|1
|turn|23
|
|t:|1667979013
|move|p2a: Excadrill|Iron Head|p1a: landorustherian
|-damage|p1a: landorustherian|0 fnt
|faint|p1a: landorustherian
|-damage|p2a: Excadrill|55/100|[from] item: Life Orb
|
|-weather|none
|upkeep
|
|t:|1667979013
|switch|p1a: Weavile|Weavile, M|100/100
|-damage|p1a: Weavile|76/100|[from] Stealth Rock
|-damage|p1a: Weavile|63/100|[from] Spikes
|-ability|p1a: Weavile|Pressure
|turn|24
|
|t:|1667979017
|switch|p2a: Gigalith|Gigalith, F, shiny|88/100
|-damage|p2a: Gigalith|76/100|[from] Stealth Rock
|-weather|Sandstorm|[from] ability: Sand Stream|[of] p2a: Gigalith
|move|p1a: Weavile|Knock Off|p2a: Gigalith
|-damage|p2a: Gigalith|28/100
|-enditem|p2a: Gigalith|Smooth Rock|[from] move: Knock Off|[of] p1a: Weavile
|
|-weather|Sandstorm|[upkeep]
|-damage|p1a: Weavile|57/100|[from] Sandstorm
|upkeep
|turn|25
|
|t:|1667979021
|move|p1a: Weavile|Knock Off|p2a: Gigalith
|-damage|p2a: Gigalith|0 fnt
|faint|p2a: Gigalith
|
|-weather|Sandstorm|[upkeep]
|-damage|p1a: Weavile|51/100|[from] Sandstorm
|upkeep
|
|t:|1667979022
|switch|p2a: Excadrill|Excadrill, M|55/100
|-damage|p2a: Excadrill|51/100|[from] Stealth Rock
|turn|26
|
|t:|1667979023
|move|p2a: Excadrill|Earthquake|p1a: Weavile
|-damage|p1a: Weavile|0 fnt
|faint|p1a: Weavile
|-damage|p2a: Excadrill|41/100|[from] item: Life Orb
|
|-weather|Sandstorm|[upkeep]
|upkeep
|
|t:|1667979023
|switch|p1a: Melmetal|Melmetal|75/100
|-damage|p1a: Melmetal|69/100|[from] Stealth Rock
|-damage|p1a: Melmetal|57/100|[from] Spikes
|turn|27
|
|t:|1667979025
|move|p2a: Excadrill|Earthquake|p1a: Melmetal
|-supereffective|p1a: Melmetal
|-damage|p1a: Melmetal|0 fnt
|faint|p1a: Melmetal
|-damage|p2a: Excadrill|32/100|[from] item: Life Orb
|
|-weather|Sandstorm|[upkeep]
|upkeep
|
|t:|1667979025
|switch|p1a: Heatran|Heatran, M|93/100
|-damage|p1a: Heatran|81/100|[from] Stealth Rock
|-damage|p1a: Heatran|69/100|[from] Spikes
|turn|28
|
|t:|1667979027
|move|p2a: Excadrill|Earthquake|p1a: Heatran
|-supereffective|p1a: Heatran
|-damage|p1a: Heatran|0 fnt
|faint|p1a: Heatran
|-damage|p2a: Excadrill|22/100|[from] item: Life Orb
|
|win|BiteSizeEgg
|raw|minimax_ai's rating: 1610 &rarr; <strong>1589</strong><br />(-21 for losing)
|raw|BiteSizeEgg's rating: 1585 &rarr; <strong>1606</strong><br />(+21 for winning)
|c|☆minimax_ai|gg
