|j|☆legitteambuilder
|j|☆jeanmilapipe
|t:|1609070994
|player|p1|legitteambuilder|lance|1870
|player|p2|jeanmilapipe|n|1775
|teamsize|p1|6
|teamsize|p2|6
|gametype|singles
|gen|8
|tier|[Gen 8] OU
|rated|
|clearpoke
|poke|p1|Azumarill, F|
|poke|p1|Regieleki|
|poke|p1|Buzzwole|
|poke|p1|Spectrier|
|poke|p1|Landorus-Therian, M|
|poke|p1|Kartana|
|poke|p2|Rillaboom, F|
|poke|p2|Garchomp, M|
|poke|p2|Toxapex, F|
|poke|p2|Kartana|
|poke|p2|Mandibuzz, F|
|poke|p2|Aegislash, F|
|rule|Sleep Clause Mod: Limit one foe put to sleep
|rule|Species Clause: Limit one of each Pokémon
|rule|OHKO Clause: OHKO moves are banned
|rule|Evasion Moves Clause: Evasion moves are banned
|rule|Endless Battle Clause: Forcing endless battles is banned
|rule|HP Percentage Mod: HP is shown in percentages
|rule|Dynamax Clause: You cannot dynamax
|teampreview
|j| we went way back
|j| Tifigi
|
|t:|1609071027
|start
|switch|p1a: Prince|Spectrier|100/100
|switch|p2a: Mandibuzz|Mandibuzz, F|100/100
|turn|1
|
|t:|1609071033
|switch|p1a: NBAYB listener|Buzzwole|100/100
|move|p2a: Mandibuzz|Foul Play|p1a: NBAYB listener
|-resisted|p1a: NBAYB listener
|-damage|p1a: NBAYB listener|85/100
|
|-heal|p1a: NBAYB listener|91/100|[from] item: Leftovers
|upkeep
|turn|2
|
|t:|1609071044
|switch|p2a: Toxapex|Toxapex, F|100/100
|move|p1a: NBAYB listener|Stone Edge|p2a: Toxapex
|-damage|p2a: Toxapex|76/100
|
|-heal|p1a: NBAYB listener|97/100|[from] item: Leftovers
|upkeep
|turn|3
|
|t:|1609071053
|switch|p1a: Electro kid|Regieleki|100/100
|move|p2a: Toxapex|Toxic|p1a: Electro kid
|-status|p1a: Electro kid|tox
|
|-damage|p1a: Electro kid|95/100 tox|[from] psn
|upkeep
|turn|4
|j| Gta-zees
|
|t:|1609071065
|switch|p2a: Garchomp|Garchomp, M|100/100
|move|p1a: Electro kid|Reflect|p1a: Electro kid
|-sidestart|p1: legitteambuilder|Reflect
|
|-damage|p1a: Electro kid|83/100 tox|[from] psn
|upkeep
|turn|5
|
|t:|1609071074
|switch|p1a: Awoomarill|Azumarill, F, shiny|100/100
|move|p2a: Garchomp|Earthquake|p1a: Awoomarill
|-damage|p1a: Awoomarill|70/100
|
|upkeep
|turn|6
|
|t:|1609071089
|move|p2a: Garchomp|Earthquake|p1a: Awoomarill
|-damage|p1a: Awoomarill|39/100
|-enditem|p1a: Awoomarill|Sitrus Berry|[eat]
|-heal|p1a: Awoomarill|63/100|[from] item: Sitrus Berry
|move|p1a: Awoomarill|Play Rough|p2a: Garchomp|[miss]
|-miss|p1a: Awoomarill|p2a: Garchomp
|
|upkeep
|turn|7
|
|t:|1609071098
|switch|p2a: Toxapex|Toxapex, F|100/100
|move|p1a: Awoomarill|Play Rough|p2a: Toxapex
|-resisted|p2a: Toxapex
|-damage|p2a: Toxapex|84/100
|-damage|p1a: Awoomarill|47/100|[from] item: Rocky Helmet|[of] p2a: Toxapex
|
|upkeep
|turn|8
|
|t:|1609071116
|move|p1a: Awoomarill|Knock Off|p2a: Toxapex
|-damage|p2a: Toxapex|61/100
|-damage|p1a: Awoomarill|30/100|[from] item: Rocky Helmet|[of] p2a: Toxapex
|-enditem|p2a: Toxapex|Rocky Helmet|[from] move: Knock Off|[of] p1a: Awoomarill
|move|p2a: Toxapex|Toxic|p1a: Awoomarill
|-status|p1a: Awoomarill|tox
|
|-damage|p1a: Awoomarill|24/100 tox|[from] psn
|upkeep
|turn|9
|j| coupher
|
|t:|1609071128
|switch|p1a: Prince|Spectrier|100/100
|move|p2a: Toxapex|Recover|p2a: Toxapex
|-heal|p2a: Toxapex|100/100
|
|upkeep
|turn|10
|
|t:|1609071134
|switch|p2a: Mandibuzz|Mandibuzz, F|100/100
|move|p1a: Prince|Substitute|p1a: Prince
|-start|p1a: Prince|Substitute
|-damage|p1a: Prince|75/100
|
|-heal|p1a: Prince|82/100|[from] item: Leftovers
|upkeep
|turn|11
|
|t:|1609071141
|move|p1a: Prince|Will-O-Wisp|p2a: Mandibuzz
|-status|p2a: Mandibuzz|brn
|move|p2a: Mandibuzz|Foul Play|p1a: Prince
|-supereffective|p1a: Prince
|-activate|p1a: Prince|move: Substitute|[damage]
|
|-heal|p1a: Prince|88/100|[from] item: Leftovers
|-damage|p2a: Mandibuzz|94/100 brn|[from] brn
|-sideend|p1: legitteambuilder|Reflect
|upkeep
|turn|12
|
|t:|1609071151
|move|p1a: Prince|Calm Mind|p1a: Prince
|-boost|p1a: Prince|spa|1
|-boost|p1a: Prince|spd|1
|move|p2a: Mandibuzz|Foul Play|p1a: Prince
|-supereffective|p1a: Prince
|-end|p1a: Prince|Substitute
|
|-heal|p1a: Prince|94/100|[from] item: Leftovers
|-damage|p2a: Mandibuzz|88/100 brn|[from] brn
|upkeep
|turn|13
|l| coupher
|
|t:|1609071163
|move|p1a: Prince|Substitute|p1a: Prince
|-start|p1a: Prince|Substitute
|-damage|p1a: Prince|69/100
|move|p2a: Mandibuzz|Foul Play|p1a: Prince
|-supereffective|p1a: Prince
|-activate|p1a: Prince|move: Substitute|[damage]
|
|-heal|p1a: Prince|75/100|[from] item: Leftovers
|-damage|p2a: Mandibuzz|82/100 brn|[from] brn
|upkeep
|turn|14
|
|t:|1609071191
|move|p1a: Prince|Calm Mind|p1a: Prince
|-boost|p1a: Prince|spa|1
|-boost|p1a: Prince|spd|1
|move|p2a: Mandibuzz|Foul Play|p1a: Prince
|-supereffective|p1a: Prince
|-end|p1a: Prince|Substitute
|
|-heal|p1a: Prince|81/100|[from] item: Leftovers
|-damage|p2a: Mandibuzz|76/100 brn|[from] brn
|upkeep
|turn|15
|j| Windows 98 SE
|
|t:|1609071202
|switch|p2a: Rillaboom|Rillaboom, F|100/100
|-fieldstart|move: Grassy Terrain|[from] ability: Grassy Surge|[of] p2a: Rillaboom
|move|p1a: Prince|Substitute|p1a: Prince
|-start|p1a: Prince|Substitute
|-damage|p1a: Prince|56/100
|
|-heal|p1a: Prince|62/100|[from] item: Leftovers
|-heal|p1a: Prince|68/100|[from] Grassy Terrain
|upkeep
|turn|16
|
|t:|1609071212
|move|p2a: Rillaboom|Grassy Glide|p1a: Prince
|-end|p1a: Prince|Substitute
|-damage|p2a: Rillaboom|91/100|[from] item: Life Orb
|move|p1a: Prince|Will-O-Wisp|p2a: Rillaboom
|-status|p2a: Rillaboom|brn
|
|-heal|p1a: Prince|74/100|[from] item: Leftovers
|-heal|p1a: Prince|81/100|[from] Grassy Terrain
|-heal|p2a: Rillaboom|97/100 brn|[from] Grassy Terrain
|-damage|p2a: Rillaboom|91/100 brn|[from] brn
|upkeep
|turn|17
|
|t:|1609071234
|move|p2a: Rillaboom|Grassy Glide|p1a: Prince
|-damage|p1a: Prince|54/100
|-damage|p2a: Rillaboom|81/100 brn|[from] item: Life Orb
|move|p1a: Prince|Hex|p2a: Rillaboom
|-damage|p2a: Rillaboom|0 fnt
|faint|p2a: Rillaboom
|-ability|p1a: Prince|Grim Neigh|boost
|-boost|p1a: Prince|spa|1
|
|-heal|p1a: Prince|60/100|[from] item: Leftovers
|-heal|p1a: Prince|66/100|[from] Grassy Terrain
|upkeep
|
|t:|1609071245
|switch|p2a: Aegislash|Aegislash, F|100/100
|turn|18
|j| Vessev
|
|t:|1609071280
|-formechange|p2a: Aegislash|Aegislash-Blade||[from] ability: Stance Change
|move|p2a: Aegislash|Shadow Sneak|p1a: Prince
|-supereffective|p1a: Prince
|-crit|p1a: Prince
|-damage|p1a: Prince|0 fnt
|faint|p1a: Prince
|
|upkeep
|c|☆legitteambuilder|aw man
|j| K302
|j| Phyuck Yuu
|c|☆legitteambuilder|if youre not banded than that crit mattered a lot
|c|☆jeanmilapipe|it mattered a lot
|c|☆jeanmilapipe|I am not banded
|
|t:|1609071337
|switch|p1a: it's ova|Kartana, shiny|100/100
|turn|19
|c|☆jeanmilapipe|I was 6 0 by that crap
|
|t:|1609071347
|-formechange|p2a: Aegislash|Aegislash||[from] ability: Stance Change
|move|p2a: Aegislash|King's Shield|p2a: Aegislash
|-singleturn|p2a: Aegislash|Protect
|move|p1a: it's ova|Swords Dance|p1a: it's ova
|-boost|p1a: it's ova|atk|2
|
|-fieldend|move: Grassy Terrain
|upkeep
|turn|20
|j| Gary's Best Friend
|
|t:|1609071357
|switch|p2a: Mandibuzz|Mandibuzz, F|76/100 brn
|move|p1a: it's ova|Knock Off|p2a: Mandibuzz
|-resisted|p2a: Mandibuzz
|-damage|p2a: Mandibuzz|58/100 brn
|-enditem|p2a: Mandibuzz|Heavy-Duty Boots|[from] move: Knock Off|[of] p1a: it's ova
|
|-damage|p2a: Mandibuzz|52/100 brn|[from] brn
|upkeep
|turn|21
|
|t:|1609071365
|move|p1a: it's ova|Smart Strike|p2a: Mandibuzz
|-damage|p2a: Mandibuzz|11/100 brn
|move|p2a: Mandibuzz|Foul Play|p1a: it's ova
|-damage|p1a: it's ova|49/100
|
|-damage|p2a: Mandibuzz|5/100 brn|[from] brn
|upkeep
|turn|22
|
|t:|1609071378
|move|p1a: it's ova|Knock Off|p2a: Mandibuzz
|-resisted|p2a: Mandibuzz
|-damage|p2a: Mandibuzz|0 fnt
|faint|p2a: Mandibuzz
|-ability|p1a: it's ova|Beast Boost|boost
|-boost|p1a: it's ova|spe|1
|
|upkeep
|
|t:|1609071385
|switch|p2a: Toxapex|Toxapex, F|100/100
|turn|23
|
|t:|1609071390
|move|p1a: it's ova|Leaf Blade|p2a: Toxapex
|-damage|p2a: Toxapex|41/100
|move|p2a: Toxapex|Haze|p2a: Toxapex
|-clearallboost
|
|upkeep
|turn|24
|
|t:|1609071397
|move|p1a: it's ova|Swords Dance|p1a: it's ova
|-boost|p1a: it's ova|atk|2
|move|p2a: Toxapex|Recover|p2a: Toxapex
|-heal|p2a: Toxapex|91/100
|
|upkeep
|turn|25
|
|t:|1609071406
|move|p1a: it's ova|Leaf Blade|p2a: Toxapex
|-crit|p2a: Toxapex
|-damage|p2a: Toxapex|3/100
|move|p2a: Toxapex|Haze|p2a: Toxapex
|-clearallboost
|
|upkeep
|turn|26
|
|t:|1609071414
|switch|p2a: Kartana|Kartana|100/100
|move|p1a: it's ova|Swords Dance|p1a: it's ova
|-boost|p1a: it's ova|atk|2
|
|upkeep
|turn|27
|
|t:|1609071420
|move|p1a: it's ova|Knock Off|p2a: Kartana
|-damage|p2a: Kartana|35/100
|-enditem|p2a: Kartana|Lum Berry|[from] move: Knock Off|[of] p1a: it's ova
|move|p2a: Kartana|Sacred Sword|p1a: it's ova
|-supereffective|p1a: it's ova
|-damage|p1a: it's ova|0 fnt
|faint|p1a: it's ova
|-ability|p2a: Kartana|Beast Boost|boost
|-boost|p2a: Kartana|atk|1
|
|upkeep
|
|t:|1609071451
|switch|p1a: Electro kid|Regieleki|83/100 tox
|turn|28
|
|t:|1609071456
|switch|p2a: Garchomp|Garchomp, M|100/100
|move|p1a: Electro kid|Volt Switch|p2a: Garchomp
|-immune|p2a: Garchomp
|
|-damage|p1a: Electro kid|77/100 tox|[from] psn
|upkeep
|turn|29
|
|t:|1609071463
|move|p1a: Electro kid|Reflect|p1a: Electro kid
|-sidestart|p1: legitteambuilder|Reflect
|move|p2a: Garchomp|Scale Shot|p1a: Electro kid
|-damage|p1a: Electro kid|63/100 tox
|-damage|p1a: Electro kid|51/100 tox
|-hitcount|p1a: Electro kid|2
|-unboost|p2a: Garchomp|def|1
|-boost|p2a: Garchomp|spe|1
|
|-damage|p1a: Electro kid|39/100 tox|[from] psn
|upkeep
|turn|30
|
|t:|1609071473
|move|p1a: Electro kid|Explosion|p2a: Garchomp
|-damage|p2a: Garchomp|22/100
|faint|p1a: Electro kid
|move|p2a: Garchomp|Scale Shot|p1: Electro kid|[notarget]
|-fail|p2a: Garchomp
|
|upkeep
|inactive|Battle timer is ON: inactive players will automatically lose when time's up. (requested by jeanmilapipe)
|
|t:|1609071521
|switch|p1a: Land'R'Us|Landorus-Therian, M, shiny|100/100
|-ability|p1a: Land'R'Us|Intimidate|boost
|-unboost|p2a: Garchomp|atk|1
|turn|31
|
|t:|1609071529
|move|p2a: Garchomp|Scale Shot|p1a: Land'R'Us
|-damage|p1a: Land'R'Us|95/100
|-damage|p1a: Land'R'Us|90/100
|-damage|p1a: Land'R'Us|85/100
|-hitcount|p1a: Land'R'Us|3
|-unboost|p2a: Garchomp|def|1
|-boost|p2a: Garchomp|spe|1
|move|p1a: Land'R'Us|Earthquake|p2a: Garchomp
|-damage|p2a: Garchomp|0 fnt
|faint|p2a: Garchomp
|
|upkeep
|
|t:|1609071546
|switch|p2a: Kartana|Kartana|35/100
|turn|32
|
|t:|1609071550
|move|p2a: Kartana|Leaf Blade|p1a: Land'R'Us
|-damage|p1a: Land'R'Us|50/100
|move|p1a: Land'R'Us|Earthquake|p2a: Kartana
|-damage|p2a: Kartana|0 fnt
|faint|p2a: Kartana
|
|upkeep
|
|t:|1609071576
|switch|p2a: Aegislash|Aegislash, F|100/100
|turn|33
|
|t:|1609071587
|move|p1a: Land'R'Us|Earthquake|p2a: Aegislash
|-supereffective|p2a: Aegislash
|-damage|p2a: Aegislash|0 fnt
|faint|p2a: Aegislash
|
|upkeep
|c|☆legitteambuilder|gg
|c|☆jeanmilapipe|gg
|-message|jeanmilapipe forfeited.
|
|win|legitteambuilder
|l|☆jeanmilapipe
|l|☆legitteambuilder
|raw|legitteambuilder's rating: 1870 &rarr; <strong>1885</strong><br />(+15 for winning)
|raw|jeanmilapipe's rating: 1775 &rarr; <strong>1761</strong><br />(-14 for losing)
|l| Gta-zees
|l| Phyuck Yuu
|l| Tifigi
