|j|☆early_human
|j|☆Sleepytesterguy
|t:|1633112714
|gametype|singles
|player|p1|early_human|dancer|1898
|player|p2|Sleepytesterguy|102|1832
|teamsize|p1|6
|teamsize|p2|6
|gen|8
|tier|[Gen 8] OU
|rated|
|rule|Sleep Clause Mod: Limit one foe put to sleep
|rule|Species Clause: Limit one of each Pokémon
|rule|OHKO Clause: OHKO moves are banned
|rule|Evasion Moves Clause: Evasion moves are banned
|rule|Endless Battle Clause: Forcing endless battles is banned
|rule|HP Percentage Mod: HP is shown in percentages
|rule|Dynamax Clause: You cannot dynamax
|clearpoke
|poke|p1|Moltres-Galar|
|poke|p1|Aegislash, M|
|poke|p1|Buzzwole|
|poke|p1|Latios, M|
|poke|p1|Landorus-Therian, M|
|poke|p1|Bisharp, F|
|poke|p2|Ferrothorn, M|
|poke|p2|Heatran, M|
|poke|p2|Clefable, M|
|poke|p2|Slowking-Galar, M|
|poke|p2|Hydreigon, F|
|poke|p2|Zapdos|
|teampreview
|j| slobadd
|
|t:|1633112742
|start
|switch|p1a: Landorus|Landorus-Therian, M|100/100
|switch|p2a: Hydreigon|Hydreigon, F|100/100
|-ability|p1a: Landorus|Intimidate|boost
|-unboost|p2a: Hydreigon|atk|1
|turn|1
|
|t:|1633112747
|move|p2a: Hydreigon|Dark Pulse|p1a: Landorus
|-damage|p1a: Landorus|55/100
|cant|p1a: Landorus|flinch
|
|upkeep
|turn|2
|
|t:|1633112752
|switch|p1a: Buzzwole|Buzzwole|100/100
|move|p2a: Hydreigon|Dark Pulse|p1a: Buzzwole
|-resisted|p1a: Buzzwole
|-crit|p1a: Buzzwole
|-damage|p1a: Buzzwole|59/100
|
|upkeep
|turn|3
|j| youssef4871
|
|t:|1633112762
|switch|p1a: Bisharp|Bisharp, F|100/100
|move|p2a: Hydreigon|Substitute|p2a: Hydreigon
|-start|p2a: Hydreigon|Substitute
|-damage|p2a: Hydreigon|75/100
|
|upkeep
|turn|4
|
|t:|1633112767
|move|p2a: Hydreigon|Thunder Wave|p1a: Bisharp
|-status|p1a: Bisharp|par
|move|p1a: Bisharp|Low Kick|p2a: Hydreigon
|-supereffective|p2a: Hydreigon
|-end|p2a: Hydreigon|Substitute
|
|upkeep
|turn|5
|
|t:|1633112769
|move|p2a: Hydreigon|Dark Pulse|p1a: Bisharp
|-resisted|p1a: Bisharp
|-damage|p1a: Bisharp|85/100 par
|cant|p1a: Bisharp|flinch
|
|upkeep
|turn|6
|
|t:|1633112771
|move|p2a: Hydreigon|Dark Pulse|p1a: Bisharp
|-resisted|p1a: Bisharp
|-damage|p1a: Bisharp|71/100 par
|move|p1a: Bisharp|Low Kick|p2a: Hydreigon
|-supereffective|p2a: Hydreigon
|-enditem|p2a: Hydreigon|Chople Berry|[eat]
|-enditem|p2a: Hydreigon|Chople Berry|[weaken]
|-damage|p2a: Hydreigon|42/100
|
|upkeep
|turn|7
|j| SakuraSumi
|
|t:|1633112778
|switch|p2a: Clefable|Clefable, M|100/100
|move|p1a: Bisharp|Low Kick|p2a: Clefable
|-resisted|p2a: Clefable
|-damage|p2a: Clefable|91/100
|
|-heal|p2a: Clefable|97/100|[from] item: Leftovers
|upkeep
|turn|8
|
|t:|1633112779
|move|p2a: Clefable|Moonblast|p1a: Bisharp
|-crit|p1a: Bisharp
|-damage|p1a: Bisharp|27/100 par
|move|p1a: Bisharp|Iron Head|p2a: Clefable
|-supereffective|p2a: Clefable
|-damage|p2a: Clefable|19/100
|
|-heal|p2a: Clefable|25/100|[from] item: Leftovers
|upkeep
|turn|9
|
|t:|1633112782
|move|p2a: Clefable|Moonblast|p1a: Bisharp
|-damage|p1a: Bisharp|0 fnt
|faint|p1a: Bisharp
|
|-heal|p2a: Clefable|31/100|[from] item: Leftovers
|upkeep
|
|t:|1633112792
|switch|p1a: Latios|Latios, M|100/100
|turn|10
|
|t:|1633112798
|switch|p2a: Hydreigon|Hydreigon, F|42/100
|move|p1a: Latios|Future Sight|p2a: Hydreigon
|-start|p1a: Latios|move: Future Sight
|
|upkeep
|turn|11
|
|t:|1633112806
|switch|p2a: Zapdos|Zapdos|100/100
|move|p1a: Latios|Draco Meteor|p2a: Zapdos
|-damage|p2a: Zapdos|40/100
|-unboost|p1a: Latios|spa|2
|
|upkeep
|turn|12
|j| six wings
|l| SakuraSumi
|
|t:|1633112827
|switch|p1a: Buzzwole|Buzzwole|59/100
|move|p2a: Zapdos|Roost|p2a: Zapdos
|-heal|p2a: Zapdos|90/100
|-singleturn|p2a: Zapdos|move: Roost
|
|-end|p2a: Zapdos|move: Future Sight
|-damage|p2a: Zapdos|44/100
|upkeep
|turn|13
|
|t:|1633112834
|switch|p2a: Slowking|Slowking-Galar, M|100/100
|move|p1a: Buzzwole|Ice Punch|p2a: Slowking
|-damage|p2a: Slowking|71/100
|
|upkeep
|turn|14
|
|t:|1633112850
|switch|p1a: Aegislash|Aegislash, M|100/100
|switch|p2a: Zapdos|Zapdos|44/100
|
|upkeep
|turn|15
|
|t:|1633112855
|move|p2a: Zapdos|Roost|p2a: Zapdos
|-heal|p2a: Zapdos|94/100
|-singleturn|p2a: Zapdos|move: Roost
|-formechange|p1a: Aegislash|Aegislash-Blade||[from] ability: Stance Change
|move|p1a: Aegislash|Shadow Ball|p2a: Zapdos
|-damage|p2a: Zapdos|56/100
|
|upkeep
|turn|16
|l| six wings
|
|t:|1633112863
|switch|p1a: Latios|Latios, M|100/100
|move|p2a: Zapdos|Roost|p2a: Zapdos
|-heal|p2a: Zapdos|100/100
|-singleturn|p2a: Zapdos|move: Roost
|
|upkeep
|turn|17
|
|t:|1633112866
|move|p1a: Latios|Psychic|p2a: Zapdos
|-damage|p2a: Zapdos|61/100
|move|p2a: Zapdos|Toxic|p1a: Latios
|-status|p1a: Latios|tox
|
|-damage|p1a: Latios|95/100 tox|[from] psn
|upkeep
|turn|18
|j| Tobiaszek
|
|t:|1633112870
|switch|p2a: Clefable|Clefable, M|31/100
|move|p1a: Latios|Future Sight|p2a: Clefable
|-start|p1a: Latios|move: Future Sight
|
|-heal|p2a: Clefable|37/100|[from] item: Leftovers
|-damage|p1a: Latios|83/100 tox|[from] psn
|upkeep
|turn|19
|
|t:|1633112877
|move|p2a: Clefable|Protect|p2a: Clefable
|-singleturn|p2a: Clefable|Protect
|move|p1a: Latios|Psychic|p2a: Clefable
|-activate|p2a: Clefable|move: Protect
|
|-heal|p2a: Clefable|43/100|[from] item: Leftovers
|-damage|p1a: Latios|65/100 tox|[from] psn
|upkeep
|turn|20
|
|t:|1633112888
|switch|p1a: Buzzwole|Buzzwole|59/100
|switch|p2a: Hydreigon|Hydreigon, F|42/100
|
|-end|p2a: Hydreigon|move: Future Sight
|-immune|p2a: Hydreigon
|upkeep
|turn|21
|
|t:|1633112893
|switch|p2a: Slowking|Slowking-Galar, M|100/100
|move|p1a: Buzzwole|Leech Life|p2a: Slowking
|-damage|p2a: Slowking|52/100
|-heal|p1a: Buzzwole|87/100|[from] drain|[of] p2a: Slowking
|
|upkeep
|turn|22
|
|t:|1633112903
|switch|p1a: Landorus|Landorus-Therian, M|55/100
|-ability|p1a: Landorus|Intimidate|boost
|-unboost|p2a: Slowking|atk|1
|move|p2a: Slowking|Flamethrower|p1a: Landorus
|-damage|p1a: Landorus|27/100
|
|upkeep
|turn|23
|
|t:|1633112910
|switch|p2a: Zapdos|Zapdos|61/100
|move|p1a: Landorus|Earthquake|p2a: Zapdos
|-immune|p2a: Zapdos
|
|upkeep
|turn|24
|
|t:|1633112914
|switch|p2a: Slowking|Slowking-Galar, M|85/100
|move|p1a: Landorus|Rock Tomb|p2a: Slowking
|-damage|p2a: Slowking|68/100
|-unboost|p2a: Slowking|spe|1
|
|upkeep
|turn|25
|
|t:|1633112923
|switch|p2a: Zapdos|Zapdos|61/100
|move|p1a: Landorus|Stealth Rock|p2a: Zapdos
|-sidestart|p2: Sleepytesterguy|move: Stealth Rock
|
|upkeep
|turn|26
|
|t:|1633112928
|move|p1a: Landorus|Rock Tomb|p2a: Zapdos
|-supereffective|p2a: Zapdos
|-damage|p2a: Zapdos|20/100
|-unboost|p2a: Zapdos|spe|1
|move|p2a: Zapdos|Hurricane|p1a: Landorus
|-damage|p1a: Landorus|0 fnt
|faint|p1a: Landorus
|
|upkeep
|
|t:|1633112936
|switch|p1a: Moltres|Moltres-Galar|100/100
|turn|27
|
|t:|1633112939
|move|p1a: Moltres|Fiery Wrath|p2a: Zapdos
|-damage|p2a: Zapdos|0 fnt
|faint|p2a: Zapdos
|
|upkeep
|
|t:|1633112941
|switch|p2a: Hydreigon|Hydreigon, F|42/100
|-damage|p2a: Hydreigon|30/100|[from] Stealth Rock
|turn|28
|
|t:|1633112944
|switch|p1a: Latios|Latios, M|65/100 tox
|move|p2a: Hydreigon|Roost|p2a: Hydreigon
|-heal|p2a: Hydreigon|80/100
|-singleturn|p2a: Hydreigon|move: Roost
|
|-damage|p1a: Latios|59/100 tox|[from] psn
|upkeep
|turn|29
|
|t:|1633112954
|switch|p2a: Heatran|Heatran, M|100/100
|-damage|p2a: Heatran|88/100|[from] Stealth Rock
|-item|p2a: Heatran|Air Balloon
|move|p1a: Latios|Draco Meteor|p2a: Heatran
|-resisted|p2a: Heatran
|-damage|p2a: Heatran|51/100
|-unboost|p1a: Latios|spa|2
|-enditem|p2a: Heatran|Air Balloon
|
|-damage|p1a: Latios|47/100 tox|[from] psn
|upkeep
|turn|30
|
|t:|1633112977
|switch|p1a: Buzzwole|Buzzwole|87/100
|move|p2a: Heatran|Stealth Rock|p1a: Buzzwole
|-sidestart|p1: early_human|move: Stealth Rock
|
|upkeep
|turn|31
|
|t:|1633112987
|move|p1a: Buzzwole|Close Combat|p2a: Heatran
|-supereffective|p2a: Heatran
|-damage|p2a: Heatran|0 fnt
|-unboost|p1a: Buzzwole|def|1
|-unboost|p1a: Buzzwole|spd|1
|faint|p2a: Heatran
|-ability|p1a: Buzzwole|Beast Boost|boost
|-boost|p1a: Buzzwole|atk|1
|
|upkeep
|
|t:|1633112993
|switch|p2a: Slowking|Slowking-Galar, M|100/100
|-damage|p2a: Slowking|88/100|[from] Stealth Rock
|turn|32
|
|t:|1633113000
|switch|p1a: Aegislash|Aegislash, M|100/100
|-damage|p1a: Aegislash|94/100|[from] Stealth Rock
|move|p2a: Slowking|Sludge Bomb|p1a: Aegislash
|-immune|p1a: Aegislash
|
|upkeep
|turn|33
|
|t:|1633113013
|switch|p2a: Hydreigon|Hydreigon, F|80/100
|-damage|p2a: Hydreigon|68/100|[from] Stealth Rock
|move|p1a: Aegislash|King's Shield||[still]
|-fail|p1a: Aegislash
|
|upkeep
|turn|34
|
|t:|1633113017
|move|p2a: Hydreigon|Substitute|p2a: Hydreigon
|-start|p2a: Hydreigon|Substitute
|-damage|p2a: Hydreigon|43/100
|-formechange|p1a: Aegislash|Aegislash-Blade||[from] ability: Stance Change
|move|p1a: Aegislash|Close Combat|p2a: Hydreigon
|-supereffective|p2a: Hydreigon
|-end|p2a: Hydreigon|Substitute
|-unboost|p1a: Aegislash|def|1
|-unboost|p1a: Aegislash|spd|1
|
|upkeep
|turn|35
|
|t:|1633113021
|move|p2a: Hydreigon|Roost|p2a: Hydreigon
|-heal|p2a: Hydreigon|93/100
|-singleturn|p2a: Hydreigon|move: Roost
|move|p1a: Aegislash|Close Combat|p2a: Hydreigon
|-supereffective|p2a: Hydreigon
|-damage|p2a: Hydreigon|20/100
|-unboost|p1a: Aegislash|def|1
|-unboost|p1a: Aegislash|spd|1
|
|upkeep
|turn|36
|
|t:|1633113026
|switch|p1a: Buzzwole|Buzzwole|87/100
|-damage|p1a: Buzzwole|74/100|[from] Stealth Rock
|move|p2a: Hydreigon|Dark Pulse|p1a: Buzzwole
|-resisted|p1a: Buzzwole
|-damage|p1a: Buzzwole|47/100
|
|upkeep
|turn|37
|
|t:|1633113035
|switch|p2a: Ferrothorn|Ferrothorn, M|100/100
|-damage|p2a: Ferrothorn|95/100|[from] Stealth Rock
|move|p1a: Buzzwole|Leech Life|p2a: Ferrothorn
|-damage|p2a: Ferrothorn|57/100
|-heal|p1a: Buzzwole|66/100|[from] drain|[of] p2a: Ferrothorn
|-damage|p1a: Buzzwole|53/100|[from] ability: Iron Barbs|[of] p2a: Ferrothorn
|-damage|p1a: Buzzwole|37/100|[from] item: Rocky Helmet|[of] p2a: Ferrothorn
|
|upkeep
|turn|38
|j| SakuraSumi
|
|t:|1633113046
|switch|p1a: Aegislash|Aegislash, M|94/100
|-damage|p1a: Aegislash|88/100|[from] Stealth Rock
|move|p2a: Ferrothorn|Spikes|p1a: Aegislash
|-sidestart|p1: early_human|Spikes
|
|upkeep
|turn|39
|l| SakuraSumi
|
|t:|1633113051
|-formechange|p1a: Aegislash|Aegislash-Blade||[from] ability: Stance Change
|move|p1a: Aegislash|Shadow Ball|p2a: Ferrothorn
|-damage|p2a: Ferrothorn|18/100
|move|p2a: Ferrothorn|Knock Off|p1a: Aegislash
|-supereffective|p1a: Aegislash
|-damage|p1a: Aegislash|8/100
|-enditem|p1a: Aegislash|Weakness Policy
|-boost|p1a: Aegislash|atk|2|[from] item: Weakness Policy
|-boost|p1a: Aegislash|spa|2|[from] item: Weakness Policy
|
|upkeep
|turn|40
|
|t:|1633113061
|switch|p2a: Clefable|Clefable, M|43/100
|move|p1a: Aegislash|Shadow Ball|p2a: Clefable
|-damage|p2a: Clefable|0 fnt
|faint|p2a: Clefable
|
|upkeep
|
|t:|1633113065
|switch|p2a: Hydreigon|Hydreigon, F|20/100
|-damage|p2a: Hydreigon|8/100|[from] Stealth Rock
|turn|41
|
|t:|1633113068
|move|p1a: Aegislash|Shadow Sneak|p2a: Hydreigon
|-resisted|p2a: Hydreigon
|-damage|p2a: Hydreigon|0 fnt
|faint|p2a: Hydreigon
|
|upkeep
|-message|Sleepytesterguy forfeited.
|
|win|early_human
|raw|early_human's rating: 1898 &rarr; <strong>1914</strong><br />(+16 for winning)
|raw|Sleepytesterguy's rating: 1832 &rarr; <strong>1816</strong><br />(-16 for losing)
|c|☆early_human|fuck u niga
|l|☆Sleepytesterguy
|l|☆early_human
||Ladder isn't responding, score probably updated but might not have (Request timeout).
