|j|☆uto RAR
|j|☆brettfavreinnocent
|t:|1665198118
|gametype|singles
|player|p1|uto RAR|hilbert|1644
|player|p2|brettfavreinnocent|aromalady|1766
|teamsize|p1|6
|teamsize|p2|6
|gen|8
|tier|[Gen 8] OU
|rated|
|rule|Sleep Clause Mod: Limit one foe put to sleep
|rule|Species Clause: Limit one of each Pokémon
|rule|OHKO Clause: OHKO moves are banned
|rule|Evasion Items Clause: Evasion items are banned
|rule|Evasion Moves Clause: Evasion moves are banned
|rule|Endless Battle Clause: Forcing endless battles is banned
|rule|HP Percentage Mod: HP is shown in percentages
|rule|Dynamax Clause: You cannot dynamax
|clearpoke
|poke|p1|Excadrill, M|
|poke|p1|Tyranitar, F|
|poke|p1|Rotom-Wash|
|poke|p1|Clefable, F|
|poke|p1|Tornadus-Therian, M|
|poke|p1|Ferrothorn, M|
|poke|p2|Weavile, F|
|poke|p2|Silvally-*|
|poke|p2|Magnezone|
|poke|p2|Rillaboom, F|
|poke|p2|Landorus-Therian, M|
|poke|p2|Swampert, M|
|teampreview
|inactive|Battle timer is ON: inactive players will automatically lose when time's up. (requested by brettfavreinnocent)
|
|t:|1665198136
|start
|switch|p1a: Ferrothorn|Ferrothorn, M|100/100
|switch|p2a: Swampert|Swampert, M|100/100
|turn|1
|j| wdz999
|
|t:|1665198156
|move|p2a: Swampert|Earthquake|p1a: Ferrothorn
|-crit|p1a: Ferrothorn
|-damage|p1a: Ferrothorn|68/100
|move|p1a: Ferrothorn|Leech Seed|p2a: Swampert
|-start|p2a: Swampert|move: Leech Seed
|
|-damage|p2a: Swampert|88/100|[from] Leech Seed|[of] p1a: Ferrothorn
|-heal|p1a: Ferrothorn|82/100|[silent]
|upkeep
|turn|2
|
|t:|1665198160
|move|p2a: Swampert|Stealth Rock|p1a: Ferrothorn
|-sidestart|p1: uto RAR|move: Stealth Rock
|move|p1a: Ferrothorn|Leech Seed||[still]
|-fail|p1a: Ferrothorn
|
|-damage|p2a: Swampert|76/100|[from] Leech Seed|[of] p1a: Ferrothorn
|-heal|p1a: Ferrothorn|96/100|[silent]
|upkeep
|turn|3
|
|t:|1665198166
|switch|p2a: Magnezone|Magnezone|100/100
|move|p1a: Ferrothorn|Leech Seed|p2a: Magnezone
|-start|p2a: Magnezone|move: Leech Seed
|
|-damage|p2a: Magnezone|88/100|[from] Leech Seed|[of] p1a: Ferrothorn
|-heal|p1a: Ferrothorn|100/100|[silent]
|upkeep
|turn|4
|
|t:|1665198169
|move|p2a: Magnezone|Iron Defense|p2a: Magnezone
|-boost|p2a: Magnezone|def|2
|move|p1a: Ferrothorn|Knock Off|p2a: Magnezone
|-damage|p2a: Magnezone|80/100
|-damage|p1a: Ferrothorn|84/100|[from] item: Rocky Helmet|[of] p2a: Magnezone
|-enditem|p2a: Magnezone|Rocky Helmet|[from] move: Knock Off|[of] p1a: Ferrothorn
|
|-damage|p2a: Magnezone|68/100|[from] Leech Seed|[of] p1a: Ferrothorn
|-heal|p1a: Ferrothorn|95/100|[silent]
|upkeep
|turn|5
|
|t:|1665198173
|move|p2a: Magnezone|Iron Defense|p2a: Magnezone
|-boost|p2a: Magnezone|def|2
|move|p1a: Ferrothorn|Spikes|p2a: Magnezone
|-sidestart|p2: brettfavreinnocent|Spikes
|
|-damage|p2a: Magnezone|56/100|[from] Leech Seed|[of] p1a: Ferrothorn
|-heal|p1a: Ferrothorn|100/100|[silent]
|upkeep
|turn|6
|
|t:|1665198179
|move|p2a: Magnezone|Body Press|p1a: Ferrothorn
|-supereffective|p1a: Ferrothorn
|-damage|p1a: Ferrothorn|0 fnt
|-damage|p2a: Magnezone|44/100|[from] ability: Iron Barbs|[of] p1a: Ferrothorn
|-damage|p2a: Magnezone|27/100|[from] item: Rocky Helmet|[of] p1a: Ferrothorn
|faint|p1a: Ferrothorn
|
|upkeep
|
|t:|1665198186
|switch|p1a: Rotom|Rotom-Wash|100/100
|-damage|p1a: Rotom|88/100|[from] Stealth Rock
|turn|7
|
|t:|1665198189
|move|p1a: Rotom|Hydro Pump|p2a: Magnezone
|-damage|p2a: Magnezone|0 fnt
|faint|p2a: Magnezone
|
|-heal|p1a: Rotom|94/100|[from] item: Leftovers
|upkeep
|
|t:|1665198200
|switch|p2a: Rillaboom|Rillaboom, F|100/100
|-damage|p2a: Rillaboom|88/100|[from] Spikes
|-fieldstart|move: Grassy Terrain|[from] ability: Grassy Surge|[of] p2a: Rillaboom
|turn|8
|
|t:|1665198210
|switch|p1a: Tornadus|Tornadus-Therian, M|100/100
|move|p2a: Rillaboom|Knock Off|p1a: Tornadus
|-damage|p1a: Tornadus|56/100
|-enditem|p1a: Tornadus|Heavy-Duty Boots|[from] move: Knock Off|[of] p2a: Rillaboom
|-damage|p2a: Rillaboom|78/100|[from] item: Life Orb
|
|-heal|p2a: Rillaboom|84/100|[from] Grassy Terrain
|upkeep
|turn|9
|
|t:|1665198217
|switch|p2a: Swampert|Swampert, M|76/100
|-damage|p2a: Swampert|63/100|[from] Spikes
|move|p1a: Tornadus|Hurricane|p2a: Swampert
|-damage|p2a: Swampert|36/100
|
|-heal|p2a: Swampert|42/100|[from] Grassy Terrain
|upkeep
|turn|10
|
|t:|1665198227
|move|p1a: Tornadus|Hurricane|p2a: Swampert
|-damage|p2a: Swampert|14/100
|move|p2a: Swampert|Flip Turn|p1a: Tornadus
|-damage|p1a: Tornadus|25/100
|
|t:|1665198238
|switch|p2a: Silvally|Silvally-Fairy|100/100|[from]move: Flip Turn
|-damage|p2a: Silvally|88/100|[from] Spikes
|
|-heal|p2a: Silvally|94/100|[from] Grassy Terrain
|upkeep
|turn|11
|
|t:|1665198245
|move|p1a: Tornadus|U-turn|p2a: Silvally
|-resisted|p2a: Silvally
|-damage|p2a: Silvally|87/100
|
|t:|1665198258
|switch|p1a: Clefable|Clefable, F|100/100|[from]move: U-turn
|move|p2a: Silvally|Flame Charge|p1a: Clefable
|-damage|p1a: Clefable|88/100
|-boost|p2a: Silvally|spe|1
|
|-heal|p2a: Silvally|93/100|[from] Grassy Terrain
|-heal|p1a: Clefable|94/100|[from] Grassy Terrain
|-heal|p1a: Clefable|99/100|[from] item: Leftovers
|upkeep
|turn|12
|
|t:|1665198267
|move|p2a: Silvally|Swords Dance|p2a: Silvally
|-boost|p2a: Silvally|atk|2
|move|p1a: Clefable|Calm Mind|p1a: Clefable
|-boost|p1a: Clefable|spa|1
|-boost|p1a: Clefable|spd|1
|
|-heal|p2a: Silvally|99/100|[from] Grassy Terrain
|-heal|p1a: Clefable|100/100|[from] Grassy Terrain
|-fieldend|move: Grassy Terrain
|upkeep
|turn|13
|
|t:|1665198271
|move|p2a: Silvally|Multi-Attack|p1a: Clefable
|-damage|p1a: Clefable|16/100
|move|p1a: Clefable|Moonblast|p2a: Silvally
|-damage|p2a: Silvally|50/100
|
|-heal|p1a: Clefable|22/100|[from] item: Leftovers
|upkeep
|turn|14
|inactive|brettfavreinnocent has 120 seconds left.
|
|t:|1665198302
|switch|p1a: Tyranitar|Tyranitar, F|100/100
|-damage|p1a: Tyranitar|88/100|[from] Stealth Rock
|-weather|Sandstorm|[from] ability: Sand Stream|[of] p1a: Tyranitar
|move|p2a: Silvally|Flame Charge|p1a: Tyranitar
|-resisted|p1a: Tyranitar
|-damage|p1a: Tyranitar|76/100
|-boost|p2a: Silvally|spe|1
|
|-weather|Sandstorm|[upkeep]
|-damage|p2a: Silvally|44/100|[from] Sandstorm
|-heal|p1a: Tyranitar|82/100|[from] item: Leftovers
|upkeep
|turn|15
|
|t:|1665198309
|switch|p1a: Excadrill|Excadrill, M|100/100
|move|p2a: Silvally|Multi-Attack|p1a: Excadrill
|-resisted|p1a: Excadrill
|-damage|p1a: Excadrill|27/100
|
|-weather|Sandstorm|[upkeep]
|-damage|p2a: Silvally|38/100|[from] Sandstorm
|upkeep
|turn|16
|
|t:|1665198315
|move|p2a: Silvally|Flame Charge|p1a: Excadrill
|-supereffective|p1a: Excadrill
|-damage|p1a: Excadrill|0 fnt
|-boost|p2a: Silvally|spe|1
|faint|p1a: Excadrill
|
|-weather|Sandstorm|[upkeep]
|-damage|p2a: Silvally|32/100|[from] Sandstorm
|upkeep
|
|t:|1665198319
|switch|p1a: Rotom|Rotom-Wash|94/100
|-damage|p1a: Rotom|82/100|[from] Stealth Rock
|turn|17
|
|t:|1665198321
|move|p2a: Silvally|Multi-Attack|p1a: Rotom
|-damage|p1a: Rotom|0 fnt
|faint|p1a: Rotom
|
|-weather|Sandstorm|[upkeep]
|-damage|p2a: Silvally|26/100|[from] Sandstorm
|upkeep
|-message|uto RAR forfeited.
|
|win|brettfavreinnocent
|raw|uto RAR's rating: 1644 &rarr; <strong>1631</strong><br />(-13 for losing)
|raw|brettfavreinnocent's rating: 1766 &rarr; <strong>1779</strong><br />(+13 for winning)
|l|☆uto RAR
|l| wdz999
||Ladder isn't responding, score probably updated but might not have (Request timeout).
