|raw|<div class="broadcast-blue"><strong>This battle is required to be public due to a player having a name starting with 'lt93oq'.</div>
|j|☆LT93OQ ouille
|j|☆kazt 5
|t:|1660860850
|gametype|singles
|player|p1|LT93OQ ouille|fisherman-gen4|1836
|player|p2|kazt 5|acetrainersnowf|1732
|teamsize|p1|6
|teamsize|p2|6
|gen|8
|tier|[Gen 8] OU
|rated|
|rule|Sleep Clause Mod: Limit one foe put to sleep
|rule|Species Clause: Limit one of each Pokémon
|rule|OHKO Clause: OHKO moves are banned
|rule|Evasion Items Clause: Evasion items are banned
|rule|Evasion Moves Clause: Evasion moves are banned
|rule|Endless Battle Clause: Forcing endless battles is banned
|rule|HP Percentage Mod: HP is shown in percentages
|rule|Dynamax Clause: You cannot dynamax
|clearpoke
|poke|p1|Gastrodon-East, M|
|poke|p1|Heatran, F|
|poke|p1|Skarmory, F|
|poke|p1|Slowbro, F|
|poke|p1|Weavile, M|
|poke|p1|Dragapult, M|
|poke|p2|Heatran, F|
|poke|p2|Heracross, F|
|poke|p2|Landorus-Therian, M|
|poke|p2|Slowbro, F|
|poke|p2|Mandibuzz, F|
|poke|p2|Gengar, F|
|teampreview
|inactive|Battle timer is ON: inactive players will automatically lose when time's up. (requested by kazt 5)
|
|t:|1660860873
|start
|switch|p1a: Slowbro|Slowbro, F|100/100
|switch|p2a: Landorus|Landorus-Therian, M|100/100
|-ability|p2a: Landorus|Intimidate|boost
|-unboost|p1a: Slowbro|atk|1
|turn|1
|
|t:|1660860882
|switch|p2a: Slowbro|Slowbro, F|100/100
|move|p1a: Slowbro|Scald|p2a: Slowbro
|-resisted|p2a: Slowbro
|-damage|p2a: Slowbro|86/100
|
|upkeep
|turn|2
|
|t:|1660860886
|move|p2a: Slowbro|Future Sight|p1a: Slowbro
|-start|p2a: Slowbro|move: Future Sight
|move|p1a: Slowbro|Future Sight|p2a: Slowbro
|-start|p1a: Slowbro|move: Future Sight
|
|upkeep
|turn|3
|
|t:|1660860895
|move|p2a: Slowbro|Teleport|p2a: Slowbro
|
|t:|1660860898
|switch|p2a: Heatran|Heatran, F|100/100|[from]move: Teleport
|move|p1a: Slowbro|Teleport|p1a: Slowbro
|
|t:|1660860912
|switch|p1a: Heatran|Heatran, F|100/100|[from]move: Teleport
|
|upkeep
|turn|4
|
|t:|1660860916
|move|p2a: Heatran|Earth Power|p1a: Heatran
|-supereffective|p1a: Heatran
|-damage|p1a: Heatran|38/100
|move|p1a: Heatran|Earth Power|p2a: Heatran
|-supereffective|p2a: Heatran
|-damage|p2a: Heatran|26/100
|
|-end|p1a: Heatran|move: Future Sight
|-resisted|p1a: Heatran
|-damage|p1a: Heatran|25/100
|-end|p2a: Heatran|move: Future Sight
|-resisted|p2a: Heatran
|-damage|p2a: Heatran|12/100
|-heal|p2a: Heatran|19/100|[from] item: Leftovers
|-heal|p1a: Heatran|32/100|[from] item: Leftovers
|upkeep
|turn|5
|
|t:|1660860927
|switch|p1a: Slowbro|Slowbro, F|100/100
|move|p2a: Heatran|Stealth Rock|p1a: Slowbro
|-sidestart|p1: LT93OQ ouille|move: Stealth Rock
|
|-heal|p2a: Heatran|25/100|[from] item: Leftovers
|upkeep
|turn|6
|
|t:|1660860935
|switch|p2a: Slowbro|Slowbro, F|100/100
|move|p1a: Slowbro|Future Sight|p2a: Slowbro
|-start|p1a: Slowbro|move: Future Sight
|
|upkeep
|turn|7
|
|t:|1660860937
|move|p2a: Slowbro|Future Sight|p1a: Slowbro
|-start|p2a: Slowbro|move: Future Sight
|move|p1a: Slowbro|Teleport|p1a: Slowbro
|j| LT93OQ Limit
|l| LT93OQ Limit
|
|t:|1660860957
|switch|p1a: Dragapult|Dragapult, M|100/100|[from]move: Teleport
|
|upkeep
|turn|8
|
|t:|1660860964
|switch|p2a: Mandibuzz|Mandibuzz, F|100/100
|move|p1a: Dragapult|U-turn|p2a: Mandibuzz
|-damage|p2a: Mandibuzz|88/100
|
|t:|1660860967
|switch|p1a: Heatran|Heatran, F|32/100|[from]move: U-turn
|-damage|p1a: Heatran|19/100|[from] Stealth Rock
|
|-end|p2a: Mandibuzz|move: Future Sight
|-immune|p2a: Mandibuzz
|-heal|p1a: Heatran|25/100|[from] item: Leftovers
|upkeep
|turn|9
|
|t:|1660860970
|move|p2a: Mandibuzz|Foul Play|p1a: Heatran
|-damage|p1a: Heatran|0 fnt
|faint|p1a: Heatran
|
|-hint|Future Sight did not hit because the target is fainted.
|upkeep
|
|t:|1660860976
|switch|p1a: Weavile|Weavile, M|100/100
|turn|10
|
|t:|1660860985
|move|p1a: Weavile|Knock Off|p2a: Mandibuzz
|-resisted|p2a: Mandibuzz
|-damage|p2a: Mandibuzz|74/100
|-enditem|p2a: Mandibuzz|Heavy-Duty Boots|[from] move: Knock Off|[of] p1a: Weavile
|move|p2a: Mandibuzz|U-turn|p1a: Weavile
|-supereffective|p1a: Weavile
|-crit|p1a: Weavile
|-damage|p1a: Weavile|37/100
|
|t:|1660860992
|switch|p2a: Landorus|Landorus-Therian, M|100/100|[from]move: U-turn
|-ability|p2a: Landorus|Intimidate|boost
|-unboost|p1a: Weavile|atk|1
|
|upkeep
|turn|11
|
|t:|1660860995
|switch|p1a: Skarmory|Skarmory, F|100/100
|-damage|p1a: Skarmory|88/100|[from] Stealth Rock
|move|p2a: Landorus|U-turn|p1a: Skarmory
|-resisted|p1a: Skarmory
|-damage|p1a: Skarmory|85/100
|-damage|p2a: Landorus|84/100|[from] item: Rocky Helmet|[of] p1a: Skarmory
|
|t:|1660860998
|switch|p2a: Gengar|Gengar, F|100/100|[from]move: U-turn
|
|upkeep
|turn|12
|
|t:|1660861003
|switch|p1a: Gastrodon|Gastrodon-East, M|100/100
|-damage|p1a: Gastrodon|94/100|[from] Stealth Rock
|move|p2a: Gengar|Shadow Ball|p1a: Gastrodon
|-damage|p1a: Gastrodon|57/100
|-unboost|p1a: Gastrodon|spd|1
|
|-heal|p1a: Gastrodon|63/100|[from] item: Leftovers
|upkeep
|turn|13
|
|t:|1660861010
|move|p2a: Gengar|Shadow Ball|p1a: Gastrodon
|-damage|p1a: Gastrodon|0 fnt
|faint|p1a: Gastrodon
|
|upkeep
|
|t:|1660861015
|switch|p1a: Weavile|Weavile, M|37/100
|turn|14
|
|t:|1660861019
|move|p2a: Gengar|Shadow Ball|p1a: Weavile
|-resisted|p1a: Weavile
|-damage|p1a: Weavile|0 fnt
|faint|p1a: Weavile
|
|upkeep
|-message|LT93OQ ouille forfeited.
|
|win|kazt 5
|raw|LT93OQ ouille's rating: 1836 &rarr; <strong>1810</strong><br />(-26 for losing)
|raw|kazt 5's rating: 1732 &rarr; <strong>1758</strong><br />(+26 for winning)
|l|☆LT93OQ ouille
|l|☆kazt 5
||Ladder isn't responding, score probably updated but might not have (Request timeout).
|j|☆kazt 5
|player|p2|kazt 5|acetrainersnowf
