|j|☆Pinks1ip
|j|☆Abro hilo
|t:|1667414869
|gametype|singles
|player|p1|Pinks1ip|skierf|1471
|player|p2|Abro hilo|pilot|1463
|teamsize|p1|6
|teamsize|p2|6
|gen|8
|tier|[Gen 8] OU
|rated|
|rule|Sleep Clause Mod: Limit one foe put to sleep
|rule|Species Clause: Limit one of each Pokémon
|rule|OHKO Clause: OHKO moves are banned
|rule|Evasion Items Clause: Evasion items are banned
|rule|Evasion Moves Clause: Evasion moves are banned
|rule|Endless Battle Clause: Forcing endless battles is banned
|rule|HP Percentage Mod: HP is shown in percentages
|rule|Dynamax Clause: You cannot dynamax
|clearpoke
|poke|p1|Garchomp, M|
|poke|p1|Weavile, F|
|poke|p1|Blacephalon|
|poke|p1|Mew|
|poke|p1|Azumarill, F|
|poke|p1|Aegislash, M|
|poke|p2|Tyranitar, M|
|poke|p2|Dracozolt|
|poke|p2|Tapu Fini|
|poke|p2|Slowking-Galar, M|
|poke|p2|Landorus-Therian, M|
|poke|p2|Kartana|
|teampreview
|
|t:|1667414878
|start
|switch|p1a: Garchomp|Garchomp, M|100/100
|switch|p2a: Tyranitar|Tyranitar, M|100/100
|-weather|Sandstorm|[from] ability: Sand Stream|[of] p2a: Tyranitar
|turn|1
|
|t:|1667414884
|move|p1a: Garchomp|Earthquake|p2a: Tyranitar
|-supereffective|p2a: Tyranitar
|-damage|p2a: Tyranitar|0 fnt
|faint|p2a: Tyranitar
|-damage|p1a: Garchomp|91/100|[from] item: Life Orb
|
|-weather|Sandstorm|[upkeep]
|upkeep
|
|t:|1667414889
|switch|p2a: Dracozolt|Dracozolt|100/100
|turn|2
|
|t:|1667414895
|move|p2a: Dracozolt|Draco Meteor|p1a: Garchomp
|-supereffective|p1a: Garchomp
|-damage|p1a: Garchomp|0 fnt
|-unboost|p2a: Dracozolt|spa|2
|faint|p1a: Garchomp
|-damage|p2a: Dracozolt|91/100|[from] item: Life Orb
|
|-weather|Sandstorm|[upkeep]
|upkeep
|
|t:|1667414922
|switch|p1a: Mew|Mew|100/100
|turn|3
|
|t:|1667414926
|move|p2a: Dracozolt|Bolt Beak|p1a: Mew
|-damage|p1a: Mew|31/100
|-damage|p2a: Dracozolt|81/100|[from] item: Life Orb
|move|p1a: Mew|Stealth Rock|p2a: Dracozolt
|-sidestart|p2: Abro hilo|move: Stealth Rock
|
|-weather|Sandstorm|[upkeep]
|-damage|p1a: Mew|25/100|[from] Sandstorm
|upkeep
|turn|4
|
|t:|1667414931
|move|p2a: Dracozolt|Bolt Beak|p1a: Mew
|-damage|p1a: Mew|0 fnt
|faint|p1a: Mew
|-damage|p2a: Dracozolt|71/100|[from] item: Life Orb
|
|-weather|Sandstorm|[upkeep]
|upkeep
|
|t:|1667414937
|switch|p1a: Aegislash|Aegislash, M|100/100
|-item|p1a: Aegislash|Air Balloon
|turn|5
|
|t:|1667414945
|move|p2a: Dracozolt|Bolt Beak|p1a: Aegislash
|-damage|p1a: Aegislash|8/100
|-enditem|p1a: Aegislash|Air Balloon
|-damage|p2a: Dracozolt|61/100|[from] item: Life Orb
|move|p1a: Aegislash|Autotomize|p1a: Aegislash
|-boost|p1a: Aegislash|spe|2
|-start|p1a: Aegislash|Autotomize
|
|-weather|Sandstorm|[upkeep]
|upkeep
|turn|6
|
|t:|1667414950
|move|p2a: Dracozolt|Earthquake|p1a: Aegislash
|-supereffective|p1a: Aegislash
|-damage|p1a: Aegislash|0 fnt
|faint|p1a: Aegislash
|-damage|p2a: Dracozolt|51/100|[from] item: Life Orb
|
|-weather|Sandstorm|[upkeep]
|upkeep
|
|t:|1667414955
|switch|p1a: Weavile|Weavile, F|100/100
|-ability|p1a: Weavile|Pressure
|turn|7
|
|t:|1667414963
|move|p2a: Dracozolt|Bolt Beak|p1a: Weavile
|-damage|p1a: Weavile|0 fnt
|faint|p1a: Weavile
|-damage|p2a: Dracozolt|41/100|[from] item: Life Orb
|
|-weather|Sandstorm|[upkeep]
|upkeep
|
|t:|1667414969
|switch|p1a: Blacephalon|Blacephalon|100/100
|turn|8
|
|t:|1667414973
|move|p2a: Dracozolt|Earthquake|p1a: Blacephalon
|-supereffective|p1a: Blacephalon
|-damage|p1a: Blacephalon|0 fnt
|faint|p1a: Blacephalon
|-damage|p2a: Dracozolt|31/100|[from] item: Life Orb
|
|-weather|none
|upkeep
|
|t:|1667414975
|switch|p1a: Azumarill|Azumarill, F|100/100
|turn|9
|
|t:|1667414978
|move|p1a: Azumarill|Aqua Jet|p2a: Dracozolt
|-resisted|p2a: Dracozolt
|-damage|p2a: Dracozolt|16/100
|move|p2a: Dracozolt|Bolt Beak|p1a: Azumarill
|-supereffective|p1a: Azumarill
|-damage|p1a: Azumarill|0 fnt
|faint|p1a: Azumarill
|-damage|p2a: Dracozolt|6/100|[from] item: Life Orb
|
|win|Abro hilo
|raw|Pinks1ip's rating: 1471 &rarr; <strong>1451</strong><br />(-20 for losing)
|raw|Abro hilo's rating: 1463 &rarr; <strong>1483</strong><br />(+20 for winning)
|l|☆Pinks1ip
