|j|☆tea-tea-ter
|j|☆Mel2345
|t:|1628353481
|gametype|singles
|player|p1|tea-tea-ter|lillie|1526
|player|p2|Mel2345|cheren-gen5bw2|1533
|teamsize|p1|6
|teamsize|p2|6
|gen|8
|tier|[Gen 8] OU
|rated|
|rule|Sleep Clause Mod: Limit one foe put to sleep
|rule|Species Clause: Limit one of each Pokémon
|rule|OHKO Clause: OHKO moves are banned
|rule|Evasion Moves Clause: Evasion moves are banned
|rule|Endless Battle Clause: Forcing endless battles is banned
|rule|HP Percentage Mod: HP is shown in percentages
|rule|Dynamax Clause: You cannot dynamax
|clearpoke
|poke|p1|Ninetales-Alola, M|
|poke|p1|Toxapex, M|
|poke|p1|Excadrill, M|
|poke|p1|Latias, F|
|poke|p1|Rillaboom, F|
|poke|p1|Blaziken, F|
|poke|p2|Tyranitar, M|
|poke|p2|Excadrill, M|
|poke|p2|Zapdos|
|poke|p2|Kyurem|
|poke|p2|Clefable, M|
|poke|p2|Urshifu-*, F|
|teampreview
|inactive|Battle timer is ON: inactive players will automatically lose when time's up. (requested by Mel2345)
|inactive|tea-tea-ter has 120 seconds left.
|
|t:|1628353515
|start
|switch|p1a: Excadrill|Excadrill, M|100/100
|switch|p2a: Gardesables|Urshifu-Rapid-Strike, F|100/100
|-ability|p1a: Excadrill|Mold Breaker
|turn|1
|
|t:|1628353528
|switch|p1a: Toxapex|Toxapex, M|100/100
|move|p2a: Gardesables|Surging Strikes|p1a: Toxapex
|-resisted|p1a: Toxapex
|-crit|p1a: Toxapex
|-damage|p1a: Toxapex|91/100
|-resisted|p1a: Toxapex
|-crit|p1a: Toxapex
|-damage|p1a: Toxapex|83/100
|-resisted|p1a: Toxapex
|-crit|p1a: Toxapex
|-damage|p1a: Toxapex|74/100
|-hitcount|p1a: Toxapex|3
|-enditem|p1a: Toxapex|Eject Button
|
|t:|1628353536
|switch|p1a: Ninetales|Ninetales-Alola, M|100/100
|-weather|Hail|[from] ability: Snow Warning|[of] p1a: Ninetales
|
|-weather|Hail|[upkeep]
|-damage|p2a: Gardesables|94/100|[from] Hail
|upkeep
|turn|2
|
|t:|1628353547
|switch|p2a: Tyrensable|Tyranitar, M|100/100
|-weather|Sandstorm|[from] ability: Sand Stream|[of] p2a: Tyrensable
|move|p1a: Ninetales|Hail|p1a: Ninetales
|-weather|Hail
|
|-weather|Hail|[upkeep]
|-damage|p2a: Tyrensable|94/100|[from] Hail
|-heal|p2a: Tyrensable|100/100|[from] item: Leftovers
|upkeep
|turn|3
|
|t:|1628353554
|move|p1a: Ninetales|Aurora Veil|p1a: Ninetales
|-sidestart|p1: tea-tea-ter|move: Aurora Veil
|move|p2a: Tyrensable|Thunder Wave|p1a: Ninetales
|-status|p1a: Ninetales|par
|
|-weather|Hail|[upkeep]
|-damage|p2a: Tyrensable|94/100|[from] Hail
|-heal|p2a: Tyrensable|100/100|[from] item: Leftovers
|upkeep
|turn|4
|
|t:|1628353558
|move|p1a: Ninetales|Hypnosis|p2a: Tyrensable
|-status|p2a: Tyrensable|slp|[from] move: Hypnosis
|cant|p2a: Tyrensable|slp
|
|-weather|Hail|[upkeep]
|-damage|p2a: Tyrensable|94/100 slp|[from] Hail
|-heal|p2a: Tyrensable|100/100 slp|[from] item: Leftovers
|upkeep
|turn|5
|
|t:|1628353567
|switch|p1a: Excadrill|Excadrill, M|100/100
|-ability|p1a: Excadrill|Mold Breaker
|cant|p2a: Tyrensable|slp
|
|-weather|Hail|[upkeep]
|-damage|p1a: Excadrill|94/100|[from] Hail
|-damage|p2a: Tyrensable|94/100 slp|[from] Hail
|-heal|p1a: Excadrill|100/100|[from] item: Leftovers
|-heal|p2a: Tyrensable|100/100 slp|[from] item: Leftovers
|upkeep
|turn|6
|
|t:|1628353573
|switch|p2a: Gardesables|Urshifu-Rapid-Strike, F|94/100
|move|p1a: Excadrill|Toxic|p2a: Gardesables
|-status|p2a: Gardesables|tox
|
|-weather|none
|-damage|p2a: Gardesables|88/100 tox|[from] psn
|upkeep
|turn|7
|
|t:|1628353579
|switch|p1a: Toxapex|Toxapex, M|100/100
|move|p2a: Gardesables|U-turn|p1a: Toxapex
|-resisted|p1a: Toxapex
|-damage|p1a: Toxapex|95/100
|
|t:|1628353597
|switch|p2a: Obéineur|Excadrill, M|100/100|[from]move: U-turn
|
|upkeep
|turn|8
|
|t:|1628353602
|move|p2a: Obéineur|Swords Dance|p2a: Obéineur
|-boost|p2a: Obéineur|atk|2
|move|p1a: Toxapex|Scald|p2a: Obéineur
|-supereffective|p2a: Obéineur
|-damage|p2a: Obéineur|53/100
|
|-heal|p2a: Obéineur|60/100|[from] item: Leftovers
|upkeep
|turn|9
|
|t:|1628353608
|move|p2a: Obéineur|Earthquake|p1a: Toxapex
|-supereffective|p1a: Toxapex
|-damage|p1a: Toxapex|33/100
|move|p1a: Toxapex|Haze|p1a: Toxapex
|-clearallboost
|
|-heal|p2a: Obéineur|66/100|[from] item: Leftovers
|upkeep
|turn|10
|
|t:|1628353615
|move|p2a: Obéineur|Earthquake|p1a: Toxapex
|-supereffective|p1a: Toxapex
|-damage|p1a: Toxapex|2/100
|move|p1a: Toxapex|Scald|p2a: Obéineur
|-supereffective|p2a: Obéineur
|-damage|p2a: Obéineur|17/100
|-status|p2a: Obéineur|brn
|
|-heal|p2a: Obéineur|23/100 brn|[from] item: Leftovers
|-damage|p2a: Obéineur|17/100 brn|[from] brn
|-sideend|p1: tea-tea-ter|move: Aurora Veil
|upkeep
|turn|11
|
|t:|1628353621
|switch|p1a: Rillaboom|Rillaboom, F|100/100
|-fieldstart|move: Grassy Terrain|[from] ability: Grassy Surge|[of] p1a: Rillaboom
|move|p2a: Obéineur|Rapid Spin|p1a: Rillaboom
|-damage|p1a: Rillaboom|91/100
|-boost|p2a: Obéineur|spe|1
|
|-heal|p2a: Obéineur|23/100 brn|[from] Grassy Terrain
|-heal|p2a: Obéineur|30/100 brn|[from] item: Leftovers
|-heal|p1a: Rillaboom|97/100|[from] Grassy Terrain
|-damage|p2a: Obéineur|23/100 brn|[from] brn
|upkeep
|turn|12
|
|t:|1628353627
|switch|p2a: Peuplaraliseur|Zapdos|100/100
|move|p1a: Rillaboom|Grassy Glide|p2a: Peuplaraliseur
|-resisted|p2a: Peuplaraliseur
|-damage|p2a: Peuplaraliseur|75/100
|-status|p1a: Rillaboom|par|[from] ability: Static|[of] p2a: Peuplaraliseur
|-damage|p1a: Rillaboom|87/100 par|[from] item: Life Orb
|
|-heal|p1a: Rillaboom|93/100 par|[from] Grassy Terrain
|upkeep
|turn|13
|
|t:|1628353635
|switch|p1a: Excadrill|Excadrill, M|100/100
|-ability|p1a: Excadrill|Mold Breaker
|move|p2a: Peuplaraliseur|Volt Switch|p1a: Excadrill
|-immune|p1a: Excadrill
|
|upkeep
|turn|14
|j| Arnaud senju vgc
|
|t:|1628353646
|switch|p2a: Gardesables|Urshifu-Rapid-Strike, F|88/100 tox
|move|p1a: Excadrill|High Horsepower|p2a: Gardesables
|-crit|p2a: Gardesables
|-damage|p2a: Gardesables|26/100 tox
|
|-heal|p2a: Gardesables|32/100 tox|[from] Grassy Terrain
|-damage|p2a: Gardesables|26/100 tox|[from] psn
|upkeep
|turn|15
|
|t:|1628353654
|switch|p2a: Peuplespoir|Clefable, M|100/100
|switch|p1a: Toxapex|Toxapex, M|35/100
|
|-heal|p1a: Toxapex|41/100|[from] Grassy Terrain
|-fieldend|move: Grassy Terrain
|upkeep
|turn|16
|
|t:|1628353660
|switch|p1a: Excadrill|Excadrill, M|100/100
|-ability|p1a: Excadrill|Mold Breaker
|move|p2a: Peuplespoir|Wish|p2a: Peuplespoir
|
|upkeep
|turn|17
|
|t:|1628353673
|switch|p2a: Gardesables|Urshifu-Rapid-Strike, F|26/100 tox
|move|p1a: Excadrill|Toxic|p2a: Gardesables
|-fail|p2a: Gardesables|tox
|
|-heal|p2a: Gardesables|83/100 tox|[from] move: Wish|[wisher] Peuplespoir
|-damage|p2a: Gardesables|77/100 tox|[from] psn
|upkeep
|turn|18
|
|t:|1628353679
|switch|p1a: Toxapex|Toxapex, M|75/100
|move|p2a: Gardesables|U-turn|p1a: Toxapex
|-resisted|p1a: Toxapex
|-damage|p1a: Toxapex|64/100
|
|t:|1628353684
|switch|p2a: Peuplespoir|Clefable, M|100/100|[from]move: U-turn
|
|upkeep
|turn|19
|
|t:|1628353689
|switch|p1a: Excadrill|Excadrill, M|100/100
|-ability|p1a: Excadrill|Mold Breaker
|move|p2a: Peuplespoir|Teleport|p2a: Peuplespoir
|
|t:|1628353699
|switch|p2a: Gardesables|Urshifu-Rapid-Strike, F|77/100 tox|[from]move: Teleport
|
|-damage|p2a: Gardesables|71/100 tox|[from] psn
|upkeep
|turn|20
|
|t:|1628353704
|switch|p1a: Toxapex|Toxapex, M|98/100
|move|p2a: Gardesables|U-turn|p1a: Toxapex
|-resisted|p1a: Toxapex
|-damage|p1a: Toxapex|86/100
|
|t:|1628353708
|switch|p2a: Arteillerie lourde|Kyurem|100/100|[from]move: U-turn
|-ability|p2a: Arteillerie lourde|Pressure
|
|upkeep
|turn|21
|
|t:|1628353718
|switch|p1a: Excadrill|Excadrill, M|100/100
|-ability|p1a: Excadrill|Mold Breaker
|move|p2a: Arteillerie lourde|Freeze-Dry|p1a: Excadrill
|-damage|p1a: Excadrill|40/100
|
|-heal|p1a: Excadrill|46/100|[from] item: Leftovers
|upkeep
|turn|22
|
|t:|1628353726
|switch|p1a: Ninetales|Ninetales-Alola, M|100/100 par
|-weather|Hail|[from] ability: Snow Warning|[of] p1a: Ninetales
|switch|p2a: Gardesables|Urshifu-Rapid-Strike, F|71/100 tox
|
|-weather|Hail|[upkeep]
|-damage|p2a: Gardesables|65/100 tox|[from] Hail
|-damage|p2a: Gardesables|59/100 tox|[from] psn
|upkeep
|turn|23
|
|t:|1628353736
|switch|p2a: Tyrensable|Tyranitar, M|100/100 slp
|-weather|Sandstorm|[from] ability: Sand Stream|[of] p2a: Tyrensable
|switch|p1a: Toxapex|Toxapex, M|100/100
|
|-weather|Sandstorm|[upkeep]
|-damage|p1a: Toxapex|94/100|[from] Sandstorm
|upkeep
|turn|24
|
|t:|1628353742
|switch|p1a: Ninetales|Ninetales-Alola, M|100/100 par
|-weather|Hail|[from] ability: Snow Warning|[of] p1a: Ninetales
|cant|p2a: Tyrensable|slp
|
|-weather|Hail|[upkeep]
|-damage|p2a: Tyrensable|94/100 slp|[from] Hail
|-heal|p2a: Tyrensable|100/100 slp|[from] item: Leftovers
|upkeep
|turn|25
|
|t:|1628353747
|cant|p1a: Ninetales|par
|-curestatus|p2a: Tyrensable|slp|[msg]
|move|p2a: Tyrensable|Stealth Rock|p1a: Ninetales
|-sidestart|p1: tea-tea-ter|move: Stealth Rock
|
|-weather|Hail|[upkeep]
|-damage|p2a: Tyrensable|94/100|[from] Hail
|-heal|p2a: Tyrensable|100/100|[from] item: Leftovers
|upkeep
|turn|26
|
|t:|1628353753
|move|p1a: Ninetales|Aurora Veil|p1a: Ninetales
|-sidestart|p1: tea-tea-ter|move: Aurora Veil
|move|p2a: Tyrensable|Rock Blast|p1a: Ninetales
|-supereffective|p1a: Ninetales
|-damage|p1a: Ninetales|88/100 par
|-supereffective|p1a: Ninetales
|-damage|p1a: Ninetales|74/100 par
|-supereffective|p1a: Ninetales
|-damage|p1a: Ninetales|58/100 par
|-hitcount|p1a: Ninetales|3
|
|-weather|Hail|[upkeep]
|-damage|p2a: Tyrensable|94/100|[from] Hail
|-heal|p2a: Tyrensable|100/100|[from] item: Leftovers
|upkeep
|turn|27
|
|t:|1628353764
|switch|p1a: Excadrill|Excadrill, M|46/100
|-damage|p1a: Excadrill|43/100|[from] Stealth Rock
|-ability|p1a: Excadrill|Mold Breaker
|switch|p2a: Peuplespoir|Clefable, M|100/100
|
|-weather|Hail|[upkeep]
|-damage|p1a: Excadrill|37/100|[from] Hail
|-heal|p1a: Excadrill|43/100|[from] item: Leftovers
|upkeep
|turn|28
|
|t:|1628353771
|move|p2a: Peuplespoir|Protect|p2a: Peuplespoir
|-singleturn|p2a: Peuplespoir|Protect
|move|p1a: Excadrill|Rapid Spin|p2a: Peuplespoir
|-activate|p2a: Peuplespoir|move: Protect
|
|-weather|none
|-heal|p1a: Excadrill|49/100|[from] item: Leftovers
|upkeep
|turn|29
|
|t:|1628353782
|move|p1a: Excadrill|Rapid Spin|p2a: Peuplespoir
|-damage|p2a: Peuplespoir|88/100
|-boost|p1a: Excadrill|spe|1
|-sideend|p1: tea-tea-ter|Stealth Rock|[from] move: Rapid Spin|[of] p1a: Excadrill
|move|p2a: Peuplespoir|Wish|p2a: Peuplespoir
|
|-heal|p1a: Excadrill|55/100|[from] item: Leftovers
|-heal|p2a: Peuplespoir|94/100|[from] item: Leftovers
|upkeep
|turn|30
|
|t:|1628353790
|switch|p2a: Obéineur|Excadrill, M|23/100 brn
|move|p1a: Excadrill|High Horsepower|p2a: Obéineur
|-supereffective|p2a: Obéineur
|-damage|p2a: Obéineur|0 fnt
|faint|p2a: Obéineur
|
|-heal|p1a: Excadrill|61/100|[from] item: Leftovers
|upkeep
|
|t:|1628353800
|switch|p2a: Gardesables|Urshifu-Rapid-Strike, F|59/100 tox
|turn|31
|
|t:|1628353804
|move|p1a: Excadrill|High Horsepower|p2a: Gardesables
|-damage|p2a: Gardesables|20/100 tox
|move|p2a: Gardesables|U-turn|p1a: Excadrill
|-resisted|p1a: Excadrill
|-damage|p1a: Excadrill|47/100
|
|t:|1628353808
|switch|p2a: Peuplespoir|Clefable, M|94/100|[from]move: U-turn
|
|-heal|p1a: Excadrill|53/100|[from] item: Leftovers
|-heal|p2a: Peuplespoir|99/100|[from] item: Leftovers
|upkeep
|turn|32
|
|t:|1628353812
|move|p1a: Excadrill|Iron Head|p2a: Peuplespoir
|-supereffective|p2a: Peuplespoir
|-damage|p2a: Peuplespoir|45/100
|move|p2a: Peuplespoir|Wish|p2a: Peuplespoir
|
|-heal|p1a: Excadrill|59/100|[from] item: Leftovers
|-heal|p2a: Peuplespoir|51/100|[from] item: Leftovers
|upkeep
|turn|33
|
|t:|1628353826
|switch|p2a: Gardesables|Urshifu-Rapid-Strike, F|20/100 tox
|move|p1a: Excadrill|Iron Head|p2a: Gardesables
|-resisted|p2a: Gardesables
|-damage|p2a: Gardesables|2/100 tox
|
|-heal|p2a: Gardesables|60/100 tox|[from] move: Wish|[wisher] Peuplespoir
|-heal|p1a: Excadrill|65/100|[from] item: Leftovers
|-damage|p2a: Gardesables|54/100 tox|[from] psn
|-sideend|p1: tea-tea-ter|move: Aurora Veil
|upkeep
|turn|34
|
|t:|1628353838
|switch|p1a: Toxapex|Toxapex, M|100/100
|move|p2a: Gardesables|U-turn|p1a: Toxapex
|-resisted|p1a: Toxapex
|-damage|p1a: Toxapex|90/100
|
|t:|1628353841
|switch|p2a: Arteillerie lourde|Kyurem|100/100|[from]move: U-turn
|-ability|p2a: Arteillerie lourde|Pressure
|
|upkeep
|turn|35
|
|t:|1628353857
|switch|p1a: Rillaboom|Rillaboom, F|93/100 par
|-fieldstart|move: Grassy Terrain|[from] ability: Grassy Surge|[of] p1a: Rillaboom
|move|p2a: Arteillerie lourde|Freeze-Dry|p1a: Rillaboom
|-supereffective|p1a: Rillaboom
|-damage|p1a: Rillaboom|0 fnt
|faint|p1a: Rillaboom
|
|upkeep
|
|t:|1628353867
|switch|p1a: Blaziken|Blaziken, F|100/100
|turn|36
|
|t:|1628353876
|move|p2a: Arteillerie lourde|Freeze-Dry|p1a: Blaziken
|-resisted|p1a: Blaziken
|-damage|p1a: Blaziken|59/100
|-status|p1a: Blaziken|frz
|cant|p1a: Blaziken|frz
|
|-heal|p1a: Blaziken|65/100 frz|[from] Grassy Terrain
|-ability|p1a: Blaziken|Speed Boost|boost
|-boost|p1a: Blaziken|spe|1
|upkeep
|turn|37
|
|t:|1628353886
|switch|p2a: Gardesables|Urshifu-Rapid-Strike, F|54/100 tox
|-curestatus|p1a: Blaziken|frz|[from] move: Flare Blitz
|move|p1a: Blaziken|Flare Blitz|p2a: Gardesables
|-resisted|p2a: Gardesables
|-damage|p2a: Gardesables|15/100 tox
|-damage|p1a: Blaziken|50/100|[from] Recoil
|-damage|p1a: Blaziken|40/100|[from] item: Life Orb
|
|-heal|p1a: Blaziken|46/100|[from] Grassy Terrain
|-heal|p2a: Gardesables|22/100 tox|[from] Grassy Terrain
|-damage|p2a: Gardesables|15/100 tox|[from] psn
|-ability|p1a: Blaziken|Speed Boost|boost
|-boost|p1a: Blaziken|spe|1
|upkeep
|turn|38
|
|t:|1628353892
|move|p2a: Gardesables|Aqua Jet|p1a: Blaziken
|-supereffective|p1a: Blaziken
|-damage|p1a: Blaziken|0 fnt
|faint|p1a: Blaziken
|
|-heal|p2a: Gardesables|22/100 tox|[from] Grassy Terrain
|-damage|p2a: Gardesables|9/100 tox|[from] psn
|upkeep
|
|t:|1628353902
|switch|p1a: Ninetales|Ninetales-Alola, M|58/100 par
|-weather|Hail|[from] ability: Snow Warning|[of] p1a: Ninetales
|turn|39
|
|t:|1628353910
|switch|p2a: Tyrensable|Tyranitar, M|100/100
|-weather|Sandstorm|[from] ability: Sand Stream|[of] p2a: Tyrensable
|move|p1a: Ninetales|Hail|p1a: Ninetales
|-weather|Hail
|
|-weather|Hail|[upkeep]
|-damage|p2a: Tyrensable|94/100|[from] Hail
|-heal|p1a: Ninetales|64/100 par|[from] Grassy Terrain
|-heal|p2a: Tyrensable|100/100|[from] Grassy Terrain
|-fieldend|move: Grassy Terrain
|upkeep
|turn|40
|
|t:|1628353918
|switch|p1a: Excadrill|Excadrill, M|65/100
|-ability|p1a: Excadrill|Mold Breaker
|move|p2a: Tyrensable|Stealth Rock|p1a: Excadrill
|-sidestart|p1: tea-tea-ter|move: Stealth Rock
|
|-weather|Hail|[upkeep]
|-damage|p1a: Excadrill|59/100|[from] Hail
|-damage|p2a: Tyrensable|94/100|[from] Hail
|-heal|p1a: Excadrill|65/100|[from] item: Leftovers
|-heal|p2a: Tyrensable|100/100|[from] item: Leftovers
|upkeep
|turn|41
|
|t:|1628353925
|switch|p2a: Peuplaraliseur|Zapdos|75/100
|move|p1a: Excadrill|Rapid Spin|p2a: Peuplaraliseur
|-damage|p2a: Peuplaraliseur|64/100
|-boost|p1a: Excadrill|spe|1
|-status|p1a: Excadrill|par|[from] ability: Static|[of] p2a: Peuplaraliseur
|-sideend|p1: tea-tea-ter|Stealth Rock|[from] move: Rapid Spin|[of] p1a: Excadrill
|
|-weather|Hail|[upkeep]
|-damage|p2a: Peuplaraliseur|58/100|[from] Hail
|-damage|p1a: Excadrill|59/100 par|[from] Hail
|-heal|p1a: Excadrill|65/100 par|[from] item: Leftovers
|upkeep
|turn|42
|
|t:|1628353932
|move|p2a: Peuplaraliseur|Roost|p2a: Peuplaraliseur
|-heal|p2a: Peuplaraliseur|100/100
|-singleturn|p2a: Peuplaraliseur|move: Roost
|move|p1a: Excadrill|Toxic|p2a: Peuplaraliseur
|-status|p2a: Peuplaraliseur|tox
|
|-weather|Hail|[upkeep]
|-damage|p2a: Peuplaraliseur|94/100 tox|[from] Hail
|-damage|p1a: Excadrill|59/100 par|[from] Hail
|-heal|p1a: Excadrill|65/100 par|[from] item: Leftovers
|-damage|p2a: Peuplaraliseur|88/100 tox|[from] psn
|upkeep
|turn|43
|
|t:|1628353939
|switch|p2a: Peuplespoir|Clefable, M|51/100
|move|p1a: Excadrill|Iron Head|p2a: Peuplespoir
|-supereffective|p2a: Peuplespoir
|-damage|p2a: Peuplespoir|0 fnt
|faint|p2a: Peuplespoir
|
|-weather|none
|-heal|p1a: Excadrill|71/100 par|[from] item: Leftovers
|upkeep
|
|t:|1628353943
|switch|p2a: Gardesables|Urshifu-Rapid-Strike, F|9/100 tox
|turn|44
|
|t:|1628353948
|switch|p1a: Toxapex|Toxapex, M|100/100
|move|p2a: Gardesables|Surging Strikes|p1a: Toxapex
|-resisted|p1a: Toxapex
|-crit|p1a: Toxapex
|-damage|p1a: Toxapex|91/100
|-resisted|p1a: Toxapex
|-crit|p1a: Toxapex
|-damage|p1a: Toxapex|83/100
|-resisted|p1a: Toxapex
|-crit|p1a: Toxapex
|-damage|p1a: Toxapex|75/100
|-hitcount|p1a: Toxapex|3
|
|-damage|p2a: Gardesables|3/100 tox|[from] psn
|upkeep
|turn|45
|
|t:|1628353954
|move|p2a: Gardesables|Surging Strikes|p1a: Toxapex
|-resisted|p1a: Toxapex
|-crit|p1a: Toxapex
|-damage|p1a: Toxapex|66/100
|-resisted|p1a: Toxapex
|-crit|p1a: Toxapex
|-damage|p1a: Toxapex|58/100
|-resisted|p1a: Toxapex
|-crit|p1a: Toxapex
|-damage|p1a: Toxapex|49/100
|-hitcount|p1a: Toxapex|3
|move|p1a: Toxapex|Recover|p1a: Toxapex
|-heal|p1a: Toxapex|99/100
|
|-damage|p2a: Gardesables|0 fnt|[from] psn
|faint|p2a: Gardesables
|upkeep
|
|t:|1628353957
|switch|p2a: Arteillerie lourde|Kyurem|100/100
|-ability|p2a: Arteillerie lourde|Pressure
|turn|46
|l| Arnaud senju vgc
|
|t:|1628353969
|move|p2a: Arteillerie lourde|Freeze-Dry|p1a: Toxapex
|-supereffective|p1a: Toxapex
|-damage|p1a: Toxapex|0 fnt
|faint|p1a: Toxapex
|
|upkeep
|
|t:|1628353973
|switch|p1a: Ninetales|Ninetales-Alola, M|64/100 par
|-weather|Hail|[from] ability: Snow Warning|[of] p1a: Ninetales
|turn|47
|
|t:|1628353978
|switch|p2a: Tyrensable|Tyranitar, M|100/100
|-weather|Sandstorm|[from] ability: Sand Stream|[of] p2a: Tyrensable
|move|p1a: Ninetales|Aurora Veil||[still]
|-fail|p1a: Ninetales
|
|-weather|Sandstorm|[upkeep]
|-damage|p1a: Ninetales|58/100 par|[from] Sandstorm
|upkeep
|turn|48
|
|t:|1628353988
|cant|p1a: Ninetales|par
|move|p2a: Tyrensable|Earthquake|p1a: Ninetales
|-damage|p1a: Ninetales|21/100 par
|
|-weather|Sandstorm|[upkeep]
|-damage|p1a: Ninetales|15/100 par|[from] Sandstorm
|upkeep
|turn|49
|j| swampertisback
|
|t:|1628353998
|move|p1a: Ninetales|Hypnosis|p2a: Tyrensable|[miss]
|-miss|p1a: Ninetales|p2a: Tyrensable
|move|p2a: Tyrensable|Rock Blast|p1a: Ninetales
|-supereffective|p1a: Ninetales
|-damage|p1a: Ninetales|0 fnt
|faint|p1a: Ninetales
|-hitcount|p1: Ninetales|1
|
|-weather|Sandstorm|[upkeep]
|upkeep
|
|t:|1628354006
|switch|p1a: Excadrill|Excadrill, M|71/100 par
|-ability|p1a: Excadrill|Mold Breaker
|turn|50
|
|t:|1628354016
|move|p2a: Tyrensable|Earthquake|p1a: Excadrill
|-supereffective|p1a: Excadrill
|-damage|p1a: Excadrill|0 fnt
|faint|p1a: Excadrill
|
|-weather|Sandstorm|[upkeep]
|upkeep
|
|t:|1628354019
|switch|p1a: Latias|Latias, F|100/100
|turn|51
|
|t:|1628354024
|move|p1a: Latias|Calm Mind|p1a: Latias
|-boost|p1a: Latias|spa|1
|-boost|p1a: Latias|spd|1
|move|p2a: Tyrensable|Thunder Wave|p1a: Latias
|-status|p1a: Latias|par
|
|-weather|none
|upkeep
|turn|52
|
|t:|1628354030
|move|p1a: Latias|Calm Mind|p1a: Latias
|-boost|p1a: Latias|spa|1
|-boost|p1a: Latias|spd|1
|move|p2a: Tyrensable|Rock Blast|p1a: Latias
|-damage|p1a: Latias|90/100 par
|-damage|p1a: Latias|79/100 par
|-damage|p1a: Latias|66/100 par
|-hitcount|p1a: Latias|3
|
|upkeep
|turn|53
|
|t:|1628354033
|cant|p1a: Latias|par
|move|p2a: Tyrensable|Rock Blast|p1a: Latias
|-damage|p1a: Latias|55/100 par
|-damage|p1a: Latias|43/100 par
|-damage|p1a: Latias|31/100 par
|-damage|p1a: Latias|20/100 par
|-damage|p1a: Latias|10/100 par
|-hitcount|p1a: Latias|5
|
|upkeep
|turn|54
|
|t:|1628354036
|move|p1a: Latias|Recover|p1a: Latias
|-heal|p1a: Latias|60/100 par
|move|p2a: Tyrensable|Rock Blast|p1a: Latias
|-damage|p1a: Latias|49/100 par
|-damage|p1a: Latias|38/100 par
|-damage|p1a: Latias|26/100 par
|-damage|p1a: Latias|16/100 par
|-damage|p1a: Latias|3/100 par
|-hitcount|p1a: Latias|5
|
|upkeep
|turn|55
|
|t:|1628354040
|switch|p2a: Arteillerie lourde|Kyurem|100/100
|-ability|p2a: Arteillerie lourde|Pressure
|move|p1a: Latias|Aura Sphere|p2a: Arteillerie lourde
|-supereffective|p2a: Arteillerie lourde
|-damage|p2a: Arteillerie lourde|28/100
|
|upkeep
|turn|56
|-message|tea-tea-ter forfeited.
|
|win|Mel2345
|l|☆tea-tea-ter
|raw|tea-tea-ter's rating: 1526 &rarr; <strong>1508</strong><br />(-18 for losing)
|raw|Mel2345's rating: 1554 &rarr; <strong>1572</strong><br />(+18 for winning)
|c|☆Mel2345|gg
||Ladder isn't responding, score probably updated but might not have (Request timeout).
