|j|☆im tofa
|j|☆kibos bathroom
|inactive|Battle timer is ON: inactive players will automatically lose when time's up.
|t:|1636661414
|gametype|singles
|player|p1|im tofa|ethan-gen2c|
|player|p2|kibos bathroom|lucas|
|teamsize|p1|6
|teamsize|p2|6
|gen|8
|tier|[Gen 8] OU
|rated|Tournament battle
|rule|Sleep Clause Mod: Limit one foe put to sleep
|rule|Species Clause: Limit one of each Pokémon
|rule|OHKO Clause: OHKO moves are banned
|rule|Evasion Moves Clause: Evasion moves are banned
|rule|Endless Battle Clause: Forcing endless battles is banned
|rule|HP Percentage Mod: HP is shown in percentages
|rule|Dynamax Clause: You cannot dynamax
|clearpoke
|poke|p1|Darmanitan, F|
|poke|p1|Slowbro, M|
|poke|p1|Landorus-Therian, M|
|poke|p1|Tornadus-Therian, M|
|poke|p1|Melmetal|
|poke|p1|Clefable, F|
|poke|p2|Tapu Lele|
|poke|p2|Urshifu-*, F|
|poke|p2|Landorus-Therian, M|
|poke|p2|Moltres-Galar|
|poke|p2|Aegislash, M|
|poke|p2|Kartana|
|teampreview
|inactive|im tofa also wants the timer to be on.
|inactive|kibos bathroom also wants the timer to be on.
|j|@azure nights ☾
|c|☆kibos bathroom|sttonut
|inactive|im tofa has 120 seconds left.
|inactive|kibos bathroom has 120 seconds left.
|c|☆kibos bathroom|im to fast to nut
|c|☆kibos bathroom|what
|j| Slammy
|
|t:|1636661468
|start
|switch|p1a: Tornadus|Tornadus-Therian, M|100/100
|switch|p2a: Urshifu|Urshifu-Rapid-Strike, F|100/100
|turn|1
|c|☆kibos bathroom|dude we gonna get locked if u keep talkin shit lol
|c|☆kibos bathroom|XDDDD
|c|☆kibos bathroom|shit on me
|c|☆kibos bathroom|:smirk:
|
|t:|1636661496
|switch|p2a: Landorus|Landorus-Therian, M|100/100
|-ability|p2a: Landorus|Intimidate|boost
|-unboost|p1a: Tornadus|atk|1
|move|p1a: Tornadus|Knock Off|p2a: Landorus
|-damage|p2a: Landorus|87/100
|-enditem|p2a: Landorus|Soft Sand|[from] move: Knock Off|[of] p1a: Tornadus
|
|upkeep
|turn|2
|c|☆kibos bathroom|wtf are yall doing
|c|☆kibos bathroom|lol idk
|c|☆kibos bathroom|yall are weirdos
|c|☆kibos bathroom|yeyeye
|c|☆kibos bathroom|Get out of my bathroom
|c|☆kibos bathroom|kek
|inactive|im tofa has 120 seconds left.
|
|t:|1636661527
|move|p1a: Tornadus|U-turn|p2a: Landorus
|-resisted|p2a: Landorus
|-damage|p2a: Landorus|82/100
|c|☆kibos bathroom|and get in me
|
|t:|1636661529
|switch|p1a: Darmanitan|Darmanitan, F|100/100|[from]move: U-turn
|move|p2a: Landorus|Stealth Rock|p1a: Darmanitan
|-sidestart|p1: im tofa|move: Stealth Rock
|
|upkeep
|turn|3
|c|☆kibos bathroom|o
|c|☆kibos bathroom|o
|c|☆kibos bathroom|o
|c|☆kibos bathroom|o
|c|☆kibos bathroom|bathroom finesse meetup
|
|t:|1636661542
|switch|p2a: Urshifu|Urshifu-Rapid-Strike, F|100/100
|move|p1a: Darmanitan|Flare Blitz|p2a: Urshifu
|-resisted|p2a: Urshifu
|-damage|p2a: Urshifu|59/100
|-damage|p1a: Darmanitan|87/100|[from] Recoil
|
|upkeep
|turn|4
|c|☆kibos bathroom|this bathroom kinda nice
|c|☆kibos bathroom|nice tiles bro
|
|t:|1636661554
|move|p2a: Urshifu|U-turn|p1a: Darmanitan
|-resisted|p1a: Darmanitan
|-damage|p1a: Darmanitan|60/100
|
|t:|1636661561
|switch|p2a: Landorus|Landorus-Therian, M|82/100|[from]move: U-turn
|-ability|p2a: Landorus|Intimidate|boost
|-unboost|p1a: Darmanitan|atk|1
|move|p1a: Darmanitan|Flare Blitz|p2a: Landorus
|-damage|p2a: Landorus|26/100
|-damage|p1a: Darmanitan|40/100|[from] Recoil
|
|upkeep
|turn|5
|c|☆kibos bathroom|oooo
|
|t:|1636661569
|move|p1a: Darmanitan|Fire Punch|p2a: Landorus
|-damage|p2a: Landorus|0 fnt
|faint|p2a: Landorus
|
|upkeep
|
|t:|1636661591
|switch|p2a: Kartana|Kartana|100/100
|turn|6
|c|☆kibos bathroom|ye ye ye
|c|☆kibos bathroom|yeyeyeyeyeyeyeyyeye
|
|t:|1636661607
|switch|p1a: Tornadus|Tornadus-Therian, M|100/100
|move|p2a: Kartana|Knock Off|p1a: Tornadus
|-damage|p1a: Tornadus|51/100
|-enditem|p1a: Tornadus|Heavy-Duty Boots|[from] move: Knock Off|[of] p2a: Kartana
|
|upkeep
|turn|7
|c|☆kibos bathroom|yeyeyeyeyyeyeyeyeyyeye
|c|☆kibos bathroom|tiles are dirty now
|c|☆kibos bathroom|oooo
|c|☆kibos bathroom|o
|c|☆kibos bathroom|o
|c|☆kibos bathroom|o
|c|☆kibos bathroom|what did you do
|c|☆kibos bathroom|o
|c|☆kibos bathroom|o
|c|☆kibos bathroom|y'all cracked
|c|☆kibos bathroom|shit on floor
|c|☆kibos bathroom|g
|c|☆kibos bathroom|g
|c|☆kibos bathroom|g
|c|☆kibos bathroom|g
|c|☆kibos bathroom|g
|inactive|kibos bathroom has 120 seconds left.
|inactive|kibos bathroom has 90 seconds left.
|
|t:|1636661668
|move|p2a: Kartana|Knock Off|p1a: Tornadus
|-damage|p1a: Tornadus|16/100
|move|p1a: Tornadus|Defog|p2a: Kartana
|-unboost|p2a: Kartana|evasion|1
|-sideend|p1: im tofa|Stealth Rock|[from] move: Defog|[of] p1a: Tornadus
|
|upkeep
|turn|8
|
|t:|1636661671
|switch|p1a: Clefable|Clefable, F|100/100
|move|p2a: Kartana|Knock Off|p1a: Clefable
|-resisted|p1a: Clefable
|-damage|p1a: Clefable|75/100
|-enditem|p1a: Clefable|Leftovers|[from] move: Knock Off|[of] p2a: Kartana
|
|upkeep
|turn|9
|
|t:|1636661680
|switch|p2a: Aegislash|Aegislash, M|100/100
|move|p1a: Clefable|Teleport|p1a: Clefable
|
|t:|1636661684
|switch|p1a: Landorus|Landorus-Therian, M|100/100|[from]move: Teleport
|-ability|p1a: Landorus|Intimidate|boost
|-unboost|p2a: Aegislash|atk|1
|
|upkeep
|turn|10
|
|t:|1636661697
|move|p1a: Landorus|Stealth Rock|p2a: Aegislash
|-sidestart|p2: kibos bathroom|move: Stealth Rock
|-formechange|p2a: Aegislash|Aegislash-Blade||[from] ability: Stance Change
|move|p2a: Aegislash|Shadow Ball|p1a: Landorus
|-damage|p1a: Landorus|59/100
|
|-heal|p1a: Landorus|65/100|[from] item: Leftovers
|upkeep
|turn|11
|
|t:|1636661706
|-formechange|p2a: Aegislash|Aegislash||[from] ability: Stance Change
|move|p2a: Aegislash|King's Shield|p2a: Aegislash
|-singleturn|p2a: Aegislash|Protect
|move|p1a: Landorus|Knock Off|p2a: Aegislash
|-activate|p2a: Aegislash|move: Protect
|-unboost|p1a: Landorus|atk|1
|
|-heal|p1a: Landorus|71/100|[from] item: Leftovers
|upkeep
|turn|12
|c|☆kibos bathroom|no spdef drop
|c|☆kibos bathroom|hax
|c|☆kibos bathroom|yeyeyeyeyeye
|
|t:|1636661720
|move|p1a: Landorus|Earthquake|p2a: Aegislash
|-supereffective|p2a: Aegislash
|-damage|p2a: Aegislash|32/100
|-formechange|p2a: Aegislash|Aegislash-Blade||[from] ability: Stance Change
|move|p2a: Aegislash|Shadow Ball|p1a: Landorus
|-damage|p1a: Landorus|27/100
|-unboost|p1a: Landorus|spd|1
|
|-heal|p1a: Landorus|33/100|[from] item: Leftovers
|upkeep
|turn|13
|c|☆kibos bathroom|ooooo
|c|☆kibos bathroom|o
|c|☆kibos bathroom|o
|c|☆kibos bathroom|o
|c|☆kibos bathroom|o
|c|☆kibos bathroom|o
|
|t:|1636661731
|move|p1a: Landorus|Earthquake|p2a: Aegislash
|-supereffective|p2a: Aegislash
|-damage|p2a: Aegislash|0 fnt
|faint|p2a: Aegislash
|
|-heal|p1a: Landorus|39/100|[from] item: Leftovers
|upkeep
|
|t:|1636661740
|switch|p2a: Moltres|Moltres-Galar|100/100
|turn|14
|
|t:|1636661746
|move|p2a: Moltres|Nasty Plot|p2a: Moltres
|-boost|p2a: Moltres|spa|2
|move|p1a: Landorus|Toxic|p2a: Moltres
|-status|p2a: Moltres|tox
|
|-heal|p1a: Landorus|45/100|[from] item: Leftovers
|-damage|p2a: Moltres|94/100 tox|[from] psn
|upkeep
|turn|15
|c|☆kibos bathroom|who hits
|c|☆kibos bathroom|hax
|
|t:|1636661755
|move|p2a: Moltres|Agility|p2a: Moltres
|-boost|p2a: Moltres|spe|2
|move|p1a: Landorus|Knock Off|p2a: Moltres
|-resisted|p2a: Moltres
|-damage|p2a: Moltres|83/100 tox
|-enditem|p2a: Moltres|Heavy-Duty Boots|[from] move: Knock Off|[of] p1a: Landorus
|
|-heal|p1a: Landorus|51/100|[from] item: Leftovers
|-damage|p2a: Moltres|71/100 tox|[from] psn
|upkeep
|turn|16
|c|☆kibos bathroom|i didn't click that
|c|☆kibos bathroom|ye sure
|c|☆kibos bathroom|yes u did
|c|☆kibos bathroom|idiot
|c|☆kibos bathroom|bro
|inactive|im tofa has 120 seconds left.
|
|t:|1636661786
|move|p2a: Moltres|Air Slash|p1a: Landorus|[miss]
|-miss|p2a: Moltres|p1a: Landorus
|move|p1a: Landorus|Knock Off|p2a: Moltres
|-resisted|p2a: Moltres
|-damage|p2a: Moltres|63/100 tox
|
|-heal|p1a: Landorus|57/100|[from] item: Leftovers
|-damage|p2a: Moltres|45/100 tox|[from] psn
|upkeep
|turn|17
|c|☆kibos bathroom|can you please believe me
|
|t:|1636661791
|move|p2a: Moltres|Air Slash|p1a: Landorus
|-damage|p1a: Landorus|0 fnt
|faint|p1a: Landorus
|
|-damage|p2a: Moltres|21/100 tox|[from] psn
|upkeep
|
|t:|1636661793
|switch|p1a: Clefable|Clefable, F|75/100
|turn|18
|c| Slammy|are you like 12?
|
|t:|1636661796
|move|p1a: Clefable|Protect|p1a: Clefable
|-singleturn|p1a: Clefable|Protect
|move|p2a: Moltres|Air Slash|p1a: Clefable
|-activate|p1a: Clefable|move: Protect
|
|-damage|p2a: Moltres|0 fnt|[from] psn
|faint|p2a: Moltres
|upkeep
|
|t:|1636661804
|switch|p2a: Urshifu|Urshifu-Rapid-Strike, F|59/100
|-damage|p2a: Urshifu|53/100|[from] Stealth Rock
|turn|19
|
|t:|1636661815
|switch|p1a: Slowbro|Slowbro, M|100/100
|move|p2a: Urshifu|Surging Strikes|p1a: Slowbro
|-resisted|p1a: Slowbro
|-crit|p1a: Slowbro
|-damage|p1a: Slowbro|91/100
|-damage|p2a: Urshifu|37/100|[from] item: Rocky Helmet|[of] p1a: Slowbro
|-resisted|p1a: Slowbro
|-crit|p1a: Slowbro
|-damage|p1a: Slowbro|82/100
|-damage|p2a: Urshifu|20/100|[from] item: Rocky Helmet|[of] p1a: Slowbro
|-resisted|p1a: Slowbro
|-crit|p1a: Slowbro
|-damage|p1a: Slowbro|73/100
|-damage|p2a: Urshifu|4/100|[from] item: Rocky Helmet|[of] p1a: Slowbro
|-hitcount|p1a: Slowbro|3
|
|upkeep
|turn|20
|
|t:|1636661830
|switch|p2a: Kartana|Kartana|100/100
|-damage|p2a: Kartana|94/100|[from] Stealth Rock
|move|p1a: Slowbro|Teleport|p1a: Slowbro
|
|t:|1636661834
|switch|p1a: Tornadus|Tornadus-Therian, M|49/100|[from]move: Teleport
|
|upkeep
|turn|21
|c|☆kibos bathroom|triple hit moves+rocky helmet brings up big wall of text
|
|t:|1636661847
|switch|p1a: Slowbro|Slowbro, M|100/100
|move|p2a: Kartana|Smart Strike|p1a: Slowbro
|-resisted|p1a: Slowbro
|-crit|p1a: Slowbro
|-damage|p1a: Slowbro|81/100
|-damage|p2a: Kartana|78/100|[from] item: Rocky Helmet|[of] p1a: Slowbro
|
|upkeep
|turn|22
|
|t:|1636661860
|move|p2a: Kartana|Smart Strike|p1a: Slowbro
|-resisted|p1a: Slowbro
|-damage|p1a: Slowbro|68/100
|-damage|p2a: Kartana|61/100|[from] item: Rocky Helmet|[of] p1a: Slowbro
|move|p1a: Slowbro|Future Sight|p2a: Kartana
|-start|p1a: Slowbro|move: Future Sight
|
|upkeep
|turn|23
|
|t:|1636661863
|move|p2a: Kartana|Smart Strike|p1a: Slowbro
|-resisted|p1a: Slowbro
|-damage|p1a: Slowbro|53/100
|-damage|p2a: Kartana|45/100|[from] item: Rocky Helmet|[of] p1a: Slowbro
|move|p1a: Slowbro|Slack Off|p1a: Slowbro
|-heal|p1a: Slowbro|100/100
|
|upkeep
|turn|24
|c|☆kibos bathroom|gaming
|
|t:|1636661867
|switch|p2a: Urshifu|Urshifu-Rapid-Strike, F|4/100
|-damage|p2a: Urshifu|0 fnt|[from] Stealth Rock
|faint|p2a: Urshifu
|move|p1a: Slowbro|Scald|p2: Urshifu|[notarget]
|-fail|p1a: Slowbro
|
|-hint|Future Sight did not hit because the target is fainted.
|upkeep
|
|t:|1636661872
|switch|p2a: Kartana|Kartana|45/100
|-damage|p2a: Kartana|38/100|[from] Stealth Rock
|turn|25
|
|t:|1636661883
|move|p2a: Kartana|Smart Strike|p1a: Slowbro
|-resisted|p1a: Slowbro
|-damage|p1a: Slowbro|87/100
|-damage|p2a: Kartana|22/100|[from] item: Rocky Helmet|[of] p1a: Slowbro
|move|p1a: Slowbro|Scald|p2a: Kartana
|-resisted|p2a: Kartana
|-crit|p2a: Kartana
|-damage|p2a: Kartana|0 fnt
|faint|p2a: Kartana
|
|upkeep
|
|t:|1636661887
|switch|p2a: Tapu Lele|Tapu Lele|100/100
|-damage|p2a: Tapu Lele|88/100|[from] Stealth Rock
|-fieldstart|move: Psychic Terrain|[from] ability: Psychic Surge|[of] p2a: Tapu Lele
|turn|26
|c|☆kibos bathroom|haxed
|
|t:|1636661895
|move|p2a: Tapu Lele|Thunderbolt|p1a: Slowbro
|-supereffective|p1a: Slowbro
|-damage|p1a: Slowbro|10/100
|move|p1a: Slowbro|Scald|p2a: Tapu Lele
|-damage|p2a: Tapu Lele|68/100
|
|upkeep
|turn|27
|
|t:|1636661903
|move|p2a: Tapu Lele|Thunderbolt|p1a: Slowbro
|-supereffective|p1a: Slowbro
|-damage|p1a: Slowbro|0 fnt
|faint|p1a: Slowbro
|
|upkeep
|
|t:|1636661906
|switch|p1a: Melmetal|Melmetal|100/100
|turn|28
|
|t:|1636661908
|move|p2a: Tapu Lele|Moonblast|p1a: Melmetal
|-resisted|p1a: Melmetal
|-damage|p1a: Melmetal|73/100
|move|p1a: Melmetal|Double Iron Bash|p2a: Tapu Lele
|-supereffective|p2a: Tapu Lele
|-damage|p2a: Tapu Lele|0 fnt
|faint|p2a: Tapu Lele
|-hitcount|p2: Tapu Lele|1
|
|win|im tofa
|n|☆im tofa|imtofa
|n|☆kibos bathroom|kibosbathroom
|n| azure nights ☾|azurenights
|n| Slammy|slammy
