|raw|<div class="broadcast-blue"><strong>This battle is required to be public due to a player having a name starting with 'lt91bb'.</div>
|j|☆LT91BB CICALIENTE
|j|☆antarctozolt
|t:|1659103944
|gametype|singles
|player|p1|LT91BB CICALIENTE|volo|1718
|player|p2|antarctozolt|skier|1943
|teamsize|p1|6
|teamsize|p2|6
|gen|8
|tier|[Gen 8] OU
|rated|
|rule|Sleep Clause Mod: Limit one foe put to sleep
|rule|Species Clause: Limit one of each Pokémon
|rule|OHKO Clause: OHKO moves are banned
|rule|Evasion Moves Clause: Evasion moves are banned
|rule|Endless Battle Clause: Forcing endless battles is banned
|rule|HP Percentage Mod: HP is shown in percentages
|rule|Dynamax Clause: You cannot dynamax
|clearpoke
|poke|p1|Weavile, M|
|poke|p1|Magnezone|
|poke|p1|Slowking-Galar, M|
|poke|p1|Toxapex, M|
|poke|p1|Tornadus-Therian, M|
|poke|p1|Garchomp, F|
|poke|p2|Bronzong|
|poke|p2|Clefable, M|
|poke|p2|Quagsire, M|
|poke|p2|Skarmory, F|
|poke|p2|Zapdos|
|poke|p2|Toxapex, M|
|teampreview
|j| hol tha heatah
|inactive|Battle timer is ON: inactive players will automatically lose when time's up. (requested by antarctozolt)
|c|☆LT91BB CICALIENTE|ah voila t'es la
|c|☆LT91BB CICALIENTE|tu viens de manquer
|c|☆LT91BB CICALIENTE|double poison + shed shell corvi
|j| LT91BB Dasmer
|j| egal★vanc
|j| crosschampion
|j| Squash
|j| LT91BB AlI
|j| Amelza
|j| LT91BB FustJranco
|j| arbok13
|inactive|LT91BB CICALIENTE has 120 seconds left.
|j| LT91BB YHVH
|j| eeeererere
|
|t:|1659104023
|start
|switch|p1a: Tornadus|Tornadus-Therian, M|100/100
|switch|p2a: Toxapex|Toxapex, M|100/100
|turn|1
|j| LT91BB Michy
|j| yovan33321
|j| LT91BB rejeff
|j| Gdayfellowfriend
|j| LT91BB Tace
|j| Suishom4ru
|j| Barracades
|j| LT91BB Isza
|j| LT91BB Rapty
|j| ClumsyClefable
|j| ArianaBlonde
|j|+pichus
|l| ClumsyClefable
|inactive|LT91BB CICALIENTE has 120 seconds left.
|l| LT91BB Tace
|j| Ekzykes
|
|t:|1659104072
|move|p1a: Tornadus|U-turn|p2a: Toxapex
|-resisted|p2a: Toxapex
|-damage|p2a: Toxapex|96/100
|
|t:|1659104075
|switch|p1a: Toxapex|Toxapex, M|100/100|[from]move: U-turn
|move|p2a: Toxapex|Knock Off|p1a: Toxapex
|-damage|p1a: Toxapex|91/100
|-damage|p2a: Toxapex|79/100|[from] item: Rocky Helmet|[of] p1a: Toxapex
|-enditem|p1a: Toxapex|Rocky Helmet|[from] move: Knock Off|[of] p2a: Toxapex
|
|upkeep
|turn|2
|
|t:|1659104085
|move|p1a: Toxapex|Toxic Spikes|p2a: Toxapex
|-sidestart|p2: antarctozolt|move: Toxic Spikes
|move|p2a: Toxapex|Toxic Spikes|p1a: Toxapex
|-sidestart|p1: LT91BB CICALIENTE|move: Toxic Spikes
|
|upkeep
|turn|3
|
|t:|1659104091
|move|p2a: Toxapex|Knock Off|p1a: Toxapex
|-damage|p1a: Toxapex|84/100
|move|p1a: Toxapex|Toxic Spikes|p2a: Toxapex
|-sidestart|p2: antarctozolt|move: Toxic Spikes
|
|upkeep
|turn|4
|j| LT91BB Poeh
|l|+pichus
|j| Heinrich Kemmler
|
|t:|1659104103
|move|p1a: Toxapex|Scald|p2a: Toxapex
|-resisted|p2a: Toxapex
|-damage|p2a: Toxapex|74/100
|-status|p2a: Toxapex|brn
|move|p2a: Toxapex|Knock Off|p1a: Toxapex
|-damage|p1a: Toxapex|81/100
|
|-damage|p2a: Toxapex|68/100 brn|[from] brn
|upkeep
|turn|5
|
|t:|1659104118
|switch|p2a: Zapdos|Zapdos|100/100
|-ability|p2a: Zapdos|Pressure
|switch|p1a: Slowking|Slowking-Galar, M|100/100
|-sideend|p1: LT91BB CICALIENTE|move: Toxic Spikes|[of] p1a: Slowking
|
|upkeep
|turn|6
|l| LT91BB Isza
|
|t:|1659104127
|move|p2a: Zapdos|Volt Switch|p1a: Slowking
|-damage|p1a: Slowking|89/100
|l| LT91BB Dasmer
|
|t:|1659104151
|switch|p2a: Toxapex|Toxapex, M|100/100 brn|[from]move: Volt Switch
|-sideend|p2: antarctozolt|move: Toxic Spikes|[of] p2a: Toxapex
|move|p1a: Slowking|Sludge Bomb|p2a: Toxapex
|-resisted|p2a: Toxapex
|-damage|p2a: Toxapex|89/100 brn
|
|-damage|p2a: Toxapex|83/100 brn|[from] brn
|upkeep
|turn|7
|j| deez nuzt
|l| Suishom4ru
|
|t:|1659104157
|switch|p2a: Bronzong|Bronzong|100/100
|switch|p1a: Toxapex|Toxapex, M|100/100
|
|upkeep
|turn|8
|
|t:|1659104169
|switch|p1a: Magnezone|Magnezone|100/100
|-item|p1a: Magnezone|Air Balloon
|move|p2a: Bronzong|Stealth Rock|p1a: Magnezone
|-sidestart|p1: LT91BB CICALIENTE|move: Stealth Rock
|
|upkeep
|turn|9
|
|t:|1659104174
|move|p1a: Magnezone|Iron Defense|p1a: Magnezone
|-boost|p1a: Magnezone|def|2
|move|p2a: Bronzong|Earthquake|p1a: Magnezone
|-immune|p1a: Magnezone
|
|upkeep
|turn|10
|
|t:|1659104177
|move|p1a: Magnezone|Iron Defense|p1a: Magnezone
|-boost|p1a: Magnezone|def|2
|move|p2a: Bronzong|Earthquake|p1a: Magnezone
|-immune|p1a: Magnezone
|
|upkeep
|turn|11
|
|t:|1659104179
|move|p1a: Magnezone|Iron Defense|p1a: Magnezone
|-boost|p1a: Magnezone|def|2
|move|p2a: Bronzong|Earthquake|p1a: Magnezone
|-immune|p1a: Magnezone
|
|upkeep
|turn|12
|
|t:|1659104189
|move|p2a: Bronzong|Protect|p2a: Bronzong
|-singleturn|p2a: Bronzong|Protect
|move|p1a: Magnezone|Body Press|p2a: Bronzong
|-activate|p2a: Bronzong|move: Protect
|
|upkeep
|turn|13
|
|t:|1659104195
|move|p2a: Bronzong|Protect||[still]
|-fail|p2a: Bronzong
|move|p1a: Magnezone|Body Press|p2a: Bronzong
|-damage|p2a: Bronzong|7/100
|
|-heal|p2a: Bronzong|13/100|[from] item: Leftovers
|upkeep
|turn|14
|
|t:|1659104198
|move|p2a: Bronzong|Protect|p2a: Bronzong
|-singleturn|p2a: Bronzong|Protect
|move|p1a: Magnezone|Thunderbolt|p2a: Bronzong
|-activate|p2a: Bronzong|move: Protect
|
|-heal|p2a: Bronzong|19/100|[from] item: Leftovers
|upkeep
|turn|15
|j| FundHerLifestyle
|c| Heinrich Kemmler|CICALIENTE
|
|t:|1659104208
|move|p2a: Bronzong|Protect|p2a: Bronzong
|-singleturn|p2a: Bronzong|Protect
|move|p1a: Magnezone|Thunderbolt|p2a: Bronzong
|-activate|p2a: Bronzong|move: Protect
|
|-heal|p2a: Bronzong|26/100|[from] item: Leftovers
|upkeep
|turn|16
|j| TierAcid
|
|t:|1659104211
|move|p1a: Magnezone|Thunderbolt|p2a: Bronzong
|-damage|p2a: Bronzong|1/100
|move|p2a: Bronzong|Earthquake|p1a: Magnezone
|-immune|p1a: Magnezone
|
|-heal|p2a: Bronzong|7/100|[from] item: Leftovers
|upkeep
|turn|17
|j| LT91BB AxCypher
|
|t:|1659104216
|move|p2a: Bronzong|Protect|p2a: Bronzong
|-singleturn|p2a: Bronzong|Protect
|move|p1a: Magnezone|Iron Defense|p1a: Magnezone
|-boost|p1a: Magnezone|def|0
|
|-heal|p2a: Bronzong|13/100|[from] item: Leftovers
|upkeep
|turn|18
|
|t:|1659104219
|move|p2a: Bronzong|Protect||[still]
|-fail|p2a: Bronzong
|move|p1a: Magnezone|Thunderbolt|p2a: Bronzong
|-damage|p2a: Bronzong|0 fnt
|faint|p2a: Bronzong
|
|upkeep
|
|t:|1659104222
|switch|p2a: Zapdos|Zapdos|100/100
|-ability|p2a: Zapdos|Pressure
|turn|19
|l| FundHerLifestyle
|
|t:|1659104246
|switch|p1a: Garchomp|Garchomp, F|100/100
|-damage|p1a: Garchomp|94/100|[from] Stealth Rock
|move|p2a: Zapdos|Volt Switch|p1a: Garchomp
|-immune|p1a: Garchomp
|
|-heal|p1a: Garchomp|100/100|[from] item: Leftovers
|upkeep
|turn|20
|
|t:|1659104259
|switch|p2a: Skarmory|Skarmory, F|100/100
|move|p1a: Garchomp|Stealth Rock|p2a: Skarmory
|-sidestart|p2: antarctozolt|move: Stealth Rock
|
|upkeep
|turn|21
|
|t:|1659104264
|switch|p1a: Tornadus|Tornadus-Therian, M|100/100
|move|p2a: Skarmory|Spikes|p1a: Tornadus
|-sidestart|p1: LT91BB CICALIENTE|Spikes
|
|upkeep
|turn|22
|
|t:|1659104271
|move|p1a: Tornadus|Knock Off|p2a: Skarmory
|-damage|p2a: Skarmory|91/100
|-enditem|p2a: Skarmory|Shed Shell|[from] move: Knock Off|[of] p1a: Tornadus
|move|p2a: Skarmory|Toxic|p1a: Tornadus|[miss]
|-miss|p2a: Skarmory|p1a: Tornadus
|
|upkeep
|turn|23
|-message|antarctozolt forfeited.
|
|win|LT91BB CICALIENTE
|raw|LT91BB CICALIENTE's rating: 1718 &rarr; <strong>1749</strong><br />(+31 for winning)
|raw|antarctozolt's rating: 1943 &rarr; <strong>1912</strong><br />(-31 for losing)
|l|☆antarctozolt
|l|☆LT91BB CICALIENTE
|l| LT91BB rejeff
|j| edrala
|l| LT91BB FustJranco
|l| hol tha heatah
|l| edrala
|l| yovan33321
