|j|☆lemonstre1
|j|☆SetsuStsna
|inactive|Battle timer is ON: inactive players will automatically lose when time's up.
|t:|1649272068
|gametype|singles
|player|p1|lemonstre1|artist|
|player|p2|SetsuStsna|dawn-gen4pt|
|teamsize|p1|6
|teamsize|p2|6
|gen|8
|tier|[Gen 8] OU
|rated|Tournament battle
|rule|Sleep Clause Mod: Limit one foe put to sleep
|rule|Species Clause: Limit one of each Pokémon
|rule|OHKO Clause: OHKO moves are banned
|rule|Evasion Moves Clause: Evasion moves are banned
|rule|Endless Battle Clause: Forcing endless battles is banned
|rule|HP Percentage Mod: HP is shown in percentages
|rule|Dynamax Clause: You cannot dynamax
|clearpoke
|poke|p1|Nihilego|
|poke|p1|Zapdos-Galar|
|poke|p1|Kartana|
|poke|p1|Celesteela|
|poke|p1|Garchomp, M|
|poke|p1|Tapu Fini|
|poke|p2|Kartana|
|poke|p2|Dragapult, M|
|poke|p2|Slowbro-Galar, F|
|poke|p2|Registeel|
|poke|p2|Zoroark, M|
|poke|p2|Garchomp, F|
|teampreview
|c|☆lemonstre1|gl
|
|t:|1649272083
|start
|switch|p1a: Tapu Fini|Tapu Fini|100/100
|switch|p2a: C.C.|Slowbro-Galar, F|100/100
|-fieldstart|move: Misty Terrain|[from] ability: Misty Surge|[of] p1a: Tapu Fini
|turn|1
|
|t:|1649272095
|switch|p1a: Garchomp|Garchomp, M|100/100
|move|p2a: C.C.|Memento|p1a: Garchomp
|-unboost|p1a: Garchomp|atk|2
|-unboost|p1a: Garchomp|spa|2
|faint|p2a: C.C.
|
|upkeep
|
|t:|1649272103
|switch|p2a: C.C.|Slowbro-Galar, F|100/100
|turn|2
|
|t:|1649272119
|switch|p1a: Celesteela|Celesteela|100/100
|move|p2a: C.C.|Belly Drum|p2a: C.C.
|-damage|p2a: C.C.|51/100
|-setboost|p2a: C.C.|atk|6|[from] move: Belly Drum
|
|upkeep
|turn|3
|
|t:|1649272125
|move|p1a: Celesteela|Meteor Beam||[still]
|-prepare|p1a: Celesteela|Meteor Beam
|-boost|p1a: Celesteela|spa|1
|-enditem|p1a: Celesteela|Power Herb
|-anim|p1a: Celesteela|Meteor Beam|p2a: C.C.
|-damage|p2a: C.C.|0 fnt
|faint|p2a: C.C.
|-ability|p1a: Celesteela|Beast Boost|boost
|-boost|p1a: Celesteela|spa|1
|
|upkeep
|c|☆SetsuStsna|gbro come on friend
|
|t:|1649272134
|switch|p2a: Zero|Dragapult, M, shiny|100/100
|turn|4
|
|t:|1649272138
|move|p2a: Zero|Light Screen|p2a: Zero
|-sidestart|p2: SetsuStsna|move: Light Screen
|move|p1a: Celesteela|Autotomize|p1a: Celesteela
|-boost|p1a: Celesteela|spe|2
|-start|p1a: Celesteela|Autotomize
|
|upkeep
|turn|5
|
|t:|1649272141
|move|p1a: Celesteela|Air Slash|p2a: Zero
|-damage|p2a: Zero|55/100
|-start|p1a: Celesteela|Disable|Air Slash|[from] ability: Cursed Body|[of] p2a: Zero
|move|p2a: Zero|Thunder Wave|p1a: Celesteela
|-status|p1a: Celesteela|par
|
|-fieldend|Misty Terrain
|upkeep
|turn|6
|
|t:|1649272148
|move|p2a: Zero|Reflect|p2a: Zero
|-sidestart|p2: SetsuStsna|Reflect
|move|p1a: Celesteela|Flamethrower|p2a: Zero
|-resisted|p2a: Zero
|-damage|p2a: Zero|38/100
|
|upkeep
|turn|7
|
|t:|1649272150
|move|p2a: Zero|Curse|p1a: Celesteela
|-start|p1a: Celesteela|Curse|[of] p2a: Zero
|-damage|p2a: Zero|0 fnt
|faint|p2a: Zero
|move|p1a: Celesteela|Flamethrower|p2: Zero|[notarget]
|-fail|p1a: Celesteela
|
|-damage|p1a: Celesteela|76/100 par|[from] Curse
|upkeep
|
|t:|1649272158
|switch|p2a: Kallen|Registeel|100/100
|turn|8
|
|t:|1649272160
|cant|p1a: Celesteela|par
|move|p2a: Kallen|Iron Defense|p2a: Kallen
|-boost|p2a: Kallen|def|2
|
|-damage|p1a: Celesteela|51/100 par|[from] Curse
|-end|p1a: Celesteela|Disable
|upkeep
|turn|9
|
|t:|1649272168
|cant|p1a: Celesteela|par
|move|p2a: Kallen|Iron Defense|p2a: Kallen
|-boost|p2a: Kallen|def|2
|
|-damage|p1a: Celesteela|26/100 par|[from] Curse
|upkeep
|turn|10
|
|t:|1649272181
|cant|p1a: Celesteela|par
|move|p2a: Kallen|Amnesia|p2a: Kallen
|-boost|p2a: Kallen|spd|2
|
|-damage|p1a: Celesteela|1/100 par|[from] Curse
|upkeep
|turn|11
|
|t:|1649272183
|move|p1a: Celesteela|Flamethrower|p2a: Kallen
|-supereffective|p2a: Kallen
|-damage|p2a: Kallen|81/100
|move|p2a: Kallen|Iron Defense|p2a: Kallen
|-boost|p2a: Kallen|def|2
|
|-heal|p2a: Kallen|87/100|[from] item: Leftovers
|-damage|p1a: Celesteela|0 fnt|[from] Curse
|faint|p1a: Celesteela
|-sideend|p2: SetsuStsna|move: Light Screen
|upkeep
|
|t:|1649272185
|switch|p1a: Tapu Fini|Tapu Fini|100/100
|-fieldstart|move: Misty Terrain|[from] ability: Misty Surge|[of] p1a: Tapu Fini
|turn|12
|
|t:|1649272189
|move|p1a: Tapu Fini|Taunt|p2a: Kallen
|-start|p2a: Kallen|move: Taunt
|move|p2a: Kallen|Body Press|p1a: Tapu Fini
|-resisted|p1a: Tapu Fini
|-damage|p1a: Tapu Fini|54/100
|
|-heal|p1a: Tapu Fini|60/100|[from] item: Leftovers
|-heal|p2a: Kallen|93/100|[from] item: Leftovers
|upkeep
|turn|13
|
|t:|1649272193
|move|p1a: Tapu Fini|Scald|p2a: Kallen
|-damage|p2a: Kallen|84/100
|move|p2a: Kallen|Body Press|p1a: Tapu Fini
|-resisted|p1a: Tapu Fini
|-damage|p1a: Tapu Fini|6/100
|
|-heal|p1a: Tapu Fini|12/100|[from] item: Leftovers
|-heal|p2a: Kallen|90/100|[from] item: Leftovers
|-sideend|p2: SetsuStsna|Reflect
|upkeep
|turn|14
|
|t:|1649272196
|move|p1a: Tapu Fini|Scald|p2a: Kallen
|-damage|p2a: Kallen|80/100
|move|p2a: Kallen|Body Press|p1a: Tapu Fini
|-resisted|p1a: Tapu Fini
|-damage|p1a: Tapu Fini|0 fnt
|faint|p1a: Tapu Fini
|
|-heal|p2a: Kallen|86/100|[from] item: Leftovers
|-end|p2a: Kallen|move: Taunt
|upkeep
|
|t:|1649272200
|switch|p1a: Garchomp|Garchomp, M|100/100
|turn|15
|
|t:|1649272203
|move|p1a: Garchomp|Earthquake|p2a: Kallen
|-supereffective|p2a: Kallen
|-damage|p2a: Kallen|75/100
|move|p2a: Kallen|Body Press|p1a: Garchomp
|-damage|p1a: Garchomp|0 fnt
|-damage|p2a: Kallen|63/100|[from] ability: Rough Skin|[of] p1a: Garchomp
|-damage|p2a: Kallen|47/100|[from] item: Rocky Helmet|[of] p1a: Garchomp
|faint|p1a: Garchomp
|
|-heal|p2a: Kallen|53/100|[from] item: Leftovers
|upkeep
|
|t:|1649272206
|switch|p1a: Zapdos|Zapdos-Galar|100/100
|turn|16
|
|t:|1649272211
|move|p1a: Zapdos|Close Combat|p2a: Kallen
|-supereffective|p2a: Kallen
|-damage|p2a: Kallen|27/100
|-unboost|p1a: Zapdos|def|1
|-unboost|p1a: Zapdos|spd|1
|move|p2a: Kallen|Rest||[still]
|-fail|p2a: Kallen
|
|-heal|p2a: Kallen|33/100|[from] item: Leftovers
|-fieldend|Misty Terrain
|upkeep
|turn|17
|
|t:|1649272215
|move|p1a: Zapdos|Close Combat|p2a: Kallen
|-supereffective|p2a: Kallen
|-damage|p2a: Kallen|11/100
|-unboost|p1a: Zapdos|def|1
|-unboost|p1a: Zapdos|spd|1
|move|p2a: Kallen|Rest|p2a: Kallen
|-status|p2a: Kallen|slp|[from] move: Rest
|-heal|p2a: Kallen|100/100 slp|[silent]
|
|upkeep
|turn|18
|-message|lemonstre1 forfeited.
|
|win|SetsuStsna
|n|☆lemonstre1|lemonstre1
|n|☆SetsuStsna|setsustsna
|l|☆lemonstre1
|c|☆SetsuStsna|gg
