|j|☆Pavijo28
|j|☆early_human
|player|p1|Pavijo28|wattson|1887
|player|p2|early_human|170|1727
|teamsize|p1|6
|teamsize|p2|6
|gametype|singles
|gen|8
|tier|[Gen 8] OU
|rated|
|clearpoke
|poke|p1|Mimikyu, M|
|poke|p1|Hatterene, F|
|poke|p1|Diggersby, M|
|poke|p1|Arctozolt|
|poke|p1|Jellicent, M|
|poke|p1|Ditto|
|poke|p2|Weezing-Galar, M|
|poke|p2|Aegislash, F|
|poke|p2|Haxorus, M|
|poke|p2|Hawlucha, M|
|poke|p2|Cloyster, M|
|poke|p2|Bisharp, F|
|rule|Sleep Clause Mod: Limit one foe put to sleep
|rule|Species Clause: Limit one of each Pokémon
|rule|OHKO Clause: OHKO moves are banned
|rule|Evasion Moves Clause: Evasion moves are banned
|rule|Endless Battle Clause: Forcing endless battles is banned
|rule|HP Percentage Mod: HP is shown in percentages
|rule|Dynamax Clause: You cannot dynamax
|teampreview
|inactive|Battle timer is ON: inactive players will automatically lose when time's up. (requested by Pavijo28)
|
|start
|switch|p1a: Big Bunny|Diggersby, M|100/100
|switch|p2a: Cloyster|Cloyster, M, shiny|100/100
|turn|1
|
|switch|p1a: Jelly|Jellicent, M|100/100
|move|p2a: Cloyster|Icicle Spear|p1a: Jelly
|-resisted|p1a: Jelly
|-damage|p1a: Jelly|97/100
|-resisted|p1a: Jelly
|-damage|p1a: Jelly|92/100
|-resisted|p1a: Jelly
|-damage|p1a: Jelly|88/100
|-resisted|p1a: Jelly
|-damage|p1a: Jelly|84/100
|-resisted|p1a: Jelly
|-damage|p1a: Jelly|80/100
|-hitcount|p1a: Jelly|5
|
|-heal|p1a: Jelly|86/100|[from] item: Leftovers
|upkeep
|turn|2
|
|switch|p2a: Weezing|Weezing-Galar, M|100/100
|-fieldstart|move: Misty Terrain|[from] ability: Misty Surge|[of] p2a: Weezing
|move|p1a: Jelly|Will-O-Wisp|p2a: Weezing|[miss]
|-miss|p1a: Jelly|p2a: Weezing
|
|-heal|p1a: Jelly|92/100|[from] item: Leftovers
|upkeep
|turn|3
|
|switch|p2a: Bisharp|Bisharp, F, shiny|100/100
|switch|p1a: Queeny|Hatterene, F|100/100
|
|upkeep
|turn|4
|
|switch|p1a: Dayo|Mimikyu, M|100/100
|move|p2a: Bisharp|Iron Head|p1a: Dayo
|-activate|p1a: Dayo|ability: Disguise
|-damage|p1a: Dayo|100/100
|detailschange|p1a: Dayo|Mimikyu-Busted, M
|-damage|p1a: Dayo|88/100|[from] pokemon: mimikyubusted
|-enditem|p1a: Dayo|Red Card|[of] p2a: Bisharp
|drag|p2a: Cloyster|Cloyster, M, shiny|100/100
|
|upkeep
|turn|5
|j| thomas15
|j| tourbearing
|
|move|p2a: Cloyster|Icicle Spear|p1a: Dayo
|-damage|p1a: Dayo|74/100
|-damage|p1a: Dayo|60/100
|-damage|p1a: Dayo|44/100
|-damage|p1a: Dayo|30/100
|-damage|p1a: Dayo|15/100
|-hitcount|p1a: Dayo|5
|move|p1a: Dayo|Trick Room|p1a: Dayo
|-fieldstart|move: Trick Room|[of] p1a: Dayo
|
|upkeep
|turn|6
|
|switch|p1a: Atchoum|Arctozolt|100/100
|move|p2a: Cloyster|Ice Shard|p1a: Atchoum
|-resisted|p1a: Atchoum
|-damage|p1a: Atchoum|92/100
|
|upkeep
|turn|7
|
|switch|p2a: Hawlucha|Hawlucha, M, shiny|100/100
|-enditem|p2a: Hawlucha|Misty Seed
|-boost|p2a: Hawlucha|spd|1|[from] item: Misty Seed
|move|p1a: Atchoum|Bolt Beak|p2a: Hawlucha
|-supereffective|p2a: Hawlucha
|-damage|p2a: Hawlucha|0 fnt
|-damage|p1a: Atchoum|82/100|[from] item: Life Orb
|faint|p2a: Hawlucha
|
|upkeep
|
|switch|p2a: Bisharp|Bisharp, F, shiny|100/100
|turn|8
|
|move|p2a: Bisharp|Sucker Punch|p1a: Atchoum
|-damage|p1a: Atchoum|31/100
|move|p1a: Atchoum|Low Kick|p2a: Bisharp
|-supereffective|p2a: Bisharp
|-damage|p2a: Bisharp|0 fnt
|-damage|p1a: Atchoum|22/100|[from] item: Life Orb
|faint|p2a: Bisharp
|
|upkeep
|
|switch|p2a: Aegislash|Aegislash, F, shiny|100/100
|-item|p2a: Aegislash|Air Balloon
|turn|9
|
|-formechange|p2a: Aegislash|Aegislash-Blade||[from] ability: Stance Change
|move|p2a: Aegislash|Shadow Sneak|p1a: Atchoum
|-damage|p1a: Atchoum|0 fnt
|faint|p1a: Atchoum
|
|-fieldend|Misty Terrain
|-fieldend|move: Trick Room
|upkeep
|
|switch|p1a: Ditto|Ditto|100/100
|-transform|p1a: Ditto|p2a: Aegislash|[from] ability: Imposter
|turn|10
|j| ssrrr
|
|switch|p2a: Weezing|Weezing-Galar, M|100/100
|-fieldstart|move: Misty Terrain|[from] ability: Misty Surge|[of] p2a: Weezing
|move|p1a: Ditto|Iron Head|p2a: Weezing
|-supereffective|p2a: Weezing
|-damage|p2a: Weezing|23/100
|
|upkeep
|turn|11
|j| I'm sucking balls
|
|move|p1a: Ditto|Iron Head|p2a: Weezing
|-supereffective|p2a: Weezing
|-damage|p2a: Weezing|0 fnt
|faint|p2a: Weezing
|
|upkeep
|l| I'm sucking balls
|
|switch|p2a: Cloyster|Cloyster, M, shiny|100/100
|turn|12
|
|move|p1a: Ditto|Iron Head|p2a: Cloyster
|-damage|p2a: Cloyster|61/100
|move|p2a: Cloyster|Shell Smash|p2a: Cloyster
|-unboost|p2a: Cloyster|def|1
|-unboost|p2a: Cloyster|spd|1
|-boost|p2a: Cloyster|atk|2
|-boost|p2a: Cloyster|spa|2
|-boost|p2a: Cloyster|spe|2
|
|upkeep
|turn|13
|
|switch|p1a: Dayo|Mimikyu-Busted, M|15/100
|move|p2a: Cloyster|Icicle Spear|p1a: Dayo
|-damage|p1a: Dayo|0 fnt
|-hitcount|p1a: Dayo|1
|faint|p1a: Dayo
|
|upkeep
|
|switch|p1a: Ditto|Ditto|100/100
|-transform|p1a: Ditto|p2a: Cloyster|[from] ability: Imposter
|turn|14
|
|move|p1a: Ditto|Rock Blast|p2a: Cloyster
|-supereffective|p2a: Cloyster
|-damage|p2a: Cloyster|23/100
|-supereffective|p2a: Cloyster
|-damage|p2a: Cloyster|0 fnt
|-hitcount|p2a: Cloyster|2
|faint|p2a: Cloyster
|
|upkeep
|
|switch|p2a: Aegislash|Aegislash, F, shiny|100/100
|-item|p2a: Aegislash|Air Balloon
|turn|15
|
|move|p1a: Ditto|Rock Blast|p2a: Aegislash
|-resisted|p2a: Aegislash
|-damage|p2a: Aegislash|93/100
|-enditem|p2a: Aegislash|Air Balloon
|-resisted|p2a: Aegislash
|-damage|p2a: Aegislash|86/100
|-resisted|p2a: Aegislash
|-damage|p2a: Aegislash|80/100
|-resisted|p2a: Aegislash
|-damage|p2a: Aegislash|73/100
|-resisted|p2a: Aegislash
|-damage|p2a: Aegislash|66/100
|-hitcount|p2a: Aegislash|5
|-formechange|p2a: Aegislash|Aegislash-Blade||[from] ability: Stance Change
|move|p2a: Aegislash|Head Smash|p1a: Ditto
|-supereffective|p1a: Ditto
|-crit|p1a: Ditto
|-damage|p1a: Ditto|0 fnt
|-damage|p2a: Aegislash|9/100|[from] Recoil
|faint|p1a: Ditto
|
|upkeep
|
|switch|p1a: Big Bunny|Diggersby, M|100/100
|turn|16
|
|move|p1a: Big Bunny|Earthquake|p2a: Aegislash
|-supereffective|p2a: Aegislash
|-damage|p2a: Aegislash|0 fnt
|faint|p2a: Aegislash
|
|upkeep
|
|switch|p2a: Haxorus|Haxorus, M, shiny|100/100
|-ability|p2a: Haxorus|Mold Breaker
|turn|17
|
|move|p2a: Haxorus|Dragon Dance|p2a: Haxorus
|-boost|p2a: Haxorus|atk|1
|-boost|p2a: Haxorus|spe|1
|move|p1a: Big Bunny|Earthquake|p2a: Haxorus
|-damage|p2a: Haxorus|0 fnt
|faint|p2a: Haxorus
|
|win|Pavijo28
|l|☆early_human
|raw|Pavijo28's rating: 1887 &rarr; <strong>1898</strong><br />(+11 for winning)
|raw|early_human's rating: 1727 &rarr; <strong>1715</strong><br />(-12 for losing)
