|j|☆overthrower
|j|☆Relic Stone
|inactive|Battle timer is ON: inactive players will automatically lose when time's up.
|t:|1664073923
|gametype|singles
|player|p1|overthrower|#zuplivbutterfree|
|player|p2|Relic Stone|pokekid|
|teamsize|p1|6
|teamsize|p2|6
|gen|8
|tier|[Gen 8] OU
|rated|Tournament battle
|rule|Sleep Clause Mod: Limit one foe put to sleep
|rule|Species Clause: Limit one of each Pokémon
|rule|OHKO Clause: OHKO moves are banned
|rule|Evasion Items Clause: Evasion items are banned
|rule|Evasion Moves Clause: Evasion moves are banned
|rule|Endless Battle Clause: Forcing endless battles is banned
|rule|HP Percentage Mod: HP is shown in percentages
|rule|Dynamax Clause: You cannot dynamax
|clearpoke
|poke|p1|Kartana|
|poke|p1|Garchomp, F|
|poke|p1|Zapdos|
|poke|p1|Urshifu-*, M|
|poke|p1|Tapu Bulu|
|poke|p1|Melmetal|
|poke|p2|Tapu Lele|
|poke|p2|Ferrothorn, M|
|poke|p2|Slowbro, M|
|poke|p2|Heatran, M|
|poke|p2|Mandibuzz, F|
|poke|p2|Zeraora|
|teampreview
|inactive|overthrower also wants the timer to be on.
|j| X-Wing Fighter
|j| Kyurem
|c|☆Relic Stone|hf
|j| End Of Timess
|c|☆overthrower|hf
|inactive|overthrower has 120 seconds left.
|
|t:|1664073969
|start
|switch|p1a: Tapu Bulu|Tapu Bulu, shiny|100/100
|switch|p2a: Raven|Tapu Lele, shiny|100/100
|-fieldstart|move: Psychic Terrain|[from] ability: Psychic Surge|[of] p2a: Raven
|-fieldstart|move: Grassy Terrain|[from] ability: Grassy Surge|[of] p1a: Tapu Bulu
|turn|1
|j| Rubiaa
|j| d18l
|j|%Sww-Suwa
|inactive|overthrower has 120 seconds left.
|j| AmygdalanResponse
|
|t:|1664074011
|move|p2a: Raven|Moonblast|p1a: Tapu Bulu
|-crit|p1a: Tapu Bulu
|-damage|p1a: Tapu Bulu|0 fnt
|faint|p1a: Tapu Bulu
|
|upkeep
|c|☆overthrower|ok
|
|t:|1664074035
|switch|p1a: Melmetal|Melmetal, shiny|100/100
|turn|2
|
|t:|1664074038
|switch|p2a: Mantra|Slowbro, M, shiny|100/100
|move|p1a: Melmetal|Superpower|p2a: Mantra
|-resisted|p2a: Mantra
|-damage|p2a: Mantra|70/100
|-unboost|p1a: Melmetal|atk|1
|-unboost|p1a: Melmetal|def|1
|
|-heal|p2a: Mantra|77/100|[from] Grassy Terrain
|upkeep
|turn|3
|l| End Of Timess
|
|t:|1664074043
|switch|p1a: Zapdos|Zapdos, shiny|100/100
|move|p2a: Mantra|Teleport|p2a: Mantra
|
|t:|1664074056
|switch|p2a: Chaos|Heatran, M|100/100|[from]move: Teleport
|
|upkeep
|turn|4
|
|t:|1664074060
|move|p1a: Zapdos|Volt Switch|p2a: Chaos
|-damage|p2a: Chaos|65/100
|j| End Of Timess
|
|t:|1664074067
|switch|p1a: Garchomp|Garchomp, F, shiny|100/100|[from]move: Volt Switch
|move|p2a: Chaos|Eruption|p1a: Garchomp
|-resisted|p1a: Garchomp
|-damage|p1a: Garchomp|73/100
|
|-heal|p2a: Chaos|71/100|[from] Grassy Terrain
|-heal|p1a: Garchomp|79/100|[from] Grassy Terrain
|-heal|p1a: Garchomp|85/100|[from] item: Leftovers
|upkeep
|turn|5
|
|t:|1664074071
|switch|p2a: Temple|Ferrothorn, M, shiny|100/100
|move|p1a: Garchomp|Stealth Rock|p2a: Temple
|-sidestart|p2: Relic Stone|move: Stealth Rock
|
|-heal|p1a: Garchomp|91/100|[from] Grassy Terrain
|-heal|p1a: Garchomp|98/100|[from] item: Leftovers
|-fieldend|move: Grassy Terrain
|upkeep
|turn|6
|
|t:|1664074075
|switch|p1a: Zapdos|Zapdos, shiny|100/100
|move|p2a: Temple|Stealth Rock|p1a: Zapdos
|-sidestart|p1: overthrower|move: Stealth Rock
|
|upkeep
|turn|7
|
|t:|1664074079
|switch|p2a: Mantra|Slowbro, M, shiny|100/100
|move|p1a: Zapdos|Heat Wave|p2a: Mantra
|-resisted|p2a: Mantra
|-damage|p2a: Mantra|89/100
|
|upkeep
|turn|8
|
|t:|1664074082
|move|p1a: Zapdos|Hurricane|p2a: Mantra
|-damage|p2a: Mantra|47/100
|-start|p2a: Mantra|confusion
|-activate|p2a: Mantra|confusion
|-damage|p2a: Mantra|42/100|[from] confusion
|
|upkeep
|turn|9
|
|t:|1664074087
|switch|p2a: Zephyr|Zeraora, shiny|100/100
|move|p1a: Zapdos|Hurricane|p2a: Zephyr
|-resisted|p2a: Zephyr
|-damage|p2a: Zephyr|63/100
|
|upkeep
|turn|10
|
|t:|1664074092
|move|p2a: Zephyr|Knock Off|p1a: Zapdos
|-crit|p1a: Zapdos
|-damage|p1a: Zapdos|50/100
|-enditem|p1a: Zapdos|Heavy-Duty Boots|[from] move: Knock Off|[of] p2a: Zephyr
|move|p1a: Zapdos|Heat Wave|p2a: Zephyr
|-damage|p2a: Zephyr|24/100
|
|upkeep
|turn|11
|
|t:|1664074100
|switch|p1a: Garchomp|Garchomp, F, shiny|98/100
|-damage|p1a: Garchomp|91/100|[from] Stealth Rock
|move|p2a: Zephyr|Plasma Fists|p1a: Garchomp
|-immune|p1a: Garchomp
|
|-heal|p1a: Garchomp|98/100|[from] item: Leftovers
|upkeep
|turn|12
|
|t:|1664074110
|switch|p2a: Yami|Mandibuzz, F, shiny|100/100
|move|p1a: Garchomp|Toxic|p2a: Yami
|-status|p2a: Yami|tox
|
|-heal|p1a: Garchomp|100/100|[from] item: Leftovers
|-damage|p2a: Yami|94/100 tox|[from] psn
|upkeep
|turn|13
|
|t:|1664074117
|switch|p2a: Temple|Ferrothorn, M, shiny|100/100
|-damage|p2a: Temple|95/100|[from] Stealth Rock
|move|p1a: Garchomp|Protect||[still]
|-fail|p1a: Garchomp
|
|upkeep
|turn|14
|
|t:|1664074127
|switch|p1a: Urshifu|Urshifu-Rapid-Strike, M|100/100
|-damage|p1a: Urshifu|94/100|[from] Stealth Rock
|move|p2a: Temple|Leech Seed|p1a: Urshifu
|-start|p1a: Urshifu|move: Leech Seed
|
|-damage|p1a: Urshifu|82/100|[from] Leech Seed|[of] p2a: Temple
|-heal|p2a: Temple|100/100|[silent]
|upkeep
|turn|15
|
|t:|1664074136
|move|p1a: Urshifu|Close Combat|p2a: Temple
|-supereffective|p2a: Temple
|-damage|p2a: Temple|25/100
|-unboost|p1a: Urshifu|def|1
|-unboost|p1a: Urshifu|spd|1
|-activate|p2a: Temple|ability: Iron Barbs
|-activate|p1a: Urshifu|item: Protective Pads
|move|p2a: Temple|Leech Seed||[still]
|-fail|p2a: Temple
|
|-damage|p1a: Urshifu|70/100|[from] Leech Seed|[of] p2a: Temple
|-heal|p2a: Temple|37/100|[silent]
|upkeep
|turn|16
|j| amsTan
|
|t:|1664074146
|move|p1a: Urshifu|Close Combat|p2a: Temple
|-supereffective|p2a: Temple
|-damage|p2a: Temple|0 fnt
|-unboost|p1a: Urshifu|def|1
|-unboost|p1a: Urshifu|spd|1
|-activate|p2a: Temple|ability: Iron Barbs
|-activate|p1a: Urshifu|item: Protective Pads
|faint|p2a: Temple
|
|upkeep
|
|t:|1664074149
|switch|p2a: Raven|Tapu Lele, shiny|100/100
|-damage|p2a: Raven|88/100|[from] Stealth Rock
|-fieldstart|move: Psychic Terrain|[from] ability: Psychic Surge|[of] p2a: Raven
|turn|17
|j| Ladder Prodigy
|l| amsTan
|j| Zombini62
|
|t:|1664074166
|move|p2a: Raven|Future Sight|p1a: Urshifu
|-start|p2a: Raven|move: Future Sight
|move|p1a: Urshifu|Surging Strikes|p2a: Raven
|-crit|p2a: Raven
|-damage|p2a: Raven|57/100
|-crit|p2a: Raven
|-damage|p2a: Raven|21/100
|-crit|p2a: Raven
|-damage|p2a: Raven|0 fnt
|faint|p2a: Raven
|-hitcount|p2: Raven|3
|
|upkeep
|
|t:|1664074170
|switch|p2a: Zephyr|Zeraora, shiny|24/100
|turn|18
|
|t:|1664074181
|switch|p1a: Zapdos|Zapdos, shiny|50/100
|-damage|p1a: Zapdos|25/100|[from] Stealth Rock
|move|p2a: Zephyr|Plasma Fists|p1a: Zapdos
|-damage|p1a: Zapdos|0 fnt
|-fieldactivate|move: Ion Deluge
|-hint|Normal-type moves become Electric-type after using Plasma Fists.
|faint|p1a: Zapdos
|
|upkeep
|
|t:|1664074187
|switch|p1a: Garchomp|Garchomp, F, shiny|100/100
|-damage|p1a: Garchomp|94/100|[from] Stealth Rock
|turn|19
|
|t:|1664074193
|move|p2a: Zephyr|Knock Off|p1a: Garchomp
|-damage|p1a: Garchomp|68/100
|-damage|p2a: Zephyr|12/100|[from] ability: Rough Skin|[of] p1a: Garchomp
|-enditem|p1a: Garchomp|Leftovers|[from] move: Knock Off|[of] p2a: Zephyr
|move|p1a: Garchomp|Earthquake|p2a: Zephyr
|-supereffective|p2a: Zephyr
|-damage|p2a: Zephyr|0 fnt
|faint|p2a: Zephyr
|
|-end|p1a: Garchomp|move: Future Sight
|-damage|p1a: Garchomp|12/100
|upkeep
|
|t:|1664074203
|switch|p2a: Mantra|Slowbro, M, shiny|75/100
|turn|20
|
|t:|1664074208
|switch|p2a: Yami|Mandibuzz, F, shiny|94/100 tox
|move|p1a: Garchomp|Toxic|p2a: Yami
|-fail|p2a: Yami|tox
|
|-damage|p2a: Yami|88/100 tox|[from] psn
|upkeep
|turn|21
|
|t:|1664074212
|move|p1a: Garchomp|Protect|p1a: Garchomp
|-singleturn|p1a: Garchomp|Protect
|move|p2a: Yami|Foul Play|p1a: Garchomp
|-activate|p1a: Garchomp|move: Protect
|
|-damage|p2a: Yami|76/100 tox|[from] psn
|-fieldend|move: Psychic Terrain
|upkeep
|turn|22
|
|t:|1664074220
|switch|p1a: Urshifu|Urshifu-Rapid-Strike, M|70/100
|-damage|p1a: Urshifu|64/100|[from] Stealth Rock
|move|p2a: Yami|U-turn|p1a: Urshifu
|-resisted|p1a: Urshifu
|-damage|p1a: Urshifu|57/100
|
|t:|1664074224
|switch|p2a: Mantra|Slowbro, M, shiny|100/100|[from]move: U-turn
|
|upkeep
|turn|23
|
|t:|1664074228
|move|p1a: Urshifu|Taunt|p2a: Mantra
|-start|p2a: Mantra|move: Taunt
|move|p2a: Mantra|Scald|p1a: Urshifu
|-resisted|p1a: Urshifu
|-damage|p1a: Urshifu|35/100
|
|upkeep
|turn|24
|
|t:|1664074231
|move|p1a: Urshifu|U-turn|p2a: Mantra
|-supereffective|p2a: Mantra
|-damage|p2a: Mantra|60/100
|
|t:|1664074235
|switch|p1a: Garchomp|Garchomp, F, shiny|12/100|[from]move: U-turn
|-damage|p1a: Garchomp|6/100|[from] Stealth Rock
|move|p2a: Mantra|Scald|p1a: Garchomp
|-damage|p1a: Garchomp|0 fnt
|faint|p1a: Garchomp
|
|upkeep
|
|t:|1664074238
|switch|p1a: Melmetal|Melmetal, shiny|100/100
|-damage|p1a: Melmetal|94/100|[from] Stealth Rock
|turn|25
|
|t:|1664074246
|switch|p2a: Chaos|Heatran, M|71/100
|-damage|p2a: Chaos|59/100|[from] Stealth Rock
|move|p1a: Melmetal|Thunder Punch|p2a: Chaos
|-damage|p2a: Chaos|7/100
|
|upkeep
|turn|26
|
|t:|1664074259
|switch|p1a: Kartana|Kartana, shiny|100/100
|-damage|p1a: Kartana|94/100|[from] Stealth Rock
|move|p2a: Chaos|Flamethrower|p1a: Kartana
|-supereffective|p1a: Kartana
|-damage|p1a: Kartana|0 fnt
|faint|p1a: Kartana
|
|upkeep
|
|t:|1664074260
|switch|p1a: Urshifu|Urshifu-Rapid-Strike, M|35/100
|-damage|p1a: Urshifu|29/100|[from] Stealth Rock
|turn|27
|
|t:|1664074272
|switch|p2a: Mantra|Slowbro, M, shiny|93/100
|move|p1a: Urshifu|Surging Strikes|p2a: Mantra
|-resisted|p2a: Mantra
|-crit|p2a: Mantra
|-damage|p2a: Mantra|84/100
|-resisted|p2a: Mantra
|-crit|p2a: Mantra
|-damage|p2a: Mantra|75/100
|-resisted|p2a: Mantra
|-crit|p2a: Mantra
|-damage|p2a: Mantra|67/100
|-hitcount|p2a: Mantra|3
|
|upkeep
|turn|28
|
|t:|1664074282
|move|p1a: Urshifu|U-turn|p2a: Mantra
|-supereffective|p2a: Mantra
|-damage|p2a: Mantra|22/100
|
|t:|1664074283
|switch|p1a: Melmetal|Melmetal, shiny|94/100|[from]move: U-turn
|-damage|p1a: Melmetal|88/100|[from] Stealth Rock
|move|p2a: Mantra|Teleport|p2a: Mantra
|
|t:|1664074290
|switch|p2a: Yami|Mandibuzz, F, shiny|76/100 tox|[from]move: Teleport
|
|-damage|p2a: Yami|70/100 tox|[from] psn
|upkeep
|turn|29
|
|t:|1664074295
|move|p2a: Yami|Defog|p1a: Melmetal
|-unboost|p1a: Melmetal|evasion|1
|-sideend|p1: overthrower|Stealth Rock|[from] move: Defog|[of] p2a: Yami
|-sideend|p2: Relic Stone|Stealth Rock|[from] move: Defog|[of] p2a: Yami
|move|p1a: Melmetal|Double Iron Bash|p2a: Yami
|-damage|p2a: Yami|25/100 tox
|-damage|p2a: Yami|0 fnt
|faint|p2a: Yami
|-hitcount|p2: Yami|2
|
|upkeep
|
|t:|1664074303
|switch|p2a: Chaos|Heatran, M|7/100
|turn|30
|
|t:|1664074310
|move|p2a: Chaos|Flamethrower|p1a: Melmetal
|-supereffective|p1a: Melmetal
|-damage|p1a: Melmetal|0 fnt
|faint|p1a: Melmetal
|
|upkeep
|
|t:|1664074312
|switch|p1a: Urshifu|Urshifu-Rapid-Strike, M|29/100
|turn|31
|
|t:|1664074316
|switch|p2a: Mantra|Slowbro, M, shiny|56/100
|move|p1a: Urshifu|Surging Strikes|p2a: Mantra
|-resisted|p2a: Mantra
|-crit|p2a: Mantra
|-damage|p2a: Mantra|47/100
|-resisted|p2a: Mantra
|-crit|p2a: Mantra
|-damage|p2a: Mantra|38/100
|-resisted|p2a: Mantra
|-crit|p2a: Mantra
|-damage|p2a: Mantra|30/100
|-hitcount|p2a: Mantra|3
|
|upkeep
|turn|32
|
|t:|1664074321
|switch|p2a: Chaos|Heatran, M|7/100
|move|p1a: Urshifu|U-turn|p2a: Chaos
|-resisted|p2a: Chaos
|-damage|p2a: Chaos|0 fnt
|faint|p2a: Chaos
|
|upkeep
|
|t:|1664074323
|switch|p2a: Mantra|Slowbro, M, shiny|63/100
|turn|33
|
|t:|1664074326
|move|p1a: Urshifu|U-turn|p2a: Mantra
|-supereffective|p2a: Mantra
|-damage|p2a: Mantra|19/100
|move|p2a: Mantra|Scald|p1a: Urshifu
|-resisted|p1a: Urshifu
|-crit|p1a: Urshifu
|-damage|p1a: Urshifu|0 fnt
|faint|p1a: Urshifu
|
|win|Relic Stone
|n|☆overthrower|overthrower
|n|☆Relic Stone|relicstone
|n| X-Wing Fighter|xwingfighter
|n| Kyurem|kyurem
|n| Rubiaa|rubiaa
|n| d18l|d18l
|n| Sww-Suwa|swwsuwa
|n| AmygdalanResponse|amygdalanresponse
|n| End Of Timess|endoftimess
|n| Ladder Prodigy|ladderprodigy
|n| Zombini62|zombini62
|c|☆overthrower|,
|l|☆Relic Stone
|l| Zombini62
|l| X-Wing Fighter
|c|☆overthrower|man
|l| Kyurem
|l| End Of Timess
|l| Sww-Suwa
|c|☆overthrower|ridiculous game
|j| Zombini62
|l| Zombini62
