|j|☆Makatuk
|j|☆Colonel Rivai
|t:|1650033272
|gametype|singles
|player|p1|Makatuk|red|1803
|player|p2|Colonel Rivai|101|1839
|teamsize|p1|6
|teamsize|p2|6
|gen|8
|tier|[Gen 8] OU
|rated|
|rule|Sleep Clause Mod: Limit one foe put to sleep
|rule|Species Clause: Limit one of each Pokémon
|rule|OHKO Clause: OHKO moves are banned
|rule|Evasion Moves Clause: Evasion moves are banned
|rule|Endless Battle Clause: Forcing endless battles is banned
|rule|HP Percentage Mod: HP is shown in percentages
|rule|Dynamax Clause: You cannot dynamax
|clearpoke
|poke|p1|Dragonite, M|
|poke|p1|Heatran, M|
|poke|p1|Rillaboom, F|
|poke|p1|Espeon, F|
|poke|p1|Urshifu-*, F|
|poke|p1|Regieleki|
|poke|p2|Hydreigon, F|
|poke|p2|Kartana|
|poke|p2|Blacephalon|
|poke|p2|Landorus-Therian, M|
|poke|p2|Melmetal|
|poke|p2|Toxapex, M|
|teampreview
|inactive|Battle timer is ON: inactive players will automatically lose when time's up. (requested by Makatuk)
|j| PrivacyPro
|j| Ngannou Francis
|inactive|Colonel Rivai has 120 seconds left.
|
|t:|1650033315
|start
|switch|p1a: DROGON|Dragonite, M|100/100
|switch|p2a: Blacephalon|Blacephalon|100/100
|turn|1
|j| trynabelikeblunder
|l| trynabelikeblunder
|
|t:|1650033325
|move|p2a: Blacephalon|Trick|p1a: DROGON
|-activate|p2a: Blacephalon|move: Trick|[of] p1a: DROGON
|-item|p1a: DROGON|Choice Scarf|[from] move: Trick
|-item|p2a: Blacephalon|Expert Belt|[from] move: Trick
|move|p1a: DROGON|Thunder|p2a: Blacephalon
|-damage|p2a: Blacephalon|38/100
|-status|p2a: Blacephalon|par
|
|upkeep
|turn|2
|
|t:|1650033336
|switch|p1a: WATERBEAR|Urshifu-Rapid-Strike, F|100/100
|move|p2a: Blacephalon|Trick|p1a: WATERBEAR
|-activate|p2a: Blacephalon|move: Trick|[of] p1a: WATERBEAR
|-item|p1a: WATERBEAR|Expert Belt|[from] move: Trick
|-item|p2a: Blacephalon|Mystic Water|[from] move: Trick
|
|upkeep
|turn|3
|
|t:|1650033350
|switch|p2a: Toxapex|Toxapex, M|100/100
|move|p1a: WATERBEAR|Thunder Punch|p2a: Toxapex
|-supereffective|p2a: Toxapex
|-damage|p2a: Toxapex|58/100
|-status|p2a: Toxapex|par
|-damage|p1a: WATERBEAR|84/100|[from] item: Rocky Helmet|[of] p2a: Toxapex
|
|upkeep
|turn|4
|
|t:|1650033358
|move|p1a: WATERBEAR|Thunder Punch|p2a: Toxapex
|-supereffective|p2a: Toxapex
|-damage|p2a: Toxapex|19/100 par
|-damage|p1a: WATERBEAR|67/100|[from] item: Rocky Helmet|[of] p2a: Toxapex
|cant|p2a: Toxapex|par
|
|upkeep
|turn|5
|j| Fitzcarraldo
|
|t:|1650033374
|move|p1a: WATERBEAR|Thunder Punch|p2a: Toxapex
|-supereffective|p2a: Toxapex
|-damage|p2a: Toxapex|0 fnt
|-damage|p1a: WATERBEAR|50/100|[from] item: Rocky Helmet|[of] p2a: Toxapex
|faint|p2a: Toxapex
|
|upkeep
|
|t:|1650033381
|switch|p2a: Kartana|Kartana|100/100
|turn|6
|
|t:|1650033393
|move|p2a: Kartana|Knock Off|p1a: WATERBEAR
|-resisted|p1a: WATERBEAR
|-damage|p1a: WATERBEAR|18/100
|-enditem|p1a: WATERBEAR|Expert Belt|[from] move: Knock Off|[of] p2a: Kartana
|move|p1a: WATERBEAR|Close Combat|p2a: Kartana
|-supereffective|p2a: Kartana
|-damage|p2a: Kartana|0 fnt
|-unboost|p1a: WATERBEAR|def|1
|-unboost|p1a: WATERBEAR|spd|1
|faint|p2a: Kartana
|
|upkeep
|-message|Colonel Rivai forfeited.
|
|win|Makatuk
|raw|Makatuk's rating: 1803 &rarr; <strong>1825</strong><br />(+22 for winning)
|raw|Colonel Rivai's rating: 1839 &rarr; <strong>1817</strong><br />(-22 for losing)
|l|☆Colonel Rivai
|j| test9753
|l|☆Makatuk
|l| PrivacyPro
|l| test9753
|l| Ngannou Francis
