|j|☆Chikami
|j|☆RNGesus
|t:|1650500396
|gametype|singles
|player|p1|Chikami|nate|1755
|player|p2|RNGesus|roughneck|1827
|teamsize|p1|6
|teamsize|p2|6
|gen|8
|tier|[Gen 8] OU
|rated|
|rule|Sleep Clause Mod: Limit one foe put to sleep
|rule|Species Clause: Limit one of each Pokémon
|rule|OHKO Clause: OHKO moves are banned
|rule|Evasion Moves Clause: Evasion moves are banned
|rule|Endless Battle Clause: Forcing endless battles is banned
|rule|HP Percentage Mod: HP is shown in percentages
|rule|Dynamax Clause: You cannot dynamax
|clearpoke
|poke|p1|Scolipede, M|
|poke|p1|Dragapult, M|
|poke|p1|Crawdaunt, M|
|poke|p1|Regieleki|
|poke|p1|Zapdos-Galar|
|poke|p1|Excadrill, F|
|poke|p2|Toxapex, F|
|poke|p2|Landorus-Therian, M|
|poke|p2|Melmetal|
|poke|p2|Weavile, M|
|poke|p2|Combusken, M|
|poke|p2|Blaziken, F|
|teampreview
|inactive|Battle timer is ON: inactive players will automatically lose when time's up. (requested by Chikami)
|
|t:|1650500424
|start
|switch|p1a: Excadrill|Excadrill, F|100/100
|switch|p2a: size princess|Melmetal|100/100
|-ability|p1a: Excadrill|Mold Breaker
|turn|1
|j| studysess
|
|t:|1650500434
|move|p1a: Excadrill|Stealth Rock|p2a: size princess
|-sidestart|p2: RNGesus|move: Stealth Rock
|move|p2a: size princess|Double Iron Bash|p1a: Excadrill
|-resisted|p1a: Excadrill
|-damage|p1a: Excadrill|82/100
|-resisted|p1a: Excadrill
|-damage|p1a: Excadrill|65/100
|-hitcount|p1a: Excadrill|2
|
|upkeep
|turn|2
|
|t:|1650500451
|move|p1a: Excadrill|Earthquake|p2a: size princess
|-supereffective|p2a: size princess
|-damage|p2a: size princess|51/100
|move|p2a: size princess|Earthquake|p1a: Excadrill
|-supereffective|p1a: Excadrill
|-damage|p1a: Excadrill|2/100
|
|-heal|p2a: size princess|57/100|[from] item: Leftovers
|upkeep
|turn|3
|c|☆RNGesus|tf
|c|☆RNGesus|melm is shit
|
|t:|1650500469
|switch|p1a: Zapdos|Zapdos-Galar|100/100
|move|p2a: size princess|Protect||[still]
|-fail|p2a: size princess
|
|-heal|p2a: size princess|63/100|[from] item: Leftovers
|upkeep
|turn|4
|j| disliked
|
|t:|1650500484
|move|p2a: size princess|Protect|p2a: size princess
|-singleturn|p2a: size princess|Protect
|move|p1a: Zapdos|Thunderous Kick|p2a: size princess
|-activate|p2a: size princess|move: Protect
|
|-heal|p2a: size princess|69/100|[from] item: Leftovers
|upkeep
|turn|5
|
|t:|1650500486
|switch|p2a: chicken baby|Toxapex, F|100/100
|-damage|p2a: chicken baby|88/100|[from] Stealth Rock
|move|p1a: Zapdos|Thunderous Kick|p2a: chicken baby
|-resisted|p2a: chicken baby
|-damage|p2a: chicken baby|67/100
|-unboost|p2a: chicken baby|def|1
|-damage|p1a: Zapdos|84/100|[from] item: Rocky Helmet|[of] p2a: chicken baby
|
|upkeep
|turn|6
|
|t:|1650500498
|move|p1a: Zapdos|Thunderous Kick|p2a: chicken baby
|-resisted|p2a: chicken baby
|-damage|p2a: chicken baby|35/100
|-unboost|p2a: chicken baby|def|1
|-damage|p1a: Zapdos|67/100|[from] item: Rocky Helmet|[of] p2a: chicken baby
|move|p2a: chicken baby|Knock Off|p1a: Zapdos
|-resisted|p1a: Zapdos
|-damage|p1a: Zapdos|59/100
|-enditem|p1a: Zapdos|Choice Band|[from] move: Knock Off|[of] p2a: chicken baby
|
|upkeep
|turn|7
|
|t:|1650500508
|switch|p2a: size princess|Melmetal|69/100
|-damage|p2a: size princess|63/100|[from] Stealth Rock
|move|p1a: Zapdos|Brave Bird|p2a: size princess
|-resisted|p2a: size princess
|-damage|p2a: size princess|48/100
|-damage|p1a: Zapdos|52/100|[from] Recoil
|
|-heal|p2a: size princess|54/100|[from] item: Leftovers
|upkeep
|turn|8
|
|t:|1650500512
|move|p1a: Zapdos|Close Combat|p2a: size princess
|-supereffective|p2a: size princess
|-damage|p2a: size princess|0 fnt
|-unboost|p1a: Zapdos|def|1
|-unboost|p1a: Zapdos|spd|1
|faint|p2a: size princess
|
|upkeep
|
|t:|1650500521
|switch|p2a: heliocentrist|Blaziken, F|100/100
|-damage|p2a: heliocentrist|88/100|[from] Stealth Rock
|turn|9
|j| yb is BETTER
|
|t:|1650500527
|move|p2a: heliocentrist|Protect|p2a: heliocentrist
|-singleturn|p2a: heliocentrist|Protect
|move|p1a: Zapdos|Brave Bird|p2a: heliocentrist
|-activate|p2a: heliocentrist|move: Protect
|
|-ability|p2a: heliocentrist|Speed Boost|boost
|-boost|p2a: heliocentrist|spe|1
|upkeep
|turn|10
|
|t:|1650500532
|move|p2a: heliocentrist|Thunder Punch|p1a: Zapdos
|-supereffective|p1a: Zapdos
|-damage|p1a: Zapdos|0 fnt
|faint|p1a: Zapdos
|-damage|p2a: heliocentrist|78/100|[from] item: Life Orb
|
|-ability|p2a: heliocentrist|Speed Boost|boost
|-boost|p2a: heliocentrist|spe|1
|upkeep
|j| Cappinkev
|
|t:|1650500538
|switch|p1a: Crawdaunt|Crawdaunt, M|100/100
|turn|11
|
|t:|1650500543
|move|p1a: Crawdaunt|Aqua Jet|p2a: heliocentrist
|-supereffective|p2a: heliocentrist
|-damage|p2a: heliocentrist|0 fnt
|faint|p2a: heliocentrist
|-damage|p1a: Crawdaunt|91/100|[from] item: Life Orb
|
|upkeep
|
|t:|1650500546
|switch|p2a: chicken baby|Toxapex, F|69/100
|-damage|p2a: chicken baby|57/100|[from] Stealth Rock
|turn|12
|
|t:|1650500554
|move|p1a: Crawdaunt|Knock Off|p2a: chicken baby
|-damage|p2a: chicken baby|2/100
|-damage|p1a: Crawdaunt|74/100|[from] item: Rocky Helmet|[of] p2a: chicken baby
|-enditem|p2a: chicken baby|Rocky Helmet|[from] move: Knock Off|[of] p1a: Crawdaunt
|-damage|p1a: Crawdaunt|64/100|[from] item: Life Orb
|move|p2a: chicken baby|Knock Off|p1a: Crawdaunt
|-resisted|p1a: Crawdaunt
|-damage|p1a: Crawdaunt|55/100
|-enditem|p1a: Crawdaunt|Life Orb|[from] move: Knock Off|[of] p2a: chicken baby
|
|upkeep
|turn|13
|j| Trap pink leggins
|
|t:|1650500566
|move|p1a: Crawdaunt|Knock Off|p2a: chicken baby
|-damage|p2a: chicken baby|0 fnt
|faint|p2a: chicken baby
|
|upkeep
|
|t:|1650500568
|switch|p2a: elon busk|Combusken, M|100/100
|-damage|p2a: elon busk|88/100|[from] Stealth Rock
|turn|14
|l| Trap pink leggins
|
|t:|1650500572
|move|p2a: elon busk|Protect|p2a: elon busk
|-singleturn|p2a: elon busk|Protect
|move|p1a: Crawdaunt|Aqua Jet|p2a: elon busk
|-activate|p2a: elon busk|move: Protect
|
|-ability|p2a: elon busk|Speed Boost|boost
|-boost|p2a: elon busk|spe|1
|upkeep
|turn|15
|
|t:|1650500574
|move|p2a: elon busk|Vacuum Wave|p1a: Crawdaunt
|-supereffective|p1a: Crawdaunt
|-damage|p1a: Crawdaunt|0 fnt
|faint|p1a: Crawdaunt
|-damage|p2a: elon busk|78/100|[from] item: Life Orb
|
|-ability|p2a: elon busk|Speed Boost|boost
|-boost|p2a: elon busk|spe|1
|upkeep
|c|☆RNGesus|i forgot i had that
|c|☆RNGesus|for the record
|
|t:|1650500585
|switch|p1a: Dragapult|Dragapult, M|100/100
|turn|16
|
|t:|1650500598
|move|p1a: Dragapult|Dragon Dance|p1a: Dragapult
|-boost|p1a: Dragapult|atk|1
|-boost|p1a: Dragapult|spe|1
|move|p2a: elon busk|Fire Blast|p1a: Dragapult
|-resisted|p1a: Dragapult
|-damage|p1a: Dragapult|50/100
|-damage|p2a: elon busk|68/100|[from] item: Life Orb
|
|-ability|p2a: elon busk|Speed Boost|boost
|-boost|p2a: elon busk|spe|1
|upkeep
|turn|17
|
|t:|1650500619
|move|p2a: elon busk|Protect|p2a: elon busk
|-singleturn|p2a: elon busk|Protect
|move|p1a: Dragapult|Dragon Darts|p2a: elon busk
|-activate|p2a: elon busk|move: Protect
|
|-ability|p2a: elon busk|Speed Boost|boost
|-boost|p2a: elon busk|spe|1
|upkeep
|turn|18
|
|t:|1650500623
|move|p1a: Dragapult|Dragon Darts|p2a: elon busk
|-damage|p2a: elon busk|0 fnt
|faint|p2a: elon busk
|-damage|p1a: Dragapult|40/100|[from] item: Life Orb
|
|upkeep
|c|☆RNGesus|wtf
|
|t:|1650500627
|switch|p2a: bodily fluids|Weavile, M|100/100
|-ability|p2a: bodily fluids|Pressure
|turn|19
|
|t:|1650500635
|switch|p1a: Excadrill|Excadrill, F|2/100
|-ability|p1a: Excadrill|Mold Breaker
|move|p2a: bodily fluids|Ice Shard|p1a: Excadrill
|-damage|p1a: Excadrill|0 fnt
|faint|p1a: Excadrill
|
|upkeep
|
|t:|1650500643
|switch|p1a: Regieleki|Regieleki|100/100
|turn|20
|
|t:|1650500654
|move|p1a: Regieleki|Reflect|p1a: Regieleki
|-sidestart|p1: Chikami|Reflect
|move|p2a: bodily fluids|Swords Dance|p2a: bodily fluids
|-boost|p2a: bodily fluids|atk|2
|
|upkeep
|turn|21
|
|t:|1650500660
|move|p1a: Regieleki|Explosion|p2a: bodily fluids
|-damage|p2a: bodily fluids|0 fnt
|faint|p1a: Regieleki
|faint|p2a: bodily fluids
|
|upkeep
|c|☆RNGesus|that kills
|-message|RNGesus forfeited.
|
|win|Chikami
|raw|Chikami's rating: 1755 &rarr; <strong>1780</strong><br />(+25 for winning)
|raw|RNGesus's rating: 1848 &rarr; <strong>1823</strong><br />(-25 for losing)
|l|☆RNGesus
|l| studysess
