|raw|<div class="broadcast-blue"><strong>This battle is required to be public due to a player having a name starting with 'btlt200'.</div>
|j|☆RKOTiramisu
|j|☆btlt200$ Oakdeon
|t:|1667901047
|gametype|singles
|player|p1|RKOTiramisu|lusamine|1544
|player|p2|btlt200$ Oakdeon|ethan|1551
|teamsize|p1|6
|teamsize|p2|6
|gen|8
|tier|[Gen 8] OU
|rated|
|rule|Sleep Clause Mod: Limit one foe put to sleep
|rule|Species Clause: Limit one of each Pokémon
|rule|OHKO Clause: OHKO moves are banned
|rule|Evasion Items Clause: Evasion items are banned
|rule|Evasion Moves Clause: Evasion moves are banned
|rule|Endless Battle Clause: Forcing endless battles is banned
|rule|HP Percentage Mod: HP is shown in percentages
|rule|Dynamax Clause: You cannot dynamax
|clearpoke
|poke|p1|Victini|
|poke|p1|Landorus-Therian, M|
|poke|p1|Accelgor, F|
|poke|p1|Melmetal|
|poke|p1|Suicune|
|poke|p1|Kommo-o, F|
|poke|p2|Rillaboom, F|
|poke|p2|Tornadus-Therian, M|
|poke|p2|Blaziken, M|
|poke|p2|Melmetal|
|poke|p2|Garchomp, M|
|poke|p2|Slowbro, F|
|teampreview
|inactive|Battle timer is ON: inactive players will automatically lose when time's up. (requested by RKOTiramisu)
|
|t:|1667901059
|start
|switch|p1a: Victini|Victini|100/100
|switch|p2a: Garchomp|Garchomp, M|100/100
|turn|1
|
|t:|1667901063
|move|p1a: Victini|Final Gambit|p2a: Garchomp
|-damage|p2a: Garchomp|4/100
|faint|p1a: Victini
|move|p2a: Garchomp|Toxic|p1: Victini|[notarget]
|-fail|p2a: Garchomp
|
|-heal|p2a: Garchomp|10/100|[from] item: Leftovers
|upkeep
|
|t:|1667901066
|switch|p1a: Landorus|Landorus-Therian, M|100/100
|-ability|p1a: Landorus|Intimidate|boost
|-unboost|p2a: Garchomp|atk|1
|turn|2
|
|t:|1667901070
|switch|p2a: Slowbro|Slowbro, F|100/100
|move|p1a: Landorus|Earthquake|p2a: Slowbro
|-damage|p2a: Slowbro|69/100
|
|upkeep
|turn|3
|j| ad dukhan
|
|t:|1667901079
|move|p1a: Landorus|Stealth Rock|p2a: Slowbro
|-sidestart|p2: btlt200$ Oakdeon|move: Stealth Rock
|move|p2a: Slowbro|Teleport|p2a: Slowbro
|
|t:|1667901082
|switch|p2a: Rillaboom|Rillaboom, F|100/100|[from]move: Teleport
|-damage|p2a: Rillaboom|88/100|[from] Stealth Rock
|-fieldstart|move: Grassy Terrain|[from] ability: Grassy Surge|[of] p2a: Rillaboom
|
|-heal|p2a: Rillaboom|94/100|[from] Grassy Terrain
|-heal|p2a: Rillaboom|100/100|[from] item: Leftovers
|upkeep
|turn|4
|j| Ibibi
|
|t:|1667901101
|move|p1a: Landorus|Swords Dance|p1a: Landorus
|-boost|p1a: Landorus|atk|2
|move|p2a: Rillaboom|Swords Dance|p2a: Rillaboom
|-boost|p2a: Rillaboom|atk|2
|
|upkeep
|turn|5
|
|t:|1667901104
|move|p2a: Rillaboom|Grassy Glide|p1a: Landorus
|-enditem|p1a: Landorus|Focus Sash
|-damage|p1a: Landorus|1/100
|move|p1a: Landorus|Explosion|p2a: Rillaboom
|-damage|p2a: Rillaboom|0 fnt
|faint|p1a: Landorus
|faint|p2a: Rillaboom
|
|upkeep
|
|t:|1667901111
|switch|p1a: Accelgor|Accelgor, F|100/100
|switch|p2a: Blaziken|Blaziken, M|100/100
|-damage|p2a: Blaziken|88/100|[from] Stealth Rock
|turn|6
|
|t:|1667901115
|switch|p2a: Garchomp|Garchomp, M|10/100
|-damage|p2a: Garchomp|4/100|[from] Stealth Rock
|move|p1a: Accelgor|Final Gambit|p2a: Garchomp
|-damage|p2a: Garchomp|0 fnt
|faint|p1a: Accelgor
|faint|p2a: Garchomp
|
|upkeep
|
|t:|1667901127
|switch|p1a: Kommo-o|Kommo-o, F|100/100
|switch|p2a: Melmetal|Melmetal|100/100
|-damage|p2a: Melmetal|94/100|[from] Stealth Rock
|turn|7
|l| ad dukhan
|
|t:|1667901135
|switch|p1a: Suicune|Suicune|100/100
|-ability|p1a: Suicune|Pressure
|switch|p2a: Slowbro|Slowbro, F|100/100
|-damage|p2a: Slowbro|88/100|[from] Stealth Rock
|
|-heal|p2a: Slowbro|94/100|[from] Grassy Terrain
|-fieldend|move: Grassy Terrain
|upkeep
|turn|8
|
|t:|1667901145
|move|p1a: Suicune|Substitute|p1a: Suicune
|-start|p1a: Suicune|Substitute
|-damage|p1a: Suicune|75/100
|move|p2a: Slowbro|Future Sight|p1a: Suicune
|-start|p2a: Slowbro|move: Future Sight
|
|-heal|p1a: Suicune|82/100|[from] item: Leftovers
|upkeep
|turn|9
|
|t:|1667901147
|move|p1a: Suicune|Calm Mind|p1a: Suicune
|-boost|p1a: Suicune|spa|1
|-boost|p1a: Suicune|spd|1
|move|p2a: Slowbro|Teleport|p2a: Slowbro
|
|t:|1667901149
|switch|p2a: Melmetal|Melmetal|94/100|[from]move: Teleport
|-damage|p2a: Melmetal|88/100|[from] Stealth Rock
|
|-heal|p1a: Suicune|88/100|[from] item: Leftovers
|-heal|p2a: Melmetal|94/100|[from] item: Leftovers
|upkeep
|turn|10
|
|t:|1667901152
|move|p1a: Suicune|Protect|p1a: Suicune
|-singleturn|p1a: Suicune|Protect
|move|p2a: Melmetal|Thunder Punch|p1a: Suicune
|-activate|p1a: Suicune|move: Protect
|
|-end|p1a: Suicune|move: Future Sight
|-activate|p1a: Suicune|move: Substitute|[damage]
|-heal|p1a: Suicune|94/100|[from] item: Leftovers
|-heal|p2a: Melmetal|100/100|[from] item: Leftovers
|upkeep
|turn|11
|
|t:|1667901156
|move|p1a: Suicune|Scald|p2a: Melmetal
|-damage|p2a: Melmetal|70/100
|move|p2a: Melmetal|Thunder Punch|p1a: Suicune
|-supereffective|p1a: Suicune
|-end|p1a: Suicune|Substitute
|
|-heal|p1a: Suicune|99/100|[from] item: Leftovers
|-heal|p2a: Melmetal|76/100|[from] item: Leftovers
|upkeep
|turn|12
|
|t:|1667901160
|move|p1a: Suicune|Scald|p2a: Melmetal
|-damage|p2a: Melmetal|42/100
|move|p2a: Melmetal|Thunder Punch|p1a: Suicune
|-supereffective|p1a: Suicune
|-damage|p1a: Suicune|54/100
|
|-heal|p1a: Suicune|60/100|[from] item: Leftovers
|-heal|p2a: Melmetal|49/100|[from] item: Leftovers
|upkeep
|turn|13
|
|t:|1667901164
|move|p1a: Suicune|Scald|p2a: Melmetal
|-damage|p2a: Melmetal|13/100
|move|p2a: Melmetal|Thunder Punch|p1a: Suicune
|-supereffective|p1a: Suicune
|-damage|p1a: Suicune|12/100
|
|-heal|p1a: Suicune|18/100|[from] item: Leftovers
|-heal|p2a: Melmetal|19/100|[from] item: Leftovers
|upkeep
|turn|14
|
|t:|1667901168
|move|p1a: Suicune|Protect|p1a: Suicune
|-singleturn|p1a: Suicune|Protect
|move|p2a: Melmetal|Thunder Punch|p1a: Suicune
|-activate|p1a: Suicune|move: Protect
|
|-heal|p1a: Suicune|24/100|[from] item: Leftovers
|-heal|p2a: Melmetal|25/100|[from] item: Leftovers
|upkeep
|turn|15
|
|t:|1667901171
|move|p1a: Suicune|Scald|p2a: Melmetal
|-damage|p2a: Melmetal|0 fnt
|faint|p2a: Melmetal
|
|-heal|p1a: Suicune|30/100|[from] item: Leftovers
|upkeep
|
|t:|1667901174
|switch|p2a: Blaziken|Blaziken, M|88/100
|-damage|p2a: Blaziken|76/100|[from] Stealth Rock
|turn|16
|
|t:|1667901176
|move|p1a: Suicune|Scald|p2a: Blaziken
|-supereffective|p2a: Blaziken
|-damage|p2a: Blaziken|0 fnt
|faint|p2a: Blaziken
|
|-heal|p1a: Suicune|37/100|[from] item: Leftovers
|upkeep
|-message|btlt200$ Oakdeon forfeited.
|
|win|RKOTiramisu
|raw|RKOTiramisu's rating: 1544 &rarr; <strong>1564</strong><br />(+20 for winning)
|raw|btlt200$ Oakdeon's rating: 1551 &rarr; <strong>1531</strong><br />(-20 for losing)
|l|☆btlt200$ Oakdeon
