|j|‽djok barra hi
|j|‽goran el draco
|t:|1649675104
|gametype|singles
|player|p1|djok barra hi|102|1829
|player|p2|goran el draco|harlequin|1942
|teamsize|p1|6
|teamsize|p2|6
|gen|8
|tier|[Gen 8] OU
|rated|
|rule|Sleep Clause Mod: Limit one foe put to sleep
|rule|Species Clause: Limit one of each Pokémon
|rule|OHKO Clause: OHKO moves are banned
|rule|Evasion Moves Clause: Evasion moves are banned
|rule|Endless Battle Clause: Forcing endless battles is banned
|rule|HP Percentage Mod: HP is shown in percentages
|rule|Dynamax Clause: You cannot dynamax
|clearpoke
|poke|p1|Regieleki|
|poke|p1|Garchomp, F|
|poke|p1|Blissey, F|
|poke|p1|Heatran, F|
|poke|p1|Zapdos|
|poke|p1|Buzzwole|
|poke|p2|Obstagoon, F|
|poke|p2|Tyranitar, F|
|poke|p2|Landorus-Therian, M|
|poke|p2|Dragapult, F|
|poke|p2|Blacephalon|
|poke|p2|Clefable, F|
|teampreview
|inactive|Battle timer is ON: inactive players will automatically lose when time's up. (requested by goran el draco)
|
|t:|1649675118
|start
|switch|p1a: Garchomp|Garchomp, F|100/100
|switch|p2a: Dragapult|Dragapult, F|100/100
|turn|1
|
|t:|1649675128
|move|p1a: Garchomp|Protect|p1a: Garchomp
|-singleturn|p1a: Garchomp|Protect
|move|p2a: Dragapult|Draco Meteor|p1a: Garchomp
|-activate|p1a: Garchomp|move: Protect
|
|upkeep
|turn|2
|
|t:|1649675132
|switch|p2a: Tyranitar|Tyranitar, F|100/100
|-weather|Sandstorm|[from] ability: Sand Stream|[of] p2a: Tyranitar
|switch|p1a: Heatran|Heatran, F|100/100
|
|-weather|Sandstorm|[upkeep]
|upkeep
|turn|3
|
|t:|1649675136
|switch|p1a: Garchomp|Garchomp, F|100/100
|move|p2a: Tyranitar|Stone Edge|p1a: Garchomp|[miss]
|-miss|p2a: Tyranitar|p1a: Garchomp
|
|-weather|Sandstorm|[upkeep]
|upkeep
|turn|4
|
|t:|1649675145
|move|p1a: Garchomp|Stealth Rock|p2a: Tyranitar
|-sidestart|p2: goran el draco|move: Stealth Rock
|move|p2a: Tyranitar|Stone Edge|p1a: Garchomp
|-resisted|p1a: Garchomp
|-damage|p1a: Garchomp|75/100
|
|-weather|Sandstorm|[upkeep]
|-heal|p1a: Garchomp|82/100|[from] item: Leftovers
|upkeep
|turn|5
|inactive|djok barra hi has 120 seconds left.
|
|t:|1649675175
|switch|p2a: Landorus|Landorus-Therian, M|100/100
|-damage|p2a: Landorus|88/100|[from] Stealth Rock
|-ability|p2a: Landorus|Intimidate|boost
|-unboost|p1a: Garchomp|atk|1
|move|p1a: Garchomp|Toxic|p2a: Landorus|[miss]
|-miss|p1a: Garchomp|p2a: Landorus
|
|-weather|Sandstorm|[upkeep]
|-heal|p1a: Garchomp|88/100|[from] item: Leftovers
|upkeep
|turn|6
|
|t:|1649675187
|move|p1a: Garchomp|Toxic|p2a: Landorus|[miss]
|-miss|p1a: Garchomp|p2a: Landorus
|move|p2a: Landorus|Knock Off|p1a: Garchomp
|-crit|p1a: Garchomp
|-damage|p1a: Garchomp|59/100
|-damage|p2a: Landorus|76/100|[from] ability: Rough Skin|[of] p1a: Garchomp
|-enditem|p1a: Garchomp|Leftovers|[from] move: Knock Off|[of] p2a: Landorus
|
|-weather|none
|upkeep
|turn|7
|inactive|djok barra hi has 120 seconds left.
|
|t:|1649675216
|switch|p2a: Clefable|Clefable, F|100/100
|move|p1a: Garchomp|Toxic|p2a: Clefable
|-status|p2a: Clefable|tox
|
|upkeep
|turn|8
|inactive|djok barra hi has 120 seconds left.
|
|t:|1649675223
|switch|p1a: Heatran|Heatran, F|100/100
|move|p2a: Clefable|Teleport|p2a: Clefable
|
|t:|1649675230
|switch|p2a: Landorus|Landorus-Therian, M|76/100|[from]move: Teleport
|-damage|p2a: Landorus|64/100|[from] Stealth Rock
|-ability|p2a: Landorus|Intimidate|boost
|-unboost|p1a: Heatran|atk|1
|
|upkeep
|turn|9
|
|t:|1649675236
|switch|p1a: Buzzwole|Buzzwole|100/100
|move|p2a: Landorus|Stealth Rock|p1a: Buzzwole
|-sidestart|p1: djok barra hi|move: Stealth Rock
|
|upkeep
|turn|10
|
|t:|1649675238
|switch|p2a: Clefable|Clefable, F|100/100 tox
|move|p1a: Buzzwole|Ice Punch|p2a: Clefable
|-damage|p2a: Clefable|78/100 tox
|-damage|p1a: Buzzwole|84/100|[from] item: Rocky Helmet|[of] p2a: Clefable
|
|upkeep
|turn|11
|
|t:|1649675243
|switch|p1a: Heatran|Heatran, F|100/100
|-damage|p1a: Heatran|88/100|[from] Stealth Rock
|move|p2a: Clefable|Teleport|p2a: Clefable
|
|t:|1649675251
|switch|p2a: Tyranitar|Tyranitar, F|100/100|[from]move: Teleport
|-damage|p2a: Tyranitar|88/100|[from] Stealth Rock
|-weather|Sandstorm|[from] ability: Sand Stream|[of] p2a: Tyranitar
|
|-weather|Sandstorm|[upkeep]
|-heal|p1a: Heatran|94/100|[from] item: Leftovers
|upkeep
|turn|12
|inactive|djok barra hi has 120 seconds left.
|
|t:|1649675290
|move|p2a: Tyranitar|Stone Edge|p1a: Heatran
|-damage|p1a: Heatran|41/100
|move|p1a: Heatran|Heavy Slam|p2a: Tyranitar
|-supereffective|p2a: Tyranitar
|-damage|p2a: Tyranitar|57/100
|
|-weather|Sandstorm|[upkeep]
|-heal|p1a: Heatran|48/100|[from] item: Leftovers
|upkeep
|turn|13
|
|t:|1649675293
|switch|p1a: Garchomp|Garchomp, F|59/100
|-damage|p1a: Garchomp|53/100|[from] Stealth Rock
|move|p2a: Tyranitar|Stone Edge|p1a: Garchomp
|-resisted|p1a: Garchomp
|-damage|p1a: Garchomp|26/100
|
|-weather|Sandstorm|[upkeep]
|upkeep
|turn|14
|
|t:|1649675300
|switch|p2a: Clefable|Clefable, F|78/100 tox
|move|p1a: Garchomp|Earthquake|p2a: Clefable
|-damage|p2a: Clefable|46/100 tox
|
|-weather|Sandstorm|[upkeep]
|upkeep
|turn|15
|inactive|djok barra hi has 120 seconds left.
|
|t:|1649675323
|move|p1a: Garchomp|Earthquake|p2a: Clefable
|-damage|p2a: Clefable|10/100 tox
|move|p2a: Clefable|Wish|p2a: Clefable
|
|-weather|none
|upkeep
|turn|16
|
|t:|1649675332
|switch|p1a: Zapdos|Zapdos|100/100
|move|p2a: Clefable|Protect||[still]
|-fail|p2a: Clefable
|
|-heal|p2a: Clefable|60/100 tox|[from] move: Wish|[wisher] Clefable
|upkeep
|turn|17
|
|t:|1649675337
|move|p1a: Zapdos|Thunderbolt|p2a: Clefable
|-damage|p2a: Clefable|15/100 tox
|move|p2a: Clefable|Wish|p2a: Clefable
|
|upkeep
|turn|18
|inactive|djok barra hi has 120 seconds left.
|
|t:|1649675371
|move|p2a: Clefable|Protect|p2a: Clefable
|-singleturn|p2a: Clefable|Protect
|move|p1a: Zapdos|Hurricane|p2a: Clefable
|-activate|p2a: Clefable|move: Protect
|
|-heal|p2a: Clefable|65/100 tox|[from] move: Wish|[wisher] Clefable
|upkeep
|turn|19
|
|t:|1649675385
|move|p1a: Zapdos|Hurricane|p2a: Clefable|[miss]
|-miss|p1a: Zapdos|p2a: Clefable
|move|p2a: Clefable|Wish|p2a: Clefable
|
|upkeep
|turn|20
|inactive|djok barra hi has 120 seconds left.
|
|t:|1649675418
|move|p1a: Zapdos|Hurricane|p2a: Clefable
|-crit|p2a: Clefable
|-damage|p2a: Clefable|0 fnt
|faint|p2a: Clefable
|
|upkeep
|
|t:|1649675423
|switch|p2a: Tyranitar|Tyranitar, F|57/100
|-damage|p2a: Tyranitar|45/100|[from] Stealth Rock
|-weather|Sandstorm|[from] ability: Sand Stream|[of] p2a: Tyranitar
|turn|21
|inactive|djok barra hi has 90 seconds left.
|
|t:|1649675456
|switch|p1a: Buzzwole|Buzzwole|84/100
|-damage|p1a: Buzzwole|71/100|[from] Stealth Rock
|move|p2a: Tyranitar|Stone Edge|p1a: Buzzwole
|-damage|p1a: Buzzwole|18/100
|
|-weather|Sandstorm|[upkeep]
|-damage|p1a: Buzzwole|12/100|[from] Sandstorm
|upkeep
|turn|22
|
|t:|1649675468
|switch|p2a: Obstagoon|Obstagoon, F|100/100
|-damage|p2a: Obstagoon|88/100|[from] Stealth Rock
|move|p1a: Buzzwole|Leech Life|p2a: Obstagoon
|-supereffective|p2a: Obstagoon
|-damage|p2a: Obstagoon|8/100
|-heal|p1a: Buzzwole|48/100|[from] drain|[of] p2a: Obstagoon
|
|-weather|Sandstorm|[upkeep]
|-damage|p2a: Obstagoon|2/100|[from] Sandstorm
|-damage|p1a: Buzzwole|41/100|[from] Sandstorm
|-status|p2a: Obstagoon|brn|[from] item: Flame Orb
|upkeep
|turn|23
|
|t:|1649675478
|switch|p1a: Garchomp|Garchomp, F|26/100
|-damage|p1a: Garchomp|20/100|[from] Stealth Rock
|move|p2a: Obstagoon|Facade|p1a: Garchomp
|-crit|p1a: Garchomp
|-damage|p1a: Garchomp|0 fnt
|-damage|p2a: Obstagoon|0 fnt|[from] ability: Rough Skin|[of] p1a: Garchomp
|faint|p1a: Garchomp
|faint|p2a: Obstagoon
|
|-weather|Sandstorm|[upkeep]
|upkeep
|
|t:|1649675485
|switch|p2a: Dragapult|Dragapult, F|100/100
|switch|p1a: Regieleki|Regieleki|100/100
|-damage|p1a: Regieleki|88/100|[from] Stealth Rock
|-damage|p2a: Dragapult|88/100|[from] Stealth Rock
|turn|24
|
|t:|1649675488
|move|p1a: Regieleki|Protect|p1a: Regieleki
|-singleturn|p1a: Regieleki|Protect
|move|p2a: Dragapult|Draco Meteor|p1a: Regieleki
|-activate|p1a: Regieleki|move: Protect
|
|-weather|Sandstorm|[upkeep]
|-damage|p1a: Regieleki|82/100|[from] Sandstorm
|-damage|p2a: Dragapult|82/100|[from] Sandstorm
|-heal|p1a: Regieleki|88/100|[from] item: Leftovers
|upkeep
|turn|25
|inactive|djok barra hi has 120 seconds left.
|
|t:|1649675508
|switch|p1a: Blissey|Blissey, F|100/100
|-damage|p1a: Blissey|88/100|[from] Stealth Rock
|move|p2a: Dragapult|Draco Meteor|p1a: Blissey
|-damage|p1a: Blissey|51/100
|-unboost|p2a: Dragapult|spa|2
|
|-weather|none
|upkeep
|turn|26
|
|t:|1649675515
|switch|p2a: Tyranitar|Tyranitar, F|45/100
|-damage|p2a: Tyranitar|32/100|[from] Stealth Rock
|-weather|Sandstorm|[from] ability: Sand Stream|[of] p2a: Tyranitar
|move|p1a: Blissey|Soft-Boiled|p1a: Blissey
|-heal|p1a: Blissey|100/100
|
|-weather|Sandstorm|[upkeep]
|-damage|p1a: Blissey|94/100|[from] Sandstorm
|upkeep
|turn|27
|
|t:|1649675521
|switch|p1a: Heatran|Heatran, F|48/100
|-damage|p1a: Heatran|35/100|[from] Stealth Rock
|move|p2a: Tyranitar|Stone Edge|p1a: Heatran
|-damage|p1a: Heatran|0 fnt
|faint|p1a: Heatran
|
|-weather|Sandstorm|[upkeep]
|upkeep
|
|t:|1649675524
|switch|p1a: Buzzwole|Buzzwole|41/100
|-damage|p1a: Buzzwole|29/100|[from] Stealth Rock
|turn|28
|
|t:|1649675528
|switch|p2a: Dragapult|Dragapult, F|82/100
|-damage|p2a: Dragapult|70/100|[from] Stealth Rock
|move|p1a: Buzzwole|Leech Life|p2a: Dragapult
|-resisted|p2a: Dragapult
|-damage|p2a: Dragapult|39/100
|-heal|p1a: Buzzwole|42/100|[from] drain|[of] p2a: Dragapult
|
|-weather|Sandstorm|[upkeep]
|-damage|p2a: Dragapult|33/100|[from] Sandstorm
|-damage|p1a: Buzzwole|36/100|[from] Sandstorm
|upkeep
|turn|29
|
|t:|1649675532
|switch|p1a: Blissey|Blissey, F|94/100
|-damage|p1a: Blissey|82/100|[from] Stealth Rock
|move|p2a: Dragapult|U-turn|p1a: Blissey
|-damage|p1a: Blissey|67/100
|-damage|p2a: Dragapult|17/100|[from] item: Rocky Helmet|[of] p1a: Blissey
|
|t:|1649675537
|switch|p2a: Tyranitar|Tyranitar, F|32/100|[from]move: U-turn
|-damage|p2a: Tyranitar|20/100|[from] Stealth Rock
|
|-weather|Sandstorm|[upkeep]
|-damage|p1a: Blissey|61/100|[from] Sandstorm
|upkeep
|turn|30
|
|t:|1649675546
|switch|p1a: Buzzwole|Buzzwole|36/100
|-damage|p1a: Buzzwole|24/100|[from] Stealth Rock
|move|p2a: Tyranitar|Stone Edge|p1a: Buzzwole
|-damage|p1a: Buzzwole|0 fnt
|faint|p1a: Buzzwole
|
|-weather|none
|upkeep
|
|t:|1649675551
|switch|p1a: Zapdos|Zapdos|100/100
|turn|31
|
|t:|1649675553
|switch|p2a: Landorus|Landorus-Therian, M|64/100
|-damage|p2a: Landorus|51/100|[from] Stealth Rock
|-ability|p2a: Landorus|Intimidate|boost
|-unboost|p1a: Zapdos|atk|1
|move|p1a: Zapdos|Thunderbolt|p2a: Landorus
|-immune|p2a: Landorus
|
|upkeep
|turn|32
|
|t:|1649675559
|move|p1a: Zapdos|Hurricane|p2a: Landorus
|-damage|p2a: Landorus|6/100
|-start|p2a: Landorus|confusion
|-activate|p2a: Landorus|confusion
|-damage|p2a: Landorus|0 fnt|[from] confusion
|faint|p2a: Landorus
|
|upkeep
|
|t:|1649675573
|switch|p2a: Dragapult|Dragapult, F|17/100
|-damage|p2a: Dragapult|4/100|[from] Stealth Rock
|turn|33
|
|t:|1649675598
|move|p2a: Dragapult|Draco Meteor|p1a: Zapdos
|-damage|p1a: Zapdos|8/100
|-unboost|p2a: Dragapult|spa|2
|move|p1a: Zapdos|Thunderbolt|p2a: Dragapult
|-resisted|p2a: Dragapult
|-damage|p2a: Dragapult|0 fnt
|faint|p2a: Dragapult
|
|upkeep
|
|t:|1649675603
|switch|p2a: Blacephalon|Blacephalon|100/100
|-damage|p2a: Blacephalon|76/100|[from] Stealth Rock
|turn|34
|
|t:|1649675610
|move|p2a: Blacephalon|Flamethrower|p1a: Zapdos
|-damage|p1a: Zapdos|0 fnt
|faint|p1a: Zapdos
|-ability|p2a: Blacephalon|Beast Boost|boost
|-boost|p2a: Blacephalon|spa|1
|
|upkeep
|
|t:|1649675615
|switch|p1a: Blissey|Blissey, F|61/100
|-damage|p1a: Blissey|49/100|[from] Stealth Rock
|turn|35
|
|t:|1649675616
|move|p2a: Blacephalon|Flamethrower|p1a: Blissey
|-damage|p1a: Blissey|16/100
|move|p1a: Blissey|Soft-Boiled|p1a: Blissey
|-heal|p1a: Blissey|66/100
|
|upkeep
|turn|36
|
|t:|1649675620
|move|p2a: Blacephalon|Flamethrower|p1a: Blissey
|-damage|p1a: Blissey|37/100
|-status|p1a: Blissey|brn
|move|p1a: Blissey|Soft-Boiled|p1a: Blissey
|-heal|p1a: Blissey|87/100 brn
|
|-damage|p1a: Blissey|80/100 brn|[from] brn
|upkeep
|turn|37
|
|t:|1649675623
|move|p2a: Blacephalon|Flamethrower|p1a: Blissey
|-damage|p1a: Blissey|49/100 brn
|move|p1a: Blissey|Toxic|p2a: Blacephalon
|-status|p2a: Blacephalon|tox
|
|-damage|p2a: Blacephalon|70/100 tox|[from] psn
|-damage|p1a: Blissey|43/100 brn|[from] brn
|upkeep
|turn|38
|
|t:|1649675627
|switch|p2a: Tyranitar|Tyranitar, F|20/100
|-damage|p2a: Tyranitar|8/100|[from] Stealth Rock
|-weather|Sandstorm|[from] ability: Sand Stream|[of] p2a: Tyranitar
|move|p1a: Blissey|Soft-Boiled|p1a: Blissey
|-heal|p1a: Blissey|93/100 brn
|
|-weather|Sandstorm|[upkeep]
|-damage|p1a: Blissey|87/100 brn|[from] Sandstorm
|-damage|p1a: Blissey|81/100 brn|[from] brn
|upkeep
|turn|39
|
|t:|1649675640
|move|p2a: Tyranitar|Stone Edge|p1a: Blissey
|-crit|p1a: Blissey
|-damage|p1a: Blissey|0 fnt
|faint|p1a: Blissey
|
|-weather|Sandstorm|[upkeep]
|upkeep
|
|t:|1649675650
|switch|p1a: Regieleki|Regieleki|88/100
|-damage|p1a: Regieleki|76/100|[from] Stealth Rock
|turn|40
|
|t:|1649675652
|move|p1a: Regieleki|Thunder Cage|p2a: Tyranitar
|-damage|p2a: Tyranitar|0 fnt
|faint|p2a: Tyranitar
|
|-weather|Sandstorm|[upkeep]
|-damage|p1a: Regieleki|70/100|[from] Sandstorm
|-heal|p1a: Regieleki|76/100|[from] item: Leftovers
|upkeep
|
|t:|1649675653
|switch|p2a: Blacephalon|Blacephalon|70/100 tox
|-damage|p2a: Blacephalon|45/100 tox|[from] Stealth Rock
|turn|41
|
|t:|1649675656
|move|p1a: Regieleki|Protect|p1a: Regieleki
|-singleturn|p1a: Regieleki|Protect
|move|p2a: Blacephalon|Flamethrower|p1a: Regieleki
|-activate|p1a: Regieleki|move: Protect
|
|-weather|Sandstorm|[upkeep]
|-damage|p1a: Regieleki|70/100|[from] Sandstorm
|-damage|p2a: Blacephalon|39/100 tox|[from] Sandstorm
|-heal|p1a: Regieleki|76/100|[from] item: Leftovers
|-damage|p2a: Blacephalon|33/100 tox|[from] psn
|upkeep
|turn|42
|
|t:|1649675658
|move|p1a: Regieleki|Thunder Cage|p2a: Blacephalon
|-damage|p2a: Blacephalon|0 fnt
|faint|p2a: Blacephalon
|
|win|djok barra hi
|raw|djok barra hi's rating: 1809 &rarr; <strong>1836</strong><br />(+27 for winning)
|raw|goran el draco's rating: 1942 &rarr; <strong>1915</strong><br />(-27 for losing)
|c|‽djok barra hi|/log djok barra hi made this room public.
