|j|☆Rorschach I
|j|☆Zaza BitchuLia
|player|p1|Rorschach I|cynthia|1810
|player|p2|Zaza BitchuLia|blaine|1856
|teamsize|p1|6
|teamsize|p2|6
|gametype|singles
|gen|8
|tier|[Gen 8] OU
|rated|
|clearpoke
|poke|p1|Terrakion|
|poke|p1|Aegislash, F|
|poke|p1|Crawdaunt, F|
|poke|p1|Zeraora|
|poke|p1|Kyurem|
|poke|p1|Togekiss, M|
|poke|p2|Abomasnow, F|
|poke|p2|Toxapex, F|
|poke|p2|Ninetales, M|
|poke|p2|Xatu, F|
|poke|p2|Jirachi|
|poke|p2|Kommo-o, F|
|rule|Sleep Clause Mod: Limit one foe put to sleep
|rule|Species Clause: Limit one of each Pokémon
|rule|OHKO Clause: OHKO moves are banned
|rule|Evasion Moves Clause: Evasion moves are banned
|rule|Endless Battle Clause: Forcing endless battles is banned
|rule|HP Percentage Mod: HP is shown in percentages
|rule|Dynamax Clause: You cannot dynamax
|teampreview
|inactive|Battle timer is ON: inactive players will automatically lose when time's up. (requested by Zaza BitchuLia)
|
|start
|switch|p1a: Kyurem|Kyurem|100/100
|switch|p2a: Jirachi|Jirachi|100/100
|-ability|p1a: Kyurem|Pressure
|turn|1
|j| DaikiMaster
|j| big pumpie
|
|move|p2a: Jirachi|U-turn|p1a: Kyurem
|-damage|p1a: Kyurem|80/100
|
|switch|p2a: Abomasnow|Abomasnow, F|100/100|[from]move: U-turn
|-weather|Hail|[from] ability: Snow Warning|[of] p2a: Abomasnow
|move|p1a: Kyurem|Earth Power|p2a: Abomasnow
|-resisted|p2a: Abomasnow
|-damage|p2a: Abomasnow|70/100
|
|-weather|Hail|[upkeep]
|upkeep
|turn|2
|l| DaikiMaster
|
|switch|p1a: Terrakion|Terrakion|100/100
|move|p2a: Abomasnow|Blizzard|p1a: Terrakion
|-damage|p1a: Terrakion|44/100
|
|-weather|Hail|[upkeep]
|-damage|p1a: Terrakion|38/100|[from] Hail
|upkeep
|turn|3
|
|switch|p2a: Xatu|Xatu, F|100/100
|move|p1a: Terrakion|Stone Edge|p2a: Xatu
|-supereffective|p2a: Xatu
|-damage|p2a: Xatu|0 fnt
|faint|p2a: Xatu
|
|-weather|Hail|[upkeep]
|-damage|p1a: Terrakion|32/100|[from] Hail
|upkeep
|
|switch|p2a: Jirachi|Jirachi|100/100
|turn|4
|
|move|p2a: Jirachi|Iron Head|p1a: Terrakion
|-supereffective|p1a: Terrakion
|-damage|p1a: Terrakion|0 fnt
|faint|p1a: Terrakion
|
|-weather|Hail|[upkeep]
|-damage|p2a: Jirachi|94/100|[from] Hail
|upkeep
|
|switch|p1a: Aegislash|Aegislash, F|100/100
|-item|p1a: Aegislash|Air Balloon
|turn|5
|
|switch|p2a: Ninetales|Ninetales, M|100/100
|-weather|SunnyDay|[from] ability: Drought|[of] p2a: Ninetales
|switch|p1a: Kyurem|Kyurem|80/100
|-ability|p1a: Kyurem|Pressure
|
|-weather|SunnyDay|[upkeep]
|upkeep
|turn|6
|
|move|p2a: Ninetales|Fire Blast|p1a: Kyurem
|-damage|p1a: Kyurem|0 fnt
|faint|p1a: Kyurem
|
|-weather|SunnyDay|[upkeep]
|upkeep
|
|switch|p1a: Zeraora|Zeraora|100/100
|turn|7
|
|move|p1a: Zeraora|Bulk Up|p1a: Zeraora
|-boost|p1a: Zeraora|atk|1
|-boost|p1a: Zeraora|def|1
|move|p2a: Ninetales|Fire Blast|p1a: Zeraora
|-damage|p1a: Zeraora|0 fnt
|faint|p1a: Zeraora
|
|-weather|SunnyDay|[upkeep]
|upkeep
|inactive|Rorschach I has 120 seconds left.
|c|☆Rorschach I|that fox hit
|c|☆Rorschach I|gg
|-message|Rorschach I forfeited.
|
|win|Zaza BitchuLia
|l|☆Rorschach I
