|raw|<div class="broadcast-blue"><strong>This battle is required to be public due to a player having a name starting with 'LT73IU'.</div>
|j|☆Ayante
|j|☆LT73IU chin
|t:|1598406963
|player|p1|Ayante|koga|1565
|player|p2|LT73IU chin|#finchinator|1539
|teamsize|p1|6
|teamsize|p2|6
|gametype|singles
|gen|8
|tier|[Gen 8] OU
|rated|
|clearpoke
|poke|p1|Clefable, F|
|poke|p1|Toxtricity, M|
|poke|p1|Kyurem|
|poke|p1|Urshifu-*, M|
|poke|p1|Rillaboom, M|
|poke|p1|Mew|
|poke|p2|Pelipper, M|
|poke|p2|Heliolisk, F|
|poke|p2|Ferrothorn, F|
|poke|p2|Urshifu-*, M|
|poke|p2|Seismitoad, F|
|poke|p2|Volcarona, M|
|rule|Sleep Clause Mod: Limit one foe put to sleep
|rule|Species Clause: Limit one of each Pokémon
|rule|OHKO Clause: OHKO moves are banned
|rule|Evasion Moves Clause: Evasion moves are banned
|rule|Endless Battle Clause: Forcing endless battles is banned
|rule|HP Percentage Mod: HP is shown in percentages
|rule|Dynamax Clause: You cannot dynamax
|teampreview
|inactive|Battle timer is ON: inactive players will automatically lose when time's up. (requested by LT73IU chin)
|
|t:|1598407004
|start
|switch|p1a: Mew|Mew|100/100
|switch|p2a: Urshifu|Urshifu-Rapid-Strike, M|100/100
|turn|1
|
|t:|1598407026
|move|p1a: Mew|Stealth Rock|p2a: Urshifu
|-sidestart|p2: LT73IU chin|move: Stealth Rock
|move|p2a: Urshifu|U-turn|p1a: Mew
|-supereffective|p1a: Mew
|-damage|p1a: Mew|22/100
|j| UUJ6 no
|
|t:|1598407049
|switch|p2a: Heliolisk|Heliolisk, F|100/100|[from]move: U-turn
|-damage|p2a: Heliolisk|88/100|[from] Stealth Rock
|
|upkeep
|turn|2
|
|t:|1598407069
|switch|p1a: Rillaboom|Rillaboom, M|100/100
|-fieldstart|move: Grassy Terrain|[from] ability: Grassy Surge|[of] p1a: Rillaboom
|move|p2a: Heliolisk|Hyper Voice|p1a: Rillaboom
|-damage|p1a: Rillaboom|42/100
|-damage|p2a: Heliolisk|78/100|[from] item: Life Orb
|
|-heal|p2a: Heliolisk|84/100|[from] Grassy Terrain
|-heal|p1a: Rillaboom|48/100|[from] Grassy Terrain
|upkeep
|turn|3
|
|t:|1598407080
|move|p2a: Heliolisk|Hyper Voice|p1a: Rillaboom
|-damage|p1a: Rillaboom|0 fnt
|-damage|p2a: Heliolisk|74/100|[from] item: Life Orb
|faint|p1a: Rillaboom
|
|-heal|p2a: Heliolisk|80/100|[from] Grassy Terrain
|upkeep
|
|t:|1598407095
|switch|p1a: Kyurem|Kyurem|100/100
|-ability|p1a: Kyurem|Pressure
|turn|4
|l| UUJ6 no
|
|t:|1598407119
|move|p2a: Heliolisk|Focus Blast|p1a: Kyurem
|-supereffective|p1a: Kyurem
|-damage|p1a: Kyurem|13/100
|-damage|p2a: Heliolisk|71/100|[from] item: Life Orb
|move|p1a: Kyurem|Draco Meteor|p2a: Heliolisk
|-damage|p2a: Heliolisk|0 fnt
|-unboost|p1a: Kyurem|spa|2
|faint|p2a: Heliolisk
|
|-heal|p1a: Kyurem|19/100|[from] Grassy Terrain
|upkeep
|j| ThelordofbadRNG
|
|t:|1598407126
|switch|p2a: Ferrothorn|Ferrothorn, F|100/100
|-damage|p2a: Ferrothorn|94/100|[from] Stealth Rock
|turn|5
|
|t:|1598407136
|switch|p1a: Mew|Mew|22/100
|move|p2a: Ferrothorn|Stealth Rock|p1a: Mew
|-sidestart|p1: Ayante|move: Stealth Rock
|
|-heal|p1a: Mew|29/100|[from] Grassy Terrain
|-heal|p2a: Ferrothorn|100/100|[from] Grassy Terrain
|upkeep
|turn|6
|
|t:|1598407145
|switch|p2a: Pelipper|Pelipper, M|100/100
|-damage|p2a: Pelipper|76/100|[from] Stealth Rock
|-weather|RainDance|[from] ability: Drizzle|[of] p2a: Pelipper
|move|p1a: Mew|Trick|p2a: Pelipper
|-activate|p1a: Mew|move: Trick|[of] p2a: Pelipper
|-item|p2a: Pelipper|Choice Scarf|[from] move: Trick
|-item|p1a: Mew|Damp Rock|[from] move: Trick
|
|-weather|RainDance|[upkeep]
|-heal|p1a: Mew|35/100|[from] Grassy Terrain
|-fieldend|move: Grassy Terrain
|upkeep
|turn|7
|
|t:|1598407162
|move|p1a: Mew|Defog|p2a: Pelipper
|-unboost|p2a: Pelipper|evasion|1
|-sideend|p2: LT73IU chin|Stealth Rock|[from] move: Defog|[of] p1a: Mew
|-sideend|p1: Ayante|Stealth Rock|[from] move: Defog|[of] p1a: Mew
|move|p2a: Pelipper|U-turn|p1a: Mew
|-supereffective|p1a: Mew
|-damage|p1a: Mew|15/100
|j| Tace
|j| Supreme Ninja
|
|t:|1598407190
|switch|p2a: Seismitoad|Seismitoad, F|100/100|[from]move: U-turn
|
|-weather|RainDance|[upkeep]
|upkeep
|turn|8
|
|t:|1598407205
|move|p2a: Seismitoad|Weather Ball|p1a: Mew
|-damage|p1a: Mew|0 fnt
|-damage|p2a: Seismitoad|91/100|[from] item: Life Orb
|faint|p1a: Mew
|
|-weather|RainDance|[upkeep]
|upkeep
|
|t:|1598407214
|switch|p1a: Urshifu|Urshifu, M|100/100
|turn|9
|-message|Ayante forfeited.
|
|win|LT73IU chin
|l|☆Ayante
