|html|<div class="broadcast-blue"><strong>[Gen 8] OU is currently suspecting Melmetal! For information on how to participate check out the <a href="https://www.smogon.com/forums/threads/np-ss-ou-suspect-process-round-12-monster-mash.3709234/">suspect thread</a>.</strong></div>
|j|☆LaFlareDaGOD
|j|☆HQSTest
|t:|1666185945
|gametype|singles
|player|p1|LaFlareDaGOD|iris-gen5bw2|1744
|player|p2|HQSTest|veteranf|1693
|teamsize|p1|6
|teamsize|p2|6
|gen|8
|tier|[Gen 8] OU
|rated|
|rule|Sleep Clause Mod: Limit one foe put to sleep
|rule|Species Clause: Limit one of each Pokémon
|rule|OHKO Clause: OHKO moves are banned
|rule|Evasion Items Clause: Evasion items are banned
|rule|Evasion Moves Clause: Evasion moves are banned
|rule|Endless Battle Clause: Forcing endless battles is banned
|rule|HP Percentage Mod: HP is shown in percentages
|rule|Dynamax Clause: You cannot dynamax
|clearpoke
|poke|p1|Polteageist-Antique|
|poke|p1|Rillaboom, M|
|poke|p1|Mew|
|poke|p1|Hawlucha, F|
|poke|p1|Cloyster, M|
|poke|p1|Clefable, F|
|poke|p2|Heatran, F|
|poke|p2|Mew|
|poke|p2|Blaziken, M|
|poke|p2|Rillaboom, F|
|poke|p2|Weavile, F|
|poke|p2|Dragonite, F|
|teampreview
|inactive|Battle timer is ON: inactive players will automatically lose when time's up. (requested by LaFlareDaGOD)
|
|t:|1666185953
|start
|switch|p1a: Cloyster|Cloyster, M, shiny|100/100
|switch|p2a: Heatran|Heatran, F|100/100
|turn|1
|
|t:|1666185962
|switch|p1a: Mew|Mew|100/100
|move|p2a: Heatran|Taunt|p1a: Mew
|-start|p1a: Mew|move: Taunt
|
|upkeep
|turn|2
|
|t:|1666185980
|switch|p1a: Clefable|Clefable, F, shiny|100/100
|move|p2a: Heatran|Stealth Rock|p1a: Clefable
|-sidestart|p1: LaFlareDaGOD|move: Stealth Rock
|
|upkeep
|turn|3
|
|t:|1666185986
|switch|p1a: Mew|Mew|100/100
|-damage|p1a: Mew|88/100|[from] Stealth Rock
|move|p2a: Heatran|Steel Beam|p1a: Mew
|-damage|p1a: Mew|25/100
|-damage|p2a: Heatran|50/100|[from] mindblown
|-enditem|p1a: Mew|Red Card|[of] p2a: Heatran
|drag|p2a: Mew|Mew|100/100
|
|upkeep
|turn|4
|
|t:|1666185996
|move|p1a: Mew|Stealth Rock|p2a: Mew
|-sidestart|p2: HQSTest|move: Stealth Rock
|move|p2a: Mew|Dragon Dance|p2a: Mew
|-boost|p2a: Mew|atk|1
|-boost|p2a: Mew|spe|1
|
|upkeep
|turn|5
|
|t:|1666186002
|move|p2a: Mew|Dragon Dance|p2a: Mew
|-boost|p2a: Mew|atk|1
|-boost|p2a: Mew|spe|1
|move|p1a: Mew|Explosion|p2a: Mew
|-damage|p2a: Mew|46/100
|faint|p1a: Mew
|
|upkeep
|
|t:|1666186011
|switch|p1a: Clefable|Clefable, F, shiny|100/100
|turn|6
|
|t:|1666186015
|move|p2a: Mew|Psychic Fangs|p1a: Clefable
|-damage|p1a: Clefable|69/100
|move|p1a: Clefable|Calm Mind|p1a: Clefable
|-boost|p1a: Clefable|spa|1
|-boost|p1a: Clefable|spd|1
|
|upkeep
|turn|7
|
|t:|1666186021
|switch|p2a: Heatran|Heatran, F|50/100
|-damage|p2a: Heatran|38/100|[from] Stealth Rock
|move|p1a: Clefable|Calm Mind|p1a: Clefable
|-boost|p1a: Clefable|spa|1
|-boost|p1a: Clefable|spd|1
|
|upkeep
|turn|8
|
|t:|1666186030
|move|p2a: Heatran|Magma Storm|p1a: Clefable
|-damage|p1a: Clefable|45/100
|-activate|p1a: Clefable|move: Magma Storm|[of] p2a: Heatran
|move|p1a: Clefable|Soft-Boiled|p1a: Clefable
|-heal|p1a: Clefable|95/100
|
|-damage|p1a: Clefable|83/100|[from] move: Magma Storm|[partiallytrapped]
|upkeep
|turn|9
|
|t:|1666186039
|move|p2a: Heatran|Taunt|p1a: Clefable
|-start|p1a: Clefable|move: Taunt
|move|p1a: Clefable|Moonblast|p2a: Heatran
|-resisted|p2a: Heatran
|-damage|p2a: Heatran|22/100
|-unboost|p2a: Heatran|spa|1
|
|-damage|p1a: Clefable|70/100|[from] move: Magma Storm|[partiallytrapped]
|upkeep
|turn|10
|
|t:|1666186048
|move|p2a: Heatran|Steel Beam|p1a: Clefable
|-supereffective|p1a: Clefable
|-damage|p1a: Clefable|2/100
|-damage|p2a: Heatran|0 fnt|[from] mindblown
|faint|p2a: Heatran
|move|p1a: Clefable|Moonblast|p2: Heatran|[notarget]
|-fail|p1a: Clefable
|
|-end|p1a: Clefable|Magma Storm|[partiallytrapped]|[silent]
|upkeep
|
|t:|1666186058
|switch|p2a: Rillaboom|Rillaboom, F|100/100
|-damage|p2a: Rillaboom|88/100|[from] Stealth Rock
|-fieldstart|move: Grassy Terrain|[from] ability: Grassy Surge|[of] p2a: Rillaboom
|turn|11
|
|t:|1666186065
|move|p2a: Rillaboom|Drain Punch|p1a: Clefable
|-resisted|p1a: Clefable
|-damage|p1a: Clefable|0 fnt
|-heal|p2a: Rillaboom|89/100|[from] drain|[of] p1a: Clefable
|faint|p1a: Clefable
|-damage|p2a: Rillaboom|79/100|[from] item: Life Orb
|
|-heal|p2a: Rillaboom|85/100|[from] Grassy Terrain
|upkeep
|
|t:|1666186075
|switch|p1a: Hawlucha|Hawlucha, F, shiny|100/100
|-damage|p1a: Hawlucha|88/100|[from] Stealth Rock
|-enditem|p1a: Hawlucha|Grassy Seed
|-boost|p1a: Hawlucha|def|1|[from] item: Grassy Seed
|turn|12
|
|t:|1666186084
|move|p1a: Hawlucha|Swords Dance|p1a: Hawlucha
|-boost|p1a: Hawlucha|atk|2
|move|p2a: Rillaboom|Knock Off|p1a: Hawlucha
|-resisted|p1a: Hawlucha
|-damage|p1a: Hawlucha|73/100
|-damage|p2a: Rillaboom|75/100|[from] item: Life Orb
|
|-heal|p2a: Rillaboom|81/100|[from] Grassy Terrain
|upkeep
|turn|13
|
|t:|1666186096
|move|p2a: Rillaboom|Grassy Glide|p1a: Hawlucha
|-resisted|p1a: Hawlucha
|-damage|p1a: Hawlucha|44/100
|-damage|p2a: Rillaboom|71/100|[from] item: Life Orb
|move|p1a: Hawlucha|Drain Punch|p2a: Rillaboom
|-damage|p2a: Rillaboom|0 fnt
|-heal|p1a: Hawlucha|85/100|[from] drain|[of] p2a: Rillaboom
|faint|p2a: Rillaboom
|
|upkeep
|
|t:|1666186103
|switch|p2a: Dragonite|Dragonite, F|100/100
|turn|14
|
|t:|1666186108
|move|p1a: Hawlucha|Acrobatics|p2a: Dragonite
|-damage|p2a: Dragonite|48/100
|move|p2a: Dragonite|Dragon Dance|p2a: Dragonite
|-boost|p2a: Dragonite|atk|1
|-boost|p2a: Dragonite|spe|1
|
|upkeep
|turn|15
|
|t:|1666186115
|move|p2a: Dragonite|Extreme Speed|p1a: Hawlucha
|-damage|p1a: Hawlucha|40/100
|move|p1a: Hawlucha|Acrobatics|p2a: Dragonite
|-damage|p2a: Dragonite|0 fnt
|faint|p2a: Dragonite
|
|-fieldend|move: Grassy Terrain
|upkeep
|
|t:|1666186118
|switch|p2a: Weavile|Weavile, F|100/100
|-damage|p2a: Weavile|76/100|[from] Stealth Rock
|-ability|p2a: Weavile|Pressure
|turn|16
|
|t:|1666186129
|move|p2a: Weavile|Ice Shard|p1a: Hawlucha
|-supereffective|p1a: Hawlucha
|-damage|p1a: Hawlucha|0 fnt
|faint|p1a: Hawlucha
|-damage|p2a: Weavile|66/100|[from] item: Life Orb
|
|upkeep
|
|t:|1666186141
|switch|p1a: Cloyster|Cloyster, M, shiny|100/100
|-damage|p1a: Cloyster|76/100|[from] Stealth Rock
|turn|17
|
|t:|1666186146
|move|p2a: Weavile|Low Kick|p1a: Cloyster
|-supereffective|p1a: Cloyster
|-damage|p1a: Cloyster|0 fnt
|faint|p1a: Cloyster
|-damage|p2a: Weavile|56/100|[from] item: Life Orb
|
|upkeep
|
|t:|1666186153
|switch|p1a: Rillaboom|Rillaboom, M, shiny|100/100
|-damage|p1a: Rillaboom|88/100|[from] Stealth Rock
|-fieldstart|move: Grassy Terrain|[from] ability: Grassy Surge|[of] p1a: Rillaboom
|turn|18
|
|t:|1666186161
|move|p2a: Weavile|Ice Shard|p1a: Rillaboom
|-supereffective|p1a: Rillaboom
|-damage|p1a: Rillaboom|31/100
|-damage|p2a: Weavile|46/100|[from] item: Life Orb
|move|p1a: Rillaboom|Swords Dance|p1a: Rillaboom
|-boost|p1a: Rillaboom|atk|2
|
|-heal|p2a: Weavile|52/100|[from] Grassy Terrain
|-heal|p1a: Rillaboom|37/100|[from] Grassy Terrain
|upkeep
|turn|19
|-message|LaFlareDaGOD forfeited.
|
|win|HQSTest
|raw|LaFlareDaGOD's rating: 1744 &rarr; <strong>1721</strong><br />(-23 for losing)
|raw|HQSTest's rating: 1693 &rarr; <strong>1716</strong><br />(+23 for winning)
|l|☆LaFlareDaGOD
