|raw|<div class="broadcast-blue"><strong>This battle is required to be public due to a player having a name starting with 'LT74PF'.</div>
|j|☆relic stone
|j|☆LT74PF 999iq280
|t:|1599031565
|player|p1|relic stone|lusamine-nihilego|1848
|player|p2|LT74PF 999iq280|dawn-gen4pt|1738
|teamsize|p1|6
|teamsize|p2|6
|gametype|singles
|gen|8
|tier|[Gen 8] OU
|rated|
|clearpoke
|poke|p1|Toxtricity, M|
|poke|p1|Dragapult, M|
|poke|p1|Rhyperior, M|
|poke|p1|Azumarill, M|
|poke|p1|Ferrothorn, M|
|poke|p1|Mandibuzz, F|
|poke|p2|Rillaboom, F|
|poke|p2|Magnezone|
|poke|p2|Hatterene, F|
|poke|p2|Urshifu-*, F|
|poke|p2|Hawlucha, F|
|poke|p2|Clefable, F|
|rule|Sleep Clause Mod: Limit one foe put to sleep
|rule|Species Clause: Limit one of each Pokémon
|rule|OHKO Clause: OHKO moves are banned
|rule|Evasion Moves Clause: Evasion moves are banned
|rule|Endless Battle Clause: Forcing endless battles is banned
|rule|HP Percentage Mod: HP is shown in percentages
|rule|Dynamax Clause: You cannot dynamax
|teampreview
|c|☆relic stone|hf!
|
|t:|1599031584
|start
|switch|p1a: Temple|Ferrothorn, M|100/100
|switch|p2a: Rillaboom|Rillaboom, F|100/100
|-fieldstart|move: Grassy Terrain|[from] ability: Grassy Surge|[of] p2a: Rillaboom
|turn|1
|j| Stall is coming
|j| yiyue
|
|t:|1599031603
|move|p2a: Rillaboom|Knock Off|p1a: Temple
|-damage|p1a: Temple|58/100
|-damage|p2a: Rillaboom|88/100|[from] ability: Iron Barbs|[of] p1a: Temple
|-enditem|p1a: Temple|Leftovers|[from] move: Knock Off|[of] p2a: Rillaboom
|move|p1a: Temple|Gyro Ball|p2a: Rillaboom
|-damage|p2a: Rillaboom|49/100
|
|-heal|p2a: Rillaboom|56/100|[from] Grassy Terrain
|-heal|p1a: Temple|64/100|[from] Grassy Terrain
|upkeep
|turn|2
|
|t:|1599031614
|switch|p2a: Clefable|Clefable, F|100/100
|move|p1a: Temple|Gyro Ball|p2a: Clefable
|-supereffective|p2a: Clefable
|-damage|p2a: Clefable|30/100
|
|-heal|p2a: Clefable|37/100|[from] item: Leftovers
|-heal|p2a: Clefable|43/100|[from] Grassy Terrain
|-heal|p1a: Temple|70/100|[from] Grassy Terrain
|upkeep
|turn|3
|
|t:|1599031624
|switch|p2a: Magnezone|Magnezone|100/100
|move|p1a: Temple|Stealth Rock|p2a: Magnezone
|-sidestart|p2: LT74PF 999iq280|move: Stealth Rock
|
|-heal|p1a: Temple|77/100|[from] Grassy Terrain
|upkeep
|turn|4
|
|t:|1599031628
|move|p2a: Magnezone|Thunderbolt|p1a: Temple
|-resisted|p1a: Temple
|-damage|p1a: Temple|56/100
|move|p1a: Temple|Leech Seed|p2a: Magnezone
|-start|p2a: Magnezone|move: Leech Seed
|
|-heal|p1a: Temple|62/100|[from] Grassy Terrain
|-damage|p2a: Magnezone|88/100|[from] Leech Seed|[of] p1a: Temple
|-heal|p1a: Temple|72/100|[silent]
|upkeep
|turn|5
|j| regnite ◕‿◕
|
|t:|1599031634
|switch|p2a: Hatterene|Hatterene, F|100/100
|-damage|p2a: Hatterene|88/100|[from] Stealth Rock
|move|p1a: Temple|Knock Off|p2a: Hatterene
|-damage|p2a: Hatterene|69/100
|-enditem|p2a: Hatterene|Leftovers|[from] move: Knock Off|[of] p1a: Temple
|
|-heal|p2a: Hatterene|75/100|[from] Grassy Terrain
|-heal|p1a: Temple|78/100|[from] Grassy Terrain
|-fieldend|move: Grassy Terrain
|upkeep
|turn|6
|
|t:|1599031639
|move|p2a: Hatterene|Calm Mind|p2a: Hatterene
|-boost|p2a: Hatterene|spa|1
|-boost|p2a: Hatterene|spd|1
|move|p1a: Temple|Gyro Ball|p2a: Hatterene
|-supereffective|p2a: Hatterene
|-damage|p2a: Hatterene|36/100
|
|upkeep
|turn|7
|j| Kia Malifha
|
|t:|1599031650
|move|p2a: Hatterene|Mystical Fire|p1a: Temple
|-supereffective|p1a: Temple
|-damage|p1a: Temple|0 fnt
|faint|p1a: Temple
|
|upkeep
|j| HelpinghansVIB
|
|t:|1599031654
|switch|p1a: Mortar|Rhyperior, M|100/100
|turn|8
|j| LT74PF piyush21
|
|t:|1599031669
|move|p1a: Mortar|Earthquake|p2a: Hatterene
|-damage|p2a: Hatterene|0 fnt
|faint|p2a: Hatterene
|
|upkeep
|
|t:|1599031671
|switch|p2a: Rillaboom|Rillaboom, F|56/100
|-damage|p2a: Rillaboom|43/100|[from] Stealth Rock
|-fieldstart|move: Grassy Terrain|[from] ability: Grassy Surge|[of] p2a: Rillaboom
|turn|9
|
|t:|1599031676
|move|p2a: Rillaboom|U-turn|p1a: Mortar
|-damage|p1a: Mortar|70/100
|
|t:|1599031679
|switch|p2a: Urshifu|Urshifu-Rapid-Strike, F|100/100|[from]move: U-turn
|-damage|p2a: Urshifu|94/100|[from] Stealth Rock
|move|p1a: Mortar|Heat Crash|p2a: Urshifu
|-resisted|p2a: Urshifu
|-damage|p2a: Urshifu|83/100
|
|-heal|p2a: Urshifu|89/100|[from] Grassy Terrain
|-heal|p1a: Mortar|77/100|[from] item: Leftovers
|-heal|p1a: Mortar|83/100|[from] Grassy Terrain
|upkeep
|turn|10
|
|t:|1599031684
|switch|p1a: Torrent|Azumarill, M|100/100
|move|p2a: Urshifu|U-turn|p1a: Torrent
|-resisted|p1a: Torrent
|-damage|p1a: Torrent|87/100
|
|t:|1599031686
|switch|p2a: Magnezone|Magnezone|88/100|[from]move: U-turn
|-damage|p2a: Magnezone|82/100|[from] Stealth Rock
|
|-heal|p2a: Magnezone|88/100|[from] Grassy Terrain
|-heal|p1a: Torrent|94/100|[from] item: Leftovers
|-heal|p1a: Torrent|99/100|[from] Grassy Terrain
|upkeep
|turn|11
|
|t:|1599031690
|move|p1a: Torrent|Protect|p1a: Torrent
|-singleturn|p1a: Torrent|Protect
|move|p2a: Magnezone|Steel Beam|p1a: Torrent
|-activate|p1a: Torrent|move: Protect
|-damage|p2a: Magnezone|38/100|[from] steelbeam
|
|-heal|p2a: Magnezone|44/100|[from] Grassy Terrain
|-heal|p1a: Torrent|100/100|[from] item: Leftovers
|upkeep
|turn|12
|
|t:|1599031699
|switch|p1a: Mortar|Rhyperior, M|83/100
|move|p2a: Magnezone|Steel Beam|p1a: Mortar
|-supereffective|p1a: Mortar
|-damage|p1a: Mortar|0 fnt
|-damage|p2a: Magnezone|0 fnt|[from] mindblown
|faint|p2a: Magnezone
|faint|p1a: Mortar
|
|upkeep
|
|t:|1599031707
|switch|p2a: Clefable|Clefable, F|43/100
|switch|p1a: Serpentine|Dragapult, M|100/100
|turn|13
|
|t:|1599031713
|move|p1a: Serpentine|U-turn|p2a: Clefable
|-resisted|p2a: Clefable
|-damage|p2a: Clefable|31/100
|
|t:|1599031716
|switch|p1a: Kyotaro|Toxtricity, M|100/100|[from]move: U-turn
|move|p2a: Clefable|Soft-Boiled|p2a: Clefable
|-heal|p2a: Clefable|81/100
|
|-heal|p2a: Clefable|87/100|[from] item: Leftovers
|-heal|p2a: Clefable|93/100|[from] Grassy Terrain
|-fieldend|move: Grassy Terrain
|upkeep
|turn|14
|
|t:|1599031719
|move|p1a: Kyotaro|Gunk Shot|p2a: Clefable
|-supereffective|p2a: Clefable
|-damage|p2a: Clefable|0 fnt
|-damage|p1a: Kyotaro|91/100|[from] item: Life Orb
|faint|p2a: Clefable
|
|upkeep
|
|t:|1599031723
|switch|p2a: Urshifu|Urshifu-Rapid-Strike, F|89/100
|-damage|p2a: Urshifu|83/100|[from] Stealth Rock
|turn|15
|
|t:|1599031727
|switch|p1a: Torrent|Azumarill, M|100/100
|move|p2a: Urshifu|Surging Strikes|p1a: Torrent
|-resisted|p1a: Torrent
|-crit|p1a: Torrent
|-damage|p1a: Torrent|90/100
|-resisted|p1a: Torrent
|-crit|p1a: Torrent
|-damage|p1a: Torrent|79/100
|-resisted|p1a: Torrent
|-crit|p1a: Torrent
|-damage|p1a: Torrent|69/100
|-hitcount|p1a: Torrent|3
|
|-heal|p1a: Torrent|75/100|[from] item: Leftovers
|upkeep
|turn|16
|
|t:|1599031731
|switch|p2a: Rillaboom|Rillaboom, F|43/100
|-damage|p2a: Rillaboom|31/100|[from] Stealth Rock
|-fieldstart|move: Grassy Terrain|[from] ability: Grassy Surge|[of] p2a: Rillaboom
|move|p1a: Torrent|Whirlpool|p2a: Rillaboom
|-resisted|p2a: Rillaboom
|-damage|p2a: Rillaboom|25/100
|-activate|p2a: Rillaboom|move: Whirlpool|[of] p1a: Torrent
|
|-heal|p2a: Rillaboom|32/100|[from] Grassy Terrain
|-heal|p1a: Torrent|81/100|[from] item: Leftovers
|-heal|p1a: Torrent|87/100|[from] Grassy Terrain
|-damage|p2a: Rillaboom|19/100|[from] move: Whirlpool|[partiallytrapped]
|upkeep
|turn|17
|
|t:|1599031734
|move|p1a: Torrent|Protect|p1a: Torrent
|-singleturn|p1a: Torrent|Protect
|move|p2a: Rillaboom|Knock Off|p1a: Torrent
|-activate|p1a: Torrent|move: Protect
|
|-heal|p2a: Rillaboom|25/100|[from] Grassy Terrain
|-heal|p1a: Torrent|94/100|[from] item: Leftovers
|-heal|p1a: Torrent|99/100|[from] Grassy Terrain
|-damage|p2a: Rillaboom|13/100|[from] move: Whirlpool|[partiallytrapped]
|upkeep
|turn|18
|
|t:|1599031740
|move|p2a: Rillaboom|Knock Off|p1a: Torrent
|-resisted|p1a: Torrent
|-damage|p1a: Torrent|82/100
|-enditem|p1a: Torrent|Leftovers|[from] move: Knock Off|[of] p2a: Rillaboom
|move|p1a: Torrent|Toxic|p2a: Rillaboom
|-status|p2a: Rillaboom|tox
|
|-heal|p2a: Rillaboom|19/100 tox|[from] Grassy Terrain
|-heal|p1a: Torrent|88/100|[from] Grassy Terrain
|-damage|p2a: Rillaboom|13/100 tox|[from] psn
|-damage|p2a: Rillaboom|1/100 tox|[from] move: Whirlpool|[partiallytrapped]
|upkeep
|turn|19
|
|t:|1599031746
|move|p1a: Torrent|Protect|p1a: Torrent
|-singleturn|p1a: Torrent|Protect
|move|p2a: Rillaboom|Knock Off|p1a: Torrent
|-activate|p1a: Torrent|move: Protect
|
|-heal|p2a: Rillaboom|7/100 tox|[from] Grassy Terrain
|-heal|p1a: Torrent|95/100|[from] Grassy Terrain
|-damage|p2a: Rillaboom|0 fnt|[from] psn
|faint|p2a: Rillaboom
|upkeep
|
|t:|1599031748
|switch|p2a: Hawlucha|Hawlucha, F|100/100
|-damage|p2a: Hawlucha|88/100|[from] Stealth Rock
|-enditem|p2a: Hawlucha|Grassy Seed
|-boost|p2a: Hawlucha|def|1|[from] item: Grassy Seed
|turn|20
|
|t:|1599031751
|move|p2a: Hawlucha|Substitute|p2a: Hawlucha
|-start|p2a: Hawlucha|Substitute
|-damage|p2a: Hawlucha|63/100
|move|p1a: Torrent|Perish Song|p1a: Torrent
|-start|p1a: Torrent|perish3|[silent]
|-start|p2a: Hawlucha|perish3|[silent]
|-fieldactivate|move: Perish Song
|
|-heal|p1a: Torrent|100/100|[from] Grassy Terrain
|-fieldend|move: Grassy Terrain
|-start|p2a: Hawlucha|perish3
|-start|p1a: Torrent|perish3
|upkeep
|turn|21
|
|t:|1599031755
|switch|p1a: Yami|Mandibuzz, F, shiny|100/100
|move|p2a: Hawlucha|Swords Dance|p2a: Hawlucha
|-boost|p2a: Hawlucha|atk|2
|
|-start|p2a: Hawlucha|perish2
|upkeep
|turn|22
|
|t:|1599031758
|move|p2a: Hawlucha|Close Combat|p1a: Yami
|-damage|p1a: Yami|30/100
|-unboost|p2a: Hawlucha|def|1
|-unboost|p2a: Hawlucha|spd|1
|move|p1a: Yami|Roost|p1a: Yami
|-heal|p1a: Yami|80/100
|-singleturn|p1a: Yami|move: Roost
|
|-start|p2a: Hawlucha|perish1
|upkeep
|turn|23
|-message|LT74PF 999iq280 forfeited.
|
|win|relic stone
|l|☆LT74PF 999iq280
|raw|relic stone's rating: 1848 &rarr; <strong>1862</strong><br />(+14 for winning)
|raw|LT74PF 999iq280's rating: 1738 &rarr; <strong>1725</strong><br />(-13 for losing)
