|j|☆minimax_ai
|j|☆tawnys alt
|t:|1667780991
|gametype|singles
|player|p1|minimax_ai|169|1541
|player|p2|tawnys alt|169|1592
|teamsize|p1|6
|teamsize|p2|6
|gen|8
|tier|[Gen 8] OU
|rated|
|rule|Sleep Clause Mod: Limit one foe put to sleep
|rule|Species Clause: Limit one of each Pokémon
|rule|OHKO Clause: OHKO moves are banned
|rule|Evasion Items Clause: Evasion items are banned
|rule|Evasion Moves Clause: Evasion moves are banned
|rule|Endless Battle Clause: Forcing endless battles is banned
|rule|HP Percentage Mod: HP is shown in percentages
|rule|Dynamax Clause: You cannot dynamax
|clearpoke
|poke|p1|Rotom-Wash|
|poke|p1|Weavile, F|
|poke|p1|Landorus-Therian, M|
|poke|p1|Heatran, M|
|poke|p1|Tangrowth, M|
|poke|p1|Melmetal|
|poke|p2|Kartana|
|poke|p2|Garchomp, M|
|poke|p2|Dragapult, F|
|poke|p2|Ferrothorn, F|
|poke|p2|Toxapex, F|
|poke|p2|Mandibuzz, F|
|teampreview
|c|☆minimax_ai|hf
|inactive|Battle timer is ON: inactive players will automatically lose when time's up. (requested by minimax_ai)
|
|t:|1667781003
|start
|switch|p1a: landorustherian|Landorus-Therian, M|100/100
|switch|p2a: Ferrothorn|Ferrothorn, F|100/100
|-ability|p1a: landorustherian|Intimidate|boost
|-unboost|p2a: Ferrothorn|atk|1
|turn|1
|j| wannaspritecranbe
|
|t:|1667781005
|move|p1a: landorustherian|Earthquake|p2a: Ferrothorn
|-damage|p2a: Ferrothorn|66/100
|move|p2a: Ferrothorn|Knock Off|p1a: landorustherian
|-damage|p1a: landorustherian|87/100
|-enditem|p1a: landorustherian|Leftovers|[from] move: Knock Off|[of] p2a: Ferrothorn
|
|-heal|p2a: Ferrothorn|73/100|[from] item: Leftovers
|upkeep
|turn|2
|
|t:|1667781007
|move|p1a: landorustherian|U-turn|p2a: Ferrothorn
|-damage|p2a: Ferrothorn|56/100
|-damage|p1a: landorustherian|75/100|[from] ability: Iron Barbs|[of] p2a: Ferrothorn
|
|t:|1667781007
|switch|p1a: Heatran|Heatran, M|100/100|[from]move: U-turn
|-item|p1a: Heatran|Air Balloon
|move|p2a: Ferrothorn|Leech Seed|p1a: Heatran
|-start|p1a: Heatran|move: Leech Seed
|
|-heal|p2a: Ferrothorn|62/100|[from] item: Leftovers
|-damage|p1a: Heatran|88/100|[from] Leech Seed|[of] p2a: Ferrothorn
|-heal|p2a: Ferrothorn|74/100|[silent]
|upkeep
|turn|3
|
|t:|1667781010
|switch|p2a: Garchomp|Garchomp, M|100/100
|move|p1a: Heatran|Magma Storm|p2a: Garchomp
|-resisted|p2a: Garchomp
|-damage|p2a: Garchomp|82/100
|-activate|p2a: Garchomp|move: Magma Storm|[of] p1a: Heatran
|
|-heal|p2a: Garchomp|88/100|[from] item: Leftovers
|-damage|p1a: Heatran|76/100|[from] Leech Seed|[of] p2a: Garchomp
|-heal|p2a: Garchomp|98/100|[silent]
|-damage|p2a: Garchomp|85/100|[from] move: Magma Storm|[partiallytrapped]
|upkeep
|turn|4
|
|t:|1667781013
|switch|p1a: landorustherian|Landorus-Therian, M|75/100
|-ability|p1a: landorustherian|Intimidate|boost
|-unboost|p2a: Garchomp|atk|1
|move|p2a: Garchomp|Stealth Rock|p1a: landorustherian
|-sidestart|p1: minimax_ai|move: Stealth Rock
|
|-heal|p2a: Garchomp|92/100|[from] item: Leftovers
|-end|p2a: Garchomp|Magma Storm|[partiallytrapped]|[silent]
|upkeep
|turn|5
|
|t:|1667781016
|move|p2a: Garchomp|Toxic|p1a: landorustherian|[miss]
|-miss|p2a: Garchomp|p1a: landorustherian
|move|p1a: landorustherian|Defog|p2a: Garchomp
|-unboost|p2a: Garchomp|evasion|1
|-sideend|p1: minimax_ai|Stealth Rock|[from] move: Defog|[of] p1a: landorustherian
|
|-heal|p2a: Garchomp|98/100|[from] item: Leftovers
|upkeep
|turn|6
|
|t:|1667781018
|switch|p1a: Heatran|Heatran, M|76/100
|-item|p1a: Heatran|Air Balloon
|move|p2a: Garchomp|Stealth Rock|p1a: Heatran
|-sidestart|p1: minimax_ai|move: Stealth Rock
|
|-heal|p2a: Garchomp|100/100|[from] item: Leftovers
|upkeep
|turn|7
|
|t:|1667781020
|move|p1a: Heatran|Magma Storm|p2a: Garchomp
|-resisted|p2a: Garchomp
|-damage|p2a: Garchomp|81/100
|-activate|p2a: Garchomp|move: Magma Storm|[of] p1a: Heatran
|move|p2a: Garchomp|Dragon Tail|p1a: Heatran
|-resisted|p1a: Heatran
|-damage|p1a: Heatran|67/100
|-enditem|p1a: Heatran|Air Balloon
|drag|p1a: Melmetal|Melmetal|100/100
|-damage|p1a: Melmetal|94/100|[from] Stealth Rock
|
|-heal|p2a: Garchomp|87/100|[from] item: Leftovers
|-end|p2a: Garchomp|Magma Storm|[partiallytrapped]|[silent]
|upkeep
|turn|8
|
|t:|1667781023
|switch|p2a: Ferrothorn|Ferrothorn, F|74/100
|move|p1a: Melmetal|Ice Punch|p2a: Ferrothorn
|-damage|p2a: Ferrothorn|49/100
|-damage|p1a: Melmetal|82/100|[from] ability: Iron Barbs|[of] p2a: Ferrothorn
|
|-heal|p2a: Ferrothorn|55/100|[from] item: Leftovers
|upkeep
|turn|9
|
|t:|1667781029
|move|p1a: Melmetal|Ice Punch|p2a: Ferrothorn
|-damage|p2a: Ferrothorn|33/100
|-status|p2a: Ferrothorn|frz
|-damage|p1a: Melmetal|69/100|[from] ability: Iron Barbs|[of] p2a: Ferrothorn
|cant|p2a: Ferrothorn|frz
|
|-heal|p2a: Ferrothorn|39/100 frz|[from] item: Leftovers
|upkeep
|turn|10
|
|t:|1667781032
|move|p1a: Melmetal|Earthquake|p2a: Ferrothorn
|-damage|p2a: Ferrothorn|14/100 frz
|cant|p2a: Ferrothorn|frz
|
|-heal|p2a: Ferrothorn|20/100 frz|[from] item: Leftovers
|upkeep
|turn|11
|
|t:|1667781034
|move|p1a: Melmetal|Earthquake|p2a: Ferrothorn
|-damage|p2a: Ferrothorn|0 fnt
|faint|p2a: Ferrothorn
|
|upkeep
|
|t:|1667781036
|switch|p2a: Kartana|Kartana|100/100
|turn|12
|
|t:|1667781039
|switch|p1a: Tangrowth|Tangrowth, M|100/100
|-damage|p1a: Tangrowth|88/100|[from] Stealth Rock
|move|p2a: Kartana|Knock Off|p1a: Tangrowth
|-damage|p1a: Tangrowth|54/100
|-damage|p2a: Kartana|84/100|[from] item: Rocky Helmet|[of] p1a: Tangrowth
|-enditem|p1a: Tangrowth|Rocky Helmet|[from] move: Knock Off|[of] p2a: Kartana
|
|upkeep
|turn|13
|
|t:|1667781043
|switch|p2a: Toxapex|Toxapex, F|100/100
|move|p1a: Tangrowth|Giga Drain|p2a: Toxapex
|-damage|p2a: Toxapex|81/100
|-heal|p1a: Tangrowth|61/100|[from] drain|[of] p2a: Toxapex
|
|-heal|p2a: Toxapex|88/100|[from] item: Black Sludge
|upkeep
|turn|14
|
|t:|1667781045
|move|p1a: Tangrowth|Sleep Powder|p2a: Toxapex
|-status|p2a: Toxapex|slp|[from] move: Sleep Powder
|cant|p2a: Toxapex|slp
|
|-heal|p2a: Toxapex|94/100 slp|[from] item: Black Sludge
|upkeep
|turn|15
|
|t:|1667781048
|move|p1a: Tangrowth|Giga Drain|p2a: Toxapex
|-damage|p2a: Toxapex|76/100 slp
|-heal|p1a: Tangrowth|68/100|[from] drain|[of] p2a: Toxapex
|cant|p2a: Toxapex|slp
|
|-heal|p2a: Toxapex|82/100 slp|[from] item: Black Sludge
|upkeep
|turn|16
|
|t:|1667781050
|move|p1a: Tangrowth|Giga Drain|p2a: Toxapex
|-damage|p2a: Toxapex|64/100 slp
|-heal|p1a: Tangrowth|75/100|[from] drain|[of] p2a: Toxapex
|cant|p2a: Toxapex|slp
|
|-heal|p2a: Toxapex|70/100 slp|[from] item: Black Sludge
|upkeep
|turn|17
|c| wannaspritecranbe|oof
|
|t:|1667781051
|move|p1a: Tangrowth|Knock Off|p2a: Toxapex
|-damage|p2a: Toxapex|53/100 slp
|-enditem|p2a: Toxapex|Black Sludge|[from] move: Knock Off|[of] p1a: Tangrowth
|-curestatus|p2a: Toxapex|slp|[msg]
|move|p2a: Toxapex|Scald|p1a: Tangrowth
|-resisted|p1a: Tangrowth
|-damage|p1a: Tangrowth|63/100
|
|upkeep
|turn|18
|
|t:|1667781055
|switch|p2a: Mandibuzz|Mandibuzz, F|100/100
|move|p1a: Tangrowth|Giga Drain|p2a: Mandibuzz
|-resisted|p2a: Mandibuzz
|-damage|p2a: Mandibuzz|88/100
|-heal|p1a: Tangrowth|70/100|[from] drain|[of] p2a: Mandibuzz
|
|upkeep
|turn|19
|
|t:|1667781057
|move|p2a: Mandibuzz|Foul Play|p1a: Tangrowth
|-damage|p1a: Tangrowth|52/100
|move|p1a: Tangrowth|Giga Drain|p2a: Mandibuzz
|-resisted|p2a: Mandibuzz
|-damage|p2a: Mandibuzz|75/100
|-heal|p1a: Tangrowth|59/100|[from] drain|[of] p2a: Mandibuzz
|
|upkeep
|turn|20
|
|t:|1667781058
|move|p2a: Mandibuzz|Foul Play|p1a: Tangrowth
|-damage|p1a: Tangrowth|41/100
|move|p1a: Tangrowth|Giga Drain|p2a: Mandibuzz
|-resisted|p2a: Mandibuzz
|-damage|p2a: Mandibuzz|64/100
|-heal|p1a: Tangrowth|47/100|[from] drain|[of] p2a: Mandibuzz
|
|upkeep
|turn|21
|
|t:|1667781060
|switch|p1a: Melmetal|Melmetal|69/100
|-damage|p1a: Melmetal|63/100|[from] Stealth Rock
|move|p2a: Mandibuzz|U-turn|p1a: Melmetal
|-resisted|p1a: Melmetal
|-damage|p1a: Melmetal|60/100
|
|t:|1667781063
|switch|p2a: Kartana|Kartana|84/100|[from]move: U-turn
|
|upkeep
|turn|22
|
|t:|1667781065
|switch|p1a: Tangrowth|Tangrowth, M|80/100
|-damage|p1a: Tangrowth|68/100|[from] Stealth Rock
|move|p2a: Kartana|Knock Off|p1a: Tangrowth
|-damage|p1a: Tangrowth|45/100
|
|upkeep
|turn|23
|
|t:|1667781070
|switch|p2a: Toxapex|Toxapex, F|86/100
|move|p1a: Tangrowth|Giga Drain|p2a: Toxapex
|-damage|p2a: Toxapex|69/100
|-heal|p1a: Tangrowth|52/100|[from] drain|[of] p2a: Toxapex
|
|upkeep
|turn|24
|
|t:|1667781072
|move|p1a: Tangrowth|Giga Drain|p2a: Toxapex
|-damage|p2a: Toxapex|49/100
|-heal|p1a: Tangrowth|60/100|[from] drain|[of] p2a: Toxapex
|move|p2a: Toxapex|Toxic Spikes|p1a: Tangrowth
|-sidestart|p1: minimax_ai|move: Toxic Spikes
|
|upkeep
|turn|25
|
|t:|1667781073
|move|p1a: Tangrowth|Giga Drain|p2a: Toxapex
|-damage|p2a: Toxapex|30/100
|-heal|p1a: Tangrowth|67/100|[from] drain|[of] p2a: Toxapex
|move|p2a: Toxapex|Toxic Spikes|p1a: Tangrowth
|-sidestart|p1: minimax_ai|move: Toxic Spikes
|
|upkeep
|turn|26
|
|t:|1667781076
|move|p1a: Tangrowth|Sleep Powder|p2a: Toxapex
|-status|p2a: Toxapex|slp|[from] move: Sleep Powder
|cant|p2a: Toxapex|slp
|
|upkeep
|turn|27
|
|t:|1667781078
|move|p1a: Tangrowth|Knock Off|p2a: Toxapex
|-damage|p2a: Toxapex|20/100 slp
|cant|p2a: Toxapex|slp
|
|upkeep
|turn|28
|
|t:|1667781082
|switch|p2a: Garchomp|Garchomp, M|87/100
|move|p1a: Tangrowth|Knock Off|p2a: Garchomp
|-damage|p2a: Garchomp|69/100
|-damage|p1a: Tangrowth|54/100|[from] ability: Rough Skin|[of] p2a: Garchomp
|-enditem|p2a: Garchomp|Leftovers|[from] move: Knock Off|[of] p1a: Tangrowth
|
|upkeep
|turn|29
|
|t:|1667781084
|move|p2a: Garchomp|Toxic|p1a: Tangrowth
|-status|p1a: Tangrowth|tox
|move|p1a: Tangrowth|Giga Drain|p2a: Garchomp
|-damage|p2a: Garchomp|49/100
|-heal|p1a: Tangrowth|65/100 tox|[from] drain|[of] p2a: Garchomp
|
|-damage|p1a: Tangrowth|59/100 tox|[from] psn
|upkeep
|turn|30
|
|t:|1667781086
|switch|p2a: Mandibuzz|Mandibuzz, F|64/100
|move|p1a: Tangrowth|Giga Drain|p2a: Mandibuzz
|-resisted|p2a: Mandibuzz
|-damage|p2a: Mandibuzz|52/100
|-heal|p1a: Tangrowth|65/100 tox|[from] drain|[of] p2a: Mandibuzz
|
|-damage|p1a: Tangrowth|53/100 tox|[from] psn
|upkeep
|turn|31
|
|t:|1667781088
|switch|p1a: landorustherian|Landorus-Therian, M|75/100
|-damage|p1a: landorustherian|63/100|[from] Stealth Rock
|-ability|p1a: landorustherian|Intimidate|boost
|-unboost|p2a: Mandibuzz|atk|1
|move|p2a: Mandibuzz|Roost|p2a: Mandibuzz
|-heal|p2a: Mandibuzz|100/100
|-singleturn|p2a: Mandibuzz|move: Roost
|
|upkeep
|turn|32
|
|t:|1667781091
|move|p1a: landorustherian|Defog|p2a: Mandibuzz
|-unboost|p2a: Mandibuzz|evasion|1
|-sideend|p1: minimax_ai|Toxic Spikes|[from] move: Defog|[of] p1a: landorustherian
|-sideend|p1: minimax_ai|Stealth Rock|[from] move: Defog|[of] p1a: landorustherian
|move|p2a: Mandibuzz|Foul Play|p1a: landorustherian
|-damage|p1a: landorustherian|17/100
|
|upkeep
|turn|33
|
|t:|1667781092
|move|p1a: landorustherian|U-turn|p2a: Mandibuzz
|-damage|p2a: Mandibuzz|87/100
|
|t:|1667781093
|switch|p1a: Tangrowth|Tangrowth, M|86/100 tox|[from]move: U-turn
|move|p2a: Mandibuzz|U-turn|p1a: Tangrowth
|-supereffective|p1a: Tangrowth
|-damage|p1a: Tangrowth|78/100 tox
|
|t:|1667781095
|switch|p2a: Dragapult|Dragapult, F|100/100|[from]move: U-turn
|
|-damage|p1a: Tangrowth|72/100 tox|[from] psn
|upkeep
|turn|34
|
|t:|1667781101
|switch|p1a: Heatran|Heatran, M|67/100
|move|p2a: Dragapult|Dragon Dance|p2a: Dragapult
|-boost|p2a: Dragapult|atk|1
|-boost|p2a: Dragapult|spe|1
|
|upkeep
|turn|35
|
|t:|1667781103
|move|p2a: Dragapult|Phantom Force||[still]
|-prepare|p2a: Dragapult|Phantom Force
|move|p1a: Heatran|Stealth Rock|p2a: Dragapult
|-sidestart|p2: tawnys alt|move: Stealth Rock
|
|upkeep
|turn|36
|
|t:|1667781104
|switch|p1a: Tangrowth|Tangrowth, M|100/100 tox
|move|p2a: Dragapult|Phantom Force|p1a: Tangrowth|[from]lockedmove
|-damage|p1a: Tangrowth|67/100 tox
|
|-damage|p1a: Tangrowth|61/100 tox|[from] psn
|upkeep
|turn|37
|
|t:|1667781106
|switch|p1a: Melmetal|Melmetal|60/100
|move|p2a: Dragapult|Fire Blast|p1a: Melmetal
|-supereffective|p1a: Melmetal
|-damage|p1a: Melmetal|33/100
|
|upkeep
|turn|38
|
|t:|1667781112
|move|p2a: Dragapult|Phantom Force||[still]
|-prepare|p2a: Dragapult|Phantom Force
|move|p1a: Melmetal|Double Iron Bash|p2a: Dragapult|[miss]
|-miss|p1a: Melmetal|p2a: Dragapult
|
|upkeep
|turn|39
|
|t:|1667781113
|switch|p1a: Tangrowth|Tangrowth, M|94/100 tox
|move|p2a: Dragapult|Phantom Force|p1a: Tangrowth|[from]lockedmove
|-damage|p1a: Tangrowth|61/100 tox
|
|-damage|p1a: Tangrowth|55/100 tox|[from] psn
|upkeep
|turn|40
|
|t:|1667781115
|switch|p1a: Melmetal|Melmetal|33/100
|move|p2a: Dragapult|Fire Blast|p1a: Melmetal|[miss]
|-miss|p2a: Dragapult|p1a: Melmetal
|
|upkeep
|turn|41
|
|t:|1667781117
|move|p2a: Dragapult|Phantom Force||[still]
|-prepare|p2a: Dragapult|Phantom Force
|move|p1a: Melmetal|Double Iron Bash|p2a: Dragapult|[miss]
|-miss|p1a: Melmetal|p2a: Dragapult
|
|upkeep
|turn|42
|
|t:|1667781118
|switch|p1a: Tangrowth|Tangrowth, M|88/100 tox
|move|p2a: Dragapult|Phantom Force|p1a: Tangrowth|[from]lockedmove
|-damage|p1a: Tangrowth|52/100 tox
|
|-damage|p1a: Tangrowth|46/100 tox|[from] psn
|upkeep
|turn|43
|
|t:|1667781123
|switch|p1a: Melmetal|Melmetal|33/100
|move|p2a: Dragapult|Phantom Force||[still]
|-prepare|p2a: Dragapult|Phantom Force
|
|upkeep
|turn|44
|
|t:|1667781124
|switch|p1a: Tangrowth|Tangrowth, M|79/100 tox
|move|p2a: Dragapult|Phantom Force|p1a: Tangrowth|[from]lockedmove
|-damage|p1a: Tangrowth|44/100 tox
|
|-damage|p1a: Tangrowth|38/100 tox|[from] psn
|upkeep
|turn|45
|
|t:|1667781126
|switch|p1a: Melmetal|Melmetal|33/100
|move|p2a: Dragapult|Dragon Darts|p1a: Melmetal
|-resisted|p1a: Melmetal
|-damage|p1a: Melmetal|22/100
|-anim|p2a: Dragapult|Dragon Darts|p1a: Melmetal
|-resisted|p1a: Melmetal
|-damage|p1a: Melmetal|12/100
|
|upkeep
|turn|46
|
|t:|1667781128
|move|p2a: Dragapult|Dragon Darts|p1a: Melmetal
|-resisted|p1a: Melmetal
|-damage|p1a: Melmetal|1/100
|-anim|p2a: Dragapult|Dragon Darts|p1a: Melmetal
|-resisted|p1a: Melmetal
|-damage|p1a: Melmetal|0 fnt
|faint|p1a: Melmetal
|
|upkeep
|
|t:|1667781128
|switch|p1a: Heatran|Heatran, M|67/100
|turn|47
|
|t:|1667781130
|switch|p1a: landorustherian|Landorus-Therian, M|17/100
|-ability|p1a: landorustherian|Intimidate|boost
|-fail|p2a: Dragapult|unboost|[from] ability: Clear Body|[of] p2a: Dragapult
|move|p2a: Dragapult|Phantom Force||[still]
|-prepare|p2a: Dragapult|Phantom Force
|
|upkeep
|turn|48
|
|t:|1667781131
|switch|p1a: Tangrowth|Tangrowth, M|71/100 tox
|move|p2a: Dragapult|Phantom Force|p1a: Tangrowth|[from]lockedmove
|-damage|p1a: Tangrowth|36/100 tox
|
|-damage|p1a: Tangrowth|30/100 tox|[from] psn
|upkeep
|turn|49
|
|t:|1667781133
|switch|p1a: landorustherian|Landorus-Therian, M|17/100
|-ability|p1a: landorustherian|Intimidate|boost
|-fail|p2a: Dragapult|unboost|[from] ability: Clear Body|[of] p2a: Dragapult
|move|p2a: Dragapult|Dragon Darts|p1a: landorustherian
|-damage|p1a: landorustherian|0 fnt
|faint|p1a: landorustherian
|
|upkeep
|
|t:|1667781133
|switch|p1a: Heatran|Heatran, M|67/100
|turn|50
|
|t:|1667781135
|move|p2a: Dragapult|Phantom Force||[still]
|-prepare|p2a: Dragapult|Phantom Force
|move|p1a: Heatran|Magma Storm|p2a: Dragapult|[miss]
|-miss|p1a: Heatran|p2a: Dragapult
|
|upkeep
|turn|51
|
|t:|1667781136
|switch|p1a: Tangrowth|Tangrowth, M|63/100 tox
|move|p2a: Dragapult|Phantom Force|p1a: Tangrowth|[from]lockedmove
|-damage|p1a: Tangrowth|30/100 tox
|
|-damage|p1a: Tangrowth|24/100 tox|[from] psn
|upkeep
|turn|52
|
|t:|1667781138
|move|p2a: Dragapult|Dragon Darts|p1a: Tangrowth
|-damage|p1a: Tangrowth|5/100 tox
|-anim|p2a: Dragapult|Dragon Darts|p1a: Tangrowth
|-damage|p1a: Tangrowth|0 fnt
|faint|p1a: Tangrowth
|
|upkeep
|
|t:|1667781138
|switch|p1a: Heatran|Heatran, M|67/100
|turn|53
|
|t:|1667781140
|move|p2a: Dragapult|Phantom Force||[still]
|-prepare|p2a: Dragapult|Phantom Force
|move|p1a: Heatran|Magma Storm|p2a: Dragapult|[miss]
|-miss|p1a: Heatran|p2a: Dragapult
|
|upkeep
|turn|54
|
|t:|1667781141
|switch|p1a: Weavile|Weavile, F|100/100
|-ability|p1a: Weavile|Pressure
|move|p2a: Dragapult|Phantom Force|p1a: Weavile|[from]lockedmove
|-resisted|p1a: Weavile
|-damage|p1a: Weavile|43/100
|
|upkeep
|turn|55
|
|t:|1667781142
|move|p1a: Weavile|Ice Shard|p2a: Dragapult
|-supereffective|p2a: Dragapult
|-damage|p2a: Dragapult|20/100
|move|p2a: Dragapult|Dragon Darts|p1a: Weavile
|-damage|p1a: Weavile|0 fnt
|faint|p1a: Weavile
|
|-heal|p2a: Dragapult|26/100|[from] item: Leftovers
|upkeep
|
|t:|1667781142
|switch|p1a: Heatran|Heatran, M|67/100
|turn|56
|
|t:|1667781144
|move|p2a: Dragapult|Phantom Force||[still]
|-prepare|p2a: Dragapult|Phantom Force
|move|p1a: Heatran|Magma Storm|p2a: Dragapult|[miss]
|-miss|p1a: Heatran|p2a: Dragapult
|
|-heal|p2a: Dragapult|32/100|[from] item: Leftovers
|upkeep
|turn|57
|
|t:|1667781145
|move|p2a: Dragapult|Phantom Force|p1a: Heatran|[from]lockedmove
|-damage|p1a: Heatran|2/100
|move|p1a: Heatran|Earth Power|p2a: Dragapult
|-damage|p2a: Dragapult|0 fnt
|faint|p2a: Dragapult
|
|upkeep
|
|t:|1667781147
|switch|p2a: Kartana|Kartana|84/100
|-damage|p2a: Kartana|78/100|[from] Stealth Rock
|turn|58
|
|t:|1667781148
|move|p2a: Kartana|Leaf Blade|p1a: Heatran
|-resisted|p1a: Heatran
|-damage|p1a: Heatran|0 fnt
|faint|p1a: Heatran
|-ability|p2a: Kartana|Beast Boost|boost
|-boost|p2a: Kartana|atk|1
|
|upkeep
|
|t:|1667781148
|switch|p1a: rotomwash|Rotom-Wash|100/100
|turn|59
|
|t:|1667781150
|move|p2a: Kartana|Leaf Blade|p1a: rotomwash
|-supereffective|p1a: rotomwash
|-damage|p1a: rotomwash|0 fnt
|faint|p1a: rotomwash
|
|win|tawnys alt
|raw|minimax_ai's rating: 1541 &rarr; <strong>1524</strong><br />(-17 for losing)
|raw|tawnys alt's rating: 1592 &rarr; <strong>1609</strong><br />(+17 for winning)
|c|☆minimax_ai|gg
|l|☆minimax_ai
