|j|☆GaijinEagle
|j|☆elarodyxd
|t:|1596561983
|player|p1|GaijinEagle|102|1207
|player|p2|elarodyxd|wallace-gen6|1194
|teamsize|p1|6
|teamsize|p2|6
|gametype|singles
|gen|8
|tier|[Gen 8] OU
|rated|
|html|<div class="broadcast-blue"><strong>OU is currently suspecting Magearna! For information on how to participate check out the <a href="https://www.smogon.com/forums/threads/3667669/">suspect thread</a>.</strong></div>
|clearpoke
|poke|p1|Shuckle, F|
|poke|p1|Urshifu-*, M|
|poke|p1|Weavile, M|
|poke|p1|Alakazam, F|
|poke|p1|Cinderace, F|
|poke|p1|Conkeldurr, M|
|poke|p2|Cinderace, M|
|poke|p2|Dragapult, M|
|poke|p2|Ferrothorn, F|
|poke|p2|Rotom-Wash|
|poke|p2|Togekiss, M|
|poke|p2|Urshifu-*, F|
|rule|Sleep Clause Mod: Limit one foe put to sleep
|rule|Species Clause: Limit one of each Pokémon
|rule|OHKO Clause: OHKO moves are banned
|rule|Evasion Moves Clause: Evasion moves are banned
|rule|Endless Battle Clause: Forcing endless battles is banned
|rule|HP Percentage Mod: HP is shown in percentages
|rule|Dynamax Clause: You cannot dynamax
|teampreview
|inactive|Battle timer is ON: inactive players will automatically lose when time's up. (requested by GaijinEagle)
|inactive|GaijinEagle has 120 seconds left.
|inactive|elarodyxd has 120 seconds left.
|inactive|GaijinEagle has 90 seconds left.
|inactive|GaijinEagle has 60 seconds left.
|inactiveoff|Battle timer is now OFF.
|
|t:|1596562096
|start
|switch|p1a: Shuckle|Shuckle, F|100/100
|switch|p2a: Cinderace|Cinderace, M|100/100
|turn|1
|
|t:|1596562106
|move|p2a: Cinderace|High Jump Kick|p1a: Shuckle
|-start|p2a: Cinderace|typechange|Fighting|[from] ability: Libero
|-damage|p1a: Shuckle|51/100
|-damage|p2a: Cinderace|91/100|[from] item: Life Orb
|move|p1a: Shuckle|Sticky Web|p2a: Cinderace
|-sidestart|p2: elarodyxd|move: Sticky Web
|
|upkeep
|turn|2
|
|t:|1596562124
|move|p2a: Cinderace|High Jump Kick|p1a: Shuckle
|-damage|p1a: Shuckle|0 fnt
|-damage|p2a: Cinderace|81/100|[from] item: Life Orb
|faint|p1a: Shuckle
|
|upkeep
|
|t:|1596562131
|switch|p1a: Urshifu|Urshifu, M|100/100
|turn|3
|inactive|Battle timer is ON: inactive players will automatically lose when time's up. (requested by GaijinEagle)
|inactive|elarodyxd has 120 seconds left.
|
|t:|1596562224
|move|p2a: Cinderace|High Jump Kick|p1a: Urshifu
|-supereffective|p1a: Urshifu
|-damage|p1a: Urshifu|0 fnt
|-damage|p2a: Cinderace|71/100|[from] item: Life Orb
|faint|p1a: Urshifu
|
|upkeep
|inactive|GaijinEagle has 120 seconds left.
|inactive|GaijinEagle has 90 seconds left.
|inactive|GaijinEagle has 60 seconds left.
|
|t:|1596562304
|switch|p1a: Weavile|Weavile, M|100/100
|-ability|p1a: Weavile|Pressure
|turn|4
|inactive|elarodyxd has 120 seconds left.
|
|t:|1596562313
|move|p1a: Weavile|Knock Off|p2a: Cinderace
|-resisted|p2a: Cinderace
|-damage|p2a: Cinderace|28/100
|-enditem|p2a: Cinderace|Life Orb|[from] move: Knock Off|[of] p1a: Weavile
|-damage|p1a: Weavile|91/100|[from] item: Life Orb
|move|p2a: Cinderace|Pyro Ball|p1a: Weavile|[miss]
|-start|p2a: Cinderace|typechange|Fire|[from] ability: Libero
|-miss|p2a: Cinderace|p1a: Weavile
|
|upkeep
|turn|5
|inactive|GaijinEagle has 60 seconds left.
|inactive|elarodyxd has 120 seconds left.
|
|t:|1596562331
|move|p1a: Weavile|Low Kick|p2a: Cinderace
|-damage|p2a: Cinderace|0 fnt
|-damage|p1a: Weavile|81/100|[from] item: Life Orb
|faint|p2a: Cinderace
|
|upkeep
|inactive|elarodyxd has 120 seconds left.
|
|t:|1596562340
|switch|p2a: Urshifu|Urshifu, F|100/100
|-activate|p2a: Urshifu|move: Sticky Web
|-unboost|p2a: Urshifu|spe|1
|turn|6
|inactive|GaijinEagle has 60 seconds left.
|
|t:|1596562364
|move|p1a: Weavile|Low Kick|p2a: Urshifu
|-supereffective|p2a: Urshifu
|-damage|p2a: Urshifu|18/100
|-damage|p1a: Weavile|71/100|[from] item: Life Orb
|move|p2a: Urshifu|Wicked Blow|p1a: Weavile
|-resisted|p1a: Weavile
|-crit|p1a: Weavile
|-damage|p1a: Weavile|14/100
|
|upkeep
|turn|7
|
|t:|1596562373
|move|p1a: Weavile|Ice Shard|p2a: Urshifu
|-damage|p2a: Urshifu|0 fnt
|-damage|p1a: Weavile|4/100|[from] item: Life Orb
|faint|p2a: Urshifu
|
|upkeep
|
|t:|1596562379
|switch|p2a: Rotom|Rotom-Wash, shiny|100/100
|turn|8
|inactive|GaijinEagle has 60 seconds left.
|
|t:|1596562388
|move|p1a: Weavile|Knock Off|p2a: Rotom
|-damage|p2a: Rotom|44/100
|-enditem|p2a: Rotom|Leftovers|[from] move: Knock Off|[of] p1a: Weavile
|-damage|p1a: Weavile|0 fnt|[from] item: Life Orb
|faint|p1a: Weavile
|move|p2a: Rotom|Thunderbolt|p1: Weavile|[notarget]
|-fail|p2a: Rotom
|
|upkeep
|inactive|GaijinEagle has 60 seconds left.
|
|t:|1596562409
|switch|p1a: Conkeldurr|Conkeldurr, M|100/100
|turn|9
|
|t:|1596562430
|move|p2a: Rotom|Hydro Pump|p1a: Conkeldurr
|-damage|p1a: Conkeldurr|40/100
|move|p1a: Conkeldurr|Facade|p2a: Rotom
|-damage|p2a: Rotom|18/100
|
|-status|p1a: Conkeldurr|brn|[from] item: Flame Orb
|upkeep
|turn|10
|
|t:|1596562439
|move|p1a: Conkeldurr|Mach Punch|p2a: Rotom
|-damage|p2a: Rotom|0 fnt
|faint|p2a: Rotom
|
|-damage|p1a: Conkeldurr|34/100 brn|[from] brn
|upkeep
|
|t:|1596562449
|switch|p2a: Togekiss|Togekiss, M|100/100
|turn|11
|
|t:|1596562465
|switch|p1a: Cinderace|Cinderace, F|100/100
|move|p2a: Togekiss|Air Slash|p1a: Cinderace|[miss]
|-miss|p2a: Togekiss|p1a: Cinderace
|
|upkeep
|turn|12
|
|t:|1596562478
|move|p1a: Cinderace|Pyro Ball|p2a: Togekiss
|-damage|p2a: Togekiss|61/100
|move|p2a: Togekiss|Flamethrower|p1a: Cinderace
|-resisted|p1a: Cinderace
|-damage|p1a: Cinderace|83/100
|
|upkeep
|turn|13
|
|t:|1596562487
|move|p1a: Cinderace|Pyro Ball|p2a: Togekiss
|-damage|p2a: Togekiss|17/100
|move|p2a: Togekiss|Air Slash|p1a: Cinderace
|-damage|p1a: Cinderace|37/100
|
|upkeep
|turn|14
|
|t:|1596562494
|move|p1a: Cinderace|Pyro Ball|p2a: Togekiss
|-damage|p2a: Togekiss|0 fnt
|faint|p2a: Togekiss
|
|upkeep
|
|t:|1596562498
|switch|p2a: Dragapult|Dragapult, M|100/100
|-activate|p2a: Dragapult|move: Sticky Web
|-fail|p2a: Dragapult|unboost|[from] ability: Clear Body|[of] p2a: Dragapult
|turn|15
|
|t:|1596562508
|move|p1a: Cinderace|Sucker Punch|p2a: Dragapult
|-start|p1a: Cinderace|typechange|Dark|[from] ability: Libero
|-supereffective|p2a: Dragapult
|-damage|p2a: Dragapult|17/100
|-enditem|p2a: Dragapult|Weakness Policy
|-boost|p2a: Dragapult|atk|2|[from] item: Weakness Policy
|-boost|p2a: Dragapult|spa|2|[from] item: Weakness Policy
|move|p2a: Dragapult|Phantom Force||[still]
|-prepare|p2a: Dragapult|Phantom Force
|
|upkeep
|turn|16
|
|t:|1596562519
|move|p1a: Cinderace|Sucker Punch|p2a: Dragapult|[miss]
|-miss|p1a: Cinderace|p2a: Dragapult
|move|p2a: Dragapult|Phantom Force|p1a: Cinderace|[from]lockedmove
|-resisted|p1a: Cinderace
|-damage|p1a: Cinderace|0 fnt
|faint|p1a: Cinderace
|
|upkeep
|inactive|GaijinEagle has 60 seconds left.
|
|t:|1596562534
|switch|p1a: Alakazam|Alakazam, F|100/100
|turn|17
|
|t:|1596562543
|move|p2a: Dragapult|Phantom Force||[still]
|-prepare|p2a: Dragapult|Phantom Force
|move|p1a: Alakazam|Psychic|p2a: Dragapult|[miss]
|-miss|p1a: Alakazam|p2a: Dragapult
|
|upkeep
|turn|18
|
|t:|1596562556
|move|p2a: Dragapult|Phantom Force|p1a: Alakazam|[from]lockedmove
|-supereffective|p1a: Alakazam
|-enditem|p1a: Alakazam|Focus Sash
|-damage|p1a: Alakazam|1/100
|move|p1a: Alakazam|Dazzling Gleam|p2a: Dragapult
|-supereffective|p2a: Dragapult
|-damage|p2a: Dragapult|0 fnt
|faint|p2a: Dragapult
|
|upkeep
|
|t:|1596562565
|switch|p2a: Ferrothorn|Ferrothorn, F, shiny|100/100
|-activate|p2a: Ferrothorn|move: Sticky Web
|-unboost|p2a: Ferrothorn|spe|1
|turn|19
|
|t:|1596562573
|move|p1a: Alakazam|Focus Blast|p2a: Ferrothorn
|-supereffective|p2a: Ferrothorn
|-damage|p2a: Ferrothorn|35/100
|move|p2a: Ferrothorn|Gyro Ball|p1a: Alakazam
|-damage|p1a: Alakazam|0 fnt
|faint|p1a: Alakazam
|
|upkeep
|
|t:|1596562576
|switch|p1a: Conkeldurr|Conkeldurr, M|34/100 brn
|turn|20
|
|t:|1596562590
|move|p2a: Ferrothorn|Protect|p2a: Ferrothorn
|-singleturn|p2a: Ferrothorn|Protect
|move|p1a: Conkeldurr|Mach Punch|p2a: Ferrothorn
|-activate|p2a: Ferrothorn|move: Protect
|
|-damage|p1a: Conkeldurr|28/100 brn|[from] brn
|upkeep
|turn|21
|
|t:|1596562598
|move|p1a: Conkeldurr|Mach Punch|p2a: Ferrothorn
|-supereffective|p2a: Ferrothorn
|-damage|p2a: Ferrothorn|0 fnt
|-damage|p1a: Conkeldurr|16/100 brn|[from] ability: Iron Barbs|[of] p2a: Ferrothorn
|-damage|p1a: Conkeldurr|0 fnt|[from] item: Rocky Helmet|[of] p2a: Ferrothorn
|faint|p2a: Ferrothorn
|faint|p1a: Conkeldurr
|
|win|GaijinEagle
|c|☆GaijinEagle|gg
|l|☆elarodyxd
||Ladder (probably) updated, but score could not be retrieved (Request timeout).
