|raw|<div class="broadcast-blue"><strong>This battle is required to be public due to a player having a name starting with 'lt94je'.</div>
|j|☆Bleudeon
|j|☆LT94JE Fuse
|t:|1661507861
|gametype|singles
|player|p1|Bleudeon|blue-gen1champion|1696
|player|p2|LT94JE Fuse|yellow|1812
|teamsize|p1|6
|teamsize|p2|6
|gen|8
|tier|[Gen 8] OU
|rated|
|rule|Sleep Clause Mod: Limit one foe put to sleep
|rule|Species Clause: Limit one of each Pokémon
|rule|OHKO Clause: OHKO moves are banned
|rule|Evasion Items Clause: Evasion items are banned
|rule|Evasion Moves Clause: Evasion moves are banned
|rule|Endless Battle Clause: Forcing endless battles is banned
|rule|HP Percentage Mod: HP is shown in percentages
|rule|Dynamax Clause: You cannot dynamax
|clearpoke
|poke|p1|Landorus-Therian, M|
|poke|p1|Kartana|
|poke|p1|Urshifu-*, M|
|poke|p1|Garchomp, M|
|poke|p1|Haxorus, M|
|poke|p1|Dragapult, M|
|poke|p2|Necrozma|
|poke|p2|Tapu Lele|
|poke|p2|Urshifu-*, M|
|poke|p2|Tornadus-Therian, M|
|poke|p2|Gastrodon, M|
|poke|p2|Heatran, M|
|teampreview
|c|☆LT94JE Fuse|Hf
|
|t:|1661507893
|start
|switch|p1a: Landorus|Landorus-Therian, M|100/100
|switch|p2a: Urshifu|Urshifu-Rapid-Strike, M|100/100
|-ability|p1a: Landorus|Intimidate|boost
|-unboost|p2a: Urshifu|atk|1
|turn|1
|
|t:|1661507920
|switch|p1a: Dragapult|Dragapult, M|100/100
|move|p2a: Urshifu|Surging Strikes|p1a: Dragapult
|-resisted|p1a: Dragapult
|-crit|p1a: Dragapult
|-damage|p1a: Dragapult|82/100
|-resisted|p1a: Dragapult
|-crit|p1a: Dragapult
|-damage|p1a: Dragapult|60/100
|-resisted|p1a: Dragapult
|-crit|p1a: Dragapult
|-damage|p1a: Dragapult|41/100
|-hitcount|p1a: Dragapult|3
|
|upkeep
|turn|2
|
|t:|1661507958
|switch|p2a: Heatran|Heatran, M|100/100
|move|p1a: Dragapult|Dragon Dance|p1a: Dragapult
|-boost|p1a: Dragapult|atk|1
|-boost|p1a: Dragapult|spe|1
|
|upkeep
|turn|3
|
|t:|1661508007
|move|p1a: Dragapult|Phantom Force||[still]
|-prepare|p1a: Dragapult|Phantom Force
|move|p2a: Heatran|Stealth Rock|p1a: Dragapult
|-sidestart|p1: Bleudeon|move: Stealth Rock
|
|upkeep
|turn|4
|
|t:|1661508021
|move|p1a: Dragapult|Phantom Force|p2a: Heatran|[from]lockedmove
|-damage|p2a: Heatran|40/100
|-damage|p1a: Dragapult|31/100|[from] item: Life Orb
|move|p2a: Heatran|Earth Power|p1a: Dragapult
|-damage|p1a: Dragapult|0 fnt
|faint|p1a: Dragapult
|
|-heal|p2a: Heatran|46/100|[from] item: Leftovers
|upkeep
|
|t:|1661508033
|switch|p1a: Haxorus|Haxorus, M|100/100
|-damage|p1a: Haxorus|88/100|[from] Stealth Rock
|-ability|p1a: Haxorus|Mold Breaker
|turn|5
|
|t:|1661508057
|switch|p2a: Tapu Lele|Tapu Lele|100/100
|-fieldstart|move: Psychic Terrain|[from] ability: Psychic Surge|[of] p2a: Tapu Lele
|move|p1a: Haxorus|Substitute|p1a: Haxorus
|-start|p1a: Haxorus|Substitute
|-damage|p1a: Haxorus|63/100
|
|-heal|p1a: Haxorus|70/100|[from] item: Leftovers
|upkeep
|turn|6
|
|t:|1661508067
|move|p2a: Tapu Lele|Moonblast|p1a: Haxorus
|-supereffective|p1a: Haxorus
|-end|p1a: Haxorus|Substitute
|move|p1a: Haxorus|Earthquake|p2a: Tapu Lele
|-damage|p2a: Tapu Lele|41/100
|
|-heal|p1a: Haxorus|76/100|[from] item: Leftovers
|upkeep
|turn|7
|
|t:|1661508085
|move|p2a: Tapu Lele|Moonblast|p1a: Haxorus
|-supereffective|p1a: Haxorus
|-damage|p1a: Haxorus|0 fnt
|faint|p1a: Haxorus
|
|upkeep
|
|t:|1661508091
|switch|p1a: Landorus|Landorus-Therian, M|100/100
|-damage|p1a: Landorus|88/100|[from] Stealth Rock
|-ability|p1a: Landorus|Intimidate|boost
|-unboost|p2a: Tapu Lele|atk|1
|turn|8
|
|t:|1661508102
|switch|p2a: Urshifu|Urshifu-Rapid-Strike, M|100/100
|move|p1a: Landorus|Stealth Rock|p2a: Urshifu
|-sidestart|p2: LT94JE Fuse|move: Stealth Rock
|
|-heal|p1a: Landorus|94/100|[from] item: Leftovers
|upkeep
|turn|9
|
|t:|1661508110
|move|p2a: Urshifu|Surging Strikes|p1a: Landorus
|-supereffective|p1a: Landorus
|-crit|p1a: Landorus
|-damage|p1a: Landorus|39/100
|-supereffective|p1a: Landorus
|-crit|p1a: Landorus
|-damage|p1a: Landorus|0 fnt
|faint|p1a: Landorus
|-hitcount|p1: Landorus|2
|
|-fieldend|move: Psychic Terrain
|upkeep
|
|t:|1661508122
|switch|p1a: Urshifu|Urshifu-Rapid-Strike, M|100/100
|-damage|p1a: Urshifu|94/100|[from] Stealth Rock
|turn|10
|
|t:|1661508160
|move|p1a: Urshifu|Bulk Up|p1a: Urshifu
|-boost|p1a: Urshifu|atk|1
|-boost|p1a: Urshifu|def|1
|move|p2a: Urshifu|Surging Strikes|p1a: Urshifu
|-resisted|p1a: Urshifu
|-crit|p1a: Urshifu
|-damage|p1a: Urshifu|80/100
|-resisted|p1a: Urshifu
|-crit|p1a: Urshifu
|-damage|p1a: Urshifu|65/100
|-resisted|p1a: Urshifu
|-crit|p1a: Urshifu
|-damage|p1a: Urshifu|49/100
|-hitcount|p1a: Urshifu|3
|
|upkeep
|turn|11
|
|t:|1661508172
|move|p2a: Urshifu|Surging Strikes|p1a: Urshifu
|-resisted|p1a: Urshifu
|-crit|p1a: Urshifu
|-damage|p1a: Urshifu|35/100
|-resisted|p1a: Urshifu
|-crit|p1a: Urshifu
|-damage|p1a: Urshifu|21/100
|-resisted|p1a: Urshifu
|-crit|p1a: Urshifu
|-damage|p1a: Urshifu|8/100
|-hitcount|p1a: Urshifu|3
|move|p1a: Urshifu|Drain Punch|p2a: Urshifu
|-damage|p2a: Urshifu|38/100
|-heal|p1a: Urshifu|39/100|[from] drain|[of] p2a: Urshifu
|
|upkeep
|turn|12
|
|t:|1661508227
|move|p1a: Urshifu|Drain Punch|p2a: Urshifu
|-damage|p2a: Urshifu|0 fnt
|-heal|p1a: Urshifu|58/100|[from] drain|[of] p2a: Urshifu
|faint|p2a: Urshifu
|
|upkeep
|
|t:|1661508228
|switch|p2a: Tapu Lele|Tapu Lele|41/100
|-damage|p2a: Tapu Lele|28/100|[from] Stealth Rock
|-fieldstart|move: Psychic Terrain|[from] ability: Psychic Surge|[of] p2a: Tapu Lele
|turn|13
|
|t:|1661508241
|move|p2a: Tapu Lele|Moonblast|p1a: Urshifu
|-supereffective|p1a: Urshifu
|-damage|p1a: Urshifu|0 fnt
|faint|p1a: Urshifu
|
|upkeep
|
|t:|1661508246
|switch|p1a: Kartana|Kartana|100/100
|-damage|p1a: Kartana|94/100|[from] Stealth Rock
|turn|14
|
|t:|1661508271
|switch|p2a: Tornadus|Tornadus-Therian, M|100/100
|move|p1a: Kartana|Swords Dance|p1a: Kartana
|-boost|p1a: Kartana|atk|2
|
|-heal|p1a: Kartana|100/100|[from] item: Leftovers
|upkeep
|turn|15
|
|t:|1661508304
|move|p2a: Tornadus|Heat Wave|p1a: Kartana
|-supereffective|p1a: Kartana
|-damage|p1a: Kartana|0 fnt
|faint|p1a: Kartana
|
|upkeep
|-message|Bleudeon forfeited.
|
|win|LT94JE Fuse
|raw|Bleudeon's rating: 1696 &rarr; <strong>1682</strong><br />(-14 for losing)
|raw|LT94JE Fuse's rating: 1811 &rarr; <strong>1825</strong><br />(+14 for winning)
|l|☆Bleudeon
||Ladder isn't responding, score probably updated but might not have (Request timeout).
