|j|☆DOrothyMARP
|j|☆Stellar Flares
|inactive|Battle timer is ON: inactive players will automatically lose when time's up.
|t:|1614085598
|player|p1|DOrothyMARP|lucas|
|player|p2|Stellar Flares|102|
|teamsize|p1|6
|teamsize|p2|6
|gametype|singles
|gen|8
|tier|[Gen 8] OU
|rated|Tournament battle
|clearpoke
|poke|p1|Kyurem|
|poke|p1|Corviknight, F|
|poke|p1|Rillaboom, F|
|poke|p1|Toxapex, F|
|poke|p1|Excadrill, F|
|poke|p1|Tyranitar, M|
|poke|p2|Reuniclus, F|
|poke|p2|Suicune|
|poke|p2|Clefable, M|
|poke|p2|Zygarde-10%|
|poke|p2|Volcarona, F|
|poke|p2|Dragonite, F|
|rule|Sleep Clause Mod: Limit one foe put to sleep
|rule|Species Clause: Limit one of each Pokémon
|rule|OHKO Clause: OHKO moves are banned
|rule|Evasion Moves Clause: Evasion moves are banned
|rule|Endless Battle Clause: Forcing endless battles is banned
|rule|HP Percentage Mod: HP is shown in percentages
|rule|Dynamax Clause: You cannot dynamax
|teampreview
|j| maeve68
|j| Sasmita
|j| uiopman☆888
|j| VTMagno
|j| ZWANG718
|j| assddff
|c| uiopman☆888|flares with the zydog
|c| uiopman☆888|respect
|c| VTMagno|zydog heat
|inactive|DOrothyMARP has 120 seconds left.
|inactive|Stellar Flares has 120 seconds left.
|
|t:|1614085636
|start
|switch|p1a: Rillaboom|Rillaboom, F|100/100
|switch|p2a: Zygarde|Zygarde-10%|100/100
|-fieldstart|move: Grassy Terrain|[from] ability: Grassy Surge|[of] p1a: Rillaboom
|-ability|p2a: Zygarde|Aura Break
|turn|1
|c| Sasmita|Zydog is fast
|j|#moondazing
|c|☆Stellar Flares|zydog is speed
|
|t:|1614085645
|switch|p2a: Volcarona|Volcarona, F|100/100
|move|p1a: Rillaboom|Knock Off|p2a: Volcarona
|-damage|p2a: Volcarona|52/100
|-enditem|p2a: Volcarona|Heavy-Duty Boots|[from] move: Knock Off|[of] p1a: Rillaboom
|
|-heal|p2a: Volcarona|59/100|[from] Grassy Terrain
|upkeep
|turn|2
|j| KJLX
|
|t:|1614085652
|switch|p1a: Tyranitar|Tyranitar, M|100/100
|-weather|Sandstorm|[from] ability: Sand Stream|[of] p1a: Tyranitar
|move|p2a: Volcarona|Roost|p2a: Volcarona
|-heal|p2a: Volcarona|100/100
|-singleturn|p2a: Volcarona|move: Roost
|
|-weather|Sandstorm|[upkeep]
|-damage|p2a: Volcarona|94/100|[from] Sandstorm
|-heal|p2a: Volcarona|100/100|[from] Grassy Terrain
|upkeep
|turn|3
|c| uiopman☆888|volcabruh
|c|☆Stellar Flares|it's ok
|
|t:|1614085674
|switch|p2a: Suicune|Suicune|100/100
|-ability|p2a: Suicune|Pressure
|move|p1a: Tyranitar|Stealth Rock|p2a: Suicune
|-sidestart|p2: Stellar Flares|move: Stealth Rock
|
|-weather|Sandstorm|[upkeep]
|-damage|p2a: Suicune|94/100|[from] Sandstorm
|-heal|p2a: Suicune|100/100|[from] Grassy Terrain
|upkeep
|turn|4
|c| Sasmita|Volc will DANCE
|
|t:|1614085679
|move|p2a: Suicune|Scald|p1a: Tyranitar
|-supereffective|p1a: Tyranitar
|-damage|p1a: Tyranitar|80/100
|move|p1a: Tyranitar|Toxic|p2a: Suicune
|-status|p2a: Suicune|tox
|
|-weather|Sandstorm|[upkeep]
|-damage|p2a: Suicune|94/100 tox|[from] Sandstorm
|-heal|p2a: Suicune|100/100 tox|[from] Grassy Terrain
|-heal|p1a: Tyranitar|86/100|[from] Grassy Terrain
|-heal|p1a: Tyranitar|92/100|[from] item: Leftovers
|-damage|p2a: Suicune|94/100 tox|[from] psn
|upkeep
|turn|5
|c| uiopman☆888|F
|
|t:|1614085686
|switch|p2a: Dragonite|Dragonite, F|100/100
|switch|p1a: Kyurem|Kyurem|100/100
|-ability|p1a: Kyurem|Pressure
|
|-weather|Sandstorm|[upkeep]
|-damage|p1a: Kyurem|94/100|[from] Sandstorm
|-damage|p2a: Dragonite|94/100|[from] Sandstorm
|-heal|p1a: Kyurem|100/100|[from] Grassy Terrain
|-fieldend|move: Grassy Terrain
|upkeep
|turn|6
|c|☆Stellar Flares|it's ok
|j| Highv0ltag3
|c| uiopman☆888|me when
|
|t:|1614085700
|switch|p2a: Reuniclus|Reuniclus, F|100/100
|move|p1a: Kyurem|Freeze-Dry|p2a: Reuniclus
|-damage|p2a: Reuniclus|45/100
|
|-weather|none
|upkeep
|turn|7
|c| Sasmita|Multiscale broke
|
|t:|1614085705
|move|p1a: Kyurem|Freeze-Dry|p2a: Reuniclus
|-crit|p2a: Reuniclus
|-damage|p2a: Reuniclus|0 fnt
|faint|p2a: Reuniclus
|
|upkeep
|c|☆Stellar Flares|it's not ok
|
|t:|1614085710
|switch|p2a: Zygarde|Zygarde-10%|100/100
|-damage|p2a: Zygarde|94/100|[from] Stealth Rock
|-ability|p2a: Zygarde|Aura Break
|turn|8
|j| AquaVanillla
|c| VTMagno|lmao
|c| KJLX|it's ok
|c| uiopman☆888|when the imposter is sus!
|
|t:|1614085723
|switch|p1a: Corviknight|Corviknight, F|100/100
|-ability|p1a: Corviknight|Pressure
|move|p2a: Zygarde|Substitute|p2a: Zygarde
|-start|p2a: Zygarde|Substitute
|-damage|p2a: Zygarde|69/100
|
|-heal|p2a: Zygarde|75/100|[from] item: Leftovers
|upkeep
|turn|9
|c| Highv0ltag3|Rillaboomer
|
|t:|1614085730
|move|p2a: Zygarde|Coil|p2a: Zygarde
|-boost|p2a: Zygarde|atk|1
|-boost|p2a: Zygarde|def|1
|-boost|p2a: Zygarde|accuracy|1
|move|p1a: Corviknight|Brave Bird|p2a: Zygarde
|-end|p2a: Zygarde|Substitute
|-damage|p1a: Corviknight|94/100|[from] Recoil|[of] p2a: Zygarde
|
|-heal|p2a: Zygarde|82/100|[from] item: Leftovers
|-heal|p1a: Corviknight|99/100|[from] item: Leftovers
|upkeep
|turn|10
|c| uiopman☆888|why no tarrows
|c| uiopman☆888|ez gg from there
|
|t:|1614085739
|move|p2a: Zygarde|Substitute|p2a: Zygarde
|-start|p2a: Zygarde|Substitute
|-damage|p2a: Zygarde|57/100
|move|p1a: Corviknight|U-turn|p2a: Zygarde
|-activate|p2a: Zygarde|move: Substitute|[damage]
|c| assddff|wheres the glare?
|
|t:|1614085743
|switch|p1a: Rillaboom|Rillaboom, F|100/100|[from]move: U-turn
|-fieldstart|move: Grassy Terrain|[from] ability: Grassy Surge|[of] p1a: Rillaboom
|
|-heal|p2a: Zygarde|63/100|[from] Grassy Terrain
|-heal|p2a: Zygarde|69/100|[from] item: Leftovers
|upkeep
|turn|11
|
|t:|1614085746
|move|p1a: Rillaboom|Grassy Glide|p2a: Zygarde
|-end|p2a: Zygarde|Substitute
|move|p2a: Zygarde|Glare|p1a: Rillaboom
|-status|p1a: Rillaboom|par
|
|-heal|p2a: Zygarde|75/100|[from] Grassy Terrain
|-heal|p2a: Zygarde|81/100|[from] item: Leftovers
|upkeep
|turn|12
|c| Sasmita|Spam arrows
|c| Sasmita|Maybe
|c| Highv0ltag3|Oh shit
|c| AquaVanillla|rillaboom gonna ruin everything now
|
|t:|1614085759
|switch|p2a: Dragonite|Dragonite, F|94/100
|move|p1a: Rillaboom|Grassy Glide|p2a: Dragonite
|-resisted|p2a: Dragonite
|-damage|p2a: Dragonite|82/100
|
|upkeep
|turn|13
|c| KJLX|full para gg wp
|c| AquaVanillla|what a bitch
|c| assddff|does paralyzing rillaboom really help you?
|
|t:|1614085774
|switch|p1a: Tyranitar|Tyranitar, M|92/100
|-weather|Sandstorm|[from] ability: Sand Stream|[of] p1a: Tyranitar
|move|p2a: Dragonite|Defog|p1a: Tyranitar
|-unboost|p1a: Tyranitar|evasion|1
|-sideend|p2: Stellar Flares|Stealth Rock|[from] move: Defog|[of] p2a: Dragonite
|-fieldend|move: Grassy Terrain
|
|-weather|Sandstorm|[upkeep]
|-damage|p2a: Dragonite|75/100|[from] Sandstorm
|-heal|p1a: Tyranitar|98/100|[from] item: Leftovers
|upkeep
|turn|14
|c| Highv0ltag3|Double
|c| uiopman☆888|yes.
|c| Sasmita|It has prority
|j| peepeepoopoo420
|c| KJLX|free sub + 2000 coil
|c| Sasmita|It can
|
|t:|1614085780
|move|p2a: Dragonite|Roost|p2a: Dragonite
|-heal|p2a: Dragonite|100/100
|-singleturn|p2a: Dragonite|move: Roost
|move|p1a: Tyranitar|Stealth Rock|p2a: Dragonite
|-sidestart|p2: Stellar Flares|move: Stealth Rock
|
|-weather|Sandstorm|[upkeep]
|-damage|p2a: Dragonite|94/100|[from] Sandstorm
|-heal|p1a: Tyranitar|100/100|[from] item: Leftovers
|upkeep
|turn|15
|
|t:|1614085786
|move|p2a: Dragonite|Defog|p1a: Tyranitar
|-unboost|p1a: Tyranitar|evasion|1
|-sideend|p2: Stellar Flares|Stealth Rock|[from] move: Defog|[of] p2a: Dragonite
|move|p1a: Tyranitar|Toxic|p2a: Dragonite|[miss]
|-miss|p1a: Tyranitar|p2a: Dragonite
|
|-weather|Sandstorm|[upkeep]
|-damage|p2a: Dragonite|88/100|[from] Sandstorm
|upkeep
|turn|16
|c| VTMagno|the 30% chance tho
|
|t:|1614085789
|move|p2a: Dragonite|Roost|p2a: Dragonite
|-heal|p2a: Dragonite|100/100
|-singleturn|p2a: Dragonite|move: Roost
|move|p1a: Tyranitar|Stealth Rock|p2a: Dragonite
|-sidestart|p2: Stellar Flares|move: Stealth Rock
|
|-weather|Sandstorm|[upkeep]
|-damage|p2a: Dragonite|94/100|[from] Sandstorm
|upkeep
|turn|17
|c| VTMagno|pretty huge
|
|t:|1614085792
|move|p2a: Dragonite|Defog|p1a: Tyranitar
|-unboost|p1a: Tyranitar|evasion|1
|-sideend|p2: Stellar Flares|Stealth Rock|[from] move: Defog|[of] p2a: Dragonite
|move|p1a: Tyranitar|Toxic|p2a: Dragonite
|-status|p2a: Dragonite|tox
|
|-weather|none
|-damage|p2a: Dragonite|88/100 tox|[from] psn
|upkeep
|turn|18
|
|t:|1614085794
|move|p2a: Dragonite|Heal Bell|p2a: Dragonite
|-activate|p2a: Dragonite|move: Heal Bell
|-curestatus|p2a: Dragonite|tox|[msg]
|-curestatus|p2: Suicune|tox|[msg]
|move|p1a: Tyranitar|Stealth Rock|p2a: Dragonite
|-sidestart|p2: Stellar Flares|move: Stealth Rock
|
|upkeep
|turn|19
|l| Highv0ltag3
|c| uiopman☆888|LLLLLLLLLLLLLLLLLLLLLLLLLLL
|
|t:|1614085801
|switch|p1a: Kyurem|Kyurem|100/100
|-ability|p1a: Kyurem|Pressure
|move|p2a: Dragonite|Defog|p1a: Kyurem
|-unboost|p1a: Kyurem|evasion|1
|-sideend|p2: Stellar Flares|Stealth Rock|[from] move: Defog|[of] p2a: Dragonite
|
|upkeep
|turn|20
|l| AquaVanillla
|c| uiopman☆888|reveal bell
|c| uiopman☆888|yep
|
|t:|1614085808
|switch|p2a: Volcarona|Volcarona, F|100/100
|move|p1a: Kyurem|Ice Beam|p2a: Volcarona
|-resisted|p2a: Volcarona
|-damage|p2a: Volcarona|67/100
|
|upkeep
|turn|21
|c| VTMagno|no ice beam tar smh
|
|t:|1614085816
|switch|p1a: Tyranitar|Tyranitar, M|100/100
|-weather|Sandstorm|[from] ability: Sand Stream|[of] p1a: Tyranitar
|move|p2a: Volcarona|Roost|p2a: Volcarona
|-heal|p2a: Volcarona|100/100
|-singleturn|p2a: Volcarona|move: Roost
|
|-weather|Sandstorm|[upkeep]
|-damage|p2a: Volcarona|94/100|[from] Sandstorm
|upkeep
|turn|22
|c| Sasmita|Dance
|c|☆Stellar Flares|worst MU tho
|c| uiopman☆888|no buzz
|c| uiopman☆888|zyg wins tho stellar
|c|☆DOrothyMARP|ur 1800 though
|c|☆Stellar Flares|prolly
|c| uiopman☆888|u just gotta get it in
|
|t:|1614085845
|switch|p2a: Suicune|Suicune|94/100
|-ability|p2a: Suicune|Pressure
|switch|p1a: Kyurem|Kyurem|100/100
|-ability|p1a: Kyurem|Pressure
|
|-weather|Sandstorm|[upkeep]
|-damage|p1a: Kyurem|94/100|[from] Sandstorm
|-damage|p2a: Suicune|88/100|[from] Sandstorm
|-heal|p2a: Suicune|94/100|[from] item: Leftovers
|upkeep
|turn|23
|l| KJLX
|
|t:|1614085851
|move|p2a: Suicune|Protect|p2a: Suicune
|-singleturn|p2a: Suicune|Protect
|move|p1a: Kyurem|Freeze-Dry|p2a: Suicune
|-activate|p2a: Suicune|move: Protect
|
|-weather|Sandstorm|[upkeep]
|-damage|p1a: Kyurem|88/100|[from] Sandstorm
|-damage|p2a: Suicune|88/100|[from] Sandstorm
|-heal|p2a: Suicune|94/100|[from] item: Leftovers
|upkeep
|turn|24
|
|t:|1614085856
|switch|p1a: Tyranitar|Tyranitar, M|100/100
|switch|p2a: Volcarona|Volcarona, F|94/100
|
|-weather|Sandstorm|[upkeep]
|-damage|p2a: Volcarona|88/100|[from] Sandstorm
|upkeep
|turn|25
|j| AquaVanillla
|
|t:|1614085869
|switch|p2a: Suicune|Suicune|94/100
|-ability|p2a: Suicune|Pressure
|move|p1a: Tyranitar|Stealth Rock|p2a: Suicune
|-sidestart|p2: Stellar Flares|move: Stealth Rock
|
|-weather|none
|-heal|p2a: Suicune|100/100|[from] item: Leftovers
|upkeep
|turn|26
|j| KJLX
|j| cumarcane
|
|t:|1614085881
|switch|p1a: Kyurem|Kyurem|88/100
|-ability|p1a: Kyurem|Pressure
|move|p2a: Suicune|Substitute|p2a: Suicune
|-start|p2a: Suicune|Substitute
|-damage|p2a: Suicune|75/100
|
|-heal|p2a: Suicune|82/100|[from] item: Leftovers
|upkeep
|turn|27
|l| cumarcane
|
|t:|1614085888
|move|p2a: Suicune|Protect|p2a: Suicune
|-singleturn|p2a: Suicune|Protect
|move|p1a: Kyurem|Freeze-Dry|p2a: Suicune
|-activate|p2a: Suicune|move: Protect
|
|-heal|p2a: Suicune|88/100|[from] item: Leftovers
|upkeep
|turn|28
|
|t:|1614085892
|move|p1a: Kyurem|Freeze-Dry|p2a: Suicune
|-supereffective|p2a: Suicune
|-end|p2a: Suicune|Substitute
|move|p2a: Suicune|Scald|p1a: Kyurem
|-resisted|p1a: Kyurem
|-damage|p1a: Kyurem|76/100
|
|-heal|p2a: Suicune|94/100|[from] item: Leftovers
|upkeep
|turn|29
|
|t:|1614085900
|move|p2a: Suicune|Protect|p2a: Suicune
|-singleturn|p2a: Suicune|Protect
|move|p1a: Kyurem|Freeze-Dry|p2a: Suicune
|-activate|p2a: Suicune|move: Protect
|
|-heal|p2a: Suicune|99/100|[from] item: Leftovers
|upkeep
|turn|30
|c| KJLX|why not sub ?
|c| KJLX|in turn 28
|c|☆Stellar Flares|try to burn
|j| Phfare
|c| AquaVanillla|mans fr 252 timid kyurem
|inactive|Stellar Flares has 120 seconds left.
|
|t:|1614085941
|switch|p2a: Volcarona|Volcarona, F|88/100
|-damage|p2a: Volcarona|38/100|[from] Stealth Rock
|move|p1a: Kyurem|Freeze-Dry|p2a: Volcarona
|-resisted|p2a: Volcarona
|-damage|p2a: Volcarona|14/100
|
|upkeep
|turn|31
|c| uiopman☆888|volcarona moment
|
|t:|1614085962
|switch|p1a: Toxapex|Toxapex, F|100/100
|move|p2a: Volcarona|Roost|p2a: Volcarona
|-heal|p2a: Volcarona|64/100
|-singleturn|p2a: Volcarona|move: Roost
|
|upkeep
|turn|32
|c|☆Stellar Flares|troll team anyway
|inactive|Stellar Flares has 120 seconds left.
|
|t:|1614085968
|move|p2a: Volcarona|Safeguard|p2a: Volcarona
|-sidestart|p2: Stellar Flares|Safeguard
|move|p1a: Toxapex|Knock Off|p2a: Volcarona
|-damage|p2a: Volcarona|55/100
|
|upkeep
|turn|33
|
|t:|1614085972
|move|p2a: Volcarona|Roost|p2a: Volcarona
|-heal|p2a: Volcarona|100/100
|-singleturn|p2a: Volcarona|move: Roost
|move|p1a: Toxapex|Scald|p2a: Volcarona
|-supereffective|p2a: Volcarona
|-damage|p2a: Volcarona|72/100
|
|upkeep
|turn|34
|c| uiopman☆888|SAFEGUARD
|c| uiopman☆888|NOOOOO
|c| uiopman☆888|LMAOOOOOOOOOO
|
|t:|1614085981
|switch|p2a: Dragonite|Dragonite, F|88/100
|move|p1a: Toxapex|Knock Off|p2a: Dragonite
|-damage|p2a: Dragonite|79/100
|-enditem|p2a: Dragonite|Heavy-Duty Boots|[from] move: Knock Off|[of] p1a: Toxapex
|
|upkeep
|turn|35
|c| ZWANG718|interesting
|c| VTMagno|safeguard volc pog pog pog
|c| uiopman☆888|f
|
|t:|1614085989
|switch|p1a: Kyurem|Kyurem|76/100
|-ability|p1a: Kyurem|Pressure
|move|p2a: Dragonite|Defog|p1a: Kyurem
|-unboost|p1a: Kyurem|evasion|1
|-sideend|p2: Stellar Flares|Stealth Rock|[from] move: Defog|[of] p2a: Dragonite
|
|upkeep
|turn|36
|l| maeve68
|
|t:|1614085999
|switch|p2a: Clefable|Clefable, M|100/100
|move|p1a: Kyurem|Draco Meteor|p2a: Clefable
|-immune|p2a: Clefable
|
|-sideend|p2: Stellar Flares|Safeguard
|upkeep
|turn|37
|c| Sasmita|he said it's a troll team
|c| peepeepoopoo420|why draco
|
|t:|1614086010
|switch|p1a: Excadrill|Excadrill, F|100/100
|switch|p2a: Zygarde|Zygarde-10%|81/100
|-ability|p2a: Zygarde|Aura Break
|
|-heal|p2a: Zygarde|87/100|[from] item: Leftovers
|upkeep
|turn|38
|c| KJLX|oof
|c| VTMagno|to damage volc Ig
|
|t:|1614086019
|move|p1a: Excadrill|Earthquake|p2a: Zygarde
|-damage|p2a: Zygarde|39/100
|move|p2a: Zygarde|Substitute|p2a: Zygarde
|-start|p2a: Zygarde|Substitute
|-damage|p2a: Zygarde|14/100
|
|-heal|p2a: Zygarde|20/100|[from] item: Leftovers
|upkeep
|turn|39
|c| ZWANG718|was expecting the volc
|
|t:|1614086023
|move|p1a: Excadrill|Earthquake|p2a: Zygarde
|-end|p2a: Zygarde|Substitute
|move|p2a: Zygarde|Glare|p1a: Excadrill
|-status|p1a: Excadrill|par
|
|-heal|p2a: Zygarde|26/100|[from] item: Leftovers
|upkeep
|turn|40
|c| VTMagno|wait is that
|c| uiopman☆888|WHAT
|c| VTMagno|scarf drill
|c|☆Stellar Flares|tis but a scratch
|j| maeve68
|c| KJLX|it was
|c| VTMagno|LMAO
|c| uiopman☆888|SCARF SAND FORCE????????
|c| KJLX|noice
|c| uiopman☆888|you monster
|j| rose of geass
|c|☆DOrothyMARP|you guys are so dumb
|inactive|Stellar Flares has 120 seconds left.
|c|☆DOrothyMARP|it's bulky zydog
|c| uiopman☆888|wait
|l| Sasmita
|c| uiopman☆888|fr?
|c| uiopman☆888|lol
|inactive|DOrothyMARP has 120 seconds left.
|c| VTMagno|bro
|
|t:|1614086075
|switch|p2a: Dragonite|Dragonite, F|79/100
|move|p1a: Excadrill|Iron Head|p2a: Dragonite
|-damage|p2a: Dragonite|49/100
|
|upkeep
|turn|41
|c| VTMagno|why did I think of scarf drill lmao
|
|t:|1614086083
|switch|p1a: Kyurem|Kyurem|76/100
|-ability|p1a: Kyurem|Pressure
|move|p2a: Dragonite|Roost|p2a: Dragonite
|-heal|p2a: Dragonite|99/100
|-singleturn|p2a: Dragonite|move: Roost
|
|upkeep
|turn|42
|c| assddff|dude
|
|t:|1614086088
|switch|p2a: Volcarona|Volcarona, F|72/100
|move|p1a: Kyurem|Freeze-Dry|p2a: Volcarona
|-resisted|p2a: Volcarona
|-damage|p2a: Volcarona|47/100
|-status|p2a: Volcarona|frz
|
|upkeep
|turn|43
|c|☆DOrothyMARP|sorry
|inactive|Stellar Flares has 120 seconds left.
|c|☆Stellar Flares|this wasn't deserved
|c| ZWANG718|putting mothra on ice
|inactive|DOrothyMARP has 120 seconds left.
|c|☆Stellar Flares|come on don't say sorry
|c|☆Stellar Flares|if you really were
|c|☆Stellar Flares|you would ff
|c|☆DOrothyMARP|I am
|c| VTMagno|I stg kyurem has like a 50% chance to freeze
|inactive|Stellar Flares has 90 seconds left.
|
|t:|1614086134
|switch|p1a: Tyranitar|Tyranitar, M|100/100
|-weather|Sandstorm|[from] ability: Sand Stream|[of] p1a: Tyranitar
|cant|p2a: Volcarona|frz
|
|-weather|Sandstorm|[upkeep]
|-damage|p2a: Volcarona|41/100 frz|[from] Sandstorm
|upkeep
|turn|44
|c| assddff|dude nothing wrong with fishing
|
|t:|1614086142
|switch|p2a: Dragonite|Dragonite, F|99/100
|move|p1a: Tyranitar|Crunch|p2a: Dragonite
|-damage|p2a: Dragonite|76/100
|
|-weather|Sandstorm|[upkeep]
|-damage|p2a: Dragonite|70/100|[from] Sandstorm
|upkeep
|turn|45
|c| uiopman☆888|me when and the are the is the
|
|t:|1614086156
|switch|p2a: Zygarde|Zygarde-10%|26/100
|-ability|p2a: Zygarde|Aura Break
|move|p1a: Tyranitar|Toxic|p2a: Zygarde
|-status|p2a: Zygarde|tox
|
|-weather|Sandstorm|[upkeep]
|-heal|p2a: Zygarde|32/100 tox|[from] item: Leftovers
|-damage|p2a: Zygarde|26/100 tox|[from] psn
|upkeep
|turn|46
|
|t:|1614086160
|move|p2a: Zygarde|Glare|p1a: Tyranitar
|-status|p1a: Tyranitar|par
|move|p1a: Tyranitar|Crunch|p2a: Zygarde
|-damage|p2a: Zygarde|0 fnt
|faint|p2a: Zygarde
|
|-weather|Sandstorm|[upkeep]
|upkeep
|c| uiopman☆888|l
|
|t:|1614086163
|switch|p2a: Suicune|Suicune|99/100
|-ability|p2a: Suicune|Pressure
|turn|47
|
|t:|1614086165
|move|p2a: Suicune|Substitute|p2a: Suicune
|-start|p2a: Suicune|Substitute
|-damage|p2a: Suicune|75/100
|cant|p1a: Tyranitar|par
|
|-weather|none
|-heal|p2a: Suicune|81/100|[from] item: Leftovers
|upkeep
|turn|48
|
|t:|1614086169
|switch|p1a: Rillaboom|Rillaboom, F|100/100 par
|-fieldstart|move: Grassy Terrain|[from] ability: Grassy Surge|[of] p1a: Rillaboom
|move|p2a: Suicune|Calm Mind|p2a: Suicune
|-boost|p2a: Suicune|spa|1
|-boost|p2a: Suicune|spd|1
|
|-heal|p2a: Suicune|88/100|[from] Grassy Terrain
|-heal|p2a: Suicune|94/100|[from] item: Leftovers
|upkeep
|turn|49
|
|t:|1614086172
|move|p2a: Suicune|Protect|p2a: Suicune
|-singleturn|p2a: Suicune|Protect
|move|p1a: Rillaboom|Grassy Glide|p2a: Suicune
|-activate|p2a: Suicune|move: Protect
|
|-heal|p2a: Suicune|99/100|[from] Grassy Terrain
|-heal|p2a: Suicune|100/100|[from] item: Leftovers
|upkeep
|turn|50
|
|t:|1614086175
|move|p1a: Rillaboom|Grassy Glide|p2a: Suicune
|-supereffective|p2a: Suicune
|-end|p2a: Suicune|Substitute
|move|p2a: Suicune|Substitute|p2a: Suicune
|-start|p2a: Suicune|Substitute
|-damage|p2a: Suicune|75/100
|
|-heal|p2a: Suicune|82/100|[from] Grassy Terrain
|-heal|p2a: Suicune|88/100|[from] item: Leftovers
|upkeep
|turn|51
|
|t:|1614086179
|move|p2a: Suicune|Protect|p2a: Suicune
|-singleturn|p2a: Suicune|Protect
|move|p1a: Rillaboom|Grassy Glide|p2a: Suicune
|-activate|p2a: Suicune|move: Protect
|
|-heal|p2a: Suicune|94/100|[from] Grassy Terrain
|-heal|p2a: Suicune|99/100|[from] item: Leftovers
|upkeep
|turn|52
|c| uiopman☆888|vincune moment
|c|☆Stellar Flares|let's try that
|c| VTMagno|time for vincune to do vincune things
|l|#moondazing
|
|t:|1614086189
|move|p1a: Rillaboom|Grassy Glide|p2a: Suicune
|-supereffective|p2a: Suicune
|-end|p2a: Suicune|Substitute
|move|p2a: Suicune|Substitute|p2a: Suicune
|-start|p2a: Suicune|Substitute
|-damage|p2a: Suicune|75/100
|
|-heal|p2a: Suicune|81/100|[from] Grassy Terrain
|-heal|p2a: Suicune|88/100|[from] item: Leftovers
|-fieldend|move: Grassy Terrain
|upkeep
|turn|53
|
|t:|1614086197
|switch|p1a: Toxapex|Toxapex, F|100/100
|move|p2a: Suicune|Protect||[still]
|-fail|p2a: Suicune
|
|-heal|p2a: Suicune|94/100|[from] item: Leftovers
|upkeep
|turn|54
|
|t:|1614086200
|move|p2a: Suicune|Scald|p1a: Toxapex
|-resisted|p1a: Toxapex
|-damage|p1a: Toxapex|84/100
|move|p1a: Toxapex|Haze|p1a: Toxapex
|-clearallboost
|
|-heal|p2a: Suicune|99/100|[from] item: Leftovers
|upkeep
|turn|55
|
|t:|1614086203
|move|p2a: Suicune|Scald|p1a: Toxapex
|-resisted|p1a: Toxapex
|-damage|p1a: Toxapex|72/100
|move|p1a: Toxapex|Scald|p2a: Suicune
|-resisted|p2a: Suicune
|-activate|p2a: Suicune|move: Substitute|[damage]
|
|-heal|p2a: Suicune|100/100|[from] item: Leftovers
|upkeep
|turn|56
|c|☆Stellar Flares|unfort
|c| uiopman☆888|oof
|
|t:|1614086207
|move|p2a: Suicune|Scald|p1a: Toxapex
|-resisted|p1a: Toxapex
|-crit|p1a: Toxapex
|-damage|p1a: Toxapex|57/100
|move|p1a: Toxapex|Knock Off|p2a: Suicune
|-activate|p2a: Suicune|move: Substitute|[damage]
|
|upkeep
|turn|57
|
|t:|1614086212
|move|p2a: Suicune|Scald|p1a: Toxapex
|-resisted|p1a: Toxapex
|-crit|p1a: Toxapex
|-damage|p1a: Toxapex|41/100
|-status|p1a: Toxapex|brn
|move|p1a: Toxapex|Knock Off|p2a: Suicune
|-activate|p2a: Suicune|move: Substitute|[damage]
|
|-damage|p1a: Toxapex|35/100 brn|[from] brn
|upkeep
|turn|58
|c|☆Stellar Flares|i still have a plan
|c| KJLX|ez burn
|c| ZWANG718|here we go again
|c| uiopman☆888|double crit
|
|t:|1614086227
|switch|p1a: Rillaboom|Rillaboom, F|100/100 par
|-fieldstart|move: Grassy Terrain|[from] ability: Grassy Surge|[of] p1a: Rillaboom
|move|p2a: Suicune|Calm Mind|p2a: Suicune
|-boost|p2a: Suicune|spa|1
|-boost|p2a: Suicune|spd|1
|
|upkeep
|turn|59
|c| assddff|wow you only have 17 scalds left now
|c| uiopman☆888|ez
|c| assddff|lol
|
|t:|1614086237
|cant|p1a: Rillaboom|par
|move|p2a: Suicune|Substitute|p2a: Suicune
|-fail|p2a: Suicune|move: Substitute
|
|upkeep
|turn|60
|c| uiopman☆888|....
|
|t:|1614086243
|switch|p1a: Toxapex|Toxapex, F|68/100 brn
|move|p2a: Suicune|Substitute|p2a: Suicune
|-fail|p2a: Suicune|move: Substitute
|
|-heal|p1a: Toxapex|74/100 brn|[from] Grassy Terrain
|-damage|p1a: Toxapex|68/100 brn|[from] brn
|upkeep
|turn|61
|
|t:|1614086246
|move|p2a: Suicune|Scald|p1a: Toxapex
|-resisted|p1a: Toxapex
|-damage|p1a: Toxapex|54/100 brn
|move|p1a: Toxapex|Haze|p1a: Toxapex
|-clearallboost
|
|-heal|p1a: Toxapex|60/100 brn|[from] Grassy Terrain
|-damage|p1a: Toxapex|54/100 brn|[from] brn
|upkeep
|turn|62
|c| KJLX|...
|c| uiopman☆888|...................................................
|
|t:|1614086254
|move|p2a: Suicune|Calm Mind|p2a: Suicune
|-boost|p2a: Suicune|spa|1
|-boost|p2a: Suicune|spd|1
|move|p1a: Toxapex|Recover|p1a: Toxapex
|-heal|p1a: Toxapex|100/100 brn
|
|-fieldend|move: Grassy Terrain
|-damage|p1a: Toxapex|94/100 brn|[from] brn
|upkeep
|turn|63
|
|t:|1614086258
|move|p2a: Suicune|Scald|p1a: Toxapex
|-resisted|p1a: Toxapex
|-damage|p1a: Toxapex|79/100 brn
|move|p1a: Toxapex|Haze|p1a: Toxapex
|-clearallboost
|
|-damage|p1a: Toxapex|73/100 brn|[from] brn
|upkeep
|turn|64
|c| uiopman☆888|nerf haze
|
|t:|1614086260
|move|p2a: Suicune|Calm Mind|p2a: Suicune
|-boost|p2a: Suicune|spa|1
|-boost|p2a: Suicune|spd|1
|move|p1a: Toxapex|Recover|p1a: Toxapex
|-heal|p1a: Toxapex|100/100 brn
|
|-damage|p1a: Toxapex|94/100 brn|[from] brn
|upkeep
|turn|65
|
|t:|1614086263
|move|p2a: Suicune|Scald|p1a: Toxapex
|-resisted|p1a: Toxapex
|-damage|p1a: Toxapex|78/100 brn
|move|p1a: Toxapex|Knock Off|p2a: Suicune
|-activate|p2a: Suicune|move: Substitute|[damage]
|
|-damage|p1a: Toxapex|72/100 brn|[from] brn
|upkeep
|turn|66
|
|t:|1614086267
|switch|p2a: Dragonite|Dragonite, F|70/100
|move|p1a: Toxapex|Haze|p1a: Toxapex
|-clearallboost
|
|-damage|p1a: Toxapex|66/100 brn|[from] brn
|upkeep
|turn|67
|c| uiopman☆888|make vin broke
|c| KJLX|prob just nerf suicune lol
|c| uiopman☆888|u wont
|
|t:|1614086283
|switch|p1a: Tyranitar|Tyranitar, M|100/100 par
|-weather|Sandstorm|[from] ability: Sand Stream|[of] p1a: Tyranitar
|move|p2a: Dragonite|Roost|p2a: Dragonite
|-heal|p2a: Dragonite|100/100
|-singleturn|p2a: Dragonite|move: Roost
|
|-weather|Sandstorm|[upkeep]
|-damage|p2a: Dragonite|94/100|[from] Sandstorm
|upkeep
|turn|68
|c|☆Stellar Flares|it's ok i have a plan
|
|t:|1614086294
|switch|p2a: Clefable|Clefable, M|100/100
|switch|p1a: Kyurem|Kyurem|76/100
|-ability|p1a: Kyurem|Pressure
|
|-weather|Sandstorm|[upkeep]
|-damage|p1a: Kyurem|70/100|[from] Sandstorm
|upkeep
|turn|69
|c| uiopman☆888|cm cleffy
|c| uiopman☆888|watch
|c|☆Stellar Flares|you may say it relies on hax a bit
|j| Glasstrier
|c| ZWANG718|go for it
|inactive|Stellar Flares has 120 seconds left.
|
|t:|1614086326
|switch|p1a: Excadrill|Excadrill, F|100/100 par
|move|p2a: Clefable|Moonblast|p1a: Excadrill
|-resisted|p1a: Excadrill
|-damage|p1a: Excadrill|74/100 par
|
|-weather|Sandstorm|[upkeep]
|-heal|p1a: Excadrill|80/100 par|[from] item: Leftovers
|upkeep
|turn|70
|
|t:|1614086338
|switch|p2a: Suicune|Suicune|100/100
|-ability|p2a: Suicune|Pressure
|move|p1a: Excadrill|Iron Head|p2a: Suicune
|-resisted|p2a: Suicune
|-damage|p2a: Suicune|86/100
|
|-weather|Sandstorm|[upkeep]
|-damage|p2a: Suicune|79/100|[from] Sandstorm
|-heal|p1a: Excadrill|86/100 par|[from] item: Leftovers
|-heal|p2a: Suicune|86/100|[from] item: Leftovers
|upkeep
|turn|71
|c| KJLX|free volc
|c|☆Stellar Flares|the plan is currently workinf oj
|
|t:|1614086344
|switch|p1a: Toxapex|Toxapex, F|99/100 brn
|switch|p2a: Clefable|Clefable, M|100/100
|
|-weather|none
|-damage|p1a: Toxapex|93/100 brn|[from] brn
|upkeep
|turn|72
|
|t:|1614086351
|switch|p2a: Dragonite|Dragonite, F|94/100
|move|p1a: Toxapex|Knock Off|p2a: Dragonite
|-damage|p2a: Dragonite|91/100
|
|-damage|p1a: Toxapex|86/100 brn|[from] brn
|upkeep
|turn|73
|
|t:|1614086355
|switch|p2a: Volcarona|Volcarona, F|41/100 frz
|switch|p1a: Kyurem|Kyurem|70/100
|-ability|p1a: Kyurem|Pressure
|
|upkeep
|turn|74
|
|t:|1614086371
|move|p1a: Kyurem|Draco Meteor|p2a: Volcarona
|-damage|p2a: Volcarona|0 fnt
|-unboost|p1a: Kyurem|spa|2
|faint|p2a: Volcarona
|
|upkeep
|
|t:|1614086374
|switch|p2a: Clefable|Clefable, M|100/100
|turn|75
|
|t:|1614086380
|switch|p1a: Excadrill|Excadrill, F|86/100 par
|move|p2a: Clefable|Calm Mind|p2a: Clefable
|-boost|p2a: Clefable|spa|1
|-boost|p2a: Clefable|spd|1
|
|-heal|p1a: Excadrill|92/100 par|[from] item: Leftovers
|upkeep
|turn|76
|j| WhalesAreAwesome!
|c| VTMagno|knew it
|c|☆Stellar Flares|here we go
|
|t:|1614086394
|move|p2a: Clefable|Moonblast|p1a: Excadrill
|-resisted|p1a: Excadrill
|-damage|p1a: Excadrill|51/100 par
|move|p1a: Excadrill|Iron Head|p2a: Clefable
|-supereffective|p2a: Clefable
|-damage|p2a: Clefable|38/100
|
|-heal|p1a: Excadrill|58/100 par|[from] item: Leftovers
|upkeep
|turn|77
|
|t:|1614086408
|move|p2a: Clefable|Soft-Boiled|p2a: Clefable
|-heal|p2a: Clefable|88/100
|move|p1a: Excadrill|Swords Dance|p1a: Excadrill
|-boost|p1a: Excadrill|atk|2
|
|-heal|p1a: Excadrill|64/100 par|[from] item: Leftovers
|upkeep
|turn|78
|
|t:|1614086412
|move|p2a: Clefable|Moonblast|p1a: Excadrill
|-resisted|p1a: Excadrill
|-damage|p1a: Excadrill|26/100 par
|-unboost|p1a: Excadrill|spa|1
|move|p1a: Excadrill|Iron Head|p2a: Clefable
|-supereffective|p2a: Clefable
|-damage|p2a: Clefable|0 fnt
|faint|p2a: Clefable
|
|-heal|p1a: Excadrill|32/100 par|[from] item: Leftovers
|upkeep
|c|☆Stellar Flares|f
|c| KJLX|f
|c|☆Stellar Flares|well
|c| VTMagno|were you CM TBolt?
|c| uiopman☆888|e.e
|c|☆Stellar Flares|i'll bring magikarp stall next time
|-message|Stellar Flares forfeited.
|
|win|DOrothyMARP
|n|☆DOrothyMARP|dorothymarp
|n|☆Stellar Flares|stellarflares
|n| uiopman☆888|uiopman888
|n| VTMagno|vtmagno
|n| ZWANG718|zwang718
|n| assddff|assddff
|n| peepeepoopoo420|peepeepoopoo420
|n| AquaVanillla|aquavanillla
|n| KJLX|kjlx
|n| Phfare|phfare
|n| maeve68|maeve68
|n| rose of geass|roseofgeass
|n| Glasstrier|glasstrier
|n| WhalesAreAwesome!|whalesareawesome
