|j|☆BigWes95
|j|‽hdypbf
|t:|1629819851
|gametype|singles
|player|p1|BigWes95|swimmer-gen4dp|1452
|player|p2|hdypbf|266|1450
|teamsize|p1|6
|teamsize|p2|6
|gen|8
|tier|[Gen 8] OU
|rated|
|rule|Sleep Clause Mod: Limit one foe put to sleep
|rule|Species Clause: Limit one of each Pokémon
|rule|OHKO Clause: OHKO moves are banned
|rule|Evasion Moves Clause: Evasion moves are banned
|rule|Endless Battle Clause: Forcing endless battles is banned
|rule|HP Percentage Mod: HP is shown in percentages
|rule|Dynamax Clause: You cannot dynamax
|clearpoke
|poke|p1|Dragapult, F|
|poke|p1|Landorus-Therian, M|
|poke|p1|Kyurem|
|poke|p1|Kartana|
|poke|p1|Clefable, M|
|poke|p1|Urshifu-*, M|
|poke|p2|Bisharp, M|
|poke|p2|Landorus-Therian, M|
|poke|p2|Nidoking, M|
|poke|p2|Rotom-Wash|
|poke|p2|Rillaboom, F|
|poke|p2|Dragapult, M|
|teampreview
|
|t:|1629819861
|start
|switch|p1a: David|Landorus-Therian, M|100/100
|switch|p2a: Nidoking|Nidoking, M|100/100
|-ability|p1a: David|Intimidate|boost
|-unboost|p2a: Nidoking|atk|1
|turn|1
|
|t:|1629819866
|switch|p2a: Landorus|Landorus-Therian, M|100/100
|-ability|p2a: Landorus|Intimidate|boost
|-unboost|p1a: David|atk|1
|switch|p1a: Urshifu|Urshifu-Rapid-Strike, M|100/100
|
|upkeep
|turn|2
|
|t:|1629819869
|switch|p2a: Rotom|Rotom-Wash|100/100
|move|p1a: Urshifu|Surging Strikes|p2a: Rotom
|-resisted|p2a: Rotom
|-crit|p2a: Rotom
|-damage|p2a: Rotom|88/100
|-resisted|p2a: Rotom
|-crit|p2a: Rotom
|-damage|p2a: Rotom|75/100
|-resisted|p2a: Rotom
|-crit|p2a: Rotom
|-damage|p2a: Rotom|64/100
|-hitcount|p2a: Rotom|3
|
|-heal|p2a: Rotom|70/100|[from] item: Leftovers
|upkeep
|turn|3
|
|t:|1629819874
|switch|p1a: David|Landorus-Therian, M|100/100
|-ability|p1a: David|Intimidate|boost
|-unboost|p2a: Rotom|atk|1
|move|p2a: Rotom|Volt Switch|p1a: David
|-immune|p1a: David
|
|-heal|p2a: Rotom|76/100|[from] item: Leftovers
|upkeep
|turn|4
|
|t:|1629819880
|move|p1a: David|U-turn|p2a: Rotom
|-damage|p2a: Rotom|58/100
|
|t:|1629819883
|switch|p1a: Urshifu|Urshifu-Rapid-Strike, M|100/100|[from]move: U-turn
|move|p2a: Rotom|Volt Switch|p1a: Urshifu
|-supereffective|p1a: Urshifu
|-damage|p1a: Urshifu|31/100
|inactive|Battle timer is ON: inactive players will automatically lose when time's up. (requested by BigWes95)
|
|t:|1629819896
|switch|p2a: Rillaboom|Rillaboom, F|100/100|[from]move: Volt Switch
|-fieldstart|move: Grassy Terrain|[from] ability: Grassy Surge|[of] p2a: Rillaboom
|
|-heal|p1a: Urshifu|37/100|[from] Grassy Terrain
|upkeep
|turn|5
|
|t:|1629819900
|switch|p1a: David|Landorus-Therian, M|100/100
|-ability|p1a: David|Intimidate|boost
|-unboost|p2a: Rillaboom|atk|1
|move|p2a: Rillaboom|Grassy Glide|p1a: David
|-damage|p1a: David|60/100
|
|-heal|p1a: David|66/100|[from] item: Leftovers
|upkeep
|turn|6
|
|t:|1629819905
|switch|p2a: Landorus|Landorus-Therian, M|100/100
|-ability|p2a: Landorus|Intimidate|boost
|-unboost|p1a: David|atk|1
|move|p1a: David|Stealth Rock|p2a: Landorus
|-sidestart|p2: hdypbf|move: Stealth Rock
|
|-heal|p1a: David|72/100|[from] item: Leftovers
|upkeep
|turn|7
|
|t:|1629819911
|move|p2a: Landorus|U-turn|p1a: David
|-resisted|p1a: David
|-damage|p1a: David|60/100
|
|t:|1629819914
|switch|p2a: Nidoking|Nidoking, M|100/100|[from]move: U-turn
|-damage|p2a: Nidoking|95/100|[from] Stealth Rock
|move|p1a: David|U-turn|p2a: Nidoking
|-resisted|p2a: Nidoking
|-damage|p2a: Nidoking|84/100
|
|t:|1629819921
|switch|p1a: Chris|Kyurem|100/100|[from]move: U-turn
|-ability|p1a: Chris|Pressure
|
|-heal|p2a: Nidoking|90/100|[from] Grassy Terrain
|upkeep
|turn|8
|
|t:|1629819929
|move|p2a: Nidoking|Sludge Wave|p1a: Chris
|-damage|p1a: Chris|54/100
|move|p1a: Chris|Freeze-Dry|p2a: Nidoking
|-supereffective|p2a: Nidoking
|-damage|p2a: Nidoking|0 fnt
|faint|p2a: Nidoking
|
|-heal|p1a: Chris|60/100|[from] Grassy Terrain
|-fieldend|move: Grassy Terrain
|upkeep
|
|t:|1629819936
|switch|p2a: Dragapult|Dragapult, M|100/100
|-damage|p2a: Dragapult|88/100|[from] Stealth Rock
|turn|9
|
|t:|1629819939
|switch|p2a: Bisharp|Bisharp, M|100/100
|-damage|p2a: Bisharp|95/100|[from] Stealth Rock
|switch|p1a: Claude|Clefable, M|100/100
|
|upkeep
|turn|10
|
|t:|1629819945
|move|p2a: Bisharp|Swords Dance|p2a: Bisharp
|-boost|p2a: Bisharp|atk|2
|move|p1a: Claude|Teleport|p1a: Claude
|
|t:|1629819949
|switch|p1a: Tony|Kartana|100/100|[from]move: Teleport
|
|upkeep
|turn|11
|
|t:|1629819952
|move|p2a: Bisharp|Sucker Punch|p1a: Tony
|-damage|p1a: Tony|0 fnt
|faint|p1a: Tony
|-damage|p2a: Bisharp|85/100|[from] item: Life Orb
|
|upkeep
|
|t:|1629819958
|switch|p1a: Urshifu|Urshifu-Rapid-Strike, M|37/100
|turn|12
|
|t:|1629819963
|move|p1a: Urshifu|Aqua Jet|p2a: Bisharp
|-damage|p2a: Bisharp|46/100
|move|p2a: Bisharp|Knock Off|p1a: Urshifu
|-resisted|p1a: Urshifu
|-damage|p1a: Urshifu|0 fnt
|-enditem|p1a: Urshifu|Choice Band|[from] move: Knock Off|[of] p2a: Bisharp
|faint|p1a: Urshifu
|-damage|p2a: Bisharp|36/100|[from] item: Life Orb
|
|upkeep
|
|t:|1629819978
|switch|p1a: Chris|Kyurem|60/100
|-ability|p1a: Chris|Pressure
|turn|13
|
|t:|1629819983
|move|p2a: Bisharp|Sucker Punch|p1a: Chris
|-damage|p1a: Chris|0 fnt
|faint|p1a: Chris
|-damage|p2a: Bisharp|26/100|[from] item: Life Orb
|
|upkeep
|-message|BigWes95 forfeited.
|
|win|hdypbf
|raw|BigWes95's rating: 1452 &rarr; <strong>1432</strong><br />(-20 for losing)
|raw|hdypbf's rating: 1450 &rarr; <strong>1470</strong><br />(+20 for winning)
|l|☆BigWes95
