|raw|<div class="broadcast-blue"><strong>This battle is required to be public due to a player having a name prefixed by 'LT71LX'.</div>
|j|☆LT71LX Storm
|j|‽LT71LX EGC
|t:|1597365764
|player|p1|LT71LX Storm|lusamine-nihilego|2152
|player|p2|LT71LX EGC|unknown|2130
|teamsize|p1|6
|teamsize|p2|6
|gametype|singles
|gen|8
|tier|[Gen 8] OU
|rated|
|clearpoke
|poke|p1|Toxtricity, M|
|poke|p1|Rillaboom, M|
|poke|p1|Volcarona, M|
|poke|p1|Primarina, M|
|poke|p1|Urshifu-*, M|
|poke|p1|Excadrill, M|
|poke|p2|Skarmory, F|
|poke|p2|Clefable, F|
|poke|p2|Bisharp, F|
|poke|p2|Dragapult, M|
|poke|p2|Togekiss, M|
|poke|p2|Seismitoad, F|
|rule|Sleep Clause Mod: Limit one foe put to sleep
|rule|Species Clause: Limit one of each Pokémon
|rule|OHKO Clause: OHKO moves are banned
|rule|Evasion Moves Clause: Evasion moves are banned
|rule|Endless Battle Clause: Forcing endless battles is banned
|rule|HP Percentage Mod: HP is shown in percentages
|rule|Dynamax Clause: You cannot dynamax
|teampreview
|j| lt71lx tace
|j| Destro16
|j| Kyundai
|j| CHARLOTTE 1999
|j| contrarietas
|j| lt71lx vaboh
|j|+Cdumas
|j| Justamente
|j|+Christo
|j|+Roseybear
|j|+Averardo
|j|+Wiggleetuff
|j| Vertex
|j| LT71LX ayouko
|j| Sagiri I.
|c|☆LT71LX Storm|hf
|j| Padox
|j| Waveshaper
|j| Mionda
|j| lt71lx cuzzie
|j|@Finchinator
|j| pattek
|j| 67463sfggh
|j| LT71LX Doom
|j| Corckscrew❤️
|j| Tuononda
|j|+klefkiholder
|j| LT71LX Gama
|j| Disorient
|j| Pidgey Gordito
|j|@Eo
|j| LT71LX Sks
|j| Forresterr♣
|j| LT71LX Newal
|j| Kiichikos
|j| LT71LX XVR
|j| Leizy
|j| whyad
|j| Theo Mani Fan Club
|j| Mara Sattei
|j| RNN YasuKe
|j|+false
|j|+estarossa
|j| pizza
|j| lt71lx bfl
|j| xray
|j| I must lose
|j| Livio ElTito
|j| relous
|j|+phiwings99
|j| J.P.G1337
|j| tsukasa yuzaki
|j| TheOnlyGhads
|j| LT71LX Grandmaster
|j| MyNameIsAmph
|j| Default Danced On
|j| FerZs
|j| best interest
|j| LT71LXJaggermaster
|j| quojova
|j| lt71lx Reign_X
|j| LT71LX Ciudadanos
|j| xZesty㋛
|j| cteaming
|j| Atle001
|j| Im genuinely bad.
|j| cdbhipsan
|
|t:|1597365782
|start
|switch|p1a: Impaler|Excadrill, M, shiny|100/100
|switch|p2a: Dragapult|Dragapult, M|100/100
|-ability|p1a: Impaler|Mold Breaker
|turn|1
|inactive|Battle timer is ON: inactive players will automatically lose when time's up. (requested by LT71LX EGC)
|j| MakeFrogsStr8Again
|j| BackToFortniteFool
|j| Karppi
|j| Hammy
|j| IPF
|j| lt71lx croo
|j| OUTU Hide And Seek
|j| Black_Knight777
|j| Holis D
|j| abriel gabram
|j| Spl4sh
|j| good things come
|j| chkrome
|j| Ultra Dusk Mane31
|j| Lalalan
|j| Sinead's Hairline
|j| LT71LX life
|
|t:|1597365789
|move|p2a: Dragapult|Will-O-Wisp|p1a: Impaler
|-status|p1a: Impaler|brn
|move|p1a: Impaler|Earthquake|p2a: Dragapult
|-crit|p2a: Dragapult
|-damage|p2a: Dragapult|61/100
|
|-damage|p1a: Impaler|94/100 brn|[from] brn
|upkeep
|turn|2
|j| hohmon
|j| golden009
|j| Boigunn
|j| Enzo Gorlami
|j| strealet❄
|
|t:|1597365796
|move|p2a: Dragapult|Hex|p1a: Impaler
|-damage|p1a: Impaler|60/100 brn
|move|p1a: Impaler|Stealth Rock|p2a: Dragapult
|-sidestart|p2: LT71LX EGC|move: Stealth Rock
|
|-heal|p1a: Impaler|66/100 brn|[from] item: Leftovers
|-damage|p1a: Impaler|60/100 brn|[from] brn
|upkeep
|turn|3
|j| macho asdfqwert
|j| Yungster_Testboi
|j| starmaster
|j| Lt71x PAPA pia
|l| macho asdfqwert
|j|@Tony
|c| Yungster_Testboi|Good luck Storm
|
|t:|1597365804
|move|p2a: Dragapult|Hex|p1a: Impaler
|-damage|p1a: Impaler|25/100 brn
|move|p1a: Impaler|Earthquake|p2a: Dragapult
|-damage|p2a: Dragapult|36/100
|
|-heal|p1a: Impaler|31/100 brn|[from] item: Leftovers
|-damage|p1a: Impaler|25/100 brn|[from] brn
|upkeep
|turn|4
|
|t:|1597365807
|move|p2a: Dragapult|Hex|p1a: Impaler
|-damage|p1a: Impaler|0 fnt
|faint|p1a: Impaler
|
|upkeep
|j| fish18
|j| LT71LX JOKERDOG
|
|t:|1597365810
|switch|p1a: Tama Tonga|Rillaboom, M|100/100
|-fieldstart|move: Grassy Terrain|[from] ability: Grassy Surge|[of] p1a: Tama Tonga
|turn|5
|
|t:|1597365812
|switch|p2a: Skarmory|Skarmory, F|100/100
|-damage|p2a: Skarmory|88/100|[from] Stealth Rock
|move|p1a: Tama Tonga|Grassy Glide|p2a: Skarmory
|-resisted|p2a: Skarmory
|-damage|p2a: Skarmory|79/100
|-damage|p1a: Tama Tonga|91/100|[from] item: Life Orb
|
|-heal|p1a: Tama Tonga|97/100|[from] Grassy Terrain
|upkeep
|turn|6
|j| Instagram Models
|j| horadobos
|l| Atle001
|j| Chapoa
|j| thele
|j| agenS
|j|+Perry
|
|t:|1597365826
|switch|p1a: Kyotaro|Toxtricity, M|100/100
|move|p2a: Skarmory|Spikes|p1a: Kyotaro
|-sidestart|p1: LT71LX Storm|Spikes
|
|upkeep
|turn|7
|l| Theo Mani Fan Club
|j| brouha
|j| Love Is Cruel
|j| curopins
|
|t:|1597365843
|switch|p2a: Seismitoad|Seismitoad, F|100/100
|-damage|p2a: Seismitoad|94/100|[from] Stealth Rock
|move|p1a: Kyotaro|Overdrive|p2a: Seismitoad
|-immune|p2a: Seismitoad
|
|-heal|p2a: Seismitoad|100/100|[from] item: Leftovers
|upkeep
|turn|8
|j| cleann
|j| LYSTER
|l| pattek
|j| Randy788
|l| Black_Knight777
|
|t:|1597365859
|switch|p1a: Silhouette|Urshifu, M|100/100
|-damage|p1a: Silhouette|88/100|[from] Spikes
|move|p2a: Seismitoad|Stealth Rock|p1a: Silhouette
|-sidestart|p1: LT71LX Storm|move: Stealth Rock
|
|-heal|p1a: Silhouette|94/100|[from] Grassy Terrain
|upkeep
|turn|9
|l| abriel gabram
|j| As gus
|j| Baloor
|
|t:|1597365872
|switch|p2a: Clefable|Clefable, F|100/100
|move|p1a: Silhouette|Wicked Blow|p2a: Clefable
|-resisted|p2a: Clefable
|-crit|p2a: Clefable
|-damage|p2a: Clefable|63/100
|-damage|p1a: Silhouette|84/100|[from] item: Life Orb
|
|-heal|p1a: Silhouette|91/100|[from] Grassy Terrain
|-heal|p2a: Clefable|70/100|[from] item: Leftovers
|-heal|p2a: Clefable|76/100|[from] Grassy Terrain
|-fieldend|move: Grassy Terrain
|upkeep
|turn|10
|l| good things come
|j| ayevon
|l| Ultra Dusk Mane31
|l| chkrome
|
|t:|1597365879
|move|p1a: Silhouette|Poison Jab|p2a: Clefable
|-supereffective|p2a: Clefable
|-damage|p2a: Clefable|15/100
|-status|p2a: Clefable|psn
|-damage|p1a: Silhouette|81/100|[from] item: Life Orb
|move|p2a: Clefable|Moonblast|p1a: Silhouette
|-supereffective|p1a: Silhouette
|-damage|p1a: Silhouette|0 fnt
|faint|p1a: Silhouette
|
|-heal|p2a: Clefable|21/100 psn|[from] item: Leftovers
|upkeep
|l|+phiwings99
|l| contrarietas
|j| Atle001
|l| fish18
|j| mad goonery
|
|t:|1597365895
|switch|p1a: Amaterasu|Volcarona, M, shiny|100/100
|turn|11
|j| jerderh
|l| mad goonery
|
|t:|1597365900
|switch|p2a: Seismitoad|Seismitoad, F|100/100
|-damage|p2a: Seismitoad|94/100|[from] Stealth Rock
|move|p1a: Amaterasu|Quiver Dance|p1a: Amaterasu
|-boost|p1a: Amaterasu|spa|1
|-boost|p1a: Amaterasu|spd|1
|-boost|p1a: Amaterasu|spe|1
|
|-heal|p2a: Seismitoad|100/100|[from] item: Leftovers
|upkeep
|turn|12
|
|t:|1597365903
|move|p1a: Amaterasu|Safeguard|p1a: Amaterasu
|-sidestart|p1: LT71LX Storm|Safeguard
|move|p2a: Seismitoad|Rock Slide|p1a: Amaterasu
|-supereffective|p1a: Amaterasu
|-damage|p1a: Amaterasu|44/100
|
|upkeep
|turn|13
|j| htcl
|j| lt71lx kingpin
|
|t:|1597365907
|move|p1a: Amaterasu|Roost|p1a: Amaterasu
|-heal|p1a: Amaterasu|94/100
|-singleturn|p1a: Amaterasu|move: Roost
|move|p2a: Seismitoad|Rock Slide|p1a: Amaterasu
|-supereffective|p1a: Amaterasu
|-damage|p1a: Amaterasu|37/100
|
|upkeep
|turn|14
|j| memesketch
|c| Leizy|how do we see their mon sets?
|
|t:|1597365913
|move|p1a: Amaterasu|Roost|p1a: Amaterasu
|-heal|p1a: Amaterasu|87/100
|-singleturn|p1a: Amaterasu|move: Roost
|move|p2a: Seismitoad|Rock Slide|p1a: Amaterasu
|-supereffective|p1a: Amaterasu
|-damage|p1a: Amaterasu|32/100
|
|upkeep
|turn|15
|j| good things come
|j| fish18
|l|+estarossa
|j| tyurtjddtutdtutd
|c| LT71LX XVR|Buenos evs egal
|c| Chapoa|Storm is out
|c| Chapoa|Sad
|j| lt71lx slainey
|l| lt71lx slainey
|inactive|LT71LX EGC has 120 seconds left.
|j| LT71LXMegavictinii
|
|t:|1597365948
|switch|p1a: Tama Tonga|Rillaboom, M|97/100
|-damage|p1a: Tama Tonga|84/100|[from] Spikes
|-damage|p1a: Tama Tonga|72/100|[from] Stealth Rock
|-fieldstart|move: Grassy Terrain|[from] ability: Grassy Surge|[of] p1a: Tama Tonga
|move|p2a: Seismitoad|Rock Slide|p1a: Tama Tonga
|-damage|p1a: Tama Tonga|53/100
|
|-heal|p1a: Tama Tonga|59/100|[from] Grassy Terrain
|upkeep
|turn|16
|l| LYSTER
|
|t:|1597365954
|switch|p2a: Skarmory|Skarmory, F|79/100
|-damage|p2a: Skarmory|67/100|[from] Stealth Rock
|move|p1a: Tama Tonga|Swords Dance|p1a: Tama Tonga
|-boost|p1a: Tama Tonga|atk|2
|
|-heal|p1a: Tama Tonga|65/100|[from] Grassy Terrain
|-sideend|p1: LT71LX Storm|Safeguard
|upkeep
|turn|17
|j| Sugar K Leonard
|j| Jey2
|
|t:|1597365970
|move|p1a: Tama Tonga|Superpower|p2a: Skarmory
|-damage|p2a: Skarmory|0 fnt
|-unboost|p1a: Tama Tonga|atk|1
|-unboost|p1a: Tama Tonga|def|1
|-damage|p1a: Tama Tonga|55/100|[from] item: Life Orb
|faint|p2a: Skarmory
|
|-heal|p1a: Tama Tonga|61/100|[from] Grassy Terrain
|upkeep
|
|t:|1597365974
|switch|p2a: Togekiss|Togekiss, M|100/100
|turn|18
|
|t:|1597365987
|switch|p1a: Amaterasu|Volcarona, M, shiny|32/100
|move|p2a: Togekiss|Air Slash|p1a: Amaterasu
|-supereffective|p1a: Amaterasu
|-damage|p1a: Amaterasu|0 fnt
|faint|p1a: Amaterasu
|
|upkeep
|l| LT71LX Ciudadanos
|
|t:|1597365989
|switch|p1a: Kyotaro|Toxtricity, M|100/100
|-damage|p1a: Kyotaro|88/100|[from] Spikes
|-damage|p1a: Kyotaro|76/100|[from] Stealth Rock
|turn|19
|
|t:|1597365994
|switch|p2a: Seismitoad|Seismitoad, F|100/100
|-damage|p2a: Seismitoad|94/100|[from] Stealth Rock
|move|p1a: Kyotaro|Shift Gear|p1a: Kyotaro
|-boost|p1a: Kyotaro|spe|2
|-boost|p1a: Kyotaro|atk|1
|
|-heal|p1a: Kyotaro|82/100|[from] Grassy Terrain
|-heal|p2a: Seismitoad|100/100|[from] item: Leftovers
|-fieldend|move: Grassy Terrain
|upkeep
|turn|20
|l| quojova
|
|t:|1597365998
|move|p1a: Kyotaro|Boomburst|p2a: Seismitoad
|-damage|p2a: Seismitoad|39/100
|-damage|p1a: Kyotaro|72/100|[from] item: Life Orb
|move|p2a: Seismitoad|Earthquake|p1a: Kyotaro
|-supereffective|p1a: Kyotaro
|-damage|p1a: Kyotaro|0 fnt
|faint|p1a: Kyotaro
|
|-heal|p2a: Seismitoad|45/100|[from] item: Leftovers
|upkeep
|
|t:|1597366000
|switch|p1a: Celestine|Primarina, M|100/100
|-damage|p1a: Celestine|88/100|[from] Spikes
|-damage|p1a: Celestine|76/100|[from] Stealth Rock
|turn|21
|j| WaterDrake
|l| Hammy
|l| best interest
|j| fdsggh
|
|t:|1597366016
|move|p2a: Seismitoad|Earthquake|p1a: Celestine
|-damage|p1a: Celestine|43/100
|move|p1a: Celestine|Calm Mind|p1a: Celestine
|-boost|p1a: Celestine|spa|1
|-boost|p1a: Celestine|spd|1
|
|-heal|p2a: Seismitoad|51/100|[from] item: Leftovers
|-heal|p1a: Celestine|49/100|[from] item: Leftovers
|upkeep
|turn|22
|j| TuanNguyen
|l| TheOnlyGhads
|j| LT71LX ismail
|j|+rozes
|
|t:|1597366026
|move|p2a: Seismitoad|Toxic|p1a: Celestine
|-status|p1a: Celestine|tox
|move|p1a: Celestine|Draining Kiss|p2a: Seismitoad
|-damage|p2a: Seismitoad|27/100
|-heal|p1a: Celestine|69/100 tox|[from] drain|[of] p2a: Seismitoad
|
|-heal|p2a: Seismitoad|33/100|[from] item: Leftovers
|-heal|p1a: Celestine|75/100 tox|[from] item: Leftovers
|-damage|p1a: Celestine|69/100 tox|[from] psn
|upkeep
|turn|23
|
|t:|1597366029
|move|p2a: Seismitoad|Earthquake|p1a: Celestine
|-damage|p1a: Celestine|37/100 tox
|move|p1a: Celestine|Draining Kiss|p2a: Seismitoad
|-damage|p2a: Seismitoad|11/100
|-heal|p1a: Celestine|56/100 tox|[from] drain|[of] p2a: Seismitoad
|
|-heal|p2a: Seismitoad|17/100|[from] item: Leftovers
|-heal|p1a: Celestine|62/100 tox|[from] item: Leftovers
|-damage|p1a: Celestine|50/100 tox|[from] psn
|upkeep
|turn|24
|
|t:|1597366031
|move|p2a: Seismitoad|Earthquake|p1a: Celestine
|-damage|p1a: Celestine|19/100 tox
|move|p1a: Celestine|Draining Kiss|p2a: Seismitoad
|-damage|p2a: Seismitoad|0 fnt
|-heal|p1a: Celestine|33/100 tox|[from] drain|[of] p2a: Seismitoad
|faint|p2a: Seismitoad
|
|-heal|p1a: Celestine|39/100 tox|[from] item: Leftovers
|-damage|p1a: Celestine|21/100 tox|[from] psn
|upkeep
|-message|LT71LX Storm forfeited.
|
|win|LT71LX EGC
|j| Phantom㋡Hurious ✈
|l| Sugar K Leonard
|l|☆LT71LX Storm
|l|‽LT71LX EGC
|l| memesketch
|l|+Roseybear
|l| Default Danced On
|raw|LT71LX Storm's rating: 2152 &rarr; <strong>2132</strong><br />(-20 for losing)
|raw|LT71LX EGC's rating: 2140 &rarr; <strong>2161</strong><br />(+21 for winning)
|l| IPF
|l| Justamente
|l|@Eo
|l| starmaster
|j| lt71lx slainey
|j| Waylaid
|l| LT71LX Doom
|j| memesketch
|l| Kyundai
|l| Sagiri I.
|l| MyNameIsAmph
|l| Waylaid
|l| memesketch
|l| tsukasa yuzaki
|l| Boigunn
|l| brouha
|l| I must lose
|l| lt71lx vaboh
|l| lt71lx slainey
|l|+rozes
|j| CD3313
|l| RNN YasuKe
|l| lt71lx bfl
|l| TuanNguyen
|l| Forresterr♣
|l| Corckscrew❤️
|l| htcl
|l| Love Is Cruel
|l| 67463sfggh
|l| Jey2
|l|+Christo
|l| horadobos
|l| Padox
|l| Mionda
|l| LT71LXMegavictinii
|l| xZesty㋛
|l|@Tony
|l| lt71lx tace
|l| good things come
|l| LT71LX ayouko
|l| Phantom㋡Hurious ✈
|l| Livio ElTito
|l| Tuononda
|l|+Cdumas
|l| thele
|l| Sinead's Hairline
|l| fish18
|l| Destro16
|l| Disorient
|l| Spl4sh
|l| whyad
|l| lt71lx kingpin
|l|@Finchinator
|l| Randy788
|l| hohmon
|j| Test omega2
|l| golden009
|l| lt71lx cuzzie
|l| cdbhipsan
|l| LT71LX Sks
|l| lt71lx croo
|l| Test omega2
|l| Enzo Gorlami
|l| Kiichikos
|l|+false
|l| tyurtjddtutdtutd
|l| LT71LX XVR
|l|+Averardo
|l| Chapoa
|l|+Wiggleetuff
|l| LT71LXJaggermaster
|l| As gus
|l| LT71LX Grandmaster
|l| Baloor
|l| curopins
|l| cteaming
|l| Waveshaper
|j| Julio Collado
|l| Instagram Models
|l| strealet❄
|l| Atle001
|l| Julio Collado
|l| LT71LX Newal
|l| pizza
|l| Mara Sattei
|l| OUTU Hide And Seek
|l| BackToFortniteFool
|j| Tovorus
|l| Yungster_Testboi
|l| Vertex
|l| fdsggh
|l| Tovorus
|j| AttackonSamurott
|l| relous
|l| AttackonSamurott
|l| Im genuinely bad.
|l| J.P.G1337
|l|+klefkiholder
|l| Pidgey Gordito
