|j|☆Kaleor
|j|☆LePaladinDuGlu
|t:|1636738257
|gametype|singles
|player|p1|Kaleor|swimmer-gen4dp|1476
|player|p2|LePaladinDuGlu|veteran|1462
|teamsize|p1|6
|teamsize|p2|6
|gen|8
|tier|[Gen 8] OU
|rated|
|rule|Sleep Clause Mod: Limit one foe put to sleep
|rule|Species Clause: Limit one of each Pokémon
|rule|OHKO Clause: OHKO moves are banned
|rule|Evasion Moves Clause: Evasion moves are banned
|rule|Endless Battle Clause: Forcing endless battles is banned
|rule|HP Percentage Mod: HP is shown in percentages
|rule|Dynamax Clause: You cannot dynamax
|clearpoke
|poke|p1|Poliwrath, F|
|poke|p1|Politoed, F|
|poke|p1|Pelipper, M|
|poke|p1|Urshifu-*, F|
|poke|p1|Kingdra, F|
|poke|p1|Thundurus-Therian, M|
|poke|p2|Slowbro, M|
|poke|p2|Tornadus-Therian, M|
|poke|p2|Slowking-Galar, M|
|poke|p2|Buzzwole|
|poke|p2|Victini|
|poke|p2|Tapu Lele|
|teampreview
|inactive|Battle timer is ON: inactive players will automatically lose when time's up. (requested by Kaleor)
|inactive|LePaladinDuGlu has 120 seconds left.
|
|t:|1636738294
|start
|switch|p1a: Politoed|Politoed, F|100/100
|switch|p2a: Tapu Lele|Tapu Lele|100/100
|-fieldstart|move: Psychic Terrain|[from] ability: Psychic Surge|[of] p2a: Tapu Lele
|-weather|RainDance|[from] ability: Drizzle|[of] p1a: Politoed
|turn|1
|
|t:|1636738302
|move|p2a: Tapu Lele|Psychic|p1a: Politoed
|-damage|p1a: Politoed|37/100
|move|p1a: Politoed|Hydro Pump|p2a: Tapu Lele
|-damage|p2a: Tapu Lele|19/100
|
|-weather|RainDance|[upkeep]
|upkeep
|turn|2
|
|t:|1636738308
|move|p2a: Tapu Lele|Psychic|p1a: Politoed
|-damage|p1a: Politoed|0 fnt
|faint|p1a: Politoed
|
|-weather|RainDance|[upkeep]
|upkeep
|
|t:|1636738319
|switch|p1a: Kingdra|Kingdra, F|100/100
|turn|3
|
|t:|1636738323
|switch|p2a: Slowking|Slowking-Galar, M|100/100
|move|p1a: Kingdra|Hydro Pump|p2a: Slowking
|-damage|p2a: Slowking|53/100
|
|-weather|RainDance|[upkeep]
|upkeep
|turn|4
|
|t:|1636738333
|move|p1a: Kingdra|Hydro Pump|p2a: Slowking
|-damage|p2a: Slowking|10/100
|move|p2a: Slowking|Sludge Bomb|p1a: Kingdra
|-damage|p1a: Kingdra|59/100
|-status|p1a: Kingdra|psn
|
|-weather|RainDance|[upkeep]
|-damage|p1a: Kingdra|47/100 psn|[from] psn
|upkeep
|turn|5
|
|t:|1636738356
|switch|p2a: Tornadus|Tornadus-Therian, M|100/100
|move|p1a: Kingdra|Hydro Pump|p2a: Tornadus|[miss]
|-miss|p1a: Kingdra|p2a: Tornadus
|
|-weather|RainDance|[upkeep]
|-damage|p1a: Kingdra|35/100 psn|[from] psn
|-fieldend|move: Psychic Terrain
|upkeep
|turn|6
|
|t:|1636738367
|move|p1a: Kingdra|Hydro Pump|p2a: Tornadus|[miss]
|-miss|p1a: Kingdra|p2a: Tornadus
|move|p2a: Tornadus|Knock Off|p1a: Kingdra
|-damage|p1a: Kingdra|10/100 psn
|-enditem|p1a: Kingdra|Choice Specs|[from] move: Knock Off|[of] p2a: Tornadus
|
|-weather|RainDance|[upkeep]
|-damage|p1a: Kingdra|0 fnt|[from] psn
|faint|p1a: Kingdra
|upkeep
|
|t:|1636738371
|switch|p1a: Poliwrath|Poliwrath, F|100/100
|turn|7
|
|t:|1636738388
|switch|p1a: Thundurus|Thundurus-Therian, M|100/100
|move|p2a: Tornadus|U-turn|p1a: Thundurus
|-resisted|p1a: Thundurus
|-damage|p1a: Thundurus|90/100
|inactive|LePaladinDuGlu has 120 seconds left.
|
|t:|1636738404
|switch|p2a: Slowking|Slowking-Galar, M|43/100|[from]move: U-turn
|
|-weather|RainDance|[upkeep]
|upkeep
|turn|8
|inactive|LePaladinDuGlu has 120 seconds left.
|
|t:|1636738419
|switch|p2a: Tornadus|Tornadus-Therian, M|100/100
|move|p1a: Thundurus|Thunder|p2a: Tornadus
|-supereffective|p2a: Tornadus
|-damage|p2a: Tornadus|0 fnt
|faint|p2a: Tornadus
|
|-weather|none
|upkeep
|
|t:|1636738440
|switch|p2a: Victini|Victini|100/100
|turn|9
|
|t:|1636738451
|move|p1a: Thundurus|Rain Dance|p1a: Thundurus
|-weather|RainDance
|move|p2a: Victini|Bolt Strike|p1a: Thundurus
|-heal|p1a: Thundurus|100/100|[from] ability: Volt Absorb|[of] p2a: Victini
|
|-weather|RainDance|[upkeep]
|upkeep
|turn|10
|
|t:|1636738465
|move|p1a: Thundurus|Thunder|p2a: Victini
|-damage|p2a: Victini|34/100
|move|p2a: Victini|U-turn|p1a: Thundurus
|-resisted|p1a: Thundurus
|-damage|p1a: Thundurus|84/100
|
|t:|1636738473
|switch|p2a: Slowking|Slowking-Galar, M|76/100|[from]move: U-turn
|
|-weather|RainDance|[upkeep]
|upkeep
|turn|11
|inactive|LePaladinDuGlu has 90 seconds left.
|
|t:|1636738512
|move|p1a: Thundurus|Thunder|p2a: Slowking
|-damage|p2a: Slowking|51/100
|move|p2a: Slowking|Ice Beam|p1a: Thundurus
|-supereffective|p1a: Thundurus
|-crit|p1a: Thundurus
|-damage|p1a: Thundurus|0 fnt
|faint|p1a: Thundurus
|
|-weather|RainDance|[upkeep]
|upkeep
|
|t:|1636738540
|switch|p1a: Poliwrath|Poliwrath, F|100/100
|turn|12
|
|t:|1636738544
|switch|p2a: Slowbro|Slowbro, M|100/100
|move|p1a: Poliwrath|Belly Drum|p1a: Poliwrath
|-damage|p1a: Poliwrath|50/100
|-setboost|p1a: Poliwrath|atk|6|[from] move: Belly Drum
|-enditem|p1a: Poliwrath|Sitrus Berry|[eat]
|-heal|p1a: Poliwrath|75/100|[from] item: Sitrus Berry
|
|-weather|RainDance|[upkeep]
|upkeep
|turn|13
|inactive|LePaladinDuGlu has 90 seconds left.
|inactive|LePaladinDuGlu has 60 seconds left.
|inactive|LePaladinDuGlu has 30 seconds left.
|inactive|LePaladinDuGlu has 20 seconds left.
|
|t:|1636738639
|switch|p2a: Buzzwole|Buzzwole|100/100
|move|p1a: Poliwrath|Liquidation|p2a: Buzzwole
|-damage|p2a: Buzzwole|0 fnt
|faint|p2a: Buzzwole
|
|-weather|none
|upkeep
|inactive|LePaladinDuGlu has 25 seconds left this turn.
|inactive|LePaladinDuGlu has 20 seconds left.
|inactive|LePaladinDuGlu has 15 seconds left.
|
|t:|1636738650
|switch|p2a: Tapu Lele|Tapu Lele|19/100
|-fieldstart|move: Psychic Terrain|[from] ability: Psychic Surge|[of] p2a: Tapu Lele
|turn|14
|inactive|LePaladinDuGlu has 25 seconds left this turn.
|inactive|LePaladinDuGlu has 20 seconds left.
|
|t:|1636738664
|switch|p1a: Pelipper|Pelipper, M|100/100
|-weather|RainDance|[from] ability: Drizzle|[of] p1a: Pelipper
|move|p2a: Tapu Lele|Psychic|p1a: Pelipper
|-damage|p1a: Pelipper|14/100
|
|-weather|RainDance|[upkeep]
|upkeep
|turn|15
|inactive|LePaladinDuGlu has 30 seconds left this turn.
|
|t:|1636738671
|move|p2a: Tapu Lele|Psychic|p1a: Pelipper
|-damage|p1a: Pelipper|0 fnt
|faint|p1a: Pelipper
|
|-weather|RainDance|[upkeep]
|upkeep
|inactive|LePaladinDuGlu has 30 seconds left this turn.
|
|t:|1636738673
|switch|p1a: Urshifu|Urshifu-Rapid-Strike, F|100/100
|turn|16
|
|t:|1636738680
|switch|p2a: Slowbro|Slowbro, M|100/100
|move|p1a: Urshifu|U-turn|p2a: Slowbro
|-supereffective|p2a: Slowbro
|-damage|p2a: Slowbro|57/100
|
|t:|1636738682
|switch|p1a: Poliwrath|Poliwrath, F|75/100|[from]move: U-turn
|
|-weather|RainDance|[upkeep]
|upkeep
|turn|17
|
|t:|1636738691
|move|p1a: Poliwrath|Belly Drum|p1a: Poliwrath
|-damage|p1a: Poliwrath|25/100
|-setboost|p1a: Poliwrath|atk|6|[from] move: Belly Drum
|move|p2a: Slowbro|Future Sight|p1a: Poliwrath
|-start|p2a: Slowbro|move: Future Sight
|
|-weather|RainDance|[upkeep]
|upkeep
|turn|18
|inactive|LePaladinDuGlu has 30 seconds left.
|
|t:|1636738717
|switch|p2a: Victini|Victini|34/100
|move|p1a: Poliwrath|Liquidation|p2a: Victini
|-supereffective|p2a: Victini
|-damage|p2a: Victini|0 fnt
|faint|p2a: Victini
|
|-weather|RainDance|[upkeep]
|-fieldend|move: Psychic Terrain
|upkeep
|inactive|LePaladinDuGlu has 30 seconds left.
|inactive|LePaladinDuGlu has 20 seconds left.
|
|t:|1636738733
|switch|p2a: Slowbro|Slowbro, M|91/100
|turn|19
|inactive|LePaladinDuGlu has 30 seconds left this turn.
|
|t:|1636738738
|switch|p2a: Slowking|Slowking-Galar, M|84/100
|move|p1a: Poliwrath|Liquidation|p2a: Slowking
|-damage|p2a: Slowking|0 fnt
|faint|p2a: Slowking
|
|-weather|RainDance|[upkeep]
|-end|p1a: Poliwrath|move: Future Sight
|-supereffective|p1a: Poliwrath
|-damage|p1a: Poliwrath|0 fnt
|faint|p1a: Poliwrath
|upkeep
|inactive|LePaladinDuGlu has 30 seconds left.
|
|t:|1636738752
|switch|p1a: Urshifu|Urshifu-Rapid-Strike, F|100/100
|switch|p2a: Slowbro|Slowbro, M|100/100
|turn|20
|
|t:|1636738773
|move|p1a: Urshifu|Surging Strikes|p2a: Slowbro
|-resisted|p2a: Slowbro
|-crit|p2a: Slowbro
|-damage|p2a: Slowbro|86/100
|-resisted|p2a: Slowbro
|-crit|p2a: Slowbro
|-damage|p2a: Slowbro|72/100
|-resisted|p2a: Slowbro
|-crit|p2a: Slowbro
|-damage|p2a: Slowbro|57/100
|-hitcount|p2a: Slowbro|3
|move|p2a: Slowbro|Future Sight|p1a: Urshifu
|-start|p2a: Slowbro|move: Future Sight
|
|-weather|RainDance|[upkeep]
|upkeep
|turn|21
|-message|Kaleor forfeited.
|
|win|LePaladinDuGlu
|raw|Kaleor's rating: 1476 &rarr; <strong>1455</strong><br />(-21 for losing)
|raw|LePaladinDuGlu's rating: 1462 &rarr; <strong>1483</strong><br />(+21 for winning)
|l|☆Kaleor
||Ladder isn't responding, score probably updated but might not have (Request timeout).
