|j|☆Zees_1OAK
|j|☆Iznamakin
|t:|1664198380
|gametype|singles
|player|p1|Zees_1OAK|interviewers|1794
|player|p2|Iznamakin|chase|1821
|teamsize|p1|6
|teamsize|p2|6
|gen|8
|tier|[Gen 8] OU
|rated|
|rule|Sleep Clause Mod: Limit one foe put to sleep
|rule|Species Clause: Limit one of each Pokémon
|rule|OHKO Clause: OHKO moves are banned
|rule|Evasion Items Clause: Evasion items are banned
|rule|Evasion Moves Clause: Evasion moves are banned
|rule|Endless Battle Clause: Forcing endless battles is banned
|rule|HP Percentage Mod: HP is shown in percentages
|rule|Dynamax Clause: You cannot dynamax
|clearpoke
|poke|p1|Tapu Lele|
|poke|p1|Dragapult, F|
|poke|p1|Toxapex, M|
|poke|p1|Mandibuzz, F|
|poke|p1|Hippowdon, M|
|poke|p1|Ferrothorn, M|
|poke|p2|Dragapult, M|
|poke|p2|Celesteela|
|poke|p2|Rillaboom, M|
|poke|p2|Bisharp, M|
|poke|p2|Blaziken, M|
|poke|p2|Nihilego|
|teampreview
|inactive|Battle timer is ON: inactive players will automatically lose when time's up. (requested by Iznamakin)
|j| Palladiawa A
|inactive|Zees_1OAK has 120 seconds left.
|l| Palladiawa A
|
|t:|1664198439
|start
|switch|p1a: Dragapult|Dragapult, F|100/100
|switch|p2a: Nihilego|Nihilego|100/100
|turn|1
|j| loikloikoik
|
|t:|1664198454
|move|p1a: Dragapult|Dragon Darts|p2a: Nihilego
|-damage|p2a: Nihilego|44/100
|-anim|p1a: Dragapult|Dragon Darts|p2a: Nihilego
|-damage|p2a: Nihilego|0 fnt
|faint|p2a: Nihilego
|
|upkeep
|
|t:|1664198461
|switch|p2a: Guardian Angel|Celesteela, shiny|100/100
|turn|2
|j| case coringado
|inactive|Zees_1OAK has 120 seconds left.
|
|t:|1664198509
|move|p1a: Dragapult|Fire Blast|p2a: Guardian Angel
|-supereffective|p2a: Guardian Angel
|-damage|p2a: Guardian Angel|54/100
|move|p2a: Guardian Angel|Autotomize|p2a: Guardian Angel
|-boost|p2a: Guardian Angel|spe|2
|-start|p2a: Guardian Angel|Autotomize
|
|upkeep
|turn|3
|
|t:|1664198515
|move|p2a: Guardian Angel|Air Slash|p1a: Dragapult
|-damage|p1a: Dragapult|51/100
|cant|p1a: Dragapult|flinch
|
|upkeep
|turn|4
|
|t:|1664198519
|move|p2a: Guardian Angel|Meteor Beam||[still]
|-prepare|p2a: Guardian Angel|Meteor Beam
|-boost|p2a: Guardian Angel|spa|1
|-enditem|p2a: Guardian Angel|Power Herb
|-anim|p2a: Guardian Angel|Meteor Beam|p1a: Dragapult
|-damage|p1a: Dragapult|0 fnt
|faint|p1a: Dragapult
|-ability|p2a: Guardian Angel|Beast Boost|boost
|-boost|p2a: Guardian Angel|spa|1
|
|upkeep
|j| Shotintheheart
|inactive|Zees_1OAK has 120 seconds left.
|
|t:|1664198531
|switch|p1a: Toxapex|Toxapex, M|100/100
|turn|5
|
|t:|1664198533
|move|p2a: Guardian Angel|Air Slash|p1a: Toxapex
|-damage|p1a: Toxapex|55/100
|move|p1a: Toxapex|Scald|p2a: Guardian Angel
|-damage|p2a: Guardian Angel|38/100
|
|upkeep
|turn|6
|
|t:|1664198539
|move|p2a: Guardian Angel|Air Slash|p1a: Toxapex
|-damage|p1a: Toxapex|5/100
|move|p1a: Toxapex|Scald|p2a: Guardian Angel
|-damage|p2a: Guardian Angel|24/100
|
|upkeep
|turn|7
|l| Shotintheheart
|
|t:|1664198548
|move|p2a: Guardian Angel|Flamethrower|p1a: Toxapex
|-resisted|p1a: Toxapex
|-damage|p1a: Toxapex|0 fnt
|faint|p1a: Toxapex
|-ability|p2a: Guardian Angel|Beast Boost|boost
|-boost|p2a: Guardian Angel|spa|1
|
|upkeep
|
|t:|1664198551
|switch|p1a: Mandibuzz|Mandibuzz, F|100/100
|turn|8
|
|t:|1664198553
|move|p2a: Guardian Angel|Air Slash|p1a: Mandibuzz
|-damage|p1a: Mandibuzz|49/100
|move|p1a: Mandibuzz|Foul Play|p2a: Guardian Angel
|-damage|p2a: Guardian Angel|0 fnt
|faint|p2a: Guardian Angel
|
|upkeep
|
|t:|1664198562
|switch|p2a: Destroyer|Blaziken, M, shiny|100/100
|turn|9
|
|t:|1664198566
|switch|p1a: Hippowdon|Hippowdon, M|100/100
|-weather|Sandstorm|[from] ability: Sand Stream|[of] p1a: Hippowdon
|move|p2a: Destroyer|Close Combat|p1a: Hippowdon
|-damage|p1a: Hippowdon|56/100
|-unboost|p2a: Destroyer|def|1
|-unboost|p2a: Destroyer|spd|1
|-damage|p2a: Destroyer|91/100|[from] item: Life Orb
|
|-weather|Sandstorm|[upkeep]
|-damage|p2a: Destroyer|85/100|[from] Sandstorm
|-heal|p1a: Hippowdon|63/100|[from] item: Leftovers
|-ability|p2a: Destroyer|Speed Boost|boost
|-boost|p2a: Destroyer|spe|1
|upkeep
|turn|10
|
|t:|1664198571
|switch|p2a: Kong|Rillaboom, M, shiny|100/100
|-fieldstart|move: Grassy Terrain|[from] ability: Grassy Surge|[of] p2a: Kong
|move|p1a: Hippowdon|Slack Off|p1a: Hippowdon
|-heal|p1a: Hippowdon|100/100
|
|-weather|Sandstorm|[upkeep]
|-damage|p2a: Kong|94/100|[from] Sandstorm
|-heal|p2a: Kong|100/100|[from] Grassy Terrain
|upkeep
|turn|11
|
|t:|1664198577
|switch|p1a: Ferrothorn|Ferrothorn, M|100/100
|move|p2a: Kong|Swords Dance|p2a: Kong
|-boost|p2a: Kong|atk|2
|
|-weather|Sandstorm|[upkeep]
|-damage|p2a: Kong|94/100|[from] Sandstorm
|-heal|p2a: Kong|100/100|[from] Grassy Terrain
|upkeep
|turn|12
|
|t:|1664198581
|switch|p1a: Tapu Lele|Tapu Lele|100/100
|-fieldstart|move: Psychic Terrain|[from] ability: Psychic Surge|[of] p1a: Tapu Lele
|move|p2a: Kong|Superpower|p1a: Tapu Lele
|-resisted|p1a: Tapu Lele
|-damage|p1a: Tapu Lele|57/100
|-unboost|p2a: Kong|atk|1
|-unboost|p2a: Kong|def|1
|-damage|p2a: Kong|91/100|[from] item: Life Orb
|
|-weather|Sandstorm|[upkeep]
|-damage|p1a: Tapu Lele|51/100|[from] Sandstorm
|-damage|p2a: Kong|84/100|[from] Sandstorm
|upkeep
|turn|13
|j| pokemanz101
|
|t:|1664198603
|switch|p2a: Bishop|Bisharp, M, shiny|100/100
|move|p1a: Tapu Lele|Moonblast|p2a: Bishop
|-damage|p2a: Bishop|0 fnt
|faint|p2a: Bishop
|
|-weather|none
|upkeep
|
|t:|1664198609
|switch|p2a: Kong|Rillaboom, M, shiny|84/100
|-fieldstart|move: Grassy Terrain|[from] ability: Grassy Surge|[of] p2a: Kong
|turn|14
|
|t:|1664198630
|switch|p1a: Ferrothorn|Ferrothorn, M|100/100
|switch|p2a: Destroyer|Blaziken, M, shiny|85/100
|
|-heal|p2a: Destroyer|91/100|[from] Grassy Terrain
|upkeep
|turn|15
|
|t:|1664198632
|switch|p1a: Hippowdon|Hippowdon, M|100/100
|-weather|Sandstorm|[from] ability: Sand Stream|[of] p1a: Hippowdon
|move|p2a: Destroyer|Swords Dance|p2a: Destroyer
|-boost|p2a: Destroyer|atk|2
|
|-weather|Sandstorm|[upkeep]
|-damage|p2a: Destroyer|85/100|[from] Sandstorm
|-heal|p2a: Destroyer|91/100|[from] Grassy Terrain
|-ability|p2a: Destroyer|Speed Boost|boost
|-boost|p2a: Destroyer|spe|1
|upkeep
|turn|16
|
|t:|1664198635
|move|p2a: Destroyer|Swords Dance|p2a: Destroyer
|-boost|p2a: Destroyer|atk|2
|move|p1a: Hippowdon|Toxic|p2a: Destroyer
|-status|p2a: Destroyer|tox
|
|-weather|Sandstorm|[upkeep]
|-damage|p2a: Destroyer|85/100 tox|[from] Sandstorm
|-heal|p2a: Destroyer|91/100 tox|[from] Grassy Terrain
|-damage|p2a: Destroyer|85/100 tox|[from] psn
|-ability|p2a: Destroyer|Speed Boost|boost
|-boost|p2a: Destroyer|spe|1
|upkeep
|turn|17
|inactive|Zees_1OAK has 120 seconds left.
|l| loikloikoik
|inactive|Zees_1OAK has 90 seconds left.
|
|t:|1664198713
|move|p2a: Destroyer|Close Combat|p1a: Hippowdon
|-damage|p1a: Hippowdon|0 fnt
|-unboost|p2a: Destroyer|def|1
|-unboost|p2a: Destroyer|spd|1
|faint|p1a: Hippowdon
|-damage|p2a: Destroyer|75/100 tox|[from] item: Life Orb
|
|-weather|Sandstorm|[upkeep]
|-damage|p2a: Destroyer|69/100 tox|[from] Sandstorm
|-heal|p2a: Destroyer|75/100 tox|[from] Grassy Terrain
|-damage|p2a: Destroyer|63/100 tox|[from] psn
|-ability|p2a: Destroyer|Speed Boost|boost
|-boost|p2a: Destroyer|spe|1
|upkeep
|
|t:|1664198722
|switch|p1a: Tapu Lele|Tapu Lele|51/100
|-fieldstart|move: Psychic Terrain|[from] ability: Psychic Surge|[of] p1a: Tapu Lele
|turn|18
|
|t:|1664198725
|switch|p1a: Ferrothorn|Ferrothorn, M|100/100
|move|p2a: Destroyer|Close Combat|p1a: Ferrothorn
|-supereffective|p1a: Ferrothorn
|-damage|p1a: Ferrothorn|0 fnt
|-unboost|p2a: Destroyer|def|1
|-unboost|p2a: Destroyer|spd|1
|-damage|p2a: Destroyer|50/100 tox|[from] ability: Iron Barbs|[of] p1a: Ferrothorn
|faint|p1a: Ferrothorn
|-damage|p2a: Destroyer|40/100 tox|[from] item: Life Orb
|
|-weather|Sandstorm|[upkeep]
|-damage|p2a: Destroyer|34/100 tox|[from] Sandstorm
|-damage|p2a: Destroyer|16/100 tox|[from] psn
|-ability|p2a: Destroyer|Speed Boost|boost
|-boost|p2a: Destroyer|spe|1
|upkeep
|
|t:|1664198744
|switch|p1a: Mandibuzz|Mandibuzz, F|49/100
|turn|19
|
|t:|1664198747
|switch|p1a: Tapu Lele|Tapu Lele|51/100
|move|p2a: Destroyer|Close Combat|p1a: Tapu Lele
|-resisted|p1a: Tapu Lele
|-damage|p1a: Tapu Lele|0 fnt
|-unboost|p2a: Destroyer|def|1
|-unboost|p2a: Destroyer|spd|1
|faint|p1a: Tapu Lele
|-damage|p2a: Destroyer|6/100 tox|[from] item: Life Orb
|
|-weather|none
|-damage|p2a: Destroyer|0 fnt|[from] psn
|faint|p2a: Destroyer
|upkeep
|
|t:|1664198752
|switch|p1a: Mandibuzz|Mandibuzz, F|49/100
|switch|p2a: Leviathan|Dragapult, M, shiny|100/100
|turn|20
|
|t:|1664198757
|move|p2a: Leviathan|Dragon Darts|p1a: Mandibuzz
|-damage|p1a: Mandibuzz|21/100
|-anim|p2a: Leviathan|Dragon Darts|p1a: Mandibuzz
|-damage|p1a: Mandibuzz|0 fnt
|faint|p1a: Mandibuzz
|-damage|p2a: Leviathan|91/100|[from] item: Life Orb
|
|win|Iznamakin
|raw|Zees_1OAK's rating: 1794 &rarr; <strong>1776</strong><br />(-18 for losing)
|raw|Iznamakin's rating: 1821 &rarr; <strong>1839</strong><br />(+18 for winning)
|l| pokemanz101
||Ladder isn't responding, score probably updated but might not have (Request timeout).
