|raw|<div class="broadcast-blue"><strong>This battle is required to be public due to a player having a name starting with 'lt92pf'.</div>
|j|☆LT92PFMimikyuStarD
|j|☆tolstoy
|t:|1660148211
|gametype|singles
|player|p1|LT92PFMimikyuStarD|#mimikyustardust|1957
|player|p2|tolstoy|#lax|1810
|teamsize|p1|6
|teamsize|p2|6
|gen|8
|tier|[Gen 8] OU
|rated|
|rule|Sleep Clause Mod: Limit one foe put to sleep
|rule|Species Clause: Limit one of each Pokémon
|rule|OHKO Clause: OHKO moves are banned
|rule|Evasion Items Clause: Evasion items are banned
|rule|Evasion Moves Clause: Evasion moves are banned
|rule|Endless Battle Clause: Forcing endless battles is banned
|rule|HP Percentage Mod: HP is shown in percentages
|rule|Dynamax Clause: You cannot dynamax
|clearpoke
|poke|p1|Mew|
|poke|p1|Weavile, F|
|poke|p1|Celesteela|
|poke|p1|Garchomp, M|
|poke|p1|Blacephalon|
|poke|p1|Crawdaunt, F|
|poke|p2|Gyarados, F|
|poke|p2|Heatran, M|
|poke|p2|Garchomp, M|
|poke|p2|Kommo-o, M|
|poke|p2|Zapdos|
|poke|p2|Weavile, M|
|teampreview
|inactive|Battle timer is ON: inactive players will automatically lose when time's up. (requested by tolstoy)
|
|t:|1660148225
|start
|switch|p1a: Mew|Mew, shiny|100/100
|switch|p2a: Garchomp|Garchomp, M|100/100
|turn|1
|
|t:|1660148231
|move|p2a: Garchomp|Swords Dance|p2a: Garchomp
|-boost|p2a: Garchomp|atk|2
|move|p1a: Mew|Stealth Rock|p2a: Garchomp
|-sidestart|p2: tolstoy|move: Stealth Rock
|
|upkeep
|turn|2
|
|t:|1660148234
|move|p2a: Garchomp|Scale Shot|p1a: Mew
|-damage|p1a: Mew|77/100
|-damage|p1a: Mew|56/100
|-damage|p1a: Mew|35/100
|-damage|p1a: Mew|11/100
|-damage|p1a: Mew|0 fnt
|faint|p1a: Mew
|-hitcount|p1: Mew|5
|-unboost|p2a: Garchomp|def|1
|-boost|p2a: Garchomp|spe|1
|
|upkeep
|
|t:|1660148238
|switch|p1a: Weavile|Weavile, F, shiny|100/100
|-ability|p1a: Weavile|Pressure
|turn|3
|
|t:|1660148240
|move|p1a: Weavile|Ice Shard|p2a: Garchomp
|-supereffective|p2a: Garchomp
|-enditem|p2a: Garchomp|Yache Berry|[eat]
|-enditem|p2a: Garchomp|Yache Berry|[weaken]
|-damage|p2a: Garchomp|10/100
|-damage|p1a: Weavile|91/100|[from] item: Life Orb
|move|p2a: Garchomp|Earthquake|p1a: Weavile
|-damage|p1a: Weavile|0 fnt
|faint|p1a: Weavile
|
|upkeep
|
|t:|1660148244
|switch|p1a: Crawdaunt|Crawdaunt, F, shiny|100/100
|turn|4
|
|t:|1660148246
|move|p1a: Crawdaunt|Aqua Jet|p2a: Garchomp
|-damage|p2a: Garchomp|0 fnt
|-damage|p1a: Crawdaunt|88/100|[from] ability: Rough Skin|[of] p2a: Garchomp
|faint|p2a: Garchomp
|-damage|p1a: Crawdaunt|78/100|[from] item: Life Orb
|
|upkeep
|j| fghnfghny
|j|+thankyou
|j| yop on the flux
|j| LT92PF Scottie
|j| ourghostingduties
|
|t:|1660148252
|switch|p2a: Kommo-o|Kommo-o, M|100/100
|-damage|p2a: Kommo-o|94/100|[from] Stealth Rock
|turn|5
|j| ivehadenoughshit
|l|+thankyou
|l| fghnfghny
|
|t:|1660148258
|move|p2a: Kommo-o|Clangorous Soul|p2a: Kommo-o
|-boost|p2a: Kommo-o|atk|1
|-boost|p2a: Kommo-o|def|1
|-boost|p2a: Kommo-o|spa|1
|-boost|p2a: Kommo-o|spd|1
|-boost|p2a: Kommo-o|spe|1
|-damage|p2a: Kommo-o|61/100
|-enditem|p2a: Kommo-o|Throat Spray
|-boost|p2a: Kommo-o|spa|1|[from] item: Throat Spray
|move|p1a: Crawdaunt|Knock Off|p2a: Kommo-o
|-resisted|p2a: Kommo-o
|-crit|p2a: Kommo-o
|-damage|p2a: Kommo-o|20/100
|-damage|p1a: Crawdaunt|69/100|[from] item: Life Orb
|
|upkeep
|turn|6
|
|t:|1660148269
|move|p1a: Crawdaunt|Aqua Jet|p2a: Kommo-o
|-resisted|p2a: Kommo-o
|-damage|p2a: Kommo-o|8/100
|-damage|p1a: Crawdaunt|59/100|[from] item: Life Orb
|move|p2a: Kommo-o|Boomburst|p1a: Crawdaunt
|-damage|p1a: Crawdaunt|0 fnt
|faint|p1a: Crawdaunt
|
|upkeep
|j| Enzonana
|
|t:|1660148271
|switch|p1a: Blacephalon|Blacephalon, shiny|100/100
|turn|7
|
|t:|1660148275
|move|p1a: Blacephalon|Flamethrower|p2a: Kommo-o
|-resisted|p2a: Kommo-o
|-damage|p2a: Kommo-o|0 fnt
|faint|p2a: Kommo-o
|-ability|p1a: Blacephalon|Beast Boost|boost
|-boost|p1a: Blacephalon|spa|1
|
|upkeep
|
|t:|1660148277
|switch|p2a: Gyarados|Gyarados, F|100/100
|-damage|p2a: Gyarados|76/100|[from] Stealth Rock
|turn|8
|
|t:|1660148289
|move|p1a: Blacephalon|Flamethrower|p2a: Gyarados
|-resisted|p2a: Gyarados
|-damage|p2a: Gyarados|30/100
|move|p2a: Gyarados|Waterfall|p1a: Blacephalon
|-supereffective|p1a: Blacephalon
|-damage|p1a: Blacephalon|0 fnt
|faint|p1a: Blacephalon
|-ability|p2a: Gyarados|Moxie|boost
|-boost|p2a: Gyarados|atk|1
|
|-heal|p2a: Gyarados|36/100|[from] item: Leftovers
|upkeep
|
|t:|1660148292
|switch|p1a: Garchomp|Garchomp, M, shiny|100/100
|turn|9
|
|t:|1660148295
|move|p1a: Garchomp|Scale Shot|p2a: Gyarados
|-damage|p2a: Gyarados|22/100
|-damage|p2a: Gyarados|6/100
|-damage|p2a: Gyarados|0 fnt
|faint|p2a: Gyarados
|-hitcount|p2: Gyarados|3
|-unboost|p1a: Garchomp|def|1
|-boost|p1a: Garchomp|spe|1
|
|upkeep
|
|t:|1660148299
|switch|p2a: Weavile|Weavile, M|100/100
|-damage|p2a: Weavile|76/100|[from] Stealth Rock
|-ability|p2a: Weavile|Pressure
|turn|10
|
|t:|1660148305
|move|p2a: Weavile|Ice Shard|p1a: Garchomp
|-supereffective|p1a: Garchomp
|-damage|p1a: Garchomp|0 fnt
|faint|p1a: Garchomp
|-damage|p2a: Weavile|66/100|[from] item: Life Orb
|
|upkeep
|
|t:|1660148308
|switch|p1a: Celesteela|Celesteela, shiny|100/100
|turn|11
|
|t:|1660148309
|move|p2a: Weavile|Knock Off|p1a: Celesteela
|-damage|p1a: Celesteela|32/100
|-enditem|p1a: Celesteela|Power Herb|[from] move: Knock Off|[of] p2a: Weavile
|-damage|p2a: Weavile|56/100|[from] item: Life Orb
|move|p1a: Celesteela|Autotomize|p1a: Celesteela
|-boost|p1a: Celesteela|spe|2
|-start|p1a: Celesteela|Autotomize
|
|upkeep
|turn|12
|
|t:|1660148313
|move|p2a: Weavile|Ice Shard|p1a: Celesteela
|-crit|p1a: Celesteela
|-damage|p1a: Celesteela|0 fnt
|faint|p1a: Celesteela
|-damage|p2a: Weavile|46/100|[from] item: Life Orb
|
|win|tolstoy
|raw|LT92PFMimikyuStarD's rating: 1957 &rarr; <strong>1928</strong><br />(-29 for losing)
|raw|tolstoy's rating: 1785 &rarr; <strong>1814</strong><br />(+29 for winning)
|l|☆LT92PFMimikyuStarD
|l|☆tolstoy
|l| Enzonana
|l| ivehadenoughshit
||Ladder isn't responding, score probably updated but might not have (Request timeout).
|j| FlyingMaster-Mew
|l| FlyingMaster-Mew
