|j|‽minimax_ai
|j|☆Hgfhhfghfff
|t:|1667713572
|gametype|singles
|player|p1|minimax_ai|169|1548
|player|p2|Hgfhhfghfff|266|1524
|teamsize|p1|6
|teamsize|p2|6
|gen|8
|tier|[Gen 8] OU
|rated|
|rule|Sleep Clause Mod: Limit one foe put to sleep
|rule|Species Clause: Limit one of each Pokémon
|rule|OHKO Clause: OHKO moves are banned
|rule|Evasion Items Clause: Evasion items are banned
|rule|Evasion Moves Clause: Evasion moves are banned
|rule|Endless Battle Clause: Forcing endless battles is banned
|rule|HP Percentage Mod: HP is shown in percentages
|rule|Dynamax Clause: You cannot dynamax
|clearpoke
|poke|p1|Rotom-Wash|
|poke|p1|Weavile, F|
|poke|p1|Landorus-Therian, M|
|poke|p1|Heatran, M|
|poke|p1|Tangrowth, M|
|poke|p1|Melmetal|
|poke|p2|Jirachi|
|poke|p2|Diancie|
|poke|p2|Keldeo|
|poke|p2|Rillaboom, F|
|poke|p2|Cobalion|
|poke|p2|Landorus-Therian, M|
|teampreview
|
|t:|1667713576
|start
|switch|p1a: Melmetal|Melmetal|100/100
|switch|p2a: Cobalion|Cobalion|100/100
|turn|1
|inactive|Battle timer is ON: inactive players will automatically lose when time's up. (requested by minimax_ai)
|
|t:|1667713582
|move|p2a: Cobalion|Magnet Rise|p2a: Cobalion
|-start|p2a: Cobalion|Magnet Rise
|move|p1a: Melmetal|Earthquake|p2a: Cobalion
|-immune|p2a: Cobalion
|
|upkeep
|turn|2
|
|t:|1667713587
|move|p2a: Cobalion|Stealth Rock|p1a: Melmetal
|-sidestart|p1: minimax_ai|move: Stealth Rock
|move|p1a: Melmetal|Thunder Punch|p2a: Cobalion
|-damage|p2a: Cobalion|77/100
|
|-heal|p2a: Cobalion|84/100|[from] item: Leftovers
|upkeep
|turn|3
|
|t:|1667713593
|move|p2a: Cobalion|Close Combat|p1a: Melmetal
|-supereffective|p1a: Melmetal
|-damage|p1a: Melmetal|58/100
|-unboost|p2a: Cobalion|def|1
|-unboost|p2a: Cobalion|spd|1
|move|p1a: Melmetal|Double Iron Bash|p2a: Cobalion
|-resisted|p2a: Cobalion
|-crit|p2a: Cobalion
|-damage|p2a: Cobalion|51/100
|-resisted|p2a: Cobalion
|-damage|p2a: Cobalion|28/100
|-hitcount|p2a: Cobalion|2
|
|-heal|p2a: Cobalion|34/100|[from] item: Leftovers
|upkeep
|turn|4
|
|t:|1667713604
|switch|p2a: Landorus|Landorus-Therian, M|100/100
|-ability|p2a: Landorus|Intimidate|boost
|-unboost|p1a: Melmetal|atk|1
|move|p1a: Melmetal|Double Iron Bash|p2a: Landorus
|-damage|p2a: Landorus|71/100
|-damage|p2a: Landorus|42/100
|-hitcount|p2a: Landorus|2
|
|upkeep
|turn|5
|
|t:|1667713613
|switch|p1a: Tangrowth|Tangrowth, M|100/100
|-damage|p1a: Tangrowth|88/100|[from] Stealth Rock
|move|p2a: Landorus|Smack Down|p1a: Tangrowth
|-damage|p1a: Tangrowth|77/100
|
|upkeep
|turn|6
|-message|Hgfhhfghfff forfeited.
|
|win|minimax_ai
|raw|minimax_ai's rating: 1548 &rarr; <strong>1567</strong><br />(+19 for winning)
|raw|Hgfhhfghfff's rating: 1524 &rarr; <strong>1505</strong><br />(-19 for losing)
|l|☆Hgfhhfghfff
