|raw|<div class="broadcast-blue"><strong>This battle is required to be public due to a player having a name starting with 'lt84jm'.</div>
|j|☆2222mm
|j|☆LT84JM Asta
|t:|1627542359
|gametype|singles
|player|p1|2222mm|169|1672
|player|p2|LT84JM Asta|ethan|1729
|teamsize|p1|6
|teamsize|p2|6
|gen|8
|tier|[Gen 8] OU
|rated|
|rule|Sleep Clause Mod: Limit one foe put to sleep
|rule|Species Clause: Limit one of each Pokémon
|rule|OHKO Clause: OHKO moves are banned
|rule|Evasion Moves Clause: Evasion moves are banned
|rule|Endless Battle Clause: Forcing endless battles is banned
|rule|HP Percentage Mod: HP is shown in percentages
|rule|Dynamax Clause: You cannot dynamax
|clearpoke
|poke|p1|Melmetal|
|poke|p1|Hatterene, F|
|poke|p1|Marowak-Alola, F|
|poke|p1|Glastrier|
|poke|p1|Porygon2|
|poke|p1|Cresselia, F|
|poke|p2|Tapu Lele|
|poke|p2|Urshifu-*, F|
|poke|p2|Weavile, M|
|poke|p2|Corviknight, M|
|poke|p2|Garchomp, M|
|poke|p2|Toxapex, M|
|teampreview
|inactive|Battle timer is ON: inactive players will automatically lose when time's up. (requested by LT84JM Asta)
|
|t:|1627542377
|start
|switch|p1a: Hatterene|Hatterene, F|100/100
|switch|p2a: Toxapex|Toxapex, M|100/100
|turn|1
|j| Deep Sea Hunter
|
|t:|1627542379
|move|p2a: Toxapex|Poison Jab|p1a: Hatterene
|-supereffective|p1a: Hatterene
|-damage|p1a: Hatterene|61/100
|move|p1a: Hatterene|Psychic|p2a: Toxapex
|-supereffective|p2a: Toxapex
|-damage|p2a: Toxapex|37/100
|-enditem|p2a: Toxapex|Eject Button
|
|t:|1627542384
|switch|p2a: Urshifu|Urshifu-Rapid-Strike, F|100/100
|
|upkeep
|turn|2
|
|t:|1627542390
|move|p2a: Urshifu|U-turn|p1a: Hatterene
|-damage|p1a: Hatterene|39/100
|j| No hf
|
|t:|1627542393
|switch|p2a: Corviknight|Corviknight, M|100/100|[from]move: U-turn
|-ability|p2a: Corviknight|Pressure
|move|p1a: Hatterene|Trick Room|p1a: Hatterene
|-fieldstart|move: Trick Room|[of] p1a: Hatterene
|
|upkeep
|turn|3
|
|t:|1627542403
|switch|p2a: Garchomp|Garchomp, M|100/100
|move|p1a: Hatterene|Healing Wish|p1a: Hatterene
|faint|p1a: Hatterene
|
|upkeep
|
|t:|1627542410
|switch|p1a: Glastrier|Glastrier|100/100
|turn|4
|
|t:|1627542415
|move|p2a: Garchomp|Protect|p2a: Garchomp
|-singleturn|p2a: Garchomp|Protect
|move|p1a: Glastrier|Swords Dance|p1a: Glastrier
|-boost|p1a: Glastrier|atk|2
|
|upkeep
|turn|5
|
|t:|1627542421
|switch|p2a: Toxapex|Toxapex, M|71/100
|move|p1a: Glastrier|Icicle Spear|p2a: Toxapex
|-resisted|p2a: Toxapex
|-crit|p2a: Toxapex
|-damage|p2a: Toxapex|50/100
|-resisted|p2a: Toxapex
|-damage|p2a: Toxapex|36/100
|-hitcount|p2a: Toxapex|2
|
|upkeep
|turn|6
|
|t:|1627542426
|switch|p2a: Corviknight|Corviknight, M|100/100
|-ability|p2a: Corviknight|Pressure
|move|p1a: Glastrier|High Horsepower|p2a: Corviknight
|-immune|p2a: Corviknight
|
|-fieldend|move: Trick Room
|upkeep
|turn|7
|
|t:|1627542428
|move|p2a: Corviknight|Body Press|p1a: Glastrier
|-supereffective|p1a: Glastrier
|-damage|p1a: Glastrier|64/100
|move|p1a: Glastrier|Icicle Spear|p2a: Corviknight
|-damage|p2a: Corviknight|79/100
|-damage|p2a: Corviknight|60/100
|-hitcount|p2a: Corviknight|2
|
|-heal|p2a: Corviknight|66/100|[from] item: Leftovers
|upkeep
|turn|8
|
|t:|1627542432
|move|p2a: Corviknight|Roost|p2a: Corviknight
|-heal|p2a: Corviknight|100/100
|-singleturn|p2a: Corviknight|move: Roost
|move|p1a: Glastrier|Icicle Spear|p2a: Corviknight
|-resisted|p2a: Corviknight
|-damage|p2a: Corviknight|90/100
|-resisted|p2a: Corviknight
|-damage|p2a: Corviknight|81/100
|-resisted|p2a: Corviknight
|-damage|p2a: Corviknight|70/100
|-resisted|p2a: Corviknight
|-damage|p2a: Corviknight|60/100
|-hitcount|p2a: Corviknight|4
|
|-heal|p2a: Corviknight|67/100|[from] item: Leftovers
|upkeep
|turn|9
|
|t:|1627542436
|move|p2a: Corviknight|Body Press|p1a: Glastrier
|-supereffective|p1a: Glastrier
|-damage|p1a: Glastrier|29/100
|move|p1a: Glastrier|Close Combat|p2a: Corviknight
|-damage|p2a: Corviknight|1/100
|-unboost|p1a: Glastrier|def|1
|-unboost|p1a: Glastrier|spd|1
|
|-heal|p2a: Corviknight|7/100|[from] item: Leftovers
|upkeep
|turn|10
|
|t:|1627542440
|switch|p1a: Marowak|Marowak-Alola, F|100/100
|move|p2a: Corviknight|Body Press|p1a: Marowak
|-immune|p1a: Marowak
|
|-heal|p2a: Corviknight|13/100|[from] item: Leftovers
|upkeep
|turn|11
|
|t:|1627542452
|move|p2a: Corviknight|Roost|p2a: Corviknight
|-heal|p2a: Corviknight|63/100
|-singleturn|p2a: Corviknight|move: Roost
|move|p1a: Marowak|Poltergeist|p2a: Corviknight|[miss]
|-miss|p1a: Marowak|p2a: Corviknight
|
|-heal|p2a: Corviknight|69/100|[from] item: Leftovers
|upkeep
|turn|12
|
|t:|1627542462
|move|p2a: Corviknight|U-turn|p1a: Marowak
|-resisted|p1a: Marowak
|-damage|p1a: Marowak|97/100
|
|t:|1627542465
|switch|p2a: Toxapex|Toxapex, M|69/100|[from]move: U-turn
|move|p1a: Marowak|Swords Dance|p1a: Marowak
|-boost|p1a: Marowak|atk|2
|
|upkeep
|turn|13
|
|t:|1627542469
|move|p2a: Toxapex|Knock Off|p1a: Marowak
|-supereffective|p1a: Marowak
|-damage|p1a: Marowak|69/100
|-enditem|p1a: Marowak|Thick Club|[from] move: Knock Off|[of] p2a: Toxapex
|move|p1a: Marowak|Poltergeist||[still]
|-fail|p1a: Marowak
|
|upkeep
|turn|14
|
|t:|1627542474
|move|p2a: Toxapex|Knock Off|p1a: Marowak
|-supereffective|p1a: Marowak
|-damage|p1a: Marowak|50/100
|move|p1a: Marowak|Bonemerang|p2a: Toxapex
|-supereffective|p2a: Toxapex
|-damage|p2a: Toxapex|30/100
|-supereffective|p2a: Toxapex
|-damage|p2a: Toxapex|0 fnt
|faint|p2a: Toxapex
|-hitcount|p2: Toxapex|2
|
|upkeep
|
|t:|1627542478
|switch|p2a: Weavile|Weavile, M|100/100
|-ability|p2a: Weavile|Pressure
|turn|15
|
|t:|1627542480
|move|p2a: Weavile|Knock Off|p1a: Marowak
|-supereffective|p1a: Marowak
|-damage|p1a: Marowak|0 fnt
|faint|p1a: Marowak
|
|upkeep
|
|t:|1627542483
|switch|p1a: Melmetal|Melmetal|100/100
|turn|16
|
|t:|1627542488
|move|p2a: Weavile|Knock Off|p1a: Melmetal
|-damage|p1a: Melmetal|73/100
|-enditem|p1a: Melmetal|Choice Band|[from] move: Knock Off|[of] p2a: Weavile
|move|p1a: Melmetal|Double Iron Bash|p2a: Weavile
|-supereffective|p2a: Weavile
|-damage|p2a: Weavile|0 fnt
|faint|p2a: Weavile
|-hitcount|p2: Weavile|1
|
|upkeep
|
|t:|1627542495
|switch|p2a: Garchomp|Garchomp, M|100/100
|turn|17
|
|t:|1627542499
|switch|p1a: Porygon2|Porygon2|100/100
|-ability|p1a: Porygon2|Download|boost
|-boost|p1a: Porygon2|spa|1
|move|p2a: Garchomp|Stealth Rock|p1a: Porygon2
|-sidestart|p1: 2222mm|move: Stealth Rock
|
|upkeep
|turn|18
|
|t:|1627542504
|move|p2a: Garchomp|Toxic|p1a: Porygon2
|-status|p1a: Porygon2|tox
|move|p1a: Porygon2|Ice Beam|p2a: Garchomp
|-supereffective|p2a: Garchomp
|-damage|p2a: Garchomp|0 fnt
|faint|p2a: Garchomp
|
|-damage|p1a: Porygon2|94/100 tox|[from] psn
|upkeep
|
|t:|1627542508
|switch|p2a: Tapu Lele|Tapu Lele|100/100
|-fieldstart|move: Psychic Terrain|[from] ability: Psychic Surge|[of] p2a: Tapu Lele
|turn|19
|
|t:|1627542513
|move|p2a: Tapu Lele|Psychic|p1a: Porygon2
|-damage|p1a: Porygon2|56/100 tox
|-unboost|p1a: Porygon2|spd|1
|move|p1a: Porygon2|Trick Room|p1a: Porygon2
|-fieldstart|move: Trick Room|[of] p1a: Porygon2
|
|-damage|p1a: Porygon2|43/100 tox|[from] psn
|upkeep
|turn|20
|
|t:|1627542516
|switch|p1a: Melmetal|Melmetal|73/100
|-heal|p1a: Melmetal|100/100|[from] move: Healing Wish
|-damage|p1a: Melmetal|94/100|[from] Stealth Rock
|move|p2a: Tapu Lele|Psychic|p1a: Melmetal
|-resisted|p1a: Melmetal
|-damage|p1a: Melmetal|62/100
|
|upkeep
|turn|21
|
|t:|1627542520
|move|p1a: Melmetal|Double Iron Bash|p2a: Tapu Lele
|-supereffective|p2a: Tapu Lele
|-damage|p2a: Tapu Lele|0 fnt
|faint|p2a: Tapu Lele
|-hitcount|p2: Tapu Lele|1
|
|upkeep
|
|t:|1627542532
|switch|p2a: Corviknight|Corviknight, M|69/100
|-ability|p2a: Corviknight|Pressure
|turn|22
|
|t:|1627542544
|move|p1a: Melmetal|Thunder Punch|p2a: Corviknight
|-supereffective|p2a: Corviknight
|-damage|p2a: Corviknight|22/100
|move|p2a: Corviknight|Roost|p2a: Corviknight
|-heal|p2a: Corviknight|72/100
|-singleturn|p2a: Corviknight|move: Roost
|
|-heal|p2a: Corviknight|79/100|[from] item: Leftovers
|upkeep
|turn|23
|
|t:|1627542550
|move|p1a: Melmetal|Thunder Punch|p2a: Corviknight
|-supereffective|p2a: Corviknight
|-damage|p2a: Corviknight|36/100
|move|p2a: Corviknight|Body Press|p1a: Melmetal
|-supereffective|p1a: Melmetal
|-damage|p1a: Melmetal|35/100
|
|-heal|p2a: Corviknight|42/100|[from] item: Leftovers
|-fieldend|move: Trick Room
|-fieldend|move: Psychic Terrain
|upkeep
|turn|24
|
|t:|1627542565
|switch|p1a: Cresselia|Cresselia, F|100/100
|-damage|p1a: Cresselia|88/100|[from] Stealth Rock
|move|p2a: Corviknight|Roost|p2a: Corviknight
|-heal|p2a: Corviknight|92/100
|-singleturn|p2a: Corviknight|move: Roost
|
|-heal|p2a: Corviknight|99/100|[from] item: Leftovers
|upkeep
|turn|25
|
|t:|1627542569
|move|p2a: Corviknight|U-turn|p1a: Cresselia
|-supereffective|p1a: Cresselia
|-damage|p1a: Cresselia|71/100
|
|t:|1627542570
|switch|p2a: Urshifu|Urshifu-Rapid-Strike, F|100/100|[from]move: U-turn
|move|p1a: Cresselia|Trick Room|p1a: Cresselia
|-fieldstart|move: Trick Room|[of] p1a: Cresselia
|
|upkeep
|turn|26
|
|t:|1627542576
|switch|p1a: Glastrier|Glastrier|29/100
|-damage|p1a: Glastrier|4/100|[from] Stealth Rock
|switch|p2a: Corviknight|Corviknight, M|99/100
|-ability|p2a: Corviknight|Pressure
|
|-heal|p2a: Corviknight|100/100|[from] item: Leftovers
|upkeep
|turn|27
|
|t:|1627542588
|move|p1a: Glastrier|Swords Dance|p1a: Glastrier
|-boost|p1a: Glastrier|atk|2
|move|p2a: Corviknight|U-turn|p1a: Glastrier
|-damage|p1a: Glastrier|0 fnt
|faint|p1a: Glastrier
|
|t:|1627542590
|switch|p2a: Urshifu|Urshifu-Rapid-Strike, F|100/100|[from]move: U-turn
|
|upkeep
|
|t:|1627542592
|switch|p1a: Porygon2|Porygon2|43/100 tox
|-damage|p1a: Porygon2|31/100 tox|[from] Stealth Rock
|-ability|p1a: Porygon2|Download|boost
|-boost|p1a: Porygon2|spa|1
|turn|28
|
|t:|1627542599
|move|p1a: Porygon2|Thunderbolt|p2a: Urshifu
|-supereffective|p2a: Urshifu
|-damage|p2a: Urshifu|0 fnt
|faint|p2a: Urshifu
|
|-damage|p1a: Porygon2|25/100 tox|[from] psn
|upkeep
|
|t:|1627542601
|switch|p2a: Corviknight|Corviknight, M|100/100
|-ability|p2a: Corviknight|Pressure
|turn|29
|
|t:|1627542606
|switch|p1a: Melmetal|Melmetal|35/100
|-damage|p1a: Melmetal|29/100|[from] Stealth Rock
|move|p2a: Corviknight|Body Press|p1a: Melmetal
|-supereffective|p1a: Melmetal
|-damage|p1a: Melmetal|3/100
|
|-fieldend|move: Trick Room
|upkeep
|turn|30
|
|t:|1627542610
|move|p2a: Corviknight|Body Press|p1a: Melmetal
|-supereffective|p1a: Melmetal
|-damage|p1a: Melmetal|0 fnt
|faint|p1a: Melmetal
|
|upkeep
|
|t:|1627542614
|switch|p1a: Cresselia|Cresselia, F|71/100
|-damage|p1a: Cresselia|59/100|[from] Stealth Rock
|turn|31
|
|t:|1627542616
|move|p2a: Corviknight|U-turn|p1a: Cresselia
|-supereffective|p1a: Cresselia
|-damage|p1a: Cresselia|43/100
|move|p1a: Cresselia|Trick Room|p1a: Cresselia
|-fieldstart|move: Trick Room|[of] p1a: Cresselia
|
|upkeep
|turn|32
|
|t:|1627542622
|move|p1a: Cresselia|Lunar Dance|p1a: Cresselia
|faint|p1a: Cresselia
|move|p2a: Corviknight|Body Press|p1: Cresselia|[notarget]
|-fail|p2a: Corviknight
|
|upkeep
|
|t:|1627542624
|switch|p1a: Porygon2|Porygon2|25/100 tox
|-heal|p1a: Porygon2|100/100|[from] move: Lunar Dance
|-damage|p1a: Porygon2|88/100|[from] Stealth Rock
|-ability|p1a: Porygon2|Download|boost
|-boost|p1a: Porygon2|spa|1
|turn|33
|
|t:|1627542627
|move|p1a: Porygon2|Thunderbolt|p2a: Corviknight
|-supereffective|p2a: Corviknight
|-damage|p2a: Corviknight|19/100
|move|p2a: Corviknight|Roost|p2a: Corviknight
|-heal|p2a: Corviknight|69/100
|-singleturn|p2a: Corviknight|move: Roost
|
|-heal|p2a: Corviknight|76/100|[from] item: Leftovers
|upkeep
|turn|34
|
|t:|1627542630
|move|p1a: Porygon2|Thunderbolt|p2a: Corviknight
|-supereffective|p2a: Corviknight
|-damage|p2a: Corviknight|0 fnt
|faint|p2a: Corviknight
|
|win|2222mm
|raw|2222mm's rating: 1672 &rarr; <strong>1695</strong><br />(+23 for winning)
|raw|LT84JM Asta's rating: 1729 &rarr; <strong>1706</strong><br />(-23 for losing)
|l|☆LT84JM Asta
|l| Deep Sea Hunter
|l|☆2222mm
|j|☆2222mm
|player|p1|2222mm|169
|j| Deep Sea Hunter
