|j|☆Chikami
|j|☆lil tofa
|t:|1631888309
|gametype|singles
|player|p1|Chikami|ethan|1622
|player|p2|lil tofa|ethan|1625
|teamsize|p1|6
|teamsize|p2|6
|gen|8
|tier|[Gen 8] OU
|rated|
|rule|Sleep Clause Mod: Limit one foe put to sleep
|rule|Species Clause: Limit one of each Pokémon
|rule|OHKO Clause: OHKO moves are banned
|rule|Evasion Moves Clause: Evasion moves are banned
|rule|Endless Battle Clause: Forcing endless battles is banned
|rule|HP Percentage Mod: HP is shown in percentages
|rule|Dynamax Clause: You cannot dynamax
|clearpoke
|poke|p1|Mew|
|poke|p1|Ninetales-Alola, F|
|poke|p1|Garchomp, M|
|poke|p1|Magnezone|
|poke|p1|Urshifu-*, F|
|poke|p1|Kartana|
|poke|p2|Mamoswine, F|
|poke|p2|Magnezone|
|poke|p2|Slowking, F|
|poke|p2|Buzzwole|
|poke|p2|Tapu Fini|
|poke|p2|Mandibuzz, F|
|teampreview
|inactive|Battle timer is ON: inactive players will automatically lose when time's up. (requested by lil tofa)
|j| Prof. Kleinholz
|inactive|lil tofa has 120 seconds left.
|
|t:|1631888339
|start
|switch|p1a: Mew|Mew|100/100
|switch|p2a: Tapu Fini|Tapu Fini|100/100
|-fieldstart|move: Misty Terrain|[from] ability: Misty Surge|[of] p2a: Tapu Fini
|turn|1
|
|t:|1631888363
|move|p2a: Tapu Fini|Taunt|p1a: Mew
|-start|p1a: Mew|move: Taunt
|move|p1a: Mew|Knock Off|p2a: Tapu Fini
|-resisted|p2a: Tapu Fini
|-damage|p2a: Tapu Fini|89/100
|-enditem|p2a: Tapu Fini|Choice Scarf|[from] move: Knock Off|[of] p1a: Mew
|
|upkeep
|turn|2
|
|t:|1631888382
|switch|p1a: Ninetales|Ninetales-Alola, F|100/100
|-weather|Hail|[from] ability: Snow Warning|[of] p1a: Ninetales
|move|p2a: Tapu Fini|Moonblast|p1a: Ninetales
|-damage|p1a: Ninetales|61/100
|
|-weather|Hail|[upkeep]
|-damage|p2a: Tapu Fini|83/100|[from] Hail
|upkeep
|turn|3
|
|t:|1631888407
|switch|p2a: Magnezone|Magnezone|100/100
|move|p1a: Ninetales|Aurora Veil|p1a: Ninetales
|-sidestart|p1: Chikami|move: Aurora Veil
|
|-weather|Hail|[upkeep]
|-damage|p2a: Magnezone|94/100|[from] Hail
|upkeep
|turn|4
|
|t:|1631888416
|switch|p1a: Mew|Mew|100/100
|move|p2a: Magnezone|Flash Cannon|p1a: Mew
|-damage|p1a: Mew|83/100
|-enditem|p1a: Mew|Red Card|[of] p2a: Magnezone
|drag|p2a: Mandibuzz|Mandibuzz, F|100/100
|
|-weather|Hail|[upkeep]
|-damage|p1a: Mew|77/100|[from] Hail
|upkeep
|turn|5
|
|t:|1631888425
|move|p1a: Mew|Stealth Rock|p2a: Mandibuzz
|-sidestart|p2: lil tofa|move: Stealth Rock
|move|p2a: Mandibuzz|Defog|p1a: Mew
|-unboost|p1a: Mew|evasion|1
|-sideend|p1: Chikami|move: Aurora Veil
|-sideend|p2: lil tofa|Stealth Rock|[from] move: Defog|[of] p2a: Mandibuzz
|-fieldend|Misty Terrain
|
|-weather|Hail|[upkeep]
|-damage|p1a: Mew|71/100|[from] Hail
|upkeep
|turn|6
|
|t:|1631888453
|move|p1a: Mew|Stealth Rock|p2a: Mandibuzz
|-sidestart|p2: lil tofa|move: Stealth Rock
|move|p2a: Mandibuzz|Toxic|p1a: Mew
|-status|p1a: Mew|tox
|-activate|p1a: Mew|ability: Synchronize
|-status|p2a: Mandibuzz|tox
|
|-weather|none
|-damage|p1a: Mew|65/100 tox|[from] psn
|-damage|p2a: Mandibuzz|94/100 tox|[from] psn
|upkeep
|turn|7
|l| Prof. Kleinholz
|
|t:|1631888459
|move|p1a: Mew|Knock Off|p2a: Mandibuzz
|-resisted|p2a: Mandibuzz
|-damage|p2a: Mandibuzz|86/100 tox
|-enditem|p2a: Mandibuzz|Heavy-Duty Boots|[from] move: Knock Off|[of] p1a: Mew
|move|p2a: Mandibuzz|Defog|p1a: Mew
|-unboost|p1a: Mew|evasion|1
|-sideend|p2: lil tofa|Stealth Rock|[from] move: Defog|[of] p2a: Mandibuzz
|
|-damage|p1a: Mew|52/100 tox|[from] psn
|-damage|p2a: Mandibuzz|74/100 tox|[from] psn
|upkeep
|turn|8
|
|t:|1631888467
|move|p1a: Mew|Stealth Rock|p2a: Mandibuzz
|-sidestart|p2: lil tofa|move: Stealth Rock
|move|p2a: Mandibuzz|Foul Play|p1a: Mew
|-supereffective|p1a: Mew
|-damage|p1a: Mew|0 fnt
|faint|p1a: Mew
|
|-damage|p2a: Mandibuzz|55/100 tox|[from] psn
|upkeep
|
|t:|1631888478
|switch|p1a: Urshifu|Urshifu-Rapid-Strike, F|100/100
|turn|9
|
|t:|1631888492
|move|p1a: Urshifu|Surging Strikes|p2a: Mandibuzz
|-crit|p2a: Mandibuzz
|-damage|p2a: Mandibuzz|33/100 tox
|-crit|p2a: Mandibuzz
|-damage|p2a: Mandibuzz|10/100 tox
|-crit|p2a: Mandibuzz
|-damage|p2a: Mandibuzz|0 fnt
|faint|p2a: Mandibuzz
|-hitcount|p2: Mandibuzz|3
|
|upkeep
|
|t:|1631888496
|switch|p2a: Slowking|Slowking, F|100/100
|turn|10
|
|t:|1631888505
|switch|p1a: Ninetales|Ninetales-Alola, F|61/100
|-weather|Hail|[from] ability: Snow Warning|[of] p1a: Ninetales
|move|p2a: Slowking|Scald|p1a: Ninetales
|-damage|p1a: Ninetales|33/100
|-status|p1a: Ninetales|brn
|
|-weather|Hail|[upkeep]
|-damage|p2a: Slowking|94/100|[from] Hail
|-damage|p1a: Ninetales|27/100 brn|[from] brn
|upkeep
|turn|11
|
|t:|1631888514
|move|p1a: Ninetales|Aurora Veil|p1a: Ninetales
|-sidestart|p1: Chikami|move: Aurora Veil
|move|p2a: Slowking|Teleport|p2a: Slowking
|
|t:|1631888517
|switch|p2a: Mamoswine|Mamoswine, F|100/100|[from]move: Teleport
|-damage|p2a: Mamoswine|88/100|[from] Stealth Rock
|
|-weather|Hail|[upkeep]
|-heal|p2a: Mamoswine|94/100|[from] item: Leftovers
|-damage|p1a: Ninetales|21/100 brn|[from] brn
|upkeep
|turn|12
|
|t:|1631888526
|move|p1a: Ninetales|Freeze-Dry|p2a: Mamoswine
|-damage|p2a: Mamoswine|82/100
|move|p2a: Mamoswine|Substitute|p2a: Mamoswine
|-start|p2a: Mamoswine|Substitute
|-damage|p2a: Mamoswine|57/100
|
|-weather|Hail|[upkeep]
|-heal|p2a: Mamoswine|63/100|[from] item: Leftovers
|-damage|p1a: Ninetales|15/100 brn|[from] brn
|upkeep
|turn|13
|
|t:|1631888535
|move|p1a: Ninetales|Encore|p2a: Mamoswine
|-start|p2a: Mamoswine|Encore
|move|p2a: Mamoswine|Substitute|p2a: Mamoswine
|-fail|p2a: Mamoswine|move: Substitute
|
|-weather|Hail|[upkeep]
|-heal|p2a: Mamoswine|70/100|[from] item: Leftovers
|-damage|p1a: Ninetales|9/100 brn|[from] brn
|upkeep
|turn|14
|
|t:|1631888547
|switch|p1a: Urshifu|Urshifu-Rapid-Strike, F|100/100
|move|p2a: Mamoswine|Substitute|p2a: Mamoswine
|-fail|p2a: Mamoswine|move: Substitute
|
|-weather|none
|-heal|p2a: Mamoswine|76/100|[from] item: Leftovers
|upkeep
|turn|15
|
|t:|1631888553
|switch|p2a: Slowking|Slowking, F|100/100
|move|p1a: Urshifu|Surging Strikes|p2a: Slowking
|-resisted|p2a: Slowking
|-crit|p2a: Slowking
|-damage|p2a: Slowking|85/100
|-resisted|p2a: Slowking
|-crit|p2a: Slowking
|-damage|p2a: Slowking|69/100
|-resisted|p2a: Slowking
|-crit|p2a: Slowking
|-damage|p2a: Slowking|54/100
|-hitcount|p2a: Slowking|3
|
|upkeep
|turn|16
|
|t:|1631888567
|switch|p1a: Magnezone|Magnezone|100/100
|move|p2a: Slowking|Slack Off|p2a: Slowking
|-heal|p2a: Slowking|100/100
|
|upkeep
|turn|17
|
|t:|1631888581
|move|p1a: Magnezone|Volt Switch|p2a: Slowking
|-supereffective|p2a: Slowking
|-damage|p2a: Slowking|26/100
|
|t:|1631888591
|switch|p1a: Urshifu|Urshifu-Rapid-Strike, F|100/100|[from]move: Volt Switch
|move|p2a: Slowking|Teleport|p2a: Slowking
|
|t:|1631888596
|switch|p2a: Buzzwole|Buzzwole|100/100|[from]move: Teleport
|-damage|p2a: Buzzwole|88/100|[from] Stealth Rock
|
|upkeep
|turn|18
|
|t:|1631888603
|move|p1a: Urshifu|Surging Strikes|p2a: Buzzwole
|-crit|p2a: Buzzwole
|-damage|p2a: Buzzwole|69/100
|-damage|p1a: Urshifu|84/100|[from] item: Rocky Helmet|[of] p2a: Buzzwole
|-crit|p2a: Buzzwole
|-damage|p2a: Buzzwole|52/100
|-damage|p1a: Urshifu|68/100|[from] item: Rocky Helmet|[of] p2a: Buzzwole
|-crit|p2a: Buzzwole
|-damage|p2a: Buzzwole|35/100
|-damage|p1a: Urshifu|51/100|[from] item: Rocky Helmet|[of] p2a: Buzzwole
|-hitcount|p2a: Buzzwole|3
|move|p2a: Buzzwole|Roost|p2a: Buzzwole
|-heal|p2a: Buzzwole|85/100
|-singleturn|p2a: Buzzwole|move: Roost
|
|-sideend|p1: Chikami|move: Aurora Veil
|upkeep
|turn|19
|
|t:|1631888617
|switch|p1a: Ninetales|Ninetales-Alola, F|9/100 brn
|-weather|Hail|[from] ability: Snow Warning|[of] p1a: Ninetales
|move|p2a: Buzzwole|Leech Life|p1a: Ninetales
|-resisted|p1a: Ninetales
|-damage|p1a: Ninetales|0 fnt
|-heal|p2a: Buzzwole|89/100|[from] drain|[of] p1a: Ninetales
|faint|p1a: Ninetales
|-ability|p2a: Buzzwole|Beast Boost|boost
|-boost|p2a: Buzzwole|atk|1
|
|-weather|Hail|[upkeep]
|-damage|p2a: Buzzwole|83/100|[from] Hail
|upkeep
|
|t:|1631888646
|switch|p1a: Garchomp|Garchomp, M|100/100
|turn|20
|
|t:|1631888665
|move|p1a: Garchomp|Fire Fang|p2a: Buzzwole
|-supereffective|p2a: Buzzwole
|-damage|p2a: Buzzwole|56/100
|-damage|p1a: Garchomp|84/100|[from] item: Rocky Helmet|[of] p2a: Buzzwole
|move|p2a: Buzzwole|Ice Punch|p1a: Garchomp
|-supereffective|p1a: Garchomp
|-crit|p1a: Garchomp
|-damage|p1a: Garchomp|0 fnt
|-damage|p2a: Buzzwole|43/100|[from] ability: Rough Skin|[of] p1a: Garchomp
|faint|p1a: Garchomp
|-ability|p2a: Buzzwole|Beast Boost|boost
|-boost|p2a: Buzzwole|atk|1
|
|-weather|Hail|[upkeep]
|-damage|p2a: Buzzwole|37/100|[from] Hail
|upkeep
|
|t:|1631888677
|switch|p1a: Urshifu|Urshifu-Rapid-Strike, F|51/100
|turn|21
|
|t:|1631888681
|switch|p2a: Slowking|Slowking, F|59/100
|move|p1a: Urshifu|Surging Strikes|p2a: Slowking
|-resisted|p2a: Slowking
|-crit|p2a: Slowking
|-damage|p2a: Slowking|42/100
|-resisted|p2a: Slowking
|-crit|p2a: Slowking
|-damage|p2a: Slowking|28/100
|-resisted|p2a: Slowking
|-crit|p2a: Slowking
|-damage|p2a: Slowking|13/100
|-hitcount|p2a: Slowking|3
|
|-weather|Hail|[upkeep]
|-damage|p1a: Urshifu|45/100|[from] Hail
|-damage|p2a: Slowking|7/100|[from] Hail
|upkeep
|turn|22
|inactive|lil tofa has 120 seconds left.
|
|t:|1631888737
|move|p1a: Urshifu|Surging Strikes|p2a: Slowking
|-resisted|p2a: Slowking
|-crit|p2a: Slowking
|-damage|p2a: Slowking|0 fnt
|faint|p2a: Slowking
|-hitcount|p2: Slowking|1
|
|-weather|Hail|[upkeep]
|-damage|p1a: Urshifu|39/100|[from] Hail
|upkeep
|
|t:|1631888739
|switch|p2a: Tapu Fini|Tapu Fini|83/100
|-damage|p2a: Tapu Fini|70/100|[from] Stealth Rock
|-fieldstart|move: Misty Terrain|[from] ability: Misty Surge|[of] p2a: Tapu Fini
|turn|23
|
|t:|1631888753
|switch|p1a: Magnezone|Magnezone|100/100
|move|p2a: Tapu Fini|Moonblast|p1a: Magnezone
|-resisted|p1a: Magnezone
|-damage|p1a: Magnezone|77/100
|
|-weather|none
|upkeep
|turn|24
|j| getknockedoff
|
|t:|1631888781
|move|p2a: Tapu Fini|Hydro Pump|p1a: Magnezone
|-damage|p1a: Magnezone|28/100
|move|p1a: Magnezone|Flash Cannon|p2a: Tapu Fini
|-damage|p2a: Tapu Fini|1/100
|
|upkeep
|turn|25
|
|t:|1631888789
|move|p2a: Tapu Fini|Moonblast|p1a: Magnezone
|-resisted|p1a: Magnezone
|-damage|p1a: Magnezone|5/100
|-unboost|p1a: Magnezone|spa|1
|move|p1a: Magnezone|Flash Cannon|p2a: Tapu Fini
|-crit|p2a: Tapu Fini
|-damage|p2a: Tapu Fini|0 fnt
|faint|p2a: Tapu Fini
|
|upkeep
|inactive|lil tofa has 90 seconds left.
|
|t:|1631888806
|switch|p2a: Magnezone|Magnezone|94/100
|-damage|p2a: Magnezone|88/100|[from] Stealth Rock
|turn|26
|
|t:|1631888811
|move|p2a: Magnezone|Iron Defense|p2a: Magnezone
|-boost|p2a: Magnezone|def|2
|move|p1a: Magnezone|Flash Cannon|p2a: Magnezone
|-resisted|p2a: Magnezone
|-damage|p2a: Magnezone|75/100
|
|upkeep
|turn|27
|
|t:|1631888820
|move|p2a: Magnezone|Body Press|p1a: Magnezone
|-supereffective|p1a: Magnezone
|-damage|p1a: Magnezone|0 fnt
|faint|p1a: Magnezone
|
|-fieldend|Misty Terrain
|upkeep
|j| dovoifnido
|
|t:|1631888827
|switch|p1a: Urshifu|Urshifu-Rapid-Strike, F|39/100
|turn|28
|
|t:|1631888831
|move|p1a: Urshifu|Surging Strikes|p2a: Magnezone
|-crit|p2a: Magnezone
|-damage|p2a: Magnezone|41/100
|-crit|p2a: Magnezone
|-damage|p2a: Magnezone|10/100
|-crit|p2a: Magnezone
|-damage|p2a: Magnezone|0 fnt
|faint|p2a: Magnezone
|-hitcount|p2: Magnezone|3
|
|upkeep
|inactive|lil tofa has 120 seconds left.
|
|t:|1631888836
|switch|p2a: Buzzwole|Buzzwole|37/100
|-damage|p2a: Buzzwole|24/100|[from] Stealth Rock
|turn|29
|
|t:|1631888841
|move|p1a: Urshifu|Surging Strikes|p2a: Buzzwole
|-crit|p2a: Buzzwole
|-damage|p2a: Buzzwole|7/100
|-damage|p1a: Urshifu|22/100|[from] item: Rocky Helmet|[of] p2a: Buzzwole
|-crit|p2a: Buzzwole
|-damage|p2a: Buzzwole|0 fnt
|-damage|p1a: Urshifu|6/100|[from] item: Rocky Helmet|[of] p2a: Buzzwole
|faint|p2a: Buzzwole
|-hitcount|p2: Buzzwole|2
|
|upkeep
|
|t:|1631888846
|switch|p2a: Mamoswine|Mamoswine, F|76/100
|-damage|p2a: Mamoswine|63/100|[from] Stealth Rock
|turn|30
|
|t:|1631888850
|move|p1a: Urshifu|Surging Strikes|p2a: Mamoswine
|-supereffective|p2a: Mamoswine
|-crit|p2a: Mamoswine
|-damage|p2a: Mamoswine|5/100
|-supereffective|p2a: Mamoswine
|-crit|p2a: Mamoswine
|-damage|p2a: Mamoswine|0 fnt
|faint|p2a: Mamoswine
|-hitcount|p2: Mamoswine|2
|
|win|Chikami
|raw|Chikami's rating: 1622 &rarr; <strong>1642</strong><br />(+20 for winning)
|raw|lil tofa's rating: 1625 &rarr; <strong>1605</strong><br />(-20 for losing)
|j| jigobo
|c|☆lil tofa|gg
