|raw|<div class="broadcast-blue"><strong>This battle is required to be public due to a player having a name starting with 'lt91bb'.</div>
|j|☆LT91BB rrm
|j|☆Ferromolybdenum
|t:|1659412261
|gametype|singles
|player|p1|LT91BB rrm|lady|1769
|player|p2|Ferromolybdenum|266|1806
|teamsize|p1|6
|teamsize|p2|6
|gen|8
|tier|[Gen 8] OU
|rated|
|rule|Sleep Clause Mod: Limit one foe put to sleep
|rule|Species Clause: Limit one of each Pokémon
|rule|OHKO Clause: OHKO moves are banned
|rule|Evasion Moves Clause: Evasion moves are banned
|rule|Endless Battle Clause: Forcing endless battles is banned
|rule|HP Percentage Mod: HP is shown in percentages
|rule|Dynamax Clause: You cannot dynamax
|clearpoke
|poke|p1|Tapu Lele|
|poke|p1|Blissey, F|
|poke|p1|Urshifu-*, M|
|poke|p1|Landorus-Therian, M|
|poke|p1|Heatran, M|
|poke|p1|Slowbro, M|
|poke|p2|Blissey, F|
|poke|p2|Corviknight, M|
|poke|p2|Toxapex, F|
|poke|p2|Clefable, F|
|poke|p2|Gastrodon, M|
|poke|p2|Mew|
|teampreview
|inactive|Battle timer is ON: inactive players will automatically lose when time's up. (requested by Ferromolybdenum)
|
|t:|1659412279
|start
|switch|p1a: Tapu Lele|Tapu Lele|100/100
|switch|p2a: Mew|Mew|100/100
|-fieldstart|move: Psychic Terrain|[from] ability: Psychic Surge|[of] p1a: Tapu Lele
|turn|1
|
|t:|1659412282
|move|p1a: Tapu Lele|Moonblast|p2a: Mew
|-damage|p2a: Mew|51/100
|move|p2a: Mew|Will-O-Wisp|p1a: Tapu Lele
|-status|p1a: Tapu Lele|brn
|
|-heal|p2a: Mew|57/100|[from] item: Leftovers
|-damage|p1a: Tapu Lele|94/100 brn|[from] brn
|upkeep
|turn|2
|
|t:|1659412290
|switch|p1a: Heatran|Heatran, M|100/100
|move|p2a: Mew|Roost|p2a: Mew
|-heal|p2a: Mew|100/100
|-singleturn|p2a: Mew|move: Roost
|
|upkeep
|turn|3
|
|t:|1659412292
|switch|p2a: Gastrodon|Gastrodon, M|100/100
|move|p1a: Heatran|Stealth Rock|p2a: Gastrodon
|-sidestart|p2: Ferromolybdenum|move: Stealth Rock
|
|upkeep
|turn|4
|
|t:|1659412296
|switch|p1a: Slowbro|Slowbro, M|100/100
|move|p2a: Gastrodon|Scald|p1a: Slowbro
|-resisted|p1a: Slowbro
|-damage|p1a: Slowbro|88/100
|
|upkeep
|turn|5
|
|t:|1659412299
|switch|p2a: Blissey|Blissey, F|100/100
|move|p1a: Slowbro|Future Sight|p2a: Blissey
|-start|p1a: Slowbro|move: Future Sight
|
|-fieldend|move: Psychic Terrain
|upkeep
|turn|6
|
|t:|1659412301
|move|p2a: Blissey|Stealth Rock|p1a: Slowbro
|-sidestart|p1: LT91BB rrm|move: Stealth Rock
|move|p1a: Slowbro|Teleport|p1a: Slowbro
|
|t:|1659412303
|switch|p1a: Urshifu|Urshifu-Rapid-Strike, M|100/100|[from]move: Teleport
|-damage|p1a: Urshifu|94/100|[from] Stealth Rock
|
|upkeep
|turn|7
|
|t:|1659412309
|switch|p2a: Clefable|Clefable, F|100/100
|-damage|p2a: Clefable|88/100|[from] Stealth Rock
|move|p1a: Urshifu|U-turn|p2a: Clefable
|-resisted|p2a: Clefable
|-damage|p2a: Clefable|79/100
|
|t:|1659412311
|switch|p1a: Heatran|Heatran, M|100/100|[from]move: U-turn
|-damage|p1a: Heatran|88/100|[from] Stealth Rock
|
|-end|p2a: Clefable|move: Future Sight
|-damage|p2a: Clefable|38/100
|-heal|p1a: Heatran|94/100|[from] item: Leftovers
|-heal|p2a: Clefable|44/100|[from] item: Leftovers
|upkeep
|turn|8
|
|t:|1659412315
|switch|p2a: Gastrodon|Gastrodon, M|100/100
|-damage|p2a: Gastrodon|94/100|[from] Stealth Rock
|move|p1a: Heatran|Taunt|p2a: Gastrodon
|-start|p2a: Gastrodon|move: Taunt
|
|-heal|p1a: Heatran|100/100|[from] item: Leftovers
|-heal|p2a: Gastrodon|100/100|[from] item: Leftovers
|upkeep
|turn|9
|
|t:|1659412318
|switch|p1a: Slowbro|Slowbro, M|100/100
|-damage|p1a: Slowbro|88/100|[from] Stealth Rock
|move|p2a: Gastrodon|Earth Power|p1a: Slowbro
|-damage|p1a: Slowbro|60/100
|
|upkeep
|turn|10
|
|t:|1659412320
|switch|p2a: Toxapex|Toxapex, F|100/100
|-damage|p2a: Toxapex|88/100|[from] Stealth Rock
|move|p1a: Slowbro|Future Sight|p2a: Toxapex
|-start|p1a: Slowbro|move: Future Sight
|
|upkeep
|turn|11
|
|t:|1659412322
|move|p2a: Toxapex|Light Screen|p2a: Toxapex
|-sidestart|p2: Ferromolybdenum|move: Light Screen
|move|p1a: Slowbro|Teleport|p1a: Slowbro
|
|t:|1659412324
|switch|p1a: Landorus|Landorus-Therian, M|100/100|[from]move: Teleport
|-damage|p1a: Landorus|88/100|[from] Stealth Rock
|-ability|p1a: Landorus|Intimidate|boost
|-unboost|p2a: Toxapex|atk|1
|
|-heal|p1a: Landorus|94/100|[from] item: Leftovers
|upkeep
|turn|12
|
|t:|1659412328
|switch|p2a: Corviknight|Corviknight, M|100/100
|-damage|p2a: Corviknight|88/100|[from] Stealth Rock
|-ability|p2a: Corviknight|Pressure
|move|p1a: Landorus|Earthquake|p2a: Corviknight
|-immune|p2a: Corviknight
|
|-end|p2a: Corviknight|move: Future Sight
|-resisted|p2a: Corviknight
|-damage|p2a: Corviknight|79/100
|-heal|p1a: Landorus|99/100|[from] item: Leftovers
|-heal|p2a: Corviknight|85/100|[from] item: Leftovers
|upkeep
|turn|13
|
|t:|1659412330
|move|p1a: Landorus|Knock Off|p2a: Corviknight
|-damage|p2a: Corviknight|66/100
|-enditem|p2a: Corviknight|Leftovers|[from] move: Knock Off|[of] p1a: Landorus
|move|p2a: Corviknight|Iron Defense|p2a: Corviknight
|-boost|p2a: Corviknight|def|2
|
|-heal|p1a: Landorus|100/100|[from] item: Leftovers
|upkeep
|turn|14
|
|t:|1659412336
|move|p1a: Landorus|U-turn|p2a: Corviknight
|-resisted|p2a: Corviknight
|-damage|p2a: Corviknight|64/100
|
|t:|1659412337
|switch|p1a: Heatran|Heatran, M|100/100|[from]move: U-turn
|-damage|p1a: Heatran|88/100|[from] Stealth Rock
|move|p2a: Corviknight|Roost|p2a: Corviknight
|-heal|p2a: Corviknight|100/100
|-singleturn|p2a: Corviknight|move: Roost
|
|-heal|p1a: Heatran|94/100|[from] item: Leftovers
|upkeep
|turn|15
|
|t:|1659412340
|move|p1a: Heatran|Magma Storm|p2a: Corviknight
|-supereffective|p2a: Corviknight
|-damage|p2a: Corviknight|59/100
|-activate|p2a: Corviknight|move: Magma Storm|[of] p1a: Heatran
|move|p2a: Corviknight|Body Press|p1a: Heatran
|-supereffective|p1a: Heatran
|-damage|p1a: Heatran|10/100
|
|-heal|p1a: Heatran|17/100|[from] item: Leftovers
|-damage|p2a: Corviknight|47/100|[from] move: Magma Storm|[partiallytrapped]
|-sideend|p2: Ferromolybdenum|move: Light Screen
|upkeep
|turn|16
|
|t:|1659412347
|move|p1a: Heatran|Magma Storm|p2a: Corviknight
|-supereffective|p2a: Corviknight
|-damage|p2a: Corviknight|0 fnt
|faint|p2a: Corviknight
|
|-heal|p1a: Heatran|23/100|[from] item: Leftovers
|upkeep
|
|t:|1659412349
|switch|p2a: Gastrodon|Gastrodon, M|100/100
|-damage|p2a: Gastrodon|94/100|[from] Stealth Rock
|turn|17
|
|t:|1659412353
|switch|p1a: Blissey|Blissey, F|100/100
|move|p2a: Gastrodon|Scald|p1a: Blissey
|-damage|p1a: Blissey|91/100
|
|-heal|p2a: Gastrodon|100/100|[from] item: Leftovers
|upkeep
|turn|18
|
|t:|1659412356
|switch|p2a: Toxapex|Toxapex, F|100/100
|-damage|p2a: Toxapex|88/100|[from] Stealth Rock
|move|p1a: Blissey|Teleport|p1a: Blissey
|
|t:|1659412358
|switch|p1a: Tapu Lele|Tapu Lele|94/100 brn|[from]move: Teleport
|-damage|p1a: Tapu Lele|82/100 brn|[from] Stealth Rock
|-fieldstart|move: Psychic Terrain|[from] ability: Psychic Surge|[of] p1a: Tapu Lele
|
|-damage|p1a: Tapu Lele|76/100 brn|[from] brn
|upkeep
|turn|19
|
|t:|1659412363
|switch|p2a: Mew|Mew|100/100
|-damage|p2a: Mew|88/100|[from] Stealth Rock
|move|p1a: Tapu Lele|Moonblast|p2a: Mew
|-damage|p2a: Mew|42/100
|
|-heal|p2a: Mew|49/100|[from] item: Leftovers
|-damage|p1a: Tapu Lele|70/100 brn|[from] brn
|upkeep
|turn|20
|
|t:|1659412366
|move|p1a: Tapu Lele|Moonblast|p2a: Mew
|-damage|p2a: Mew|0 fnt
|faint|p2a: Mew
|
|-damage|p1a: Tapu Lele|64/100 brn|[from] brn
|upkeep
|
|t:|1659412368
|switch|p2a: Blissey|Blissey, F|100/100
|turn|21
|
|t:|1659412372
|switch|p1a: Slowbro|Slowbro, M|93/100
|-damage|p1a: Slowbro|80/100|[from] Stealth Rock
|move|p2a: Blissey|Seismic Toss|p1a: Slowbro
|-damage|p1a: Slowbro|55/100
|-damage|p2a: Blissey|84/100|[from] item: Rocky Helmet|[of] p1a: Slowbro
|
|upkeep
|turn|22
|
|t:|1659412377
|move|p2a: Blissey|Toxic|p1a: Slowbro
|-status|p1a: Slowbro|tox
|move|p1a: Slowbro|Slack Off|p1a: Slowbro
|-heal|p1a: Slowbro|100/100 tox
|
|-damage|p1a: Slowbro|94/100 tox|[from] psn
|-fieldend|move: Psychic Terrain
|upkeep
|turn|23
|
|t:|1659412379
|switch|p2a: Toxapex|Toxapex, F|100/100
|-damage|p2a: Toxapex|88/100|[from] Stealth Rock
|move|p1a: Slowbro|Future Sight|p2a: Toxapex
|-start|p1a: Slowbro|move: Future Sight
|
|-damage|p1a: Slowbro|82/100 tox|[from] psn
|upkeep
|turn|24
|
|t:|1659412381
|move|p2a: Toxapex|Light Screen|p2a: Toxapex
|-sidestart|p2: Ferromolybdenum|move: Light Screen
|move|p1a: Slowbro|Teleport|p1a: Slowbro
|
|t:|1659412383
|switch|p1a: Landorus|Landorus-Therian, M|100/100|[from]move: Teleport
|-damage|p1a: Landorus|88/100|[from] Stealth Rock
|-ability|p1a: Landorus|Intimidate|boost
|-unboost|p2a: Toxapex|atk|1
|
|-heal|p1a: Landorus|94/100|[from] item: Leftovers
|upkeep
|turn|25
|
|t:|1659412387
|move|p1a: Landorus|Earthquake|p2a: Toxapex
|-supereffective|p2a: Toxapex
|-damage|p2a: Toxapex|35/100
|move|p2a: Toxapex|Recover|p2a: Toxapex
|-heal|p2a: Toxapex|85/100
|
|-end|p2a: Toxapex|move: Future Sight
|-supereffective|p2a: Toxapex
|-damage|p2a: Toxapex|49/100
|-heal|p1a: Landorus|99/100|[from] item: Leftovers
|upkeep
|turn|26
|
|t:|1659412391
|switch|p2a: Gastrodon|Gastrodon, M|100/100
|-damage|p2a: Gastrodon|94/100|[from] Stealth Rock
|move|p1a: Landorus|Earthquake|p2a: Gastrodon
|-damage|p2a: Gastrodon|42/100
|
|-heal|p1a: Landorus|100/100|[from] item: Leftovers
|-heal|p2a: Gastrodon|48/100|[from] item: Leftovers
|upkeep
|turn|27
|
|t:|1659412393
|move|p2a: Gastrodon|Protect|p2a: Gastrodon
|-singleturn|p2a: Gastrodon|Protect
|move|p1a: Landorus|Earthquake|p2a: Gastrodon
|-activate|p2a: Gastrodon|move: Protect
|
|-heal|p2a: Gastrodon|54/100|[from] item: Leftovers
|upkeep
|turn|28
|
|t:|1659412395
|move|p1a: Landorus|Earthquake|p2a: Gastrodon
|-damage|p2a: Gastrodon|0 fnt
|faint|p2a: Gastrodon
|
|-sideend|p2: Ferromolybdenum|move: Light Screen
|upkeep
|-message|Ferromolybdenum forfeited.
|
|win|LT91BB rrm
|raw|LT91BB rrm's rating: 1769 &rarr; <strong>1791</strong><br />(+22 for winning)
|raw|Ferromolybdenum's rating: 1806 &rarr; <strong>1784</strong><br />(-22 for losing)
|l|☆Ferromolybdenum
