|j|☆Pinapple321
|j|☆KeshBa45
|inactive|Battle timer is ON: inactive players will automatically lose when time's up.
|t:|1667680293
|gametype|singles
|player|p1|Pinapple321|marlon|
|player|p2|KeshBa45|lusamine-nihilego|
|teamsize|p1|6
|teamsize|p2|6
|gen|8
|tier|[Gen 8] OU
|rated|Tournament battle
|rule|Sleep Clause Mod: Limit one foe put to sleep
|rule|Species Clause: Limit one of each Pokémon
|rule|OHKO Clause: OHKO moves are banned
|rule|Evasion Items Clause: Evasion items are banned
|rule|Evasion Moves Clause: Evasion moves are banned
|rule|Endless Battle Clause: Forcing endless battles is banned
|rule|HP Percentage Mod: HP is shown in percentages
|rule|Dynamax Clause: You cannot dynamax
|clearpoke
|poke|p1|Tapu Lele|
|poke|p1|Zapdos|
|poke|p1|Garchomp, F|
|poke|p1|Dragapult, F|
|poke|p1|Ferrothorn, F|
|poke|p1|Blissey, F|
|poke|p2|Gastrodon, F|
|poke|p2|Blissey, F|
|poke|p2|Slowking-Galar, F|
|poke|p2|Toxapex, M|
|poke|p2|Clefable, F|
|poke|p2|Corviknight, M|
|teampreview
|j|*Lady Monita ☽
|inactive|KeshBa45 also wants the timer to be on.
|c|☆KeshBa45|Hello there
|c|☆KeshBa45|Glhf
|c|☆Pinapple321|Glhf
|c|☆Pinapple321|I see why this took so long
|
|t:|1667680317
|start
|switch|p1a: Dragapult|Dragapult, F|100/100
|switch|p2a: Slowking|Slowking-Galar, F|100/100
|turn|1
|
|t:|1667680335
|move|p1a: Dragapult|U-turn|p2a: Slowking
|-damage|p2a: Slowking|83/100
|
|t:|1667680342
|switch|p1a: Blissey|Blissey, F|100/100|[from]move: U-turn
|move|p2a: Slowking|Future Sight|p1a: Blissey
|-start|p2a: Slowking|move: Future Sight
|
|upkeep
|turn|2
|c|☆KeshBa45|Indeed!
|
|t:|1667680355
|switch|p2a: Blissey|Blissey, F|100/100
|move|p1a: Blissey|Seismic Toss|p2a: Blissey
|-damage|p2a: Blissey|86/100
|
|upkeep
|turn|3
|
|t:|1667680361
|move|p2a: Blissey|Stealth Rock|p1a: Blissey
|-sidestart|p1: Pinapple321|move: Stealth Rock
|move|p1a: Blissey|Toxic|p2a: Blissey|[miss]
|-miss|p1a: Blissey|p2a: Blissey
|
|-end|p1a: Blissey|move: Future Sight
|-damage|p1a: Blissey|80/100
|upkeep
|turn|4
|
|t:|1667680366
|move|p2a: Blissey|Thunder Wave|p1a: Blissey
|-status|p1a: Blissey|par
|move|p1a: Blissey|Teleport|p1a: Blissey
|
|t:|1667680369
|-curestatus|p1a: Blissey|par|[from] ability: Natural Cure
|switch|p1a: Garchomp|Garchomp, F|100/100|[from]move: Teleport
|-damage|p1a: Garchomp|94/100|[from] Stealth Rock
|
|-heal|p1a: Garchomp|100/100|[from] item: Leftovers
|upkeep
|turn|5
|j| venson04
|j| ChrisUchiha
|
|t:|1667680395
|switch|p2a: Corviknight|Corviknight, M|100/100
|-ability|p2a: Corviknight|Pressure
|move|p1a: Garchomp|Swords Dance|p1a: Garchomp
|-boost|p1a: Garchomp|atk|2
|
|upkeep
|turn|6
|
|t:|1667680404
|switch|p2a: Clefable|Clefable, F|100/100
|move|p1a: Garchomp|Fire Fang|p2a: Clefable
|-damage|p2a: Clefable|82/100
|
|-heal|p2a: Clefable|89/100|[from] item: Leftovers
|upkeep
|turn|7
|j| ACrumbOfSerotonin
|inactive|Pinapple321 has 120 seconds left.
|
|t:|1667680445
|switch|p1a: Blissey|Blissey, F|80/100
|move|p2a: Clefable|Moonblast|p1a: Blissey
|-crit|p1a: Blissey
|-damage|p1a: Blissey|64/100
|
|-heal|p2a: Clefable|95/100|[from] item: Leftovers
|upkeep
|turn|8
|
|t:|1667680452
|move|p2a: Clefable|Calm Mind|p2a: Clefable
|-boost|p2a: Clefable|spa|1
|-boost|p2a: Clefable|spd|1
|move|p1a: Blissey|Soft-Boiled|p1a: Blissey
|-heal|p1a: Blissey|100/100
|
|-heal|p2a: Clefable|100/100|[from] item: Leftovers
|upkeep
|turn|9
|
|t:|1667680458
|move|p2a: Clefable|Calm Mind|p2a: Clefable
|-boost|p2a: Clefable|spa|1
|-boost|p2a: Clefable|spd|1
|move|p1a: Blissey|Toxic|p2a: Clefable
|-status|p2a: Clefable|tox
|
|-damage|p2a: Clefable|94/100 tox|[from] psn
|upkeep
|turn|10
|
|t:|1667680479
|move|p2a: Clefable|Heal Bell|p2a: Clefable
|-activate|p2a: Clefable|move: Heal Bell
|-curestatus|p2a: Clefable|tox|[msg]
|move|p1a: Blissey|Seismic Toss|p2a: Clefable
|-damage|p2a: Clefable|69/100
|
|-heal|p2a: Clefable|75/100|[from] item: Leftovers
|upkeep
|turn|11
|
|t:|1667680487
|switch|p2a: Toxapex|Toxapex, M|100/100
|move|p1a: Blissey|Toxic|p2a: Toxapex|[miss]
|-miss|p1a: Blissey|p2a: Toxapex
|
|upkeep
|turn|12
|inactive|KeshBa45 has 120 seconds left.
|
|t:|1667680513
|move|p2a: Toxapex|Toxic Spikes|p1a: Blissey
|-sidestart|p1: Pinapple321|move: Toxic Spikes
|move|p1a: Blissey|Teleport|p1a: Blissey
|
|t:|1667680520
|switch|p1a: Zapdos|Zapdos|100/100|[from]move: Teleport
|
|upkeep
|turn|13
|
|t:|1667680527
|switch|p2a: Slowking|Slowking-Galar, F|100/100
|move|p1a: Zapdos|Defog|p2a: Slowking
|-unboost|p2a: Slowking|evasion|1
|-sideend|p1: Pinapple321|Toxic Spikes|[from] move: Defog|[of] p1a: Zapdos
|-sideend|p1: Pinapple321|Stealth Rock|[from] move: Defog|[of] p1a: Zapdos
|
|upkeep
|turn|14
|
|t:|1667680534
|move|p1a: Zapdos|Volt Switch|p2a: Slowking
|-damage|p2a: Slowking|86/100
|
|t:|1667680544
|switch|p1a: Blissey|Blissey, F|100/100|[from]move: Volt Switch
|move|p2a: Slowking|Future Sight|p1a: Blissey
|-start|p2a: Slowking|move: Future Sight
|
|upkeep
|turn|15
|
|t:|1667680558
|switch|p2a: Corviknight|Corviknight, M|100/100
|-ability|p2a: Corviknight|Pressure
|move|p1a: Blissey|Seismic Toss|p2a: Corviknight
|-damage|p2a: Corviknight|75/100
|
|upkeep
|turn|16
|
|t:|1667680562
|switch|p1a: Ferrothorn|Ferrothorn, F|100/100
|move|p2a: Corviknight|Body Press|p1a: Ferrothorn
|-supereffective|p1a: Ferrothorn
|-damage|p1a: Ferrothorn|73/100
|-damage|p2a: Corviknight|63/100|[from] ability: Iron Barbs|[of] p1a: Ferrothorn
|
|-end|p1a: Ferrothorn|move: Future Sight
|-resisted|p1a: Ferrothorn
|-damage|p1a: Ferrothorn|48/100
|-heal|p1a: Ferrothorn|54/100|[from] item: Leftovers
|upkeep
|turn|17
|
|t:|1667680578
|switch|p2a: Slowking|Slowking-Galar, F|100/100
|move|p1a: Ferrothorn|Leech Seed|p2a: Slowking
|-start|p2a: Slowking|move: Leech Seed
|
|-heal|p1a: Ferrothorn|60/100|[from] item: Leftovers
|-damage|p2a: Slowking|88/100|[from] Leech Seed|[of] p1a: Ferrothorn
|-heal|p1a: Ferrothorn|74/100|[silent]
|upkeep
|turn|18
|
|t:|1667680599
|switch|p1a: Garchomp|Garchomp, F|100/100
|move|p2a: Slowking|Flamethrower|p1a: Garchomp
|-resisted|p1a: Garchomp
|-damage|p1a: Garchomp|83/100
|
|-heal|p1a: Garchomp|89/100|[from] item: Leftovers
|-damage|p2a: Slowking|76/100|[from] Leech Seed|[of] p1a: Garchomp
|-heal|p1a: Garchomp|100/100|[silent]
|upkeep
|turn|19
|
|t:|1667680608
|switch|p2a: Corviknight|Corviknight, M|63/100
|-ability|p2a: Corviknight|Pressure
|move|p1a: Garchomp|Earthquake|p2a: Corviknight
|-immune|p2a: Corviknight
|
|upkeep
|turn|20
|
|t:|1667680629
|move|p1a: Garchomp|Swords Dance|p1a: Garchomp
|-boost|p1a: Garchomp|atk|2
|move|p2a: Corviknight|Iron Defense|p2a: Corviknight
|-boost|p2a: Corviknight|def|2
|
|upkeep
|turn|21
|
|t:|1667680632
|switch|p2a: Clefable|Clefable, F|75/100
|move|p1a: Garchomp|Fire Fang|p2a: Clefable
|-damage|p2a: Clefable|59/100
|
|-heal|p2a: Clefable|65/100|[from] item: Leftovers
|upkeep
|turn|22
|
|t:|1667680641
|switch|p1a: Blissey|Blissey, F|100/100
|move|p2a: Clefable|Soft-Boiled|p2a: Clefable
|-heal|p2a: Clefable|100/100
|
|upkeep
|turn|23
|
|t:|1667680651
|switch|p2a: Corviknight|Corviknight, M|63/100
|-ability|p2a: Corviknight|Pressure
|move|p1a: Blissey|Teleport|p1a: Blissey
|
|t:|1667680662
|switch|p1a: Ferrothorn|Ferrothorn, F|74/100|[from]move: Teleport
|
|-heal|p1a: Ferrothorn|80/100|[from] item: Leftovers
|upkeep
|turn|24
|
|t:|1667680684
|move|p2a: Corviknight|Roost|p2a: Corviknight
|-heal|p2a: Corviknight|100/100
|-singleturn|p2a: Corviknight|move: Roost
|move|p1a: Ferrothorn|Stealth Rock|p2a: Corviknight
|-sidestart|p2: KeshBa45|move: Stealth Rock
|
|-heal|p1a: Ferrothorn|87/100|[from] item: Leftovers
|upkeep
|turn|25
|
|t:|1667680691
|move|p2a: Corviknight|Defog|p1a: Ferrothorn
|-unboost|p1a: Ferrothorn|evasion|1
|-sideend|p2: KeshBa45|Stealth Rock|[from] move: Defog|[of] p2a: Corviknight
|move|p1a: Ferrothorn|Leech Seed|p2a: Corviknight
|-start|p2a: Corviknight|move: Leech Seed
|
|-heal|p1a: Ferrothorn|93/100|[from] item: Leftovers
|-damage|p2a: Corviknight|88/100|[from] Leech Seed|[of] p1a: Ferrothorn
|-heal|p1a: Ferrothorn|100/100|[silent]
|upkeep
|turn|26
|
|t:|1667680695
|switch|p2a: Blissey|Blissey, F|86/100
|switch|p1a: Dragapult|Dragapult, F|100/100
|
|upkeep
|turn|27
|
|t:|1667680702
|move|p1a: Dragapult|U-turn|p2a: Blissey
|-damage|p2a: Blissey|71/100
|
|t:|1667680707
|switch|p1a: Tapu Lele|Tapu Lele|100/100|[from]move: U-turn
|-fieldstart|move: Psychic Terrain|[from] ability: Psychic Surge|[of] p1a: Tapu Lele
|move|p2a: Blissey|Thunder Wave|p1a: Tapu Lele|[miss]
|-miss|p2a: Blissey|p1a: Tapu Lele
|
|upkeep
|turn|28
|c|☆KeshBa45|Noice noice
|c|☆Pinapple321|Sorry
|
|t:|1667680721
|switch|p2a: Corviknight|Corviknight, M|88/100
|-ability|p2a: Corviknight|Pressure
|move|p1a: Tapu Lele|Psyshock|p2a: Corviknight
|-resisted|p2a: Corviknight
|-damage|p2a: Corviknight|61/100
|
|upkeep
|turn|29
|
|t:|1667680729
|switch|p1a: Zapdos|Zapdos|100/100
|move|p2a: Corviknight|Roost|p2a: Corviknight
|-heal|p2a: Corviknight|100/100
|-singleturn|p2a: Corviknight|move: Roost
|
|upkeep
|turn|30
|
|t:|1667680749
|switch|p2a: Gastrodon|Gastrodon, F|100/100
|move|p1a: Zapdos|Hurricane|p2a: Gastrodon|[miss]
|-miss|p1a: Zapdos|p2a: Gastrodon
|
|upkeep
|turn|31
|
|t:|1667680756
|switch|p1a: Ferrothorn|Ferrothorn, F|100/100
|move|p2a: Gastrodon|Earthquake|p1a: Ferrothorn
|-damage|p1a: Ferrothorn|84/100
|
|-heal|p1a: Ferrothorn|90/100|[from] item: Leftovers
|-fieldend|move: Psychic Terrain
|upkeep
|turn|32
|j| Zendaya bath water
|
|t:|1667680777
|switch|p2a: Slowking|Slowking-Galar, F|100/100
|move|p1a: Ferrothorn|Knock Off|p2a: Slowking
|-supereffective|p2a: Slowking
|-damage|p2a: Slowking|55/100
|-enditem|p2a: Slowking|Assault Vest|[from] move: Knock Off|[of] p1a: Ferrothorn
|
|-heal|p1a: Ferrothorn|97/100|[from] item: Leftovers
|upkeep
|turn|33
|j| Voyager02
|c|☆KeshBa45|So sleepy rn
|inactive|Pinapple321 has 120 seconds left.
|c|☆KeshBa45|And I got to battle grand on the side :v
|
|t:|1667680801
|switch|p1a: Blissey|Blissey, F|100/100
|move|p2a: Slowking|Future Sight|p1a: Blissey
|-start|p2a: Slowking|move: Future Sight
|
|upkeep
|turn|34
|c|☆Pinapple321|Rip
|
|t:|1667680810
|switch|p2a: Toxapex|Toxapex, M|100/100
|move|p1a: Blissey|Seismic Toss|p2a: Toxapex
|-damage|p2a: Toxapex|67/100
|-damage|p1a: Blissey|84/100|[from] item: Rocky Helmet|[of] p2a: Toxapex
|
|upkeep
|turn|35
|
|t:|1667680828
|move|p1a: Blissey|Seismic Toss|p2a: Toxapex
|-damage|p2a: Toxapex|34/100
|-damage|p1a: Blissey|67/100|[from] item: Rocky Helmet|[of] p2a: Toxapex
|move|p2a: Toxapex|Knock Off|p1a: Blissey
|-damage|p1a: Blissey|56/100
|-enditem|p1a: Blissey|Heavy-Duty Boots|[from] move: Knock Off|[of] p2a: Toxapex
|
|-end|p1a: Blissey|move: Future Sight
|-damage|p1a: Blissey|34/100
|upkeep
|turn|36
|c|☆Pinapple321|I'm just trying to get through this so I can play discord activities
|
|t:|1667680843
|switch|p2a: Slowking|Slowking-Galar, F|88/100
|move|p1a: Blissey|Soft-Boiled|p1a: Blissey
|-heal|p1a: Blissey|84/100
|
|upkeep
|turn|37
|l| ChrisUchiha
|
|t:|1667680850
|move|p2a: Slowking|Future Sight|p1a: Blissey
|-start|p2a: Slowking|move: Future Sight
|move|p1a: Blissey|Teleport|p1a: Blissey
|
|t:|1667680854
|switch|p1a: Dragapult|Dragapult, F|100/100|[from]move: Teleport
|
|upkeep
|turn|38
|inactive|KeshBa45 has 120 seconds left.
|inactive|KeshBa45 has 90 seconds left.
|
|t:|1667680927
|move|p1a: Dragapult|U-turn|p2a: Slowking
|-damage|p2a: Slowking|71/100
|
|t:|1667680930
|switch|p1a: Blissey|Blissey, F|84/100|[from]move: U-turn
|move|p2a: Slowking|Sludge Bomb|p1a: Blissey
|-damage|p1a: Blissey|66/100
|
|upkeep
|turn|39
|inactive|KeshBa45 has 90 seconds left.
|
|t:|1667680948
|switch|p2a: Corviknight|Corviknight, M|100/100
|-ability|p2a: Corviknight|Pressure
|move|p1a: Blissey|Soft-Boiled|p1a: Blissey
|-heal|p1a: Blissey|100/100
|
|-end|p1a: Blissey|move: Future Sight
|-damage|p1a: Blissey|79/100
|upkeep
|turn|40
|
|t:|1667680954
|switch|p1a: Zapdos|Zapdos|100/100
|move|p2a: Corviknight|Iron Defense|p2a: Corviknight
|-boost|p2a: Corviknight|def|2
|
|upkeep
|turn|41
|inactive|KeshBa45 has 90 seconds left.
|
|t:|1667680961
|switch|p2a: Blissey|Blissey, F|71/100
|move|p1a: Zapdos|Volt Switch|p2a: Blissey
|-damage|p2a: Blissey|60/100
|
|t:|1667680966
|switch|p1a: Tapu Lele|Tapu Lele|100/100|[from]move: Volt Switch
|-fieldstart|move: Psychic Terrain|[from] ability: Psychic Surge|[of] p1a: Tapu Lele
|
|upkeep
|turn|42
|inactive|KeshBa45 has 90 seconds left.
|
|t:|1667680990
|switch|p2a: Slowking|Slowking-Galar, F|100/100
|move|p1a: Tapu Lele|Psychic|p2a: Slowking
|-damage|p2a: Slowking|31/100
|
|upkeep
|turn|43
|inactive|KeshBa45 has 90 seconds left.
|c|☆KeshBa45|:0
|
|t:|1667681000
|switch|p2a: Blissey|Blissey, F|60/100
|move|p1a: Tapu Lele|Psychic|p2a: Blissey
|-damage|p2a: Blissey|24/100
|
|upkeep
|turn|44
|inactive|KeshBa45 has 90 seconds left.
|c|☆KeshBa45|;)
|
|t:|1667681010
|switch|p2a: Corviknight|Corviknight, M|100/100
|-ability|p2a: Corviknight|Pressure
|move|p1a: Tapu Lele|Psychic|p2a: Corviknight
|-resisted|p2a: Corviknight
|-damage|p2a: Corviknight|60/100
|
|upkeep
|turn|45
|c|☆Pinapple321|Knocking off that Av really worked
|inactive|KeshBa45 has 90 seconds left.
|
|t:|1667681027
|switch|p1a: Garchomp|Garchomp, F|100/100
|switch|p2a: Blissey|Blissey, F|24/100
|
|-fieldend|move: Psychic Terrain
|upkeep
|turn|46
|c|☆KeshBa45|Indeed
|inactive|KeshBa45 has 90 seconds left.
|
|t:|1667681035
|switch|p2a: Corviknight|Corviknight, M|60/100
|-ability|p2a: Corviknight|Pressure
|move|p1a: Garchomp|Earthquake|p2a: Corviknight
|-immune|p2a: Corviknight
|
|upkeep
|turn|47
|
|t:|1667681042
|move|p1a: Garchomp|Swords Dance|p1a: Garchomp
|-boost|p1a: Garchomp|atk|2
|move|p2a: Corviknight|Roost|p2a: Corviknight
|-heal|p2a: Corviknight|100/100
|-singleturn|p2a: Corviknight|move: Roost
|
|upkeep
|turn|48
|
|t:|1667681047
|switch|p2a: Clefable|Clefable, F|100/100
|move|p1a: Garchomp|Fire Fang|p2a: Clefable
|-damage|p2a: Clefable|84/100
|
|-heal|p2a: Clefable|90/100|[from] item: Leftovers
|upkeep
|turn|49
|
|t:|1667681075
|switch|p1a: Blissey|Blissey, F|79/100
|switch|p2a: Blissey|Blissey, F|24/100
|
|upkeep
|turn|50
|c|☆KeshBa45|Lemme win the speed tie
|inactive|KeshBa45 has 90 seconds left.
|c|☆KeshBa45|And I'll forget about that twave miss
|c|☆KeshBa45|;)
|c|☆Pinapple321|NOOO
|
|t:|1667681110
|move|p2a: Blissey|Soft-Boiled|p2a: Blissey
|-heal|p2a: Blissey|74/100
|move|p1a: Blissey|Seismic Toss|p2a: Blissey
|-damage|p2a: Blissey|60/100
|
|upkeep
|turn|51
|c|☆Pinapple321|DON'T
|c|☆Pinapple321|NOOOO
|inactive|KeshBa45 has 90 seconds left.
|c|☆KeshBa45|Doesn't even do enough lol
|
|t:|1667681126
|switch|p1a: Ferrothorn|Ferrothorn, F|97/100
|move|p2a: Blissey|Soft-Boiled|p2a: Blissey
|-heal|p2a: Blissey|100/100
|
|-heal|p1a: Ferrothorn|100/100|[from] item: Leftovers
|upkeep
|turn|52
|c|☆Pinapple321|I know
|
|t:|1667681134
|move|p2a: Blissey|Thunder Wave|p1a: Ferrothorn
|-status|p1a: Ferrothorn|par
|move|p1a: Ferrothorn|Stealth Rock|p2a: Blissey
|-sidestart|p2: KeshBa45|move: Stealth Rock
|
|upkeep
|turn|53
|j| Aftx
|inactive|KeshBa45 has 90 seconds left.
|c|☆KeshBa45|I didn't ;)
|
|t:|1667681156
|move|p2a: Blissey|Stealth Rock|p1a: Ferrothorn
|-sidestart|p1: Pinapple321|move: Stealth Rock
|cant|p1a: Ferrothorn|par
|
|upkeep
|turn|54
|
|t:|1667681172
|switch|p2a: Slowking|Slowking-Galar, F|64/100
|-damage|p2a: Slowking|52/100|[from] Stealth Rock
|move|p1a: Ferrothorn|Leech Seed|p2a: Slowking
|-start|p2a: Slowking|move: Leech Seed
|
|-damage|p2a: Slowking|39/100|[from] Leech Seed|[of] p1a: Ferrothorn
|upkeep
|turn|55
|
|t:|1667681181
|switch|p2a: Corviknight|Corviknight, M|100/100
|-damage|p2a: Corviknight|88/100|[from] Stealth Rock
|-ability|p2a: Corviknight|Pressure
|switch|p1a: Dragapult|Dragapult, F|100/100
|-damage|p1a: Dragapult|88/100|[from] Stealth Rock
|
|upkeep
|turn|56
|
|t:|1667681191
|switch|p2a: Blissey|Blissey, F|100/100
|move|p1a: Dragapult|Flamethrower|p2a: Blissey
|-damage|p2a: Blissey|87/100
|
|upkeep
|turn|57
|c|☆KeshBa45|U don't ;)
|
|t:|1667681204
|switch|p1a: Garchomp|Garchomp, F|100/100
|-damage|p1a: Garchomp|94/100|[from] Stealth Rock
|move|p2a: Blissey|Thunder Wave|p1a: Garchomp
|-immune|p1a: Garchomp
|
|-heal|p1a: Garchomp|100/100|[from] item: Leftovers
|upkeep
|turn|58
|c|☆KeshBa45|O
|
|t:|1667681211
|switch|p2a: Clefable|Clefable, F|90/100
|-damage|p2a: Clefable|78/100|[from] Stealth Rock
|move|p1a: Garchomp|Earthquake|p2a: Clefable
|-damage|p2a: Clefable|37/100
|
|-heal|p2a: Clefable|43/100|[from] item: Leftovers
|upkeep
|turn|59
|j| nofien
|inactive|KeshBa45 has 90 seconds left.
|c|☆Pinapple321|Stay in so I can crit
|c|☆KeshBa45|I should live this
|c|☆KeshBa45|I'll stay in
|c|☆KeshBa45|Hopefully u don't crit
|inactive|KeshBa45 has 60 seconds left.
|
|t:|1667681247
|move|p1a: Garchomp|Earthquake|p2a: Clefable
|-damage|p2a: Clefable|2/100
|move|p2a: Clefable|Soft-Boiled|p2a: Clefable
|-heal|p2a: Clefable|52/100
|
|-heal|p2a: Clefable|58/100|[from] item: Leftovers
|upkeep
|turn|60
|c|☆Pinapple321|Or switch out switch back in
|c|☆Pinapple321|NOOO
|
|t:|1667681256
|switch|p1a: Blissey|Blissey, F|79/100
|-damage|p1a: Blissey|66/100|[from] Stealth Rock
|move|p2a: Clefable|Soft-Boiled|p2a: Clefable
|-heal|p2a: Clefable|100/100
|
|upkeep
|turn|61
|
|t:|1667681264
|switch|p2a: Toxapex|Toxapex, M|68/100
|-damage|p2a: Toxapex|56/100|[from] Stealth Rock
|move|p1a: Blissey|Toxic|p2a: Toxapex
|-immune|p2a: Toxapex
|
|upkeep
|turn|62
|
|t:|1667681277
|move|p2a: Toxapex|Toxic Spikes|p1a: Blissey
|-sidestart|p1: Pinapple321|move: Toxic Spikes
|move|p1a: Blissey|Teleport|p1a: Blissey
|
|t:|1667681280
|switch|p1a: Zapdos|Zapdos|100/100|[from]move: Teleport
|
|upkeep
|turn|63
|l| nofien
|
|t:|1667681285
|move|p1a: Zapdos|Defog|p2a: Toxapex
|-unboost|p2a: Toxapex|evasion|1
|-sideend|p2: KeshBa45|Stealth Rock|[from] move: Defog|[of] p1a: Zapdos
|-sideend|p1: Pinapple321|Toxic Spikes|[from] move: Defog|[of] p1a: Zapdos
|-sideend|p1: Pinapple321|Stealth Rock|[from] move: Defog|[of] p1a: Zapdos
|move|p2a: Toxapex|Toxic|p1a: Zapdos
|-status|p1a: Zapdos|tox
|
|-damage|p1a: Zapdos|94/100 tox|[from] psn
|upkeep
|turn|64
|c|☆KeshBa45|;)
|
|t:|1667681294
|switch|p2a: Gastrodon|Gastrodon, F|100/100
|move|p1a: Zapdos|Hurricane|p2a: Gastrodon
|-damage|p2a: Gastrodon|71/100
|
|-heal|p2a: Gastrodon|77/100|[from] item: Leftovers
|-damage|p1a: Zapdos|82/100 tox|[from] psn
|upkeep
|turn|65
|inactive|KeshBa45 has 90 seconds left.
|
|t:|1667681306
|switch|p1a: Ferrothorn|Ferrothorn, F|100/100 par
|move|p2a: Gastrodon|Scald|p1a: Ferrothorn
|-resisted|p1a: Ferrothorn
|-damage|p1a: Ferrothorn|91/100 par
|
|-heal|p2a: Gastrodon|83/100|[from] item: Leftovers
|-heal|p1a: Ferrothorn|97/100 par|[from] item: Leftovers
|upkeep
|turn|66
|inactive|KeshBa45 has 90 seconds left.
|
|t:|1667681314
|switch|p2a: Slowking|Slowking-Galar, F|73/100
|move|p1a: Ferrothorn|Stealth Rock|p2a: Slowking
|-sidestart|p2: KeshBa45|move: Stealth Rock
|
|-heal|p1a: Ferrothorn|100/100 par|[from] item: Leftovers
|upkeep
|turn|67
|inactive|KeshBa45 has 90 seconds left.
|
|t:|1667681327
|switch|p2a: Corviknight|Corviknight, M|88/100
|-damage|p2a: Corviknight|75/100|[from] Stealth Rock
|-ability|p2a: Corviknight|Pressure
|switch|p1a: Blissey|Blissey, F|66/100
|
|upkeep
|turn|68
|
|t:|1667681332
|switch|p1a: Zapdos|Zapdos|82/100 tox
|move|p2a: Corviknight|Defog|p1a: Zapdos
|-unboost|p1a: Zapdos|evasion|1
|-sideend|p2: KeshBa45|Stealth Rock|[from] move: Defog|[of] p2a: Corviknight
|
|-damage|p1a: Zapdos|75/100 tox|[from] psn
|upkeep
|turn|69
|c|☆KeshBa45|So blissey dies at that range :0
|c|☆Pinapple321|I have no idea
|
|t:|1667681362
|switch|p1a: Tapu Lele|Tapu Lele|100/100
|-fieldstart|move: Psychic Terrain|[from] ability: Psychic Surge|[of] p1a: Tapu Lele
|switch|p2a: Gastrodon|Gastrodon, F|83/100
|
|-heal|p2a: Gastrodon|89/100|[from] item: Leftovers
|upkeep
|turn|70
|c|☆KeshBa45|Btw is that specs oukt with U-turn ;)
|
|t:|1667681369
|move|p2a: Gastrodon|Protect|p2a: Gastrodon
|-singleturn|p2a: Gastrodon|Protect
|move|p1a: Tapu Lele|Psychic|p2a: Gastrodon
|-activate|p2a: Gastrodon|move: Protect
|
|-heal|p2a: Gastrodon|95/100|[from] item: Leftovers
|upkeep
|turn|71
|c|☆KeshBa45|This thing is so strong
|c|☆Pinapple321|It is
|inactive|KeshBa45 has 90 seconds left.
|c|☆Pinapple321|Stay in
|
|t:|1667681392
|switch|p2a: Blissey|Blissey, F|87/100
|move|p1a: Tapu Lele|Psychic|p2a: Blissey
|-damage|p2a: Blissey|51/100
|-unboost|p2a: Blissey|spd|1
|
|upkeep
|turn|72
|inactive|KeshBa45 has 90 seconds left.
|c|☆KeshBa45|F this Lele
|c|☆KeshBa45|I'll just get an Umbreon at this point
|c|☆Pinapple321|Lele is so cool
|c|☆KeshBa45|Crumb
|inactive|KeshBa45 has 60 seconds left.
|c|☆KeshBa45|Lele also makes me lose
|
|t:|1667681442
|switch|p2a: Slowking|Slowking-Galar, F|100/100
|move|p1a: Tapu Lele|Psychic|p2a: Slowking
|-damage|p2a: Slowking|24/100
|
|upkeep
|turn|73
|
|t:|1667681453
|switch|p2a: Corviknight|Corviknight, M|75/100
|-ability|p2a: Corviknight|Pressure
|move|p1a: Tapu Lele|Psychic|p2a: Corviknight
|-resisted|p2a: Corviknight
|-damage|p2a: Corviknight|34/100
|
|-fieldend|move: Psychic Terrain
|upkeep
|turn|74
|c| ACrumbOfSerotonin|sorry i was looking at forums
|c| ACrumbOfSerotonin|whats wrong
|c|☆KeshBa45|Didn't I tell u earlier
|c|☆KeshBa45|I lose to dark types and polt
|inactive|KeshBa45 has 30 seconds left.
|c|☆KeshBa45|Gotta add Lele onto that list
|
|t:|1667681490
|switch|p1a: Dragapult|Dragapult, F|88/100
|move|p2a: Corviknight|Roost|p2a: Corviknight
|-heal|p2a: Corviknight|84/100
|-singleturn|p2a: Corviknight|move: Roost
|
|upkeep
|turn|75
|c| ACrumbOfSerotonin|oh yeah
|inactive|KeshBa45 has 30 seconds left.
|c| ACrumbOfSerotonin|LMAO
|
|t:|1667681503
|switch|p2a: Toxapex|Toxapex, M|89/100
|move|p1a: Dragapult|U-turn|p2a: Toxapex
|-resisted|p2a: Toxapex
|-damage|p2a: Toxapex|83/100
|-damage|p1a: Dragapult|72/100|[from] item: Rocky Helmet|[of] p2a: Toxapex
|inactive|KeshBa45 has 30 seconds left this turn.
|
|t:|1667681506
|switch|p1a: Tapu Lele|Tapu Lele|100/100|[from]move: U-turn
|-fieldstart|move: Psychic Terrain|[from] ability: Psychic Surge|[of] p1a: Tapu Lele
|
|upkeep
|turn|76
|c| ACrumbOfSerotonin|sorry im stressed rn
|c|☆KeshBa45|Some dmg
|c|☆Pinapple321|Hello again
|c|☆KeshBa45|Why ;0
|inactive|KeshBa45 has 30 seconds left.
|inactive|KeshBa45 has 20 seconds left.
|inactive|KeshBa45 has 15 seconds left.
|inactive|KeshBa45 has 10 seconds left.
|
|t:|1667681536
|switch|p2a: Corviknight|Corviknight, M|84/100
|-ability|p2a: Corviknight|Pressure
|move|p1a: Tapu Lele|Psychic|p2a: Corviknight
|-resisted|p2a: Corviknight
|-damage|p2a: Corviknight|40/100
|
|upkeep
|turn|77
|inactive|KeshBa45 has 20 seconds left this turn.
|inactive|KeshBa45 has 15 seconds left.
|inactive|KeshBa45 has 10 seconds left.
|
|t:|1667681549
|switch|p2a: Gastrodon|Gastrodon, F|95/100
|move|p1a: Tapu Lele|Psychic|p2a: Gastrodon
|-damage|p2a: Gastrodon|28/100
|
|-heal|p2a: Gastrodon|34/100|[from] item: Leftovers
|upkeep
|turn|78
|inactive|KeshBa45 has 20 seconds left this turn.
|inactive|KeshBa45 has 15 seconds left.
|
|t:|1667681555
|move|p2a: Gastrodon|Protect|p2a: Gastrodon
|-singleturn|p2a: Gastrodon|Protect
|move|p1a: Tapu Lele|Psychic|p2a: Gastrodon
|-activate|p2a: Gastrodon|move: Protect
|
|-heal|p2a: Gastrodon|40/100|[from] item: Leftovers
|upkeep
|turn|79
|inactive|KeshBa45 has 25 seconds left this turn.
|inactive|KeshBa45 has 20 seconds left.
|c| ACrumbOfSerotonin|so my team is in PUWC buuuuut we missing teams for gens 4-6 in short im team building
|inactive|KeshBa45 has 15 seconds left.
|inactive|KeshBa45 has 10 seconds left.
|
|t:|1667681574
|switch|p2a: Blissey|Blissey, F|51/100
|move|p1a: Tapu Lele|Psychic|p2a: Blissey
|-damage|p2a: Blissey|19/100
|
|-fieldend|move: Psychic Terrain
|upkeep
|turn|80
|inactive|KeshBa45 has 20 seconds left this turn.
|inactive|KeshBa45 has 15 seconds left.
|inactive|KeshBa45 has 10 seconds left.
|
|t:|1667681586
|switch|p2a: Slowking|Slowking-Galar, F|57/100
|move|p1a: Tapu Lele|Psychic|p2a: Slowking
|-damage|p2a: Slowking|3/100
|
|upkeep
|turn|81
|inactive|KeshBa45 has 20 seconds left this turn.
|inactive|KeshBa45 has 15 seconds left.
|inactive|KeshBa45 has 10 seconds left.
|inactive|KeshBa45 has 5 seconds left.
|
|t:|1667681604
|switch|p2a: Gastrodon|Gastrodon, F|40/100
|move|p1a: Tapu Lele|Psychic|p2a: Gastrodon
|-damage|p2a: Gastrodon|0 fnt
|faint|p2a: Gastrodon
|
|upkeep
|inactive|KeshBa45 has 10 seconds left this turn.
|
|t:|1667681607
|switch|p2a: Corviknight|Corviknight, M|40/100
|-ability|p2a: Corviknight|Pressure
|turn|82
|inactive|KeshBa45 has 20 seconds left this turn.
|
|t:|1667681610
|switch|p1a: Zapdos|Zapdos|75/100 tox
|move|p2a: Corviknight|Roost|p2a: Corviknight
|-heal|p2a: Corviknight|90/100
|-singleturn|p2a: Corviknight|move: Roost
|
|-damage|p1a: Zapdos|69/100 tox|[from] psn
|upkeep
|turn|83
|inactive|KeshBa45 has 30 seconds left this turn.
|
|t:|1667681619
|switch|p2a: Slowking|Slowking-Galar, F|36/100
|move|p1a: Zapdos|Volt Switch|p2a: Slowking
|-damage|p2a: Slowking|14/100
|inactive|KeshBa45 has 30 seconds left this turn.
|
|t:|1667681624
|switch|p1a: Tapu Lele|Tapu Lele|100/100|[from]move: Volt Switch
|-fieldstart|move: Psychic Terrain|[from] ability: Psychic Surge|[of] p1a: Tapu Lele
|
|upkeep
|turn|84
|c|☆KeshBa45|No more of that he'll
|inactive|KeshBa45 has 30 seconds left.
|
|t:|1667681637
|switch|p2a: Clefable|Clefable, F|100/100
|move|p1a: Tapu Lele|Psyshock|p2a: Clefable
|-damage|p2a: Clefable|39/100
|
|-heal|p2a: Clefable|45/100|[from] item: Leftovers
|upkeep
|turn|85
|
|t:|1667681643
|switch|p2a: Corviknight|Corviknight, M|90/100
|-ability|p2a: Corviknight|Pressure
|move|p1a: Tapu Lele|Psyshock|p2a: Corviknight
|-resisted|p2a: Corviknight
|-damage|p2a: Corviknight|64/100
|
|upkeep
|turn|86
|
|t:|1667681654
|switch|p1a: Ferrothorn|Ferrothorn, F|100/100 par
|switch|p2a: Blissey|Blissey, F|19/100
|
|upkeep
|turn|87
|
|t:|1667681661
|move|p2a: Blissey|Soft-Boiled|p2a: Blissey
|-heal|p2a: Blissey|69/100
|move|p1a: Ferrothorn|Stealth Rock|p2a: Blissey
|-sidestart|p2: KeshBa45|move: Stealth Rock
|
|-fieldend|move: Psychic Terrain
|upkeep
|turn|88
|inactive|KeshBa45 has 30 seconds left.
|
|t:|1667681673
|switch|p1a: Zapdos|Zapdos|69/100 tox
|move|p2a: Blissey|Thunder Wave|p1a: Zapdos|[miss]
|-miss|p2a: Blissey|p1a: Zapdos
|
|-damage|p1a: Zapdos|63/100 tox|[from] psn
|upkeep
|turn|89
|inactive|KeshBa45 has 30 seconds left.
|inactive|KeshBa45 has 20 seconds left.
|
|t:|1667681690
|move|p1a: Zapdos|Volt Switch|p2a: Blissey
|-damage|p2a: Blissey|59/100
|inactive|KeshBa45 has 25 seconds left this turn.
|
|t:|1667681703
|switch|p1a: Garchomp|Garchomp, F|100/100|[from]move: Volt Switch
|move|p2a: Blissey|Soft-Boiled|p2a: Blissey
|-heal|p2a: Blissey|100/100
|
|upkeep
|turn|90
|inactive|KeshBa45 has 30 seconds left this turn.
|inactive|KeshBa45 has 20 seconds left.
|
|t:|1667681715
|switch|p2a: Corviknight|Corviknight, M|64/100
|-damage|p2a: Corviknight|51/100|[from] Stealth Rock
|-ability|p2a: Corviknight|Pressure
|move|p1a: Garchomp|Swords Dance|p1a: Garchomp
|-boost|p1a: Garchomp|atk|2
|
|upkeep
|turn|91
|inactive|KeshBa45 has 25 seconds left this turn.
|
|t:|1667681719
|move|p1a: Garchomp|Fire Fang|p2a: Corviknight
|-supereffective|p2a: Corviknight
|-damage|p2a: Corviknight|0 fnt
|faint|p2a: Corviknight
|
|upkeep
|inactive|KeshBa45 has 30 seconds left this turn.
|
|t:|1667681723
|switch|p2a: Clefable|Clefable, F|45/100
|-damage|p2a: Clefable|32/100|[from] Stealth Rock
|turn|92
|c|☆KeshBa45|gg
|inactive|KeshBa45 has 30 seconds left.
|c|☆Pinapple321|Gg
|
|t:|1667681734
|move|p1a: Garchomp|Earthquake|p2a: Clefable
|-damage|p2a: Clefable|0 fnt
|faint|p2a: Clefable
|
|upkeep
|inactive|KeshBa45 has 30 seconds left this turn.
|
|t:|1667681738
|switch|p2a: Blissey|Blissey, F|100/100
|turn|93
|
|t:|1667681740
|move|p1a: Garchomp|Earthquake|p2a: Blissey
|-damage|p2a: Blissey|4/100
|move|p2a: Blissey|Soft-Boiled|p2a: Blissey
|-heal|p2a: Blissey|54/100
|
|upkeep
|turn|94
|
|t:|1667681743
|switch|p2a: Slowking|Slowking-Galar, F|47/100
|-damage|p2a: Slowking|35/100|[from] Stealth Rock
|move|p1a: Garchomp|Earthquake|p2a: Slowking
|-supereffective|p2a: Slowking
|-damage|p2a: Slowking|0 fnt
|faint|p2a: Slowking
|
|upkeep
|
|t:|1667681746
|switch|p2a: Toxapex|Toxapex, M|100/100
|-damage|p2a: Toxapex|88/100|[from] Stealth Rock
|turn|95
|
|t:|1667681749
|move|p1a: Garchomp|Earthquake|p2a: Toxapex
|-supereffective|p2a: Toxapex
|-damage|p2a: Toxapex|0 fnt
|faint|p2a: Toxapex
|
|upkeep
|
|t:|1667681753
|switch|p2a: Blissey|Blissey, F|54/100
|turn|96
|
|t:|1667681756
|move|p1a: Garchomp|Earthquake|p2a: Blissey
|-damage|p2a: Blissey|0 fnt
|faint|p2a: Blissey
|
|win|Pinapple321
|n|☆Pinapple321|pinapple321
|n|☆KeshBa45|keshba45
|n|*Lady Monita ☽|ladymonita
|n| venson04|venson04
|n| ACrumbOfSerotonin|acrumbofserotonin
|n| Zendaya bath water|zendayabathwater
|n| Voyager02|voyager02
|n| Aftx|aftx
|l|*Lady Monita ☽
