|j|☆minimax_ai
|j|☆Blacksponge
|t:|1667520158
|gametype|singles
|player|p1|minimax_ai|lusamine-nihilego|1666
|player|p2|Blacksponge|lucas|1670
|teamsize|p1|6
|teamsize|p2|6
|gen|8
|tier|[Gen 8] OU
|rated|
|rule|Sleep Clause Mod: Limit one foe put to sleep
|rule|Species Clause: Limit one of each Pokémon
|rule|OHKO Clause: OHKO moves are banned
|rule|Evasion Items Clause: Evasion items are banned
|rule|Evasion Moves Clause: Evasion moves are banned
|rule|Endless Battle Clause: Forcing endless battles is banned
|rule|HP Percentage Mod: HP is shown in percentages
|rule|Dynamax Clause: You cannot dynamax
|clearpoke
|poke|p1|Rotom-Wash|
|poke|p1|Weavile, M|
|poke|p1|Landorus-Therian, M|
|poke|p1|Heatran, M|
|poke|p1|Tangrowth, F|
|poke|p1|Melmetal|
|poke|p2|Tyranitar, M|
|poke|p2|Dragapult, M|
|poke|p2|Heatran, F|
|poke|p2|Clefable, M|
|poke|p2|Tapu Koko|
|poke|p2|Victini|
|teampreview
|c|☆minimax_ai|hf
|inactive|Battle timer is ON: inactive players will automatically lose when time's up. (requested by minimax_ai)
|
|t:|1667520169
|start
|switch|p1a: Melmetal|Melmetal|100/100
|switch|p2a: Tapu Koko|Tapu Koko|100/100
|-fieldstart|move: Electric Terrain|[from] ability: Electric Surge|[of] p2a: Tapu Koko
|turn|1
|j| Jongruenwald
|
|t:|1667520185
|move|p2a: Tapu Koko|Nature's Madness|p1a: Melmetal
|-damage|p1a: Melmetal|51/100
|move|p1a: Melmetal|Double Iron Bash|p2a: Tapu Koko
|-damage|p2a: Tapu Koko|48/100
|-crit|p2a: Tapu Koko
|-damage|p2a: Tapu Koko|0 fnt
|faint|p2a: Tapu Koko
|-hitcount|p2: Tapu Koko|2
|
|upkeep
|
|t:|1667520196
|switch|p2a: Heatran|Heatran, F|100/100
|turn|2
|
|t:|1667520198
|switch|p1a: rotomwash|Rotom-Wash|100/100
|move|p2a: Heatran|Stealth Rock|p1a: rotomwash
|-sidestart|p1: minimax_ai|move: Stealth Rock
|
|upkeep
|turn|3
|
|t:|1667520203
|switch|p2a: Clefable|Clefable, M|100/100
|move|p1a: rotomwash|Nasty Plot|p1a: rotomwash
|-boost|p1a: rotomwash|spa|2
|
|upkeep
|turn|4
|
|t:|1667520208
|move|p1a: rotomwash|Thunderbolt|p2a: Clefable
|-damage|p2a: Clefable|70/100
|move|p2a: Clefable|Moonblast|p1a: rotomwash
|-damage|p1a: rotomwash|69/100
|
|-heal|p1a: rotomwash|75/100|[from] item: Leftovers
|-heal|p2a: Clefable|76/100|[from] item: Leftovers
|upkeep
|turn|5
|j| LT_Alt1
|
|t:|1667520213
|move|p1a: rotomwash|Thunderbolt|p2a: Clefable
|-damage|p2a: Clefable|43/100
|move|p2a: Clefable|Teleport|p2a: Clefable
|
|t:|1667520216
|switch|p2a: Dragapult|Dragapult, M|100/100|[from]move: Teleport
|
|-heal|p1a: rotomwash|81/100|[from] item: Leftovers
|-fieldend|move: Electric Terrain
|upkeep
|turn|6
|
|t:|1667520221
|switch|p1a: Melmetal|Melmetal|51/100
|-damage|p1a: Melmetal|44/100|[from] Stealth Rock
|move|p2a: Dragapult|Dragon Darts|p1a: Melmetal
|-resisted|p1a: Melmetal
|-damage|p1a: Melmetal|34/100
|-anim|p2a: Dragapult|Dragon Darts|p1a: Melmetal
|-resisted|p1a: Melmetal
|-damage|p1a: Melmetal|21/100
|
|upkeep
|turn|7
|
|t:|1667520224
|move|p2a: Dragapult|Dragon Darts|p1a: Melmetal
|-resisted|p1a: Melmetal
|-damage|p1a: Melmetal|9/100
|-anim|p2a: Dragapult|Dragon Darts|p1a: Melmetal
|-resisted|p1a: Melmetal
|-crit|p1a: Melmetal
|-damage|p1a: Melmetal|0 fnt
|faint|p1a: Melmetal
|
|upkeep
|
|t:|1667520224
|switch|p1a: Heatran|Heatran, M|100/100
|-damage|p1a: Heatran|88/100|[from] Stealth Rock
|-item|p1a: Heatran|Air Balloon
|turn|8
|
|t:|1667520227
|move|p2a: Dragapult|Dragon Darts|p1a: Heatran
|-resisted|p1a: Heatran
|-damage|p1a: Heatran|68/100
|-enditem|p1a: Heatran|Air Balloon
|-anim|p2a: Dragapult|Dragon Darts|p1a: Heatran
|-resisted|p1a: Heatran
|-damage|p1a: Heatran|48/100
|move|p1a: Heatran|Earth Power|p2a: Dragapult
|-damage|p2a: Dragapult|58/100
|
|upkeep
|turn|9
|
|t:|1667520231
|move|p2a: Dragapult|Dragon Darts|p1a: Heatran
|-resisted|p1a: Heatran
|-damage|p1a: Heatran|27/100
|-anim|p2a: Dragapult|Dragon Darts|p1a: Heatran
|-resisted|p1a: Heatran
|-damage|p1a: Heatran|6/100
|move|p1a: Heatran|Magma Storm|p2a: Dragapult
|-resisted|p2a: Dragapult
|-damage|p2a: Dragapult|19/100
|-activate|p2a: Dragapult|move: Magma Storm|[of] p1a: Heatran
|
|-damage|p2a: Dragapult|7/100|[from] move: Magma Storm|[partiallytrapped]
|upkeep
|turn|10
|
|t:|1667520233
|move|p2a: Dragapult|Dragon Darts|p1a: Heatran
|-resisted|p1a: Heatran
|-damage|p1a: Heatran|0 fnt
|faint|p1a: Heatran
|
|-end|p2a: Dragapult|Magma Storm|[partiallytrapped]|[silent]
|upkeep
|
|t:|1667520233
|switch|p1a: landorustherian|Landorus-Therian, M|100/100
|-damage|p1a: landorustherian|88/100|[from] Stealth Rock
|-ability|p1a: landorustherian|Intimidate|boost
|-fail|p2a: Dragapult|unboost|[from] ability: Clear Body|[of] p2a: Dragapult
|turn|11
|
|t:|1667520235
|move|p2a: Dragapult|Dragon Darts|p1a: landorustherian
|-damage|p1a: landorustherian|51/100
|-anim|p2a: Dragapult|Dragon Darts|p1a: landorustherian
|-damage|p1a: landorustherian|12/100
|move|p1a: landorustherian|Earthquake|p2a: Dragapult
|-damage|p2a: Dragapult|0 fnt
|faint|p2a: Dragapult
|
|-heal|p1a: landorustherian|18/100|[from] item: Leftovers
|upkeep
|j| Drearylake
|
|t:|1667520239
|switch|p2a: Heatran|Heatran, F|100/100
|turn|12
|
|t:|1667520240
|move|p2a: Heatran|Eruption|p1a: landorustherian
|-damage|p1a: landorustherian|0 fnt
|faint|p1a: landorustherian
|
|upkeep
|
|t:|1667520240
|switch|p1a: rotomwash|Rotom-Wash|81/100
|-damage|p1a: rotomwash|69/100|[from] Stealth Rock
|turn|13
|
|t:|1667520245
|switch|p2a: Tyranitar|Tyranitar, M|100/100
|-weather|Sandstorm|[from] ability: Sand Stream|[of] p2a: Tyranitar
|move|p1a: rotomwash|Pain Split|p2a: Tyranitar
|-sethp|p2a: Tyranitar|81/100|[from] move: Pain Split|[silent]
|-sethp|p1a: rotomwash|91/100|[from] move: Pain Split
|
|-weather|Sandstorm|[upkeep]
|-damage|p1a: rotomwash|85/100|[from] Sandstorm
|-heal|p1a: rotomwash|91/100|[from] item: Leftovers
|upkeep
|turn|14
|
|t:|1667520249
|move|p1a: rotomwash|Hydro Pump|p2a: Tyranitar
|-supereffective|p2a: Tyranitar
|-damage|p2a: Tyranitar|21/100
|move|p2a: Tyranitar|Stone Edge|p1a: rotomwash
|-damage|p1a: rotomwash|6/100
|
|-weather|Sandstorm|[upkeep]
|-damage|p1a: rotomwash|0 fnt|[from] Sandstorm
|faint|p1a: rotomwash
|upkeep
|
|t:|1667520249
|switch|p1a: Weavile|Weavile, M|100/100
|-damage|p1a: Weavile|76/100|[from] Stealth Rock
|-ability|p1a: Weavile|Pressure
|turn|15
|
|t:|1667520252
|move|p1a: Weavile|Knock Off|p2a: Tyranitar
|-resisted|p2a: Tyranitar
|-damage|p2a: Tyranitar|0 fnt
|-enditem|p2a: Tyranitar|Choice Band|[from] move: Knock Off|[of] p1a: Weavile
|faint|p2a: Tyranitar
|
|-weather|Sandstorm|[upkeep]
|-damage|p1a: Weavile|70/100|[from] Sandstorm
|upkeep
|
|t:|1667520254
|switch|p2a: Heatran|Heatran, F|100/100
|turn|16
|
|t:|1667520256
|move|p2a: Heatran|Eruption|p1a: Weavile
|-supereffective|p1a: Weavile
|-damage|p1a: Weavile|0 fnt
|faint|p1a: Weavile
|
|-weather|Sandstorm|[upkeep]
|upkeep
|
|t:|1667520256
|switch|p1a: Tangrowth|Tangrowth, F|100/100
|-damage|p1a: Tangrowth|88/100|[from] Stealth Rock
|turn|17
|
|t:|1667520258
|move|p2a: Heatran|Eruption|p1a: Tangrowth
|-supereffective|p1a: Tangrowth
|-damage|p1a: Tangrowth|0 fnt
|faint|p1a: Tangrowth
|
|win|Blacksponge
|raw|minimax_ai's rating: 1666 &rarr; <strong>1646</strong><br />(-20 for losing)
|raw|Blacksponge's rating: 1670 &rarr; <strong>1690</strong><br />(+20 for winning)
|c|☆minimax_ai|gg
