|raw|<div class="broadcast-blue"><strong>This battle is required to be public due to a player having a name starting with 'lt92pf'.</div>
|j|☆j_albacino023
|j|‽LT92PF El Mainer
|t:|1659906564
|gametype|singles
|player|p1|j_albacino023|265|1894
|player|p2|LT92PF El Mainer|#ssdivlindworms|1889
|teamsize|p1|6
|teamsize|p2|6
|gen|8
|tier|[Gen 8] OU
|rated|
|rule|Sleep Clause Mod: Limit one foe put to sleep
|rule|Species Clause: Limit one of each Pokémon
|rule|OHKO Clause: OHKO moves are banned
|rule|Evasion Items Clause: Evasion items are banned
|rule|Evasion Moves Clause: Evasion moves are banned
|rule|Endless Battle Clause: Forcing endless battles is banned
|rule|HP Percentage Mod: HP is shown in percentages
|rule|Dynamax Clause: You cannot dynamax
|clearpoke
|poke|p1|Ferrothorn, M|
|poke|p1|Rotom-Wash|
|poke|p1|Tyranitar, M|
|poke|p1|Excadrill, M|
|poke|p1|Clefable, M|
|poke|p1|Dragapult, M|
|poke|p2|Volcanion|
|poke|p2|Ninetales-Alola, M|
|poke|p2|Corviknight, F|
|poke|p2|Arctozolt|
|poke|p2|Landorus-Therian, M|
|poke|p2|Tornadus-Therian, M|
|teampreview
|j| Ethanhuyp
|inactive|Battle timer is ON: inactive players will automatically lose when time's up. (requested by LT92PF El Mainer)
|j| lt92pf jf
|j| lt92pf shinra
|
|t:|1659906630
|start
|switch|p1a: Clefable|Clefable, M|100/100
|switch|p2a: Landorus|Landorus-Therian, M|100/100
|-ability|p2a: Landorus|Intimidate|boost
|-unboost|p1a: Clefable|atk|1
|turn|1
|l| lt92pf shinra
|
|t:|1659906638
|move|p2a: Landorus|Earthquake|p1a: Clefable
|-damage|p1a: Clefable|65/100
|move|p1a: Clefable|Knock Off|p2a: Landorus
|-damage|p2a: Landorus|91/100
|-enditem|p2a: Landorus|Leftovers|[from] move: Knock Off|[of] p1a: Clefable
|
|upkeep
|turn|2
|j| lt92pf mind
|
|t:|1659906642
|switch|p2a: Volcanion|Volcanion|100/100
|move|p1a: Clefable|Soft-Boiled|p1a: Clefable
|-heal|p1a: Clefable|100/100
|
|upkeep
|turn|3
|j| Wicket Ticket
|
|t:|1659906648
|switch|p1a: Rotom|Rotom-Wash|100/100
|move|p2a: Volcanion|Steam Eruption|p1a: Rotom
|-resisted|p1a: Rotom
|-damage|p1a: Rotom|51/100
|
|-heal|p1a: Rotom|58/100|[from] item: Leftovers
|upkeep
|turn|4
|
|t:|1659906654
|move|p1a: Rotom|Pain Split|p2a: Volcanion
|-sethp|p2a: Volcanion|79/100|[from] move: Pain Split|[silent]
|-sethp|p1a: Rotom|78/100|[from] move: Pain Split
|move|p2a: Volcanion|Steam Eruption|p1a: Rotom
|-resisted|p1a: Rotom
|-damage|p1a: Rotom|33/100
|
|-heal|p1a: Rotom|39/100|[from] item: Leftovers
|upkeep
|turn|5
|j| dickgarmaker
|j| Lunarr
|l| Wicket Ticket
|j| LT91BB Zilla
|
|t:|1659906662
|move|p1a: Rotom|Pain Split|p2a: Volcanion
|-sethp|p2a: Volcanion|59/100|[from] move: Pain Split|[silent]
|-sethp|p1a: Rotom|59/100|[from] move: Pain Split
|move|p2a: Volcanion|Steam Eruption|p1a: Rotom
|-resisted|p1a: Rotom
|-damage|p1a: Rotom|10/100
|-status|p1a: Rotom|brn
|
|-heal|p1a: Rotom|17/100 brn|[from] item: Leftovers
|-damage|p1a: Rotom|10/100 brn|[from] brn
|upkeep
|turn|6
|
|t:|1659906667
|switch|p2a: Ninetales|Ninetales-Alola, M|100/100
|-weather|Hail|[from] ability: Snow Warning|[of] p2a: Ninetales
|move|p1a: Rotom|Pain Split|p2a: Ninetales
|-sethp|p2a: Ninetales|55/100|[from] move: Pain Split|[silent]
|-sethp|p1a: Rotom|63/100 brn|[from] move: Pain Split
|
|-weather|Hail|[upkeep]
|-damage|p1a: Rotom|57/100 brn|[from] Hail
|-heal|p1a: Rotom|63/100 brn|[from] item: Leftovers
|-damage|p1a: Rotom|57/100 brn|[from] brn
|upkeep
|turn|7
|j| London Beats
|
|t:|1659906672
|switch|p1a: Clefable|Clefable, M|100/100
|move|p2a: Ninetales|Moonblast|p1a: Clefable
|-crit|p1a: Clefable
|-damage|p1a: Clefable|59/100
|
|-weather|Hail|[upkeep]
|upkeep
|turn|8
|
|t:|1659906676
|switch|p2a: Volcanion|Volcanion|59/100
|move|p1a: Clefable|Stealth Rock|p2a: Volcanion
|-sidestart|p2: LT92PF El Mainer|move: Stealth Rock
|
|-weather|Hail|[upkeep]
|-damage|p2a: Volcanion|53/100|[from] Hail
|upkeep
|turn|9
|j| LT92PF Hikozaru
|j| LT92PF PC
|
|t:|1659906690
|switch|p1a: Rotom|Rotom-Wash|57/100 brn
|move|p2a: Volcanion|Sludge Bomb|p1a: Rotom
|-damage|p1a: Rotom|0 fnt
|faint|p1a: Rotom
|
|-weather|Hail|[upkeep]
|-damage|p2a: Volcanion|47/100|[from] Hail
|upkeep
|
|t:|1659906692
|switch|p1a: Dragapult|Dragapult, M|100/100
|turn|10
|
|t:|1659906697
|switch|p2a: Landorus|Landorus-Therian, M|91/100
|-damage|p2a: Landorus|79/100|[from] Stealth Rock
|-ability|p2a: Landorus|Intimidate|boost
|-unboost|p1a: Dragapult|atk|1
|move|p1a: Dragapult|Shadow Ball|p2a: Landorus
|-damage|p2a: Landorus|38/100
|
|-weather|Hail|[upkeep]
|-damage|p1a: Dragapult|95/100|[from] Hail
|-damage|p2a: Landorus|32/100|[from] Hail
|upkeep
|turn|11
|
|t:|1659906700
|move|p1a: Dragapult|Shadow Ball|p2a: Landorus
|-damage|p2a: Landorus|0 fnt
|faint|p2a: Landorus
|
|-weather|Hail|[upkeep]
|-damage|p1a: Dragapult|89/100|[from] Hail
|upkeep
|
|t:|1659906702
|switch|p2a: Tornadus|Tornadus-Therian, M|100/100
|-damage|p2a: Tornadus|76/100|[from] Stealth Rock
|turn|12
|
|t:|1659906705
|move|p1a: Dragapult|Shadow Ball|p2a: Tornadus
|-damage|p2a: Tornadus|39/100
|move|p2a: Tornadus|Knock Off|p1a: Dragapult
|-supereffective|p1a: Dragapult
|-damage|p1a: Dragapult|37/100
|-enditem|p1a: Dragapult|Choice Specs|[from] move: Knock Off|[of] p2a: Tornadus
|
|-weather|Hail|[upkeep]
|-damage|p1a: Dragapult|31/100|[from] Hail
|-damage|p2a: Tornadus|33/100|[from] Hail
|upkeep
|turn|13
|j| LT92PF Pachito
|
|t:|1659906712
|switch|p2a: Corviknight|Corviknight, F|100/100
|-damage|p2a: Corviknight|88/100|[from] Stealth Rock
|-ability|p2a: Corviknight|Pressure
|move|p1a: Dragapult|Flamethrower|p2a: Corviknight
|-supereffective|p2a: Corviknight
|-damage|p2a: Corviknight|41/100
|
|-weather|none
|upkeep
|turn|14
|
|t:|1659906719
|switch|p2a: Ninetales|Ninetales-Alola, M|55/100
|-damage|p2a: Ninetales|30/100|[from] Stealth Rock
|-weather|Hail|[from] ability: Snow Warning|[of] p2a: Ninetales
|move|p1a: Dragapult|Flamethrower|p2a: Ninetales
|-supereffective|p2a: Ninetales
|-damage|p2a: Ninetales|0 fnt
|faint|p2a: Ninetales
|
|-weather|Hail|[upkeep]
|-damage|p1a: Dragapult|25/100|[from] Hail
|upkeep
|
|t:|1659906722
|switch|p2a: Arctozolt|Arctozolt|100/100
|-damage|p2a: Arctozolt|76/100|[from] Stealth Rock
|turn|15
|j| deidmiredmd
|j| Livio el Tito
|l| deidmiredmd
|
|t:|1659906735
|switch|p1a: Clefable|Clefable, M|59/100
|move|p2a: Arctozolt|Bolt Beak|p1a: Clefable
|-damage|p1a: Clefable|0 fnt
|-damage|p2a: Arctozolt|59/100|[from] item: Rocky Helmet|[of] p1a: Clefable
|faint|p1a: Clefable
|
|-weather|Hail|[upkeep]
|-heal|p2a: Arctozolt|65/100|[from] item: Leftovers
|upkeep
|
|t:|1659906737
|switch|p1a: Tyranitar|Tyranitar, M|100/100
|-weather|Sandstorm|[from] ability: Sand Stream|[of] p1a: Tyranitar
|turn|16
|
|t:|1659906744
|move|p2a: Arctozolt|Blizzard|p1a: Tyranitar
|-damage|p1a: Tyranitar|78/100
|move|p1a: Tyranitar|Crunch|p2a: Arctozolt
|-damage|p2a: Arctozolt|0 fnt
|faint|p2a: Arctozolt
|
|-weather|Sandstorm|[upkeep]
|upkeep
|
|t:|1659906748
|switch|p2a: Volcanion|Volcanion|47/100
|-damage|p2a: Volcanion|22/100|[from] Stealth Rock
|turn|17
|
|t:|1659906768
|switch|p1a: Ferrothorn|Ferrothorn, M|100/100
|move|p2a: Volcanion|Steam Eruption|p1a: Ferrothorn
|-resisted|p1a: Ferrothorn
|-damage|p1a: Ferrothorn|61/100
|
|-weather|Sandstorm|[upkeep]
|-damage|p2a: Volcanion|16/100|[from] Sandstorm
|-heal|p1a: Ferrothorn|67/100|[from] item: Leftovers
|upkeep
|turn|18
|
|t:|1659906773
|switch|p2a: Corviknight|Corviknight, F|41/100
|-damage|p2a: Corviknight|28/100|[from] Stealth Rock
|-ability|p2a: Corviknight|Pressure
|move|p1a: Ferrothorn|Leech Seed|p2a: Corviknight
|-start|p2a: Corviknight|move: Leech Seed
|
|-weather|Sandstorm|[upkeep]
|-heal|p1a: Ferrothorn|73/100|[from] item: Leftovers
|-damage|p2a: Corviknight|16/100|[from] Leech Seed|[of] p1a: Ferrothorn
|-heal|p1a: Ferrothorn|87/100|[silent]
|upkeep
|turn|19
|j| Venositile
|
|t:|1659906779
|move|p2a: Corviknight|Roost|p2a: Corviknight
|-heal|p2a: Corviknight|66/100
|-singleturn|p2a: Corviknight|move: Roost
|move|p1a: Ferrothorn|Body Press|p2a: Corviknight
|-supereffective|p2a: Corviknight
|-damage|p2a: Corviknight|29/100
|-damage|p1a: Ferrothorn|70/100|[from] item: Rocky Helmet|[of] p2a: Corviknight
|
|-weather|Sandstorm|[upkeep]
|-heal|p1a: Ferrothorn|76/100|[from] item: Leftovers
|-damage|p2a: Corviknight|17/100|[from] Leech Seed|[of] p1a: Ferrothorn
|-heal|p1a: Ferrothorn|90/100|[silent]
|upkeep
|turn|20
|
|t:|1659906785
|move|p2a: Corviknight|Roost|p2a: Corviknight
|-heal|p2a: Corviknight|67/100
|-singleturn|p2a: Corviknight|move: Roost
|move|p1a: Ferrothorn|Body Press|p2a: Corviknight
|-supereffective|p2a: Corviknight
|-damage|p2a: Corviknight|25/100
|-damage|p1a: Ferrothorn|74/100|[from] item: Rocky Helmet|[of] p2a: Corviknight
|
|-weather|none
|-heal|p1a: Ferrothorn|80/100|[from] item: Leftovers
|-damage|p2a: Corviknight|13/100|[from] Leech Seed|[of] p1a: Ferrothorn
|-heal|p1a: Ferrothorn|94/100|[silent]
|upkeep
|turn|21
|
|t:|1659906788
|move|p2a: Corviknight|Roost|p2a: Corviknight
|-heal|p2a: Corviknight|63/100
|-singleturn|p2a: Corviknight|move: Roost
|move|p1a: Ferrothorn|Body Press|p2a: Corviknight
|-supereffective|p2a: Corviknight
|-damage|p2a: Corviknight|21/100
|-damage|p1a: Ferrothorn|77/100|[from] item: Rocky Helmet|[of] p2a: Corviknight
|
|-heal|p1a: Ferrothorn|83/100|[from] item: Leftovers
|-damage|p2a: Corviknight|9/100|[from] Leech Seed|[of] p1a: Ferrothorn
|-heal|p1a: Ferrothorn|97/100|[silent]
|upkeep
|turn|22
|
|t:|1659906792
|move|p2a: Corviknight|Roost|p2a: Corviknight
|-heal|p2a: Corviknight|59/100
|-singleturn|p2a: Corviknight|move: Roost
|move|p1a: Ferrothorn|Body Press|p2a: Corviknight
|-supereffective|p2a: Corviknight
|-damage|p2a: Corviknight|23/100
|-damage|p1a: Ferrothorn|81/100|[from] item: Rocky Helmet|[of] p2a: Corviknight
|
|-heal|p1a: Ferrothorn|87/100|[from] item: Leftovers
|-damage|p2a: Corviknight|11/100|[from] Leech Seed|[of] p1a: Ferrothorn
|-heal|p1a: Ferrothorn|100/100|[silent]
|upkeep
|turn|23
|
|t:|1659906794
|move|p2a: Corviknight|Roost|p2a: Corviknight
|-heal|p2a: Corviknight|61/100
|-singleturn|p2a: Corviknight|move: Roost
|move|p1a: Ferrothorn|Body Press|p2a: Corviknight
|-supereffective|p2a: Corviknight
|-damage|p2a: Corviknight|24/100
|-damage|p1a: Ferrothorn|84/100|[from] item: Rocky Helmet|[of] p2a: Corviknight
|
|-heal|p1a: Ferrothorn|90/100|[from] item: Leftovers
|-damage|p2a: Corviknight|11/100|[from] Leech Seed|[of] p1a: Ferrothorn
|-heal|p1a: Ferrothorn|100/100|[silent]
|upkeep
|turn|24
|
|t:|1659906798
|move|p2a: Corviknight|Roost|p2a: Corviknight
|-heal|p2a: Corviknight|61/100
|-singleturn|p2a: Corviknight|move: Roost
|move|p1a: Ferrothorn|Body Press|p2a: Corviknight
|-supereffective|p2a: Corviknight
|-damage|p2a: Corviknight|25/100
|-damage|p1a: Ferrothorn|84/100|[from] item: Rocky Helmet|[of] p2a: Corviknight
|
|-heal|p1a: Ferrothorn|90/100|[from] item: Leftovers
|-damage|p2a: Corviknight|13/100|[from] Leech Seed|[of] p1a: Ferrothorn
|-heal|p1a: Ferrothorn|100/100|[silent]
|upkeep
|turn|25
|
|t:|1659906801
|switch|p1a: Dragapult|Dragapult, M|25/100
|move|p2a: Corviknight|Roost|p2a: Corviknight
|-heal|p2a: Corviknight|63/100
|-singleturn|p2a: Corviknight|move: Roost
|
|-damage|p2a: Corviknight|50/100|[from] Leech Seed|[of] p1a: Dragapult
|-heal|p1a: Dragapult|41/100|[silent]
|upkeep
|turn|26
|j| Tace
|
|t:|1659906804
|switch|p2a: Volcanion|Volcanion|16/100
|-damage|p2a: Volcanion|0 fnt|[from] Stealth Rock
|faint|p2a: Volcanion
|move|p1a: Dragapult|Flamethrower|p2: Volcanion|[notarget]
|-fail|p1a: Dragapult
|
|upkeep
|
|t:|1659906806
|switch|p2a: Tornadus|Tornadus-Therian, M|66/100
|-damage|p2a: Tornadus|41/100|[from] Stealth Rock
|turn|27
|j| Lt92pf nagi
|
|t:|1659906813
|move|p1a: Dragapult|Draco Meteor|p2a: Tornadus
|-damage|p2a: Tornadus|6/100
|-unboost|p1a: Dragapult|spa|2
|move|p2a: Tornadus|U-turn|p1a: Dragapult
|-resisted|p1a: Dragapult
|-damage|p1a: Dragapult|31/100
|
|t:|1659906815
|switch|p2a: Corviknight|Corviknight, F|50/100|[from]move: U-turn
|-damage|p2a: Corviknight|38/100|[from] Stealth Rock
|-ability|p2a: Corviknight|Pressure
|
|upkeep
|turn|28
|j| simplegent
|
|t:|1659906826
|switch|p1a: Tyranitar|Tyranitar, M|78/100
|-weather|Sandstorm|[from] ability: Sand Stream|[of] p1a: Tyranitar
|move|p2a: Corviknight|Roost|p2a: Corviknight
|-heal|p2a: Corviknight|88/100
|-singleturn|p2a: Corviknight|move: Roost
|
|-weather|Sandstorm|[upkeep]
|upkeep
|turn|29
|
|t:|1659906830
|move|p1a: Tyranitar|Stone Edge|p2a: Corviknight
|-damage|p2a: Corviknight|33/100
|move|p2a: Corviknight|Defog|p1a: Tyranitar
|-unboost|p1a: Tyranitar|evasion|1
|-sideend|p2: LT92PF El Mainer|Stealth Rock|[from] move: Defog|[of] p2a: Corviknight
|
|-weather|Sandstorm|[upkeep]
|upkeep
|turn|30
|j| filon
|
|t:|1659906834
|move|p1a: Tyranitar|Stone Edge|p2a: Corviknight
|-damage|p2a: Corviknight|0 fnt
|faint|p2a: Corviknight
|
|-weather|Sandstorm|[upkeep]
|upkeep
|-message|LT92PF El Mainer forfeited.
|
|win|j_albacino023
|raw|j_albacino023's rating: 1863 &rarr; <strong>1884</strong><br />(+21 for winning)
|raw|LT92PF El Mainer's rating: 1889 &rarr; <strong>1868</strong><br />(-21 for losing)
|l|‽LT92PF El Mainer
|l|☆j_albacino023
|l| Tace
|j| LT92PF Killua
|l| dickgarmaker
|l| simplegent
|l| LT92PF Pachito
|l| LT92PF Hikozaru
|l| lt92pf mind
||Ladder isn't responding, score probably updated but might not have (Request timeout).
|l| Livio el Tito
|l| Ethanhuyp
|l| Venositile
|l| LT92PF PC
|l| filon
|j| officerjennyishot
|j| Remisob
|l| Remisob
|j| BL0X
