|raw|<div class="broadcast-blue"><strong>This battle is required to be public due to a player having a name starting with 'lt93oq'.</div>
|j|‽LT93OQ Bee
|j|☆Batataplays
|t:|1660358551
|gametype|singles
|player|p1|LT93OQ Bee|cynthia-masters|1853
|player|p2|Batataplays|furisodegirl-blue|1778
|teamsize|p1|6
|teamsize|p2|6
|gen|8
|tier|[Gen 8] OU
|rated|
|rule|Sleep Clause Mod: Limit one foe put to sleep
|rule|Species Clause: Limit one of each Pokémon
|rule|OHKO Clause: OHKO moves are banned
|rule|Evasion Items Clause: Evasion items are banned
|rule|Evasion Moves Clause: Evasion moves are banned
|rule|Endless Battle Clause: Forcing endless battles is banned
|rule|HP Percentage Mod: HP is shown in percentages
|rule|Dynamax Clause: You cannot dynamax
|clearpoke
|poke|p1|Dragapult, M|
|poke|p1|Zapdos|
|poke|p1|Urshifu-*, F|
|poke|p1|Tapu Lele|
|poke|p1|Landorus-Therian, M|
|poke|p1|Melmetal|
|poke|p2|Politoed, F|
|poke|p2|Tapu Lele|
|poke|p2|Ferrothorn, M|
|poke|p2|Landorus-Therian, M|
|poke|p2|Mandibuzz, F|
|poke|p2|Kartana|
|teampreview
|inactive|Battle timer is ON: inactive players will automatically lose when time's up. (requested by LT93OQ Bee)
|
|t:|1660358562
|start
|switch|p1a: Urshifu|Urshifu-Rapid-Strike, F|100/100
|switch|p2a: Tapu Lele|Tapu Lele|100/100
|-fieldstart|move: Psychic Terrain|[from] ability: Psychic Surge|[of] p2a: Tapu Lele
|turn|1
|
|t:|1660358571
|switch|p1a: Melmetal|Melmetal|100/100
|move|p2a: Tapu Lele|Moonblast|p1a: Melmetal
|-resisted|p1a: Melmetal
|-damage|p1a: Melmetal|70/100
|
|-heal|p1a: Melmetal|76/100|[from] item: Leftovers
|upkeep
|turn|2
|inactive|LT93OQ Bee has 120 seconds left.
|
|t:|1660358611
|switch|p2a: Politoed|Politoed, F|100/100
|-weather|RainDance|[from] ability: Drizzle|[of] p2a: Politoed
|switch|p1a: Dragapult|Dragapult, M|100/100
|
|-weather|RainDance|[upkeep]
|upkeep
|turn|3
|j| CJQ1990
|
|t:|1660358619
|move|p1a: Dragapult|Draco Meteor|p2a: Politoed
|-damage|p2a: Politoed|6/100
|-unboost|p1a: Dragapult|spa|2
|move|p2a: Politoed|Ice Beam|p1a: Dragapult
|-supereffective|p1a: Dragapult
|-damage|p1a: Dragapult|0 fnt
|faint|p1a: Dragapult
|
|-weather|RainDance|[upkeep]
|upkeep
|j| UZI20000
|inactive|LT93OQ Bee has 120 seconds left.
|
|t:|1660358636
|switch|p1a: Zapdos|Zapdos|100/100
|turn|4
|
|t:|1660358643
|move|p1a: Zapdos|Hurricane|p2a: Politoed
|-damage|p2a: Politoed|0 fnt
|faint|p2a: Politoed
|
|-weather|RainDance|[upkeep]
|upkeep
|
|t:|1660358646
|switch|p2a: Tapu Lele|Tapu Lele|100/100
|turn|5
|
|t:|1660358650
|move|p1a: Zapdos|Volt Switch|p2a: Tapu Lele
|-damage|p2a: Tapu Lele|65/100
|
|t:|1660358653
|switch|p1a: Landorus|Landorus-Therian, M|100/100|[from]move: Volt Switch
|-ability|p1a: Landorus|Intimidate|boost
|-unboost|p2a: Tapu Lele|atk|1
|move|p2a: Tapu Lele|Moonblast|p1a: Landorus
|-damage|p1a: Landorus|14/100
|
|-weather|RainDance|[upkeep]
|-heal|p1a: Landorus|20/100|[from] item: Leftovers
|-fieldend|move: Psychic Terrain
|upkeep
|turn|6
|
|t:|1660358656
|switch|p1a: Melmetal|Melmetal|76/100
|move|p2a: Tapu Lele|Moonblast|p1a: Melmetal
|-resisted|p1a: Melmetal
|-damage|p1a: Melmetal|43/100
|
|-weather|none
|-heal|p1a: Melmetal|49/100|[from] item: Leftovers
|upkeep
|turn|7
|
|t:|1660358659
|switch|p2a: Ferrothorn|Ferrothorn, M|100/100
|move|p1a: Melmetal|Earthquake|p2a: Ferrothorn
|-damage|p2a: Ferrothorn|72/100
|
|-heal|p1a: Melmetal|55/100|[from] item: Leftovers
|-heal|p2a: Ferrothorn|78/100|[from] item: Leftovers
|upkeep
|turn|8
|
|t:|1660358663
|switch|p1a: Urshifu|Urshifu-Rapid-Strike, F|100/100
|move|p2a: Ferrothorn|Leech Seed|p1a: Urshifu
|-start|p1a: Urshifu|move: Leech Seed
|
|-heal|p2a: Ferrothorn|84/100|[from] item: Leftovers
|-damage|p1a: Urshifu|88/100|[from] Leech Seed|[of] p2a: Ferrothorn
|-heal|p2a: Ferrothorn|96/100|[silent]
|upkeep
|turn|9
|
|t:|1660358667
|switch|p2a: Mandibuzz|Mandibuzz, F|100/100
|move|p1a: Urshifu|Surging Strikes|p2a: Mandibuzz
|-crit|p2a: Mandibuzz
|-damage|p2a: Mandibuzz|80/100
|-crit|p2a: Mandibuzz
|-damage|p2a: Mandibuzz|62/100
|-crit|p2a: Mandibuzz
|-damage|p2a: Mandibuzz|41/100
|-hitcount|p2a: Mandibuzz|3
|
|-damage|p1a: Urshifu|76/100|[from] Leech Seed|[of] p2a: Mandibuzz
|-heal|p2a: Mandibuzz|51/100|[silent]
|upkeep
|turn|10
|
|t:|1660358672
|switch|p1a: Landorus|Landorus-Therian, M|20/100
|-ability|p1a: Landorus|Intimidate|boost
|-unboost|p2a: Mandibuzz|atk|1
|move|p2a: Mandibuzz|Roost|p2a: Mandibuzz
|-heal|p2a: Mandibuzz|100/100
|-singleturn|p2a: Mandibuzz|move: Roost
|
|-heal|p1a: Landorus|26/100|[from] item: Leftovers
|upkeep
|turn|11
|j| lingjolunojobana
|
|t:|1660358676
|move|p1a: Landorus|Stealth Rock|p2a: Mandibuzz
|-sidestart|p2: Batataplays|move: Stealth Rock
|move|p2a: Mandibuzz|Foul Play|p1a: Landorus
|-damage|p1a: Landorus|0 fnt
|faint|p1a: Landorus
|
|upkeep
|
|t:|1660358683
|switch|p1a: Tapu Lele|Tapu Lele|100/100
|-fieldstart|move: Psychic Terrain|[from] ability: Psychic Surge|[of] p1a: Tapu Lele
|turn|12
|
|t:|1660358686
|move|p1a: Tapu Lele|Focus Blast|p2a: Mandibuzz|[miss]
|-miss|p1a: Tapu Lele|p2a: Mandibuzz
|move|p2a: Mandibuzz|Defog|p1a: Tapu Lele
|-unboost|p1a: Tapu Lele|evasion|1
|-sideend|p2: Batataplays|Stealth Rock|[from] move: Defog|[of] p2a: Mandibuzz
|-fieldend|move: Psychic Terrain
|
|upkeep
|turn|13
|
|t:|1660358690
|switch|p1a: Zapdos|Zapdos|100/100
|move|p2a: Mandibuzz|U-turn|p1a: Zapdos
|-resisted|p1a: Zapdos
|-damage|p1a: Zapdos|96/100
|-status|p2a: Mandibuzz|par|[from] ability: Static|[of] p1a: Zapdos
|
|t:|1660358694
|switch|p2a: Landorus|Landorus-Therian, M|100/100|[from]move: U-turn
|-ability|p2a: Landorus|Intimidate|boost
|-unboost|p1a: Zapdos|atk|1
|
|upkeep
|turn|14
|
|t:|1660358697
|move|p1a: Zapdos|Hurricane|p2a: Landorus
|-damage|p2a: Landorus|39/100
|move|p2a: Landorus|Knock Off|p1a: Zapdos
|-damage|p1a: Zapdos|59/100
|-enditem|p1a: Zapdos|Heavy-Duty Boots|[from] move: Knock Off|[of] p2a: Landorus
|
|upkeep
|turn|15
|
|t:|1660358709
|switch|p2a: Ferrothorn|Ferrothorn, M|96/100
|move|p1a: Zapdos|Hurricane|p2a: Ferrothorn|[miss]
|-miss|p1a: Zapdos|p2a: Ferrothorn
|
|-heal|p2a: Ferrothorn|100/100|[from] item: Leftovers
|upkeep
|turn|16
|
|t:|1660358714
|move|p1a: Zapdos|Hurricane|p2a: Ferrothorn
|-damage|p2a: Ferrothorn|63/100
|-start|p2a: Ferrothorn|confusion
|-activate|p2a: Ferrothorn|confusion
|move|p2a: Ferrothorn|Leech Seed|p1a: Zapdos
|-start|p1a: Zapdos|move: Leech Seed
|
|-heal|p2a: Ferrothorn|69/100|[from] item: Leftovers
|-damage|p1a: Zapdos|46/100|[from] Leech Seed|[of] p2a: Ferrothorn
|-heal|p2a: Ferrothorn|80/100|[silent]
|upkeep
|turn|17
|
|t:|1660358717
|move|p1a: Zapdos|Roost|p1a: Zapdos
|-heal|p1a: Zapdos|96/100
|-singleturn|p1a: Zapdos|move: Roost
|-end|p2a: Ferrothorn|confusion
|move|p2a: Ferrothorn|Spikes|p1a: Zapdos
|-sidestart|p1: LT93OQ Bee|Spikes
|
|-heal|p2a: Ferrothorn|87/100|[from] item: Leftovers
|-damage|p1a: Zapdos|84/100|[from] Leech Seed|[of] p2a: Ferrothorn
|-heal|p2a: Ferrothorn|98/100|[silent]
|upkeep
|turn|18
|
|t:|1660358721
|move|p1a: Zapdos|Volt Switch|p2a: Ferrothorn
|-resisted|p2a: Ferrothorn
|-damage|p2a: Ferrothorn|87/100
|
|t:|1660358722
|switch|p1a: Urshifu|Urshifu-Rapid-Strike, F|76/100|[from]move: Volt Switch
|-damage|p1a: Urshifu|64/100|[from] Spikes
|move|p2a: Ferrothorn|Spikes|p1a: Urshifu
|-sidestart|p1: LT93OQ Bee|Spikes
|
|-heal|p2a: Ferrothorn|93/100|[from] item: Leftovers
|upkeep
|turn|19
|
|t:|1660358732
|move|p1a: Urshifu|Close Combat|p2a: Ferrothorn
|-supereffective|p2a: Ferrothorn
|-damage|p2a: Ferrothorn|0 fnt
|-unboost|p1a: Urshifu|def|1
|-unboost|p1a: Urshifu|spd|1
|-damage|p1a: Urshifu|51/100|[from] ability: Iron Barbs|[of] p2a: Ferrothorn
|faint|p2a: Ferrothorn
|
|upkeep
|
|t:|1660358736
|switch|p2a: Tapu Lele|Tapu Lele|65/100
|-fieldstart|move: Psychic Terrain|[from] ability: Psychic Surge|[of] p2a: Tapu Lele
|turn|20
|
|t:|1660358765
|switch|p1a: Melmetal|Melmetal|55/100
|-damage|p1a: Melmetal|38/100|[from] Spikes
|move|p2a: Tapu Lele|Psyshock|p1a: Melmetal
|-resisted|p1a: Melmetal
|-damage|p1a: Melmetal|13/100
|
|-heal|p1a: Melmetal|19/100|[from] item: Leftovers
|upkeep
|turn|21
|
|t:|1660358767
|move|p1a: Melmetal|Protect|p1a: Melmetal
|-singleturn|p1a: Melmetal|Protect
|move|p2a: Tapu Lele|Psyshock|p1a: Melmetal
|-activate|p1a: Melmetal|move: Protect
|
|-heal|p1a: Melmetal|25/100|[from] item: Leftovers
|upkeep
|turn|22
|
|t:|1660358771
|move|p2a: Tapu Lele|Psyshock|p1a: Melmetal
|-resisted|p1a: Melmetal
|-damage|p1a: Melmetal|0 fnt
|faint|p1a: Melmetal
|
|upkeep
|j| CB Bhris Breezy
|
|t:|1660358775
|switch|p1a: Tapu Lele|Tapu Lele|100/100
|-damage|p1a: Tapu Lele|84/100|[from] Spikes
|turn|23
|j| Pokemon Hates Me
|
|t:|1660358783
|switch|p2a: Mandibuzz|Mandibuzz, F|100/100 par
|move|p1a: Tapu Lele|Moonblast|p2a: Mandibuzz
|-supereffective|p2a: Mandibuzz
|-damage|p2a: Mandibuzz|24/100 par
|
|upkeep
|turn|24
|
|t:|1660358787
|move|p1a: Tapu Lele|Moonblast|p2a: Mandibuzz
|-supereffective|p2a: Mandibuzz
|-damage|p2a: Mandibuzz|0 fnt
|faint|p2a: Mandibuzz
|
|-fieldend|move: Psychic Terrain
|upkeep
|
|t:|1660358793
|switch|p2a: Kartana|Kartana|100/100
|turn|25
|
|t:|1660358799
|switch|p2a: Tapu Lele|Tapu Lele|65/100
|-fieldstart|move: Psychic Terrain|[from] ability: Psychic Surge|[of] p2a: Tapu Lele
|switch|p1a: Zapdos|Zapdos|84/100
|
|upkeep
|turn|26
|
|t:|1660358811
|switch|p2a: Landorus|Landorus-Therian, M|39/100
|-ability|p2a: Landorus|Intimidate|boost
|-unboost|p1a: Zapdos|atk|1
|move|p1a: Zapdos|Volt Switch|p2a: Landorus
|-immune|p2a: Landorus
|
|upkeep
|turn|27
|
|t:|1660358814
|move|p1a: Zapdos|Hurricane|p2a: Landorus
|-damage|p2a: Landorus|0 fnt
|faint|p2a: Landorus
|
|upkeep
|
|t:|1660358817
|switch|p2a: Tapu Lele|Tapu Lele|65/100
|turn|28
|
|t:|1660358823
|move|p1a: Zapdos|Volt Switch|p2a: Tapu Lele
|-damage|p2a: Tapu Lele|29/100
|
|t:|1660358826
|switch|p1a: Urshifu|Urshifu-Rapid-Strike, F|51/100|[from]move: Volt Switch
|-damage|p1a: Urshifu|35/100|[from] Spikes
|move|p2a: Tapu Lele|Moonblast|p1a: Urshifu
|-supereffective|p1a: Urshifu
|-damage|p1a: Urshifu|0 fnt
|faint|p1a: Urshifu
|
|upkeep
|
|t:|1660358828
|switch|p1a: Tapu Lele|Tapu Lele|84/100
|-damage|p1a: Tapu Lele|68/100|[from] Spikes
|turn|29
|
|t:|1660358837
|move|p1a: Tapu Lele|Moonblast|p2a: Tapu Lele
|-damage|p2a: Tapu Lele|0 fnt
|faint|p2a: Tapu Lele
|
|-fieldend|move: Psychic Terrain
|upkeep
|
|t:|1660358839
|switch|p2a: Kartana|Kartana|100/100
|turn|30
|l| CB Bhris Breezy
|
|t:|1660358860
|move|p2a: Kartana|Knock Off|p1a: Tapu Lele
|-damage|p1a: Tapu Lele|4/100
|-enditem|p1a: Tapu Lele|Choice Scarf|[from] move: Knock Off|[of] p2a: Kartana
|move|p1a: Tapu Lele|Moonblast|p2a: Kartana
|-resisted|p2a: Kartana
|-damage|p2a: Kartana|21/100
|-unboost|p2a: Kartana|spa|1
|
|upkeep
|turn|31
|
|t:|1660358870
|move|p2a: Kartana|Knock Off|p1a: Tapu Lele
|-damage|p1a: Tapu Lele|0 fnt
|faint|p1a: Tapu Lele
|-ability|p2a: Kartana|Beast Boost|boost
|-boost|p2a: Kartana|atk|1
|
|upkeep
|
|t:|1660358871
|switch|p1a: Zapdos|Zapdos|84/100
|turn|32
|
|t:|1660358887
|move|p2a: Kartana|Knock Off|p1a: Zapdos
|-damage|p1a: Zapdos|33/100
|move|p1a: Zapdos|Volt Switch|p2a: Kartana
|-resisted|p2a: Kartana
|-damage|p2a: Kartana|0 fnt
|faint|p2a: Kartana
|
|win|LT93OQ Bee
|raw|LT93OQ Bee's rating: 1853 &rarr; <strong>1869</strong><br />(+16 for winning)
|raw|Batataplays's rating: 1778 &rarr; <strong>1762</strong><br />(-16 for losing)
|l|‽LT93OQ Bee
|l|☆Batataplays
|l| Pokemon Hates Me
|j|‽LT93OQ Bee
|player|p1|LT93OQ Bee|cynthia-masters
