|j|☆galarian dragapult
|j|☆Acey 2B!
|t:|1634422178
|gametype|singles
|player|p1|galarian dragapult|265|1763
|player|p2|Acey 2B!|winona-gen6|1877
|teamsize|p1|6
|teamsize|p2|6
|gen|8
|tier|[Gen 8] OU
|rated|
|rule|Sleep Clause Mod: Limit one foe put to sleep
|rule|Species Clause: Limit one of each Pokémon
|rule|OHKO Clause: OHKO moves are banned
|rule|Evasion Moves Clause: Evasion moves are banned
|rule|Endless Battle Clause: Forcing endless battles is banned
|rule|HP Percentage Mod: HP is shown in percentages
|rule|Dynamax Clause: You cannot dynamax
|clearpoke
|poke|p1|Grapploct, M|
|poke|p1|Zapdos|
|poke|p1|Mew|
|poke|p1|Tyranitar, M|
|poke|p1|Urshifu-*, F|
|poke|p1|Garchomp, M|
|poke|p2|Rhyperior, M|
|poke|p2|Volcarona, F|
|poke|p2|Landorus-Therian, M|
|poke|p2|Ferrothorn, F|
|poke|p2|Weavile, F|
|poke|p2|Dragapult, F|
|teampreview
|
|t:|1634422187
|start
|switch|p1a: Urshifu|Urshifu-Rapid-Strike, F|100/100
|switch|p2a: Wraith|Dragapult, F|100/100
|turn|1
|inactive|Battle timer is ON: inactive players will automatically lose when time's up. (requested by galarian dragapult)
|
|t:|1634422190
|switch|p1a: Tyranitar|Tyranitar, M|100/100
|-weather|Sandstorm|[from] ability: Sand Stream|[of] p1a: Tyranitar
|move|p2a: Wraith|Draco Meteor|p1a: Tyranitar
|-damage|p1a: Tyranitar|64/100
|-unboost|p2a: Wraith|spa|2
|
|-weather|Sandstorm|[upkeep]
|-damage|p2a: Wraith|95/100|[from] Sandstorm
|-heal|p1a: Tyranitar|70/100|[from] item: Leftovers
|upkeep
|turn|2
|
|t:|1634422193
|switch|p2a: Yhorm|Rhyperior, M|100/100
|move|p1a: Tyranitar|Stealth Rock|p2a: Yhorm
|-sidestart|p2: Acey 2B!|move: Stealth Rock
|
|-weather|Sandstorm|[upkeep]
|-heal|p1a: Tyranitar|76/100|[from] item: Leftovers
|upkeep
|turn|3
|
|t:|1634422199
|move|p2a: Yhorm|Earthquake|p1a: Tyranitar
|-supereffective|p1a: Tyranitar
|-damage|p1a: Tyranitar|0 fnt
|faint|p1a: Tyranitar
|
|-weather|Sandstorm|[upkeep]
|upkeep
|
|t:|1634422203
|switch|p1a: Urshifu|Urshifu-Rapid-Strike, F|100/100
|turn|4
|
|t:|1634422207
|switch|p1a: Grapploct|Grapploct, M|100/100
|switch|p2a: Meruem|Ferrothorn, F|100/100
|-damage|p2a: Meruem|94/100|[from] Stealth Rock
|
|-weather|Sandstorm|[upkeep]
|-damage|p1a: Grapploct|94/100|[from] Sandstorm
|-heal|p1a: Grapploct|100/100|[from] item: Leftovers
|-heal|p2a: Meruem|100/100|[from] item: Leftovers
|upkeep
|turn|5
|
|t:|1634422210
|switch|p2a: Colossus|Landorus-Therian, M|100/100
|-damage|p2a: Colossus|88/100|[from] Stealth Rock
|-ability|p2a: Colossus|Intimidate|boost
|-unboost|p1a: Grapploct|atk|1
|move|p1a: Grapploct|Octolock|p2a: Colossus
|-start|p2a: Colossus|move: Octolock|[of] p1a: Grapploct
|
|-weather|none
|-heal|p2a: Colossus|94/100|[from] item: Leftovers
|-unboost|p2a: Colossus|def|1
|-unboost|p2a: Colossus|spd|1
|upkeep
|turn|6
|j| brt1234
|
|t:|1634422214
|move|p2a: Colossus|Stealth Rock|p1a: Grapploct
|-sidestart|p1: galarian dragapult|move: Stealth Rock
|move|p1a: Grapploct|Taunt|p2a: Colossus
|-start|p2a: Colossus|move: Taunt
|
|-heal|p2a: Colossus|99/100|[from] item: Leftovers
|-unboost|p2a: Colossus|def|1
|-unboost|p2a: Colossus|spd|1
|upkeep
|turn|7
|
|t:|1634422219
|move|p2a: Colossus|U-turn|p1a: Grapploct
|-resisted|p1a: Grapploct
|-damage|p1a: Grapploct|93/100
|j| thebestcall
|
|t:|1634422222
|switch|p2a: Helios|Volcarona, F|100/100|[from]move: U-turn
|move|p1a: Grapploct|Stomping Tantrum|p2a: Helios
|-damage|p2a: Helios|80/100
|
|-heal|p1a: Grapploct|99/100|[from] item: Leftovers
|upkeep
|turn|8
|
|t:|1634422227
|switch|p1a: Garchomp|Garchomp, M|100/100
|-damage|p1a: Garchomp|94/100|[from] Stealth Rock
|move|p2a: Helios|Psychic|p1a: Garchomp
|-damage|p1a: Garchomp|66/100
|
|-heal|p1a: Garchomp|72/100|[from] item: Leftovers
|upkeep
|turn|9
|l| thebestcall
|j| thebestcall
|
|t:|1634422233
|switch|p2a: Colossus|Landorus-Therian, M|99/100
|-damage|p2a: Colossus|88/100|[from] Stealth Rock
|-ability|p2a: Colossus|Intimidate|boost
|-unboost|p1a: Garchomp|atk|1
|move|p1a: Garchomp|Swords Dance|p1a: Garchomp
|-boost|p1a: Garchomp|atk|2
|
|-heal|p1a: Garchomp|78/100|[from] item: Leftovers
|-heal|p2a: Colossus|94/100|[from] item: Leftovers
|upkeep
|turn|10
|
|t:|1634422236
|move|p1a: Garchomp|Scale Shot|p2a: Colossus
|-damage|p2a: Colossus|74/100
|-crit|p2a: Colossus
|-damage|p2a: Colossus|45/100
|-damage|p2a: Colossus|25/100
|-damage|p2a: Colossus|6/100
|-damage|p2a: Colossus|0 fnt
|faint|p2a: Colossus
|-hitcount|p2: Colossus|5
|-unboost|p1a: Garchomp|def|1
|-boost|p1a: Garchomp|spe|1
|
|-heal|p1a: Garchomp|84/100|[from] item: Leftovers
|upkeep
|
|t:|1634422238
|switch|p2a: Killer Frost|Weavile, F|100/100
|-ability|p2a: Killer Frost|Pressure
|turn|11
|
|t:|1634422242
|switch|p1a: Urshifu|Urshifu-Rapid-Strike, F|100/100
|-damage|p1a: Urshifu|94/100|[from] Stealth Rock
|move|p2a: Killer Frost|Ice Shard|p1a: Urshifu
|-resisted|p1a: Urshifu
|-damage|p1a: Urshifu|85/100
|
|upkeep
|turn|12
|
|t:|1634422249
|switch|p2a: Meruem|Ferrothorn, F|100/100
|-damage|p2a: Meruem|94/100|[from] Stealth Rock
|move|p1a: Urshifu|Surging Strikes|p2a: Meruem
|-resisted|p2a: Meruem
|-crit|p2a: Meruem
|-damage|p2a: Meruem|85/100
|-damage|p1a: Urshifu|72/100|[from] ability: Iron Barbs|[of] p2a: Meruem
|-resisted|p2a: Meruem
|-crit|p2a: Meruem
|-damage|p2a: Meruem|76/100
|-damage|p1a: Urshifu|60/100|[from] ability: Iron Barbs|[of] p2a: Meruem
|-resisted|p2a: Meruem
|-crit|p2a: Meruem
|-damage|p2a: Meruem|67/100
|-damage|p1a: Urshifu|48/100|[from] ability: Iron Barbs|[of] p2a: Meruem
|-hitcount|p2a: Meruem|3
|
|-heal|p2a: Meruem|73/100|[from] item: Leftovers
|upkeep
|turn|13
|c| thebestcall|threw
|j| Swagger417
|c| thebestcall|he chose to get crit
|
|t:|1634422255
|switch|p1a: Grapploct|Grapploct, M|99/100
|-damage|p1a: Grapploct|93/100|[from] Stealth Rock
|switch|p2a: Yhorm|Rhyperior, M|100/100
|-damage|p2a: Yhorm|94/100|[from] Stealth Rock
|
|-heal|p1a: Grapploct|99/100|[from] item: Leftovers
|upkeep
|turn|14
|
|t:|1634422260
|move|p2a: Yhorm|Earthquake|p1a: Grapploct
|-damage|p1a: Grapploct|32/100
|move|p1a: Grapploct|Octolock|p2a: Yhorm
|-start|p2a: Yhorm|move: Octolock|[of] p1a: Grapploct
|
|-heal|p1a: Grapploct|38/100|[from] item: Leftovers
|-unboost|p2a: Yhorm|def|1
|-unboost|p2a: Yhorm|spd|1
|upkeep
|turn|15
|
|t:|1634422263
|switch|p1a: Zapdos|Zapdos|100/100
|move|p2a: Yhorm|Earthquake|p1a: Zapdos
|-immune|p1a: Zapdos
|
|-end|p2a: Yhorm|Octolock|[partiallytrapped]|[silent]
|upkeep
|turn|16
|
|t:|1634422267
|switch|p2a: Helios|Volcarona, F|80/100
|move|p1a: Zapdos|Hurricane|p2a: Helios
|-supereffective|p2a: Helios
|-damage|p2a: Helios|0 fnt
|faint|p2a: Helios
|
|upkeep
|
|t:|1634422269
|switch|p2a: Killer Frost|Weavile, F|100/100
|-ability|p2a: Killer Frost|Pressure
|turn|17
|
|t:|1634422277
|move|p2a: Killer Frost|Triple Axel|p1a: Zapdos
|-supereffective|p1a: Zapdos
|-damage|p1a: Zapdos|84/100
|-status|p2a: Killer Frost|par|[from] ability: Static|[of] p1a: Zapdos
|-supereffective|p1a: Zapdos
|-damage|p1a: Zapdos|56/100
|-supereffective|p1a: Zapdos
|-damage|p1a: Zapdos|10/100
|-hitcount|p1a: Zapdos|3
|move|p1a: Zapdos|Heat Wave|p2a: Killer Frost|[miss]
|-miss|p1a: Zapdos|p2a: Killer Frost
|
|upkeep
|turn|18
|c| thebestcall|lol
|
|t:|1634422283
|cant|p2a: Killer Frost|par
|move|p1a: Zapdos|Roost|p1a: Zapdos
|-heal|p1a: Zapdos|60/100
|-singleturn|p1a: Zapdos|move: Roost
|
|upkeep
|turn|19
|
|t:|1634422288
|switch|p2a: Yhorm|Rhyperior, M|94/100
|-damage|p2a: Yhorm|88/100|[from] Stealth Rock
|move|p1a: Zapdos|Heat Wave|p2a: Yhorm
|-resisted|p2a: Yhorm
|-damage|p2a: Yhorm|68/100
|-status|p2a: Yhorm|brn
|
|-damage|p2a: Yhorm|62/100 brn|[from] brn
|upkeep
|turn|20
|
|t:|1634422292
|switch|p1a: Grapploct|Grapploct, M|38/100
|-damage|p1a: Grapploct|32/100|[from] Stealth Rock
|move|p2a: Yhorm|Stone Edge|p1a: Grapploct
|-resisted|p1a: Grapploct
|-damage|p1a: Grapploct|17/100
|
|-heal|p1a: Grapploct|23/100|[from] item: Leftovers
|-damage|p2a: Yhorm|56/100 brn|[from] brn
|upkeep
|turn|21
|c| thebestcall|lol
|
|t:|1634422298
|move|p2a: Yhorm|Stone Edge|p1a: Grapploct|[miss]
|-miss|p2a: Yhorm|p1a: Grapploct
|move|p1a: Grapploct|Stomping Tantrum|p2a: Yhorm
|-supereffective|p2a: Yhorm
|-damage|p2a: Yhorm|34/100 brn
|
|-heal|p1a: Grapploct|29/100|[from] item: Leftovers
|-damage|p2a: Yhorm|28/100 brn|[from] brn
|upkeep
|turn|22
|
|t:|1634422300
|move|p2a: Yhorm|Stone Edge|p1a: Grapploct
|-resisted|p1a: Grapploct
|-damage|p1a: Grapploct|12/100
|move|p1a: Grapploct|Drain Punch|p2a: Yhorm
|-supereffective|p2a: Yhorm
|-damage|p2a: Yhorm|0 fnt
|-heal|p1a: Grapploct|27/100|[from] drain|[of] p2a: Yhorm
|faint|p2a: Yhorm
|
|-heal|p1a: Grapploct|33/100|[from] item: Leftovers
|upkeep
|
|t:|1634422302
|switch|p2a: Wraith|Dragapult, F|95/100
|-damage|p2a: Wraith|82/100|[from] Stealth Rock
|turn|23
|
|t:|1634422305
|move|p2a: Wraith|Shadow Ball|p1a: Grapploct
|-damage|p1a: Grapploct|0 fnt
|faint|p1a: Grapploct
|
|upkeep
|
|t:|1634422309
|switch|p1a: Garchomp|Garchomp, M|84/100
|-damage|p1a: Garchomp|78/100|[from] Stealth Rock
|turn|24
|
|t:|1634422314
|switch|p2a: Meruem|Ferrothorn, F|73/100
|-damage|p2a: Meruem|67/100|[from] Stealth Rock
|move|p1a: Garchomp|Earthquake|p2a: Meruem
|-damage|p2a: Meruem|35/100
|
|-heal|p1a: Garchomp|84/100|[from] item: Leftovers
|-heal|p2a: Meruem|42/100|[from] item: Leftovers
|upkeep
|turn|25
|
|t:|1634422319
|switch|p1a: Urshifu|Urshifu-Rapid-Strike, F|48/100
|-damage|p1a: Urshifu|42/100|[from] Stealth Rock
|move|p2a: Meruem|Gyro Ball|p1a: Urshifu
|-resisted|p1a: Urshifu
|-damage|p1a: Urshifu|18/100
|
|-heal|p2a: Meruem|48/100|[from] item: Leftovers
|upkeep
|turn|26
|
|t:|1634422323
|move|p1a: Urshifu|Close Combat|p2a: Meruem
|-supereffective|p2a: Meruem
|-damage|p2a: Meruem|0 fnt
|-unboost|p1a: Urshifu|def|1
|-unboost|p1a: Urshifu|spd|1
|-damage|p1a: Urshifu|5/100|[from] ability: Iron Barbs|[of] p2a: Meruem
|faint|p2a: Meruem
|
|upkeep
|
|t:|1634422326
|switch|p2a: Wraith|Dragapult, F|82/100
|-damage|p2a: Wraith|70/100|[from] Stealth Rock
|turn|27
|
|t:|1634422329
|move|p2a: Wraith|Shadow Ball|p1a: Urshifu
|-damage|p1a: Urshifu|0 fnt
|faint|p1a: Urshifu
|
|upkeep
|
|t:|1634422339
|switch|p1a: Garchomp|Garchomp, M|84/100
|-damage|p1a: Garchomp|78/100|[from] Stealth Rock
|turn|28
|
|t:|1634422344
|move|p2a: Wraith|Shadow Ball|p1a: Garchomp
|-damage|p1a: Garchomp|34/100
|move|p1a: Garchomp|Scale Shot|p2a: Wraith
|-supereffective|p2a: Wraith
|-damage|p2a: Wraith|35/100
|-supereffective|p2a: Wraith
|-damage|p2a: Wraith|0 fnt
|faint|p2a: Wraith
|-hitcount|p2: Wraith|2
|-unboost|p1a: Garchomp|def|1
|-boost|p1a: Garchomp|spe|1
|
|-heal|p1a: Garchomp|40/100|[from] item: Leftovers
|upkeep
|
|t:|1634422348
|switch|p2a: Killer Frost|Weavile, F|100/100 par
|-ability|p2a: Killer Frost|Pressure
|turn|29
|
|t:|1634422349
|move|p2a: Killer Frost|Ice Shard|p1a: Garchomp
|-supereffective|p1a: Garchomp
|-damage|p1a: Garchomp|0 fnt
|faint|p1a: Garchomp
|
|upkeep
|
|t:|1634422360
|switch|p1a: Zapdos|Zapdos|60/100
|turn|30
|
|t:|1634422362
|move|p1a: Zapdos|Roost|p1a: Zapdos
|-heal|p1a: Zapdos|100/100
|-singleturn|p1a: Zapdos|move: Roost
|move|p2a: Killer Frost|Swords Dance|p2a: Killer Frost
|-boost|p2a: Killer Frost|atk|2
|
|upkeep
|turn|31
|
|t:|1634422365
|move|p2a: Killer Frost|Ice Shard|p1a: Zapdos
|-supereffective|p1a: Zapdos
|-damage|p1a: Zapdos|38/100
|move|p1a: Zapdos|Heat Wave|p2a: Killer Frost
|-supereffective|p2a: Killer Frost
|-crit|p2a: Killer Frost
|-damage|p2a: Killer Frost|0 fnt
|faint|p2a: Killer Frost
|
|win|galarian dragapult
|raw|galarian dragapult's rating: 1763 &rarr; <strong>1789</strong><br />(+26 for winning)
|raw|Acey 2B!'s rating: 1877 &rarr; <strong>1851</strong><br />(-26 for losing)
|c|☆galarian dragapult|lol
|c|☆Acey 2B!|insane
|c| thebestcall|lol
|l|☆Acey 2B!
