|j|☆3xpired
|j|☆gotsnsd
|t:|1664006993
|gametype|singles
|player|p1|3xpired|2|1594
|player|p2|gotsnsd|beauty-gen2jp|1563
|teamsize|p1|6
|teamsize|p2|6
|gen|8
|tier|[Gen 8] OU
|rated|
|rule|Sleep Clause Mod: Limit one foe put to sleep
|rule|Species Clause: Limit one of each Pokémon
|rule|OHKO Clause: OHKO moves are banned
|rule|Evasion Items Clause: Evasion items are banned
|rule|Evasion Moves Clause: Evasion moves are banned
|rule|Endless Battle Clause: Forcing endless battles is banned
|rule|HP Percentage Mod: HP is shown in percentages
|rule|Dynamax Clause: You cannot dynamax
|clearpoke
|poke|p1|Articuno-Galar|
|poke|p1|Buzzwole|
|poke|p1|Gengar, F|
|poke|p1|Zygarde-10%|
|poke|p1|Clefable, F|
|poke|p1|Corviknight, M|
|poke|p2|Nidoking, M|
|poke|p2|Clefable, M|
|poke|p2|Slowking, M|
|poke|p2|Rotom-Heat|
|poke|p2|Kartana|
|poke|p2|Corviknight, F|
|teampreview
|
|t:|1664007019
|start
|switch|p1a: Zygarde|Zygarde-10%|100/100
|switch|p2a: Kartana|Kartana|100/100
|-ability|p1a: Zygarde|Aura Break
|turn|1
|
|t:|1664007025
|switch|p1a: Corviknight|Corviknight, M|100/100
|move|p2a: Kartana|Toxic|p1a: Corviknight
|-immune|p1a: Corviknight
|
|upkeep
|turn|2
|j| Kyurem
|
|t:|1664007048
|switch|p2a: Clefable|Clefable, M|100/100
|move|p1a: Corviknight|U-turn|p2a: Clefable
|-resisted|p2a: Clefable
|-damage|p2a: Clefable|94/100
|
|t:|1664007053
|switch|p1a: Gengar|Gengar, F|100/100|[from]move: U-turn
|
|-heal|p2a: Clefable|99/100|[from] item: Leftovers
|upkeep
|turn|3
|
|t:|1664007059
|move|p1a: Gengar|Substitute|p1a: Gengar
|-start|p1a: Gengar|Substitute
|-damage|p1a: Gengar|76/100
|move|p2a: Clefable|Knock Off|p1a: Gengar
|-supereffective|p1a: Gengar
|-end|p1a: Gengar|Substitute
|
|-heal|p1a: Gengar|82/100|[from] item: Black Sludge
|-heal|p2a: Clefable|100/100|[from] item: Leftovers
|upkeep
|turn|4
|
|t:|1664007076
|switch|p1a: Clefable|Clefable, F|100/100
|move|p2a: Clefable|Stealth Rock|p1a: Clefable
|-sidestart|p1: 3xpired|move: Stealth Rock
|
|upkeep
|turn|5
|
|t:|1664007080
|move|p2a: Clefable|Knock Off|p1a: Clefable
|-resisted|p1a: Clefable
|-damage|p1a: Clefable|95/100
|-enditem|p1a: Clefable|Leftovers|[from] move: Knock Off|[of] p2a: Clefable
|move|p1a: Clefable|Stealth Rock|p2a: Clefable
|-sidestart|p2: gotsnsd|move: Stealth Rock
|
|upkeep
|turn|6
|
|t:|1664007084
|move|p1a: Clefable|Thunder Wave|p2a: Clefable
|-status|p2a: Clefable|par
|move|p2a: Clefable|Moonblast|p1a: Clefable
|-damage|p1a: Clefable|66/100
|
|upkeep
|turn|7
|
|t:|1664007089
|switch|p2a: Nidoking|Nidoking, M|100/100
|-damage|p2a: Nidoking|95/100|[from] Stealth Rock
|move|p1a: Clefable|Soft-Boiled|p1a: Clefable
|-heal|p1a: Clefable|100/100
|
|upkeep
|turn|8
|
|t:|1664007094
|switch|p1a: Articuno|Articuno-Galar|100/100
|move|p2a: Nidoking|Sludge Wave|p1a: Articuno
|-damage|p1a: Articuno|21/100
|
|upkeep
|turn|9
|
|t:|1664007104
|switch|p2a: Slowking|Slowking, M|100/100
|-damage|p2a: Slowking|88/100|[from] Stealth Rock
|move|p1a: Articuno|Freezing Glare|p2a: Slowking
|-resisted|p2a: Slowking
|-damage|p2a: Slowking|74/100
|
|upkeep
|turn|10
|
|t:|1664007124
|move|p1a: Articuno|Recover|p1a: Articuno
|-heal|p1a: Articuno|71/100
|move|p2a: Slowking|Scald|p1a: Articuno
|-damage|p1a: Articuno|41/100
|
|upkeep
|turn|11
|
|t:|1664007131
|move|p1a: Articuno|Calm Mind|p1a: Articuno
|-boost|p1a: Articuno|spa|1
|-boost|p1a: Articuno|spd|1
|move|p2a: Slowking|Future Sight|p1a: Articuno
|-start|p2a: Slowking|move: Future Sight
|
|upkeep
|turn|12
|
|t:|1664007135
|move|p1a: Articuno|Recover|p1a: Articuno
|-heal|p1a: Articuno|91/100
|move|p2a: Slowking|Teleport|p2a: Slowking
|
|t:|1664007141
|switch|p2a: Rotom|Rotom-Heat|100/100|[from]move: Teleport
|
|upkeep
|turn|13
|
|t:|1664007162
|move|p1a: Articuno|Freezing Glare|p2a: Rotom
|-damage|p2a: Rotom|25/100
|move|p2a: Rotom|Discharge|p1a: Articuno
|-supereffective|p1a: Articuno
|-damage|p1a: Articuno|53/100
|
|-end|p1a: Articuno|move: Future Sight
|-resisted|p1a: Articuno
|-damage|p1a: Articuno|38/100
|upkeep
|turn|14
|
|t:|1664007170
|move|p1a: Articuno|Freezing Glare|p2a: Rotom
|-damage|p2a: Rotom|0 fnt
|faint|p2a: Rotom
|
|upkeep
|c|☆3xpired|so many cool teams tonight
|
|t:|1664007188
|switch|p2a: Corviknight|Corviknight, F|100/100
|-damage|p2a: Corviknight|88/100|[from] Stealth Rock
|-ability|p2a: Corviknight|Pressure
|turn|15
|
|t:|1664007193
|move|p1a: Articuno|Recover|p1a: Articuno
|-heal|p1a: Articuno|88/100
|move|p2a: Corviknight|Brave Bird|p1a: Articuno
|-damage|p1a: Articuno|46/100
|-damage|p2a: Corviknight|77/100|[from] Recoil
|
|-heal|p2a: Corviknight|83/100|[from] item: Leftovers
|upkeep
|turn|16
|
|t:|1664007201
|move|p1a: Articuno|Recover|p1a: Articuno
|-heal|p1a: Articuno|96/100
|move|p2a: Corviknight|Substitute|p2a: Corviknight
|-start|p2a: Corviknight|Substitute
|-damage|p2a: Corviknight|58/100
|
|-heal|p2a: Corviknight|64/100|[from] item: Leftovers
|upkeep
|turn|17
|
|t:|1664007206
|move|p1a: Articuno|Calm Mind|p1a: Articuno
|-boost|p1a: Articuno|spa|1
|-boost|p1a: Articuno|spd|1
|move|p2a: Corviknight|Bulk Up|p2a: Corviknight
|-boost|p2a: Corviknight|atk|1
|-boost|p2a: Corviknight|def|1
|
|-heal|p2a: Corviknight|70/100|[from] item: Leftovers
|upkeep
|turn|18
|
|t:|1664007209
|move|p1a: Articuno|Freezing Glare|p2a: Corviknight
|-resisted|p2a: Corviknight
|-end|p2a: Corviknight|Substitute
|move|p2a: Corviknight|Brave Bird|p1a: Articuno
|-damage|p1a: Articuno|34/100
|-damage|p2a: Corviknight|54/100|[from] Recoil
|
|-heal|p2a: Corviknight|60/100|[from] item: Leftovers
|upkeep
|turn|19
|
|t:|1664007213
|move|p1a: Articuno|Recover|p1a: Articuno
|-heal|p1a: Articuno|84/100
|move|p2a: Corviknight|Brave Bird|p1a: Articuno
|-damage|p1a: Articuno|18/100
|-damage|p2a: Corviknight|43/100|[from] Recoil
|
|-heal|p2a: Corviknight|49/100|[from] item: Leftovers
|upkeep
|turn|20
|
|t:|1664007221
|move|p1a: Articuno|Hurricane|p2a: Corviknight
|-resisted|p2a: Corviknight
|-damage|p2a: Corviknight|12/100
|-start|p2a: Corviknight|confusion
|-activate|p2a: Corviknight|confusion
|-damage|p2a: Corviknight|5/100|[from] confusion
|
|-heal|p2a: Corviknight|11/100|[from] item: Leftovers
|upkeep
|turn|21
|c|☆3xpired|unfort
|
|t:|1664007232
|switch|p2a: Kartana|Kartana|100/100
|-damage|p2a: Kartana|94/100|[from] Stealth Rock
|move|p1a: Articuno|Freezing Glare|p2a: Kartana
|-resisted|p2a: Kartana
|-crit|p2a: Kartana
|-damage|p2a: Kartana|0 fnt
|faint|p2a: Kartana
|
|upkeep
|
|t:|1664007244
|switch|p2a: Clefable|Clefable, M|100/100 par
|turn|22
|
|t:|1664007257
|move|p1a: Articuno|Recover|p1a: Articuno
|-heal|p1a: Articuno|68/100
|move|p2a: Clefable|Knock Off|p1a: Articuno
|-supereffective|p1a: Articuno
|-damage|p1a: Articuno|32/100
|-enditem|p1a: Articuno|Heavy-Duty Boots|[from] move: Knock Off|[of] p2a: Clefable
|
|upkeep
|turn|23
|
|t:|1664007262
|move|p1a: Articuno|Recover|p1a: Articuno
|-heal|p1a: Articuno|82/100
|move|p2a: Clefable|Moonblast|p1a: Articuno
|-damage|p1a: Articuno|65/100
|
|upkeep
|turn|24
|
|t:|1664007275
|move|p1a: Articuno|Recover|p1a: Articuno
|-heal|p1a: Articuno|100/100
|move|p2a: Clefable|Moonblast|p1a: Articuno
|-damage|p1a: Articuno|83/100
|
|upkeep
|turn|25
|
|t:|1664007280
|move|p1a: Articuno|Freezing Glare|p2a: Clefable
|-damage|p2a: Clefable|26/100 par
|move|p2a: Clefable|Moonblast|p1a: Articuno
|-damage|p1a: Articuno|67/100
|
|-heal|p2a: Clefable|32/100 par|[from] item: Leftovers
|upkeep
|turn|26
|
|t:|1664007292
|move|p1a: Articuno|Freezing Glare|p2a: Clefable
|-damage|p2a: Clefable|0 fnt
|faint|p2a: Clefable
|
|upkeep
|
|t:|1664007295
|switch|p2a: Slowking|Slowking, M|100/100
|-damage|p2a: Slowking|88/100|[from] Stealth Rock
|turn|27
|
|t:|1664007310
|move|p1a: Articuno|Hurricane|p2a: Slowking
|-damage|p2a: Slowking|17/100
|move|p2a: Slowking|Scald|p1a: Articuno
|-damage|p1a: Articuno|52/100
|
|upkeep
|turn|28
|-message|gotsnsd forfeited.
|
|win|3xpired
|raw|3xpired's rating: 1594 &rarr; <strong>1612</strong><br />(+18 for winning)
|raw|gotsnsd's rating: 1563 &rarr; <strong>1545</strong><br />(-18 for losing)
|l|☆gotsnsd
