|j|☆Geremo
|j|☆2(H2O)
|t:|1659629797
|gametype|singles
|player|p1|Geremo|266|1827
|player|p2|2(H2O)|chase|1719
|teamsize|p1|6
|teamsize|p2|6
|gen|8
|tier|[Gen 8] OU
|rated|
|rule|Sleep Clause Mod: Limit one foe put to sleep
|rule|Species Clause: Limit one of each Pokémon
|rule|OHKO Clause: OHKO moves are banned
|rule|Evasion Items Clause: Evasion items are banned
|rule|Evasion Moves Clause: Evasion moves are banned
|rule|Endless Battle Clause: Forcing endless battles is banned
|rule|HP Percentage Mod: HP is shown in percentages
|rule|Dynamax Clause: You cannot dynamax
|clearpoke
|poke|p1|Starmie|
|poke|p1|Gastrodon, F|
|poke|p1|Corviknight, M|
|poke|p1|Zapdos|
|poke|p1|Clefable, M|
|poke|p1|Blissey, F|
|poke|p2|Tapu Lele|
|poke|p2|Victini|
|poke|p2|Melmetal|
|poke|p2|Dragonite, M|
|poke|p2|Landorus-Therian, M|
|poke|p2|Urshifu-*, M|
|teampreview
|inactive|Battle timer is ON: inactive players will automatically lose when time's up. (requested by 2(H2O))
|j| chainsawhand
|j| Abcdefp
|
|t:|1659629810
|start
|switch|p1a: Blissey|Blissey, F|100/100
|switch|p2a: Tapu Lele|Tapu Lele|100/100
|-fieldstart|move: Psychic Terrain|[from] ability: Psychic Surge|[of] p2a: Tapu Lele
|turn|1
|
|t:|1659629823
|switch|p1a: Corviknight|Corviknight, M|100/100
|-ability|p1a: Corviknight|Pressure
|move|p2a: Tapu Lele|Future Sight|p1a: Corviknight
|-start|p2a: Tapu Lele|move: Future Sight
|
|upkeep
|turn|2
|
|t:|1659629828
|switch|p2a: Urshifu|Urshifu-Rapid-Strike, M|100/100
|move|p1a: Corviknight|U-turn|p2a: Urshifu
|-resisted|p2a: Urshifu
|-damage|p2a: Urshifu|93/100
|
|t:|1659629830
|switch|p1a: Starmie|Starmie|100/100|[from]move: U-turn
|
|upkeep
|turn|3
|
|t:|1659629835
|switch|p2a: Melmetal|Melmetal|100/100
|move|p1a: Starmie|Trick|p2a: Melmetal
|-activate|p1a: Starmie|move: Trick|[of] p2a: Melmetal
|-item|p2a: Melmetal|Choice Scarf|[from] move: Trick
|-item|p1a: Starmie|Assault Vest|[from] move: Trick
|
|-end|p1a: Starmie|move: Future Sight
|-resisted|p1a: Starmie
|-damage|p1a: Starmie|63/100
|upkeep
|turn|4
|j| diplodocusmamouk
|
|t:|1659629854
|switch|p1a: Gastrodon|Gastrodon, F|100/100
|switch|p2a: Victini|Victini|100/100
|
|upkeep
|turn|5
|
|t:|1659629857
|move|p2a: Victini|U-turn|p1a: Gastrodon
|-damage|p1a: Gastrodon|85/100
|
|t:|1659629860
|switch|p2a: Landorus|Landorus-Therian, M|100/100|[from]move: U-turn
|-ability|p2a: Landorus|Intimidate|boost
|-unboost|p1a: Gastrodon|atk|1
|move|p1a: Gastrodon|Scald|p2a: Landorus
|-supereffective|p2a: Landorus
|-damage|p2a: Landorus|60/100
|-status|p2a: Landorus|brn
|
|-heal|p2a: Landorus|66/100 brn|[from] item: Leftovers
|-heal|p1a: Gastrodon|91/100|[from] item: Leftovers
|-damage|p2a: Landorus|60/100 brn|[from] brn
|-fieldend|move: Psychic Terrain
|upkeep
|turn|6
|
|t:|1659629866
|switch|p1a: Corviknight|Corviknight, M|100/100
|-ability|p1a: Corviknight|Pressure
|move|p2a: Landorus|U-turn|p1a: Corviknight
|-resisted|p1a: Corviknight
|-damage|p1a: Corviknight|98/100
|
|t:|1659629870
|switch|p2a: Victini|Victini|100/100|[from]move: U-turn
|
|-heal|p1a: Corviknight|100/100|[from] item: Leftovers
|upkeep
|turn|7
|
|t:|1659629873
|switch|p2a: Tapu Lele|Tapu Lele|100/100
|-fieldstart|move: Psychic Terrain|[from] ability: Psychic Surge|[of] p2a: Tapu Lele
|switch|p1a: Gastrodon|Gastrodon, F|91/100
|
|-heal|p1a: Gastrodon|97/100|[from] item: Leftovers
|upkeep
|turn|8
|
|t:|1659629880
|switch|p1a: Corviknight|Corviknight, M|100/100
|-ability|p1a: Corviknight|Pressure
|move|p2a: Tapu Lele|Future Sight|p1a: Corviknight
|-start|p2a: Tapu Lele|move: Future Sight
|
|upkeep
|turn|9
|
|t:|1659629887
|switch|p2a: Urshifu|Urshifu-Rapid-Strike, M|93/100
|move|p1a: Corviknight|U-turn|p2a: Urshifu
|-resisted|p2a: Urshifu
|-damage|p2a: Urshifu|86/100
|
|t:|1659629892
|switch|p1a: Starmie|Starmie|63/100|[from]move: U-turn
|
|upkeep
|turn|10
|
|t:|1659629896
|switch|p2a: Melmetal|Melmetal|100/100
|move|p1a: Starmie|Scald|p2a: Melmetal
|-damage|p2a: Melmetal|78/100
|
|-end|p1a: Starmie|move: Future Sight
|-resisted|p1a: Starmie
|-damage|p1a: Starmie|30/100
|upkeep
|turn|11
|
|t:|1659629908
|switch|p1a: Gastrodon|Gastrodon, F|97/100
|move|p2a: Melmetal|Thunder Punch|p1a: Gastrodon
|-immune|p1a: Gastrodon
|
|-heal|p1a: Gastrodon|100/100|[from] item: Leftovers
|-fieldend|move: Psychic Terrain
|upkeep
|turn|12
|
|t:|1659629911
|switch|p2a: Landorus|Landorus-Therian, M|60/100 brn
|-ability|p2a: Landorus|Intimidate|boost
|-unboost|p1a: Gastrodon|atk|1
|move|p1a: Gastrodon|Scald|p2a: Landorus
|-supereffective|p2a: Landorus
|-damage|p2a: Landorus|20/100 brn
|
|-heal|p2a: Landorus|26/100 brn|[from] item: Leftovers
|-damage|p2a: Landorus|20/100 brn|[from] brn
|upkeep
|turn|13
|
|t:|1659629915
|switch|p1a: Corviknight|Corviknight, M|100/100
|-ability|p1a: Corviknight|Pressure
|move|p2a: Landorus|Stealth Rock|p1a: Corviknight
|-sidestart|p1: Geremo|move: Stealth Rock
|
|-heal|p2a: Landorus|26/100 brn|[from] item: Leftovers
|-damage|p2a: Landorus|20/100 brn|[from] brn
|upkeep
|turn|14
|
|t:|1659629917
|switch|p2a: Victini|Victini|100/100
|move|p1a: Corviknight|Defog|p2a: Victini
|-unboost|p2a: Victini|evasion|1
|-sideend|p1: Geremo|Stealth Rock|[from] move: Defog|[of] p1a: Corviknight
|
|upkeep
|turn|15
|
|t:|1659629921
|switch|p1a: Gastrodon|Gastrodon, F|100/100
|move|p2a: Victini|U-turn|p1a: Gastrodon
|-damage|p1a: Gastrodon|86/100
|
|t:|1659629922
|switch|p2a: Tapu Lele|Tapu Lele|100/100|[from]move: U-turn
|-fieldstart|move: Psychic Terrain|[from] ability: Psychic Surge|[of] p2a: Tapu Lele
|
|-heal|p1a: Gastrodon|92/100|[from] item: Leftovers
|upkeep
|turn|16
|
|t:|1659629926
|move|p2a: Tapu Lele|Future Sight|p1a: Gastrodon
|-start|p2a: Tapu Lele|move: Future Sight
|move|p1a: Gastrodon|Toxic|p2a: Tapu Lele
|-status|p2a: Tapu Lele|tox
|
|-heal|p1a: Gastrodon|98/100|[from] item: Leftovers
|-damage|p2a: Tapu Lele|94/100 tox|[from] psn
|upkeep
|turn|17
|
|t:|1659629930
|switch|p2a: Urshifu|Urshifu-Rapid-Strike, M|86/100
|move|p1a: Gastrodon|Scald|p2a: Urshifu
|-resisted|p2a: Urshifu
|-damage|p2a: Urshifu|66/100
|
|-heal|p1a: Gastrodon|100/100|[from] item: Leftovers
|upkeep
|turn|18
|
|t:|1659629938
|switch|p1a: Starmie|Starmie|30/100
|move|p2a: Urshifu|Close Combat|p1a: Starmie
|-resisted|p1a: Starmie
|-damage|p1a: Starmie|0 fnt
|-unboost|p2a: Urshifu|def|1
|-unboost|p2a: Urshifu|spd|1
|faint|p1a: Starmie
|
|-hint|Future Sight did not hit because the target is fainted.
|upkeep
|
|t:|1659629952
|switch|p1a: Clefable|Clefable, M|100/100
|turn|19
|
|t:|1659629958
|switch|p2a: Melmetal|Melmetal|78/100
|switch|p1a: Blissey|Blissey, F|100/100
|
|-fieldend|move: Psychic Terrain
|upkeep
|turn|20
|
|t:|1659629963
|move|p2a: Melmetal|Double Iron Bash|p1a: Blissey
|-damage|p1a: Blissey|67/100
|-damage|p1a: Blissey|32/100
|-hitcount|p1a: Blissey|2
|move|p1a: Blissey|Stealth Rock|p2a: Melmetal
|-sidestart|p2: 2(H2O)|move: Stealth Rock
|
|upkeep
|turn|21
|
|t:|1659629974
|switch|p2a: Victini|Victini|100/100
|switch|p1a: Zapdos|Zapdos|100/100
|-ability|p1a: Zapdos|Pressure
|
|upkeep
|turn|22
|
|t:|1659629977
|move|p2a: Victini|V-create|p1a: Zapdos
|-damage|p1a: Zapdos|43/100
|-unboost|p2a: Victini|spe|1
|-unboost|p2a: Victini|def|1
|-unboost|p2a: Victini|spd|1
|move|p1a: Zapdos|Toxic|p2a: Victini
|-status|p2a: Victini|tox
|
|-damage|p2a: Victini|94/100 tox|[from] psn
|upkeep
|turn|23
|
|t:|1659629983
|move|p1a: Zapdos|Roost|p1a: Zapdos
|-heal|p1a: Zapdos|93/100
|-singleturn|p1a: Zapdos|move: Roost
|move|p2a: Victini|U-turn|p1a: Zapdos
|-crit|p1a: Zapdos
|-damage|p1a: Zapdos|71/100
|
|t:|1659629990
|switch|p2a: Dragonite|Dragonite, M|100/100|[from]move: U-turn
|
|upkeep
|turn|24
|
|t:|1659629992
|move|p1a: Zapdos|Toxic|p2a: Dragonite
|-status|p2a: Dragonite|tox
|move|p2a: Dragonite|Heal Bell|p2a: Dragonite
|-activate|p2a: Dragonite|move: Heal Bell
|-curestatus|p2a: Dragonite|tox|[msg]
|-curestatus|p2: Tapu Lele|tox|[msg]
|-curestatus|p2: Victini|tox|[msg]
|-curestatus|p2: Landorus|brn|[msg]
|
|upkeep
|turn|25
|
|t:|1659629995
|move|p1a: Zapdos|Toxic|p2a: Dragonite
|-status|p2a: Dragonite|tox
|move|p2a: Dragonite|Defog|p1a: Zapdos
|-unboost|p1a: Zapdos|evasion|1
|-sideend|p2: 2(H2O)|Stealth Rock|[from] move: Defog|[of] p2a: Dragonite
|
|-damage|p2a: Dragonite|94/100 tox|[from] psn
|upkeep
|turn|26
|
|t:|1659630000
|move|p1a: Zapdos|Roost|p1a: Zapdos
|-heal|p1a: Zapdos|100/100
|-singleturn|p1a: Zapdos|move: Roost
|move|p2a: Dragonite|Heal Bell|p2a: Dragonite
|-activate|p2a: Dragonite|move: Heal Bell
|-curestatus|p2a: Dragonite|tox|[msg]
|
|upkeep
|turn|27
|
|t:|1659630006
|switch|p2a: Melmetal|Melmetal|78/100
|move|p1a: Zapdos|Toxic|p2a: Melmetal
|-immune|p2a: Melmetal
|
|upkeep
|turn|28
|
|t:|1659630011
|move|p1a: Zapdos|Toxic|p2a: Melmetal
|-immune|p2a: Melmetal
|move|p2a: Melmetal|Ice Punch|p1a: Zapdos
|-supereffective|p1a: Zapdos
|-damage|p1a: Zapdos|51/100
|
|upkeep
|turn|29
|
|t:|1659630016
|switch|p2a: Tapu Lele|Tapu Lele|94/100
|-fieldstart|move: Psychic Terrain|[from] ability: Psychic Surge|[of] p2a: Tapu Lele
|move|p1a: Zapdos|Roost|p1a: Zapdos
|-heal|p1a: Zapdos|100/100
|-singleturn|p1a: Zapdos|move: Roost
|
|upkeep
|turn|30
|
|t:|1659630021
|move|p2a: Tapu Lele|Future Sight|p1a: Zapdos
|-start|p2a: Tapu Lele|move: Future Sight
|move|p1a: Zapdos|Toxic|p2a: Tapu Lele
|-status|p2a: Tapu Lele|tox
|
|-damage|p2a: Tapu Lele|88/100 tox|[from] psn
|upkeep
|turn|31
|
|t:|1659630028
|switch|p2a: Victini|Victini|94/100
|move|p1a: Zapdos|Heat Wave|p2a: Victini
|-resisted|p2a: Victini
|-damage|p2a: Victini|80/100
|
|upkeep
|turn|32
|
|t:|1659630043
|move|p2a: Victini|V-create|p1a: Zapdos
|-damage|p1a: Zapdos|45/100
|-unboost|p2a: Victini|spe|1
|-unboost|p2a: Victini|def|1
|-unboost|p2a: Victini|spd|1
|move|p1a: Zapdos|Discharge|p2a: Victini
|-damage|p2a: Victini|28/100
|
|-end|p1a: Zapdos|move: Future Sight
|-damage|p1a: Zapdos|0 fnt
|faint|p1a: Zapdos
|upkeep
|
|t:|1659630053
|switch|p1a: Gastrodon|Gastrodon, F|100/100
|turn|33
|
|t:|1659630067
|switch|p2a: Landorus|Landorus-Therian, M|20/100
|-ability|p2a: Landorus|Intimidate|boost
|-unboost|p1a: Gastrodon|atk|1
|move|p1a: Gastrodon|Scald|p2a: Landorus
|-supereffective|p2a: Landorus
|-damage|p2a: Landorus|0 fnt
|faint|p2a: Landorus
|
|-fieldend|move: Psychic Terrain
|upkeep
|
|t:|1659630069
|switch|p2a: Dragonite|Dragonite, M|94/100
|turn|34
|
|t:|1659630072
|switch|p1a: Blissey|Blissey, F|32/100
|move|p2a: Dragonite|Heal Bell|p2a: Dragonite
|-activate|p2a: Dragonite|move: Heal Bell
|-curestatus|p2: Tapu Lele|tox|[msg]
|
|upkeep
|turn|35
|
|t:|1659630077
|switch|p2a: Tapu Lele|Tapu Lele|88/100
|-fieldstart|move: Psychic Terrain|[from] ability: Psychic Surge|[of] p2a: Tapu Lele
|move|p1a: Blissey|Soft-Boiled|p1a: Blissey
|-heal|p1a: Blissey|82/100
|
|upkeep
|turn|36
|
|t:|1659630083
|move|p2a: Tapu Lele|Future Sight|p1a: Blissey
|-start|p2a: Tapu Lele|move: Future Sight
|move|p1a: Blissey|Stealth Rock|p2a: Tapu Lele
|-sidestart|p2: 2(H2O)|move: Stealth Rock
|
|upkeep
|turn|37
|
|t:|1659630087
|switch|p2a: Urshifu|Urshifu-Rapid-Strike, M|66/100
|-damage|p2a: Urshifu|60/100|[from] Stealth Rock
|move|p1a: Blissey|Toxic|p2a: Urshifu
|-status|p2a: Urshifu|tox
|
|-damage|p2a: Urshifu|54/100 tox|[from] psn
|upkeep
|turn|38
|
|t:|1659630093
|switch|p1a: Clefable|Clefable, M|100/100
|move|p2a: Urshifu|Close Combat|p1a: Clefable
|-resisted|p1a: Clefable
|-damage|p1a: Clefable|67/100
|-unboost|p2a: Urshifu|def|1
|-unboost|p2a: Urshifu|spd|1
|
|-end|p1a: Clefable|move: Future Sight
|-damage|p1a: Clefable|0 fnt
|faint|p1a: Clefable
|-damage|p2a: Urshifu|41/100 tox|[from] psn
|upkeep
|
|t:|1659630106
|switch|p1a: Corviknight|Corviknight, M|100/100
|-ability|p1a: Corviknight|Pressure
|turn|39
|j| Venositile
|
|t:|1659630109
|switch|p2a: Dragonite|Dragonite, M|94/100
|move|p1a: Corviknight|U-turn|p2a: Dragonite
|-resisted|p2a: Dragonite
|-damage|p2a: Dragonite|89/100
|
|t:|1659630111
|switch|p1a: Blissey|Blissey, F|82/100|[from]move: U-turn
|
|-fieldend|move: Psychic Terrain
|upkeep
|turn|40
|
|t:|1659630119
|move|p2a: Dragonite|Defog|p1a: Blissey
|-unboost|p1a: Blissey|evasion|1
|-sideend|p2: 2(H2O)|Stealth Rock|[from] move: Defog|[of] p2a: Dragonite
|move|p1a: Blissey|Toxic|p2a: Dragonite
|-status|p2a: Dragonite|tox
|
|-damage|p2a: Dragonite|83/100 tox|[from] psn
|upkeep
|turn|41
|
|t:|1659630120
|move|p2a: Dragonite|Heal Bell|p2a: Dragonite
|-activate|p2a: Dragonite|move: Heal Bell
|-curestatus|p2a: Dragonite|tox|[msg]
|-curestatus|p2: Urshifu|tox|[msg]
|move|p1a: Blissey|Stealth Rock|p2a: Dragonite
|-sidestart|p2: 2(H2O)|move: Stealth Rock
|
|upkeep
|turn|42
|
|t:|1659630122
|move|p2a: Dragonite|Defog|p1a: Blissey
|-unboost|p1a: Blissey|evasion|1
|-sideend|p2: 2(H2O)|Stealth Rock|[from] move: Defog|[of] p2a: Dragonite
|move|p1a: Blissey|Toxic|p2a: Dragonite
|-status|p2a: Dragonite|tox
|
|-damage|p2a: Dragonite|77/100 tox|[from] psn
|upkeep
|turn|43
|
|t:|1659630125
|switch|p2a: Urshifu|Urshifu-Rapid-Strike, M|41/100
|move|p1a: Blissey|Stealth Rock|p2a: Urshifu
|-sidestart|p2: 2(H2O)|move: Stealth Rock
|
|upkeep
|turn|44
|
|t:|1659630131
|switch|p1a: Corviknight|Corviknight, M|100/100
|-ability|p1a: Corviknight|Pressure
|move|p2a: Urshifu|Close Combat|p1a: Corviknight
|-damage|p1a: Corviknight|26/100
|-unboost|p2a: Urshifu|def|1
|-unboost|p2a: Urshifu|spd|1
|
|-heal|p1a: Corviknight|32/100|[from] item: Leftovers
|upkeep
|turn|45
|
|t:|1659630145
|move|p2a: Urshifu|Close Combat|p1a: Corviknight
|-damage|p1a: Corviknight|0 fnt
|-unboost|p2a: Urshifu|def|1
|-unboost|p2a: Urshifu|spd|1
|faint|p1a: Corviknight
|
|upkeep
|
|t:|1659630147
|switch|p1a: Gastrodon|Gastrodon, F|100/100
|turn|46
|
|t:|1659630150
|move|p2a: Urshifu|Close Combat|p1a: Gastrodon
|-damage|p1a: Gastrodon|35/100
|-unboost|p2a: Urshifu|def|1
|-unboost|p2a: Urshifu|spd|1
|move|p1a: Gastrodon|Recover|p1a: Gastrodon
|-heal|p1a: Gastrodon|85/100
|
|-heal|p1a: Gastrodon|91/100|[from] item: Leftovers
|upkeep
|turn|47
|
|t:|1659630153
|move|p2a: Urshifu|Close Combat|p1a: Gastrodon
|-damage|p1a: Gastrodon|26/100
|-unboost|p2a: Urshifu|def|1
|-unboost|p2a: Urshifu|spd|1
|move|p1a: Gastrodon|Recover|p1a: Gastrodon
|-heal|p1a: Gastrodon|76/100
|
|-heal|p1a: Gastrodon|82/100|[from] item: Leftovers
|upkeep
|turn|48
|
|t:|1659630162
|switch|p2a: Dragonite|Dragonite, M|77/100 tox
|move|p1a: Gastrodon|Scald|p2a: Dragonite
|-resisted|p2a: Dragonite
|-damage|p2a: Dragonite|67/100 tox
|
|-heal|p1a: Gastrodon|89/100|[from] item: Leftovers
|-damage|p2a: Dragonite|60/100 tox|[from] psn
|upkeep
|turn|49
|
|t:|1659630165
|switch|p1a: Blissey|Blissey, F|82/100
|move|p2a: Dragonite|Heal Bell|p2a: Dragonite
|-activate|p2a: Dragonite|move: Heal Bell
|-curestatus|p2a: Dragonite|tox|[msg]
|
|upkeep
|turn|50
|
|t:|1659630168
|move|p2a: Dragonite|Defog|p1a: Blissey
|-unboost|p1a: Blissey|evasion|1
|-sideend|p2: 2(H2O)|Stealth Rock|[from] move: Defog|[of] p2a: Dragonite
|move|p1a: Blissey|Toxic|p2a: Dragonite
|-status|p2a: Dragonite|tox
|
|-damage|p2a: Dragonite|54/100 tox|[from] psn
|upkeep
|turn|51
|
|t:|1659630171
|move|p2a: Dragonite|Heal Bell|p2a: Dragonite
|-activate|p2a: Dragonite|move: Heal Bell
|-curestatus|p2a: Dragonite|tox|[msg]
|move|p1a: Blissey|Toxic|p2a: Dragonite
|-status|p2a: Dragonite|tox
|
|-damage|p2a: Dragonite|48/100 tox|[from] psn
|upkeep
|turn|52
|
|t:|1659630176
|switch|p2a: Tapu Lele|Tapu Lele|88/100
|-fieldstart|move: Psychic Terrain|[from] ability: Psychic Surge|[of] p2a: Tapu Lele
|move|p1a: Blissey|Toxic|p2a: Tapu Lele
|-status|p2a: Tapu Lele|tox
|
|-damage|p2a: Tapu Lele|82/100 tox|[from] psn
|upkeep
|turn|53
|
|t:|1659630181
|move|p2a: Tapu Lele|Future Sight|p1a: Blissey
|-start|p2a: Tapu Lele|move: Future Sight
|move|p1a: Blissey|Soft-Boiled|p1a: Blissey
|-heal|p1a: Blissey|100/100
|
|-damage|p2a: Tapu Lele|70/100 tox|[from] psn
|upkeep
|turn|54
|
|t:|1659630185
|switch|p2a: Victini|Victini|28/100
|move|p1a: Blissey|Stealth Rock|p2a: Victini
|-sidestart|p2: 2(H2O)|move: Stealth Rock
|
|upkeep
|turn|55
|l| chainsawhand
|
|t:|1659630207
|move|p2a: Victini|V-create|p1a: Blissey
|-damage|p1a: Blissey|31/100
|-unboost|p2a: Victini|spe|1
|-unboost|p2a: Victini|def|1
|-unboost|p2a: Victini|spd|1
|move|p1a: Blissey|Seismic Toss|p2a: Victini
|-damage|p2a: Victini|0 fnt
|faint|p2a: Victini
|
|-end|p1a: Blissey|move: Future Sight
|-damage|p1a: Blissey|0 fnt
|faint|p1a: Blissey
|upkeep
|
|t:|1659630213
|switch|p2a: Dragonite|Dragonite, M|48/100 tox
|switch|p1a: Gastrodon|Gastrodon, F|89/100
|turn|56
|
|t:|1659630217
|move|p2a: Dragonite|Heal Bell|p2a: Dragonite
|-activate|p2a: Dragonite|move: Heal Bell
|-curestatus|p2a: Dragonite|tox|[msg]
|-curestatus|p2: Tapu Lele|tox|[msg]
|move|p1a: Gastrodon|Toxic|p2a: Dragonite
|-status|p2a: Dragonite|tox
|
|-heal|p1a: Gastrodon|95/100|[from] item: Leftovers
|-damage|p2a: Dragonite|42/100 tox|[from] psn
|-fieldend|move: Psychic Terrain
|upkeep
|turn|57
|
|t:|1659630220
|move|p2a: Dragonite|Heal Bell|p2a: Dragonite
|-activate|p2a: Dragonite|move: Heal Bell
|-curestatus|p2a: Dragonite|tox|[msg]
|move|p1a: Gastrodon|Toxic|p2a: Dragonite
|-status|p2a: Dragonite|tox
|
|-heal|p1a: Gastrodon|100/100|[from] item: Leftovers
|-damage|p2a: Dragonite|35/100 tox|[from] psn
|upkeep
|turn|58
|
|t:|1659630225
|move|p2a: Dragonite|Defog|p1a: Gastrodon
|-unboost|p1a: Gastrodon|evasion|1
|-sideend|p2: 2(H2O)|Stealth Rock|[from] move: Defog|[of] p2a: Dragonite
|move|p1a: Gastrodon|Earth Power|p2a: Dragonite
|-immune|p2a: Dragonite
|
|-damage|p2a: Dragonite|23/100 tox|[from] psn
|upkeep
|turn|59
|
|t:|1659630228
|move|p2a: Dragonite|Earthquake|p1a: Gastrodon
|-damage|p1a: Gastrodon|79/100
|move|p1a: Gastrodon|Earth Power|p2a: Dragonite
|-immune|p2a: Dragonite
|
|-heal|p1a: Gastrodon|85/100|[from] item: Leftovers
|-damage|p2a: Dragonite|4/100 tox|[from] psn
|upkeep
|turn|60
|
|t:|1659630233
|move|p2a: Dragonite|Earthquake|p1a: Gastrodon
|-damage|p1a: Gastrodon|65/100
|move|p1a: Gastrodon|Earth Power|p2a: Dragonite
|-immune|p2a: Dragonite
|
|-heal|p1a: Gastrodon|71/100|[from] item: Leftovers
|-damage|p2a: Dragonite|0 fnt|[from] psn
|faint|p2a: Dragonite
|upkeep
|
|t:|1659630236
|switch|p2a: Tapu Lele|Tapu Lele|70/100
|-fieldstart|move: Psychic Terrain|[from] ability: Psychic Surge|[of] p2a: Tapu Lele
|turn|61
|
|t:|1659630238
|move|p2a: Tapu Lele|Future Sight|p1a: Gastrodon
|-start|p2a: Tapu Lele|move: Future Sight
|move|p1a: Gastrodon|Recover|p1a: Gastrodon
|-heal|p1a: Gastrodon|100/100
|
|upkeep
|turn|62
|
|t:|1659630247
|switch|p2a: Melmetal|Melmetal|78/100
|move|p1a: Gastrodon|Scald|p2a: Melmetal
|-damage|p2a: Melmetal|58/100
|-status|p2a: Melmetal|brn
|
|-damage|p2a: Melmetal|52/100 brn|[from] brn
|upkeep
|turn|63
|
|t:|1659630254
|switch|p2a: Tapu Lele|Tapu Lele|70/100
|move|p1a: Gastrodon|Recover||[still]
|-fail|p1a: Gastrodon|heal
|
|-end|p1a: Gastrodon|move: Future Sight
|-damage|p1a: Gastrodon|19/100
|-heal|p1a: Gastrodon|25/100|[from] item: Leftovers
|upkeep
|turn|64
|
|t:|1659630257
|move|p2a: Tapu Lele|Moonblast|p1a: Gastrodon
|-damage|p1a: Gastrodon|0 fnt
|faint|p1a: Gastrodon
|
|win|2(H2O)
|raw|Geremo's rating: 1827 &rarr; <strong>1801</strong><br />(-26 for losing)
|raw|2(H2O)'s rating: 1719 &rarr; <strong>1745</strong><br />(+26 for winning)
|l|☆Geremo
|l|☆2(H2O)
|j|☆2(H2O)
|player|p2|2(H2O)|chase
||Ladder isn't responding, score probably updated but might not have (Request timeout).
