|j|☆Justin UA
|j|☆lt92pf dxm
|t:|1660255962
|gametype|singles
|player|p1|Justin UA|ethan|1747
|player|p2|lt92pf dxm|lyra|1729
|teamsize|p1|6
|teamsize|p2|6
|gen|8
|tier|[Gen 8] OU
|rated|
|rule|Sleep Clause Mod: Limit one foe put to sleep
|rule|Species Clause: Limit one of each Pokémon
|rule|OHKO Clause: OHKO moves are banned
|rule|Evasion Items Clause: Evasion items are banned
|rule|Evasion Moves Clause: Evasion moves are banned
|rule|Endless Battle Clause: Forcing endless battles is banned
|rule|HP Percentage Mod: HP is shown in percentages
|rule|Dynamax Clause: You cannot dynamax
|clearpoke
|poke|p1|Dragapult, F|
|poke|p1|Magnezone|
|poke|p1|Tapu Lele|
|poke|p1|Blissey, F|
|poke|p1|Corviknight, F|
|poke|p1|Landorus-Therian, M|
|poke|p2|Buzzwole|
|poke|p2|Cresselia, F|
|poke|p2|Hydreigon, M|
|poke|p2|Shedinja|
|poke|p2|Toxapex, M|
|poke|p2|Blissey, F|
|teampreview
|inactive|Battle timer is ON: inactive players will automatically lose when time's up. (requested by Justin UA)
|
|t:|1660255974
|start
|switch|p1a: Landorus|Landorus-Therian, M|100/100
|switch|p2a: Cresselia|Cresselia, F|100/100
|-ability|p1a: Landorus|Intimidate|boost
|-unboost|p2a: Cresselia|atk|1
|turn|1
|j| wocaowocao
|
|t:|1660255979
|move|p2a: Cresselia|Trick|p1a: Landorus
|-activate|p2a: Cresselia|move: Trick|[of] p1a: Landorus
|-item|p1a: Landorus|Choice Scarf|[from] move: Trick
|-item|p2a: Cresselia|Leftovers|[from] move: Trick
|move|p1a: Landorus|U-turn|p2a: Cresselia
|-supereffective|p2a: Cresselia
|-damage|p2a: Cresselia|77/100
|
|t:|1660255987
|switch|p1a: Dragapult|Dragapult, F, shiny|100/100|[from]move: U-turn
|
|-heal|p2a: Cresselia|83/100|[from] item: Leftovers
|upkeep
|turn|2
|
|t:|1660256001
|switch|p2a: Toxapex|Toxapex, M|100/100
|move|p1a: Dragapult|U-turn|p2a: Toxapex
|-resisted|p2a: Toxapex
|-damage|p2a: Toxapex|96/100
|
|t:|1660256004
|switch|p1a: Tapu Lele|Tapu Lele|100/100|[from]move: U-turn
|-fieldstart|move: Psychic Terrain|[from] ability: Psychic Surge|[of] p1a: Tapu Lele
|
|upkeep
|turn|3
|
|t:|1660256007
|switch|p2a: Shedinja|Shedinja|100/100
|move|p1a: Tapu Lele|Moonblast|p2a: Shedinja
|-immune|p2a: Shedinja|[from] ability: Wonder Guard
|
|upkeep
|turn|4
|
|t:|1660256014
|switch|p1a: Blissey|Blissey, F|100/100
|move|p2a: Shedinja|Will-O-Wisp|p1a: Blissey
|-status|p1a: Blissey|brn
|
|-damage|p1a: Blissey|94/100 brn|[from] brn
|upkeep
|turn|5
|
|t:|1660256018
|switch|p2a: Toxapex|Toxapex, M|100/100
|move|p1a: Blissey|Teleport|p1a: Blissey
|
|t:|1660256021
|-curestatus|p1a: Blissey|brn|[from] ability: Natural Cure
|switch|p1a: Magnezone|Magnezone|100/100|[from]move: Teleport
|
|upkeep
|turn|6
|
|t:|1660256042
|switch|p2a: Blissey|Blissey, F|100/100
|move|p1a: Magnezone|Thunderbolt|p2a: Blissey
|-damage|p2a: Blissey|87/100
|
|-fieldend|move: Psychic Terrain
|upkeep
|turn|7
|
|t:|1660256045
|move|p1a: Magnezone|Body Press|p2a: Blissey
|-supereffective|p2a: Blissey
|-damage|p2a: Blissey|44/100
|move|p2a: Blissey|Stealth Rock|p1a: Magnezone
|-sidestart|p1: Justin UA|move: Stealth Rock
|
|upkeep
|turn|8
|
|t:|1660256049
|switch|p2a: Hydreigon|Hydreigon, M|100/100
|move|p1a: Magnezone|Toxic|p2a: Hydreigon
|-status|p2a: Hydreigon|tox
|
|-damage|p2a: Hydreigon|94/100 tox|[from] psn
|upkeep
|turn|9
|
|t:|1660256058
|switch|p1a: Corviknight|Corviknight, F|100/100
|-damage|p1a: Corviknight|88/100|[from] Stealth Rock
|-ability|p1a: Corviknight|Pressure
|move|p2a: Hydreigon|Dark Pulse|p1a: Corviknight
|-damage|p1a: Corviknight|59/100
|
|-heal|p2a: Hydreigon|100/100 tox|[from] item: Leftovers
|-heal|p1a: Corviknight|65/100|[from] item: Leftovers
|-damage|p2a: Hydreigon|88/100 tox|[from] psn
|upkeep
|turn|10
|
|t:|1660256069
|switch|p2a: Shedinja|Shedinja|100/100
|move|p1a: Corviknight|Defog|p2a: Shedinja
|-unboost|p2a: Shedinja|evasion|1
|-sideend|p1: Justin UA|Stealth Rock|[from] move: Defog|[of] p1a: Corviknight
|
|-heal|p1a: Corviknight|72/100|[from] item: Leftovers
|upkeep
|turn|11
|
|t:|1660256076
|switch|p2a: Toxapex|Toxapex, M|100/100
|switch|p1a: Blissey|Blissey, F|94/100
|
|upkeep
|turn|12
|
|t:|1660256083
|switch|p1a: Landorus|Landorus-Therian, M|100/100
|-ability|p1a: Landorus|Intimidate|boost
|-unboost|p2a: Toxapex|atk|1
|switch|p2a: Blissey|Blissey, F|44/100
|
|upkeep
|turn|13
|
|t:|1660256086
|move|p1a: Landorus|Earthquake|p2a: Blissey
|-damage|p2a: Blissey|5/100
|move|p2a: Blissey|Soft-Boiled|p2a: Blissey
|-heal|p2a: Blissey|55/100
|
|upkeep
|turn|14
|
|t:|1660256090
|switch|p1a: Magnezone|Magnezone|100/100
|move|p2a: Blissey|Soft-Boiled|p2a: Blissey
|-heal|p2a: Blissey|100/100
|
|upkeep
|turn|15
|
|t:|1660256100
|switch|p2a: Toxapex|Toxapex, M|100/100
|move|p1a: Magnezone|Body Press|p2a: Toxapex
|-resisted|p2a: Toxapex
|-damage|p2a: Toxapex|93/100
|
|upkeep
|turn|16
|
|t:|1660256103
|move|p1a: Magnezone|Thunderbolt|p2a: Toxapex
|-supereffective|p2a: Toxapex
|-damage|p2a: Toxapex|26/100
|move|p2a: Toxapex|Knock Off|p1a: Magnezone
|-damage|p1a: Magnezone|88/100
|-enditem|p1a: Magnezone|Leftovers|[from] move: Knock Off|[of] p2a: Toxapex
|
|upkeep
|turn|17
|
|t:|1660256116
|switch|p2a: Hydreigon|Hydreigon, M|88/100 tox
|move|p1a: Magnezone|Thunderbolt|p2a: Hydreigon
|-resisted|p2a: Hydreigon
|-damage|p2a: Hydreigon|72/100 tox
|
|-heal|p2a: Hydreigon|78/100 tox|[from] item: Leftovers
|-damage|p2a: Hydreigon|72/100 tox|[from] psn
|upkeep
|turn|18
|
|t:|1660256121
|switch|p1a: Blissey|Blissey, F|94/100
|move|p2a: Hydreigon|Roost|p2a: Hydreigon
|-heal|p2a: Hydreigon|100/100 tox
|-singleturn|p2a: Hydreigon|move: Roost
|
|-damage|p2a: Hydreigon|88/100 tox|[from] psn
|upkeep
|turn|19
|
|t:|1660256129
|switch|p2a: Blissey|Blissey, F|100/100
|move|p1a: Blissey|Teleport|p1a: Blissey
|
|t:|1660256132
|switch|p1a: Tapu Lele|Tapu Lele|100/100|[from]move: Teleport
|-fieldstart|move: Psychic Terrain|[from] ability: Psychic Surge|[of] p1a: Tapu Lele
|
|upkeep
|turn|20
|
|t:|1660256139
|switch|p1a: Landorus|Landorus-Therian, M|100/100
|-ability|p1a: Landorus|Intimidate|boost
|-unboost|p2a: Blissey|atk|1
|switch|p2a: Shedinja|Shedinja|100/100
|
|upkeep
|turn|21
|
|t:|1660256145
|switch|p1a: Blissey|Blissey, F|94/100
|switch|p2a: Buzzwole|Buzzwole|100/100
|
|upkeep
|turn|22
|
|t:|1660256150
|switch|p1a: Corviknight|Corviknight, F|72/100
|-ability|p1a: Corviknight|Pressure
|move|p2a: Buzzwole|Drain Punch|p1a: Corviknight
|-damage|p1a: Corviknight|48/100
|
|-heal|p1a: Corviknight|55/100|[from] item: Leftovers
|upkeep
|turn|23
|
|t:|1660256155
|switch|p2a: Blissey|Blissey, F|100/100
|move|p1a: Corviknight|Roost|p1a: Corviknight
|-heal|p1a: Corviknight|100/100
|-singleturn|p1a: Corviknight|move: Roost
|
|-fieldend|move: Psychic Terrain
|upkeep
|turn|24
|
|t:|1660256162
|switch|p1a: Magnezone|Magnezone|88/100
|move|p2a: Blissey|Stealth Rock|p1a: Magnezone
|-sidestart|p1: Justin UA|move: Stealth Rock
|
|upkeep
|turn|25
|
|t:|1660256166
|switch|p2a: Hydreigon|Hydreigon, M|88/100 tox
|move|p1a: Magnezone|Body Press|p2a: Hydreigon
|-supereffective|p2a: Hydreigon
|-damage|p2a: Hydreigon|38/100 tox
|
|-heal|p2a: Hydreigon|45/100 tox|[from] item: Leftovers
|-damage|p2a: Hydreigon|38/100 tox|[from] psn
|upkeep
|turn|26
|l| wocaowocao
|
|t:|1660256178
|switch|p1a: Corviknight|Corviknight, F|100/100
|-damage|p1a: Corviknight|88/100|[from] Stealth Rock
|-ability|p1a: Corviknight|Pressure
|move|p2a: Hydreigon|Roost|p2a: Hydreigon
|-heal|p2a: Hydreigon|89/100 tox
|-singleturn|p2a: Hydreigon|move: Roost
|
|-heal|p2a: Hydreigon|95/100 tox|[from] item: Leftovers
|-heal|p1a: Corviknight|94/100|[from] item: Leftovers
|-damage|p2a: Hydreigon|82/100 tox|[from] psn
|upkeep
|turn|27
|
|t:|1660256183
|switch|p2a: Toxapex|Toxapex, M|59/100
|move|p1a: Corviknight|Defog|p2a: Toxapex
|-unboost|p2a: Toxapex|evasion|1
|-sideend|p1: Justin UA|Stealth Rock|[from] move: Defog|[of] p1a: Corviknight
|
|-heal|p1a: Corviknight|100/100|[from] item: Leftovers
|upkeep
|turn|28
|
|t:|1660256205
|move|p1a: Corviknight|U-turn|p2a: Toxapex
|-resisted|p2a: Toxapex
|-damage|p2a: Toxapex|55/100
|
|t:|1660256208
|switch|p1a: Landorus|Landorus-Therian, M|100/100|[from]move: U-turn
|-ability|p1a: Landorus|Intimidate|boost
|-unboost|p2a: Toxapex|atk|1
|move|p2a: Toxapex|Knock Off|p1a: Landorus
|-damage|p1a: Landorus|91/100
|-enditem|p1a: Landorus|Choice Scarf|[from] move: Knock Off|[of] p2a: Toxapex
|
|upkeep
|turn|29
|
|t:|1660256218
|switch|p2a: Buzzwole|Buzzwole|100/100
|move|p1a: Landorus|Stealth Rock|p2a: Buzzwole
|-sidestart|p2: lt92pf dxm|move: Stealth Rock
|
|upkeep
|turn|30
|
|t:|1660256223
|move|p1a: Landorus|Toxic|p2a: Buzzwole
|-status|p2a: Buzzwole|tox
|move|p2a: Buzzwole|Drain Punch|p1a: Landorus
|-resisted|p1a: Landorus
|-damage|p1a: Landorus|75/100
|
|-damage|p2a: Buzzwole|94/100 tox|[from] psn
|upkeep
|turn|31
|
|t:|1660256230
|move|p1a: Landorus|U-turn|p2a: Buzzwole
|-resisted|p2a: Buzzwole
|-damage|p2a: Buzzwole|89/100 tox
|-damage|p1a: Landorus|59/100|[from] item: Rocky Helmet|[of] p2a: Buzzwole
|
|t:|1660256233
|switch|p1a: Corviknight|Corviknight, F|100/100|[from]move: U-turn
|-ability|p1a: Corviknight|Pressure
|move|p2a: Buzzwole|Ice Punch|p1a: Corviknight
|-damage|p1a: Corviknight|85/100
|
|-heal|p1a: Corviknight|92/100|[from] item: Leftovers
|-damage|p2a: Buzzwole|77/100 tox|[from] psn
|upkeep
|turn|32
|
|t:|1660256235
|switch|p2a: Blissey|Blissey, F|100/100
|move|p1a: Corviknight|U-turn|p2a: Blissey
|-damage|p2a: Blissey|87/100
|
|t:|1660256241
|switch|p1a: Tapu Lele|Tapu Lele|100/100|[from]move: U-turn
|-fieldstart|move: Psychic Terrain|[from] ability: Psychic Surge|[of] p1a: Tapu Lele
|
|upkeep
|turn|33
|
|t:|1660256246
|switch|p2a: Shedinja|Shedinja|100/100
|move|p1a: Tapu Lele|Psyshock|p2a: Shedinja
|-immune|p2a: Shedinja|[from] ability: Wonder Guard
|
|upkeep
|turn|34
|
|t:|1660256252
|switch|p1a: Blissey|Blissey, F|94/100
|move|p2a: Shedinja|Poltergeist|p1a: Blissey
|-immune|p1a: Blissey
|
|upkeep
|turn|35
|
|t:|1660256257
|move|p2a: Shedinja|Swords Dance|p2a: Shedinja
|-boost|p2a: Shedinja|atk|2
|move|p1a: Blissey|Teleport|p1a: Blissey
|
|t:|1660256260
|switch|p1a: Dragapult|Dragapult, F, shiny|100/100|[from]move: Teleport
|
|upkeep
|turn|36
|
|t:|1660256267
|switch|p1a: Blissey|Blissey, F|94/100
|switch|p2a: Blissey|Blissey, F|87/100
|
|-fieldend|move: Psychic Terrain
|upkeep
|turn|37
|
|t:|1660256272
|move|p2a: Blissey|Stealth Rock|p1a: Blissey
|-sidestart|p1: Justin UA|move: Stealth Rock
|move|p1a: Blissey|Teleport|p1a: Blissey
|
|t:|1660256276
|switch|p1a: Magnezone|Magnezone|88/100|[from]move: Teleport
|-damage|p1a: Magnezone|82/100|[from] Stealth Rock
|
|upkeep
|turn|38
|
|t:|1660256279
|switch|p2a: Cresselia|Cresselia, F|83/100
|-damage|p2a: Cresselia|70/100|[from] Stealth Rock
|move|p1a: Magnezone|Body Press|p2a: Cresselia
|-resisted|p2a: Cresselia
|-damage|p2a: Cresselia|64/100
|
|-heal|p2a: Cresselia|70/100|[from] item: Leftovers
|upkeep
|turn|39
|
|t:|1660256286
|switch|p2a: Hydreigon|Hydreigon, M|82/100 tox
|-damage|p2a: Hydreigon|70/100 tox|[from] Stealth Rock
|move|p1a: Magnezone|Thunderbolt|p2a: Hydreigon
|-resisted|p2a: Hydreigon
|-damage|p2a: Hydreigon|55/100 tox
|
|-heal|p2a: Hydreigon|61/100 tox|[from] item: Leftovers
|-damage|p2a: Hydreigon|55/100 tox|[from] psn
|upkeep
|turn|40
|
|t:|1660256293
|switch|p1a: Blissey|Blissey, F|94/100
|move|p2a: Hydreigon|Roost|p2a: Hydreigon
|-heal|p2a: Hydreigon|100/100 tox
|-singleturn|p2a: Hydreigon|move: Roost
|
|-damage|p2a: Hydreigon|88/100 tox|[from] psn
|upkeep
|turn|41
|
|t:|1660256296
|switch|p2a: Toxapex|Toxapex, M|88/100
|-damage|p2a: Toxapex|76/100|[from] Stealth Rock
|move|p1a: Blissey|Teleport|p1a: Blissey
|
|t:|1660256300
|switch|p1a: Magnezone|Magnezone|82/100|[from]move: Teleport
|-damage|p1a: Magnezone|76/100|[from] Stealth Rock
|
|upkeep
|turn|42
|
|t:|1660256311
|move|p1a: Magnezone|Thunderbolt|p2a: Toxapex
|-supereffective|p2a: Toxapex
|-damage|p2a: Toxapex|12/100
|move|p2a: Toxapex|Spite|p1a: Magnezone
|-activate|p1a: Magnezone|move: Spite|Thunderbolt|4
|
|upkeep
|turn|43
|
|t:|1660256321
|switch|p2a: Hydreigon|Hydreigon, M|88/100 tox
|-damage|p2a: Hydreigon|76/100 tox|[from] Stealth Rock
|move|p1a: Magnezone|Thunderbolt|p2a: Hydreigon
|-resisted|p2a: Hydreigon
|-damage|p2a: Hydreigon|60/100 tox
|
|-heal|p2a: Hydreigon|66/100 tox|[from] item: Leftovers
|-damage|p2a: Hydreigon|60/100 tox|[from] psn
|upkeep
|turn|44
|
|t:|1660256325
|move|p2a: Hydreigon|Roost|p2a: Hydreigon
|-heal|p2a: Hydreigon|100/100 tox
|-singleturn|p2a: Hydreigon|move: Roost
|move|p1a: Magnezone|Body Press|p2a: Hydreigon
|-supereffective|p2a: Hydreigon
|-damage|p2a: Hydreigon|51/100 tox
|
|-heal|p2a: Hydreigon|58/100 tox|[from] item: Leftovers
|-damage|p2a: Hydreigon|45/100 tox|[from] psn
|upkeep
|turn|45
|
|t:|1660256333
|switch|p1a: Corviknight|Corviknight, F|92/100
|-damage|p1a: Corviknight|79/100|[from] Stealth Rock
|-ability|p1a: Corviknight|Pressure
|move|p2a: Hydreigon|Roost|p2a: Hydreigon
|-heal|p2a: Hydreigon|95/100 tox
|-singleturn|p2a: Hydreigon|move: Roost
|
|-heal|p2a: Hydreigon|100/100 tox|[from] item: Leftovers
|-heal|p1a: Corviknight|85/100|[from] item: Leftovers
|-damage|p2a: Hydreigon|82/100 tox|[from] psn
|upkeep
|turn|46
|
|t:|1660256337
|switch|p2a: Toxapex|Toxapex, M|46/100
|-damage|p2a: Toxapex|34/100|[from] Stealth Rock
|move|p1a: Corviknight|Defog|p2a: Toxapex
|-unboost|p2a: Toxapex|evasion|1
|-sideend|p2: lt92pf dxm|Stealth Rock|[from] move: Defog|[of] p1a: Corviknight
|-sideend|p1: Justin UA|Stealth Rock|[from] move: Defog|[of] p1a: Corviknight
|
|-heal|p1a: Corviknight|92/100|[from] item: Leftovers
|upkeep
|turn|47
|
|t:|1660256340
|move|p1a: Corviknight|U-turn|p2a: Toxapex
|-resisted|p2a: Toxapex
|-damage|p2a: Toxapex|29/100
|
|t:|1660256344
|switch|p1a: Landorus|Landorus-Therian, M|59/100|[from]move: U-turn
|-ability|p1a: Landorus|Intimidate|boost
|-unboost|p2a: Toxapex|atk|1
|move|p2a: Toxapex|Recover|p2a: Toxapex
|-heal|p2a: Toxapex|79/100
|
|upkeep
|turn|48
|
|t:|1660256355
|switch|p2a: Blissey|Blissey, F|87/100
|move|p1a: Landorus|Stealth Rock|p2a: Blissey
|-sidestart|p2: lt92pf dxm|move: Stealth Rock
|
|upkeep
|turn|49
|
|t:|1660256358
|move|p1a: Landorus|U-turn|p2a: Blissey
|-damage|p2a: Blissey|68/100
|
|t:|1660256361
|switch|p1a: Magnezone|Magnezone|76/100|[from]move: U-turn
|move|p2a: Blissey|Stealth Rock|p1a: Magnezone
|-sidestart|p1: Justin UA|move: Stealth Rock
|
|upkeep
|turn|50
|
|t:|1660256365
|move|p1a: Magnezone|Body Press|p2a: Blissey
|-supereffective|p2a: Blissey
|-damage|p2a: Blissey|20/100
|move|p2a: Blissey|Soft-Boiled|p2a: Blissey
|-heal|p2a: Blissey|70/100
|
|upkeep
|turn|51
|
|t:|1660256369
|move|p1a: Magnezone|Iron Defense|p1a: Magnezone
|-boost|p1a: Magnezone|def|2
|move|p2a: Blissey|Soft-Boiled|p2a: Blissey
|-heal|p2a: Blissey|100/100
|
|upkeep
|turn|52
|
|t:|1660256377
|switch|p2a: Cresselia|Cresselia, F|70/100
|-damage|p2a: Cresselia|58/100|[from] Stealth Rock
|move|p1a: Magnezone|Thunderbolt|p2a: Cresselia
|-damage|p2a: Cresselia|35/100
|
|-heal|p2a: Cresselia|41/100|[from] item: Leftovers
|upkeep
|turn|53
|
|t:|1660256385
|move|p2a: Cresselia|Moonlight|p2a: Cresselia
|-heal|p2a: Cresselia|91/100
|move|p1a: Magnezone|Toxic|p2a: Cresselia
|-status|p2a: Cresselia|tox
|
|-heal|p2a: Cresselia|97/100 tox|[from] item: Leftovers
|-damage|p2a: Cresselia|91/100 tox|[from] psn
|upkeep
|turn|54
|
|t:|1660256391
|move|p2a: Cresselia|Lunar Dance|p2a: Cresselia
|faint|p2a: Cresselia
|move|p1a: Magnezone|Iron Defense|p1a: Magnezone
|-boost|p1a: Magnezone|def|2
|
|upkeep
|
|t:|1660256393
|switch|p2a: Hydreigon|Hydreigon, M|82/100 tox
|-heal|p2a: Hydreigon|100/100|[from] move: Lunar Dance
|-damage|p2a: Hydreigon|88/100|[from] Stealth Rock
|turn|55
|
|t:|1660256399
|switch|p1a: Blissey|Blissey, F|94/100
|move|p2a: Hydreigon|Earth Power|p1a: Blissey
|-damage|p1a: Blissey|85/100
|
|-heal|p2a: Hydreigon|94/100|[from] item: Leftovers
|upkeep
|turn|56
|
|t:|1660256402
|switch|p2a: Blissey|Blissey, F|100/100
|move|p1a: Blissey|Toxic|p2a: Blissey
|-status|p2a: Blissey|tox
|
|-damage|p2a: Blissey|94/100 tox|[from] psn
|upkeep
|turn|57
|
|t:|1660256406
|-curestatus|p2a: Blissey|tox|[from] ability: Natural Cure
|switch|p2a: Toxapex|Toxapex, M|100/100
|-damage|p2a: Toxapex|88/100|[from] Stealth Rock
|move|p1a: Blissey|Seismic Toss|p2a: Toxapex
|-damage|p2a: Toxapex|55/100
|
|upkeep
|turn|58
|
|t:|1660256412
|switch|p1a: Corviknight|Corviknight, F|92/100
|-damage|p1a: Corviknight|79/100|[from] Stealth Rock
|-ability|p1a: Corviknight|Pressure
|move|p2a: Toxapex|Recover|p2a: Toxapex
|-heal|p2a: Toxapex|100/100
|
|-heal|p1a: Corviknight|85/100|[from] item: Leftovers
|upkeep
|turn|59
|
|t:|1660256420
|move|p1a: Corviknight|Defog|p2a: Toxapex
|-unboost|p2a: Toxapex|evasion|1
|-sideend|p2: lt92pf dxm|Stealth Rock|[from] move: Defog|[of] p1a: Corviknight
|-sideend|p1: Justin UA|Stealth Rock|[from] move: Defog|[of] p1a: Corviknight
|move|p2a: Toxapex|Knock Off|p1a: Corviknight
|-damage|p1a: Corviknight|75/100
|-enditem|p1a: Corviknight|Leftovers|[from] move: Knock Off|[of] p2a: Toxapex
|
|upkeep
|turn|60
|
|t:|1660256428
|move|p1a: Corviknight|U-turn|p2a: Toxapex
|-resisted|p2a: Toxapex
|-damage|p2a: Toxapex|96/100
|
|t:|1660256431
|switch|p1a: Tapu Lele|Tapu Lele|100/100|[from]move: U-turn
|-fieldstart|move: Psychic Terrain|[from] ability: Psychic Surge|[of] p1a: Tapu Lele
|move|p2a: Toxapex|Block|p1a: Tapu Lele
|-activate|p1a: Tapu Lele|trapped
|
|upkeep
|turn|61
|
|t:|1660256437
|switch|p2a: Shedinja|Shedinja|100/100
|move|p1a: Tapu Lele|Psyshock|p2a: Shedinja
|-immune|p2a: Shedinja|[from] ability: Wonder Guard
|
|upkeep
|turn|62
|
|t:|1660256441
|switch|p1a: Blissey|Blissey, F|85/100
|switch|p2a: Blissey|Blissey, F|94/100
|
|upkeep
|turn|63
|
|t:|1660256447
|switch|p1a: Magnezone|Magnezone|76/100
|move|p2a: Blissey|Stealth Rock|p1a: Magnezone
|-sidestart|p1: Justin UA|move: Stealth Rock
|
|upkeep
|turn|64
|
|t:|1660256453
|move|p1a: Magnezone|Thunderbolt|p2a: Blissey
|-damage|p2a: Blissey|80/100
|move|p2a: Blissey|Seismic Toss|p1a: Magnezone
|-damage|p1a: Magnezone|41/100
|
|-fieldend|move: Psychic Terrain
|upkeep
|turn|65
|
|t:|1660256458
|switch|p2a: Hydreigon|Hydreigon, M|94/100
|move|p1a: Magnezone|Body Press|p2a: Hydreigon
|-supereffective|p2a: Hydreigon
|-damage|p2a: Hydreigon|43/100
|
|-heal|p2a: Hydreigon|49/100|[from] item: Leftovers
|upkeep
|turn|66
|
|t:|1660256461
|move|p2a: Hydreigon|Roost|p2a: Hydreigon
|-heal|p2a: Hydreigon|99/100
|-singleturn|p2a: Hydreigon|move: Roost
|move|p1a: Magnezone|Body Press|p2a: Hydreigon
|-supereffective|p2a: Hydreigon
|-damage|p2a: Hydreigon|50/100
|
|-heal|p2a: Hydreigon|57/100|[from] item: Leftovers
|upkeep
|turn|67
|
|t:|1660256464
|move|p2a: Hydreigon|Earth Power|p1a: Magnezone
|-supereffective|p1a: Magnezone
|-damage|p1a: Magnezone|0 fnt
|faint|p1a: Magnezone
|
|-heal|p2a: Hydreigon|63/100|[from] item: Leftovers
|upkeep
|
|t:|1660256469
|switch|p1a: Dragapult|Dragapult, F, shiny|100/100
|-damage|p1a: Dragapult|88/100|[from] Stealth Rock
|turn|68
|
|t:|1660256471
|switch|p2a: Blissey|Blissey, F|80/100
|move|p1a: Dragapult|U-turn|p2a: Blissey
|-damage|p2a: Blissey|66/100
|
|t:|1660256476
|switch|p1a: Corviknight|Corviknight, F|75/100|[from]move: U-turn
|-damage|p1a: Corviknight|63/100|[from] Stealth Rock
|-ability|p1a: Corviknight|Pressure
|
|upkeep
|turn|69
|
|t:|1660256479
|move|p1a: Corviknight|Defog|p2a: Blissey
|-unboost|p2a: Blissey|evasion|1
|-sideend|p1: Justin UA|Stealth Rock|[from] move: Defog|[of] p1a: Corviknight
|move|p2a: Blissey|Soft-Boiled|p2a: Blissey
|-heal|p2a: Blissey|100/100
|
|upkeep
|turn|70
|
|t:|1660256484
|move|p1a: Corviknight|Body Press|p2a: Blissey
|-supereffective|p2a: Blissey
|-damage|p2a: Blissey|57/100
|move|p2a: Blissey|Stealth Rock|p1a: Corviknight
|-sidestart|p1: Justin UA|move: Stealth Rock
|
|upkeep
|turn|71
|
|t:|1660256490
|move|p1a: Corviknight|Defog|p2a: Blissey
|-unboost|p2a: Blissey|evasion|1
|-sideend|p1: Justin UA|Stealth Rock|[from] move: Defog|[of] p1a: Corviknight
|move|p2a: Blissey|Soft-Boiled|p2a: Blissey
|-heal|p2a: Blissey|100/100
|
|upkeep
|turn|72
|
|t:|1660256494
|switch|p2a: Shedinja|Shedinja|100/100
|move|p1a: Corviknight|Body Press|p2a: Shedinja
|-immune|p2a: Shedinja|[from] ability: Wonder Guard
|
|upkeep
|turn|73
|
|t:|1660256500
|switch|p1a: Blissey|Blissey, F|85/100
|move|p2a: Shedinja|Trick|p1a: Blissey
|-activate|p2a: Shedinja|move: Trick|[of] p1a: Blissey
|-item|p1a: Blissey|Heavy-Duty Boots|[from] move: Trick
|-item|p2a: Shedinja|Heavy-Duty Boots|[from] move: Trick
|
|upkeep
|turn|74
|
|t:|1660256504
|switch|p2a: Blissey|Blissey, F|100/100
|move|p1a: Blissey|Teleport|p1a: Blissey
|
|t:|1660256507
|switch|p1a: Tapu Lele|Tapu Lele|100/100|[from]move: Teleport
|-fieldstart|move: Psychic Terrain|[from] ability: Psychic Surge|[of] p1a: Tapu Lele
|
|upkeep
|turn|75
|
|t:|1660256515
|switch|p1a: Landorus|Landorus-Therian, M|59/100
|-ability|p1a: Landorus|Intimidate|boost
|-unboost|p2a: Blissey|atk|1
|switch|p2a: Shedinja|Shedinja|100/100
|
|upkeep
|turn|76
|
|t:|1660256524
|move|p1a: Landorus|Stealth Rock|p2a: Shedinja
|-sidestart|p2: lt92pf dxm|move: Stealth Rock
|move|p2a: Shedinja|Will-O-Wisp|p1a: Landorus
|-status|p1a: Landorus|brn
|
|-damage|p1a: Landorus|53/100 brn|[from] brn
|upkeep
|turn|77
|
|t:|1660256528
|switch|p2a: Blissey|Blissey, F|100/100
|move|p1a: Landorus|Toxic|p2a: Blissey
|-status|p2a: Blissey|tox
|
|-damage|p2a: Blissey|94/100 tox|[from] psn
|-damage|p1a: Landorus|47/100 brn|[from] brn
|upkeep
|turn|78
|
|t:|1660256531
|move|p1a: Landorus|U-turn|p2a: Blissey
|-damage|p2a: Blissey|85/100 tox
|
|t:|1660256533
|switch|p1a: Tapu Lele|Tapu Lele|100/100|[from]move: U-turn
|move|p2a: Blissey|Stealth Rock|p1a: Tapu Lele
|-sidestart|p1: Justin UA|move: Stealth Rock
|
|-damage|p2a: Blissey|73/100 tox|[from] psn
|-fieldend|move: Psychic Terrain
|upkeep
|turn|79
|
|t:|1660256536
|switch|p1a: Dragapult|Dragapult, F, shiny|88/100
|-damage|p1a: Dragapult|76/100|[from] Stealth Rock
|-curestatus|p2a: Blissey|tox|[from] ability: Natural Cure
|switch|p2a: Shedinja|Shedinja|100/100
|
|upkeep
|turn|80
|
|t:|1660256539
|switch|p2a: Toxapex|Toxapex, M|100/100
|-damage|p2a: Toxapex|88/100|[from] Stealth Rock
|move|p1a: Dragapult|U-turn|p2a: Toxapex
|-resisted|p2a: Toxapex
|-damage|p2a: Toxapex|83/100
|
|t:|1660256545
|switch|p1a: Tapu Lele|Tapu Lele|100/100|[from]move: U-turn
|-damage|p1a: Tapu Lele|88/100|[from] Stealth Rock
|-fieldstart|move: Psychic Terrain|[from] ability: Psychic Surge|[of] p1a: Tapu Lele
|
|upkeep
|turn|81
|
|t:|1660256552
|switch|p1a: Blissey|Blissey, F|85/100
|switch|p2a: Shedinja|Shedinja|100/100
|
|upkeep
|turn|82
|
|t:|1660256557
|switch|p2a: Blissey|Blissey, F|73/100
|move|p1a: Blissey|Teleport|p1a: Blissey
|
|t:|1660256559
|switch|p1a: Corviknight|Corviknight, F|63/100|[from]move: Teleport
|-damage|p1a: Corviknight|50/100|[from] Stealth Rock
|-ability|p1a: Corviknight|Pressure
|
|upkeep
|turn|83
|
|t:|1660256563
|move|p1a: Corviknight|Roost|p1a: Corviknight
|-heal|p1a: Corviknight|100/100
|-singleturn|p1a: Corviknight|move: Roost
|move|p2a: Blissey|Seismic Toss|p1a: Corviknight
|-damage|p1a: Corviknight|75/100
|
|upkeep
|turn|84
|
|t:|1660256568
|move|p1a: Corviknight|Body Press|p2a: Blissey
|-supereffective|p2a: Blissey
|-damage|p2a: Blissey|33/100
|move|p2a: Blissey|Seismic Toss|p1a: Corviknight
|-damage|p1a: Corviknight|50/100
|
|-fieldend|move: Psychic Terrain
|upkeep
|turn|85
|
|t:|1660256572
|switch|p2a: Toxapex|Toxapex, M|100/100
|-damage|p2a: Toxapex|88/100|[from] Stealth Rock
|move|p1a: Corviknight|Defog|p2a: Toxapex
|-unboost|p2a: Toxapex|evasion|1
|-sideend|p2: lt92pf dxm|Stealth Rock|[from] move: Defog|[of] p1a: Corviknight
|-sideend|p1: Justin UA|Stealth Rock|[from] move: Defog|[of] p1a: Corviknight
|
|upkeep
|turn|86
|
|t:|1660256578
|switch|p1a: Blissey|Blissey, F|85/100
|move|p2a: Toxapex|Spite||[still]
|-fail|p2a: Toxapex
|
|upkeep
|turn|87
|
|t:|1660256582
|switch|p2a: Blissey|Blissey, F|33/100
|move|p1a: Blissey|Teleport|p1a: Blissey
|
|t:|1660256587
|switch|p1a: Corviknight|Corviknight, F|50/100|[from]move: Teleport
|-ability|p1a: Corviknight|Pressure
|
|upkeep
|turn|88
|
|t:|1660256591
|switch|p2a: Toxapex|Toxapex, M|100/100
|move|p1a: Corviknight|Roost|p1a: Corviknight
|-heal|p1a: Corviknight|100/100
|-singleturn|p1a: Corviknight|move: Roost
|
|upkeep
|turn|89
|
|t:|1660256594
|move|p1a: Corviknight|U-turn|p2a: Toxapex
|-resisted|p2a: Toxapex
|-damage|p2a: Toxapex|96/100
|
|t:|1660256596
|switch|p1a: Blissey|Blissey, F|85/100|[from]move: U-turn
|move|p2a: Toxapex|Knock Off|p1a: Blissey
|-damage|p1a: Blissey|72/100
|-enditem|p1a: Blissey|Heavy-Duty Boots|[from] move: Knock Off|[of] p2a: Toxapex
|
|upkeep
|turn|90
|
|t:|1660256603
|switch|p2a: Blissey|Blissey, F|33/100
|move|p1a: Blissey|Teleport|p1a: Blissey
|
|t:|1660256608
|switch|p1a: Corviknight|Corviknight, F|100/100|[from]move: Teleport
|-ability|p1a: Corviknight|Pressure
|
|upkeep
|turn|91
|
|t:|1660256611
|switch|p2a: Toxapex|Toxapex, M|100/100
|move|p1a: Corviknight|U-turn|p2a: Toxapex
|-resisted|p2a: Toxapex
|-damage|p2a: Toxapex|96/100
|
|t:|1660256615
|switch|p1a: Landorus|Landorus-Therian, M|47/100 brn|[from]move: U-turn
|-ability|p1a: Landorus|Intimidate|boost
|-unboost|p2a: Toxapex|atk|1
|
|-damage|p1a: Landorus|41/100 brn|[from] brn
|upkeep
|turn|92
|
|t:|1660256618
|switch|p2a: Blissey|Blissey, F|33/100
|move|p1a: Landorus|U-turn|p2a: Blissey
|-damage|p2a: Blissey|24/100
|
|t:|1660256622
|switch|p1a: Corviknight|Corviknight, F|100/100|[from]move: U-turn
|-ability|p1a: Corviknight|Pressure
|
|upkeep
|turn|93
|
|t:|1660256625
|switch|p2a: Shedinja|Shedinja|100/100
|move|p1a: Corviknight|Body Press|p2a: Shedinja
|-immune|p2a: Shedinja|[from] ability: Wonder Guard
|
|upkeep
|turn|94
|
|t:|1660256636
|switch|p1a: Blissey|Blissey, F|72/100
|move|p2a: Shedinja|Will-O-Wisp|p1a: Blissey
|-status|p1a: Blissey|brn
|
|-damage|p1a: Blissey|66/100 brn|[from] brn
|upkeep
|turn|95
|
|t:|1660256638
|switch|p2a: Blissey|Blissey, F|24/100
|move|p1a: Blissey|Teleport|p1a: Blissey
|
|t:|1660256642
|-curestatus|p1a: Blissey|brn|[from] ability: Natural Cure
|switch|p1a: Corviknight|Corviknight, F|100/100|[from]move: Teleport
|-ability|p1a: Corviknight|Pressure
|
|upkeep
|turn|96
|
|t:|1660256645
|switch|p2a: Shedinja|Shedinja|100/100
|move|p1a: Corviknight|Body Press|p2a: Shedinja
|-immune|p2a: Shedinja|[from] ability: Wonder Guard
|
|upkeep
|turn|97
|
|t:|1660256651
|switch|p1a: Dragapult|Dragapult, F, shiny|76/100
|move|p2a: Shedinja|Will-O-Wisp|p1a: Dragapult
|-status|p1a: Dragapult|brn
|
|-damage|p1a: Dragapult|70/100 brn|[from] brn
|upkeep
|turn|98
|
|t:|1660256654
|switch|p2a: Toxapex|Toxapex, M|100/100
|move|p1a: Dragapult|Draco Meteor|p2a: Toxapex
|-crit|p2a: Toxapex
|-damage|p2a: Toxapex|2/100
|-unboost|p1a: Dragapult|spa|2
|
|-damage|p1a: Dragapult|64/100 brn|[from] brn
|upkeep
|turn|99
|
|t:|1660256659
|switch|p2a: Shedinja|Shedinja|100/100
|move|p1a: Dragapult|Draco Meteor|p2a: Shedinja
|-immune|p2a: Shedinja|[from] ability: Wonder Guard
|
|-damage|p1a: Dragapult|58/100 brn|[from] brn
|upkeep
|turn|100
|
|t:|1660256664
|switch|p1a: Corviknight|Corviknight, F|100/100
|-ability|p1a: Corviknight|Pressure
|switch|p2a: Blissey|Blissey, F|24/100
|
|upkeep
|turn|101
|
|t:|1660256667
|switch|p2a: Toxapex|Toxapex, M|36/100
|move|p1a: Corviknight|U-turn|p2a: Toxapex
|-resisted|p2a: Toxapex
|-damage|p2a: Toxapex|32/100
|
|t:|1660256671
|switch|p1a: Dragapult|Dragapult, F, shiny|58/100 brn|[from]move: U-turn
|
|-damage|p1a: Dragapult|52/100 brn|[from] brn
|upkeep
|turn|102
|
|t:|1660256680
|switch|p2a: Hydreigon|Hydreigon, M|63/100
|move|p1a: Dragapult|U-turn|p2a: Hydreigon
|-supereffective|p2a: Hydreigon
|-crit|p2a: Hydreigon
|-damage|p2a: Hydreigon|39/100
|
|t:|1660256684
|switch|p1a: Blissey|Blissey, F|66/100|[from]move: U-turn
|
|-heal|p2a: Hydreigon|45/100|[from] item: Leftovers
|upkeep
|turn|103
|
|t:|1660256689
|move|p2a: Hydreigon|Roost|p2a: Hydreigon
|-heal|p2a: Hydreigon|95/100
|-singleturn|p2a: Hydreigon|move: Roost
|move|p1a: Blissey|Teleport|p1a: Blissey
|
|t:|1660256696
|switch|p1a: Tapu Lele|Tapu Lele|88/100|[from]move: Teleport
|-fieldstart|move: Psychic Terrain|[from] ability: Psychic Surge|[of] p1a: Tapu Lele
|
|-heal|p2a: Hydreigon|100/100|[from] item: Leftovers
|upkeep
|turn|104
|
|t:|1660256700
|switch|p1a: Blissey|Blissey, F|66/100
|switch|p2a: Shedinja|Shedinja|100/100
|
|upkeep
|turn|105
|
|t:|1660256703
|switch|p2a: Blissey|Blissey, F|24/100
|move|p1a: Blissey|Seismic Toss|p2a: Blissey
|-damage|p2a: Blissey|10/100
|
|upkeep
|turn|106
|
|t:|1660256705
|move|p2a: Blissey|Soft-Boiled|p2a: Blissey
|-heal|p2a: Blissey|61/100
|move|p1a: Blissey|Seismic Toss|p2a: Blissey
|-damage|p2a: Blissey|47/100
|
|upkeep
|turn|107
|
|t:|1660256707
|move|p2a: Blissey|Soft-Boiled|p2a: Blissey
|-heal|p2a: Blissey|97/100
|move|p1a: Blissey|Toxic|p2a: Blissey
|-status|p2a: Blissey|tox
|
|-damage|p2a: Blissey|90/100 tox|[from] psn
|-fieldend|move: Psychic Terrain
|upkeep
|turn|108
|
|t:|1660256709
|move|p1a: Blissey|Seismic Toss|p2a: Blissey
|-damage|p2a: Blissey|76/100 tox
|move|p2a: Blissey|Stealth Rock|p1a: Blissey
|-sidestart|p1: Justin UA|move: Stealth Rock
|
|-damage|p2a: Blissey|64/100 tox|[from] psn
|upkeep
|turn|109
|
|t:|1660256712
|-curestatus|p2a: Blissey|tox|[from] ability: Natural Cure
|switch|p2a: Toxapex|Toxapex, M|65/100
|move|p1a: Blissey|Seismic Toss|p2a: Toxapex
|-damage|p2a: Toxapex|32/100
|
|upkeep
|turn|110
|
|t:|1660256716
|switch|p2a: Blissey|Blissey, F|64/100
|move|p1a: Blissey|Teleport|p1a: Blissey
|
|t:|1660256718
|switch|p1a: Corviknight|Corviknight, F|100/100|[from]move: Teleport
|-damage|p1a: Corviknight|88/100|[from] Stealth Rock
|-ability|p1a: Corviknight|Pressure
|
|upkeep
|turn|111
|
|t:|1660256722
|switch|p2a: Toxapex|Toxapex, M|66/100
|move|p1a: Corviknight|Defog|p2a: Toxapex
|-unboost|p2a: Toxapex|evasion|1
|-sideend|p1: Justin UA|Stealth Rock|[from] move: Defog|[of] p1a: Corviknight
|
|upkeep
|turn|112
|
|t:|1660256728
|switch|p1a: Blissey|Blissey, F|66/100
|switch|p2a: Shedinja|Shedinja|100/100
|
|upkeep
|turn|113
|
|t:|1660256735
|switch|p2a: Blissey|Blissey, F|64/100
|move|p1a: Blissey|Teleport|p1a: Blissey
|
|t:|1660256741
|switch|p1a: Corviknight|Corviknight, F|88/100|[from]move: Teleport
|-ability|p1a: Corviknight|Pressure
|
|upkeep
|turn|114
|
|t:|1660256749
|switch|p1a: Landorus|Landorus-Therian, M|41/100 brn
|-ability|p1a: Landorus|Intimidate|boost
|-unboost|p2a: Blissey|atk|1
|switch|p2a: Shedinja|Shedinja|100/100
|
|-damage|p1a: Landorus|35/100 brn|[from] brn
|upkeep
|turn|115
|
|t:|1660256755
|switch|p2a: Blissey|Blissey, F|64/100
|move|p1a: Landorus|Stealth Rock|p2a: Blissey
|-sidestart|p2: lt92pf dxm|move: Stealth Rock
|
|-damage|p1a: Landorus|29/100 brn|[from] brn
|upkeep
|turn|116
|
|t:|1660256757
|move|p1a: Landorus|U-turn|p2a: Blissey
|-damage|p2a: Blissey|54/100
|
|t:|1660256768
|switch|p1a: Tapu Lele|Tapu Lele|88/100|[from]move: U-turn
|-fieldstart|move: Psychic Terrain|[from] ability: Psychic Surge|[of] p1a: Tapu Lele
|move|p2a: Blissey|Stealth Rock|p1a: Tapu Lele
|-sidestart|p1: Justin UA|move: Stealth Rock
|
|upkeep
|turn|117
|
|t:|1660256776
|switch|p1a: Blissey|Blissey, F|66/100
|-damage|p1a: Blissey|53/100|[from] Stealth Rock
|switch|p2a: Shedinja|Shedinja|100/100
|
|upkeep
|turn|118
|
|t:|1660256781
|switch|p2a: Blissey|Blissey, F|54/100
|move|p1a: Blissey|Toxic|p2a: Blissey
|-status|p2a: Blissey|tox
|
|-damage|p2a: Blissey|48/100 tox|[from] psn
|upkeep
|turn|119
|
|t:|1660256783
|move|p2a: Blissey|Soft-Boiled|p2a: Blissey
|-heal|p2a: Blissey|98/100 tox
|move|p1a: Blissey|Seismic Toss|p2a: Blissey
|-damage|p2a: Blissey|84/100 tox
|
|-damage|p2a: Blissey|72/100 tox|[from] psn
|upkeep
|turn|120
|
|t:|1660256788
|-curestatus|p2a: Blissey|tox|[from] ability: Natural Cure
|switch|p2a: Toxapex|Toxapex, M|99/100
|-damage|p2a: Toxapex|87/100|[from] Stealth Rock
|move|p1a: Blissey|Seismic Toss|p2a: Toxapex
|-damage|p2a: Toxapex|54/100
|
|-fieldend|move: Psychic Terrain
|upkeep
|turn|121
|
|t:|1660256792
|move|p2a: Toxapex|Recover|p2a: Toxapex
|-heal|p2a: Toxapex|100/100
|move|p1a: Blissey|Teleport|p1a: Blissey
|
|t:|1660256795
|switch|p1a: Corviknight|Corviknight, F|88/100|[from]move: Teleport
|-damage|p1a: Corviknight|75/100|[from] Stealth Rock
|-ability|p1a: Corviknight|Pressure
|
|upkeep
|turn|122
|
|t:|1660256802
|move|p1a: Corviknight|Defog|p2a: Toxapex
|-unboost|p2a: Toxapex|evasion|1
|-sideend|p2: lt92pf dxm|Stealth Rock|[from] move: Defog|[of] p1a: Corviknight
|-sideend|p1: Justin UA|Stealth Rock|[from] move: Defog|[of] p1a: Corviknight
|move|p2a: Toxapex|Spite|p1a: Corviknight
|-activate|p1a: Corviknight|move: Spite|Defog|4
|
|upkeep
|turn|123
|
|t:|1660256810
|switch|p1a: Blissey|Blissey, F|53/100
|switch|p2a: Shedinja|Shedinja|100/100
|
|upkeep
|turn|124
|
|t:|1660256814
|switch|p2a: Blissey|Blissey, F|72/100
|move|p1a: Blissey|Seismic Toss|p2a: Blissey
|-damage|p2a: Blissey|58/100
|
|upkeep
|turn|125
|
|t:|1660256817
|move|p1a: Blissey|Toxic|p2a: Blissey
|-status|p2a: Blissey|tox
|move|p2a: Blissey|Stealth Rock|p1a: Blissey
|-sidestart|p1: Justin UA|move: Stealth Rock
|
|-damage|p2a: Blissey|52/100 tox|[from] psn
|upkeep
|turn|126
|
|t:|1660256820
|move|p1a: Blissey|Soft-Boiled|p1a: Blissey
|-heal|p1a: Blissey|100/100
|move|p2a: Blissey|Soft-Boiled|p2a: Blissey
|-heal|p2a: Blissey|100/100 tox
|
|-damage|p2a: Blissey|88/100 tox|[from] psn
|upkeep
|turn|127
|
|t:|1660256823
|-curestatus|p2a: Blissey|tox|[from] ability: Natural Cure
|switch|p2a: Toxapex|Toxapex, M|100/100
|move|p1a: Blissey|Seismic Toss|p2a: Toxapex
|-damage|p2a: Toxapex|67/100
|
|upkeep
|turn|128
|
|t:|1660256831
|switch|p2a: Buzzwole|Buzzwole|77/100 tox
|move|p1a: Blissey|Teleport|p1a: Blissey
|
|t:|1660256838
|switch|p1a: Corviknight|Corviknight, F|75/100|[from]move: Teleport
|-damage|p1a: Corviknight|63/100|[from] Stealth Rock
|-ability|p1a: Corviknight|Pressure
|
|-damage|p2a: Buzzwole|70/100 tox|[from] psn
|upkeep
|turn|129
|
|t:|1660256842
|switch|p2a: Shedinja|Shedinja|100/100
|move|p1a: Corviknight|Defog|p2a: Shedinja
|-unboost|p2a: Shedinja|evasion|1
|-sideend|p1: Justin UA|Stealth Rock|[from] move: Defog|[of] p1a: Corviknight
|
|upkeep
|turn|130
|
|t:|1660256847
|switch|p1a: Blissey|Blissey, F|100/100
|move|p2a: Shedinja|Will-O-Wisp|p1a: Blissey
|-status|p1a: Blissey|brn
|
|-damage|p1a: Blissey|94/100 brn|[from] brn
|upkeep
|turn|131
|
|t:|1660256856
|switch|p2a: Blissey|Blissey, F|88/100
|-curestatus|p1a: Blissey|brn|[from] ability: Natural Cure
|switch|p1a: Tapu Lele|Tapu Lele|88/100
|-fieldstart|move: Psychic Terrain|[from] ability: Psychic Surge|[of] p1a: Tapu Lele
|
|upkeep
|turn|132
|
|t:|1660256862
|switch|p1a: Blissey|Blissey, F|94/100
|switch|p2a: Shedinja|Shedinja|100/100
|
|upkeep
|turn|133
|
|t:|1660256869
|switch|p2a: Blissey|Blissey, F|88/100
|switch|p1a: Landorus|Landorus-Therian, M|29/100 brn
|-ability|p1a: Landorus|Intimidate|boost
|-unboost|p2a: Blissey|atk|1
|
|-damage|p1a: Landorus|23/100 brn|[from] brn
|upkeep
|turn|134
|
|t:|1660256890
|move|p1a: Landorus|Stealth Rock|p2a: Blissey
|-sidestart|p2: lt92pf dxm|move: Stealth Rock
|move|p2a: Blissey|Stealth Rock|p1a: Landorus
|-sidestart|p1: Justin UA|move: Stealth Rock
|
|-damage|p1a: Landorus|17/100 brn|[from] brn
|upkeep
|turn|135
|
|t:|1660256896
|switch|p1a: Corviknight|Corviknight, F|63/100
|-damage|p1a: Corviknight|50/100|[from] Stealth Rock
|-ability|p1a: Corviknight|Pressure
|move|p2a: Blissey|Seismic Toss|p1a: Corviknight
|-damage|p1a: Corviknight|25/100
|
|-fieldend|move: Psychic Terrain
|upkeep
|turn|136
|
|t:|1660256901
|move|p1a: Corviknight|Roost|p1a: Corviknight
|-heal|p1a: Corviknight|75/100
|-singleturn|p1a: Corviknight|move: Roost
|move|p2a: Blissey|Seismic Toss|p1a: Corviknight
|-damage|p1a: Corviknight|50/100
|
|upkeep
|turn|137
|
|t:|1660256911
|switch|p2a: Toxapex|Toxapex, M|100/100
|-damage|p2a: Toxapex|88/100|[from] Stealth Rock
|move|p1a: Corviknight|Body Press|p2a: Toxapex
|-resisted|p2a: Toxapex
|-damage|p2a: Toxapex|80/100
|
|upkeep
|turn|138
|
|t:|1660256917
|switch|p1a: Blissey|Blissey, F|94/100
|-damage|p1a: Blissey|82/100|[from] Stealth Rock
|move|p2a: Toxapex|Spite||[still]
|-fail|p2a: Toxapex
|
|upkeep
|turn|139
|
|t:|1660256922
|switch|p2a: Buzzwole|Buzzwole|70/100 tox
|-damage|p2a: Buzzwole|58/100 tox|[from] Stealth Rock
|move|p1a: Blissey|Teleport|p1a: Blissey
|
|t:|1660256926
|switch|p1a: Corviknight|Corviknight, F|50/100|[from]move: Teleport
|-damage|p1a: Corviknight|38/100|[from] Stealth Rock
|-ability|p1a: Corviknight|Pressure
|
|-damage|p2a: Buzzwole|52/100 tox|[from] psn
|upkeep
|turn|140
|
|t:|1660256929
|move|p2a: Buzzwole|Roost|p2a: Buzzwole
|-heal|p2a: Buzzwole|100/100 tox
|-singleturn|p2a: Buzzwole|move: Roost
|move|p1a: Corviknight|Roost|p1a: Corviknight
|-heal|p1a: Corviknight|88/100
|-singleturn|p1a: Corviknight|move: Roost
|
|-damage|p2a: Buzzwole|88/100 tox|[from] psn
|upkeep
|turn|141
|
|t:|1660256932
|switch|p2a: Toxapex|Toxapex, M|100/100
|-damage|p2a: Toxapex|88/100|[from] Stealth Rock
|move|p1a: Corviknight|Defog|p2a: Toxapex
|-unboost|p2a: Toxapex|evasion|1
|-sideend|p2: lt92pf dxm|Stealth Rock|[from] move: Defog|[of] p1a: Corviknight
|-sideend|p1: Justin UA|Stealth Rock|[from] move: Defog|[of] p1a: Corviknight
|
|upkeep
|turn|142
|inactive|Justin UA has 120 seconds left.
|
|t:|1660256966
|switch|p1a: Blissey|Blissey, F|82/100
|move|p2a: Toxapex|Knock Off|p1a: Blissey
|-damage|p1a: Blissey|74/100
|
|upkeep
|turn|143
|inactive|Justin UA has 120 seconds left.
|inactive|lt92pf dxm has 120 seconds left.
|c|☆Justin UA|uhh
|
|t:|1660257018
|switch|p1a: Corviknight|Corviknight, F|88/100
|-ability|p1a: Corviknight|Pressure
|switch|p2a: Blissey|Blissey, F|88/100
|
|upkeep
|turn|144
|c|☆Justin UA|do you want to play this out or draw?
|inactive|Justin UA has 120 seconds left.
|
|t:|1660257028
|switch|p1a: Blissey|Blissey, F|74/100
|switch|p2a: Shedinja|Shedinja|100/100
|
|upkeep
|turn|145
|
|t:|1660257033
|switch|p2a: Toxapex|Toxapex, M|100/100
|switch|p1a: Corviknight|Corviknight, F|88/100
|-ability|p1a: Corviknight|Pressure
|
|upkeep
|turn|146
|c|☆lt92pf dxm|play
|
|t:|1660257039
|switch|p1a: Blissey|Blissey, F|74/100
|switch|p2a: Shedinja|Shedinja|100/100
|
|upkeep
|turn|147
|
|t:|1660257043
|switch|p2a: Blissey|Blissey, F|88/100
|switch|p1a: Corviknight|Corviknight, F|88/100
|-ability|p1a: Corviknight|Pressure
|
|upkeep
|turn|148
|
|t:|1660257047
|switch|p1a: Blissey|Blissey, F|74/100
|switch|p2a: Shedinja|Shedinja|100/100
|
|upkeep
|turn|149
|
|t:|1660257051
|switch|p2a: Blissey|Blissey, F|88/100
|switch|p1a: Corviknight|Corviknight, F|88/100
|-ability|p1a: Corviknight|Pressure
|
|upkeep
|turn|150
|c|☆Justin UA|ok
|
|t:|1660257059
|switch|p1a: Blissey|Blissey, F|74/100
|move|p2a: Blissey|Seismic Toss|p1a: Blissey
|-damage|p1a: Blissey|60/100
|
|upkeep
|turn|151
|
|t:|1660257067
|switch|p1a: Corviknight|Corviknight, F|88/100
|-ability|p1a: Corviknight|Pressure
|move|p2a: Blissey|Stealth Rock|p1a: Corviknight
|-sidestart|p1: Justin UA|move: Stealth Rock
|
|upkeep
|turn|152
|
|t:|1660257073
|switch|p2a: Toxapex|Toxapex, M|100/100
|move|p1a: Corviknight|Defog|p2a: Toxapex
|-unboost|p2a: Toxapex|evasion|1
|-sideend|p1: Justin UA|Stealth Rock|[from] move: Defog|[of] p1a: Corviknight
|
|upkeep
|turn|153
|
|t:|1660257078
|switch|p1a: Blissey|Blissey, F|60/100
|switch|p2a: Blissey|Blissey, F|88/100
|
|upkeep
|turn|154
|
|t:|1660257084
|move|p2a: Blissey|Seismic Toss|p1a: Blissey
|-damage|p1a: Blissey|46/100
|move|p1a: Blissey|Toxic|p2a: Blissey
|-status|p2a: Blissey|tox
|
|-damage|p2a: Blissey|82/100 tox|[from] psn
|upkeep
|turn|155
|
|t:|1660257088
|move|p2a: Blissey|Stealth Rock|p1a: Blissey
|-sidestart|p1: Justin UA|move: Stealth Rock
|move|p1a: Blissey|Soft-Boiled|p1a: Blissey
|-heal|p1a: Blissey|96/100
|
|-damage|p2a: Blissey|70/100 tox|[from] psn
|upkeep
|turn|156
|
|t:|1660257095
|switch|p1a: Tapu Lele|Tapu Lele|88/100
|-damage|p1a: Tapu Lele|76/100|[from] Stealth Rock
|-fieldstart|move: Psychic Terrain|[from] ability: Psychic Surge|[of] p1a: Tapu Lele
|-curestatus|p2a: Blissey|tox|[from] ability: Natural Cure
|switch|p2a: Toxapex|Toxapex, M|100/100
|
|upkeep
|turn|157
|
|t:|1660257100
|switch|p1a: Corviknight|Corviknight, F|88/100
|-damage|p1a: Corviknight|75/100|[from] Stealth Rock
|-ability|p1a: Corviknight|Pressure
|switch|p2a: Shedinja|Shedinja|100/100
|
|upkeep
|turn|158
|
|t:|1660257105
|switch|p1a: Blissey|Blissey, F|96/100
|-damage|p1a: Blissey|83/100|[from] Stealth Rock
|move|p2a: Shedinja|Will-O-Wisp|p1a: Blissey
|-status|p1a: Blissey|brn
|
|-damage|p1a: Blissey|77/100 brn|[from] brn
|upkeep
|turn|159
|
|t:|1660257115
|switch|p2a: Toxapex|Toxapex, M|100/100
|move|p1a: Blissey|Teleport|p1a: Blissey
|
|t:|1660257121
|-curestatus|p1a: Blissey|brn|[from] ability: Natural Cure
|switch|p1a: Corviknight|Corviknight, F|75/100|[from]move: Teleport
|-damage|p1a: Corviknight|63/100|[from] Stealth Rock
|-ability|p1a: Corviknight|Pressure
|
|upkeep
|turn|160
|
|t:|1660257130
|switch|p1a: Blissey|Blissey, F|77/100
|-damage|p1a: Blissey|65/100|[from] Stealth Rock
|switch|p2a: Shedinja|Shedinja|100/100
|
|-fieldend|move: Psychic Terrain
|upkeep
|turn|161
|
|t:|1660257136
|switch|p2a: Toxapex|Toxapex, M|100/100
|move|p1a: Blissey|Teleport|p1a: Blissey
|
|t:|1660257138
|switch|p1a: Corviknight|Corviknight, F|63/100|[from]move: Teleport
|-damage|p1a: Corviknight|50/100|[from] Stealth Rock
|-ability|p1a: Corviknight|Pressure
|
|upkeep
|turn|162
|
|t:|1660257153
|move|p1a: Corviknight|U-turn|p2a: Toxapex
|-resisted|p2a: Toxapex
|-damage|p2a: Toxapex|96/100
|
|t:|1660257157
|switch|p1a: Blissey|Blissey, F|65/100|[from]move: U-turn
|-damage|p1a: Blissey|52/100|[from] Stealth Rock
|move|p2a: Toxapex|Spite||[still]
|-fail|p2a: Toxapex
|
|upkeep
|turn|163
|
|t:|1660257163
|switch|p2a: Blissey|Blissey, F|70/100
|move|p1a: Blissey|Toxic|p2a: Blissey
|-status|p2a: Blissey|tox
|
|-damage|p2a: Blissey|63/100 tox|[from] psn
|upkeep
|turn|164
|
|t:|1660257169
|switch|p1a: Corviknight|Corviknight, F|50/100
|-damage|p1a: Corviknight|38/100|[from] Stealth Rock
|-ability|p1a: Corviknight|Pressure
|move|p2a: Blissey|Toxic|p1a: Corviknight
|-immune|p1a: Corviknight
|
|-damage|p2a: Blissey|51/100 tox|[from] psn
|upkeep
|turn|165
|
|t:|1660257173
|-curestatus|p2a: Blissey|tox|[from] ability: Natural Cure
|switch|p2a: Toxapex|Toxapex, M|100/100
|move|p1a: Corviknight|Roost|p1a: Corviknight
|-heal|p1a: Corviknight|88/100
|-singleturn|p1a: Corviknight|move: Roost
|
|upkeep
|turn|166
|
|t:|1660257178
|move|p1a: Corviknight|U-turn|p2a: Toxapex
|-resisted|p2a: Toxapex
|-damage|p2a: Toxapex|96/100
|
|t:|1660257183
|switch|p1a: Blissey|Blissey, F|52/100|[from]move: U-turn
|-damage|p1a: Blissey|40/100|[from] Stealth Rock
|move|p2a: Toxapex|Spite||[still]
|-fail|p2a: Toxapex
|
|upkeep
|turn|167
|
|t:|1660257191
|switch|p1a: Corviknight|Corviknight, F|88/100
|-damage|p1a: Corviknight|75/100|[from] Stealth Rock
|-ability|p1a: Corviknight|Pressure
|switch|p2a: Buzzwole|Buzzwole|88/100 tox
|
|-damage|p2a: Buzzwole|82/100 tox|[from] psn
|upkeep
|turn|168
|
|t:|1660257196
|switch|p2a: Toxapex|Toxapex, M|100/100
|move|p1a: Corviknight|Defog|p2a: Toxapex
|-unboost|p2a: Toxapex|evasion|1
|-sideend|p1: Justin UA|Stealth Rock|[from] move: Defog|[of] p1a: Corviknight
|
|upkeep
|turn|169
|
|t:|1660257199
|move|p1a: Corviknight|U-turn|p2a: Toxapex
|-resisted|p2a: Toxapex
|-damage|p2a: Toxapex|96/100
|
|t:|1660257202
|switch|p1a: Blissey|Blissey, F|40/100|[from]move: U-turn
|move|p2a: Toxapex|Knock Off|p1a: Blissey
|-damage|p1a: Blissey|31/100
|
|upkeep
|turn|170
|
|t:|1660257206
|switch|p2a: Blissey|Blissey, F|51/100
|move|p1a: Blissey|Teleport|p1a: Blissey
|
|t:|1660257208
|switch|p1a: Corviknight|Corviknight, F|75/100|[from]move: Teleport
|-ability|p1a: Corviknight|Pressure
|
|upkeep
|turn|171
|
|t:|1660257212
|move|p1a: Corviknight|U-turn|p2a: Blissey
|-damage|p2a: Blissey|39/100
|
|t:|1660257216
|switch|p1a: Blissey|Blissey, F|31/100|[from]move: U-turn
|move|p2a: Blissey|Soft-Boiled|p2a: Blissey
|-heal|p2a: Blissey|89/100
|
|upkeep
|turn|172
|
|t:|1660257220
|move|p2a: Blissey|Stealth Rock|p1a: Blissey
|-sidestart|p1: Justin UA|move: Stealth Rock
|move|p1a: Blissey|Soft-Boiled|p1a: Blissey
|-heal|p1a: Blissey|81/100
|
|upkeep
|turn|173
|
|t:|1660257225
|move|p2a: Blissey|Toxic|p1a: Blissey
|-status|p1a: Blissey|tox
|move|p1a: Blissey|Teleport|p1a: Blissey
|
|t:|1660257228
|-curestatus|p1a: Blissey|tox|[from] ability: Natural Cure
|switch|p1a: Corviknight|Corviknight, F|75/100|[from]move: Teleport
|-damage|p1a: Corviknight|63/100|[from] Stealth Rock
|-ability|p1a: Corviknight|Pressure
|
|upkeep
|turn|174
|
|t:|1660257231
|switch|p2a: Toxapex|Toxapex, M|100/100
|move|p1a: Corviknight|Defog|p2a: Toxapex
|-unboost|p2a: Toxapex|evasion|1
|-sideend|p1: Justin UA|Stealth Rock|[from] move: Defog|[of] p1a: Corviknight
|
|upkeep
|turn|175
|
|t:|1660257234
|move|p1a: Corviknight|U-turn|p2a: Toxapex
|-resisted|p2a: Toxapex
|-damage|p2a: Toxapex|96/100
|
|t:|1660257237
|switch|p1a: Blissey|Blissey, F|81/100|[from]move: U-turn
|move|p2a: Toxapex|Knock Off|p1a: Blissey
|-damage|p1a: Blissey|72/100
|
|upkeep
|turn|176
|
|t:|1660257244
|switch|p2a: Blissey|Blissey, F|89/100
|move|p1a: Blissey|Toxic|p2a: Blissey
|-status|p2a: Blissey|tox
|
|-damage|p2a: Blissey|83/100 tox|[from] psn
|upkeep
|turn|177
|
|t:|1660257248
|move|p1a: Blissey|Seismic Toss|p2a: Blissey
|-damage|p2a: Blissey|69/100 tox
|move|p2a: Blissey|Stealth Rock|p1a: Blissey
|-sidestart|p1: Justin UA|move: Stealth Rock
|
|-damage|p2a: Blissey|56/100 tox|[from] psn
|upkeep
|turn|178
|
|t:|1660257252
|-curestatus|p2a: Blissey|tox|[from] ability: Natural Cure
|switch|p2a: Toxapex|Toxapex, M|100/100
|move|p1a: Blissey|Seismic Toss|p2a: Toxapex
|-damage|p2a: Toxapex|67/100
|
|upkeep
|turn|179
|
|t:|1660257256
|switch|p1a: Corviknight|Corviknight, F|63/100
|-damage|p1a: Corviknight|50/100|[from] Stealth Rock
|-ability|p1a: Corviknight|Pressure
|move|p2a: Toxapex|Spite||[still]
|-fail|p2a: Toxapex
|
|upkeep
|turn|180
|
|t:|1660257259
|switch|p1a: Blissey|Blissey, F|72/100
|-damage|p1a: Blissey|60/100|[from] Stealth Rock
|move|p2a: Toxapex|Block|p1a: Blissey
|-activate|p1a: Blissey|trapped
|
|upkeep
|turn|181
|
|t:|1660257262
|move|p2a: Toxapex|Knock Off|p1a: Blissey
|-damage|p1a: Blissey|51/100
|move|p1a: Blissey|Teleport|p1a: Blissey
|
|t:|1660257266
|switch|p1a: Corviknight|Corviknight, F|50/100|[from]move: Teleport
|-damage|p1a: Corviknight|38/100|[from] Stealth Rock
|-ability|p1a: Corviknight|Pressure
|
|upkeep
|turn|182
|
|t:|1660257270
|switch|p1a: Blissey|Blissey, F|51/100
|-damage|p1a: Blissey|39/100|[from] Stealth Rock
|move|p2a: Toxapex|Spite||[still]
|-fail|p2a: Toxapex
|
|upkeep
|turn|183
|
|t:|1660257275
|move|p1a: Blissey|Soft-Boiled|p1a: Blissey
|-heal|p1a: Blissey|89/100
|move|p2a: Toxapex|Knock Off|p1a: Blissey
|-damage|p1a: Blissey|80/100
|
|upkeep
|turn|184
|
|t:|1660257277
|move|p2a: Toxapex|Block|p1a: Blissey
|-activate|p1a: Blissey|trapped
|move|p1a: Blissey|Teleport|p1a: Blissey
|
|t:|1660257282
|switch|p1a: Tapu Lele|Tapu Lele|76/100|[from]move: Teleport
|-damage|p1a: Tapu Lele|63/100|[from] Stealth Rock
|-fieldstart|move: Psychic Terrain|[from] ability: Psychic Surge|[of] p1a: Tapu Lele
|
|upkeep
|turn|185
|
|t:|1660257286
|switch|p1a: Blissey|Blissey, F|80/100
|-damage|p1a: Blissey|68/100|[from] Stealth Rock
|switch|p2a: Shedinja|Shedinja|100/100
|
|upkeep
|turn|186
|
|t:|1660257289
|switch|p2a: Toxapex|Toxapex, M|100/100
|move|p1a: Blissey|Teleport|p1a: Blissey
|
|t:|1660257294
|switch|p1a: Tapu Lele|Tapu Lele|63/100|[from]move: Teleport
|-damage|p1a: Tapu Lele|51/100|[from] Stealth Rock
|
|upkeep
|turn|187
|
|t:|1660257299
|switch|p2a: Shedinja|Shedinja|100/100
|move|p1a: Tapu Lele|Psychic|p2a: Shedinja
|-immune|p2a: Shedinja|[from] ability: Wonder Guard
|
|upkeep
|turn|188
|
|t:|1660257304
|switch|p1a: Blissey|Blissey, F|68/100
|-damage|p1a: Blissey|55/100|[from] Stealth Rock
|move|p2a: Shedinja|Will-O-Wisp|p1a: Blissey
|-status|p1a: Blissey|brn
|
|-damage|p1a: Blissey|49/100 brn|[from] brn
|-fieldend|move: Psychic Terrain
|upkeep
|turn|189
|
|t:|1660257309
|switch|p2a: Blissey|Blissey, F|56/100
|move|p1a: Blissey|Teleport|p1a: Blissey
|
|t:|1660257311
|-curestatus|p1a: Blissey|brn|[from] ability: Natural Cure
|switch|p1a: Corviknight|Corviknight, F|38/100|[from]move: Teleport
|-damage|p1a: Corviknight|25/100|[from] Stealth Rock
|-ability|p1a: Corviknight|Pressure
|
|upkeep
|turn|190
|
|t:|1660257318
|move|p1a: Corviknight|Roost|p1a: Corviknight
|-heal|p1a: Corviknight|75/100
|-singleturn|p1a: Corviknight|move: Roost
|move|p2a: Blissey|Seismic Toss|p1a: Corviknight
|-damage|p1a: Corviknight|50/100
|
|upkeep
|turn|191
|
|t:|1660257322
|move|p1a: Corviknight|Defog|p2a: Blissey
|-unboost|p2a: Blissey|evasion|1
|-sideend|p1: Justin UA|Stealth Rock|[from] move: Defog|[of] p1a: Corviknight
|move|p2a: Blissey|Seismic Toss|p1a: Corviknight
|-damage|p1a: Corviknight|25/100
|
|upkeep
|turn|192
|
|t:|1660257326
|move|p1a: Corviknight|Roost|p1a: Corviknight
|-heal|p1a: Corviknight|75/100
|-singleturn|p1a: Corviknight|move: Roost
|move|p2a: Blissey|Soft-Boiled|p2a: Blissey
|-heal|p2a: Blissey|100/100
|
|upkeep
|turn|193
|
|t:|1660257329
|switch|p2a: Toxapex|Toxapex, M|100/100
|move|p1a: Corviknight|Body Press|p2a: Toxapex
|-resisted|p2a: Toxapex
|-damage|p2a: Toxapex|94/100
|
|upkeep
|turn|194
|
|t:|1660257349
|switch|p2a: Shedinja|Shedinja|100/100
|move|p1a: Corviknight|U-turn|p2a: Shedinja
|-immune|p2a: Shedinja|[from] ability: Wonder Guard
|
|upkeep
|turn|195
|
|t:|1660257356
|switch|p1a: Blissey|Blissey, F|49/100
|move|p2a: Shedinja|Will-O-Wisp|p1a: Blissey
|-status|p1a: Blissey|brn
|
|-damage|p1a: Blissey|43/100 brn|[from] brn
|upkeep
|turn|196
|
|t:|1660257359
|switch|p2a: Blissey|Blissey, F|100/100
|move|p1a: Blissey|Teleport|p1a: Blissey
|
|t:|1660257361
|-curestatus|p1a: Blissey|brn|[from] ability: Natural Cure
|switch|p1a: Corviknight|Corviknight, F|75/100|[from]move: Teleport
|-ability|p1a: Corviknight|Pressure
|
|upkeep
|turn|197
|
|t:|1660257364
|switch|p2a: Shedinja|Shedinja|100/100
|move|p1a: Corviknight|U-turn|p2a: Shedinja
|-immune|p2a: Shedinja|[from] ability: Wonder Guard
|
|upkeep
|turn|198
|
|t:|1660257370
|switch|p1a: Blissey|Blissey, F|43/100
|move|p2a: Shedinja|Will-O-Wisp|p1a: Blissey
|-status|p1a: Blissey|brn
|
|-damage|p1a: Blissey|37/100 brn|[from] brn
|upkeep
|turn|199
|
|t:|1660257374
|switch|p2a: Blissey|Blissey, F|100/100
|move|p1a: Blissey|Teleport|p1a: Blissey
|
|t:|1660257377
|-curestatus|p1a: Blissey|brn|[from] ability: Natural Cure
|switch|p1a: Corviknight|Corviknight, F|75/100|[from]move: Teleport
|-ability|p1a: Corviknight|Pressure
|
|upkeep
|turn|200
|
|t:|1660257383
|switch|p2a: Shedinja|Shedinja|100/100
|move|p1a: Corviknight|Body Press|p2a: Shedinja
|-immune|p2a: Shedinja|[from] ability: Wonder Guard
|
|upkeep
|turn|201
|
|t:|1660257387
|switch|p1a: Blissey|Blissey, F|37/100
|move|p2a: Shedinja|Will-O-Wisp|p1a: Blissey
|-status|p1a: Blissey|brn
|
|-damage|p1a: Blissey|31/100 brn|[from] brn
|upkeep
|turn|202
|
|t:|1660257393
|switch|p2a: Blissey|Blissey, F|100/100
|move|p1a: Blissey|Toxic|p2a: Blissey
|-status|p2a: Blissey|tox
|
|-damage|p2a: Blissey|94/100 tox|[from] psn
|-damage|p1a: Blissey|25/100 brn|[from] brn
|upkeep
|turn|203
|
|t:|1660257395
|-curestatus|p1a: Blissey|brn|[from] ability: Natural Cure
|switch|p1a: Corviknight|Corviknight, F|75/100
|-ability|p1a: Corviknight|Pressure
|move|p2a: Blissey|Stealth Rock|p1a: Corviknight
|-sidestart|p1: Justin UA|move: Stealth Rock
|
|-damage|p2a: Blissey|82/100 tox|[from] psn
|upkeep
|turn|204
|
|t:|1660257398
|-curestatus|p2a: Blissey|tox|[from] ability: Natural Cure
|switch|p2a: Toxapex|Toxapex, M|100/100
|move|p1a: Corviknight|Defog|p2a: Toxapex
|-unboost|p2a: Toxapex|evasion|1
|-sideend|p1: Justin UA|Stealth Rock|[from] move: Defog|[of] p1a: Corviknight
|
|upkeep
|turn|205
|
|t:|1660257404
|switch|p1a: Blissey|Blissey, F|25/100
|switch|p2a: Shedinja|Shedinja|100/100
|
|upkeep
|turn|206
|
|t:|1660257407
|switch|p2a: Blissey|Blissey, F|82/100
|move|p1a: Blissey|Soft-Boiled|p1a: Blissey
|-heal|p1a: Blissey|75/100
|
|upkeep
|turn|207
|
|t:|1660257409
|switch|p1a: Corviknight|Corviknight, F|75/100
|-ability|p1a: Corviknight|Pressure
|move|p2a: Blissey|Stealth Rock|p1a: Corviknight
|-sidestart|p1: Justin UA|move: Stealth Rock
|
|upkeep
|turn|208
|
|t:|1660257414
|switch|p2a: Shedinja|Shedinja|100/100
|move|p1a: Corviknight|Defog|p2a: Shedinja
|-unboost|p2a: Shedinja|evasion|1
|-sideend|p1: Justin UA|Stealth Rock|[from] move: Defog|[of] p1a: Corviknight
|
|upkeep
|turn|209
|
|t:|1660257421
|switch|p1a: Blissey|Blissey, F|75/100
|move|p2a: Shedinja|Will-O-Wisp|p1a: Blissey
|-status|p1a: Blissey|brn
|
|-damage|p1a: Blissey|68/100 brn|[from] brn
|upkeep
|turn|210
|
|t:|1660257424
|switch|p2a: Blissey|Blissey, F|82/100
|move|p1a: Blissey|Toxic|p2a: Blissey
|-status|p2a: Blissey|tox
|
|-damage|p2a: Blissey|76/100 tox|[from] psn
|-damage|p1a: Blissey|62/100 brn|[from] brn
|upkeep
|turn|211
|
|t:|1660257426
|move|p1a: Blissey|Seismic Toss|p2a: Blissey
|-damage|p2a: Blissey|62/100 tox
|move|p2a: Blissey|Stealth Rock|p1a: Blissey
|-sidestart|p1: Justin UA|move: Stealth Rock
|
|-damage|p2a: Blissey|49/100 tox|[from] psn
|-damage|p1a: Blissey|56/100 brn|[from] brn
|upkeep
|turn|212
|
|t:|1660257431
|-curestatus|p1a: Blissey|brn|[from] ability: Natural Cure
|switch|p1a: Corviknight|Corviknight, F|75/100
|-damage|p1a: Corviknight|63/100|[from] Stealth Rock
|-ability|p1a: Corviknight|Pressure
|move|p2a: Blissey|Soft-Boiled|p2a: Blissey
|-heal|p2a: Blissey|99/100 tox
|
|-damage|p2a: Blissey|81/100 tox|[from] psn
|upkeep
|turn|213
|
|t:|1660257438
|-curestatus|p2a: Blissey|tox|[from] ability: Natural Cure
|switch|p2a: Shedinja|Shedinja|100/100
|move|p1a: Corviknight|U-turn|p2a: Shedinja
|-immune|p2a: Shedinja|[from] ability: Wonder Guard
|
|upkeep
|turn|214
|
|t:|1660257445
|switch|p1a: Blissey|Blissey, F|56/100
|-damage|p1a: Blissey|44/100|[from] Stealth Rock
|move|p2a: Shedinja|Will-O-Wisp|p1a: Blissey
|-status|p1a: Blissey|brn
|
|-damage|p1a: Blissey|37/100 brn|[from] brn
|upkeep
|turn|215
|
|t:|1660257453
|switch|p2a: Buzzwole|Buzzwole|82/100 tox
|move|p1a: Blissey|Teleport|p1a: Blissey
|
|t:|1660257457
|-curestatus|p1a: Blissey|brn|[from] ability: Natural Cure
|switch|p1a: Corviknight|Corviknight, F|63/100|[from]move: Teleport
|-damage|p1a: Corviknight|50/100|[from] Stealth Rock
|-ability|p1a: Corviknight|Pressure
|
|-damage|p2a: Buzzwole|76/100 tox|[from] psn
|upkeep
|turn|216
|
|t:|1660257461
|move|p2a: Buzzwole|Ice Punch|p1a: Corviknight
|-damage|p1a: Corviknight|36/100
|move|p1a: Corviknight|Defog|p2a: Buzzwole
|-unboost|p2a: Buzzwole|evasion|1
|-sideend|p1: Justin UA|Stealth Rock|[from] move: Defog|[of] p1a: Corviknight
|
|-damage|p2a: Buzzwole|63/100 tox|[from] psn
|upkeep
|turn|217
|
|t:|1660257467
|switch|p2a: Shedinja|Shedinja|100/100
|move|p1a: Corviknight|Roost|p1a: Corviknight
|-heal|p1a: Corviknight|86/100
|-singleturn|p1a: Corviknight|move: Roost
|
|upkeep
|turn|218
|
|t:|1660257470
|switch|p1a: Blissey|Blissey, F|37/100
|move|p2a: Shedinja|Will-O-Wisp|p1a: Blissey
|-status|p1a: Blissey|brn
|
|-damage|p1a: Blissey|31/100 brn|[from] brn
|upkeep
|turn|219
|
|t:|1660257472
|switch|p2a: Blissey|Blissey, F|81/100
|-curestatus|p1a: Blissey|brn|[from] ability: Natural Cure
|switch|p1a: Corviknight|Corviknight, F|86/100
|-ability|p1a: Corviknight|Pressure
|
|upkeep
|turn|220
|
|t:|1660257476
|switch|p1a: Blissey|Blissey, F|31/100
|switch|p2a: Shedinja|Shedinja|100/100
|
|upkeep
|turn|221
|
|t:|1660257478
|switch|p2a: Blissey|Blissey, F|81/100
|move|p1a: Blissey|Soft-Boiled|p1a: Blissey
|-heal|p1a: Blissey|81/100
|
|upkeep
|turn|222
|
|t:|1660257481
|move|p2a: Blissey|Stealth Rock|p1a: Blissey
|-sidestart|p1: Justin UA|move: Stealth Rock
|move|p1a: Blissey|Toxic|p2a: Blissey
|-status|p2a: Blissey|tox
|
|-damage|p2a: Blissey|75/100 tox|[from] psn
|upkeep
|turn|223
|
|t:|1660257486
|-curestatus|p2a: Blissey|tox|[from] ability: Natural Cure
|switch|p2a: Buzzwole|Buzzwole|63/100 tox
|move|p1a: Blissey|Seismic Toss|p2a: Buzzwole
|-damage|p2a: Buzzwole|39/100 tox
|-damage|p1a: Blissey|65/100|[from] item: Rocky Helmet|[of] p2a: Buzzwole
|
|-damage|p2a: Buzzwole|33/100 tox|[from] psn
|upkeep
|turn|224
|
|t:|1660257490
|switch|p1a: Corviknight|Corviknight, F|86/100
|-damage|p1a: Corviknight|73/100|[from] Stealth Rock
|-ability|p1a: Corviknight|Pressure
|move|p2a: Buzzwole|Roost|p2a: Buzzwole
|-heal|p2a: Buzzwole|83/100 tox
|-singleturn|p2a: Buzzwole|move: Roost
|
|-damage|p2a: Buzzwole|71/100 tox|[from] psn
|upkeep
|turn|225
|
|t:|1660257495
|switch|p2a: Shedinja|Shedinja|100/100
|move|p1a: Corviknight|Defog|p2a: Shedinja
|-unboost|p2a: Shedinja|evasion|1
|-sideend|p1: Justin UA|Stealth Rock|[from] move: Defog|[of] p1a: Corviknight
|
|upkeep
|turn|226
|
|t:|1660257509
|switch|p1a: Blissey|Blissey, F|65/100
|move|p2a: Shedinja|Will-O-Wisp|p1a: Blissey
|-status|p1a: Blissey|brn
|
|-damage|p1a: Blissey|58/100 brn|[from] brn
|upkeep
|turn|227
|
|t:|1660257513
|switch|p2a: Blissey|Blissey, F|75/100
|-curestatus|p1a: Blissey|brn|[from] ability: Natural Cure
|switch|p1a: Corviknight|Corviknight, F|73/100
|-ability|p1a: Corviknight|Pressure
|
|upkeep
|turn|228
|
|t:|1660257517
|switch|p1a: Blissey|Blissey, F|58/100
|switch|p2a: Shedinja|Shedinja|100/100
|
|upkeep
|turn|229
|
|t:|1660257522
|switch|p2a: Blissey|Blissey, F|75/100
|switch|p1a: Corviknight|Corviknight, F|73/100
|-ability|p1a: Corviknight|Pressure
|
|upkeep
|turn|230
|
|t:|1660257526
|switch|p1a: Blissey|Blissey, F|58/100
|switch|p2a: Toxapex|Toxapex, M|100/100
|
|upkeep
|turn|231
|
|t:|1660257531
|switch|p1a: Corviknight|Corviknight, F|73/100
|-ability|p1a: Corviknight|Pressure
|switch|p2a: Blissey|Blissey, F|75/100
|
|upkeep
|turn|232
|
|t:|1660257536
|switch|p2a: Toxapex|Toxapex, M|100/100
|move|p1a: Corviknight|U-turn|p2a: Toxapex
|-resisted|p2a: Toxapex
|-damage|p2a: Toxapex|96/100
|
|t:|1660257539
|switch|p1a: Tapu Lele|Tapu Lele|51/100|[from]move: U-turn
|-fieldstart|move: Psychic Terrain|[from] ability: Psychic Surge|[of] p1a: Tapu Lele
|
|upkeep
|turn|233
|
|t:|1660257547
|switch|p1a: Dragapult|Dragapult, F, shiny|52/100 brn
|switch|p2a: Shedinja|Shedinja|100/100
|
|-damage|p1a: Dragapult|46/100 brn|[from] brn
|upkeep
|turn|234
|
|t:|1660257557
|switch|p2a: Toxapex|Toxapex, M|100/100
|move|p1a: Dragapult|Draco Meteor|p2a: Toxapex
|-damage|p2a: Toxapex|25/100
|-unboost|p1a: Dragapult|spa|2
|
|-damage|p1a: Dragapult|40/100 brn|[from] brn
|upkeep
|turn|235
|
|t:|1660257565
|switch|p1a: Blissey|Blissey, F|58/100
|switch|p2a: Blissey|Blissey, F|75/100
|
|upkeep
|turn|236
|
|t:|1660257568
|move|p2a: Blissey|Stealth Rock|p1a: Blissey
|-sidestart|p1: Justin UA|move: Stealth Rock
|move|p1a: Blissey|Seismic Toss|p2a: Blissey
|-damage|p2a: Blissey|61/100
|
|-fieldend|move: Psychic Terrain
|upkeep
|turn|237
|
|t:|1660257571
|move|p2a: Blissey|Seismic Toss|p1a: Blissey
|-damage|p1a: Blissey|44/100
|move|p1a: Blissey|Seismic Toss|p2a: Blissey
|-damage|p2a: Blissey|47/100
|
|upkeep
|turn|238
|
|t:|1660257574
|move|p1a: Blissey|Soft-Boiled|p1a: Blissey
|-heal|p1a: Blissey|94/100
|move|p2a: Blissey|Soft-Boiled|p2a: Blissey
|-heal|p2a: Blissey|97/100
|
|upkeep
|turn|239
|
|t:|1660257579
|switch|p2a: Buzzwole|Buzzwole|71/100 tox
|move|p1a: Blissey|Seismic Toss|p2a: Buzzwole
|-damage|p2a: Buzzwole|47/100 tox
|-damage|p1a: Blissey|78/100|[from] item: Rocky Helmet|[of] p2a: Buzzwole
|
|-damage|p2a: Buzzwole|40/100 tox|[from] psn
|upkeep
|turn|240
|
|t:|1660257585
|switch|p1a: Corviknight|Corviknight, F|73/100
|-damage|p1a: Corviknight|61/100|[from] Stealth Rock
|-ability|p1a: Corviknight|Pressure
|move|p2a: Buzzwole|Roost|p2a: Buzzwole
|-heal|p2a: Buzzwole|90/100 tox
|-singleturn|p2a: Buzzwole|move: Roost
|
|-damage|p2a: Buzzwole|78/100 tox|[from] psn
|upkeep
|turn|241
|
|t:|1660257594
|switch|p2a: Shedinja|Shedinja|100/100
|move|p1a: Corviknight|U-turn|p2a: Shedinja
|-immune|p2a: Shedinja|[from] ability: Wonder Guard
|
|upkeep
|turn|242
|
|t:|1660257597
|switch|p1a: Blissey|Blissey, F|78/100
|-damage|p1a: Blissey|65/100|[from] Stealth Rock
|move|p2a: Shedinja|Will-O-Wisp|p1a: Blissey
|-status|p1a: Blissey|brn
|
|-damage|p1a: Blissey|59/100 brn|[from] brn
|upkeep
|turn|243
|
|t:|1660257601
|switch|p2a: Blissey|Blissey, F|97/100
|move|p1a: Blissey|Toxic|p2a: Blissey
|-status|p2a: Blissey|tox
|
|-damage|p2a: Blissey|91/100 tox|[from] psn
|-damage|p1a: Blissey|53/100 brn|[from] brn
|upkeep
|turn|244
|
|t:|1660257607
|move|p2a: Blissey|Stealth Rock||[still]
|-fail|p2a: Blissey
|move|p1a: Blissey|Seismic Toss|p2a: Blissey
|-damage|p2a: Blissey|77/100 tox
|
|-damage|p2a: Blissey|64/100 tox|[from] psn
|-damage|p1a: Blissey|47/100 brn|[from] brn
|upkeep
|turn|245
|
|t:|1660257617
|move|p1a: Blissey|Soft-Boiled|p1a: Blissey
|-heal|p1a: Blissey|97/100 brn
|move|p2a: Blissey|Soft-Boiled|p2a: Blissey
|-heal|p2a: Blissey|100/100 tox
|
|-damage|p2a: Blissey|82/100 tox|[from] psn
|-damage|p1a: Blissey|91/100 brn|[from] brn
|upkeep
|turn|246
|
|t:|1660257624
|-curestatus|p2a: Blissey|tox|[from] ability: Natural Cure
|switch|p2a: Buzzwole|Buzzwole|78/100 tox
|-curestatus|p1a: Blissey|brn|[from] ability: Natural Cure
|switch|p1a: Corviknight|Corviknight, F|61/100
|-damage|p1a: Corviknight|48/100|[from] Stealth Rock
|-ability|p1a: Corviknight|Pressure
|
|-damage|p2a: Buzzwole|72/100 tox|[from] psn
|upkeep
|turn|247
|
|t:|1660257630
|switch|p2a: Toxapex|Toxapex, M|59/100
|move|p1a: Corviknight|Roost|p1a: Corviknight
|-heal|p1a: Corviknight|98/100
|-singleturn|p1a: Corviknight|move: Roost
|
|upkeep
|turn|248
|
|t:|1660257640
|move|p1a: Corviknight|Defog|p2a: Toxapex
|-unboost|p2a: Toxapex|evasion|1
|-sideend|p1: Justin UA|Stealth Rock|[from] move: Defog|[of] p1a: Corviknight
|move|p2a: Toxapex|Recover|p2a: Toxapex
|-heal|p2a: Toxapex|100/100
|
|upkeep
|turn|249
|
|t:|1660257644
|move|p1a: Corviknight|U-turn|p2a: Toxapex
|-resisted|p2a: Toxapex
|-damage|p2a: Toxapex|97/100
|
|t:|1660257646
|switch|p1a: Blissey|Blissey, F|91/100|[from]move: U-turn
|move|p2a: Toxapex|Knock Off|p1a: Blissey
|-damage|p1a: Blissey|82/100
|
|upkeep
|turn|250
|
|t:|1660257650
|switch|p1a: Corviknight|Corviknight, F|98/100
|-ability|p1a: Corviknight|Pressure
|switch|p2a: Blissey|Blissey, F|82/100
|
|upkeep
|turn|251
|
|t:|1660257653
|switch|p2a: Toxapex|Toxapex, M|100/100
|move|p1a: Corviknight|Body Press|p2a: Toxapex
|-resisted|p2a: Toxapex
|-damage|p2a: Toxapex|93/100
|
|upkeep
|turn|252
|
|t:|1660257656
|switch|p2a: Shedinja|Shedinja|100/100
|move|p1a: Corviknight|U-turn|p2a: Shedinja
|-immune|p2a: Shedinja|[from] ability: Wonder Guard
|
|upkeep
|turn|253
|
|t:|1660257660
|switch|p2a: Toxapex|Toxapex, M|100/100
|switch|p1a: Blissey|Blissey, F|82/100
|
|upkeep
|turn|254
|
|t:|1660257663
|switch|p2a: Blissey|Blissey, F|82/100
|move|p1a: Blissey|Teleport|p1a: Blissey
|
|t:|1660257672
|switch|p1a: Tapu Lele|Tapu Lele|51/100|[from]move: Teleport
|-fieldstart|move: Psychic Terrain|[from] ability: Psychic Surge|[of] p1a: Tapu Lele
|
|upkeep
|turn|255
|
|t:|1660257675
|switch|p1a: Dragapult|Dragapult, F, shiny|40/100 brn
|switch|p2a: Shedinja|Shedinja|100/100
|
|-damage|p1a: Dragapult|34/100 brn|[from] brn
|upkeep
|turn|256
|
|t:|1660257678
|switch|p2a: Toxapex|Toxapex, M|100/100
|move|p1a: Dragapult|Shadow Ball|p2a: Toxapex
|-damage|p2a: Toxapex|61/100
|-unboost|p2a: Toxapex|spd|1
|
|-damage|p1a: Dragapult|28/100 brn|[from] brn
|upkeep
|turn|257
|
|t:|1660257686
|switch|p1a: Landorus|Landorus-Therian, M|17/100 brn
|-ability|p1a: Landorus|Intimidate|boost
|-unboost|p2a: Toxapex|atk|1
|switch|p2a: Blissey|Blissey, F|82/100
|
|-damage|p1a: Landorus|11/100 brn|[from] brn
|upkeep
|turn|258
|
|t:|1660257690
|move|p1a: Landorus|Stealth Rock|p2a: Blissey
|-sidestart|p2: lt92pf dxm|move: Stealth Rock
|move|p2a: Blissey|Stealth Rock|p1a: Landorus
|-sidestart|p1: Justin UA|move: Stealth Rock
|
|-damage|p1a: Landorus|5/100 brn|[from] brn
|-fieldend|move: Psychic Terrain
|upkeep
|turn|259
|
|t:|1660257699
|switch|p2a: Hydreigon|Hydreigon, M|100/100
|-damage|p2a: Hydreigon|88/100|[from] Stealth Rock
|move|p1a: Landorus|Toxic|p2a: Hydreigon
|-status|p2a: Hydreigon|tox
|
|-heal|p2a: Hydreigon|94/100 tox|[from] item: Leftovers
|-damage|p2a: Hydreigon|88/100 tox|[from] psn
|-damage|p1a: Landorus|0 fnt|[from] brn
|faint|p1a: Landorus
|upkeep
|
|t:|1660257706
|switch|p1a: Blissey|Blissey, F|82/100
|-damage|p1a: Blissey|70/100|[from] Stealth Rock
|turn|260
|
|t:|1660257719
|switch|p2a: Buzzwole|Buzzwole|72/100 tox
|-damage|p2a: Buzzwole|59/100 tox|[from] Stealth Rock
|switch|p1a: Corviknight|Corviknight, F|98/100
|-damage|p1a: Corviknight|86/100|[from] Stealth Rock
|-ability|p1a: Corviknight|Pressure
|
|-damage|p2a: Buzzwole|53/100 tox|[from] psn
|upkeep
|turn|261
|
|t:|1660257725
|move|p2a: Buzzwole|Roost|p2a: Buzzwole
|-heal|p2a: Buzzwole|100/100 tox
|-singleturn|p2a: Buzzwole|move: Roost
|move|p1a: Corviknight|U-turn|p2a: Buzzwole
|-resisted|p2a: Buzzwole
|-damage|p2a: Buzzwole|97/100 tox
|-damage|p1a: Corviknight|69/100|[from] item: Rocky Helmet|[of] p2a: Buzzwole
|
|t:|1660257728
|switch|p1a: Tapu Lele|Tapu Lele|51/100|[from]move: U-turn
|-damage|p1a: Tapu Lele|38/100|[from] Stealth Rock
|-fieldstart|move: Psychic Terrain|[from] ability: Psychic Surge|[of] p1a: Tapu Lele
|
|-damage|p2a: Buzzwole|84/100 tox|[from] psn
|upkeep
|turn|262
|
|t:|1660257733
|switch|p1a: Dragapult|Dragapult, F, shiny|28/100 brn
|-damage|p1a: Dragapult|16/100 brn|[from] Stealth Rock
|switch|p2a: Shedinja|Shedinja|100/100
|
|-damage|p1a: Dragapult|10/100 brn|[from] brn
|upkeep
|turn|263
|
|t:|1660257737
|switch|p2a: Blissey|Blissey, F|82/100
|move|p1a: Dragapult|Draco Meteor|p2a: Blissey
|-damage|p2a: Blissey|53/100
|-unboost|p1a: Dragapult|spa|2
|
|-damage|p1a: Dragapult|4/100 brn|[from] brn
|upkeep
|turn|264
|
|t:|1660257741
|move|p1a: Dragapult|Draco Meteor|p2a: Blissey
|-damage|p2a: Blissey|36/100
|-unboost|p1a: Dragapult|spa|2
|move|p2a: Blissey|Soft-Boiled|p2a: Blissey
|-heal|p2a: Blissey|86/100
|
|-damage|p1a: Dragapult|0 fnt|[from] brn
|faint|p1a: Dragapult
|upkeep
|
|t:|1660257750
|switch|p1a: Blissey|Blissey, F|70/100
|-damage|p1a: Blissey|57/100|[from] Stealth Rock
|turn|265
|
|t:|1660257756
|switch|p2a: Toxapex|Toxapex, M|94/100
|-damage|p2a: Toxapex|82/100|[from] Stealth Rock
|move|p1a: Blissey|Seismic Toss|p2a: Toxapex
|-damage|p2a: Toxapex|49/100
|
|-fieldend|move: Psychic Terrain
|upkeep
|turn|266
|
|t:|1660257764
|move|p1a: Blissey|Seismic Toss|p2a: Toxapex
|-damage|p2a: Toxapex|16/100
|move|p2a: Toxapex|Recover|p2a: Toxapex
|-heal|p2a: Toxapex|66/100
|
|upkeep
|turn|267
|
|t:|1660257771
|switch|p1a: Tapu Lele|Tapu Lele|38/100
|-damage|p1a: Tapu Lele|26/100|[from] Stealth Rock
|-fieldstart|move: Psychic Terrain|[from] ability: Psychic Surge|[of] p1a: Tapu Lele
|move|p2a: Toxapex|Spite||[still]
|-fail|p2a: Toxapex
|
|upkeep
|turn|268
|
|t:|1660257780
|switch|p2a: Shedinja|Shedinja|100/100
|move|p1a: Tapu Lele|Moonblast|p2a: Shedinja
|-immune|p2a: Shedinja|[from] ability: Wonder Guard
|
|upkeep
|turn|269
|
|t:|1660257783
|switch|p1a: Blissey|Blissey, F|57/100
|-damage|p1a: Blissey|45/100|[from] Stealth Rock
|move|p2a: Shedinja|Will-O-Wisp|p1a: Blissey
|-status|p1a: Blissey|brn
|
|-damage|p1a: Blissey|38/100 brn|[from] brn
|upkeep
|turn|270
|
|t:|1660257787
|switch|p2a: Buzzwole|Buzzwole|84/100 tox
|-damage|p2a: Buzzwole|72/100 tox|[from] Stealth Rock
|move|p1a: Blissey|Soft-Boiled|p1a: Blissey
|-heal|p1a: Blissey|88/100 brn
|
|-damage|p2a: Buzzwole|66/100 tox|[from] psn
|-damage|p1a: Blissey|82/100 brn|[from] brn
|upkeep
|turn|271
|
|t:|1660257791
|-curestatus|p1a: Blissey|brn|[from] ability: Natural Cure
|switch|p1a: Corviknight|Corviknight, F|69/100
|-damage|p1a: Corviknight|57/100|[from] Stealth Rock
|-ability|p1a: Corviknight|Pressure
|move|p2a: Buzzwole|Drain Punch|p1a: Corviknight
|-damage|p1a: Corviknight|33/100
|-heal|p2a: Buzzwole|77/100 tox|[from] drain|[of] p1a: Corviknight
|
|-damage|p2a: Buzzwole|65/100 tox|[from] psn
|-fieldend|move: Psychic Terrain
|upkeep
|turn|272
|
|t:|1660257798
|move|p2a: Buzzwole|Ice Punch|p1a: Corviknight
|-damage|p1a: Corviknight|17/100
|move|p1a: Corviknight|Roost|p1a: Corviknight
|-heal|p1a: Corviknight|67/100
|-singleturn|p1a: Corviknight|move: Roost
|
|-damage|p2a: Buzzwole|46/100 tox|[from] psn
|upkeep
|turn|273
|
|t:|1660257806
|move|p2a: Buzzwole|Roost|p2a: Buzzwole
|-heal|p2a: Buzzwole|96/100 tox
|-singleturn|p2a: Buzzwole|move: Roost
|move|p1a: Corviknight|Body Press|p2a: Buzzwole
|-resisted|p2a: Buzzwole
|-damage|p2a: Buzzwole|90/100 tox
|-damage|p1a: Corviknight|51/100|[from] item: Rocky Helmet|[of] p2a: Buzzwole
|
|-damage|p2a: Buzzwole|65/100 tox|[from] psn
|upkeep
|turn|274
|
|t:|1660257814
|switch|p2a: Shedinja|Shedinja|100/100
|move|p1a: Corviknight|Roost|p1a: Corviknight
|-heal|p1a: Corviknight|100/100
|-singleturn|p1a: Corviknight|move: Roost
|
|upkeep
|turn|275
|
|t:|1660257821
|switch|p1a: Blissey|Blissey, F|82/100
|-damage|p1a: Blissey|70/100|[from] Stealth Rock
|move|p2a: Shedinja|Will-O-Wisp|p1a: Blissey
|-status|p1a: Blissey|brn
|
|-damage|p1a: Blissey|64/100 brn|[from] brn
|upkeep
|turn|276
|
|t:|1660257826
|switch|p2a: Toxapex|Toxapex, M|99/100
|-damage|p2a: Toxapex|87/100|[from] Stealth Rock
|move|p1a: Blissey|Seismic Toss|p2a: Toxapex
|-damage|p2a: Toxapex|54/100
|
|-damage|p1a: Blissey|58/100 brn|[from] brn
|upkeep
|turn|277
|
|t:|1660257832
|-curestatus|p1a: Blissey|brn|[from] ability: Natural Cure
|switch|p1a: Corviknight|Corviknight, F|100/100
|-damage|p1a: Corviknight|88/100|[from] Stealth Rock
|-ability|p1a: Corviknight|Pressure
|switch|p2a: Buzzwole|Buzzwole|65/100 tox
|-damage|p2a: Buzzwole|53/100 tox|[from] Stealth Rock
|
|-damage|p2a: Buzzwole|46/100 tox|[from] psn
|upkeep
|turn|278
|inactive|Justin UA has 120 seconds left.
|
|t:|1660257846
|switch|p1a: Blissey|Blissey, F|58/100
|-damage|p1a: Blissey|45/100|[from] Stealth Rock
|move|p2a: Buzzwole|Roost|p2a: Buzzwole
|-heal|p2a: Buzzwole|96/100 tox
|-singleturn|p2a: Buzzwole|move: Roost
|
|-damage|p2a: Buzzwole|84/100 tox|[from] psn
|upkeep
|turn|279
|
|t:|1660257850
|switch|p2a: Toxapex|Toxapex, M|87/100
|-damage|p2a: Toxapex|75/100|[from] Stealth Rock
|switch|p1a: Corviknight|Corviknight, F|88/100
|-damage|p1a: Corviknight|75/100|[from] Stealth Rock
|-ability|p1a: Corviknight|Pressure
|
|upkeep
|turn|280
|inactive|Justin UA has 120 seconds left.
|-message|Justin UA forfeited.
|
|win|lt92pf dxm
|raw|Justin UA's rating: 1747 &rarr; <strong>1726</strong><br />(-21 for losing)
|raw|lt92pf dxm's rating: 1729 &rarr; <strong>1750</strong><br />(+21 for winning)
|l|☆Justin UA
