|j|☆bigtestsofbig
|j|☆rigmortus
|t:|1658064623
|gametype|singles
|player|p1|bigtestsofbig|medium|1686
|player|p2|rigmortus|101|1825
|teamsize|p1|6
|teamsize|p2|6
|gen|8
|tier|[Gen 8] OU
|rated|
|rule|Sleep Clause Mod: Limit one foe put to sleep
|rule|Species Clause: Limit one of each Pokémon
|rule|OHKO Clause: OHKO moves are banned
|rule|Evasion Moves Clause: Evasion moves are banned
|rule|Endless Battle Clause: Forcing endless battles is banned
|rule|HP Percentage Mod: HP is shown in percentages
|rule|Dynamax Clause: You cannot dynamax
|clearpoke
|poke|p1|Urshifu-*, F|
|poke|p1|Tyranitar, F|
|poke|p1|Excadrill, F|
|poke|p1|Zapdos|
|poke|p1|Ferrothorn, M|
|poke|p1|Tapu Lele|
|poke|p2|Slowbro, M|
|poke|p2|Garchomp, M|
|poke|p2|Weavile, M|
|poke|p2|Tornadus-Therian, M|
|poke|p2|Landorus-Therian, M|
|poke|p2|Melmetal|
|teampreview
|inactive|Battle timer is ON: inactive players will automatically lose when time's up. (requested by bigtestsofbig)
|j| simplegent
|
|t:|1658064648
|start
|switch|p1a: Zapdos|Zapdos|100/100
|switch|p2a: Landorus|Landorus-Therian, M|100/100
|-ability|p2a: Landorus|Intimidate|boost
|-unboost|p1a: Zapdos|atk|1
|turn|1
|
|t:|1658064652
|move|p1a: Zapdos|Hurricane|p2a: Landorus
|-damage|p2a: Landorus|68/100
|-start|p2a: Landorus|confusion
|-activate|p2a: Landorus|confusion
|move|p2a: Landorus|Toxic|p1a: Zapdos
|-status|p1a: Zapdos|tox
|
|-heal|p2a: Landorus|74/100|[from] item: Leftovers
|-damage|p1a: Zapdos|94/100 tox|[from] psn
|upkeep
|turn|2
|j| Severre
|
|t:|1658064663
|move|p1a: Zapdos|Hurricane|p2a: Landorus
|-damage|p2a: Landorus|40/100
|-activate|p2a: Landorus|confusion
|-damage|p2a: Landorus|27/100|[from] confusion
|
|-heal|p2a: Landorus|33/100|[from] item: Leftovers
|-damage|p1a: Zapdos|82/100 tox|[from] psn
|upkeep
|turn|3
|j| tigers jaw
|
|t:|1658064672
|switch|p2a: Melmetal|Melmetal|100/100
|move|p1a: Zapdos|Volt Switch|p2a: Melmetal
|-damage|p2a: Melmetal|76/100
|
|t:|1658064681
|switch|p1a: Ferrothorn|Ferrothorn, M|100/100|[from]move: Volt Switch
|
|-heal|p2a: Melmetal|82/100|[from] item: Leftovers
|upkeep
|turn|4
|
|t:|1658064690
|switch|p2a: Tornadus|Tornadus-Therian, M|100/100
|move|p1a: Ferrothorn|Stealth Rock|p2a: Tornadus
|-sidestart|p2: rigmortus|move: Stealth Rock
|
|upkeep
|turn|5
|
|t:|1658064694
|switch|p1a: Tyranitar|Tyranitar, F|100/100
|-weather|Sandstorm|[from] ability: Sand Stream|[of] p1a: Tyranitar
|move|p2a: Tornadus|Defog|p1a: Tyranitar
|-unboost|p1a: Tyranitar|evasion|1
|-sideend|p2: rigmortus|Stealth Rock|[from] move: Defog|[of] p2a: Tornadus
|
|-weather|Sandstorm|[upkeep]
|-damage|p2a: Tornadus|94/100|[from] Sandstorm
|upkeep
|turn|6
|
|t:|1658064711
|move|p2a: Tornadus|U-turn|p1a: Tyranitar
|-supereffective|p1a: Tyranitar
|-damage|p1a: Tyranitar|75/100
|
|t:|1658064720
|switch|p2a: Slowbro|Slowbro, M|100/100|[from]move: U-turn
|move|p1a: Tyranitar|Fire Punch|p2a: Slowbro
|-resisted|p2a: Slowbro
|-damage|p2a: Slowbro|87/100
|
|-weather|Sandstorm|[upkeep]
|-damage|p2a: Slowbro|81/100|[from] Sandstorm
|upkeep
|turn|7
|
|t:|1658064728
|switch|p1a: Ferrothorn|Ferrothorn, M|100/100
|move|p2a: Slowbro|Teleport|p2a: Slowbro
|
|t:|1658064732
|switch|p2a: Tornadus|Tornadus-Therian, M|100/100|[from]move: Teleport
|
|-weather|Sandstorm|[upkeep]
|-damage|p2a: Tornadus|94/100|[from] Sandstorm
|upkeep
|turn|8
|j| anaklusmos
|
|t:|1658064747
|move|p2a: Tornadus|Heat Wave|p1a: Ferrothorn
|-supereffective|p1a: Ferrothorn
|-damage|p1a: Ferrothorn|31/100
|move|p1a: Ferrothorn|Stealth Rock|p2a: Tornadus
|-sidestart|p2: rigmortus|move: Stealth Rock
|
|-weather|Sandstorm|[upkeep]
|-damage|p2a: Tornadus|88/100|[from] Sandstorm
|-heal|p1a: Ferrothorn|37/100|[from] item: Leftovers
|upkeep
|turn|9
|
|t:|1658064755
|move|p2a: Tornadus|Defog|p1a: Ferrothorn
|-unboost|p1a: Ferrothorn|evasion|1
|-sideend|p2: rigmortus|Stealth Rock|[from] move: Defog|[of] p2a: Tornadus
|move|p1a: Ferrothorn|Leech Seed|p2a: Tornadus
|-start|p2a: Tornadus|move: Leech Seed
|
|-weather|none
|-heal|p1a: Ferrothorn|43/100|[from] item: Leftovers
|-damage|p2a: Tornadus|76/100|[from] Leech Seed|[of] p1a: Ferrothorn
|-heal|p1a: Ferrothorn|56/100|[silent]
|upkeep
|turn|10
|
|t:|1658064764
|switch|p2a: Landorus|Landorus-Therian, M|33/100
|-ability|p2a: Landorus|Intimidate|boost
|-unboost|p1a: Ferrothorn|atk|1
|switch|p1a: Zapdos|Zapdos|82/100 tox
|
|-heal|p2a: Landorus|39/100|[from] item: Leftovers
|-damage|p1a: Zapdos|76/100 tox|[from] psn
|upkeep
|turn|11
|
|t:|1658064777
|switch|p2a: Tornadus|Tornadus-Therian, M|100/100
|move|p1a: Zapdos|Hurricane|p2a: Tornadus
|-damage|p2a: Tornadus|50/100
|
|-damage|p1a: Zapdos|64/100 tox|[from] psn
|upkeep
|turn|12
|
|t:|1658064785
|switch|p2a: Melmetal|Melmetal|82/100
|move|p1a: Zapdos|Roost|p1a: Zapdos
|-heal|p1a: Zapdos|100/100 tox
|-singleturn|p1a: Zapdos|move: Roost
|
|-heal|p2a: Melmetal|88/100|[from] item: Leftovers
|-damage|p1a: Zapdos|82/100 tox|[from] psn
|upkeep
|turn|13
|
|t:|1658064793
|move|p1a: Zapdos|Volt Switch|p2a: Melmetal
|-damage|p2a: Melmetal|60/100
|j| pichu 3212
|
|t:|1658064799
|switch|p1a: Urshifu|Urshifu-Rapid-Strike, F|100/100|[from]move: Volt Switch
|move|p2a: Melmetal|Superpower|p1a: Urshifu
|-damage|p1a: Urshifu|50/100
|-unboost|p2a: Melmetal|atk|1
|-unboost|p2a: Melmetal|def|1
|
|-heal|p2a: Melmetal|66/100|[from] item: Leftovers
|upkeep
|turn|14
|
|t:|1658064807
|switch|p2a: Tornadus|Tornadus-Therian, M|84/100
|move|p1a: Urshifu|U-turn|p2a: Tornadus
|-resisted|p2a: Tornadus
|-damage|p2a: Tornadus|72/100
|
|t:|1658064812
|switch|p1a: Tyranitar|Tyranitar, F|75/100|[from]move: U-turn
|-weather|Sandstorm|[from] ability: Sand Stream|[of] p1a: Tyranitar
|
|-weather|Sandstorm|[upkeep]
|-damage|p2a: Tornadus|66/100|[from] Sandstorm
|upkeep
|turn|15
|
|t:|1658064817
|move|p2a: Tornadus|U-turn|p1a: Tyranitar
|-supereffective|p1a: Tyranitar
|-damage|p1a: Tyranitar|47/100
|
|t:|1658064821
|switch|p2a: Slowbro|Slowbro, M|100/100|[from]move: U-turn
|move|p1a: Tyranitar|Crunch|p2a: Slowbro
|-supereffective|p2a: Slowbro
|-enditem|p2a: Slowbro|Colbur Berry|[eat]
|-enditem|p2a: Slowbro|Colbur Berry|[weaken]
|-damage|p2a: Slowbro|59/100
|-unboost|p2a: Slowbro|def|1
|
|-weather|Sandstorm|[upkeep]
|-damage|p2a: Slowbro|53/100|[from] Sandstorm
|upkeep
|turn|16
|
|t:|1658064837
|switch|p2a: Weavile|Weavile, M|100/100
|move|p1a: Tyranitar|Crunch|p2a: Weavile
|-resisted|p2a: Weavile
|-damage|p2a: Weavile|44/100
|
|-weather|Sandstorm|[upkeep]
|-damage|p2a: Weavile|38/100|[from] Sandstorm
|upkeep
|turn|17
|
|t:|1658064845
|switch|p1a: Ferrothorn|Ferrothorn, M|56/100
|move|p2a: Weavile|Knock Off|p1a: Ferrothorn
|-damage|p1a: Ferrothorn|2/100
|-damage|p2a: Weavile|25/100|[from] ability: Iron Barbs|[of] p1a: Ferrothorn
|-enditem|p1a: Ferrothorn|Leftovers|[from] move: Knock Off|[of] p2a: Weavile
|
|-weather|Sandstorm|[upkeep]
|-damage|p2a: Weavile|19/100|[from] Sandstorm
|upkeep
|turn|18
|
|t:|1658064859
|move|p2a: Weavile|Knock Off|p1a: Ferrothorn
|-damage|p1a: Ferrothorn|0 fnt
|-damage|p2a: Weavile|7/100|[from] ability: Iron Barbs|[of] p1a: Ferrothorn
|faint|p1a: Ferrothorn
|
|-weather|none
|upkeep
|
|t:|1658064870
|switch|p1a: Tapu Lele|Tapu Lele|100/100
|-fieldstart|move: Psychic Terrain|[from] ability: Psychic Surge|[of] p1a: Tapu Lele
|turn|19
|
|t:|1658064875
|switch|p2a: Tornadus|Tornadus-Therian, M|99/100
|move|p1a: Tapu Lele|Thunderbolt|p2a: Tornadus
|-supereffective|p2a: Tornadus
|-damage|p2a: Tornadus|38/100
|
|upkeep
|turn|20
|
|t:|1658064883
|switch|p1a: Urshifu|Urshifu-Rapid-Strike, F|50/100
|switch|p2a: Landorus|Landorus-Therian, M|39/100
|-ability|p2a: Landorus|Intimidate|boost
|-unboost|p1a: Urshifu|atk|1
|
|-heal|p2a: Landorus|45/100|[from] item: Leftovers
|upkeep
|turn|21
|
|t:|1658064889
|switch|p2a: Slowbro|Slowbro, M|86/100
|move|p1a: Urshifu|U-turn|p2a: Slowbro
|-supereffective|p2a: Slowbro
|-damage|p2a: Slowbro|64/100
|
|t:|1658064892
|switch|p1a: Tyranitar|Tyranitar, F|47/100|[from]move: U-turn
|-weather|Sandstorm|[from] ability: Sand Stream|[of] p1a: Tyranitar
|
|-weather|Sandstorm|[upkeep]
|-damage|p2a: Slowbro|58/100|[from] Sandstorm
|upkeep
|turn|22
|
|t:|1658064896
|switch|p2a: Weavile|Weavile, M|7/100
|move|p1a: Tyranitar|Crunch|p2a: Weavile
|-resisted|p2a: Weavile
|-damage|p2a: Weavile|0 fnt
|faint|p2a: Weavile
|
|-weather|Sandstorm|[upkeep]
|upkeep
|
|t:|1658064907
|switch|p2a: Melmetal|Melmetal|66/100
|turn|23
|
|t:|1658064913
|switch|p1a: Urshifu|Urshifu-Rapid-Strike, F|50/100
|move|p2a: Melmetal|Double Iron Bash|p1a: Urshifu
|-resisted|p1a: Urshifu
|-damage|p1a: Urshifu|30/100
|-resisted|p1a: Urshifu
|-damage|p1a: Urshifu|6/100
|-hitcount|p1a: Urshifu|2
|
|-weather|Sandstorm|[upkeep]
|-damage|p1a: Urshifu|0 fnt|[from] Sandstorm
|faint|p1a: Urshifu
|-heal|p2a: Melmetal|73/100|[from] item: Leftovers
|-fieldend|move: Psychic Terrain
|upkeep
|
|t:|1658064920
|switch|p1a: Excadrill|Excadrill, F|100/100
|turn|24
|
|t:|1658064931
|switch|p2a: Landorus|Landorus-Therian, M|45/100
|-ability|p2a: Landorus|Intimidate|boost
|-unboost|p1a: Excadrill|atk|1
|move|p1a: Excadrill|Rock Slide|p2a: Landorus
|-damage|p2a: Landorus|18/100
|
|-weather|Sandstorm|[upkeep]
|-heal|p2a: Landorus|24/100|[from] item: Leftovers
|upkeep
|turn|25
|
|t:|1658064940
|switch|p1a: Zapdos|Zapdos|82/100 tox
|switch|p2a: Slowbro|Slowbro, M|91/100
|
|-weather|none
|-damage|p1a: Zapdos|76/100 tox|[from] psn
|upkeep
|turn|26
|
|t:|1658064948
|switch|p2a: Landorus|Landorus-Therian, M|24/100
|-ability|p2a: Landorus|Intimidate|boost
|-unboost|p1a: Zapdos|atk|1
|move|p1a: Zapdos|Hurricane|p2a: Landorus
|-crit|p2a: Landorus
|-damage|p2a: Landorus|0 fnt
|faint|p2a: Landorus
|
|-damage|p1a: Zapdos|64/100 tox|[from] psn
|upkeep
|
|t:|1658064953
|switch|p2a: Garchomp|Garchomp, M|100/100
|turn|27
|
|t:|1658064966
|switch|p1a: Tapu Lele|Tapu Lele|100/100
|-fieldstart|move: Psychic Terrain|[from] ability: Psychic Surge|[of] p1a: Tapu Lele
|move|p2a: Garchomp|Scale Shot|p1a: Tapu Lele
|-immune|p1a: Tapu Lele
|
|upkeep
|turn|28
|l| Severre
|
|t:|1658064972
|switch|p2a: Slowbro|Slowbro, M|100/100
|move|p1a: Tapu Lele|Moonblast|p2a: Slowbro
|-damage|p2a: Slowbro|54/100
|-unboost|p2a: Slowbro|spa|1
|
|upkeep
|turn|29
|
|t:|1658064975
|switch|p2a: Melmetal|Melmetal|73/100
|move|p1a: Tapu Lele|Moonblast|p2a: Melmetal
|-resisted|p2a: Melmetal
|-damage|p2a: Melmetal|51/100
|-unboost|p2a: Melmetal|spa|1
|
|-heal|p2a: Melmetal|57/100|[from] item: Leftovers
|upkeep
|turn|30
|
|t:|1658064979
|switch|p1a: Zapdos|Zapdos|64/100 tox
|move|p2a: Melmetal|Double Iron Bash|p1a: Zapdos
|-resisted|p1a: Zapdos
|-damage|p1a: Zapdos|49/100 tox
|-status|p2a: Melmetal|par|[from] ability: Static|[of] p1a: Zapdos
|-resisted|p1a: Zapdos
|-damage|p1a: Zapdos|33/100 tox
|-hitcount|p1a: Zapdos|2
|
|-heal|p2a: Melmetal|63/100 par|[from] item: Leftovers
|-damage|p1a: Zapdos|27/100 tox|[from] psn
|upkeep
|turn|31
|
|t:|1658064988
|move|p1a: Zapdos|Roost|p1a: Zapdos
|-heal|p1a: Zapdos|78/100 tox
|-singleturn|p1a: Zapdos|move: Roost
|move|p2a: Melmetal|Double Iron Bash|p1a: Zapdos
|-resisted|p1a: Zapdos
|-damage|p1a: Zapdos|62/100 tox
|-resisted|p1a: Zapdos
|-damage|p1a: Zapdos|46/100 tox
|-hitcount|p1a: Zapdos|2
|
|-heal|p2a: Melmetal|69/100 par|[from] item: Leftovers
|-damage|p1a: Zapdos|34/100 tox|[from] psn
|-fieldend|move: Psychic Terrain
|upkeep
|turn|32
|
|t:|1658065003
|switch|p2a: Garchomp|Garchomp, M|100/100
|move|p1a: Zapdos|Roost|p1a: Zapdos
|-heal|p1a: Zapdos|84/100 tox
|-singleturn|p1a: Zapdos|move: Roost
|
|-damage|p1a: Zapdos|66/100 tox|[from] psn
|upkeep
|turn|33
|
|t:|1658065011
|move|p2a: Garchomp|Earthquake|p1a: Zapdos
|-immune|p1a: Zapdos
|move|p1a: Zapdos|Hurricane|p2a: Garchomp
|-damage|p2a: Garchomp|49/100
|-start|p2a: Garchomp|confusion
|
|-heal|p2a: Garchomp|55/100|[from] item: Leftovers
|-damage|p1a: Zapdos|42/100 tox|[from] psn
|upkeep
|turn|34
|
|t:|1658065018
|switch|p1a: Tapu Lele|Tapu Lele|100/100
|-fieldstart|move: Psychic Terrain|[from] ability: Psychic Surge|[of] p1a: Tapu Lele
|-activate|p2a: Garchomp|confusion
|move|p2a: Garchomp|Earthquake|p1a: Tapu Lele
|-damage|p1a: Tapu Lele|13/100
|
|-heal|p2a: Garchomp|61/100|[from] item: Leftovers
|upkeep
|turn|35
|
|t:|1658065029
|switch|p2a: Melmetal|Melmetal|69/100 par
|move|p1a: Tapu Lele|Focus Blast|p2a: Melmetal
|-supereffective|p2a: Melmetal
|-crit|p2a: Melmetal
|-damage|p2a: Melmetal|0 fnt
|faint|p2a: Melmetal
|
|upkeep
|
|t:|1658065033
|switch|p2a: Garchomp|Garchomp, M|61/100
|turn|36
|
|t:|1658065049
|switch|p1a: Tyranitar|Tyranitar, F|47/100
|-weather|Sandstorm|[from] ability: Sand Stream|[of] p1a: Tyranitar
|move|p2a: Garchomp|Earthquake|p1a: Tyranitar
|-supereffective|p1a: Tyranitar
|-damage|p1a: Tyranitar|0 fnt
|faint|p1a: Tyranitar
|
|-weather|Sandstorm|[upkeep]
|-heal|p2a: Garchomp|67/100|[from] item: Leftovers
|upkeep
|
|t:|1658065052
|switch|p1a: Tapu Lele|Tapu Lele|13/100
|turn|37
|
|t:|1658065069
|switch|p2a: Slowbro|Slowbro, M|87/100
|move|p1a: Tapu Lele|Moonblast|p2a: Slowbro
|-damage|p2a: Slowbro|43/100
|
|-weather|Sandstorm|[upkeep]
|-damage|p1a: Tapu Lele|7/100|[from] Sandstorm
|-damage|p2a: Slowbro|37/100|[from] Sandstorm
|upkeep
|turn|38
|
|t:|1658065074
|move|p1a: Tapu Lele|Moonblast|p2a: Slowbro
|-damage|p2a: Slowbro|0 fnt
|faint|p2a: Slowbro
|
|-weather|Sandstorm|[upkeep]
|-damage|p1a: Tapu Lele|1/100|[from] Sandstorm
|-fieldend|move: Psychic Terrain
|upkeep
|inactive|rigmortus has 120 seconds left.
|
|t:|1658065107
|switch|p2a: Garchomp|Garchomp, M|67/100
|turn|39
|
|t:|1658065116
|switch|p1a: Excadrill|Excadrill, F|100/100
|switch|p2a: Tornadus|Tornadus-Therian, M|71/100
|
|-weather|Sandstorm|[upkeep]
|-damage|p2a: Tornadus|65/100|[from] Sandstorm
|upkeep
|turn|40
|inactive|rigmortus has 120 seconds left.
|l| tigers jaw
|inactive|bigtestsofbig has 120 seconds left.
|
|t:|1658065150
|move|p1a: Excadrill|Iron Head|p2a: Tornadus
|-damage|p2a: Tornadus|0 fnt
|faint|p2a: Tornadus
|
|-weather|none
|upkeep
|
|t:|1658065153
|switch|p2a: Garchomp|Garchomp, M|67/100
|turn|41
|c|☆bigtestsofbig|gg
|
|t:|1658065159
|move|p2a: Garchomp|Scale Shot|p1a: Excadrill
|-resisted|p1a: Excadrill
|-damage|p1a: Excadrill|91/100
|-resisted|p1a: Excadrill
|-damage|p1a: Excadrill|81/100
|-resisted|p1a: Excadrill
|-damage|p1a: Excadrill|71/100
|-hitcount|p1a: Excadrill|3
|-unboost|p2a: Garchomp|def|1
|-boost|p2a: Garchomp|spe|1
|move|p1a: Excadrill|Iron Head|p2a: Garchomp
|-damage|p2a: Garchomp|0 fnt
|-damage|p1a: Excadrill|58/100|[from] ability: Rough Skin|[of] p2a: Garchomp
|faint|p2a: Garchomp
|
|win|bigtestsofbig
|raw|bigtestsofbig's rating: 1686 &rarr; <strong>1714</strong><br />(+28 for winning)
|raw|rigmortus's rating: 1825 &rarr; <strong>1797</strong><br />(-28 for losing)
|l|☆rigmortus
|l| pichu 3212
|l| simplegent
||Ladder isn't responding, score probably updated but might not have (Request timeout).
|l|☆bigtestsofbig
|j|☆bigtestsofbig
|player|p1|bigtestsofbig|medium
