|j|☆Bloody Busybody
|j|☆LT94JE Allistair
|t:|1664368111
|gametype|singles
|player|p1|Bloody Busybody|bugcatcher|1714
|player|p2|LT94JE Allistair|101|1755
|teamsize|p1|6
|teamsize|p2|6
|gen|8
|tier|[Gen 8] OU
|rated|
|rule|Sleep Clause Mod: Limit one foe put to sleep
|rule|Species Clause: Limit one of each Pokémon
|rule|OHKO Clause: OHKO moves are banned
|rule|Evasion Items Clause: Evasion items are banned
|rule|Evasion Moves Clause: Evasion moves are banned
|rule|Endless Battle Clause: Forcing endless battles is banned
|rule|HP Percentage Mod: HP is shown in percentages
|rule|Dynamax Clause: You cannot dynamax
|clearpoke
|poke|p1|Volcanion|
|poke|p1|Corviknight, F|
|poke|p1|Mamoswine, M|
|poke|p1|Blissey, F|
|poke|p1|Rillaboom, M|
|poke|p1|Hydreigon, F|
|poke|p2|Mew|
|poke|p2|Slurpuff, F|
|poke|p2|Jirachi|
|poke|p2|Vanilluxe, M|
|poke|p2|Weavile, M|
|poke|p2|Mimikyu, M|
|teampreview
|j| rchag
|
|t:|1664368120
|start
|switch|p1a: Volcanion|Volcanion|100/100
|switch|p2a: Slurpuff|Slurpuff, F|100/100
|turn|1
|inactive|Battle timer is ON: inactive players will automatically lose when time's up. (requested by Bloody Busybody)
|
|t:|1664368124
|move|p2a: Slurpuff|Sticky Web|p1a: Volcanion
|-sidestart|p1: Bloody Busybody|move: Sticky Web
|move|p1a: Volcanion|Sludge Wave|p2a: Slurpuff
|-supereffective|p2a: Slurpuff
|-enditem|p2a: Slurpuff|Focus Sash
|-damage|p2a: Slurpuff|1/100
|
|upkeep
|turn|2
|
|t:|1664368127
|move|p2a: Slurpuff|Yawn|p1a: Volcanion
|-start|p1a: Volcanion|move: Yawn|[of] p2a: Slurpuff
|move|p1a: Volcanion|Sludge Wave|p2a: Slurpuff
|-supereffective|p2a: Slurpuff
|-damage|p2a: Slurpuff|0 fnt
|faint|p2a: Slurpuff
|
|upkeep
|
|t:|1664368134
|switch|p2a: Vanilluxe|Vanilluxe, M|100/100
|-weather|Hail|[from] ability: Snow Warning|[of] p2a: Vanilluxe
|turn|3
|
|t:|1664368138
|switch|p1a: Blissey|Blissey, F|100/100
|move|p2a: Vanilluxe|Aurora Veil|p2a: Vanilluxe
|-sidestart|p2: LT94JE Allistair|move: Aurora Veil
|
|-weather|Hail|[upkeep]
|-damage|p1a: Blissey|94/100|[from] Hail
|upkeep
|turn|4
|
|t:|1664368140
|move|p2a: Vanilluxe|Taunt|p1a: Blissey
|-start|p1a: Blissey|move: Taunt
|move|p1a: Blissey|Seismic Toss|p2a: Vanilluxe
|-damage|p2a: Vanilluxe|65/100
|
|-weather|Hail|[upkeep]
|-damage|p1a: Blissey|88/100|[from] Hail
|upkeep
|turn|5
|
|t:|1664368142
|move|p2a: Vanilluxe|Explosion|p1a: Blissey
|-damage|p1a: Blissey|33/100
|faint|p2a: Vanilluxe
|move|p1a: Blissey|Seismic Toss|p2: Vanilluxe|[notarget]
|-fail|p1a: Blissey
|
|-weather|Hail|[upkeep]
|-damage|p1a: Blissey|26/100|[from] Hail
|upkeep
|
|t:|1664368148
|switch|p2a: Mimikyu|Mimikyu, M|100/100
|turn|6
|
|t:|1664368162
|switch|p1a: Corviknight|Corviknight, F|100/100
|-ability|p1a: Corviknight|Pressure
|move|p2a: Mimikyu|Swords Dance|p2a: Mimikyu
|-boost|p2a: Mimikyu|atk|2
|
|-weather|Hail|[upkeep]
|-damage|p2a: Mimikyu|95/100|[from] Hail
|-damage|p1a: Corviknight|94/100|[from] Hail
|upkeep
|turn|7
|
|t:|1664368168
|move|p2a: Mimikyu|Taunt|p1a: Corviknight
|-start|p1a: Corviknight|move: Taunt
|move|p1a: Corviknight|U-turn|p2a: Mimikyu
|-activate|p2a: Mimikyu|ability: Disguise
|-damage|p2a: Mimikyu|95/100
|detailschange|p2a: Mimikyu|Mimikyu-Busted, M
|-damage|p2a: Mimikyu|82/100|[from] pokemon: Mimikyu-Busted
|
|t:|1664368172
|switch|p1a: Rillaboom|Rillaboom, M|100/100|[from]move: U-turn
|-activate|p1a: Rillaboom|move: Sticky Web
|-unboost|p1a: Rillaboom|spe|1
|-fieldstart|move: Grassy Terrain|[from] ability: Grassy Surge|[of] p1a: Rillaboom
|
|-weather|none
|-heal|p2a: Mimikyu|88/100|[from] Grassy Terrain
|upkeep
|turn|8
|
|t:|1664368178
|move|p1a: Rillaboom|Grassy Glide|p2a: Mimikyu
|-damage|p2a: Mimikyu|22/100
|move|p2a: Mimikyu|Swords Dance|p2a: Mimikyu
|-boost|p2a: Mimikyu|atk|2
|
|-heal|p2a: Mimikyu|28/100|[from] Grassy Terrain
|upkeep
|turn|9
|j| Black Sun Tzu
|
|t:|1664368184
|move|p2a: Mimikyu|Shadow Sneak|p1a: Rillaboom
|-damage|p1a: Rillaboom|43/100
|move|p1a: Rillaboom|Grassy Glide|p2a: Mimikyu
|-damage|p2a: Mimikyu|0 fnt
|faint|p2a: Mimikyu
|
|-heal|p1a: Rillaboom|49/100|[from] Grassy Terrain
|upkeep
|
|t:|1664368188
|switch|p2a: Jirachi|Jirachi|100/100
|turn|10
|
|t:|1664368196
|switch|p1a: Hydreigon|Hydreigon, F|100/100
|move|p2a: Jirachi|Cosmic Power|p2a: Jirachi
|-boost|p2a: Jirachi|def|1
|-boost|p2a: Jirachi|spd|1
|
|-sideend|p2: LT94JE Allistair|move: Aurora Veil
|upkeep
|turn|11
|
|t:|1664368199
|move|p2a: Jirachi|Cosmic Power|p2a: Jirachi
|-boost|p2a: Jirachi|def|1
|-boost|p2a: Jirachi|spd|1
|move|p1a: Hydreigon|Nasty Plot|p1a: Hydreigon
|-boost|p1a: Hydreigon|spa|2
|
|-fieldend|move: Grassy Terrain
|upkeep
|turn|12
|
|t:|1664368203
|move|p2a: Jirachi|Aura Sphere|p1a: Hydreigon
|-supereffective|p1a: Hydreigon
|-damage|p1a: Hydreigon|56/100
|move|p1a: Hydreigon|Nasty Plot|p1a: Hydreigon
|-boost|p1a: Hydreigon|spa|2
|
|upkeep
|turn|13
|
|t:|1664368212
|move|p2a: Jirachi|Aura Sphere|p1a: Hydreigon
|-supereffective|p1a: Hydreigon
|-damage|p1a: Hydreigon|3/100
|move|p1a: Hydreigon|Roost|p1a: Hydreigon
|-heal|p1a: Hydreigon|53/100
|-singleturn|p1a: Hydreigon|move: Roost
|
|upkeep
|turn|14
|
|t:|1664368219
|switch|p2a: Weavile|Weavile, M|100/100
|-ability|p2a: Weavile|Pressure
|move|p1a: Hydreigon|Roost|p1a: Hydreigon
|-heal|p1a: Hydreigon|100/100
|-singleturn|p1a: Hydreigon|move: Roost
|
|upkeep
|turn|15
|
|t:|1664368224
|switch|p1a: Corviknight|Corviknight, F|94/100
|-ability|p1a: Corviknight|Pressure
|move|p2a: Weavile|Triple Axel|p1a: Corviknight|[miss]
|-miss|p2a: Weavile|p1a: Corviknight
|
|upkeep
|turn|16
|
|t:|1664368230
|move|p2a: Weavile|Triple Axel|p1a: Corviknight|[miss]
|-miss|p2a: Weavile|p1a: Corviknight
|move|p1a: Corviknight|Body Press|p2a: Weavile
|-supereffective|p2a: Weavile
|-enditem|p2a: Weavile|Focus Sash
|-damage|p2a: Weavile|1/100
|
|upkeep
|turn|17
|
|t:|1664368236
|move|p2a: Weavile|Taunt|p1a: Corviknight
|-start|p1a: Corviknight|move: Taunt
|cant|p1a: Corviknight|move: Taunt|Roost
|
|upkeep
|turn|18
|
|t:|1664368246
|switch|p1a: Blissey|Blissey, F|26/100
|move|p2a: Weavile|Knock Off|p1a: Blissey
|-damage|p1a: Blissey|0 fnt
|-enditem|p1a: Blissey|Heavy-Duty Boots|[from] move: Knock Off|[of] p2a: Weavile
|faint|p1a: Blissey
|
|upkeep
|
|t:|1664368248
|switch|p1a: Mamoswine|Mamoswine, M|100/100
|-activate|p1a: Mamoswine|move: Sticky Web
|-unboost|p1a: Mamoswine|spe|1
|turn|19
|
|t:|1664368252
|move|p2a: Weavile|Ice Shard|p1a: Mamoswine
|-damage|p1a: Mamoswine|88/100
|move|p1a: Mamoswine|Ice Shard|p2a: Weavile
|-resisted|p2a: Weavile
|-damage|p2a: Weavile|0 fnt
|faint|p2a: Weavile
|
|upkeep
|
|t:|1664368255
|switch|p2a: Mew|Mew|100/100
|turn|20
|
|t:|1664368260
|move|p2a: Mew|Cosmic Power|p2a: Mew
|-boost|p2a: Mew|def|1
|-boost|p2a: Mew|spd|1
|move|p1a: Mamoswine|High Horsepower|p2a: Mew
|-crit|p2a: Mew
|-damage|p2a: Mew|35/100
|
|upkeep
|turn|21
|
|t:|1664368264
|move|p2a: Mew|Roost|p2a: Mew
|-heal|p2a: Mew|85/100
|-singleturn|p2a: Mew|move: Roost
|move|p1a: Mamoswine|High Horsepower|p2a: Mew
|-damage|p2a: Mew|54/100
|
|upkeep
|turn|22
|j| dristill
|
|t:|1664368272
|switch|p1a: Hydreigon|Hydreigon, F|100/100
|move|p2a: Mew|Cosmic Power|p2a: Mew
|-boost|p2a: Mew|def|1
|-boost|p2a: Mew|spd|1
|
|upkeep
|turn|23
|
|t:|1664368275
|move|p2a: Mew|Taunt|p1a: Hydreigon
|-start|p1a: Hydreigon|move: Taunt
|cant|p1a: Hydreigon|move: Taunt|Nasty Plot
|
|upkeep
|turn|24
|
|t:|1664368278
|move|p2a: Mew|Cosmic Power|p2a: Mew
|-boost|p2a: Mew|def|1
|-boost|p2a: Mew|spd|1
|move|p1a: Hydreigon|Dark Pulse|p2a: Mew
|-supereffective|p2a: Mew
|-damage|p2a: Mew|19/100
|-enditem|p2a: Mew|Weakness Policy
|-boost|p2a: Mew|atk|2|[from] item: Weakness Policy
|-boost|p2a: Mew|spa|2|[from] item: Weakness Policy
|-damage|p1a: Hydreigon|91/100|[from] item: Life Orb
|
|upkeep
|turn|25
|
|t:|1664368281
|move|p2a: Mew|Roost|p2a: Mew
|-heal|p2a: Mew|69/100
|-singleturn|p2a: Mew|move: Roost
|move|p1a: Hydreigon|Dark Pulse|p2a: Mew
|-supereffective|p2a: Mew
|-damage|p2a: Mew|28/100
|-damage|p1a: Hydreigon|81/100|[from] item: Life Orb
|
|-end|p1a: Hydreigon|move: Taunt
|upkeep
|turn|26
|
|t:|1664368289
|move|p2a: Mew|Roost|p2a: Mew
|-heal|p2a: Mew|78/100
|-singleturn|p2a: Mew|move: Roost
|move|p1a: Hydreigon|Dark Pulse|p2a: Mew
|-supereffective|p2a: Mew
|-damage|p2a: Mew|43/100
|-damage|p1a: Hydreigon|71/100|[from] item: Life Orb
|
|upkeep
|turn|27
|
|t:|1664368295
|move|p2a: Mew|Taunt|p1a: Hydreigon
|-start|p1a: Hydreigon|move: Taunt
|move|p1a: Hydreigon|Dark Pulse|p2a: Mew
|-supereffective|p2a: Mew
|-damage|p2a: Mew|8/100
|-damage|p1a: Hydreigon|61/100|[from] item: Life Orb
|
|upkeep
|turn|28
|
|t:|1664368302
|switch|p1a: Volcanion|Volcanion|100/100
|-activate|p1a: Volcanion|move: Sticky Web
|-unboost|p1a: Volcanion|spe|1
|move|p2a: Mew|Roost|p2a: Mew
|-heal|p2a: Mew|58/100
|-singleturn|p2a: Mew|move: Roost
|
|upkeep
|turn|29
|
|t:|1664368304
|switch|p1a: Hydreigon|Hydreigon, F|61/100
|move|p2a: Mew|Stored Power|p1a: Hydreigon
|-immune|p1a: Hydreigon
|
|upkeep
|turn|30
|
|t:|1664368307
|move|p2a: Mew|Taunt|p1a: Hydreigon
|-start|p1a: Hydreigon|move: Taunt
|move|p1a: Hydreigon|Dark Pulse|p2a: Mew
|-supereffective|p2a: Mew
|-damage|p2a: Mew|18/100
|-damage|p1a: Hydreigon|51/100|[from] item: Life Orb
|
|upkeep
|turn|31
|
|t:|1664368310
|move|p2a: Mew|Roost|p2a: Mew
|-heal|p2a: Mew|69/100
|-singleturn|p2a: Mew|move: Roost
|move|p1a: Hydreigon|Dark Pulse|p2a: Mew
|-supereffective|p2a: Mew
|-damage|p2a: Mew|27/100
|-damage|p1a: Hydreigon|41/100|[from] item: Life Orb
|
|upkeep
|turn|32
|
|t:|1664368316
|switch|p1a: Corviknight|Corviknight, F|94/100
|-ability|p1a: Corviknight|Pressure
|move|p2a: Mew|Roost|p2a: Mew
|-heal|p2a: Mew|78/100
|-singleturn|p2a: Mew|move: Roost
|
|upkeep
|turn|33
|j| RuffneckBase
|
|t:|1664368320
|move|p2a: Mew|Cosmic Power|p2a: Mew
|-boost|p2a: Mew|def|1
|-boost|p2a: Mew|spd|1
|move|p1a: Corviknight|Defog|p2a: Mew
|-unboost|p2a: Mew|evasion|1
|-sideend|p1: Bloody Busybody|Sticky Web|[from] move: Defog|[of] p1a: Corviknight
|
|upkeep
|turn|34
|
|t:|1664368323
|switch|p1a: Hydreigon|Hydreigon, F|41/100
|move|p2a: Mew|Cosmic Power|p2a: Mew
|-boost|p2a: Mew|def|1
|-boost|p2a: Mew|spd|1
|
|upkeep
|turn|35
|
|t:|1664368327
|switch|p1a: Corviknight|Corviknight, F|94/100
|-ability|p1a: Corviknight|Pressure
|move|p2a: Mew|Taunt|p1a: Corviknight
|-start|p1a: Corviknight|move: Taunt
|
|upkeep
|turn|36
|
|t:|1664368329
|switch|p1a: Hydreigon|Hydreigon, F|41/100
|move|p2a: Mew|Cosmic Power|p2a: Mew
|-boost|p2a: Mew|def|1
|-boost|p2a: Mew|spd|1
|
|upkeep
|turn|37
|
|t:|1664368332
|move|p2a: Mew|Taunt|p1a: Hydreigon
|-start|p1a: Hydreigon|move: Taunt
|cant|p1a: Hydreigon|move: Taunt|Roost
|
|upkeep
|turn|38
|
|t:|1664368336
|move|p2a: Mew|Stored Power|p1a: Hydreigon
|-immune|p1a: Hydreigon
|move|p1a: Hydreigon|Dark Pulse|p2a: Mew
|-supereffective|p2a: Mew
|-damage|p2a: Mew|50/100
|-damage|p1a: Hydreigon|32/100|[from] item: Life Orb
|
|upkeep
|turn|39
|
|t:|1664368344
|move|p2a: Mew|Roost|p2a: Mew
|-heal|p2a: Mew|99/100
|-singleturn|p2a: Mew|move: Roost
|move|p1a: Hydreigon|Dark Pulse|p2a: Mew
|-supereffective|p2a: Mew
|-damage|p2a: Mew|76/100
|-damage|p1a: Hydreigon|22/100|[from] item: Life Orb
|
|-end|p1a: Hydreigon|move: Taunt
|upkeep
|turn|40
|
|t:|1664368347
|switch|p1a: Rillaboom|Rillaboom, M|49/100
|-fieldstart|move: Grassy Terrain|[from] ability: Grassy Surge|[of] p1a: Rillaboom
|move|p2a: Mew|Taunt|p1a: Rillaboom
|-start|p1a: Rillaboom|move: Taunt
|
|-heal|p2a: Mew|83/100|[from] Grassy Terrain
|-heal|p1a: Rillaboom|55/100|[from] Grassy Terrain
|upkeep
|turn|41
|
|t:|1664368353
|switch|p1a: Hydreigon|Hydreigon, F|22/100
|move|p2a: Mew|Taunt|p1a: Hydreigon
|-start|p1a: Hydreigon|move: Taunt
|
|-heal|p2a: Mew|89/100|[from] Grassy Terrain
|upkeep
|turn|42
|
|t:|1664368356
|switch|p1a: Corviknight|Corviknight, F|94/100
|-ability|p1a: Corviknight|Pressure
|move|p2a: Mew|Stored Power|p1a: Corviknight
|-resisted|p1a: Corviknight
|-damage|p1a: Corviknight|0 fnt
|faint|p1a: Corviknight
|
|-heal|p2a: Mew|95/100|[from] Grassy Terrain
|upkeep
|
|t:|1664368361
|switch|p1a: Hydreigon|Hydreigon, F|22/100
|turn|43
|
|t:|1664368370
|switch|p1a: Rillaboom|Rillaboom, M|55/100
|move|p2a: Mew|Taunt|p1a: Rillaboom
|-start|p1a: Rillaboom|move: Taunt
|
|-heal|p2a: Mew|100/100|[from] Grassy Terrain
|-heal|p1a: Rillaboom|61/100|[from] Grassy Terrain
|upkeep
|turn|44
|
|t:|1664368373
|move|p2a: Mew|Taunt||[still]
|-fail|p2a: Mew
|move|p1a: Rillaboom|U-turn|p2a: Mew
|-supereffective|p2a: Mew
|-damage|p2a: Mew|83/100
|
|t:|1664368375
|switch|p1a: Hydreigon|Hydreigon, F|22/100|[from]move: U-turn
|
|-heal|p2a: Mew|90/100|[from] Grassy Terrain
|-fieldend|move: Grassy Terrain
|upkeep
|turn|45
|l| dristill
|
|t:|1664368385
|switch|p1a: Rillaboom|Rillaboom, M|61/100
|-fieldstart|move: Grassy Terrain|[from] ability: Grassy Surge|[of] p1a: Rillaboom
|move|p2a: Mew|Taunt|p1a: Rillaboom
|-start|p1a: Rillaboom|move: Taunt
|
|-heal|p2a: Mew|96/100|[from] Grassy Terrain
|-heal|p1a: Rillaboom|68/100|[from] Grassy Terrain
|upkeep
|turn|46
|
|t:|1664368389
|switch|p1a: Hydreigon|Hydreigon, F|22/100
|move|p2a: Mew|Stored Power|p1a: Hydreigon
|-immune|p1a: Hydreigon
|
|-heal|p2a: Mew|100/100|[from] Grassy Terrain
|upkeep
|turn|47
|
|t:|1664368392
|switch|p1a: Mamoswine|Mamoswine, M|88/100
|move|p2a: Mew|Taunt|p1a: Mamoswine
|-start|p1a: Mamoswine|move: Taunt
|
|-heal|p1a: Mamoswine|94/100|[from] Grassy Terrain
|upkeep
|turn|48
|
|t:|1664368396
|switch|p1a: Hydreigon|Hydreigon, F|22/100
|move|p2a: Mew|Taunt|p1a: Hydreigon
|-start|p1a: Hydreigon|move: Taunt
|
|upkeep
|turn|49
|
|t:|1664368402
|move|p2a: Mew|Stored Power|p1a: Hydreigon
|-immune|p1a: Hydreigon
|move|p1a: Hydreigon|Dark Pulse|p2a: Mew
|-supereffective|p2a: Mew
|-damage|p2a: Mew|78/100
|-damage|p1a: Hydreigon|12/100|[from] item: Life Orb
|
|-heal|p2a: Mew|84/100|[from] Grassy Terrain
|-fieldend|move: Grassy Terrain
|upkeep
|turn|50
|
|t:|1664368409
|switch|p1a: Volcanion|Volcanion|100/100
|move|p2a: Mew|Stored Power|p1a: Volcanion
|-damage|p1a: Volcanion|0 fnt
|faint|p1a: Volcanion
|
|upkeep
|-message|Bloody Busybody forfeited.
|
|win|LT94JE Allistair
|raw|Bloody Busybody's rating: 1714 &rarr; <strong>1696</strong><br />(-18 for losing)
|raw|LT94JE Allistair's rating: 1755 &rarr; <strong>1773</strong><br />(+18 for winning)
|l|☆Bloody Busybody
|l|☆LT94JE Allistair
|l| RuffneckBase
|j| RuffneckBase
