|j|☆darkkevo
|j|☆playeraccount
|t:|1665576198
|gametype|singles
|player|p1|darkkevo|266|1489
|player|p2|playeraccount|101|1414
|teamsize|p1|6
|teamsize|p2|6
|gen|8
|tier|[Gen 8] OU
|rated|
|rule|Sleep Clause Mod: Limit one foe put to sleep
|rule|Species Clause: Limit one of each Pokémon
|rule|OHKO Clause: OHKO moves are banned
|rule|Evasion Items Clause: Evasion items are banned
|rule|Evasion Moves Clause: Evasion moves are banned
|rule|Endless Battle Clause: Forcing endless battles is banned
|rule|HP Percentage Mod: HP is shown in percentages
|rule|Dynamax Clause: You cannot dynamax
|clearpoke
|poke|p1|Tornadus-Therian, M|
|poke|p1|Bisharp, M|
|poke|p1|Rillaboom, F|
|poke|p1|Victini|
|poke|p1|Swampert, F|
|poke|p1|Kartana|
|poke|p2|Kartana|
|poke|p2|Nidoqueen, F|
|poke|p2|Slowbro, M|
|poke|p2|Druddigon, F|
|poke|p2|Zapdos|
|poke|p2|Tapu Fini|
|teampreview
|inactive|Battle timer is ON: inactive players will automatically lose when time's up. (requested by playeraccount)
|
|t:|1665576214
|start
|switch|p1a: Tornadus|Tornadus-Therian, M|100/100
|switch|p2a: Druddigon|Druddigon, F|100/100
|turn|1
|
|t:|1665576221
|move|p1a: Tornadus|Icy Wind|p2a: Druddigon
|-supereffective|p2a: Druddigon
|-damage|p2a: Druddigon|80/100
|-unboost|p2a: Druddigon|spe|1
|move|p2a: Druddigon|Glare|p1a: Tornadus
|-status|p1a: Tornadus|par
|
|upkeep
|turn|2
|
|t:|1665576229
|move|p1a: Tornadus|Icy Wind|p2a: Druddigon
|-supereffective|p2a: Druddigon
|-damage|p2a: Druddigon|61/100
|-unboost|p2a: Druddigon|spe|1
|move|p2a: Druddigon|Stealth Rock|p1a: Tornadus
|-sidestart|p1: darkkevo|move: Stealth Rock
|
|upkeep
|turn|3
|
|t:|1665576233
|switch|p2a: Slowbro|Slowbro, M|100/100
|move|p1a: Tornadus|Defog|p2a: Slowbro
|-unboost|p2a: Slowbro|evasion|1
|-sideend|p1: darkkevo|Stealth Rock|[from] move: Defog|[of] p1a: Tornadus
|
|upkeep
|turn|4
|
|t:|1665576239
|move|p1a: Tornadus|U-turn|p2a: Slowbro
|-supereffective|p2a: Slowbro
|-damage|p2a: Slowbro|82/100
|-damage|p1a: Tornadus|84/100 par|[from] item: Rocky Helmet|[of] p2a: Slowbro
|
|t:|1665576248
|switch|p1a: Rillaboom|Rillaboom, F|100/100|[from]move: U-turn
|-fieldstart|move: Grassy Terrain|[from] ability: Grassy Surge|[of] p1a: Rillaboom
|move|p2a: Slowbro|Future Sight|p1a: Rillaboom
|-start|p2a: Slowbro|move: Future Sight
|
|-heal|p2a: Slowbro|88/100|[from] Grassy Terrain
|upkeep
|turn|5
|
|t:|1665576252
|switch|p2a: Zapdos|Zapdos|100/100
|move|p1a: Rillaboom|U-turn|p2a: Zapdos
|-resisted|p2a: Zapdos
|-damage|p2a: Zapdos|84/100
|
|t:|1665576258
|switch|p1a: Victini|Victini|100/100|[from]move: U-turn
|
|upkeep
|turn|6
|
|t:|1665576264
|switch|p2a: Druddigon|Druddigon, F|61/100
|move|p1a: Victini|U-turn|p2a: Druddigon
|-damage|p2a: Druddigon|41/100
|-damage|p1a: Victini|88/100|[from] ability: Rough Skin|[of] p2a: Druddigon
|
|t:|1665576268
|switch|p1a: Bisharp|Bisharp, M|100/100|[from]move: U-turn
|
|-end|p1a: Bisharp|move: Future Sight
|-immune|p1a: Bisharp
|-heal|p2a: Druddigon|47/100|[from] Grassy Terrain
|upkeep
|turn|7
|
|t:|1665576278
|move|p1a: Bisharp|Knock Off|p2a: Druddigon
|-crit|p2a: Druddigon
|-damage|p2a: Druddigon|0 fnt
|-damage|p1a: Bisharp|88/100|[from] ability: Rough Skin|[of] p2a: Druddigon
|-enditem|p2a: Druddigon|Focus Sash|[from] move: Knock Off|[of] p1a: Bisharp
|faint|p2a: Druddigon
|
|-heal|p1a: Bisharp|94/100|[from] Grassy Terrain
|upkeep
|
|t:|1665576282
|switch|p2a: Nidoqueen|Nidoqueen, F, shiny|100/100
|turn|8
|
|t:|1665576298
|switch|p1a: Swampert|Swampert, F|100/100
|move|p2a: Nidoqueen|Flamethrower|p1a: Swampert
|-resisted|p1a: Swampert
|-damage|p1a: Swampert|88/100
|
|-heal|p1a: Swampert|94/100|[from] Grassy Terrain
|-heal|p1a: Swampert|99/100|[from] item: Leftovers
|-fieldend|move: Grassy Terrain
|upkeep
|turn|9
|
|t:|1665576303
|switch|p2a: Slowbro|Slowbro, M|100/100
|move|p1a: Swampert|Stealth Rock|p2a: Slowbro
|-sidestart|p2: playeraccount|move: Stealth Rock
|
|-heal|p1a: Swampert|100/100|[from] item: Leftovers
|upkeep
|turn|10
|
|t:|1665576306
|move|p1a: Swampert|Yawn|p2a: Slowbro
|-start|p2a: Slowbro|move: Yawn|[of] p1a: Swampert
|move|p2a: Slowbro|Teleport|p2a: Slowbro
|
|t:|1665576311
|switch|p2a: Kartana|Kartana|100/100|[from]move: Teleport
|-damage|p2a: Kartana|94/100|[from] Stealth Rock
|
|upkeep
|turn|11
|
|t:|1665576319
|switch|p1a: Tornadus|Tornadus-Therian, M|100/100 par
|move|p2a: Kartana|Smart Strike|p1a: Tornadus
|-damage|p1a: Tornadus|25/100 par
|
|upkeep
|turn|12
|
|t:|1665576332
|switch|p1a: Swampert|Swampert, F|100/100
|move|p2a: Kartana|Smart Strike|p1a: Swampert
|-resisted|p1a: Swampert
|-damage|p1a: Swampert|67/100
|
|-heal|p1a: Swampert|73/100|[from] item: Leftovers
|upkeep
|turn|13
|
|t:|1665576337
|switch|p2a: Slowbro|Slowbro, M|100/100
|-damage|p2a: Slowbro|88/100|[from] Stealth Rock
|move|p1a: Swampert|Flip Turn|p2a: Slowbro
|-resisted|p2a: Slowbro
|-damage|p2a: Slowbro|81/100
|-damage|p1a: Swampert|57/100|[from] item: Rocky Helmet|[of] p2a: Slowbro
|
|t:|1665576339
|switch|p1a: Bisharp|Bisharp, M|94/100|[from]move: Flip Turn
|
|upkeep
|turn|14
|
|t:|1665576348
|move|p1a: Bisharp|Knock Off|p2a: Slowbro
|-supereffective|p2a: Slowbro
|-damage|p2a: Slowbro|0 fnt
|-damage|p1a: Bisharp|78/100|[from] item: Rocky Helmet|[of] p2a: Slowbro
|-enditem|p2a: Slowbro|Rocky Helmet|[from] move: Knock Off|[of] p1a: Bisharp
|faint|p2a: Slowbro
|
|upkeep
|
|t:|1665576351
|switch|p2a: Zapdos|Zapdos|84/100
|turn|15
|
|t:|1665576360
|move|p2a: Zapdos|Volt Switch|p1a: Bisharp
|-crit|p1a: Bisharp
|-damage|p1a: Bisharp|0 fnt
|faint|p1a: Bisharp
|
|t:|1665576365
|switch|p2a: Nidoqueen|Nidoqueen, F, shiny|100/100|[from]move: Volt Switch
|-damage|p2a: Nidoqueen|94/100|[from] Stealth Rock
|
|upkeep
|inactive|darkkevo has 120 seconds left.
|
|t:|1665576408
|switch|p1a: Swampert|Swampert, F|57/100
|turn|16
|
|t:|1665576414
|switch|p2a: Tapu Fini|Tapu Fini|100/100
|-damage|p2a: Tapu Fini|88/100|[from] Stealth Rock
|-fieldstart|move: Misty Terrain|[from] ability: Misty Surge|[of] p2a: Tapu Fini
|move|p1a: Swampert|Yawn|p2a: Tapu Fini
|-start|p2a: Tapu Fini|move: Yawn|[of] p1a: Swampert
|
|-heal|p1a: Swampert|63/100|[from] item: Leftovers
|upkeep
|turn|17
|
|t:|1665576420
|switch|p2a: Zapdos|Zapdos|84/100
|switch|p1a: Rillaboom|Rillaboom, F|100/100
|-fieldstart|move: Grassy Terrain|[from] ability: Grassy Surge|[of] p1a: Rillaboom
|
|upkeep
|turn|18
|
|t:|1665576423
|move|p1a: Rillaboom|U-turn|p2a: Zapdos
|-resisted|p2a: Zapdos
|-damage|p2a: Zapdos|69/100
|-status|p1a: Rillaboom|par|[from] ability: Static|[of] p2a: Zapdos
|
|t:|1665576429
|switch|p1a: Swampert|Swampert, F|63/100|[from]move: U-turn
|move|p2a: Zapdos|Heat Wave|p1a: Swampert
|-resisted|p1a: Swampert
|-damage|p1a: Swampert|53/100
|
|-heal|p1a: Swampert|59/100|[from] Grassy Terrain
|-heal|p1a: Swampert|66/100|[from] item: Leftovers
|upkeep
|turn|19
|
|t:|1665576434
|move|p2a: Zapdos|Defog|p1a: Swampert
|-unboost|p1a: Swampert|evasion|1
|-sideend|p2: playeraccount|Stealth Rock|[from] move: Defog|[of] p2a: Zapdos
|-fieldend|move: Grassy Terrain
|move|p1a: Swampert|High Horsepower|p2a: Zapdos
|-immune|p2a: Zapdos
|
|-heal|p1a: Swampert|72/100|[from] item: Leftovers
|upkeep
|turn|20
|
|t:|1665576439
|move|p2a: Zapdos|Heat Wave|p1a: Swampert
|-resisted|p1a: Swampert
|-damage|p1a: Swampert|61/100
|move|p1a: Swampert|Stealth Rock|p2a: Zapdos
|-sidestart|p2: playeraccount|move: Stealth Rock
|
|-heal|p1a: Swampert|67/100|[from] item: Leftovers
|upkeep
|turn|21
|
|t:|1665576443
|move|p2a: Zapdos|Heat Wave|p1a: Swampert
|-resisted|p1a: Swampert
|-damage|p1a: Swampert|58/100
|move|p1a: Swampert|Yawn|p2a: Zapdos
|-start|p2a: Zapdos|move: Yawn|[of] p1a: Swampert
|
|-heal|p1a: Swampert|64/100|[from] item: Leftovers
|upkeep
|turn|22
|
|t:|1665576448
|switch|p2a: Tapu Fini|Tapu Fini|88/100
|-damage|p2a: Tapu Fini|76/100|[from] Stealth Rock
|-fieldstart|move: Misty Terrain|[from] ability: Misty Surge|[of] p2a: Tapu Fini
|move|p1a: Swampert|High Horsepower|p2a: Tapu Fini
|-damage|p2a: Tapu Fini|36/100
|
|-heal|p1a: Swampert|70/100|[from] item: Leftovers
|upkeep
|turn|23
|
|t:|1665576457
|move|p2a: Tapu Fini|Hydro Pump|p1a: Swampert
|-damage|p1a: Swampert|38/100
|move|p1a: Swampert|Yawn|p2a: Tapu Fini
|-start|p2a: Tapu Fini|move: Yawn|[of] p1a: Swampert
|
|-heal|p1a: Swampert|44/100|[from] item: Leftovers
|upkeep
|turn|24
|
|t:|1665576461
|move|p2a: Tapu Fini|Hydro Pump|p1a: Swampert
|-crit|p1a: Swampert
|-damage|p1a: Swampert|1/100
|move|p1a: Swampert|High Horsepower|p2a: Tapu Fini
|-damage|p2a: Tapu Fini|0 fnt
|faint|p2a: Tapu Fini
|
|-heal|p1a: Swampert|7/100|[from] item: Leftovers
|upkeep
|
|t:|1665576465
|switch|p2a: Nidoqueen|Nidoqueen, F, shiny|94/100
|-damage|p2a: Nidoqueen|88/100|[from] Stealth Rock
|turn|25
|
|t:|1665576483
|move|p2a: Nidoqueen|Sludge Wave|p1a: Swampert
|-resisted|p1a: Swampert
|-damage|p1a: Swampert|0 fnt
|faint|p1a: Swampert
|
|upkeep
|
|t:|1665576490
|switch|p1a: Rillaboom|Rillaboom, F|100/100 par
|-fieldstart|move: Grassy Terrain|[from] ability: Grassy Surge|[of] p1a: Rillaboom
|turn|26
|
|t:|1665576495
|switch|p1a: Kartana|Kartana|100/100
|move|p2a: Nidoqueen|Sludge Wave|p1a: Kartana
|-immune|p1a: Kartana
|
|-heal|p2a: Nidoqueen|94/100|[from] Grassy Terrain
|upkeep
|turn|27
|
|t:|1665576498
|move|p1a: Kartana|Knock Off|p2a: Nidoqueen
|-damage|p2a: Nidoqueen|48/100
|-enditem|p2a: Nidoqueen|Life Orb|[from] move: Knock Off|[of] p1a: Kartana
|move|p2a: Nidoqueen|Flamethrower|p1a: Kartana
|-supereffective|p1a: Kartana
|-damage|p1a: Kartana|0 fnt
|faint|p1a: Kartana
|
|-heal|p2a: Nidoqueen|54/100|[from] Grassy Terrain
|upkeep
|
|t:|1665576509
|switch|p1a: Rillaboom|Rillaboom, F|100/100 par
|turn|28
|
|t:|1665576515
|cant|p1a: Rillaboom|par
|move|p2a: Nidoqueen|Sludge Wave|p1a: Rillaboom
|-supereffective|p1a: Rillaboom
|-damage|p1a: Rillaboom|0 fnt
|faint|p1a: Rillaboom
|
|-heal|p2a: Nidoqueen|60/100|[from] Grassy Terrain
|upkeep
|
|t:|1665576520
|switch|p1a: Victini|Victini|88/100
|turn|29
|
|t:|1665576524
|move|p1a: Victini|V-create|p2a: Nidoqueen
|-damage|p2a: Nidoqueen|0 fnt
|-unboost|p1a: Victini|spe|1
|-unboost|p1a: Victini|def|1
|-unboost|p1a: Victini|spd|1
|faint|p2a: Nidoqueen
|
|-heal|p1a: Victini|94/100|[from] Grassy Terrain
|upkeep
|
|t:|1665576527
|switch|p2a: Kartana|Kartana|94/100
|-damage|p2a: Kartana|88/100|[from] Stealth Rock
|turn|30
|
|t:|1665576532
|switch|p1a: Tornadus|Tornadus-Therian, M|59/100 par
|move|p2a: Kartana|Knock Off|p1a: Tornadus
|-damage|p1a: Tornadus|0 fnt
|-enditem|p1a: Tornadus|Heavy-Duty Boots|[from] move: Knock Off|[of] p2a: Kartana
|faint|p1a: Tornadus
|-ability|p2a: Kartana|Beast Boost|boost
|-boost|p2a: Kartana|atk|1
|
|-heal|p2a: Kartana|94/100|[from] Grassy Terrain
|-fieldend|move: Grassy Terrain
|upkeep
|
|t:|1665576533
|switch|p1a: Victini|Victini|94/100
|turn|31
|
|t:|1665576536
|switch|p2a: Zapdos|Zapdos|69/100
|move|p1a: Victini|V-create|p2a: Zapdos
|-damage|p2a: Zapdos|7/100
|-unboost|p1a: Victini|spe|1
|-unboost|p1a: Victini|def|1
|-unboost|p1a: Victini|spd|1
|-status|p1a: Victini|par|[from] ability: Static|[of] p2a: Zapdos
|
|upkeep
|turn|32
|
|t:|1665576539
|move|p2a: Zapdos|Roost|p2a: Zapdos
|-heal|p2a: Zapdos|57/100
|-singleturn|p2a: Zapdos|move: Roost
|move|p1a: Victini|V-create|p2a: Zapdos
|-damage|p2a: Zapdos|0 fnt
|-unboost|p1a: Victini|spe|1
|-unboost|p1a: Victini|def|1
|-unboost|p1a: Victini|spd|1
|faint|p2a: Zapdos
|
|upkeep
|
|t:|1665576542
|switch|p2a: Kartana|Kartana|94/100
|-damage|p2a: Kartana|88/100|[from] Stealth Rock
|turn|33
|
|t:|1665576544
|move|p2a: Kartana|Knock Off|p1a: Victini
|-supereffective|p1a: Victini
|-crit|p1a: Victini
|-damage|p1a: Victini|0 fnt
|-enditem|p1a: Victini|Heavy-Duty Boots|[from] move: Knock Off|[of] p2a: Kartana
|faint|p1a: Victini
|
|win|playeraccount
|raw|darkkevo's rating: 1489 &rarr; <strong>1465</strong><br />(-24 for losing)
|raw|playeraccount's rating: 1414 &rarr; <strong>1438</strong><br />(+24 for winning)
