|j|☆fatshrimper
|j|☆ChandosH
|t:|1667178070
|gametype|singles
|player|p1|fatshrimper|1|1670
|player|p2|ChandosH|n-masters|1738
|teamsize|p1|6
|teamsize|p2|6
|gen|8
|tier|[Gen 8] OU
|rated|
|rule|Sleep Clause Mod: Limit one foe put to sleep
|rule|Species Clause: Limit one of each Pokémon
|rule|OHKO Clause: OHKO moves are banned
|rule|Evasion Items Clause: Evasion items are banned
|rule|Evasion Moves Clause: Evasion moves are banned
|rule|Endless Battle Clause: Forcing endless battles is banned
|rule|HP Percentage Mod: HP is shown in percentages
|rule|Dynamax Clause: You cannot dynamax
|clearpoke
|poke|p1|Rillaboom, F|
|poke|p1|Slowking-Galar, F|
|poke|p1|Volcanion|
|poke|p1|Landorus-Therian, M|
|poke|p1|Corviknight, M|
|poke|p1|Weavile, M|
|poke|p2|Toxapex, M|
|poke|p2|Skarmory, M|
|poke|p2|Clefable, F|
|poke|p2|Tapu Koko|
|poke|p2|Hippowdon, F|
|poke|p2|Reuniclus, M|
|teampreview
|inactive|Battle timer is ON: inactive players will automatically lose when time's up. (requested by fatshrimper)
|inactive|ChandosH has 120 seconds left.
|
|t:|1667178105
|start
|switch|p1a: Volcanion|Volcanion|100/100
|switch|p2a: Skarmory|Skarmory, M|100/100
|turn|1
|
|t:|1667178112
|switch|p2a: Toxapex|Toxapex, M|100/100
|move|p1a: Volcanion|Steam Eruption|p2a: Toxapex
|-resisted|p2a: Toxapex
|-damage|p2a: Toxapex|59/100
|-status|p2a: Toxapex|brn
|
|-damage|p2a: Toxapex|52/100 brn|[from] brn
|upkeep
|turn|2
|
|t:|1667178138
|move|p1a: Volcanion|Steam Eruption|p2a: Toxapex|[miss]
|-miss|p1a: Volcanion|p2a: Toxapex
|move|p2a: Toxapex|Recover|p2a: Toxapex
|-heal|p2a: Toxapex|100/100 brn
|
|-damage|p2a: Toxapex|94/100 brn|[from] brn
|upkeep
|turn|3
|
|t:|1667178158
|switch|p1a: Slowking|Slowking-Galar, F|100/100
|move|p2a: Toxapex|Scald|p1a: Slowking
|-damage|p1a: Slowking|93/100
|
|-damage|p2a: Toxapex|88/100 brn|[from] brn
|upkeep
|turn|4
|
|t:|1667178166
|move|p2a: Toxapex|Knock Off|p1a: Slowking
|-supereffective|p1a: Slowking
|-damage|p1a: Slowking|78/100
|-enditem|p1a: Slowking|Assault Vest|[from] move: Knock Off|[of] p2a: Toxapex
|move|p1a: Slowking|Future Sight|p2a: Toxapex
|-start|p1a: Slowking|move: Future Sight
|
|-damage|p2a: Toxapex|82/100 brn|[from] brn
|upkeep
|turn|5
|
|t:|1667178174
|switch|p2a: Hippowdon|Hippowdon, F|100/100
|-weather|Sandstorm|[from] ability: Sand Stream|[of] p2a: Hippowdon
|switch|p1a: Volcanion|Volcanion|100/100
|
|-weather|Sandstorm|[upkeep]
|-damage|p1a: Volcanion|95/100|[from] Sandstorm
|upkeep
|turn|6
|
|t:|1667178198
|switch|p2a: Reuniclus|Reuniclus, M|100/100
|move|p1a: Volcanion|Steam Eruption|p2a: Reuniclus
|-damage|p2a: Reuniclus|11/100
|-status|p2a: Reuniclus|brn
|
|-weather|Sandstorm|[upkeep]
|-damage|p1a: Volcanion|89/100|[from] Sandstorm
|-end|p2a: Reuniclus|move: Future Sight
|-resisted|p2a: Reuniclus
|-damage|p2a: Reuniclus|0 fnt
|faint|p2a: Reuniclus
|upkeep
|inactive|ChandosH has 120 seconds left.
|
|t:|1667178218
|switch|p2a: Toxapex|Toxapex, M|100/100 brn
|turn|7
|inactive|fatshrimper has 120 seconds left.
|
|t:|1667178260
|switch|p1a: Slowking|Slowking-Galar, F|100/100
|move|p2a: Toxapex|Recover||[still]
|-fail|p2a: Toxapex|heal
|
|-weather|Sandstorm|[upkeep]
|-damage|p2a: Toxapex|94/100 brn|[from] Sandstorm
|-damage|p1a: Slowking|94/100|[from] Sandstorm
|-damage|p2a: Toxapex|88/100 brn|[from] brn
|upkeep
|turn|8
|
|t:|1667178269
|switch|p2a: Hippowdon|Hippowdon, F|100/100
|move|p1a: Slowking|Future Sight|p2a: Hippowdon
|-start|p1a: Slowking|move: Future Sight
|
|-weather|Sandstorm|[upkeep]
|-damage|p1a: Slowking|88/100|[from] Sandstorm
|upkeep
|turn|9
|inactive|fatshrimper has 120 seconds left.
|
|t:|1667178294
|switch|p1a: Weavile|Weavile, M|100/100
|-ability|p1a: Weavile|Pressure
|move|p2a: Hippowdon|Stealth Rock|p1a: Weavile
|-sidestart|p1: fatshrimper|move: Stealth Rock
|
|-weather|none
|upkeep
|turn|10
|
|t:|1667178306
|switch|p2a: Toxapex|Toxapex, M|100/100 brn
|move|p1a: Weavile|Triple Axel|p2a: Toxapex
|-resisted|p2a: Toxapex
|-damage|p2a: Toxapex|96/100 brn
|-damage|p1a: Weavile|84/100|[from] item: Rocky Helmet|[of] p2a: Toxapex
|-hitcount|p2a: Toxapex|1
|
|-end|p2a: Toxapex|move: Future Sight
|-supereffective|p2a: Toxapex
|-damage|p2a: Toxapex|25/100 brn
|-damage|p2a: Toxapex|18/100 brn|[from] brn
|upkeep
|turn|11
|
|t:|1667178322
|switch|p2a: Skarmory|Skarmory, M|100/100
|move|p1a: Weavile|Triple Axel|p2a: Skarmory
|-damage|p2a: Skarmory|91/100
|-damage|p1a: Weavile|68/100|[from] item: Rocky Helmet|[of] p2a: Skarmory
|-damage|p2a: Skarmory|73/100
|-damage|p1a: Weavile|51/100|[from] item: Rocky Helmet|[of] p2a: Skarmory
|-crit|p2a: Skarmory
|-damage|p2a: Skarmory|32/100
|-damage|p1a: Weavile|35/100|[from] item: Rocky Helmet|[of] p2a: Skarmory
|-hitcount|p2a: Skarmory|3
|
|upkeep
|turn|12
|
|t:|1667178340
|switch|p2a: Toxapex|Toxapex, M|51/100 brn
|move|p1a: Weavile|Triple Axel|p2a: Toxapex|[miss]
|-miss|p1a: Weavile|p2a: Toxapex
|
|-damage|p2a: Toxapex|45/100 brn|[from] brn
|upkeep
|turn|13
|inactive|ChandosH has 90 seconds left.
|
|t:|1667178362
|switch|p1a: Corviknight|Corviknight, M|100/100
|-damage|p1a: Corviknight|88/100|[from] Stealth Rock
|-ability|p1a: Corviknight|Pressure
|switch|p2a: Tapu Koko|Tapu Koko|100/100
|-fieldstart|move: Electric Terrain|[from] ability: Electric Surge|[of] p2a: Tapu Koko
|
|upkeep
|turn|14
|inactive|fatshrimper has 120 seconds left.
|inactive|ChandosH has 90 seconds left.
|
|t:|1667178374
|switch|p1a: Slowking|Slowking-Galar, F|100/100
|-damage|p1a: Slowking|88/100|[from] Stealth Rock
|move|p2a: Tapu Koko|Dazzling Gleam|p1a: Slowking
|-resisted|p1a: Slowking
|-damage|p1a: Slowking|78/100
|
|upkeep
|turn|15
|inactive|fatshrimper has 120 seconds left.
|
|t:|1667178384
|switch|p2a: Hippowdon|Hippowdon, F|100/100
|-weather|Sandstorm|[from] ability: Sand Stream|[of] p2a: Hippowdon
|move|p1a: Slowking|Future Sight|p2a: Hippowdon
|-start|p1a: Slowking|move: Future Sight
|
|-weather|Sandstorm|[upkeep]
|-damage|p1a: Slowking|72/100|[from] Sandstorm
|upkeep
|turn|16
|
|t:|1667178399
|switch|p2a: Skarmory|Skarmory, M|32/100
|switch|p1a: Landorus|Landorus-Therian, M|100/100
|-damage|p1a: Landorus|88/100|[from] Stealth Rock
|-ability|p1a: Landorus|Intimidate|boost
|-unboost|p2a: Skarmory|atk|1
|
|-weather|Sandstorm|[upkeep]
|-heal|p1a: Landorus|94/100|[from] item: Leftovers
|upkeep
|turn|17
|
|t:|1667178413
|switch|p1a: Corviknight|Corviknight, M|88/100
|-damage|p1a: Corviknight|75/100|[from] Stealth Rock
|-ability|p1a: Corviknight|Pressure
|move|p2a: Skarmory|Roost|p2a: Skarmory
|-heal|p2a: Skarmory|82/100
|-singleturn|p2a: Skarmory|move: Roost
|
|-weather|Sandstorm|[upkeep]
|-end|p2a: Skarmory|move: Future Sight
|-resisted|p2a: Skarmory
|-damage|p2a: Skarmory|50/100
|-fieldend|move: Electric Terrain
|upkeep
|turn|18
|
|t:|1667178425
|move|p2a: Skarmory|Roost|p2a: Skarmory
|-heal|p2a: Skarmory|99/100
|-singleturn|p2a: Skarmory|move: Roost
|move|p1a: Corviknight|Defog|p2a: Skarmory
|-unboost|p2a: Skarmory|evasion|1
|-sideend|p1: fatshrimper|Stealth Rock|[from] move: Defog|[of] p1a: Corviknight
|
|-weather|Sandstorm|[upkeep]
|upkeep
|turn|19
|
|t:|1667178434
|move|p2a: Skarmory|Spikes|p1a: Corviknight
|-sidestart|p1: fatshrimper|Spikes
|move|p1a: Corviknight|U-turn|p2a: Skarmory
|-resisted|p2a: Skarmory
|-damage|p2a: Skarmory|98/100
|-damage|p1a: Corviknight|59/100|[from] item: Rocky Helmet|[of] p2a: Skarmory
|
|t:|1667178441
|switch|p1a: Volcanion|Volcanion|89/100|[from]move: U-turn
|-damage|p1a: Volcanion|76/100|[from] Spikes
|
|-weather|none
|upkeep
|turn|20
|inactive|ChandosH has 120 seconds left.
|
|t:|1667178463
|move|p1a: Volcanion|Steam Eruption|p2a: Skarmory
|-damage|p2a: Skarmory|0 fnt
|faint|p2a: Skarmory
|
|upkeep
|
|t:|1667178468
|switch|p2a: Tapu Koko|Tapu Koko|100/100
|-fieldstart|move: Electric Terrain|[from] ability: Electric Surge|[of] p2a: Tapu Koko
|turn|21
|inactive|ChandosH has 120 seconds left.
|
|t:|1667178487
|switch|p1a: Slowking|Slowking-Galar, F|100/100
|-damage|p1a: Slowking|88/100|[from] Spikes
|move|p2a: Tapu Koko|Dazzling Gleam|p1a: Slowking
|-resisted|p1a: Slowking
|-damage|p1a: Slowking|79/100
|
|upkeep
|turn|22
|
|t:|1667178509
|move|p2a: Tapu Koko|Volt Switch|p1a: Slowking
|-damage|p1a: Slowking|56/100
|inactive|ChandosH has 120 seconds left.
|
|t:|1667178543
|switch|p2a: Hippowdon|Hippowdon, F|100/100|[from]move: Volt Switch
|-weather|Sandstorm|[from] ability: Sand Stream|[of] p2a: Hippowdon
|move|p1a: Slowking|Future Sight|p2a: Hippowdon
|-start|p1a: Slowking|move: Future Sight
|
|-weather|Sandstorm|[upkeep]
|-damage|p1a: Slowking|50/100|[from] Sandstorm
|upkeep
|turn|23
|
|t:|1667178557
|switch|p1a: Landorus|Landorus-Therian, M|94/100
|-ability|p1a: Landorus|Intimidate|boost
|-unboost|p2a: Hippowdon|atk|1
|move|p2a: Hippowdon|Stealth Rock|p1a: Landorus
|-sidestart|p1: fatshrimper|move: Stealth Rock
|
|-weather|Sandstorm|[upkeep]
|-heal|p1a: Landorus|99/100|[from] item: Leftovers
|upkeep
|turn|24
|
|t:|1667178571
|switch|p2a: Clefable|Clefable, F|100/100
|move|p1a: Landorus|Toxic|p2a: Clefable
|-status|p2a: Clefable|tox
|
|-weather|Sandstorm|[upkeep]
|-end|p2a: Clefable|move: Future Sight
|-damage|p2a: Clefable|62/100 tox
|-heal|p1a: Landorus|100/100|[from] item: Leftovers
|-heal|p2a: Clefable|68/100 tox|[from] item: Leftovers
|upkeep
|turn|25
|
|t:|1667178583
|move|p1a: Landorus|Stealth Rock|p2a: Clefable
|-sidestart|p2: ChandosH|move: Stealth Rock
|move|p2a: Clefable|Soft-Boiled|p2a: Clefable
|-heal|p2a: Clefable|100/100 tox
|
|-weather|Sandstorm|[upkeep]
|-fieldend|move: Electric Terrain
|upkeep
|turn|26
|
|t:|1667178589
|move|p1a: Landorus|Earthquake|p2a: Clefable
|-damage|p2a: Clefable|61/100 tox
|move|p2a: Clefable|Calm Mind|p2a: Clefable
|-boost|p2a: Clefable|spa|1
|-boost|p2a: Clefable|spd|1
|
|-weather|none
|-heal|p2a: Clefable|67/100 tox|[from] item: Leftovers
|upkeep
|turn|27
|
|t:|1667178602
|move|p1a: Landorus|Earthquake|p2a: Clefable
|-damage|p2a: Clefable|26/100 tox
|move|p2a: Clefable|Soft-Boiled|p2a: Clefable
|-heal|p2a: Clefable|76/100 tox
|
|-heal|p2a: Clefable|82/100 tox|[from] item: Leftovers
|upkeep
|turn|28
|
|t:|1667178611
|move|p1a: Landorus|Earthquake|p2a: Clefable
|-damage|p2a: Clefable|45/100 tox
|move|p2a: Clefable|Calm Mind|p2a: Clefable
|-boost|p2a: Clefable|spa|1
|-boost|p2a: Clefable|spd|1
|
|-heal|p2a: Clefable|51/100 tox|[from] item: Leftovers
|upkeep
|turn|29
|inactive|fatshrimper has 120 seconds left.
|
|t:|1667178652
|move|p1a: Landorus|Earthquake|p2a: Clefable
|-damage|p2a: Clefable|13/100 tox
|move|p2a: Clefable|Soft-Boiled|p2a: Clefable
|-heal|p2a: Clefable|63/100 tox
|
|-heal|p2a: Clefable|69/100 tox|[from] item: Leftovers
|upkeep
|turn|30
|
|t:|1667178659
|move|p1a: Landorus|Earthquake|p2a: Clefable
|-damage|p2a: Clefable|31/100 tox
|move|p2a: Clefable|Soft-Boiled|p2a: Clefable
|-heal|p2a: Clefable|81/100 tox
|
|-heal|p2a: Clefable|88/100 tox|[from] item: Leftovers
|upkeep
|turn|31
|inactive|fatshrimper has 120 seconds left.
|
|t:|1667178666
|move|p1a: Landorus|Earthquake|p2a: Clefable
|-damage|p2a: Clefable|48/100 tox
|move|p2a: Clefable|Calm Mind|p2a: Clefable
|-boost|p2a: Clefable|spa|1
|-boost|p2a: Clefable|spd|1
|
|-heal|p2a: Clefable|54/100 tox|[from] item: Leftovers
|upkeep
|turn|32
|
|t:|1667178673
|move|p1a: Landorus|Earthquake|p2a: Clefable
|-damage|p2a: Clefable|16/100 tox
|move|p2a: Clefable|Soft-Boiled|p2a: Clefable
|-heal|p2a: Clefable|66/100 tox
|
|-heal|p2a: Clefable|72/100 tox|[from] item: Leftovers
|upkeep
|turn|33
|
|t:|1667178680
|move|p1a: Landorus|Earthquake|p2a: Clefable
|-damage|p2a: Clefable|30/100 tox
|move|p2a: Clefable|Soft-Boiled|p2a: Clefable
|-heal|p2a: Clefable|80/100 tox
|
|-heal|p2a: Clefable|87/100 tox|[from] item: Leftovers
|upkeep
|turn|34
|
|t:|1667178687
|move|p1a: Landorus|Earthquake|p2a: Clefable
|-damage|p2a: Clefable|52/100 tox
|move|p2a: Clefable|Soft-Boiled|p2a: Clefable
|-heal|p2a: Clefable|100/100 tox
|
|upkeep
|turn|35
|
|t:|1667178694
|move|p1a: Landorus|Earthquake|p2a: Clefable
|-damage|p2a: Clefable|63/100 tox
|move|p2a: Clefable|Calm Mind|p2a: Clefable
|-boost|p2a: Clefable|spa|1
|-boost|p2a: Clefable|spd|1
|
|-heal|p2a: Clefable|69/100 tox|[from] item: Leftovers
|upkeep
|turn|36
|
|t:|1667178702
|move|p1a: Landorus|Earthquake|p2a: Clefable
|-damage|p2a: Clefable|33/100 tox
|move|p2a: Clefable|Soft-Boiled|p2a: Clefable
|-heal|p2a: Clefable|83/100 tox
|
|-heal|p2a: Clefable|89/100 tox|[from] item: Leftovers
|upkeep
|turn|37
|
|t:|1667178713
|move|p1a: Landorus|Earthquake|p2a: Clefable
|-damage|p2a: Clefable|54/100 tox
|move|p2a: Clefable|Calm Mind|p2a: Clefable
|-boost|p2a: Clefable|spa|1
|-boost|p2a: Clefable|spd|1
|
|-heal|p2a: Clefable|60/100 tox|[from] item: Leftovers
|upkeep
|turn|38
|j| Tegalik
|
|t:|1667178733
|move|p1a: Landorus|U-turn|p2a: Clefable
|-resisted|p2a: Clefable
|-damage|p2a: Clefable|52/100 tox
|
|t:|1667178736
|switch|p1a: Rillaboom|Rillaboom, F|100/100|[from]move: U-turn
|-damage|p1a: Rillaboom|88/100|[from] Spikes
|-damage|p1a: Rillaboom|76/100|[from] Stealth Rock
|-fieldstart|move: Grassy Terrain|[from] ability: Grassy Surge|[of] p1a: Rillaboom
|move|p2a: Clefable|Soft-Boiled|p2a: Clefable
|-heal|p2a: Clefable|100/100 tox
|
|-heal|p1a: Rillaboom|82/100|[from] Grassy Terrain
|-heal|p1a: Rillaboom|88/100|[from] item: Leftovers
|upkeep
|turn|39
|
|t:|1667178751
|move|p1a: Rillaboom|Grassy Glide|p2a: Clefable
|-damage|p2a: Clefable|61/100 tox
|move|p2a: Clefable|Moonblast|p1a: Rillaboom
|-damage|p1a: Rillaboom|0 fnt
|faint|p1a: Rillaboom
|
|-heal|p2a: Clefable|67/100 tox|[from] Grassy Terrain
|-heal|p2a: Clefable|73/100 tox|[from] item: Leftovers
|upkeep
|
|t:|1667178767
|switch|p1a: Corviknight|Corviknight, M|59/100
|-damage|p1a: Corviknight|46/100|[from] Stealth Rock
|-ability|p1a: Corviknight|Pressure
|turn|40
|
|t:|1667178775
|move|p2a: Clefable|Flamethrower|p1a: Corviknight
|-supereffective|p1a: Corviknight
|-damage|p1a: Corviknight|0 fnt
|faint|p1a: Corviknight
|
|-heal|p2a: Clefable|79/100 tox|[from] Grassy Terrain
|-heal|p2a: Clefable|85/100 tox|[from] item: Leftovers
|upkeep
|inactive|fatshrimper has 120 seconds left.
|
|t:|1667178791
|switch|p1a: Slowking|Slowking-Galar, F|83/100
|-damage|p1a: Slowking|71/100|[from] Spikes
|-damage|p1a: Slowking|58/100|[from] Stealth Rock
|turn|41
|
|t:|1667178814
|move|p2a: Clefable|Flamethrower|p1a: Slowking
|-damage|p1a: Slowking|14/100
|move|p1a: Slowking|Sludge Bomb|p2a: Clefable
|-supereffective|p2a: Clefable
|-damage|p2a: Clefable|68/100 tox
|
|-heal|p2a: Clefable|74/100 tox|[from] Grassy Terrain
|-heal|p2a: Clefable|80/100 tox|[from] item: Leftovers
|-heal|p1a: Slowking|21/100|[from] Grassy Terrain
|upkeep
|turn|42
|inactive|fatshrimper has 120 seconds left.
|
|t:|1667178830
|move|p2a: Clefable|Moonblast|p1a: Slowking
|-resisted|p1a: Slowking
|-damage|p1a: Slowking|0 fnt
|faint|p1a: Slowking
|
|-heal|p2a: Clefable|86/100 tox|[from] Grassy Terrain
|-heal|p2a: Clefable|92/100 tox|[from] item: Leftovers
|-fieldend|move: Grassy Terrain
|upkeep
|inactive|fatshrimper has 120 seconds left.
|
|t:|1667178840
|switch|p1a: Landorus|Landorus-Therian, M|100/100
|-damage|p1a: Landorus|88/100|[from] Stealth Rock
|-ability|p1a: Landorus|Intimidate|boost
|-unboost|p2a: Clefable|atk|1
|turn|43
|
|t:|1667178855
|move|p1a: Landorus|Earthquake|p2a: Clefable
|-damage|p2a: Clefable|57/100 tox
|move|p2a: Clefable|Soft-Boiled|p2a: Clefable
|-heal|p2a: Clefable|100/100 tox
|
|-heal|p1a: Landorus|94/100|[from] item: Leftovers
|upkeep
|turn|44
|
|t:|1667178869
|move|p1a: Landorus|Earthquake|p2a: Clefable
|-damage|p2a: Clefable|60/100 tox
|move|p2a: Clefable|Moonblast|p1a: Landorus
|-damage|p1a: Landorus|3/100
|
|-heal|p1a: Landorus|9/100|[from] item: Leftovers
|-heal|p2a: Clefable|66/100 tox|[from] item: Leftovers
|upkeep
|turn|45
|
|t:|1667178878
|move|p1a: Landorus|Earthquake|p2a: Clefable
|-damage|p2a: Clefable|27/100 tox
|move|p2a: Clefable|Soft-Boiled|p2a: Clefable
|-heal|p2a: Clefable|77/100 tox
|
|-heal|p1a: Landorus|15/100|[from] item: Leftovers
|-heal|p2a: Clefable|83/100 tox|[from] item: Leftovers
|upkeep
|turn|46
|
|t:|1667178886
|move|p1a: Landorus|Earthquake|p2a: Clefable
|-damage|p2a: Clefable|44/100 tox
|move|p2a: Clefable|Soft-Boiled|p2a: Clefable
|-heal|p2a: Clefable|94/100 tox
|
|-heal|p1a: Landorus|21/100|[from] item: Leftovers
|-heal|p2a: Clefable|100/100 tox|[from] item: Leftovers
|upkeep
|turn|47
|
|t:|1667178897
|move|p1a: Landorus|Toxic|p2a: Clefable
|-fail|p2a: Clefable|tox
|move|p2a: Clefable|Moonblast|p1a: Landorus
|-damage|p1a: Landorus|0 fnt
|faint|p1a: Landorus
|
|upkeep
|-message|fatshrimper forfeited.
|
|win|ChandosH
|raw|fatshrimper's rating: 1670 &rarr; <strong>1654</strong><br />(-16 for losing)
|raw|ChandosH's rating: 1738 &rarr; <strong>1754</strong><br />(+16 for winning)
|l|☆fatshrimper
