|j|☆Sp0oNl0rD
|j|☆bryan0711111
|inactive|Battle timer is ON: inactive players will automatically lose when time's up.
|t:|1644202244
|gametype|singles
|player|p1|Sp0oNl0rD|cyrus|
|player|p2|bryan0711111|lance|
|teamsize|p1|6
|teamsize|p2|6
|gen|8
|tier|[Gen 8] OU
|rated|Tournament battle
|rule|Sleep Clause Mod: Limit one foe put to sleep
|rule|Species Clause: Limit one of each Pokémon
|rule|OHKO Clause: OHKO moves are banned
|rule|Evasion Moves Clause: Evasion moves are banned
|rule|Endless Battle Clause: Forcing endless battles is banned
|rule|HP Percentage Mod: HP is shown in percentages
|rule|Dynamax Clause: You cannot dynamax
|clearpoke
|poke|p1|Magneton|
|poke|p1|Kommo-o, F|
|poke|p1|Latios, M|
|poke|p1|Hydreigon, M|
|poke|p1|Salamence, M|
|poke|p1|Mamoswine, M|
|poke|p2|Blaziken, F|
|poke|p2|Latios, M|
|poke|p2|Gengar, M|
|poke|p2|Thundurus, M|
|poke|p2|Hawlucha, F|
|poke|p2|Arctozolt|
|teampreview
|inactive|Sp0oNl0rD also wants the timer to be on.
|j| SetsuStsna
|j| NoTollsNoRolls
|j| Mogus Mogul
|c| Mogus Mogul|Bring it home
|c| SetsuStsna|the 2 funniest teams made it to finals lmao
|
|t:|1644202259
|start
|switch|p1a: Latios|Latios, M|100/100
|switch|p2a: Latios|Latios, M|100/100
|turn|1
|
|t:|1644202268
|move|p2a: Latios|Draco Meteor|p1a: Latios
|-supereffective|p1a: Latios
|-crit|p1a: Latios
|-damage|p1a: Latios|0 fnt
|-unboost|p2a: Latios|spa|2
|faint|p1a: Latios
|
|upkeep
|
|t:|1644202271
|switch|p1a: Magneton|Magneton|100/100
|turn|2
|
|t:|1644202282
|switch|p2a: Arctozolt|Arctozolt|100/100
|move|p1a: Magneton|Volt Switch|p2a: Arctozolt
|-resisted|p2a: Arctozolt
|-damage|p2a: Arctozolt|68/100
|j|%faless
|
|t:|1644202288
|switch|p1a: Mamoswine|Mamoswine, M|100/100|[from]move: Volt Switch
|
|upkeep
|turn|3
|
|t:|1644202295
|switch|p2a: Hawlucha|Hawlucha, F|100/100
|move|p1a: Mamoswine|Stealth Rock|p2a: Hawlucha
|-sidestart|p2: bryan0711111|move: Stealth Rock
|
|upkeep
|turn|4
|
|t:|1644202300
|move|p2a: Hawlucha|Close Combat|p1a: Mamoswine
|-supereffective|p1a: Mamoswine
|-enditem|p1a: Mamoswine|Chople Berry|[eat]
|-enditem|p1a: Mamoswine|Chople Berry|[weaken]
|-damage|p1a: Mamoswine|53/100
|-unboost|p2a: Hawlucha|def|1
|-unboost|p2a: Hawlucha|spd|1
|move|p1a: Mamoswine|Icicle Crash|p2a: Hawlucha
|-supereffective|p2a: Hawlucha
|-enditem|p2a: Hawlucha|Focus Sash
|-damage|p2a: Hawlucha|1/100
|
|upkeep
|turn|5
|c| Mogus Mogul|Goat chople
|c|☆Sp0oNl0rD|mamo the goat
|
|t:|1644202311
|move|p1a: Mamoswine|Ice Shard|p2a: Hawlucha
|-supereffective|p2a: Hawlucha
|-damage|p2a: Hawlucha|0 fnt
|faint|p2a: Hawlucha
|
|upkeep
|j| galaxyxxivory
|c| Mogus Mogul|Goatt
|
|t:|1644202327
|switch|p2a: Gengar|Gengar, M|100/100
|-damage|p2a: Gengar|88/100|[from] Stealth Rock
|turn|6
|
|t:|1644202332
|switch|p1a: Hydreigon|Hydreigon, M|100/100
|move|p2a: Gengar|Shadow Ball|p1a: Hydreigon
|-resisted|p1a: Hydreigon
|-damage|p1a: Hydreigon|72/100
|-damage|p2a: Gengar|78/100|[from] item: Life Orb
|
|upkeep
|turn|7
|inactive|bryan0711111 has 120 seconds left.
|
|t:|1644202364
|switch|p1a: Kommo-o|Kommo-o, F|100/100
|move|p2a: Gengar|Dazzling Gleam|p1a: Kommo-o
|-supereffective|p1a: Kommo-o
|-damage|p1a: Kommo-o|0 fnt
|faint|p1a: Kommo-o
|-damage|p2a: Gengar|68/100|[from] item: Life Orb
|
|upkeep
|
|t:|1644202370
|switch|p1a: Salamence|Salamence, M|100/100
|turn|8
|
|t:|1644202379
|move|p1a: Salamence|Outrage|p2a: Gengar
|-damage|p2a: Gengar|0 fnt
|-start|p1a: Salamence|Disable|Outrage|[from] ability: Cursed Body|[of] p2a: Gengar
|faint|p2a: Gengar
|-ability|p1a: Salamence|Moxie|boost
|-boost|p1a: Salamence|atk|1
|
|upkeep
|c|☆Sp0oNl0rD|ofc
|c| Mogus Mogul|Goatrage
|c| Mogus Mogul|LOL
|c| galaxyxxivory|gen 5 moment
|
|t:|1644202394
|switch|p2a: Latios|Latios, M|100/100
|-damage|p2a: Latios|88/100|[from] Stealth Rock
|turn|9
|c|%faless|its scarf lati anyways you saw it in the game
|
|t:|1644202400
|move|p2a: Latios|Ice Beam|p1a: Salamence
|-supereffective|p1a: Salamence
|-damage|p1a: Salamence|0 fnt
|faint|p1a: Salamence
|
|upkeep
|
|t:|1644202403
|switch|p1a: Magneton|Magneton|100/100
|turn|10
|
|t:|1644202411
|switch|p2a: Thundurus|Thundurus, M|100/100
|-damage|p2a: Thundurus|76/100|[from] Stealth Rock
|move|p1a: Magneton|Volt Switch|p2a: Thundurus
|-damage|p2a: Thundurus|7/100
|
|t:|1644202413
|switch|p1a: Mamoswine|Mamoswine, M|53/100|[from]move: Volt Switch
|
|upkeep
|turn|11
|
|t:|1644202420
|move|p1a: Mamoswine|Ice Shard|p2a: Thundurus
|-supereffective|p2a: Thundurus
|-damage|p2a: Thundurus|0 fnt
|faint|p2a: Thundurus
|
|upkeep
|c|☆bryan0711111|ohhhh i lost
|c|☆bryan0711111|Why do people use mamo
|c|%faless|bc its good
|c| Mogus Mogul|It won this game
|
|t:|1644202447
|switch|p2a: Latios|Latios, M|88/100
|-damage|p2a: Latios|76/100|[from] Stealth Rock
|turn|12
|c|☆bryan0711111|ye gg
|c|%faless|seems like someone is more toxic than they thought after all
|c|☆bryan0711111|Wha?
|c|☆bryan0711111|Im not toxic
|c|☆bryan0711111|I said gg
|inactive|bryan0711111 has 120 seconds left.
|c|%faless|just kidding
|
|t:|1644202473
|switch|p1a: Magneton|Magneton|100/100
|move|p2a: Latios|Aura Sphere|p1a: Magneton
|-supereffective|p1a: Magneton
|-damage|p1a: Magneton|0 fnt
|faint|p1a: Magneton
|
|upkeep
|c|%faless|but u might be a little bit in denial
|
|t:|1644202481
|switch|p1a: Hydreigon|Hydreigon, M|72/100
|turn|13
|
|t:|1644202483
|move|p1a: Hydreigon|Endure|p1a: Hydreigon
|-singleturn|p1a: Hydreigon|move: Endure
|move|p2a: Latios|Aura Sphere|p1a: Hydreigon
|-supereffective|p1a: Hydreigon
|-activate|p1a: Hydreigon|move: Endure
|-damage|p1a: Hydreigon|1/100
|-enditem|p1a: Hydreigon|Salac Berry|[eat]
|-boost|p1a: Hydreigon|spe|1|[from] item: Salac Berry
|
|upkeep
|turn|14
|c| Mogus Mogul|Endure goat
|
|t:|1644202492
|move|p1a: Hydreigon|Dark Pulse|p2a: Latios
|-supereffective|p2a: Latios
|-damage|p2a: Latios|0 fnt
|faint|p2a: Latios
|
|upkeep
|c| Mogus Mogul|Comeback arc
|
|t:|1644202497
|switch|p2a: Arctozolt|Arctozolt|68/100
|-damage|p2a: Arctozolt|43/100|[from] Stealth Rock
|turn|15
|c| Mogus Mogul|Come on come on
|
|t:|1644202517
|move|p1a: Hydreigon|Dark Pulse|p2a: Arctozolt
|-damage|p2a: Arctozolt|0 fnt
|faint|p2a: Arctozolt
|
|upkeep
|
|t:|1644202521
|switch|p2a: Blaziken|Blaziken, F|100/100
|-damage|p2a: Blaziken|88/100|[from] Stealth Rock
|turn|16
|c|☆bryan0711111|gg
|c|☆bryan0711111|next time imma use mamo
|
|t:|1644202533
|move|p1a: Hydreigon|Draco Meteor|p2a: Blaziken
|-damage|p2a: Blaziken|0 fnt
|-unboost|p1a: Hydreigon|spa|2
|faint|p2a: Blaziken
|
|win|Sp0oNl0rD
|n|☆Sp0oNl0rD|sp0onl0rd
|n|☆bryan0711111|bryan0711111
|n| SetsuStsna|setsustsna
|n| NoTollsNoRolls|notollsnorolls
|n| Mogus Mogul|mogusmogul
|n| faless|faless
|n| galaxyxxivory|galaxyxxivory
|c| Mogus Mogul|Skrrt
|c|☆Sp0oNl0rD|gg
|l| faless
|l| SetsuStsna
|l| NoTollsNoRolls
|l| galaxyxxivory
|l| Mogus Mogul
|j| fruityiscool423
|l|☆Sp0oNl0rD
|j|☆Sp0oNl0rD
|player|p1|Sp0oNl0rD|cyrus
