|j|☆N30N3
|j|☆BSM1999
|player|p1|N30N3|170|1837
|player|p2|BSM1999|fisherman-gen4|1728
|teamsize|p1|6
|teamsize|p2|6
|gametype|singles
|gen|8
|tier|[Gen 8] OU
|rated|
|clearpoke
|poke|p1|Kyurem|
|poke|p1|Hippowdon, M|
|poke|p1|Excadrill, M|
|poke|p1|Tyranitar, M|
|poke|p1|Hawlucha, F|
|poke|p1|Ferrothorn, M|
|poke|p2|Excadrill, M|
|poke|p2|Cinderace, M|
|poke|p2|Mandibuzz, F|
|poke|p2|Conkeldurr, F|
|poke|p2|Clefable, F|
|poke|p2|Ferrothorn, F|
|rule|Sleep Clause Mod: Limit one foe put to sleep
|rule|Species Clause: Limit one of each Pokémon
|rule|OHKO Clause: OHKO moves are banned
|rule|Evasion Moves Clause: Evasion moves are banned
|rule|Endless Battle Clause: Forcing endless battles is banned
|rule|HP Percentage Mod: HP is shown in percentages
|rule|Dynamax Clause: You cannot dynamax
|teampreview
|inactive|Battle timer is ON: inactive players will automatically lose when time's up. (requested by N30N3)
|j| AgressivEbolAidCOV
|
|start
|switch|p1a: Hippowdon|Hippowdon, M|100/100
|switch|p2a: Clefable|Clefable, F|100/100
|-weather|Sandstorm|[from] ability: Sand Stream|[of] p1a: Hippowdon
|turn|1
|
|move|p2a: Clefable|Moonblast|p1a: Hippowdon
|-damage|p1a: Hippowdon|41/100
|move|p1a: Hippowdon|Stealth Rock|p2a: Clefable
|-sidestart|p2: BSM1999|move: Stealth Rock
|
|-weather|Sandstorm|[upkeep]
|upkeep
|turn|2
|
|move|p2a: Clefable|Moonblast|p1a: Hippowdon
|-damage|p1a: Hippowdon|0 fnt
|faint|p1a: Hippowdon
|
|-weather|Sandstorm|[upkeep]
|upkeep
|
|switch|p1a: Excadrill|Excadrill, M|100/100
|turn|3
|
|switch|p2a: Mandibuzz|Mandibuzz, F|100/100
|-damage|p2a: Mandibuzz|75/100|[from] Stealth Rock
|move|p1a: Excadrill|Iron Head|p2a: Mandibuzz
|-damage|p2a: Mandibuzz|41/100
|-damage|p1a: Excadrill|84/100|[from] item: Rocky Helmet|[of] p2a: Mandibuzz
|-damage|p1a: Excadrill|74/100|[from] item: Life Orb
|
|-weather|Sandstorm|[upkeep]
|upkeep
|turn|4
|
|move|p1a: Excadrill|Rock Slide|p2a: Mandibuzz
|-supereffective|p2a: Mandibuzz
|-damage|p2a: Mandibuzz|0 fnt
|-damage|p1a: Excadrill|64/100|[from] item: Life Orb
|faint|p2a: Mandibuzz
|
|-weather|Sandstorm|[upkeep]
|upkeep
|
|switch|p2a: Conkeldurr|Conkeldurr, F|100/100
|-damage|p2a: Conkeldurr|94/100|[from] Stealth Rock
|turn|5
|
|switch|p1a: Hawlucha|Hawlucha, F|100/100
|move|p2a: Conkeldurr|Facade|p1a: Hawlucha
|-damage|p1a: Hawlucha|57/100
|
|-weather|Sandstorm|[upkeep]
|-damage|p1a: Hawlucha|51/100|[from] Sandstorm
|-damage|p2a: Conkeldurr|88/100|[from] Sandstorm
|-status|p2a: Conkeldurr|brn|[from] item: Flame Orb
|upkeep
|turn|6
|
|switch|p2a: Ferrothorn|Ferrothorn, F|100/100
|-damage|p2a: Ferrothorn|94/100|[from] Stealth Rock
|move|p1a: Hawlucha|Swords Dance|p1a: Hawlucha
|-boost|p1a: Hawlucha|atk|2
|
|-weather|Sandstorm|[upkeep]
|-damage|p1a: Hawlucha|45/100|[from] Sandstorm
|-heal|p2a: Ferrothorn|100/100|[from] item: Leftovers
|upkeep
|turn|7
|
|move|p1a: Hawlucha|Close Combat|p2a: Ferrothorn
|-supereffective|p2a: Ferrothorn
|-damage|p2a: Ferrothorn|0 fnt
|-unboost|p1a: Hawlucha|def|1
|-unboost|p1a: Hawlucha|spd|1
|-damage|p1a: Hawlucha|32/100|[from] ability: Iron Barbs|[of] p2a: Ferrothorn
|-enditem|p1a: Hawlucha|White Herb
|-clearnegativeboost|p1a: Hawlucha|[silent]
|faint|p2a: Ferrothorn
|
|-weather|Sandstorm|[upkeep]
|-damage|p1a: Hawlucha|26/100|[from] Sandstorm
|upkeep
|j| liluzispinkytoe
|l| liluzispinkytoe
|
|switch|p2a: Conkeldurr|Conkeldurr, F|88/100 brn
|-damage|p2a: Conkeldurr|82/100 brn|[from] Stealth Rock
|turn|8
|
|move|p2a: Conkeldurr|Mach Punch|p1a: Hawlucha
|-resisted|p1a: Hawlucha
|-damage|p1a: Hawlucha|0 fnt
|faint|p1a: Hawlucha
|
|-weather|none
|-damage|p2a: Conkeldurr|76/100 brn|[from] brn
|upkeep
|
|switch|p1a: Kyurem|Kyurem|100/100
|-ability|p1a: Kyurem|Pressure
|turn|9
|
|move|p1a: Kyurem|Ice Beam|p2a: Conkeldurr
|-damage|p2a: Conkeldurr|0 fnt
|faint|p2a: Conkeldurr
|
|upkeep
|
|switch|p2a: Cinderace|Cinderace, M|100/100
|-damage|p2a: Cinderace|76/100|[from] Stealth Rock
|turn|10
|
|switch|p1a: Tyranitar|Tyranitar, M|100/100
|-weather|Sandstorm|[from] ability: Sand Stream|[of] p1a: Tyranitar
|move|p2a: Cinderace|Court Change|p2a: Cinderace
|-sideend|p2: BSM1999|Stealth Rock|[silent]
|-sidestart|p1: N30N3|Stealth Rock|[silent]
|-activate|p2a: Cinderace|move: Court Change
|
|-weather|Sandstorm|[upkeep]
|-damage|p2a: Cinderace|70/100|[from] Sandstorm
|upkeep
|turn|11
|j| HeavenStar
|
|switch|p2a: Excadrill|Excadrill, M|100/100
|-ability|p2a: Excadrill|Mold Breaker
|move|p1a: Tyranitar|Stealth Rock|p2a: Excadrill
|-sidestart|p2: BSM1999|move: Stealth Rock
|
|-weather|Sandstorm|[upkeep]
|upkeep
|turn|12
|
|switch|p1a: Ferrothorn|Ferrothorn, M|100/100
|-damage|p1a: Ferrothorn|94/100|[from] Stealth Rock
|move|p2a: Excadrill|Rapid Spin|p1a: Ferrothorn
|-resisted|p1a: Ferrothorn
|-damage|p1a: Ferrothorn|89/100
|-boost|p2a: Excadrill|spe|1
|-damage|p2a: Excadrill|88/100|[from] ability: Iron Barbs|[of] p1a: Ferrothorn
|-sideend|p2: BSM1999|Stealth Rock|[from] move: Rapid Spin|[of] p2a: Excadrill
|
|-weather|Sandstorm|[upkeep]
|-heal|p1a: Ferrothorn|95/100|[from] item: Leftovers
|upkeep
|turn|13
|
|switch|p2a: Clefable|Clefable, F|100/100
|move|p1a: Ferrothorn|Leech Seed|p2a: Clefable
|-start|p2a: Clefable|move: Leech Seed
|
|-weather|Sandstorm|[upkeep]
|-heal|p1a: Ferrothorn|100/100|[from] item: Leftovers
|upkeep
|turn|14
|
|move|p2a: Clefable|Flamethrower|p1a: Ferrothorn
|-supereffective|p1a: Ferrothorn
|-damage|p1a: Ferrothorn|0 fnt
|faint|p1a: Ferrothorn
|
|-weather|none
|upkeep
|
|switch|p1a: Tyranitar|Tyranitar, M|100/100
|-damage|p1a: Tyranitar|88/100|[from] Stealth Rock
|-weather|Sandstorm|[from] ability: Sand Stream|[of] p1a: Tyranitar
|turn|15
|c| AgressivEbolAidCOV|specs clef?
|j| Esra1202
|
|switch|p1a: Kyurem|Kyurem|100/100
|-damage|p1a: Kyurem|76/100|[from] Stealth Rock
|-ability|p1a: Kyurem|Pressure
|move|p2a: Clefable|Flamethrower|p1a: Kyurem
|-damage|p1a: Kyurem|42/100
|
|-weather|Sandstorm|[upkeep]
|-damage|p1a: Kyurem|36/100|[from] Sandstorm
|upkeep
|turn|16
|c|☆BSM1999|life orb
|c| HeavenStar|thought so
|c| AgressivEbolAidCOV|ah nice combination
|
|move|p1a: Kyurem|Earth Power|p2a: Clefable
|-damage|p2a: Clefable|47/100
|-unboost|p2a: Clefable|spd|1
|move|p2a: Clefable|Flamethrower|p1a: Kyurem
|-damage|p1a: Kyurem|4/100
|
|-weather|Sandstorm|[upkeep]
|-damage|p1a: Kyurem|0 fnt|[from] Sandstorm
|faint|p1a: Kyurem
|upkeep
|c| AgressivEbolAidCOV|magic guard
|
|switch|p1a: Excadrill|Excadrill, M|64/100
|-damage|p1a: Excadrill|61/100|[from] Stealth Rock
|turn|17
|inactive|BSM1999 has 120 seconds left.
|
|switch|p2a: Cinderace|Cinderace, M|70/100
|move|p1a: Excadrill|Earthquake|p2a: Cinderace
|-supereffective|p2a: Cinderace
|-damage|p2a: Cinderace|0 fnt
|-damage|p1a: Excadrill|51/100|[from] item: Life Orb
|faint|p2a: Cinderace
|
|-weather|Sandstorm|[upkeep]
|upkeep
|inactive|BSM1999 has 120 seconds left.
|
|switch|p2a: Clefable|Clefable, F|47/100
|turn|18
|c| HeavenStar|just...do that
|c|☆BSM1999|gg
|
|move|p1a: Excadrill|Earthquake|p2a: Clefable
|-damage|p2a: Clefable|0 fnt
|-damage|p1a: Excadrill|41/100|[from] item: Life Orb
|faint|p2a: Clefable
|
|-weather|Sandstorm|[upkeep]
|upkeep
|-message|BSM1999 forfeited.
|
|win|N30N3
|l|☆BSM1999
