|j|☆Pinkacross
|j|☆yeshahR
|inactive|Battle timer is ON: inactive players will automatically lose when time's up.
|t:|1657822833
|gametype|singles
|player|p1|Pinkacross|artist|
|player|p2|yeshahR|265|
|teamsize|p1|6
|teamsize|p2|6
|gen|8
|tier|[Gen 8] OU
|rated|Tournament battle
|rule|Sleep Clause Mod: Limit one foe put to sleep
|rule|Species Clause: Limit one of each Pokémon
|rule|OHKO Clause: OHKO moves are banned
|rule|Evasion Moves Clause: Evasion moves are banned
|rule|Endless Battle Clause: Forcing endless battles is banned
|rule|HP Percentage Mod: HP is shown in percentages
|rule|Dynamax Clause: You cannot dynamax
|clearpoke
|poke|p1|Mantine, M|
|poke|p1|Seismitoad, F|
|poke|p1|Ferrothorn, F|
|poke|p1|Zapdos|
|poke|p1|Scizor, F|
|poke|p1|Tornadus-Therian, M|
|poke|p2|Pelipper, F|
|poke|p2|Azumarill, F|
|poke|p2|Regieleki|
|poke|p2|Ferrothorn, F|
|poke|p2|Barraskewda, F|
|poke|p2|Porygon-Z|
|teampreview
|c|☆Pinkacross|hf
|c|☆yeshahR|hf
|j| L'chonk
|l| L'chonk
|j| stornila
|
|t:|1657822863
|start
|switch|p1a: Tornadus|Tornadus-Therian, M|100/100
|switch|p2a: Regieleki|Regieleki|100/100
|turn|1
|
|t:|1657822878
|switch|p2a: Ferrothorn|Ferrothorn, F|100/100
|switch|p1a: Seismitoad|Seismitoad, F|100/100
|
|upkeep
|turn|2
|j| Oshee-Gone Fishing
|
|t:|1657822890
|switch|p1a: Scizor|Scizor, F|100/100
|move|p2a: Ferrothorn|Stealth Rock|p1a: Scizor
|-sidestart|p1: Pinkacross|move: Stealth Rock
|
|upkeep
|turn|3
|
|t:|1657822895
|move|p1a: Scizor|Knock Off|p2a: Ferrothorn
|-damage|p2a: Ferrothorn|82/100
|-damage|p1a: Scizor|88/100|[from] ability: Iron Barbs|[of] p2a: Ferrothorn
|-damage|p1a: Scizor|72/100|[from] item: Rocky Helmet|[of] p2a: Ferrothorn
|-enditem|p2a: Ferrothorn|Rocky Helmet|[from] move: Knock Off|[of] p1a: Scizor
|move|p2a: Ferrothorn|Knock Off|p1a: Scizor
|-damage|p1a: Scizor|52/100
|-enditem|p1a: Scizor|Leftovers|[from] move: Knock Off|[of] p2a: Ferrothorn
|
|upkeep
|turn|4
|
|t:|1657822901
|move|p1a: Scizor|Swords Dance|p1a: Scizor
|-boost|p1a: Scizor|atk|2
|move|p2a: Ferrothorn|Leech Seed|p1a: Scizor
|-start|p1a: Scizor|move: Leech Seed
|
|-damage|p1a: Scizor|39/100|[from] Leech Seed|[of] p2a: Ferrothorn
|-heal|p2a: Ferrothorn|94/100|[silent]
|upkeep
|turn|5
|inactive|yeshahR has 120 seconds left.
|
|t:|1657822932
|move|p1a: Scizor|Roost|p1a: Scizor
|-heal|p1a: Scizor|89/100
|-singleturn|p1a: Scizor|move: Roost
|move|p2a: Ferrothorn|Knock Off|p1a: Scizor
|-damage|p1a: Scizor|76/100
|
|-damage|p1a: Scizor|64/100|[from] Leech Seed|[of] p2a: Ferrothorn
|-heal|p2a: Ferrothorn|100/100|[silent]
|upkeep
|turn|6
|inactive|yeshahR has 120 seconds left.
|
|t:|1657822948
|move|p1a: Scizor|Swords Dance|p1a: Scizor
|-boost|p1a: Scizor|atk|2
|move|p2a: Ferrothorn|Knock Off|p1a: Scizor
|-damage|p1a: Scizor|51/100
|
|-damage|p1a: Scizor|38/100|[from] Leech Seed|[of] p2a: Ferrothorn
|upkeep
|turn|7
|j| CorvusSumten
|j|%ian_yo
|inactive|yeshahR has 120 seconds left.
|
|t:|1657822953
|move|p1a: Scizor|Roost|p1a: Scizor
|-heal|p1a: Scizor|89/100
|-singleturn|p1a: Scizor|move: Roost
|move|p2a: Ferrothorn|Knock Off|p1a: Scizor
|-damage|p1a: Scizor|73/100
|
|-damage|p1a: Scizor|61/100|[from] Leech Seed|[of] p2a: Ferrothorn
|upkeep
|turn|8
|
|t:|1657822958
|move|p1a: Scizor|Swords Dance|p1a: Scizor
|-boost|p1a: Scizor|atk|2
|move|p2a: Ferrothorn|Knock Off|p1a: Scizor
|-damage|p1a: Scizor|47/100
|
|-damage|p1a: Scizor|35/100|[from] Leech Seed|[of] p2a: Ferrothorn
|upkeep
|turn|9
|
|t:|1657822960
|move|p1a: Scizor|Roost|p1a: Scizor
|-heal|p1a: Scizor|85/100
|-singleturn|p1a: Scizor|move: Roost
|move|p2a: Ferrothorn|Knock Off|p1a: Scizor
|-damage|p1a: Scizor|70/100
|
|-damage|p1a: Scizor|58/100|[from] Leech Seed|[of] p2a: Ferrothorn
|upkeep
|turn|10
|
|t:|1657822962
|move|p1a: Scizor|Roost|p1a: Scizor
|-heal|p1a: Scizor|100/100
|-singleturn|p1a: Scizor|move: Roost
|move|p2a: Ferrothorn|Knock Off|p1a: Scizor
|-damage|p1a: Scizor|86/100
|
|-damage|p1a: Scizor|74/100|[from] Leech Seed|[of] p2a: Ferrothorn
|upkeep
|turn|11
|
|t:|1657822964
|move|p1a: Scizor|U-turn|p2a: Ferrothorn
|-crit|p2a: Ferrothorn
|-damage|p2a: Ferrothorn|0 fnt
|-damage|p1a: Scizor|62/100|[from] ability: Iron Barbs|[of] p2a: Ferrothorn
|faint|p2a: Ferrothorn
|
|t:|1657822974
|switch|p1a: Mantine|Mantine, M|100/100|[from]move: U-turn
|
|upkeep
|
|t:|1657822987
|switch|p2a: Porygon-Z|Porygon-Z|100/100
|turn|12
|
|t:|1657822991
|switch|p1a: Ferrothorn|Ferrothorn, F|100/100
|-damage|p1a: Ferrothorn|95/100|[from] Stealth Rock
|move|p2a: Porygon-Z|Trick Room|p2a: Porygon-Z
|-fieldstart|move: Trick Room|[of] p2a: Porygon-Z
|
|-heal|p1a: Ferrothorn|100/100|[from] item: Leftovers
|upkeep
|turn|13
|
|t:|1657823011
|switch|p2a: Azumarill|Azumarill, F|100/100
|move|p1a: Ferrothorn|Gyro Ball|p2a: Azumarill
|-damage|p2a: Azumarill|69/100
|
|upkeep
|turn|14
|
|t:|1657823022
|switch|p2a: Porygon-Z|Porygon-Z|100/100
|move|p1a: Ferrothorn|Gyro Ball|p2a: Porygon-Z
|-damage|p2a: Porygon-Z|60/100
|
|upkeep
|turn|15
|j| Ad.... 067 ツ
|
|t:|1657823027
|move|p1a: Ferrothorn|Gyro Ball|p2a: Porygon-Z
|-damage|p2a: Porygon-Z|18/100
|-enditem|p2a: Porygon-Z|Sitrus Berry|[eat]
|-heal|p2a: Porygon-Z|42/100|[from] item: Sitrus Berry
|move|p2a: Porygon-Z|Recover|p2a: Porygon-Z
|-heal|p2a: Porygon-Z|92/100
|
|upkeep
|turn|16
|
|t:|1657823033
|move|p1a: Ferrothorn|Leech Seed|p2a: Porygon-Z
|-start|p2a: Porygon-Z|move: Leech Seed
|move|p2a: Porygon-Z|Recover|p2a: Porygon-Z
|-heal|p2a: Porygon-Z|100/100
|
|-damage|p2a: Porygon-Z|88/100|[from] Leech Seed|[of] p1a: Ferrothorn
|-fieldend|move: Trick Room
|upkeep
|turn|17
|
|t:|1657823039
|move|p2a: Porygon-Z|Tri Attack|p1a: Ferrothorn
|-resisted|p1a: Ferrothorn
|-damage|p1a: Ferrothorn|86/100
|-status|p1a: Ferrothorn|frz
|-curestatus|p1a: Ferrothorn|frz|[msg]
|move|p1a: Ferrothorn|Gyro Ball|p2a: Porygon-Z
|-damage|p2a: Porygon-Z|45/100
|
|-heal|p1a: Ferrothorn|92/100|[from] item: Leftovers
|-damage|p2a: Porygon-Z|32/100|[from] Leech Seed|[of] p1a: Ferrothorn
|-heal|p1a: Ferrothorn|100/100|[silent]
|upkeep
|turn|18
|
|t:|1657823057
|move|p2a: Porygon-Z|Recover|p2a: Porygon-Z
|-heal|p2a: Porygon-Z|82/100
|move|p1a: Ferrothorn|Spikes|p2a: Porygon-Z
|-sidestart|p2: yeshahR|Spikes
|
|-damage|p2a: Porygon-Z|70/100|[from] Leech Seed|[of] p1a: Ferrothorn
|upkeep
|turn|19
|
|t:|1657823072
|move|p1a: Ferrothorn|Spikes|p2a: Porygon-Z
|-sidestart|p2: yeshahR|Spikes
|move|p2a: Porygon-Z|Teleport|p2a: Porygon-Z
|
|t:|1657823076
|switch|p2a: Let's in the rain|Pelipper, F|100/100|[from]move: Teleport
|-weather|RainDance|[from] ability: Drizzle|[of] p2a: Let's in the rain
|
|-weather|RainDance|[upkeep]
|upkeep
|turn|20
|
|t:|1657823084
|switch|p1a: Mantine|Mantine, M|100/100
|move|p2a: Let's in the rain|Defog|p1a: Mantine
|-unboost|p1a: Mantine|evasion|1
|-sideend|p1: Pinkacross|Stealth Rock|[from] move: Defog|[of] p2a: Let's in the rain
|-sideend|p2: yeshahR|Spikes|[from] move: Defog|[of] p2a: Let's in the rain
|
|-weather|RainDance|[upkeep]
|upkeep
|turn|21
|
|t:|1657823091
|move|p1a: Mantine|Toxic|p2a: Let's in the rain
|-status|p2a: Let's in the rain|tox
|move|p2a: Let's in the rain|U-turn|p1a: Mantine
|-resisted|p1a: Mantine
|-damage|p1a: Mantine|95/100
|
|t:|1657823094
|switch|p2a: Regieleki|Regieleki|100/100|[from]move: U-turn
|
|-weather|RainDance|[upkeep]
|upkeep
|turn|22
|
|t:|1657823101
|switch|p1a: Seismitoad|Seismitoad, F|100/100
|move|p2a: Regieleki|Ancient Power|p1a: Seismitoad
|-resisted|p1a: Seismitoad
|-damage|p1a: Seismitoad|92/100
|
|-weather|RainDance|[upkeep]
|-heal|p1a: Seismitoad|98/100|[from] item: Leftovers
|upkeep
|turn|23
|
|t:|1657823112
|switch|p2a: Porygon-Z|Porygon-Z|70/100
|move|p1a: Seismitoad|Stealth Rock|p2a: Porygon-Z
|-sidestart|p2: yeshahR|move: Stealth Rock
|
|-weather|RainDance|[upkeep]
|-heal|p1a: Seismitoad|100/100|[from] item: Leftovers
|upkeep
|turn|24
|
|t:|1657823124
|move|p1a: Seismitoad|Toxic|p2a: Porygon-Z
|-status|p2a: Porygon-Z|tox
|move|p2a: Porygon-Z|Tri Attack|p1a: Seismitoad
|-damage|p1a: Seismitoad|47/100
|-status|p1a: Seismitoad|brn
|
|-weather|RainDance|[upkeep]
|-heal|p1a: Seismitoad|53/100 brn|[from] item: Leftovers
|-damage|p2a: Porygon-Z|64/100 tox|[from] psn
|-damage|p1a: Seismitoad|47/100 brn|[from] brn
|upkeep
|turn|25
|
|t:|1657823128
|move|p1a: Seismitoad|Protect|p1a: Seismitoad
|-singleturn|p1a: Seismitoad|Protect
|move|p2a: Porygon-Z|Recover|p2a: Porygon-Z
|-heal|p2a: Porygon-Z|100/100 tox
|
|-weather|RainDance|[upkeep]
|-heal|p1a: Seismitoad|53/100 brn|[from] item: Leftovers
|-damage|p2a: Porygon-Z|88/100 tox|[from] psn
|-damage|p1a: Seismitoad|47/100 brn|[from] brn
|upkeep
|turn|26
|
|t:|1657823133
|switch|p1a: Ferrothorn|Ferrothorn, F|100/100
|switch|p2a: Let's in the rain|Pelipper, F|100/100 tox
|-damage|p2a: Let's in the rain|76/100 tox|[from] Stealth Rock
|
|-weather|none
|-damage|p2a: Let's in the rain|70/100 tox|[from] psn
|upkeep
|turn|27
|
|t:|1657823137
|move|p2a: Let's in the rain|Defog|p1a: Ferrothorn
|-unboost|p1a: Ferrothorn|evasion|1
|-sideend|p2: yeshahR|Stealth Rock|[from] move: Defog|[of] p2a: Let's in the rain
|move|p1a: Ferrothorn|Spikes|p2a: Let's in the rain
|-sidestart|p2: yeshahR|Spikes
|
|-damage|p2a: Let's in the rain|57/100 tox|[from] psn
|upkeep
|turn|28
|
|t:|1657823145
|move|p2a: Let's in the rain|Roost|p2a: Let's in the rain
|-heal|p2a: Let's in the rain|100/100 tox
|-singleturn|p2a: Let's in the rain|move: Roost
|move|p1a: Ferrothorn|Spikes|p2a: Let's in the rain
|-sidestart|p2: yeshahR|Spikes
|
|-damage|p2a: Let's in the rain|82/100 tox|[from] psn
|upkeep
|turn|29
|
|t:|1657823148
|move|p2a: Let's in the rain|Defog|p1a: Ferrothorn
|-unboost|p1a: Ferrothorn|evasion|1
|-sideend|p2: yeshahR|Spikes|[from] move: Defog|[of] p2a: Let's in the rain
|move|p1a: Ferrothorn|Spikes|p2a: Let's in the rain
|-sidestart|p2: yeshahR|Spikes
|
|-damage|p2a: Let's in the rain|57/100 tox|[from] psn
|upkeep
|turn|30
|
|t:|1657823152
|switch|p2a: Porygon-Z|Porygon-Z|88/100 tox
|-damage|p2a: Porygon-Z|76/100 tox|[from] Spikes
|move|p1a: Ferrothorn|Spikes|p2a: Porygon-Z
|-sidestart|p2: yeshahR|Spikes
|
|-damage|p2a: Porygon-Z|70/100 tox|[from] psn
|upkeep
|turn|31
|
|t:|1657823162
|switch|p1a: Scizor|Scizor, F|62/100
|move|p2a: Porygon-Z|Trick Room|p2a: Porygon-Z
|-fieldstart|move: Trick Room|[of] p2a: Porygon-Z
|
|-damage|p2a: Porygon-Z|57/100 tox|[from] psn
|upkeep
|turn|32
|
|t:|1657823166
|move|p1a: Scizor|U-turn|p2a: Porygon-Z
|-damage|p2a: Porygon-Z|23/100 tox
|
|t:|1657823170
|switch|p1a: Ferrothorn|Ferrothorn, F|100/100|[from]move: U-turn
|move|p2a: Porygon-Z|Teleport|p2a: Porygon-Z
|
|t:|1657823187
|switch|p2a: Azumarill|Azumarill, F|69/100|[from]move: Teleport
|-damage|p2a: Azumarill|53/100|[from] Spikes
|
|upkeep
|turn|33
|inactive|yeshahR has 120 seconds left.
|
|t:|1657823216
|move|p1a: Ferrothorn|Gyro Ball|p2a: Azumarill
|-damage|p2a: Azumarill|21/100
|move|p2a: Azumarill|Liquidation|p1a: Ferrothorn
|-resisted|p1a: Ferrothorn
|-damage|p1a: Ferrothorn|79/100
|-damage|p2a: Azumarill|9/100|[from] ability: Iron Barbs|[of] p1a: Ferrothorn
|
|-heal|p1a: Ferrothorn|85/100|[from] item: Leftovers
|upkeep
|turn|34
|l| Oshee-Gone Fishing
|
|t:|1657823223
|move|p2a: Azumarill|Aqua Jet|p1a: Ferrothorn
|-resisted|p1a: Ferrothorn
|-damage|p1a: Ferrothorn|75/100
|-damage|p2a: Azumarill|0 fnt|[from] ability: Iron Barbs|[of] p1a: Ferrothorn
|faint|p2a: Azumarill
|move|p1a: Ferrothorn|Gyro Ball|p2: Azumarill|[notarget]
|-fail|p1a: Ferrothorn
|
|-heal|p1a: Ferrothorn|81/100|[from] item: Leftovers
|upkeep
|
|t:|1657823228
|switch|p2a: Let's in the rain|Pelipper, F|57/100 tox
|-weather|RainDance|[from] ability: Drizzle|[of] p2a: Let's in the rain
|turn|35
|
|t:|1657823235
|switch|p1a: Tornadus|Tornadus-Therian, M|100/100
|move|p2a: Let's in the rain|Defog|p1a: Tornadus
|-unboost|p1a: Tornadus|evasion|1
|-sideend|p2: yeshahR|Spikes|[from] move: Defog|[of] p2a: Let's in the rain
|
|-weather|RainDance|[upkeep]
|-damage|p2a: Let's in the rain|51/100 tox|[from] psn
|-fieldend|move: Trick Room
|upkeep
|turn|36
|
|t:|1657823238
|move|p1a: Tornadus|Hurricane|p2a: Let's in the rain
|-damage|p2a: Let's in the rain|0 fnt
|faint|p2a: Let's in the rain
|
|-weather|RainDance|[upkeep]
|upkeep
|
|t:|1657823241
|switch|p2a: Barraskewda|Barraskewda, F|100/100
|turn|37
|
|t:|1657823249
|switch|p2a: Regieleki|Regieleki|100/100
|switch|p1a: Zapdos|Zapdos|100/100
|
|-weather|RainDance|[upkeep]
|upkeep
|turn|38
|
|t:|1657823262
|move|p2a: Regieleki|Electro Ball|p1a: Zapdos
|-damage|p1a: Zapdos|21/100
|move|p1a: Zapdos|Roost|p1a: Zapdos
|-heal|p1a: Zapdos|71/100
|-singleturn|p1a: Zapdos|move: Roost
|
|-weather|RainDance|[upkeep]
|upkeep
|turn|39
|
|t:|1657823266
|switch|p1a: Seismitoad|Seismitoad, F|47/100 brn
|move|p2a: Regieleki|Electro Ball|p1a: Seismitoad
|-immune|p1a: Seismitoad
|
|-weather|RainDance|[upkeep]
|-heal|p1a: Seismitoad|53/100 brn|[from] item: Leftovers
|-damage|p1a: Seismitoad|47/100 brn|[from] brn
|upkeep
|turn|40
|
|t:|1657823271
|switch|p2a: Porygon-Z|Porygon-Z|23/100 tox
|move|p1a: Seismitoad|Stealth Rock|p2a: Porygon-Z
|-sidestart|p2: yeshahR|move: Stealth Rock
|
|-weather|RainDance|[upkeep]
|-heal|p1a: Seismitoad|53/100 brn|[from] item: Leftovers
|-damage|p2a: Porygon-Z|17/100 tox|[from] psn
|-damage|p1a: Seismitoad|47/100 brn|[from] brn
|upkeep
|turn|41
|c|☆Pinkacross|gg
|
|t:|1657823274
|switch|p1a: Ferrothorn|Ferrothorn, F|81/100
|move|p2a: Porygon-Z|Recover|p2a: Porygon-Z
|-heal|p2a: Porygon-Z|67/100 tox
|
|-weather|RainDance|[upkeep]
|-heal|p1a: Ferrothorn|87/100|[from] item: Leftovers
|-damage|p2a: Porygon-Z|55/100 tox|[from] psn
|upkeep
|turn|42
|c|☆yeshahR|lmao i lost at turn 30 something cuz i sac my peli
|
|t:|1657823293
|switch|p1a: Scizor|Scizor, F|62/100
|move|p2a: Porygon-Z|Tri Attack|p1a: Scizor
|-resisted|p1a: Scizor
|-damage|p1a: Scizor|44/100
|
|-weather|none
|-damage|p2a: Porygon-Z|36/100 tox|[from] psn
|upkeep
|turn|43
|
|t:|1657823298
|move|p2a: Porygon-Z|Tri Attack|p1a: Scizor
|-resisted|p1a: Scizor
|-damage|p1a: Scizor|24/100
|move|p1a: Scizor|U-turn|p2a: Porygon-Z
|-damage|p2a: Porygon-Z|2/100 tox
|
|t:|1657823303
|switch|p1a: Ferrothorn|Ferrothorn, F|87/100|[from]move: U-turn
|
|-heal|p1a: Ferrothorn|93/100|[from] item: Leftovers
|-damage|p2a: Porygon-Z|0 fnt|[from] psn
|faint|p2a: Porygon-Z
|upkeep
|
|t:|1657823307
|switch|p2a: Barraskewda|Barraskewda, F|100/100
|-damage|p2a: Barraskewda|88/100|[from] Stealth Rock
|turn|44
|
|t:|1657823310
|move|p1a: Ferrothorn|Protect|p1a: Ferrothorn
|-singleturn|p1a: Ferrothorn|Protect
|move|p2a: Barraskewda|Close Combat|p1a: Ferrothorn
|-activate|p1a: Ferrothorn|move: Protect
|
|-heal|p1a: Ferrothorn|99/100|[from] item: Leftovers
|upkeep
|turn|45
|
|t:|1657823314
|switch|p2a: Regieleki|Regieleki|100/100
|-damage|p2a: Regieleki|88/100|[from] Stealth Rock
|switch|p1a: Zapdos|Zapdos|71/100
|
|upkeep
|turn|46
|
|t:|1657823318
|switch|p2a: Barraskewda|Barraskewda, F|88/100
|-damage|p2a: Barraskewda|76/100|[from] Stealth Rock
|switch|p1a: Scizor|Scizor, F|24/100
|
|upkeep
|turn|47
|
|t:|1657823322
|switch|p1a: Zapdos|Zapdos|71/100
|move|p2a: Barraskewda|Flip Turn|p1a: Zapdos
|-damage|p1a: Zapdos|37/100
|
|t:|1657823324
|switch|p2a: Regieleki|Regieleki|88/100|[from]move: Flip Turn
|-damage|p2a: Regieleki|76/100|[from] Stealth Rock
|
|upkeep
|turn|48
|
|t:|1657823328
|switch|p1a: Scizor|Scizor, F|24/100
|move|p2a: Regieleki|Electro Ball|p1a: Scizor
|-damage|p1a: Scizor|0 fnt
|faint|p1a: Scizor
|
|upkeep
|
|t:|1657823332
|switch|p1a: Seismitoad|Seismitoad, F|47/100 brn
|turn|49
|
|t:|1657823334
|switch|p2a: Barraskewda|Barraskewda, F|76/100
|-damage|p2a: Barraskewda|64/100|[from] Stealth Rock
|move|p1a: Seismitoad|Toxic|p2a: Barraskewda
|-status|p2a: Barraskewda|tox
|
|-heal|p1a: Seismitoad|53/100 brn|[from] item: Leftovers
|-damage|p2a: Barraskewda|58/100 tox|[from] psn
|-damage|p1a: Seismitoad|47/100 brn|[from] brn
|upkeep
|turn|50
|l| stornila
|
|t:|1657823339
|move|p1a: Seismitoad|Protect|p1a: Seismitoad
|-singleturn|p1a: Seismitoad|Protect
|move|p2a: Barraskewda|Crunch|p1a: Seismitoad
|-activate|p1a: Seismitoad|move: Protect
|
|-heal|p1a: Seismitoad|53/100 brn|[from] item: Leftovers
|-damage|p2a: Barraskewda|46/100 tox|[from] psn
|-damage|p1a: Seismitoad|47/100 brn|[from] brn
|upkeep
|turn|51
|
|t:|1657823342
|switch|p1a: Zapdos|Zapdos|37/100
|move|p2a: Barraskewda|Crunch|p1a: Zapdos
|-damage|p1a: Zapdos|7/100
|
|-damage|p2a: Barraskewda|27/100 tox|[from] psn
|upkeep
|turn|52
|
|t:|1657823345
|move|p2a: Barraskewda|Crunch|p1a: Zapdos
|-damage|p1a: Zapdos|0 fnt
|faint|p1a: Zapdos
|
|-damage|p2a: Barraskewda|3/100 tox|[from] psn
|upkeep
|
|t:|1657823348
|switch|p1a: Tornadus|Tornadus-Therian, M|100/100
|turn|53
|
|t:|1657823350
|move|p2a: Barraskewda|Crunch|p1a: Tornadus
|-damage|p1a: Tornadus|41/100
|move|p1a: Tornadus|U-turn|p2a: Barraskewda
|-damage|p2a: Barraskewda|0 fnt
|faint|p2a: Barraskewda
|
|t:|1657823352
|switch|p1a: Seismitoad|Seismitoad, F|47/100 brn|[from]move: U-turn
|
|-heal|p1a: Seismitoad|53/100 brn|[from] item: Leftovers
|-damage|p1a: Seismitoad|47/100 brn|[from] brn
|upkeep
|
|t:|1657823354
|switch|p2a: Regieleki|Regieleki|76/100
|-damage|p2a: Regieleki|64/100|[from] Stealth Rock
|turn|54
|
|t:|1657823356
|move|p2a: Regieleki|Ancient Power|p1a: Seismitoad
|-resisted|p1a: Seismitoad
|-damage|p1a: Seismitoad|38/100 brn
|move|p1a: Seismitoad|Toxic|p2a: Regieleki|[miss]
|-miss|p1a: Seismitoad|p2a: Regieleki
|
|-heal|p1a: Seismitoad|44/100 brn|[from] item: Leftovers
|-damage|p1a: Seismitoad|38/100 brn|[from] brn
|upkeep
|turn|55
|c|☆yeshahR|gg
|-message|yeshahR forfeited.
|
|win|Pinkacross
|n|☆Pinkacross|pinkacross
|n|☆yeshahR|yeshahr
|n| CorvusSumten|corvussumten
|n| ian_yo|ianyo
|n| Ad.... 067 ツ|ad067
|c|☆Pinkacross|gg
