|j|☆yung_iznamakin
|j|☆royalgala
|t:|1654675406
|gametype|singles
|player|p1|yung_iznamakin|viola|1696
|player|p2|royalgala|red-gen2|1695
|teamsize|p1|6
|teamsize|p2|6
|gen|8
|tier|[Gen 8] OU
|rated|
|rule|Sleep Clause Mod: Limit one foe put to sleep
|rule|Species Clause: Limit one of each Pokémon
|rule|OHKO Clause: OHKO moves are banned
|rule|Evasion Moves Clause: Evasion moves are banned
|rule|Endless Battle Clause: Forcing endless battles is banned
|rule|HP Percentage Mod: HP is shown in percentages
|rule|Dynamax Clause: You cannot dynamax
|clearpoke
|poke|p1|Landorus-Therian, M|
|poke|p1|Zapdos|
|poke|p1|Victini|
|poke|p1|Tapu Lele|
|poke|p1|Ferrothorn, F|
|poke|p1|Tyranitar, F|
|poke|p2|Gastrodon-East, F|
|poke|p2|Bewear, F|
|poke|p2|Rillaboom, M|
|poke|p2|Heatran, M|
|poke|p2|Gardevoir, F|
|poke|p2|Tornadus-Therian, M|
|teampreview
|inactive|Battle timer is ON: inactive players will automatically lose when time's up. (requested by royalgala)
|inactive|royalgala has 120 seconds left.
|
|t:|1654675451
|start
|switch|p1a: Landorus|Landorus-Therian, M|100/100
|switch|p2a: Gardevoir|Gardevoir, F, shiny|100/100
|-ability|p2a: Gardevoir|Intimidate|[from] ability: Trace|[of] p1a: Landorus
|-ability|p2a: Gardevoir|Intimidate|boost
|-unboost|p1a: Landorus|atk|1
|-ability|p1a: Landorus|Intimidate|boost
|-unboost|p2a: Gardevoir|atk|1
|turn|1
|
|t:|1654675454
|move|p2a: Gardevoir|Moonblast|p1a: Landorus
|-damage|p1a: Landorus|47/100
|-unboost|p1a: Landorus|spa|1
|move|p1a: Landorus|Stealth Rock|p2a: Gardevoir
|-sidestart|p2: royalgala|move: Stealth Rock
|
|-heal|p1a: Landorus|53/100|[from] item: Leftovers
|upkeep
|turn|2
|
|t:|1654675460
|switch|p1a: Ferrothorn|Ferrothorn, F|100/100
|move|p2a: Gardevoir|Moonblast|p1a: Ferrothorn
|-resisted|p1a: Ferrothorn
|-damage|p1a: Ferrothorn|70/100
|-unboost|p1a: Ferrothorn|spa|1
|
|-heal|p1a: Ferrothorn|76/100|[from] item: Leftovers
|upkeep
|turn|3
|
|t:|1654675462
|switch|p2a: Heatran|Heatran, M|100/100
|-damage|p2a: Heatran|88/100|[from] Stealth Rock
|move|p1a: Ferrothorn|Knock Off|p2a: Heatran
|-damage|p2a: Heatran|70/100
|-enditem|p2a: Heatran|Leftovers|[from] move: Knock Off|[of] p1a: Ferrothorn
|
|-heal|p1a: Ferrothorn|82/100|[from] item: Leftovers
|upkeep
|turn|4
|
|t:|1654675465
|switch|p1a: Landorus|Landorus-Therian, M|53/100
|-ability|p1a: Landorus|Intimidate|boost
|-unboost|p2a: Heatran|atk|1
|move|p2a: Heatran|Magma Storm|p1a: Landorus
|-damage|p1a: Landorus|22/100
|-activate|p1a: Landorus|move: Magma Storm|[of] p2a: Heatran
|
|-heal|p1a: Landorus|28/100|[from] item: Leftovers
|-damage|p1a: Landorus|16/100|[from] move: Magma Storm|[partiallytrapped]
|upkeep
|turn|5
|
|t:|1654675468
|switch|p2a: Tornadus|Tornadus-Therian, M|100/100
|move|p1a: Landorus|Earthquake|p2a: Tornadus
|-immune|p2a: Tornadus
|
|-heal|p1a: Landorus|22/100|[from] item: Leftovers
|-end|p1a: Landorus|Magma Storm|[partiallytrapped]|[silent]
|upkeep
|turn|6
|
|t:|1654675471
|move|p2a: Tornadus|Hurricane|p1a: Landorus
|-damage|p1a: Landorus|0 fnt
|faint|p1a: Landorus
|
|upkeep
|
|t:|1654675473
|switch|p1a: Tapu Lele|Tapu Lele|100/100
|-fieldstart|move: Psychic Terrain|[from] ability: Psychic Surge|[of] p1a: Tapu Lele
|turn|7
|
|t:|1654675478
|move|p1a: Tapu Lele|Future Sight|p2a: Tornadus
|-start|p1a: Tapu Lele|move: Future Sight
|move|p2a: Tornadus|U-turn|p1a: Tapu Lele
|-damage|p1a: Tapu Lele|76/100
|
|t:|1654675483
|switch|p2a: Gardevoir|Gardevoir, F, shiny|100/100|[from]move: U-turn
|-damage|p2a: Gardevoir|88/100|[from] Stealth Rock
|-ability|p2a: Gardevoir|Psychic Surge|[from] ability: Trace|[of] p1a: Tapu Lele
|
|upkeep
|turn|8
|
|t:|1654675493
|switch|p1a: Victini|Victini|100/100
|move|p2a: Gardevoir|Moonblast|p1a: Victini
|-resisted|p1a: Victini
|-damage|p1a: Victini|65/100
|
|upkeep
|turn|9
|
|t:|1654675496
|switch|p2a: Heatran|Heatran, M|70/100
|-damage|p2a: Heatran|58/100|[from] Stealth Rock
|move|p1a: Victini|V-create|p2a: Heatran
|-start|p2a: Heatran|ability: Flash Fire
|
|-end|p2a: Heatran|move: Future Sight
|-resisted|p2a: Heatran
|-damage|p2a: Heatran|29/100
|upkeep
|turn|10
|
|t:|1654675500
|move|p1a: Victini|Bolt Strike|p2a: Heatran
|-damage|p2a: Heatran|0 fnt
|faint|p2a: Heatran
|
|upkeep
|
|t:|1654675504
|switch|p2a: Gastrodon|Gastrodon-East, F|100/100
|-damage|p2a: Gastrodon|94/100|[from] Stealth Rock
|turn|11
|
|t:|1654675508
|move|p1a: Victini|U-turn|p2a: Gastrodon
|-damage|p2a: Gastrodon|76/100
|
|t:|1654675511
|switch|p1a: Ferrothorn|Ferrothorn, F|82/100|[from]move: U-turn
|move|p2a: Gastrodon|Scald|p1a: Ferrothorn
|-resisted|p1a: Ferrothorn
|-damage|p1a: Ferrothorn|70/100
|-status|p1a: Ferrothorn|brn
|
|-heal|p2a: Gastrodon|82/100|[from] item: Leftovers
|-heal|p1a: Ferrothorn|76/100 brn|[from] item: Leftovers
|-damage|p1a: Ferrothorn|70/100 brn|[from] brn
|-fieldend|move: Psychic Terrain
|upkeep
|turn|12
|
|t:|1654675517
|switch|p2a: Tornadus|Tornadus-Therian, M|100/100
|move|p1a: Ferrothorn|Knock Off|p2a: Tornadus
|-damage|p2a: Tornadus|87/100
|-enditem|p2a: Tornadus|Heavy-Duty Boots|[from] move: Knock Off|[of] p1a: Ferrothorn
|
|-heal|p1a: Ferrothorn|76/100 brn|[from] item: Leftovers
|-damage|p1a: Ferrothorn|70/100 brn|[from] brn
|upkeep
|turn|13
|
|t:|1654675519
|move|p2a: Tornadus|Defog|p1a: Ferrothorn
|-unboost|p1a: Ferrothorn|evasion|1
|-sideend|p2: royalgala|Stealth Rock|[from] move: Defog|[of] p2a: Tornadus
|move|p1a: Ferrothorn|Thunder Wave|p2a: Tornadus
|-status|p2a: Tornadus|par
|
|-heal|p1a: Ferrothorn|76/100 brn|[from] item: Leftovers
|-damage|p1a: Ferrothorn|70/100 brn|[from] brn
|upkeep
|turn|14
|
|t:|1654675522
|move|p2a: Tornadus|Heat Wave|p1a: Ferrothorn
|-supereffective|p1a: Ferrothorn
|-damage|p1a: Ferrothorn|0 fnt
|faint|p1a: Ferrothorn
|
|upkeep
|
|t:|1654675525
|switch|p1a: Victini|Victini|65/100
|turn|15
|j| angrrry
|
|t:|1654675527
|switch|p2a: Gastrodon|Gastrodon-East, F|82/100
|move|p1a: Victini|U-turn|p2a: Gastrodon
|-damage|p2a: Gastrodon|62/100
|
|t:|1654675532
|switch|p1a: Tyranitar|Tyranitar, F|100/100|[from]move: U-turn
|-weather|Sandstorm|[from] ability: Sand Stream|[of] p1a: Tyranitar
|
|-weather|Sandstorm|[upkeep]
|-heal|p2a: Gastrodon|68/100|[from] item: Leftovers
|upkeep
|turn|16
|
|t:|1654675535
|move|p1a: Tyranitar|Crunch|p2a: Gastrodon
|-damage|p2a: Gastrodon|6/100
|move|p2a: Gastrodon|Recover|p2a: Gastrodon
|-heal|p2a: Gastrodon|56/100
|
|-weather|Sandstorm|[upkeep]
|-heal|p2a: Gastrodon|62/100|[from] item: Leftovers
|upkeep
|turn|17
|
|t:|1654675538
|switch|p2a: Bewear|Bewear, F|100/100
|move|p1a: Tyranitar|Crunch|p2a: Bewear
|-resisted|p2a: Bewear
|-damage|p2a: Bewear|87/100
|
|-weather|Sandstorm|[upkeep]
|-damage|p2a: Bewear|81/100|[from] Sandstorm
|-heal|p2a: Bewear|87/100|[from] item: Leftovers
|upkeep
|turn|18
|
|t:|1654675541
|switch|p1a: Zapdos|Zapdos|100/100
|move|p2a: Bewear|Substitute|p2a: Bewear
|-start|p2a: Bewear|Substitute
|-damage|p2a: Bewear|63/100
|
|-weather|Sandstorm|[upkeep]
|-damage|p1a: Zapdos|94/100|[from] Sandstorm
|-damage|p2a: Bewear|56/100|[from] Sandstorm
|-heal|p2a: Bewear|63/100|[from] item: Leftovers
|upkeep
|turn|19
|
|t:|1654675548
|move|p1a: Zapdos|Heat Wave|p2a: Bewear
|-end|p2a: Bewear|Substitute
|move|p2a: Bewear|Drain Punch|p1a: Zapdos
|-resisted|p1a: Zapdos
|-damage|p1a: Zapdos|79/100
|-heal|p2a: Bewear|69/100|[from] drain|[of] p1a: Zapdos
|
|-weather|none
|-heal|p2a: Bewear|75/100|[from] item: Leftovers
|upkeep
|turn|20
|
|t:|1654675551
|switch|p2a: Gastrodon|Gastrodon-East, F|62/100
|move|p1a: Zapdos|Volt Switch|p2a: Gastrodon
|-immune|p2a: Gastrodon
|
|-heal|p2a: Gastrodon|68/100|[from] item: Leftovers
|upkeep
|turn|21
|
|t:|1654675555
|switch|p1a: Tyranitar|Tyranitar, F|100/100
|-weather|Sandstorm|[from] ability: Sand Stream|[of] p1a: Tyranitar
|move|p2a: Gastrodon|Toxic|p1a: Tyranitar
|-status|p1a: Tyranitar|tox
|
|-weather|Sandstorm|[upkeep]
|-heal|p2a: Gastrodon|74/100|[from] item: Leftovers
|-damage|p1a: Tyranitar|94/100 tox|[from] psn
|upkeep
|turn|22
|
|t:|1654675558
|move|p1a: Tyranitar|Crunch|p2a: Gastrodon
|-damage|p2a: Gastrodon|8/100
|move|p2a: Gastrodon|Recover|p2a: Gastrodon
|-heal|p2a: Gastrodon|58/100
|
|-weather|Sandstorm|[upkeep]
|-heal|p2a: Gastrodon|64/100|[from] item: Leftovers
|-damage|p1a: Tyranitar|82/100 tox|[from] psn
|upkeep
|turn|23
|
|t:|1654675560
|switch|p2a: Bewear|Bewear, F|75/100
|move|p1a: Tyranitar|Crunch|p2a: Bewear
|-resisted|p2a: Bewear
|-damage|p2a: Bewear|62/100
|
|-weather|Sandstorm|[upkeep]
|-damage|p2a: Bewear|56/100|[from] Sandstorm
|-heal|p2a: Bewear|62/100|[from] item: Leftovers
|-damage|p1a: Tyranitar|63/100 tox|[from] psn
|upkeep
|turn|24
|
|t:|1654675564
|switch|p1a: Zapdos|Zapdos|79/100
|move|p2a: Bewear|Drain Punch|p1a: Zapdos
|-resisted|p1a: Zapdos
|-damage|p1a: Zapdos|66/100
|-heal|p2a: Bewear|68/100|[from] drain|[of] p1a: Zapdos
|
|-weather|Sandstorm|[upkeep]
|-damage|p1a: Zapdos|60/100|[from] Sandstorm
|-damage|p2a: Bewear|62/100|[from] Sandstorm
|-heal|p2a: Bewear|68/100|[from] item: Leftovers
|upkeep
|turn|25
|
|t:|1654675566
|switch|p2a: Gastrodon|Gastrodon-East, F|64/100
|move|p1a: Zapdos|Roost|p1a: Zapdos
|-heal|p1a: Zapdos|100/100
|-singleturn|p1a: Zapdos|move: Roost
|
|-weather|none
|-heal|p2a: Gastrodon|70/100|[from] item: Leftovers
|upkeep
|turn|26
|
|t:|1654675570
|switch|p1a: Tapu Lele|Tapu Lele|76/100
|-fieldstart|move: Psychic Terrain|[from] ability: Psychic Surge|[of] p1a: Tapu Lele
|move|p2a: Gastrodon|Recover|p2a: Gastrodon
|-heal|p2a: Gastrodon|100/100
|
|upkeep
|turn|27
|
|t:|1654675573
|move|p1a: Tapu Lele|Future Sight|p2a: Gastrodon
|-start|p1a: Tapu Lele|move: Future Sight
|move|p2a: Gastrodon|Toxic|p1a: Tapu Lele
|-status|p1a: Tapu Lele|tox
|
|-damage|p1a: Tapu Lele|70/100 tox|[from] psn
|upkeep
|turn|28
|
|t:|1654675575
|switch|p1a: Tyranitar|Tyranitar, F|63/100 tox
|-weather|Sandstorm|[from] ability: Sand Stream|[of] p1a: Tyranitar
|move|p2a: Gastrodon|Scald|p1a: Tyranitar
|-supereffective|p1a: Tyranitar
|-damage|p1a: Tyranitar|32/100 tox
|
|-weather|Sandstorm|[upkeep]
|-damage|p1a: Tyranitar|25/100 tox|[from] psn
|upkeep
|turn|29
|
|t:|1654675581
|switch|p2a: Tornadus|Tornadus-Therian, M|100/100 par
|move|p1a: Tyranitar|Crunch|p2a: Tornadus
|-damage|p2a: Tornadus|11/100 par
|-unboost|p2a: Tornadus|def|1
|
|-weather|Sandstorm|[upkeep]
|-damage|p2a: Tornadus|5/100 par|[from] Sandstorm
|-end|p2a: Tornadus|move: Future Sight
|-damage|p2a: Tornadus|0 fnt
|faint|p2a: Tornadus
|-damage|p1a: Tyranitar|13/100 tox|[from] psn
|upkeep
|
|t:|1654675592
|switch|p2a: Rillaboom|Rillaboom, M|100/100
|-fieldstart|move: Grassy Terrain|[from] ability: Grassy Surge|[of] p2a: Rillaboom
|turn|30
|
|t:|1654675597
|switch|p1a: Zapdos|Zapdos|100/100
|move|p2a: Rillaboom|Wood Hammer|p1a: Zapdos
|-resisted|p1a: Zapdos
|-damage|p1a: Zapdos|50/100
|-damage|p2a: Rillaboom|82/100|[from] Recoil
|
|-weather|Sandstorm|[upkeep]
|-damage|p1a: Zapdos|44/100|[from] Sandstorm
|-damage|p2a: Rillaboom|76/100|[from] Sandstorm
|-heal|p2a: Rillaboom|82/100|[from] Grassy Terrain
|upkeep
|turn|31
|
|t:|1654675613
|switch|p1a: Tyranitar|Tyranitar, F|13/100 tox
|switch|p2a: Gastrodon|Gastrodon-East, F|100/100
|
|-weather|Sandstorm|[upkeep]
|-heal|p1a: Tyranitar|19/100 tox|[from] Grassy Terrain
|-damage|p1a: Tyranitar|13/100 tox|[from] psn
|upkeep
|turn|32
|
|t:|1654675615
|move|p1a: Tyranitar|Crunch|p2a: Gastrodon
|-damage|p2a: Gastrodon|39/100
|move|p2a: Gastrodon|Recover|p2a: Gastrodon
|-heal|p2a: Gastrodon|89/100
|
|-weather|none
|-heal|p1a: Tyranitar|19/100 tox|[from] Grassy Terrain
|-heal|p2a: Gastrodon|95/100|[from] Grassy Terrain
|-heal|p2a: Gastrodon|100/100|[from] item: Leftovers
|-damage|p1a: Tyranitar|7/100 tox|[from] psn
|upkeep
|turn|33
|
|t:|1654675618
|switch|p2a: Bewear|Bewear, F|68/100
|move|p1a: Tyranitar|Crunch|p2a: Bewear
|-resisted|p2a: Bewear
|-damage|p2a: Bewear|56/100
|-unboost|p2a: Bewear|def|1
|
|-heal|p1a: Tyranitar|13/100 tox|[from] Grassy Terrain
|-heal|p2a: Bewear|62/100|[from] Grassy Terrain
|-heal|p2a: Bewear|68/100|[from] item: Leftovers
|-damage|p1a: Tyranitar|0 fnt|[from] psn
|faint|p1a: Tyranitar
|upkeep
|
|t:|1654675622
|switch|p1a: Victini|Victini|65/100
|turn|34
|
|t:|1654675624
|switch|p2a: Gastrodon|Gastrodon-East, F|100/100
|move|p1a: Victini|V-create|p2a: Gastrodon
|-resisted|p2a: Gastrodon
|-damage|p2a: Gastrodon|61/100
|-unboost|p1a: Victini|spe|1
|-unboost|p1a: Victini|def|1
|-unboost|p1a: Victini|spd|1
|
|-heal|p1a: Victini|71/100|[from] Grassy Terrain
|-heal|p2a: Gastrodon|67/100|[from] Grassy Terrain
|-heal|p2a: Gastrodon|73/100|[from] item: Leftovers
|-fieldend|move: Grassy Terrain
|upkeep
|turn|35
|
|t:|1654675629
|switch|p1a: Tapu Lele|Tapu Lele|70/100 tox
|-fieldstart|move: Psychic Terrain|[from] ability: Psychic Surge|[of] p1a: Tapu Lele
|move|p2a: Gastrodon|Toxic|p1a: Tapu Lele
|-fail|p1a: Tapu Lele|tox
|
|-heal|p2a: Gastrodon|79/100|[from] item: Leftovers
|-damage|p1a: Tapu Lele|64/100 tox|[from] psn
|upkeep
|turn|36
|
|t:|1654675632
|move|p1a: Tapu Lele|Future Sight|p2a: Gastrodon
|-start|p1a: Tapu Lele|move: Future Sight
|move|p2a: Gastrodon|Scald|p1a: Tapu Lele
|-damage|p1a: Tapu Lele|34/100 tox
|
|-heal|p2a: Gastrodon|85/100|[from] item: Leftovers
|-damage|p1a: Tapu Lele|22/100 tox|[from] psn
|upkeep
|turn|37
|
|t:|1654675636
|switch|p1a: Victini|Victini|71/100
|move|p2a: Gastrodon|Toxic|p1a: Victini
|-status|p1a: Victini|tox
|
|-heal|p2a: Gastrodon|92/100|[from] item: Leftovers
|-damage|p1a: Victini|65/100 tox|[from] psn
|upkeep
|turn|38
|
|t:|1654675641
|switch|p2a: Bewear|Bewear, F|68/100
|move|p1a: Victini|V-create|p2a: Bewear
|-damage|p2a: Bewear|7/100
|-unboost|p1a: Victini|spe|1
|-unboost|p1a: Victini|def|1
|-unboost|p1a: Victini|spd|1
|
|-end|p2a: Bewear|move: Future Sight
|-supereffective|p2a: Bewear
|-damage|p2a: Bewear|0 fnt
|faint|p2a: Bewear
|-damage|p1a: Victini|52/100 tox|[from] psn
|upkeep
|
|t:|1654675644
|switch|p2a: Gardevoir|Gardevoir, F, shiny|88/100
|-ability|p2a: Gardevoir|Victory Star|[from] ability: Trace|[of] p1a: Victini
|turn|39
|
|t:|1654675653
|switch|p1a: Zapdos|Zapdos|44/100
|move|p2a: Gardevoir|Psyshock|p1a: Zapdos
|-damage|p1a: Zapdos|0 fnt
|faint|p1a: Zapdos
|
|-fieldend|move: Psychic Terrain
|upkeep
|
|t:|1654675657
|switch|p1a: Victini|Victini|52/100 tox
|turn|40
|
|t:|1654675659
|switch|p2a: Gastrodon|Gastrodon-East, F|92/100
|move|p1a: Victini|V-create|p2a: Gastrodon
|-resisted|p2a: Gastrodon
|-damage|p2a: Gastrodon|53/100
|-unboost|p1a: Victini|spe|1
|-unboost|p1a: Victini|def|1
|-unboost|p1a: Victini|spd|1
|
|-heal|p2a: Gastrodon|59/100|[from] item: Leftovers
|-damage|p1a: Victini|46/100 tox|[from] psn
|upkeep
|turn|41
|
|t:|1654675664
|move|p1a: Victini|U-turn|p2a: Gastrodon
|-damage|p2a: Gastrodon|39/100
|
|t:|1654675666
|switch|p1a: Tapu Lele|Tapu Lele|22/100 tox|[from]move: U-turn
|-fieldstart|move: Psychic Terrain|[from] ability: Psychic Surge|[of] p1a: Tapu Lele
|move|p2a: Gastrodon|Recover|p2a: Gastrodon
|-heal|p2a: Gastrodon|89/100
|
|-heal|p2a: Gastrodon|96/100|[from] item: Leftovers
|-damage|p1a: Tapu Lele|16/100 tox|[from] psn
|upkeep
|turn|42
|
|t:|1654675669
|move|p1a: Tapu Lele|Future Sight|p2a: Gastrodon
|-start|p1a: Tapu Lele|move: Future Sight
|move|p2a: Gastrodon|Scald|p1a: Tapu Lele
|-damage|p1a: Tapu Lele|0 fnt
|faint|p1a: Tapu Lele
|
|-heal|p2a: Gastrodon|100/100|[from] item: Leftovers
|upkeep
|
|t:|1654675670
|switch|p1a: Victini|Victini|46/100 tox
|turn|43
|
|t:|1654675673
|move|p1a: Victini|Expanding Force|p2a: Gastrodon
|-damage|p2a: Gastrodon|63/100
|move|p2a: Gastrodon|Earth Power|p1a: Victini
|-supereffective|p1a: Victini
|-crit|p1a: Victini
|-damage|p1a: Victini|0 fnt
|faint|p1a: Victini
|
|win|royalgala
|raw|yung_iznamakin's rating: 1696 &rarr; <strong>1676</strong><br />(-20 for losing)
|raw|royalgala's rating: 1695 &rarr; <strong>1715</strong><br />(+20 for winning)
|l|☆yung_iznamakin
|l|☆royalgala
|j|☆royalgala
|player|p2|royalgala|red-gen2
