|j|☆stopthreat
|j|☆RogerBuster
|t:|1650513676
|gametype|singles
|player|p1|stopthreat|skier|1560
|player|p2|RogerBuster|winona|1602
|teamsize|p1|6
|teamsize|p2|6
|gen|8
|tier|[Gen 8] OU
|rated|
|rule|Sleep Clause Mod: Limit one foe put to sleep
|rule|Species Clause: Limit one of each Pokémon
|rule|OHKO Clause: OHKO moves are banned
|rule|Evasion Moves Clause: Evasion moves are banned
|rule|Endless Battle Clause: Forcing endless battles is banned
|rule|HP Percentage Mod: HP is shown in percentages
|rule|Dynamax Clause: You cannot dynamax
|clearpoke
|poke|p1|Dragapult, M|
|poke|p1|Clefable, M|
|poke|p1|Crawdaunt, M|
|poke|p1|Corviknight, M|
|poke|p1|Heatran, M|
|poke|p1|Gastrodon, F|
|poke|p2|Incineroar, F|
|poke|p2|Linoone, F|
|poke|p2|Ninetales-Alola, F|
|poke|p2|Polteageist|
|poke|p2|Kommo-o, M|
|poke|p2|Silvally-*|
|teampreview
|inactive|Battle timer is ON: inactive players will automatically lose when time's up. (requested by RogerBuster)
|
|t:|1650513686
|start
|switch|p1a: Heatran|Heatran, M|100/100
|switch|p2a: Kommo-o|Kommo-o, M|100/100
|turn|1
|
|t:|1650513694
|switch|p1a: Clefable|Clefable, M|100/100
|move|p2a: Kommo-o|Clangorous Soul|p2a: Kommo-o
|-boost|p2a: Kommo-o|atk|1
|-boost|p2a: Kommo-o|def|1
|-boost|p2a: Kommo-o|spa|1
|-boost|p2a: Kommo-o|spd|1
|-boost|p2a: Kommo-o|spe|1
|-damage|p2a: Kommo-o|68/100
|-enditem|p2a: Kommo-o|Throat Spray
|-boost|p2a: Kommo-o|spa|1|[from] item: Throat Spray
|
|upkeep
|turn|2
|
|t:|1650513704
|move|p2a: Kommo-o|Flash Cannon|p1a: Clefable
|-supereffective|p1a: Clefable
|-damage|p1a: Clefable|0 fnt
|faint|p1a: Clefable
|
|upkeep
|
|t:|1650513720
|switch|p1a: Corviknight|Corviknight, M|100/100
|-ability|p1a: Corviknight|Pressure
|turn|3
|
|t:|1650513725
|move|p2a: Kommo-o|Drain Punch|p1a: Corviknight
|-damage|p1a: Corviknight|64/100
|-heal|p2a: Kommo-o|93/100|[from] drain|[of] p1a: Corviknight
|-damage|p2a: Kommo-o|76/100|[from] item: Rocky Helmet|[of] p1a: Corviknight
|move|p1a: Corviknight|Brave Bird|p2a: Kommo-o
|-supereffective|p2a: Kommo-o
|-damage|p2a: Kommo-o|26/100
|-damage|p1a: Corviknight|52/100|[from] Recoil
|
|upkeep
|turn|4
|
|t:|1650513742
|move|p2a: Kommo-o|Clanging Scales|p1a: Corviknight
|-resisted|p1a: Corviknight
|-damage|p1a: Corviknight|19/100
|-unboost|p2a: Kommo-o|def|1
|move|p1a: Corviknight|Brave Bird|p2a: Kommo-o
|-supereffective|p2a: Kommo-o
|-damage|p2a: Kommo-o|0 fnt
|faint|p2a: Kommo-o
|-damage|p1a: Corviknight|13/100|[from] Recoil
|
|upkeep
|inactive|RogerBuster has 120 seconds left.
|
|t:|1650513763
|switch|p2a: Silvally|Silvally|100/100
|turn|5
|
|t:|1650513768
|switch|p1a: Dragapult|Dragapult, M|100/100
|move|p2a: Silvally|Fire Fang|p1a: Dragapult
|-resisted|p1a: Dragapult
|-damage|p1a: Dragapult|88/100
|
|upkeep
|turn|6
|
|t:|1650513774
|move|p1a: Dragapult|Fire Blast|p2a: Silvally
|-damage|p2a: Silvally|64/100
|move|p2a: Silvally|Parting Shot|p1a: Dragapult
|-unboost|p1a: Dragapult|atk|1
|-unboost|p1a: Dragapult|spa|1
|
|t:|1650513781
|switch|p2a: Incineroar|Incineroar, F|100/100|[from]move: Parting Shot
|-ability|p2a: Incineroar|Intimidate|boost
|-unboost|p1a: Dragapult|atk|1
|
|upkeep
|turn|7
|
|t:|1650513785
|switch|p1a: Gastrodon|Gastrodon, F|100/100
|move|p2a: Incineroar|Parting Shot|p1a: Gastrodon
|-unboost|p1a: Gastrodon|atk|1
|-unboost|p1a: Gastrodon|spa|1
|
|t:|1650513791
|switch|p2a: Ninetales|Ninetales-Alola, F|100/100|[from]move: Parting Shot
|-weather|Hail|[from] ability: Snow Warning|[of] p2a: Ninetales
|
|-weather|Hail|[upkeep]
|-damage|p1a: Gastrodon|94/100|[from] Hail
|-heal|p1a: Gastrodon|100/100|[from] item: Leftovers
|upkeep
|turn|8
|inactive|stopthreat has 120 seconds left.
|inactive|stopthreat has 90 seconds left.
|inactive|stopthreat has 60 seconds left.
|
|t:|1650513887
|switch|p1a: Heatran|Heatran, M|100/100
|move|p2a: Ninetales|Aurora Veil|p2a: Ninetales
|-sidestart|p2: RogerBuster|move: Aurora Veil
|
|-weather|Hail|[upkeep]
|-damage|p1a: Heatran|94/100|[from] Hail
|-heal|p1a: Heatran|100/100|[from] item: Leftovers
|upkeep
|turn|9
|
|t:|1650513916
|switch|p2a: Incineroar|Incineroar, F|100/100
|-ability|p2a: Incineroar|Intimidate|boost
|-unboost|p1a: Heatran|atk|1
|move|p1a: Heatran|Magma Storm|p2a: Incineroar
|-resisted|p2a: Incineroar
|-damage|p2a: Incineroar|93/100
|-activate|p2a: Incineroar|move: Magma Storm|[of] p1a: Heatran
|
|-weather|Hail|[upkeep]
|-damage|p1a: Heatran|94/100|[from] Hail
|-damage|p2a: Incineroar|87/100|[from] Hail
|-heal|p1a: Heatran|100/100|[from] item: Leftovers
|-damage|p2a: Incineroar|75/100|[from] move: Magma Storm|[partiallytrapped]
|upkeep
|turn|10
|inactive|stopthreat has 60 seconds left.
|
|t:|1650513933
|switch|p1a: Dragapult|Dragapult, M|88/100
|move|p2a: Incineroar|Parting Shot|p1a: Dragapult
|-unboost|p1a: Dragapult|atk|1
|-unboost|p1a: Dragapult|spa|1
|inactive|RogerBuster has 120 seconds left.
|
|t:|1650513947
|switch|p2a: Silvally|Silvally|64/100|[from]move: Parting Shot
|
|-weather|Hail|[upkeep]
|-damage|p1a: Dragapult|82/100|[from] Hail
|-damage|p2a: Silvally|58/100|[from] Hail
|upkeep
|turn|11
|
|t:|1650513954
|switch|p1a: Corviknight|Corviknight, M|13/100
|-ability|p1a: Corviknight|Pressure
|move|p2a: Silvally|Parting Shot|p1a: Corviknight
|-unboost|p1a: Corviknight|atk|1
|-unboost|p1a: Corviknight|spa|1
|
|t:|1650513963
|switch|p2a: Linoone|Linoone, F|100/100|[from]move: Parting Shot
|
|-weather|none
|upkeep
|turn|12
|
|t:|1650513973
|move|p2a: Linoone|Throat Chop|p1a: Corviknight
|-damage|p1a: Corviknight|0 fnt
|-damage|p2a: Linoone|84/100|[from] item: Rocky Helmet|[of] p1a: Corviknight
|faint|p1a: Corviknight
|
|upkeep
|
|t:|1650513980
|switch|p1a: Dragapult|Dragapult, M|82/100
|turn|13
|
|t:|1650513992
|switch|p2a: Incineroar|Incineroar, F|75/100
|-ability|p2a: Incineroar|Intimidate|boost
|-unboost|p1a: Dragapult|atk|1
|move|p1a: Dragapult|Fire Blast|p2a: Incineroar
|-resisted|p2a: Incineroar
|-crit|p2a: Incineroar
|-damage|p2a: Incineroar|47/100
|
|upkeep
|turn|14
|
|t:|1650514002
|switch|p1a: Gastrodon|Gastrodon, F|100/100
|move|p2a: Incineroar|Knock Off|p1a: Gastrodon
|-damage|p1a: Gastrodon|68/100
|-enditem|p1a: Gastrodon|Leftovers|[from] move: Knock Off|[of] p2a: Incineroar
|
|upkeep
|turn|15
|inactive|stopthreat has 90 seconds left.
|inactive|stopthreat has 60 seconds left.
|inactive|stopthreat has 30 seconds left.
|
|t:|1650514074
|move|p2a: Incineroar|Parting Shot|p1a: Gastrodon
|-unboost|p1a: Gastrodon|atk|1
|-unboost|p1a: Gastrodon|spa|1
|inactive|stopthreat has 30 seconds left this turn.
|
|t:|1650514081
|switch|p2a: Ninetales|Ninetales-Alola, F|100/100|[from]move: Parting Shot
|-weather|Hail|[from] ability: Snow Warning|[of] p2a: Ninetales
|move|p1a: Gastrodon|Recover|p1a: Gastrodon
|-heal|p1a: Gastrodon|100/100
|
|-weather|Hail|[upkeep]
|-damage|p1a: Gastrodon|94/100|[from] Hail
|-sideend|p2: RogerBuster|move: Aurora Veil
|upkeep
|turn|16
|
|t:|1650514090
|switch|p1a: Heatran|Heatran, M|100/100
|move|p2a: Ninetales|Aurora Veil|p2a: Ninetales
|-sidestart|p2: RogerBuster|move: Aurora Veil
|
|-weather|Hail|[upkeep]
|-damage|p1a: Heatran|94/100|[from] Hail
|-heal|p1a: Heatran|100/100|[from] item: Leftovers
|upkeep
|turn|17
|j| Narwhale37
|l| Narwhale37
|inactive|stopthreat has 30 seconds left.
|
|t:|1650514119
|switch|p2a: Incineroar|Incineroar, F|47/100
|-ability|p2a: Incineroar|Intimidate|boost
|-unboost|p1a: Heatran|atk|1
|move|p1a: Heatran|Magma Storm|p2a: Incineroar
|-resisted|p2a: Incineroar
|-damage|p2a: Incineroar|40/100
|-activate|p2a: Incineroar|move: Magma Storm|[of] p1a: Heatran
|
|-weather|Hail|[upkeep]
|-damage|p1a: Heatran|94/100|[from] Hail
|-damage|p2a: Incineroar|33/100|[from] Hail
|-heal|p1a: Heatran|100/100|[from] item: Leftovers
|-damage|p2a: Incineroar|21/100|[from] move: Magma Storm|[partiallytrapped]
|upkeep
|turn|18
|inactive|stopthreat has 30 seconds left.
|
|t:|1650514130
|move|p1a: Heatran|Protect|p1a: Heatran
|-singleturn|p1a: Heatran|Protect
|move|p2a: Incineroar|Parting Shot|p1a: Heatran
|-activate|p1a: Heatran|move: Protect
|
|-weather|Hail|[upkeep]
|-damage|p1a: Heatran|94/100|[from] Hail
|-damage|p2a: Incineroar|15/100|[from] Hail
|-heal|p1a: Heatran|100/100|[from] item: Leftovers
|-damage|p2a: Incineroar|3/100|[from] move: Magma Storm|[partiallytrapped]
|upkeep
|turn|19
|
|t:|1650514140
|move|p1a: Heatran|Earth Power|p2a: Incineroar
|-supereffective|p2a: Incineroar
|-damage|p2a: Incineroar|0 fnt
|faint|p2a: Incineroar
|
|-weather|none
|upkeep
|inactive|RogerBuster has 120 seconds left.
|
|t:|1650514171
|switch|p2a: Polteageist|Polteageist|100/100
|turn|20
|
|t:|1650514183
|move|p2a: Polteageist|Shell Smash|p2a: Polteageist
|-unboost|p2a: Polteageist|def|1
|-unboost|p2a: Polteageist|spd|1
|-boost|p2a: Polteageist|atk|2
|-boost|p2a: Polteageist|spa|2
|-boost|p2a: Polteageist|spe|2
|-enditem|p2a: Polteageist|White Herb
|-clearnegativeboost|p2a: Polteageist|[silent]
|move|p1a: Heatran|Magma Storm|p2a: Polteageist
|-damage|p2a: Polteageist|78/100
|-activate|p2a: Polteageist|move: Magma Storm|[of] p1a: Heatran
|-start|p1a: Heatran|Disable|Magma Storm|[from] ability: Cursed Body|[of] p2a: Polteageist
|
|-damage|p2a: Polteageist|65/100|[from] move: Magma Storm|[partiallytrapped]
|upkeep
|turn|21
|
|t:|1650514196
|move|p1a: Heatran|Protect|p1a: Heatran
|-singleturn|p1a: Heatran|Protect
|move|p2a: Polteageist|Shell Smash|p2a: Polteageist
|-unboost|p2a: Polteageist|def|1
|-unboost|p2a: Polteageist|spd|1
|-boost|p2a: Polteageist|atk|2
|-boost|p2a: Polteageist|spa|2
|-boost|p2a: Polteageist|spe|2
|
|-damage|p2a: Polteageist|53/100|[from] move: Magma Storm|[partiallytrapped]
|upkeep
|turn|22
|
|t:|1650514206
|move|p2a: Polteageist|Shadow Ball|p1a: Heatran
|-damage|p1a: Heatran|22/100
|move|p1a: Heatran|Earth Power|p2a: Polteageist
|-damage|p2a: Polteageist|33/100
|
|-heal|p1a: Heatran|28/100|[from] item: Leftovers
|-damage|p2a: Polteageist|20/100|[from] move: Magma Storm|[partiallytrapped]
|upkeep
|turn|23
|
|t:|1650514215
|move|p1a: Heatran|Protect|p1a: Heatran
|-singleturn|p1a: Heatran|Protect
|move|p2a: Polteageist|Shadow Ball|p1a: Heatran
|-activate|p1a: Heatran|move: Protect
|
|-heal|p1a: Heatran|34/100|[from] item: Leftovers
|-damage|p2a: Polteageist|8/100|[from] move: Magma Storm|[partiallytrapped]
|-end|p1a: Heatran|Disable
|-sideend|p2: RogerBuster|move: Aurora Veil
|upkeep
|turn|24
|
|t:|1650514226
|move|p1a: Heatran|Protect||[still]
|-fail|p1a: Heatran
|move|p2a: Polteageist|Shadow Ball|p1a: Heatran
|-damage|p1a: Heatran|0 fnt
|faint|p1a: Heatran
|
|-end|p2a: Polteageist|Magma Storm|[partiallytrapped]
|upkeep
|
|t:|1650514240
|switch|p1a: Crawdaunt|Crawdaunt, M|100/100
|turn|25
|
|t:|1650514254
|move|p1a: Crawdaunt|Aqua Jet|p2a: Polteageist
|-damage|p2a: Polteageist|0 fnt
|faint|p2a: Polteageist
|
|upkeep
|
|t:|1650514262
|switch|p2a: Ninetales|Ninetales-Alola, F|100/100
|-weather|Hail|[from] ability: Snow Warning|[of] p2a: Ninetales
|turn|26
|
|t:|1650514266
|move|p1a: Crawdaunt|Aqua Jet|p2a: Ninetales
|-damage|p2a: Ninetales|38/100
|move|p2a: Ninetales|Aurora Veil|p2a: Ninetales
|-sidestart|p2: RogerBuster|move: Aurora Veil
|
|-weather|Hail|[upkeep]
|-damage|p1a: Crawdaunt|95/100|[from] Hail
|upkeep
|turn|27
|
|t:|1650514278
|move|p1a: Crawdaunt|Aqua Jet|p2a: Ninetales
|-damage|p2a: Ninetales|6/100
|move|p2a: Ninetales|Moonblast|p1a: Crawdaunt
|-supereffective|p1a: Crawdaunt
|-damage|p1a: Crawdaunt|0 fnt
|faint|p1a: Crawdaunt
|
|-weather|Hail|[upkeep]
|upkeep
|
|t:|1650514299
|switch|p1a: Dragapult|Dragapult, M|82/100
|turn|28
|inactive|RogerBuster has 120 seconds left.
|
|t:|1650514329
|move|p1a: Dragapult|Fire Blast|p2a: Ninetales
|-supereffective|p2a: Ninetales
|-damage|p2a: Ninetales|0 fnt
|faint|p2a: Ninetales
|
|-weather|Hail|[upkeep]
|-damage|p1a: Dragapult|76/100|[from] Hail
|upkeep
|inactive|RogerBuster has 120 seconds left.
|
|t:|1650514336
|switch|p2a: Silvally|Silvally|58/100
|turn|29
|
|t:|1650514344
|switch|p1a: Gastrodon|Gastrodon, F|94/100
|move|p2a: Silvally|Parting Shot|p1a: Gastrodon
|-unboost|p1a: Gastrodon|atk|1
|-unboost|p1a: Gastrodon|spa|1
|
|t:|1650514349
|switch|p2a: Linoone|Linoone, F|84/100|[from]move: Parting Shot
|
|-weather|Hail|[upkeep]
|-damage|p2a: Linoone|78/100|[from] Hail
|-damage|p1a: Gastrodon|88/100|[from] Hail
|upkeep
|turn|30
|inactive|stopthreat has 90 seconds left.
|
|t:|1650514365
|switch|p1a: Dragapult|Dragapult, M|76/100
|move|p2a: Linoone|Belly Drum|p2a: Linoone
|-damage|p2a: Linoone|28/100
|-setboost|p2a: Linoone|atk|6|[from] move: Belly Drum
|-enditem|p2a: Linoone|Figy Berry|[eat]
|-heal|p2a: Linoone|61/100|[from] item: Figy Berry
|
|-weather|none
|upkeep
|turn|31
|
|t:|1650514373
|move|p1a: Dragapult|Draco Meteor|p2a: Linoone
|-damage|p2a: Linoone|0 fnt
|-unboost|p1a: Dragapult|spa|2
|faint|p2a: Linoone
|
|upkeep
|
|t:|1650514378
|switch|p2a: Silvally|Silvally|58/100
|turn|32
|
|t:|1650514383
|switch|p1a: Gastrodon|Gastrodon, F|88/100
|move|p2a: Silvally|Multi-Attack|p1a: Gastrodon
|-damage|p1a: Gastrodon|54/100
|
|upkeep
|turn|33
|inactive|stopthreat has 120 seconds left.
|
|t:|1650514390
|move|p2a: Silvally|Multi-Attack|p1a: Gastrodon
|-damage|p1a: Gastrodon|16/100
|move|p1a: Gastrodon|Recover|p1a: Gastrodon
|-heal|p1a: Gastrodon|66/100
|
|-sideend|p2: RogerBuster|move: Aurora Veil
|upkeep
|turn|34
|
|t:|1650514397
|move|p2a: Silvally|Multi-Attack|p1a: Gastrodon
|-damage|p1a: Gastrodon|30/100
|move|p1a: Gastrodon|Recover|p1a: Gastrodon
|-heal|p1a: Gastrodon|80/100
|
|upkeep
|turn|35
|
|t:|1650514404
|move|p2a: Silvally|Multi-Attack|p1a: Gastrodon
|-damage|p1a: Gastrodon|43/100
|move|p1a: Gastrodon|Scald|p2a: Silvally
|-damage|p2a: Silvally|38/100
|-status|p2a: Silvally|brn
|-enditem|p2a: Silvally|Sitrus Berry|[eat]
|-heal|p2a: Silvally|63/100 brn|[from] item: Sitrus Berry
|
|-damage|p2a: Silvally|57/100 brn|[from] brn
|upkeep
|turn|36
|
|t:|1650514414
|move|p2a: Silvally|Multi-Attack|p1a: Gastrodon
|-damage|p1a: Gastrodon|26/100
|move|p1a: Gastrodon|Recover|p1a: Gastrodon
|-heal|p1a: Gastrodon|76/100
|
|-damage|p2a: Silvally|50/100 brn|[from] brn
|upkeep
|turn|37
|inactive|stopthreat has 120 seconds left.
|
|t:|1650514461
|move|p2a: Silvally|Multi-Attack|p1a: Gastrodon
|-damage|p1a: Gastrodon|57/100
|move|p1a: Gastrodon|Scald|p2a: Silvally
|-damage|p2a: Silvally|29/100 brn
|
|-damage|p2a: Silvally|23/100 brn|[from] brn
|upkeep
|turn|38
|
|t:|1650514474
|move|p2a: Silvally|Multi-Attack|p1a: Gastrodon
|-damage|p1a: Gastrodon|40/100
|move|p1a: Gastrodon|Scald|p2a: Silvally
|-damage|p2a: Silvally|2/100 brn
|
|-damage|p2a: Silvally|0 fnt|[from] brn
|faint|p2a: Silvally
|
|win|stopthreat
|upkeep
|raw|stopthreat's rating: 1546 &rarr; <strong>1569</strong><br />(+23 for winning)
|raw|RogerBuster's rating: 1602 &rarr; <strong>1579</strong><br />(-23 for losing)
|j| Ctannn
|c|☆RogerBuster|gg
|l|☆stopthreat
