|j|☆Frosty Bazaar
|j|☆HOF69
|t:|1658098482
|gametype|singles
|player|p1|Frosty Bazaar|steven|1619
|player|p2|HOF69|red|1828
|teamsize|p1|6
|teamsize|p2|6
|gen|8
|tier|[Gen 8] OU
|rated|
|rule|Sleep Clause Mod: Limit one foe put to sleep
|rule|Species Clause: Limit one of each Pokémon
|rule|OHKO Clause: OHKO moves are banned
|rule|Evasion Moves Clause: Evasion moves are banned
|rule|Endless Battle Clause: Forcing endless battles is banned
|rule|HP Percentage Mod: HP is shown in percentages
|rule|Dynamax Clause: You cannot dynamax
|clearpoke
|poke|p1|Seismitoad, M|
|poke|p1|Volcanion|
|poke|p1|Zapdos|
|poke|p1|Pelipper, M|
|poke|p1|Ferrothorn, M|
|poke|p1|Crawdaunt, M|
|poke|p2|Gengar, M|
|poke|p2|Krookodile, M|
|poke|p2|Landorus-Therian, M|
|poke|p2|Kartana|
|poke|p2|Tapu Lele|
|poke|p2|Blacephalon|
|teampreview
|
|t:|1658098489
|start
|switch|p1a: Pelipper|Pelipper, M|100/100
|switch|p2a: Krookodile|Krookodile, M|100/100
|-ability|p2a: Krookodile|Intimidate|boost
|-unboost|p1a: Pelipper|atk|1
|-weather|RainDance|[from] ability: Drizzle|[of] p1a: Pelipper
|turn|1
|
|t:|1658098491
|move|p2a: Krookodile|Stealth Rock|p1a: Pelipper
|-sidestart|p1: Frosty Bazaar|move: Stealth Rock
|move|p1a: Pelipper|U-turn|p2a: Krookodile
|-supereffective|p2a: Krookodile
|-damage|p2a: Krookodile|85/100
|
|t:|1658098496
|switch|p1a: Seismitoad|Seismitoad, M|100/100|[from]move: U-turn
|-damage|p1a: Seismitoad|95/100|[from] Stealth Rock
|
|-weather|RainDance|[upkeep]
|upkeep
|turn|2
|
|t:|1658098498
|move|p1a: Seismitoad|Weather Ball|p2a: Krookodile
|-supereffective|p2a: Krookodile
|-damage|p2a: Krookodile|0 fnt
|faint|p2a: Krookodile
|
|-weather|RainDance|[upkeep]
|upkeep
|
|t:|1658098512
|switch|p2a: Gengar|Gengar, M, shiny|100/100
|turn|3
|
|t:|1658098517
|move|p1a: Seismitoad|Weather Ball|p2a: Gengar
|-enditem|p2a: Gengar|Focus Sash
|-damage|p2a: Gengar|1/100
|move|p2a: Gengar|Shadow Ball|p1a: Seismitoad
|-damage|p1a: Seismitoad|46/100
|-unboost|p1a: Seismitoad|spd|1
|
|-weather|RainDance|[upkeep]
|upkeep
|turn|4
|
|t:|1658098524
|move|p1a: Seismitoad|Weather Ball|p2a: Gengar
|-damage|p2a: Gengar|0 fnt
|-start|p1a: Seismitoad|Disable|Weather Ball|[from] ability: Cursed Body|[of] p2a: Gengar
|faint|p2a: Gengar
|
|-weather|RainDance|[upkeep]
|upkeep
|
|t:|1658098534
|switch|p2a: Kartana|Kartana|100/100
|turn|5
|j| my emoji is goat
|
|t:|1658098537
|switch|p1a: Ferrothorn|Ferrothorn, M|100/100
|-damage|p1a: Ferrothorn|94/100|[from] Stealth Rock
|move|p2a: Kartana|Swords Dance|p2a: Kartana
|-boost|p2a: Kartana|atk|2
|
|-weather|RainDance|[upkeep]
|-heal|p1a: Ferrothorn|100/100|[from] item: Leftovers
|upkeep
|turn|6
|l| my emoji is goat
|j| my emoji is goat
|
|t:|1658098543
|move|p2a: Kartana|Sacred Sword|p1a: Ferrothorn
|-supereffective|p1a: Ferrothorn
|-damage|p1a: Ferrothorn|0 fnt
|-activate|p1a: Ferrothorn|ability: Iron Barbs
|-activate|p2a: Kartana|item: Protective Pads
|faint|p1a: Ferrothorn
|-ability|p2a: Kartana|Beast Boost|boost
|-boost|p2a: Kartana|atk|1
|
|-weather|RainDance|[upkeep]
|upkeep
|
|t:|1658098554
|switch|p1a: Seismitoad|Seismitoad, M|46/100
|-damage|p1a: Seismitoad|40/100|[from] Stealth Rock
|turn|7
|
|t:|1658098576
|switch|p2a: Landorus|Landorus-Therian, M|100/100
|-ability|p2a: Landorus|Intimidate|boost
|-unboost|p1a: Seismitoad|atk|1
|move|p1a: Seismitoad|Weather Ball|p2a: Landorus
|-supereffective|p2a: Landorus
|-damage|p2a: Landorus|0 fnt
|faint|p2a: Landorus
|
|-weather|RainDance|[upkeep]
|upkeep
|
|t:|1658098583
|switch|p2a: Tapu Lele|Tapu Lele|100/100
|-fieldstart|move: Psychic Terrain|[from] ability: Psychic Surge|[of] p2a: Tapu Lele
|turn|8
|
|t:|1658098588
|move|p1a: Seismitoad|Weather Ball|p2a: Tapu Lele
|-damage|p2a: Tapu Lele|0 fnt
|faint|p2a: Tapu Lele
|
|-weather|none
|upkeep
|
|t:|1658098599
|switch|p2a: Blacephalon|Blacephalon|100/100
|turn|9
|
|t:|1658098606
|switch|p1a: Zapdos|Zapdos|100/100
|move|p2a: Blacephalon|Shadow Ball|p1a: Zapdos
|-damage|p1a: Zapdos|59/100
|
|upkeep
|turn|10
|
|t:|1658098613
|move|p2a: Blacephalon|Shadow Ball|p1a: Zapdos
|-damage|p1a: Zapdos|13/100
|move|p1a: Zapdos|U-turn|p2a: Blacephalon
|-resisted|p2a: Blacephalon
|-damage|p2a: Blacephalon|94/100
|
|t:|1658098626
|switch|p1a: Crawdaunt|Crawdaunt, M|100/100|[from]move: U-turn
|-damage|p1a: Crawdaunt|88/100|[from] Stealth Rock
|
|upkeep
|turn|11
|
|t:|1658098636
|switch|p2a: Kartana|Kartana|100/100
|move|p1a: Crawdaunt|Knock Off|p2a: Kartana
|-damage|p2a: Kartana|3/100
|-enditem|p2a: Kartana|Protective Pads|[from] move: Knock Off|[of] p1a: Crawdaunt
|-damage|p1a: Crawdaunt|78/100|[from] item: Life Orb
|
|upkeep
|turn|12
|
|t:|1658098646
|switch|p1a: Zapdos|Zapdos|13/100
|move|p2a: Kartana|Leaf Blade|p1a: Zapdos
|-resisted|p1a: Zapdos
|-damage|p1a: Zapdos|0 fnt
|faint|p1a: Zapdos
|-ability|p2a: Kartana|Beast Boost|boost
|-boost|p2a: Kartana|atk|1
|
|-fieldend|move: Psychic Terrain
|upkeep
|
|t:|1658098656
|switch|p1a: Pelipper|Pelipper, M|100/100
|-damage|p1a: Pelipper|76/100|[from] Stealth Rock
|-weather|RainDance|[from] ability: Drizzle|[of] p1a: Pelipper
|turn|13
|
|t:|1658098659
|move|p2a: Kartana|Leaf Blade|p1a: Pelipper
|-damage|p1a: Pelipper|6/100
|move|p1a: Pelipper|U-turn|p2a: Kartana
|-damage|p2a: Kartana|0 fnt
|faint|p2a: Kartana
|
|t:|1658098662
|switch|p1a: Crawdaunt|Crawdaunt, M|78/100|[from]move: U-turn
|-damage|p1a: Crawdaunt|66/100|[from] Stealth Rock
|
|-weather|RainDance|[upkeep]
|upkeep
|
|t:|1658098665
|switch|p2a: Blacephalon|Blacephalon|94/100
|turn|14
|
|t:|1658098666
|move|p1a: Crawdaunt|Aqua Jet|p2a: Blacephalon
|-supereffective|p2a: Blacephalon
|-damage|p2a: Blacephalon|0 fnt
|faint|p2a: Blacephalon
|-damage|p1a: Crawdaunt|56/100|[from] item: Life Orb
|
|win|Frosty Bazaar
|raw|Frosty Bazaar's rating: 1619 &rarr; <strong>1650</strong><br />(+31 for winning)
|raw|HOF69's rating: 1828 &rarr; <strong>1797</strong><br />(-31 for losing)
|l|☆HOF69
||Ladder isn't responding, score probably updated but might not have (Request timeout).
