|j|☆Phoenix#3
|j|☆brettfavreguilty
|t:|1665223861
|gametype|singles
|player|p1|Phoenix#3|266|1650
|player|p2|brettfavreguilty|pokemaniac|1768
|teamsize|p1|6
|teamsize|p2|6
|gen|8
|tier|[Gen 8] OU
|rated|
|rule|Sleep Clause Mod: Limit one foe put to sleep
|rule|Species Clause: Limit one of each Pokémon
|rule|OHKO Clause: OHKO moves are banned
|rule|Evasion Items Clause: Evasion items are banned
|rule|Evasion Moves Clause: Evasion moves are banned
|rule|Endless Battle Clause: Forcing endless battles is banned
|rule|HP Percentage Mod: HP is shown in percentages
|rule|Dynamax Clause: You cannot dynamax
|clearpoke
|poke|p1|Rillaboom, M|
|poke|p1|Tornadus-Therian, M|
|poke|p1|Blaziken, M|
|poke|p1|Melmetal|
|poke|p1|Garchomp, F|
|poke|p1|Buzzwole|
|poke|p2|Zapdos-Galar|
|poke|p2|Melmetal|
|poke|p2|Landorus-Therian, M|
|poke|p2|Tapu Lele|
|poke|p2|Celesteela|
|poke|p2|Volcanion|
|teampreview
|inactive|Battle timer is ON: inactive players will automatically lose when time's up. (requested by brettfavreguilty)
|
|t:|1665223873
|start
|switch|p1a: Tornadus|Tornadus-Therian, M|100/100
|switch|p2a: Volcanion|Volcanion|100/100
|turn|1
|
|t:|1665223878
|move|p1a: Tornadus|Knock Off|p2a: Volcanion
|-damage|p2a: Volcanion|79/100
|-enditem|p2a: Volcanion|Choice Specs|[from] move: Knock Off|[of] p1a: Tornadus
|move|p2a: Volcanion|Steam Eruption|p1a: Tornadus
|-damage|p1a: Tornadus|38/100
|-status|p1a: Tornadus|brn
|
|-damage|p1a: Tornadus|32/100 brn|[from] brn
|upkeep
|turn|2
|
|t:|1665223886
|move|p1a: Tornadus|U-turn|p2a: Volcanion
|-resisted|p2a: Volcanion
|-damage|p2a: Volcanion|76/100
|
|t:|1665223889
|switch|p1a: Garchomp|Garchomp, F|100/100|[from]move: U-turn
|move|p2a: Volcanion|Steam Eruption|p1a: Garchomp
|-damage|p1a: Garchomp|59/100
|-status|p1a: Garchomp|brn
|
|-heal|p1a: Garchomp|65/100 brn|[from] item: Leftovers
|-damage|p1a: Garchomp|59/100 brn|[from] brn
|upkeep
|turn|3
|
|t:|1665223899
|move|p1a: Garchomp|Toxic|p2a: Volcanion
|-status|p2a: Volcanion|tox
|move|p2a: Volcanion|Steam Eruption|p1a: Garchomp
|-damage|p1a: Garchomp|17/100 brn
|
|-heal|p1a: Garchomp|23/100 brn|[from] item: Leftovers
|-damage|p2a: Volcanion|70/100 tox|[from] psn
|-damage|p1a: Garchomp|17/100 brn|[from] brn
|upkeep
|turn|4
|
|t:|1665223908
|move|p1a: Garchomp|Protect|p1a: Garchomp
|-singleturn|p1a: Garchomp|Protect
|move|p2a: Volcanion|Steam Eruption|p1a: Garchomp
|-activate|p1a: Garchomp|move: Protect
|
|-heal|p1a: Garchomp|23/100 brn|[from] item: Leftovers
|-damage|p2a: Volcanion|58/100 tox|[from] psn
|-damage|p1a: Garchomp|17/100 brn|[from] brn
|upkeep
|turn|5
|
|t:|1665223917
|move|p1a: Garchomp|Stealth Rock|p2a: Volcanion
|-sidestart|p2: brettfavreguilty|move: Stealth Rock
|move|p2a: Volcanion|Steam Eruption|p1a: Garchomp
|-damage|p1a: Garchomp|0 fnt
|faint|p1a: Garchomp
|
|-damage|p2a: Volcanion|40/100 tox|[from] psn
|upkeep
|
|t:|1665223927
|switch|p1a: Rillaboom|Rillaboom, M|100/100
|-fieldstart|move: Grassy Terrain|[from] ability: Grassy Surge|[of] p1a: Rillaboom
|turn|6
|
|t:|1665223931
|switch|p1a: Blaziken|Blaziken, M|100/100
|move|p2a: Volcanion|Flamethrower|p1a: Blaziken
|-resisted|p1a: Blaziken
|-damage|p1a: Blaziken|67/100
|
|-heal|p2a: Volcanion|46/100 tox|[from] Grassy Terrain
|-heal|p1a: Blaziken|73/100|[from] Grassy Terrain
|-heal|p1a: Blaziken|80/100|[from] item: Leftovers
|-damage|p2a: Volcanion|22/100 tox|[from] psn
|upkeep
|turn|7
|
|t:|1665223942
|move|p2a: Volcanion|Steam Eruption|p1a: Blaziken
|-supereffective|p1a: Blaziken
|-damage|p1a: Blaziken|0 fnt
|faint|p1a: Blaziken
|
|-heal|p2a: Volcanion|28/100 tox|[from] Grassy Terrain
|-damage|p2a: Volcanion|0 fnt|[from] psn
|faint|p2a: Volcanion
|upkeep
|-message|Phoenix#3 forfeited.
|
|win|brettfavreguilty
|raw|Phoenix#3's rating: 1650 &rarr; <strong>1637</strong><br />(-13 for losing)
|raw|brettfavreguilty's rating: 1768 &rarr; <strong>1781</strong><br />(+13 for winning)
|l|☆Phoenix#3
