|j|☆CCLM
|j|☆j_albacino023
|t:|1659540187
|gametype|singles
|player|p1|CCLM|266|2019
|player|p2|j_albacino023|170|1933
|teamsize|p1|6
|teamsize|p2|6
|gen|8
|tier|[Gen 8] OU
|rated|
|rule|Sleep Clause Mod: Limit one foe put to sleep
|rule|Species Clause: Limit one of each Pokémon
|rule|OHKO Clause: OHKO moves are banned
|rule|Evasion Moves Clause: Evasion moves are banned
|rule|Endless Battle Clause: Forcing endless battles is banned
|rule|HP Percentage Mod: HP is shown in percentages
|rule|Dynamax Clause: You cannot dynamax
|clearpoke
|poke|p1|Garchomp, F|
|poke|p1|Bisharp, F|
|poke|p1|Corviknight, F|
|poke|p1|Rotom-Wash|
|poke|p1|Dragapult, M|
|poke|p1|Slowking-Galar, F|
|poke|p2|Ferrothorn, M|
|poke|p2|Rotom-Wash|
|poke|p2|Tyranitar, F|
|poke|p2|Excadrill, F|
|poke|p2|Clefable, M|
|poke|p2|Dragapult, M|
|teampreview
|
|t:|1659540200
|start
|switch|p1a: Bisharp|Bisharp, F|100/100
|switch|p2a: Dragapult|Dragapult, M|100/100
|turn|1
|
|t:|1659540205
|move|p2a: Dragapult|Flamethrower|p1a: Bisharp
|-supereffective|p1a: Bisharp
|-damage|p1a: Bisharp|26/100
|move|p1a: Bisharp|Knock Off|p2a: Dragapult
|-supereffective|p2a: Dragapult
|-damage|p2a: Dragapult|0 fnt
|-enditem|p2a: Dragapult|Choice Specs|[from] move: Knock Off|[of] p1a: Bisharp
|faint|p2a: Dragapult
|
|upkeep
|
|t:|1659540211
|switch|p2a: Rotom|Rotom-Wash|100/100
|turn|2
|
|t:|1659540214
|switch|p1a: Garchomp|Garchomp, F|100/100
|move|p2a: Rotom|Volt Switch|p1a: Garchomp
|-immune|p1a: Garchomp
|
|upkeep
|turn|3
|
|t:|1659540216
|move|p2a: Rotom|Toxic|p1a: Garchomp
|-status|p1a: Garchomp|tox
|move|p1a: Garchomp|Toxic|p2a: Rotom
|-status|p2a: Rotom|tox
|
|-damage|p2a: Rotom|94/100 tox|[from] psn
|-damage|p1a: Garchomp|94/100 tox|[from] psn
|upkeep
|turn|4
|
|t:|1659540221
|switch|p2a: Clefable|Clefable, M|100/100
|move|p1a: Garchomp|Stealth Rock|p2a: Clefable
|-sidestart|p2: j_albacino023|move: Stealth Rock
|
|-heal|p1a: Garchomp|100/100 tox|[from] item: Leftovers
|-damage|p1a: Garchomp|88/100 tox|[from] psn
|upkeep
|turn|5
|
|t:|1659540228
|switch|p1a: Rotom|Rotom-Wash|100/100
|switch|p2a: Tyranitar|Tyranitar, F|100/100
|-damage|p2a: Tyranitar|88/100|[from] Stealth Rock
|-weather|Sandstorm|[from] ability: Sand Stream|[of] p2a: Tyranitar
|
|-weather|Sandstorm|[upkeep]
|-damage|p1a: Rotom|94/100|[from] Sandstorm
|upkeep
|turn|6
|
|t:|1659540232
|switch|p2a: Ferrothorn|Ferrothorn, M|100/100
|-damage|p2a: Ferrothorn|95/100|[from] Stealth Rock
|move|p1a: Rotom|Hydro Pump|p2a: Ferrothorn
|-resisted|p2a: Ferrothorn
|-damage|p2a: Ferrothorn|63/100
|
|-weather|Sandstorm|[upkeep]
|-damage|p1a: Rotom|88/100|[from] Sandstorm
|-heal|p2a: Ferrothorn|69/100|[from] item: Leftovers
|upkeep
|turn|7
|
|t:|1659540237
|switch|p1a: Dragapult|Dragapult, M|100/100
|move|p2a: Ferrothorn|Spikes|p1a: Dragapult
|-sidestart|p1: CCLM|Spikes
|
|-weather|Sandstorm|[upkeep]
|-damage|p1a: Dragapult|95/100|[from] Sandstorm
|-heal|p2a: Ferrothorn|75/100|[from] item: Leftovers
|upkeep
|turn|8
|j| bug catcher ken
|
|t:|1659540241
|switch|p2a: Clefable|Clefable, M|100/100
|move|p1a: Dragapult|U-turn|p2a: Clefable
|-resisted|p2a: Clefable
|-damage|p2a: Clefable|92/100
|-damage|p1a: Dragapult|78/100|[from] item: Rocky Helmet|[of] p2a: Clefable
|
|t:|1659540243
|switch|p1a: Rotom|Rotom-Wash|88/100|[from]move: U-turn
|
|-weather|Sandstorm|[upkeep]
|-damage|p1a: Rotom|82/100|[from] Sandstorm
|upkeep
|turn|9
|
|t:|1659540252
|switch|p2a: Rotom|Rotom-Wash|94/100 tox
|-damage|p2a: Rotom|82/100 tox|[from] Stealth Rock
|move|p1a: Rotom|Volt Switch|p2a: Rotom
|-damage|p2a: Rotom|36/100 tox
|
|t:|1659540259
|switch|p1a: Dragapult|Dragapult, M|78/100|[from]move: Volt Switch
|
|-weather|none
|-heal|p2a: Rotom|42/100 tox|[from] item: Leftovers
|-damage|p2a: Rotom|36/100 tox|[from] psn
|upkeep
|turn|10
|
|t:|1659540264
|switch|p2a: Tyranitar|Tyranitar, F|88/100
|-damage|p2a: Tyranitar|76/100|[from] Stealth Rock
|-weather|Sandstorm|[from] ability: Sand Stream|[of] p2a: Tyranitar
|move|p1a: Dragapult|U-turn|p2a: Tyranitar
|-supereffective|p2a: Tyranitar
|-damage|p2a: Tyranitar|31/100
|
|t:|1659540269
|switch|p1a: Rotom|Rotom-Wash|82/100|[from]move: U-turn
|
|-weather|Sandstorm|[upkeep]
|-damage|p1a: Rotom|76/100|[from] Sandstorm
|upkeep
|turn|11
|
|t:|1659540273
|switch|p2a: Ferrothorn|Ferrothorn, M|75/100
|-damage|p2a: Ferrothorn|69/100|[from] Stealth Rock
|move|p1a: Rotom|Volt Switch|p2a: Ferrothorn
|-resisted|p2a: Ferrothorn
|-damage|p2a: Ferrothorn|50/100
|
|t:|1659540276
|switch|p1a: Bisharp|Bisharp, F|26/100|[from]move: Volt Switch
|-damage|p1a: Bisharp|14/100|[from] Spikes
|
|-weather|Sandstorm|[upkeep]
|-heal|p2a: Ferrothorn|56/100|[from] item: Leftovers
|upkeep
|turn|12
|j| coeur de ciel
|
|t:|1659540282
|move|p1a: Bisharp|Iron Head|p2a: Ferrothorn
|-resisted|p2a: Ferrothorn
|-damage|p2a: Ferrothorn|44/100
|-damage|p1a: Bisharp|2/100|[from] ability: Iron Barbs|[of] p2a: Ferrothorn
|move|p2a: Ferrothorn|Spikes|p1a: Bisharp
|-sidestart|p1: CCLM|Spikes
|
|-weather|Sandstorm|[upkeep]
|-heal|p2a: Ferrothorn|50/100|[from] item: Leftovers
|upkeep
|turn|13
|
|t:|1659540285
|move|p1a: Bisharp|Iron Head|p2a: Ferrothorn
|-resisted|p2a: Ferrothorn
|-damage|p2a: Ferrothorn|39/100
|-damage|p1a: Bisharp|0 fnt|[from] ability: Iron Barbs|[of] p2a: Ferrothorn
|faint|p1a: Bisharp
|move|p2a: Ferrothorn|Spikes|p1: Bisharp
|-sidestart|p1: CCLM|Spikes
|
|-weather|Sandstorm|[upkeep]
|-heal|p2a: Ferrothorn|45/100|[from] item: Leftovers
|upkeep
|
|t:|1659540290
|switch|p1a: Dragapult|Dragapult, M|78/100
|turn|14
|
|t:|1659540294
|switch|p2a: Clefable|Clefable, M|92/100
|move|p1a: Dragapult|Fire Blast|p2a: Clefable
|-damage|p2a: Clefable|70/100
|
|-weather|none
|upkeep
|turn|15
|
|t:|1659540298
|switch|p1a: Slowking|Slowking-Galar, F|100/100
|move|p2a: Clefable|Knock Off|p1a: Slowking
|-supereffective|p1a: Slowking
|-damage|p1a: Slowking|74/100
|-enditem|p1a: Slowking|Heavy-Duty Boots|[from] move: Knock Off|[of] p2a: Clefable
|
|upkeep
|turn|16
|
|t:|1659540304
|switch|p2a: Rotom|Rotom-Wash|36/100 tox
|-damage|p2a: Rotom|24/100 tox|[from] Stealth Rock
|move|p1a: Slowking|Flamethrower|p2a: Rotom
|-resisted|p2a: Rotom
|-damage|p2a: Rotom|10/100 tox
|
|-heal|p2a: Rotom|17/100 tox|[from] item: Leftovers
|-damage|p2a: Rotom|10/100 tox|[from] psn
|upkeep
|turn|17
|
|t:|1659540307
|move|p2a: Rotom|Pain Split|p1a: Slowking
|-sethp|p1a: Slowking|41/100|[from] move: Pain Split|[silent]
|-sethp|p2a: Rotom|53/100 tox|[from] move: Pain Split
|move|p1a: Slowking|Flamethrower|p2a: Rotom
|-resisted|p2a: Rotom
|-damage|p2a: Rotom|39/100 tox
|
|-heal|p2a: Rotom|45/100 tox|[from] item: Leftovers
|-damage|p2a: Rotom|32/100 tox|[from] psn
|upkeep
|turn|18
|
|t:|1659540315
|move|p2a: Rotom|Volt Switch|p1a: Slowking
|-damage|p1a: Slowking|22/100
|
|t:|1659540317
|switch|p2a: Excadrill|Excadrill, F|100/100|[from]move: Volt Switch
|-damage|p2a: Excadrill|97/100|[from] Stealth Rock
|move|p1a: Slowking|Flamethrower|p2a: Excadrill
|-supereffective|p2a: Excadrill
|-damage|p2a: Excadrill|30/100
|
|-heal|p2a: Excadrill|36/100|[from] item: Leftovers
|upkeep
|turn|19
|
|t:|1659540327
|switch|p2a: Rotom|Rotom-Wash|32/100 tox
|-damage|p2a: Rotom|20/100 tox|[from] Stealth Rock
|switch|p1a: Corviknight|Corviknight, F|100/100
|-ability|p1a: Corviknight|Pressure
|
|-heal|p2a: Rotom|26/100 tox|[from] item: Leftovers
|-damage|p2a: Rotom|20/100 tox|[from] psn
|upkeep
|turn|20
|
|t:|1659540334
|switch|p1a: Rotom|Rotom-Wash|76/100
|move|p2a: Rotom|Pain Split|p1a: Rotom
|-sethp|p1a: Rotom|50/100|[from] move: Pain Split|[silent]
|-sethp|p2a: Rotom|40/100 tox|[from] move: Pain Split
|
|-heal|p2a: Rotom|46/100 tox|[from] item: Leftovers
|-damage|p2a: Rotom|34/100 tox|[from] psn
|upkeep
|turn|21
|
|t:|1659540338
|move|p1a: Rotom|Hydro Pump|p2a: Rotom
|-resisted|p2a: Rotom
|-damage|p2a: Rotom|0 fnt
|faint|p2a: Rotom
|
|upkeep
|
|t:|1659540342
|switch|p2a: Ferrothorn|Ferrothorn, M|45/100
|-damage|p2a: Ferrothorn|39/100|[from] Stealth Rock
|turn|22
|
|t:|1659540351
|move|p1a: Rotom|Hydro Pump|p2a: Ferrothorn|[miss]
|-miss|p1a: Rotom|p2a: Ferrothorn
|move|p2a: Ferrothorn|Leech Seed|p1a: Rotom
|-start|p1a: Rotom|move: Leech Seed
|
|-heal|p2a: Ferrothorn|45/100|[from] item: Leftovers
|-damage|p1a: Rotom|38/100|[from] Leech Seed|[of] p2a: Ferrothorn
|-heal|p2a: Ferrothorn|53/100|[silent]
|upkeep
|turn|23
|
|t:|1659540355
|switch|p1a: Corviknight|Corviknight, F|100/100
|-ability|p1a: Corviknight|Pressure
|move|p2a: Ferrothorn|Leech Seed|p1a: Corviknight|[miss]
|-miss|p2a: Ferrothorn|p1a: Corviknight
|
|-heal|p2a: Ferrothorn|59/100|[from] item: Leftovers
|upkeep
|turn|24
|
|t:|1659540360
|move|p1a: Corviknight|Brave Bird|p2a: Ferrothorn
|-damage|p2a: Ferrothorn|38/100
|-damage|p1a: Corviknight|88/100|[from] ability: Iron Barbs|[of] p2a: Ferrothorn
|-damage|p1a: Corviknight|82/100|[from] Recoil
|move|p2a: Ferrothorn|Leech Seed|p1a: Corviknight
|-start|p1a: Corviknight|move: Leech Seed
|
|-heal|p2a: Ferrothorn|44/100|[from] item: Leftovers
|-damage|p1a: Corviknight|69/100|[from] Leech Seed|[of] p2a: Ferrothorn
|-heal|p2a: Ferrothorn|58/100|[silent]
|upkeep
|turn|25
|
|t:|1659540364
|move|p1a: Corviknight|Defog|p2a: Ferrothorn
|-unboost|p2a: Ferrothorn|evasion|1
|-sideend|p2: j_albacino023|Stealth Rock|[from] move: Defog|[of] p1a: Corviknight
|-sideend|p1: CCLM|Spikes|[from] move: Defog|[of] p1a: Corviknight
|move|p2a: Ferrothorn|Leech Seed||[still]
|-fail|p2a: Ferrothorn
|
|-heal|p2a: Ferrothorn|64/100|[from] item: Leftovers
|-damage|p1a: Corviknight|57/100|[from] Leech Seed|[of] p2a: Ferrothorn
|-heal|p2a: Ferrothorn|78/100|[silent]
|upkeep
|turn|26
|
|t:|1659540368
|switch|p1a: Slowking|Slowking-Galar, F|56/100
|move|p2a: Ferrothorn|Spikes|p1a: Slowking
|-sidestart|p1: CCLM|Spikes
|
|-heal|p2a: Ferrothorn|84/100|[from] item: Leftovers
|upkeep
|turn|27
|
|t:|1659540370
|switch|p1a: Corviknight|Corviknight, F|57/100
|-ability|p1a: Corviknight|Pressure
|switch|p2a: Tyranitar|Tyranitar, F|31/100
|-weather|Sandstorm|[from] ability: Sand Stream|[of] p2a: Tyranitar
|
|-weather|Sandstorm|[upkeep]
|upkeep
|turn|28
|
|t:|1659540374
|switch|p1a: Garchomp|Garchomp, F|88/100 tox
|-damage|p1a: Garchomp|76/100 tox|[from] Spikes
|move|p2a: Tyranitar|Stone Edge|p1a: Garchomp
|-resisted|p1a: Garchomp
|-damage|p1a: Garchomp|41/100 tox
|
|-weather|Sandstorm|[upkeep]
|-heal|p1a: Garchomp|47/100 tox|[from] item: Leftovers
|-damage|p1a: Garchomp|41/100 tox|[from] psn
|upkeep
|turn|29
|
|t:|1659540379
|switch|p2a: Clefable|Clefable, M|70/100
|move|p1a: Garchomp|Stealth Rock|p2a: Clefable
|-sidestart|p2: j_albacino023|move: Stealth Rock
|
|-weather|Sandstorm|[upkeep]
|-heal|p1a: Garchomp|47/100 tox|[from] item: Leftovers
|-damage|p1a: Garchomp|35/100 tox|[from] psn
|upkeep
|turn|30
|
|t:|1659540387
|switch|p1a: Slowking|Slowking-Galar, F|89/100
|-damage|p1a: Slowking|76/100|[from] Spikes
|move|p2a: Clefable|Stealth Rock|p1a: Slowking
|-sidestart|p1: CCLM|move: Stealth Rock
|
|-weather|Sandstorm|[upkeep]
|-damage|p1a: Slowking|70/100|[from] Sandstorm
|upkeep
|turn|31
|
|t:|1659540390
|move|p2a: Clefable|Knock Off|p1a: Slowking
|-supereffective|p1a: Slowking
|-damage|p1a: Slowking|53/100
|move|p1a: Slowking|Sludge Bomb|p2a: Clefable
|-supereffective|p2a: Clefable
|-damage|p2a: Clefable|0 fnt
|faint|p2a: Clefable
|
|-weather|none
|upkeep
|
|t:|1659540395
|switch|p2a: Tyranitar|Tyranitar, F|31/100
|-damage|p2a: Tyranitar|18/100|[from] Stealth Rock
|-weather|Sandstorm|[from] ability: Sand Stream|[of] p2a: Tyranitar
|turn|32
|
|t:|1659540398
|switch|p1a: Garchomp|Garchomp, F|35/100 tox
|-damage|p1a: Garchomp|23/100 tox|[from] Spikes
|-damage|p1a: Garchomp|16/100 tox|[from] Stealth Rock
|move|p2a: Tyranitar|Stone Edge|p1a: Garchomp
|-resisted|p1a: Garchomp
|-damage|p1a: Garchomp|0 fnt
|faint|p1a: Garchomp
|
|-weather|Sandstorm|[upkeep]
|upkeep
|
|t:|1659540400
|switch|p1a: Dragapult|Dragapult, M|78/100
|turn|33
|
|t:|1659540415
|switch|p2a: Ferrothorn|Ferrothorn, M|84/100
|-damage|p2a: Ferrothorn|78/100|[from] Stealth Rock
|move|p1a: Dragapult|Dragon Darts|p2a: Ferrothorn
|-resisted|p2a: Ferrothorn
|-damage|p2a: Ferrothorn|71/100
|-anim|p1a: Dragapult|Dragon Darts|p2a: Ferrothorn
|-resisted|p2a: Ferrothorn
|-crit|p2a: Ferrothorn
|-damage|p2a: Ferrothorn|60/100
|
|-weather|Sandstorm|[upkeep]
|-damage|p1a: Dragapult|72/100|[from] Sandstorm
|-heal|p2a: Ferrothorn|66/100|[from] item: Leftovers
|upkeep
|turn|34
|
|t:|1659540422
|switch|p2a: Excadrill|Excadrill, F|36/100
|-damage|p2a: Excadrill|33/100|[from] Stealth Rock
|move|p1a: Dragapult|Fire Blast|p2a: Excadrill
|-supereffective|p2a: Excadrill
|-damage|p2a: Excadrill|0 fnt
|faint|p2a: Excadrill
|
|-weather|Sandstorm|[upkeep]
|-damage|p1a: Dragapult|66/100|[from] Sandstorm
|upkeep
|-message|j_albacino023 forfeited.
|
|win|CCLM
|raw|CCLM's rating: 2019 &rarr; <strong>2034</strong><br />(+15 for winning)
|raw|j_albacino023's rating: 1933 &rarr; <strong>1918</strong><br />(-15 for losing)
|l|☆j_albacino023
||Ladder isn't responding, score probably updated but might not have (Request timeout).
|l| coeur de ciel
|l| bug catcher ken
|l|☆CCLM
|j|☆CCLM
|player|p1|CCLM|266
