|j|☆uniandes5
|j|☆Ferrothornail草钢甲
|t:|1662801676
|gametype|singles
|player|p1|uniandes5|102|1755
|player|p2|Ferrothornail草钢甲|169|1679
|teamsize|p1|6
|teamsize|p2|6
|gen|8
|tier|[Gen 8] OU
|rated|
|rule|Sleep Clause Mod: Limit one foe put to sleep
|rule|Species Clause: Limit one of each Pokémon
|rule|OHKO Clause: OHKO moves are banned
|rule|Evasion Items Clause: Evasion items are banned
|rule|Evasion Moves Clause: Evasion moves are banned
|rule|Endless Battle Clause: Forcing endless battles is banned
|rule|HP Percentage Mod: HP is shown in percentages
|rule|Dynamax Clause: You cannot dynamax
|clearpoke
|poke|p1|Garchomp, F|
|poke|p1|Tapu Fini|
|poke|p1|Aegislash, F|
|poke|p1|Regieleki|
|poke|p1|Magnezone|
|poke|p1|Tapu Lele|
|poke|p2|Hatterene, F|
|poke|p2|Porygon2|
|poke|p2|Cresselia, F|
|poke|p2|Marowak-Alola, M|
|poke|p2|Crawdaunt, F|
|poke|p2|Melmetal|
|teampreview
|
|t:|1662801721
|start
|switch|p1a: Tapu Fini|Tapu Fini|100/100
|switch|p2a: Hatterene|Hatterene, F|100/100
|-fieldstart|move: Misty Terrain|[from] ability: Misty Surge|[of] p1a: Tapu Fini
|turn|1
|
|t:|1662801727
|switch|p2a: Melmetal|Melmetal|100/100
|move|p1a: Tapu Fini|Whirlpool|p2a: Melmetal
|-damage|p2a: Melmetal|90/100
|-activate|p2a: Melmetal|move: Whirlpool|[of] p1a: Tapu Fini
|
|-damage|p2a: Melmetal|77/100|[from] move: Whirlpool|[partiallytrapped]
|upkeep
|turn|2
|
|t:|1662801732
|move|p1a: Tapu Fini|Nature's Madness|p2a: Melmetal
|-damage|p2a: Melmetal|39/100
|move|p2a: Melmetal|Thunder Punch|p1a: Tapu Fini
|-supereffective|p1a: Tapu Fini
|-damage|p1a: Tapu Fini|16/100
|-damage|p2a: Melmetal|22/100|[from] item: Rocky Helmet|[of] p1a: Tapu Fini
|
|-damage|p2a: Melmetal|10/100|[from] move: Whirlpool|[partiallytrapped]
|upkeep
|turn|3
|
|t:|1662801737
|move|p1a: Tapu Fini|Knock Off|p2a: Melmetal
|-damage|p2a: Melmetal|2/100
|-enditem|p2a: Melmetal|Choice Band|[from] move: Knock Off|[of] p1a: Tapu Fini
|move|p2a: Melmetal|Thunder Punch|p1a: Tapu Fini
|-supereffective|p1a: Tapu Fini
|-damage|p1a: Tapu Fini|0 fnt
|-damage|p2a: Melmetal|0 fnt|[from] item: Rocky Helmet|[of] p1a: Tapu Fini
|faint|p1a: Tapu Fini
|faint|p2a: Melmetal
|
|upkeep
|
|t:|1662801745
|switch|p1a: Aegislash|Aegislash, F|100/100
|switch|p2a: Hatterene|Hatterene, F|100/100
|-item|p1a: Aegislash|Air Balloon
|turn|4
|
|t:|1662801748
|-formechange|p1a: Aegislash|Aegislash-Blade||[from] ability: Stance Change
|move|p1a: Aegislash|Shadow Ball|p2a: Hatterene
|-supereffective|p2a: Hatterene
|-enditem|p2a: Hatterene|Focus Sash
|-damage|p2a: Hatterene|1/100
|move|p2a: Hatterene|Mystical Fire|p1a: Aegislash
|-supereffective|p1a: Aegislash
|-damage|p1a: Aegislash|4/100
|-unboost|p1a: Aegislash|spa|1
|-enditem|p1a: Aegislash|Air Balloon
|
|upkeep
|turn|5
|
|t:|1662801758
|move|p1a: Aegislash|Shadow Sneak|p2a: Hatterene
|-supereffective|p2a: Hatterene
|-damage|p2a: Hatterene|0 fnt
|faint|p2a: Hatterene
|
|-fieldend|Misty Terrain
|upkeep
|
|t:|1662801761
|switch|p2a: Crawdaunt|Crawdaunt, F|100/100
|turn|6
|
|t:|1662801763
|switch|p1a: Garchomp|Garchomp, F|100/100
|move|p2a: Crawdaunt|Knock Off|p1a: Garchomp
|-damage|p1a: Garchomp|23/100
|-damage|p2a: Crawdaunt|88/100|[from] ability: Rough Skin|[of] p1a: Garchomp
|-damage|p2a: Crawdaunt|71/100|[from] item: Rocky Helmet|[of] p1a: Garchomp
|-enditem|p1a: Garchomp|Rocky Helmet|[from] move: Knock Off|[of] p2a: Crawdaunt
|-damage|p2a: Crawdaunt|61/100|[from] item: Life Orb
|
|upkeep
|turn|7
|
|t:|1662801765
|move|p2a: Crawdaunt|Aqua Jet|p1a: Garchomp
|-damage|p1a: Garchomp|0 fnt
|-damage|p2a: Crawdaunt|49/100|[from] ability: Rough Skin|[of] p1a: Garchomp
|faint|p1a: Garchomp
|-damage|p2a: Crawdaunt|39/100|[from] item: Life Orb
|
|upkeep
|
|t:|1662801772
|switch|p1a: Regieleki|Regieleki|100/100
|turn|8
|
|t:|1662801784
|move|p1a: Regieleki|Extreme Speed|p2a: Crawdaunt
|-damage|p2a: Crawdaunt|0 fnt
|faint|p2a: Crawdaunt
|-damage|p1a: Regieleki|91/100|[from] item: Life Orb
|
|upkeep
|
|t:|1662801788
|switch|p2a: Porygon2|Porygon2|100/100
|-ability|p2a: Porygon2|Download|boost
|-boost|p2a: Porygon2|spa|1
|turn|9
|
|t:|1662801790
|move|p1a: Regieleki|Explosion|p2a: Porygon2
|-damage|p2a: Porygon2|36/100
|faint|p1a: Regieleki
|move|p2a: Porygon2|Trick Room|p2a: Porygon2
|-fieldstart|move: Trick Room|[of] p2a: Porygon2
|
|upkeep
|
|t:|1662801793
|switch|p1a: Aegislash|Aegislash, F|4/100
|turn|10
|
|t:|1662801796
|-formechange|p1a: Aegislash|Aegislash-Blade||[from] ability: Stance Change
|move|p1a: Aegislash|Close Combat|p2a: Porygon2
|-supereffective|p2a: Porygon2
|-damage|p2a: Porygon2|0 fnt
|-unboost|p1a: Aegislash|def|1
|-unboost|p1a: Aegislash|spd|1
|faint|p2a: Porygon2
|
|upkeep
|
|t:|1662801798
|switch|p2a: Marowak|Marowak-Alola, M|100/100
|turn|11
|inactive|Battle timer is ON: inactive players will automatically lose when time's up. (requested by uniandes5)
|
|t:|1662801808
|-formechange|p1a: Aegislash|Aegislash||[from] ability: Stance Change
|move|p1a: Aegislash|King's Shield|p1a: Aegislash
|-singleturn|p1a: Aegislash|Protect
|move|p2a: Marowak|Flare Blitz|p1a: Aegislash
|-activate|p1a: Aegislash|move: Protect
|-unboost|p2a: Marowak|atk|1
|
|upkeep
|turn|12
|
|t:|1662801821
|switch|p1a: Magnezone|Magnezone|100/100
|move|p2a: Marowak|Flare Blitz|p1a: Magnezone
|-supereffective|p1a: Magnezone
|-ability|p1a: Magnezone|Sturdy
|-damage|p1a: Magnezone|1/100
|
|upkeep
|turn|13
|-enditem|p1a: Magnezone|Custap Berry|[eat]
|-activate|p1a: Magnezone|item: Custap Berry|[consumed]
|
|t:|1662801828
|switch|p2a: Cresselia|Cresselia, F|100/100
|move|p1a: Magnezone|Thunderbolt|p2a: Cresselia
|-damage|p2a: Cresselia|73/100
|
|-fieldend|move: Trick Room
|upkeep
|turn|14
|
|t:|1662801839
|move|p1a: Magnezone|Steel Beam|p2a: Cresselia
|-damage|p2a: Cresselia|30/100
|-damage|p1a: Magnezone|0 fnt|[from] mindblown
|faint|p1a: Magnezone
|move|p2a: Cresselia|Trick Room|p2a: Cresselia
|-fieldstart|move: Trick Room|[of] p2a: Cresselia
|
|upkeep
|
|t:|1662801846
|switch|p1a: Aegislash|Aegislash, F|4/100
|turn|15
|
|t:|1662801852
|move|p1a: Aegislash|King's Shield|p1a: Aegislash
|-singleturn|p1a: Aegislash|Protect
|move|p2a: Cresselia|Lunar Dance|p2a: Cresselia
|faint|p2a: Cresselia
|
|upkeep
|
|t:|1662801854
|switch|p2a: Marowak|Marowak-Alola, M|100/100
|-heal|p2a: Marowak|100/100|[from] move: Lunar Dance
|turn|16
|
|t:|1662801859
|move|p1a: Aegislash|King's Shield||[still]
|-fail|p1a: Aegislash
|move|p2a: Marowak|Flare Blitz|p1a: Aegislash
|-supereffective|p1a: Aegislash
|-damage|p1a: Aegislash|0 fnt
|faint|p1a: Aegislash
|
|upkeep
|
|t:|1662801861
|switch|p1a: Tapu Lele|Tapu Lele|100/100
|-fieldstart|move: Psychic Terrain|[from] ability: Psychic Surge|[of] p1a: Tapu Lele
|turn|17
|
|t:|1662801863
|move|p2a: Marowak|Flare Blitz|p1a: Tapu Lele
|-damage|p1a: Tapu Lele|0 fnt
|faint|p1a: Tapu Lele
|
|win|Ferrothornail草钢甲
|raw|uniandes5's rating: 1755 &rarr; <strong>1731</strong><br />(-24 for losing)
|raw|Ferrothornail草钢甲's rating: 1679 &rarr; <strong>1703</strong><br />(+24 for winning)
|l|☆uniandes5
||Ladder isn't responding, score probably updated but might not have (Request timeout).
