|j|☆tanishq1
|j|☆supersam10001
|inactive|Battle timer is ON: inactive players will automatically lose when time's up.
|t:|1635925761
|gametype|singles
|player|p1|tanishq1|170|
|player|p2|supersam10001|wallace|
|teamsize|p1|6
|teamsize|p2|6
|gen|8
|tier|[Gen 8] OU
|rated|Tournament battle
|rule|Sleep Clause Mod: Limit one foe put to sleep
|rule|Species Clause: Limit one of each Pokémon
|rule|OHKO Clause: OHKO moves are banned
|rule|Evasion Moves Clause: Evasion moves are banned
|rule|Endless Battle Clause: Forcing endless battles is banned
|rule|HP Percentage Mod: HP is shown in percentages
|rule|Dynamax Clause: You cannot dynamax
|clearpoke
|poke|p1|Volcarona, M|
|poke|p1|Dragapult, M|
|poke|p1|Garchomp, M|
|poke|p1|Ferrothorn, M|
|poke|p1|Tapu Fini|
|poke|p1|Zapdos-Galar|
|poke|p2|Tapu Lele|
|poke|p2|Alakazam, M|
|poke|p2|Mew|
|poke|p2|Grimmsnarl, M|
|poke|p2|Dragapult, M|
|poke|p2|Scizor, M|
|teampreview
|inactive|supersam10001 also wants the timer to be on.
|j| Scale Shit
|c|☆supersam10001|hf
|j| Freeze maph
|j| myfeelingssuck
|inactive|tanishq1 has 120 seconds left.
|j| FishingRendVGC
|j| Memories of Ice
|j| cypherstests6
|
|t:|1635925817
|start
|switch|p1a: Dragapult|Dragapult, M|100/100
|switch|p2a: Mew|Mew|100/100
|turn|1
|c|☆tanishq1|glhf
|inactive|supersam10001 has 120 seconds left.
|j|+Mimikyu Stardust
|inactive|supersam10001 has 90 seconds left.
|
|t:|1635925894
|move|p1a: Dragapult|Shadow Ball|p2a: Mew
|-supereffective|p2a: Mew
|-damage|p2a: Mew|6/100
|-unboost|p2a: Mew|spd|1
|move|p2a: Mew|Stealth Rock|p1a: Dragapult
|-sidestart|p1: tanishq1|move: Stealth Rock
|
|upkeep
|turn|2
|
|t:|1635925900
|move|p1a: Dragapult|Shadow Ball|p2a: Mew
|-supereffective|p2a: Mew
|-damage|p2a: Mew|0 fnt
|faint|p2a: Mew
|
|upkeep
|
|t:|1635925902
|switch|p2a: Grimmsnarl|Grimmsnarl, M|100/100
|turn|3
|
|t:|1635925906
|switch|p1a: Tapu Fini|Tapu Fini|100/100
|-damage|p1a: Tapu Fini|88/100|[from] Stealth Rock
|-fieldstart|move: Misty Terrain|[from] ability: Misty Surge|[of] p1a: Tapu Fini
|move|p2a: Grimmsnarl|Reflect|p2a: Grimmsnarl
|-sidestart|p2: supersam10001|Reflect
|
|-heal|p1a: Tapu Fini|94/100|[from] item: Leftovers
|upkeep
|turn|4
|
|t:|1635925910
|move|p2a: Grimmsnarl|Light Screen|p2a: Grimmsnarl
|-sidestart|p2: supersam10001|move: Light Screen
|move|p1a: Tapu Fini|Moonblast|p2a: Grimmsnarl
|-supereffective|p2a: Grimmsnarl
|-damage|p2a: Grimmsnarl|57/100
|-unboost|p2a: Grimmsnarl|spa|1
|
|-heal|p1a: Tapu Fini|100/100|[from] item: Leftovers
|upkeep
|turn|5
|
|t:|1635925913
|move|p1a: Tapu Fini|Defog|p2a: Grimmsnarl
|-unboost|p2a: Grimmsnarl|evasion|1
|-sideend|p2: supersam10001|Reflect
|-sideend|p2: supersam10001|move: Light Screen
|-sideend|p1: tanishq1|Stealth Rock|[from] move: Defog|[of] p1a: Tapu Fini
|-fieldend|Misty Terrain
|move|p2a: Grimmsnarl|Spirit Break|p1a: Tapu Fini
|-damage|p1a: Tapu Fini|66/100
|-unboost|p1a: Tapu Fini|spa|1
|
|-heal|p1a: Tapu Fini|72/100|[from] item: Leftovers
|upkeep
|turn|6
|
|t:|1635925918
|move|p2a: Grimmsnarl|Light Screen|p2a: Grimmsnarl
|-sidestart|p2: supersam10001|move: Light Screen
|move|p1a: Tapu Fini|Moonblast|p2a: Grimmsnarl
|-supereffective|p2a: Grimmsnarl
|-damage|p2a: Grimmsnarl|32/100
|
|-heal|p1a: Tapu Fini|78/100|[from] item: Leftovers
|upkeep
|turn|7
|
|t:|1635925922
|move|p2a: Grimmsnarl|Taunt|p1a: Tapu Fini
|-start|p1a: Tapu Fini|move: Taunt
|cant|p1a: Tapu Fini|move: Taunt|Defog
|
|-heal|p1a: Tapu Fini|84/100|[from] item: Leftovers
|upkeep
|turn|8
|
|t:|1635925924
|move|p2a: Grimmsnarl|Reflect|p2a: Grimmsnarl
|-sidestart|p2: supersam10001|Reflect
|move|p1a: Tapu Fini|Moonblast|p2a: Grimmsnarl
|-supereffective|p2a: Grimmsnarl
|-damage|p2a: Grimmsnarl|4/100
|
|-heal|p1a: Tapu Fini|91/100|[from] item: Leftovers
|upkeep
|turn|9
|
|t:|1635925927
|move|p1a: Tapu Fini|Moonblast|p2a: Grimmsnarl
|-supereffective|p2a: Grimmsnarl
|-damage|p2a: Grimmsnarl|0 fnt
|faint|p2a: Grimmsnarl
|
|-heal|p1a: Tapu Fini|97/100|[from] item: Leftovers
|-end|p1a: Tapu Fini|move: Taunt
|upkeep
|
|t:|1635925938
|switch|p2a: Tapu Lele|Tapu Lele|100/100
|-fieldstart|move: Psychic Terrain|[from] ability: Psychic Surge|[of] p2a: Tapu Lele
|turn|10
|j| itsoktoburn
|
|t:|1635925942
|switch|p1a: Ferrothorn|Ferrothorn, M|100/100
|move|p2a: Tapu Lele|Psychic|p1a: Ferrothorn
|-resisted|p1a: Ferrothorn
|-damage|p1a: Ferrothorn|78/100
|
|-heal|p1a: Ferrothorn|84/100|[from] item: Leftovers
|upkeep
|turn|11
|
|t:|1635925947
|switch|p2a: Scizor|Scizor, M|100/100
|move|p1a: Ferrothorn|Gyro Ball|p2a: Scizor
|-resisted|p2a: Scizor
|-damage|p2a: Scizor|86/100
|
|-heal|p1a: Ferrothorn|91/100|[from] item: Leftovers
|upkeep
|turn|12
|
|t:|1635925952
|switch|p2a: Alakazam|Alakazam, M|100/100
|switch|p1a: Volcarona|Volcarona, M|100/100
|
|upkeep
|turn|13
|
|t:|1635925958
|switch|p1a: Tapu Fini|Tapu Fini|97/100
|-fieldstart|move: Misty Terrain|[from] ability: Misty Surge|[of] p1a: Tapu Fini
|move|p2a: Alakazam|Expanding Force|p1a: Tapu Fini
|-damage|p1a: Tapu Fini|61/100
|
|-heal|p1a: Tapu Fini|68/100|[from] item: Leftovers
|-sideend|p2: supersam10001|move: Light Screen
|upkeep
|turn|14
|
|t:|1635925960
|move|p2a: Alakazam|Nasty Plot|p2a: Alakazam
|-boost|p2a: Alakazam|spa|2
|move|p1a: Tapu Fini|Knock Off|p2a: Alakazam
|-supereffective|p2a: Alakazam
|-damage|p2a: Alakazam|63/100
|-enditem|p2a: Alakazam|Life Orb|[from] move: Knock Off|[of] p1a: Tapu Fini
|
|-heal|p1a: Tapu Fini|74/100|[from] item: Leftovers
|upkeep
|turn|15
|
|t:|1635925966
|move|p2a: Alakazam|Expanding Force|p1a: Tapu Fini
|-damage|p1a: Tapu Fini|24/100
|move|p1a: Tapu Fini|Moonblast|p2a: Alakazam
|-damage|p2a: Alakazam|20/100
|
|-heal|p1a: Tapu Fini|30/100|[from] item: Leftovers
|-sideend|p2: supersam10001|Reflect
|upkeep
|turn|16
|
|t:|1635925970
|move|p2a: Alakazam|Recover|p2a: Alakazam
|-heal|p2a: Alakazam|70/100
|move|p1a: Tapu Fini|Moonblast|p2a: Alakazam
|-damage|p2a: Alakazam|24/100
|-unboost|p2a: Alakazam|spa|1
|
|-heal|p1a: Tapu Fini|36/100|[from] item: Leftovers
|upkeep
|turn|17
|
|t:|1635925974
|move|p2a: Alakazam|Expanding Force|p1a: Tapu Fini
|-damage|p1a: Tapu Fini|0 fnt
|faint|p1a: Tapu Fini
|
|-fieldend|Misty Terrain
|upkeep
|
|t:|1635925978
|switch|p1a: Dragapult|Dragapult, M|100/100
|turn|18
|
|t:|1635925981
|move|p1a: Dragapult|Shadow Ball|p2a: Alakazam
|-supereffective|p2a: Alakazam
|-damage|p2a: Alakazam|0 fnt
|faint|p2a: Alakazam
|
|upkeep
|
|t:|1635925986
|switch|p2a: Tapu Lele|Tapu Lele|100/100
|-fieldstart|move: Psychic Terrain|[from] ability: Psychic Surge|[of] p2a: Tapu Lele
|turn|19
|
|t:|1635925990
|switch|p1a: Ferrothorn|Ferrothorn, M|91/100
|move|p2a: Tapu Lele|Moonblast|p1a: Ferrothorn
|-resisted|p1a: Ferrothorn
|-damage|p1a: Ferrothorn|71/100
|
|-heal|p1a: Ferrothorn|77/100|[from] item: Leftovers
|upkeep
|turn|20
|
|t:|1635925995
|switch|p2a: Scizor|Scizor, M|86/100
|switch|p1a: Volcarona|Volcarona, M|100/100
|
|upkeep
|turn|21
|
|t:|1635925999
|switch|p2a: Dragapult|Dragapult, M|100/100
|move|p1a: Volcarona|Quiver Dance|p1a: Volcarona
|-boost|p1a: Volcarona|spa|1
|-boost|p1a: Volcarona|spd|1
|-boost|p1a: Volcarona|spe|1
|
|upkeep
|turn|22
|
|t:|1635926014
|move|p1a: Volcarona|Psychic|p2a: Dragapult
|-damage|p2a: Dragapult|31/100
|move|p2a: Dragapult|Dragon Dance|p2a: Dragapult
|-boost|p2a: Dragapult|atk|1
|-boost|p2a: Dragapult|spe|1
|
|-heal|p2a: Dragapult|37/100|[from] item: Leftovers
|upkeep
|turn|23
|
|t:|1635926018
|move|p2a: Dragapult|Dragon Darts|p1a: Volcarona
|-damage|p1a: Volcarona|54/100
|-anim|p2a: Dragapult|Dragon Darts|p1a: Volcarona
|-damage|p1a: Volcarona|9/100
|move|p1a: Volcarona|Psychic|p2a: Dragapult
|-damage|p2a: Dragapult|0 fnt
|faint|p2a: Dragapult
|
|-fieldend|move: Psychic Terrain
|upkeep
|
|t:|1635926022
|switch|p2a: Tapu Lele|Tapu Lele|100/100
|-fieldstart|move: Psychic Terrain|[from] ability: Psychic Surge|[of] p2a: Tapu Lele
|turn|24
|
|t:|1635926026
|move|p2a: Tapu Lele|Moonblast|p1a: Volcarona
|-resisted|p1a: Volcarona
|-damage|p1a: Volcarona|0 fnt
|faint|p1a: Volcarona
|
|upkeep
|
|t:|1635926030
|switch|p1a: Ferrothorn|Ferrothorn, M|77/100
|turn|25
|
|t:|1635926034
|move|p2a: Tapu Lele|Moonblast|p1a: Ferrothorn
|-resisted|p1a: Ferrothorn
|-damage|p1a: Ferrothorn|60/100
|move|p1a: Ferrothorn|Leech Seed|p2a: Tapu Lele
|-start|p2a: Tapu Lele|move: Leech Seed
|
|-heal|p1a: Ferrothorn|66/100|[from] item: Leftovers
|-damage|p2a: Tapu Lele|88/100|[from] Leech Seed|[of] p1a: Ferrothorn
|-heal|p1a: Ferrothorn|76/100|[silent]
|upkeep
|turn|26
|
|t:|1635926038
|move|p2a: Tapu Lele|Moonblast|p1a: Ferrothorn
|-resisted|p1a: Ferrothorn
|-damage|p1a: Ferrothorn|57/100
|-unboost|p1a: Ferrothorn|spa|1
|move|p1a: Ferrothorn|Gyro Ball|p2a: Tapu Lele
|-supereffective|p2a: Tapu Lele
|-damage|p2a: Tapu Lele|0 fnt
|faint|p2a: Tapu Lele
|
|-heal|p1a: Ferrothorn|64/100|[from] item: Leftovers
|upkeep
|
|t:|1635926040
|switch|p2a: Scizor|Scizor, M|86/100
|turn|27
|
|t:|1635926044
|switch|p1a: Zapdos|Zapdos-Galar|100/100
|move|p2a: Scizor|Swords Dance|p2a: Scizor
|-boost|p2a: Scizor|atk|2
|
|upkeep
|turn|28
|
|t:|1635926047
|move|p2a: Scizor|Bullet Punch|p1a: Zapdos
|-hint|Psychic Terrain doesn't affect Pokémon immune to Ground.
|-damage|p1a: Zapdos|0 fnt
|faint|p1a: Zapdos
|-damage|p2a: Scizor|76/100|[from] item: Life Orb
|
|-fieldend|move: Psychic Terrain
|upkeep
|
|t:|1635926052
|switch|p1a: Garchomp|Garchomp, M|100/100
|turn|29
|
|t:|1635926055
|move|p1a: Garchomp|Earthquake|p2a: Scizor
|-damage|p2a: Scizor|24/100
|move|p2a: Scizor|Swords Dance|p2a: Scizor
|-boost|p2a: Scizor|atk|2
|
|upkeep
|turn|30
|
|t:|1635926059
|move|p2a: Scizor|Bullet Punch|p1a: Garchomp
|-damage|p1a: Garchomp|10/100
|-damage|p2a: Scizor|11/100|[from] ability: Rough Skin|[of] p1a: Garchomp
|-damage|p2a: Scizor|0 fnt|[from] item: Rocky Helmet|[of] p1a: Garchomp
|faint|p2a: Scizor
|
|win|tanishq1
|n|☆tanishq1|tanishq1
|n|☆supersam10001|supersam10001
|n| Scale Shit|scaleshit
|n| Freeze maph|freezemaph
|n| myfeelingssuck|myfeelingssuck
|n| FishingRendVGC|fishingrendvgc
|n| Memories of Ice|memoriesofice
|n| cypherstests6|cypherstests6
|n| Mimikyu Stardust|mimikyustardust
|n| itsoktoburn|itsoktoburn
