|j|☆Steelix Fusion
|j|☆Batataplays
|t:|1654306493
|gametype|singles
|player|p1|Steelix Fusion|marshal|1635
|player|p2|Batataplays|leaguestafff|1753
|teamsize|p1|6
|teamsize|p2|6
|gen|8
|tier|[Gen 8] OU
|rated|
|rule|Sleep Clause Mod: Limit one foe put to sleep
|rule|Species Clause: Limit one of each Pokémon
|rule|OHKO Clause: OHKO moves are banned
|rule|Evasion Moves Clause: Evasion moves are banned
|rule|Endless Battle Clause: Forcing endless battles is banned
|rule|HP Percentage Mod: HP is shown in percentages
|rule|Dynamax Clause: You cannot dynamax
|clearpoke
|poke|p1|Ninetales-Alola, M|
|poke|p1|Klefki, M|
|poke|p1|Volcarona, M|
|poke|p1|Rillaboom, M|
|poke|p1|Weavile, M|
|poke|p1|Scolipede, F|
|poke|p2|Dragonite, F|
|poke|p2|Magnezone|
|poke|p2|Corviknight, F|
|poke|p2|Tapu Fini|
|poke|p2|Kartana|
|poke|p2|Garchomp, F|
|teampreview
|j| ihgfcjhv
|j| Danvalator
|
|t:|1654306508
|start
|switch|p1a: Ninetales|Ninetales-Alola, M|100/100
|switch|p2a: Kartana|Kartana|100/100
|-weather|Hail|[from] ability: Snow Warning|[of] p1a: Ninetales
|turn|1
|inactive|Battle timer is ON: inactive players will automatically lose when time's up. (requested by Steelix Fusion)
|j| BabyPigsAreLaughin
|c| BabyPigsAreLaughin|Thanks for the warning. I hope this game goes well.
|
|t:|1654306526
|switch|p1a: Klefki|Klefki, M|100/100
|move|p2a: Kartana|Smart Strike|p1a: Klefki
|-damage|p1a: Klefki|54/100
|
|-weather|Hail|[upkeep]
|-damage|p2a: Kartana|94/100|[from] Hail
|-damage|p1a: Klefki|47/100|[from] Hail
|upkeep
|turn|2
|
|t:|1654306533
|move|p1a: Klefki|Reflect|p1a: Klefki
|-sidestart|p1: Steelix Fusion|Reflect
|move|p2a: Kartana|Smart Strike|p1a: Klefki
|-damage|p1a: Klefki|24/100
|
|-weather|Hail|[upkeep]
|-damage|p2a: Kartana|88/100|[from] Hail
|-damage|p1a: Klefki|18/100|[from] Hail
|upkeep
|turn|3
|
|t:|1654306540
|switch|p2a: Garchomp|Garchomp, F|100/100
|switch|p1a: Volcarona|Volcarona, M|100/100
|
|-weather|Hail|[upkeep]
|-damage|p1a: Volcarona|94/100|[from] Hail
|-damage|p2a: Garchomp|94/100|[from] Hail
|-heal|p2a: Garchomp|100/100|[from] item: Leftovers
|upkeep
|turn|4
|
|t:|1654306552
|switch|p1a: Ninetales|Ninetales-Alola, M|100/100
|move|p2a: Garchomp|Stone Edge|p1a: Ninetales
|-supereffective|p1a: Ninetales
|-damage|p1a: Ninetales|67/100
|
|-weather|Hail|[upkeep]
|-damage|p2a: Garchomp|94/100|[from] Hail
|-heal|p2a: Garchomp|100/100|[from] item: Leftovers
|upkeep
|turn|5
|
|t:|1654306560
|switch|p2a: Magnezone|Magnezone|100/100
|move|p1a: Ninetales|Aurora Veil|p1a: Ninetales
|-sidestart|p1: Steelix Fusion|move: Aurora Veil
|
|-weather|none
|upkeep
|turn|6
|
|t:|1654306567
|switch|p2a: Corviknight|Corviknight, F|100/100
|-ability|p2a: Corviknight|Pressure
|move|p1a: Ninetales|Safeguard|p1a: Ninetales
|-sidestart|p1: Steelix Fusion|Safeguard
|
|upkeep
|turn|7
|
|t:|1654306572
|move|p1a: Ninetales|Freeze-Dry|p2a: Corviknight
|-damage|p2a: Corviknight|85/100
|move|p2a: Corviknight|Defog|p1a: Ninetales
|-unboost|p1a: Ninetales|evasion|1
|-sideend|p1: Steelix Fusion|Reflect
|-sideend|p1: Steelix Fusion|move: Aurora Veil
|-sideend|p1: Steelix Fusion|Safeguard
|
|-heal|p2a: Corviknight|92/100|[from] item: Leftovers
|upkeep
|turn|8
|
|t:|1654306582
|switch|p1a: Volcarona|Volcarona, M|94/100
|move|p2a: Corviknight|U-turn|p1a: Volcarona
|-resisted|p1a: Volcarona
|-damage|p1a: Volcarona|85/100
|
|t:|1654306592
|switch|p2a: Garchomp|Garchomp, F|100/100|[from]move: U-turn
|
|upkeep
|turn|9
|
|t:|1654306595
|switch|p1a: Rillaboom|Rillaboom, M|100/100
|-fieldstart|move: Grassy Terrain|[from] ability: Grassy Surge|[of] p1a: Rillaboom
|move|p2a: Garchomp|Stone Edge|p1a: Rillaboom
|-damage|p1a: Rillaboom|67/100
|
|-heal|p1a: Rillaboom|73/100|[from] Grassy Terrain
|upkeep
|turn|10
|
|t:|1654306604
|move|p1a: Rillaboom|Swords Dance|p1a: Rillaboom
|-boost|p1a: Rillaboom|atk|2
|move|p2a: Garchomp|Stealth Rock|p1a: Rillaboom
|-sidestart|p1: Steelix Fusion|move: Stealth Rock
|
|-heal|p1a: Rillaboom|79/100|[from] Grassy Terrain
|upkeep
|turn|11
|
|t:|1654306609
|switch|p2a: Corviknight|Corviknight, F|92/100
|-ability|p2a: Corviknight|Pressure
|move|p1a: Rillaboom|Swords Dance|p1a: Rillaboom
|-boost|p1a: Rillaboom|atk|2
|
|-heal|p1a: Rillaboom|85/100|[from] Grassy Terrain
|-heal|p2a: Corviknight|98/100|[from] item: Leftovers
|upkeep
|turn|12
|
|t:|1654306618
|move|p1a: Rillaboom|Superpower|p2a: Corviknight
|-damage|p2a: Corviknight|0 fnt
|-unboost|p1a: Rillaboom|atk|1
|-unboost|p1a: Rillaboom|def|1
|faint|p2a: Corviknight
|-damage|p1a: Rillaboom|75/100|[from] item: Life Orb
|
|-heal|p1a: Rillaboom|81/100|[from] Grassy Terrain
|upkeep
|
|t:|1654306624
|switch|p2a: Dragonite|Dragonite, F|100/100
|turn|13
|j| Crowv2
|
|t:|1654306635
|switch|p1a: Klefki|Klefki, M|18/100
|-damage|p1a: Klefki|11/100|[from] Stealth Rock
|move|p2a: Dragonite|Ice Punch|p1a: Klefki
|-resisted|p1a: Klefki
|-damage|p1a: Klefki|0 fnt
|faint|p1a: Klefki
|
|-fieldend|move: Grassy Terrain
|upkeep
|
|t:|1654306643
|switch|p1a: Ninetales|Ninetales-Alola, M|67/100
|-damage|p1a: Ninetales|42/100|[from] Stealth Rock
|-weather|Hail|[from] ability: Snow Warning|[of] p1a: Ninetales
|turn|14
|
|t:|1654306651
|switch|p2a: Magnezone|Magnezone|100/100
|move|p1a: Ninetales|Aurora Veil|p1a: Ninetales
|-sidestart|p1: Steelix Fusion|move: Aurora Veil
|
|-weather|Hail|[upkeep]
|-damage|p2a: Magnezone|94/100|[from] Hail
|upkeep
|turn|15
|
|t:|1654306657
|move|p1a: Ninetales|Freeze-Dry|p2a: Magnezone
|-resisted|p2a: Magnezone
|-damage|p2a: Magnezone|82/100
|-status|p2a: Magnezone|frz
|cant|p2a: Magnezone|frz
|
|-weather|Hail|[upkeep]
|-damage|p2a: Magnezone|76/100 frz|[from] Hail
|upkeep
|turn|16
|c| Danvalator|pff
|c| Danvalator|the rng
|
|t:|1654306675
|switch|p1a: Rillaboom|Rillaboom, M|81/100
|-damage|p1a: Rillaboom|69/100|[from] Stealth Rock
|-fieldstart|move: Grassy Terrain|[from] ability: Grassy Surge|[of] p1a: Rillaboom
|switch|p2a: Tapu Fini|Tapu Fini|100/100
|-fieldstart|move: Misty Terrain|[from] ability: Misty Surge|[of] p2a: Tapu Fini
|
|-weather|Hail|[upkeep]
|-damage|p1a: Rillaboom|63/100|[from] Hail
|-damage|p2a: Tapu Fini|94/100|[from] Hail
|-heal|p2a: Tapu Fini|100/100|[from] item: Leftovers
|upkeep
|turn|17
|
|t:|1654306687
|switch|p2a: Dragonite|Dragonite, F|100/100
|move|p1a: Rillaboom|Swords Dance|p1a: Rillaboom
|-boost|p1a: Rillaboom|atk|2
|
|-weather|Hail|[upkeep]
|-damage|p1a: Rillaboom|57/100|[from] Hail
|-damage|p2a: Dragonite|94/100|[from] Hail
|upkeep
|turn|18
|c|☆Batataplays|Meh, happens
|
|t:|1654306695
|move|p1a: Rillaboom|Acrobatics|p2a: Dragonite
|-damage|p2a: Dragonite|40/100
|-damage|p1a: Rillaboom|47/100|[from] item: Life Orb
|move|p2a: Dragonite|Dual Wingbeat|p1a: Rillaboom
|-supereffective|p1a: Rillaboom
|-damage|p1a: Rillaboom|8/100
|-supereffective|p1a: Rillaboom
|-damage|p1a: Rillaboom|0 fnt
|faint|p1a: Rillaboom
|-hitcount|p1: Rillaboom|2
|
|-weather|none
|upkeep
|
|t:|1654306706
|switch|p1a: Weavile|Weavile, M|100/100
|-damage|p1a: Weavile|76/100|[from] Stealth Rock
|-ability|p1a: Weavile|Pressure
|turn|19
|
|t:|1654306711
|switch|p2a: Magnezone|Magnezone|76/100 frz
|move|p1a: Weavile|Swords Dance|p1a: Weavile
|-boost|p1a: Weavile|atk|2
|
|upkeep
|turn|20
|
|t:|1654306716
|move|p1a: Weavile|Swords Dance|p1a: Weavile
|-boost|p1a: Weavile|atk|2
|cant|p2a: Magnezone|frz
|
|-fieldend|Misty Terrain
|upkeep
|turn|21
|c| Danvalator|wich set is running dragonite band?
|
|t:|1654306721
|move|p1a: Weavile|Swords Dance|p1a: Weavile
|-boost|p1a: Weavile|atk|2
|cant|p2a: Magnezone|frz
|
|-sideend|p1: Steelix Fusion|move: Aurora Veil
|upkeep
|turn|22
|
|t:|1654306726
|move|p1a: Weavile|Knock Off|p2a: Magnezone
|-damage|p2a: Magnezone|0 fnt
|-enditem|p2a: Magnezone|Chople Berry|[from] move: Knock Off|[of] p1a: Weavile
|faint|p2a: Magnezone
|-damage|p1a: Weavile|66/100|[from] item: Life Orb
|
|upkeep
|c| BabyPigsAreLaughin|It's over.
|
|t:|1654306730
|switch|p2a: Tapu Fini|Tapu Fini|100/100
|-fieldstart|move: Misty Terrain|[from] ability: Misty Surge|[of] p2a: Tapu Fini
|turn|23
|
|t:|1654306735
|move|p1a: Weavile|Knock Off|p2a: Tapu Fini
|-resisted|p2a: Tapu Fini
|-damage|p2a: Tapu Fini|1/100
|-enditem|p2a: Tapu Fini|Leftovers|[from] move: Knock Off|[of] p1a: Weavile
|-damage|p1a: Weavile|56/100|[from] item: Life Orb
|move|p2a: Tapu Fini|Draining Kiss|p1a: Weavile
|-supereffective|p1a: Weavile
|-damage|p1a: Weavile|10/100
|-heal|p2a: Tapu Fini|29/100|[from] drain|[of] p1a: Weavile
|
|upkeep
|turn|24
|c| BabyPigsAreLaughin|He let my bro get 3 SDs.
|
|t:|1654306743
|move|p1a: Weavile|Knock Off|p2a: Tapu Fini
|-resisted|p2a: Tapu Fini
|-damage|p2a: Tapu Fini|0 fnt
|faint|p2a: Tapu Fini
|-damage|p1a: Weavile|0 fnt|[from] item: Life Orb
|faint|p1a: Weavile
|
|upkeep
|c|☆Steelix Fusion|KMNFAO
|c|☆Steelix Fusion|1%
|c|☆Batataplays|Ohh
|
|t:|1654306752
|switch|p1a: Volcarona|Volcarona, M|85/100
|switch|p2a: Kartana|Kartana|88/100
|turn|25
|
|t:|1654306755
|move|p2a: Kartana|Knock Off|p1a: Volcarona
|-damage|p1a: Volcarona|30/100
|-enditem|p1a: Volcarona|Heavy-Duty Boots|[from] move: Knock Off|[of] p2a: Kartana
|move|p1a: Volcarona|Quiver Dance|p1a: Volcarona
|-boost|p1a: Volcarona|spa|1
|-boost|p1a: Volcarona|spd|1
|-boost|p1a: Volcarona|spe|1
|
|upkeep
|turn|26
|c|☆Batataplays|Gg man
|
|t:|1654306762
|move|p2a: Kartana|Knock Off|p1a: Volcarona
|-damage|p1a: Volcarona|0 fnt
|faint|p1a: Volcarona
|-ability|p2a: Kartana|Beast Boost|boost
|-boost|p2a: Kartana|atk|1
|
|upkeep
|c|☆Steelix Fusion|bro
|
|t:|1654306768
|switch|p1a: Scolipede|Scolipede, F|100/100
|-damage|p1a: Scolipede|76/100|[from] Stealth Rock
|turn|27
|
|t:|1654306773
|move|p2a: Kartana|Knock Off|p1a: Scolipede
|-damage|p1a: Scolipede|0 fnt
|-enditem|p1a: Scolipede|Life Orb|[from] move: Knock Off|[of] p2a: Kartana
|faint|p1a: Scolipede
|-ability|p2a: Kartana|Beast Boost|boost
|-boost|p2a: Kartana|atk|1
|
|-fieldend|Misty Terrain
|upkeep
|c| BabyPigsAreLaughin|Damn, that 1% ruined eveything.
|c|☆Steelix Fusion|NO BURN
|c|☆Steelix Fusion|I WAS 4X
|c|☆Steelix Fusion|ADAMANT
|c|☆Steelix Fusion|LO
|c|☆Steelix Fusion|1%
|c|☆Steelix Fusion|IMPOSSIBLE
|c|☆Steelix Fusion|this weirdo said
|c|☆Batataplays|Kekw
|c|☆Steelix Fusion|said gg
|c| Danvalator|enjoy fairy pokemons
|inactive|Steelix Fusion has 120 seconds left.
|c|☆Steelix Fusion|LMFAO
|c|☆Batataplays|Ban fini
|c| Danvalator|xD
|c|☆Steelix Fusion|guys a fuckin loser
|c|☆Steelix Fusion|said gg
|c|☆Batataplays|Sorry bro
|c|☆Steelix Fusion|after living a 4x lo
|c|☆Steelix Fusion|LMFAO
|c| Danvalator|bro u got a freeze
|c|☆Steelix Fusion|1%
|c|☆Steelix Fusion|welp
|c|☆Batataplays|Yeah
|c|☆Steelix Fusion|yeah so what
|inactive|Steelix Fusion has 90 seconds left.
|c| Danvalator|on his magnezone
|j| MVA Monotype
|c|☆Batataplays|Justice" Xf
|c| BabyPigsAreLaughin|The freeze wasn't a major game changer.
|c| Danvalator|lol
|inactive|Steelix Fusion has 60 seconds left.
|c|☆Steelix Fusion|guy lived 4x LO
|c|☆Steelix Fusion|knock off
|c|☆Batataplays|Pokemon is a balancead game
|c|☆Steelix Fusion|i had 1500 att
|c|☆Steelix Fusion|1%
|c|☆Steelix Fusion|yeah fuckin right
|inactive|Steelix Fusion has 30 seconds left.
|c| Danvalator|he can survive if he is bulk enough
|j| KhaoticFlashz
|c|☆Steelix Fusion|https://play.pokemonshowdown.com/battle-gen8ou-1588836432
|j| god.em
|c|☆Steelix Fusion|stfu
|inactive|Steelix Fusion has 20 seconds left.
|c|☆Steelix Fusion|are u dumb?
|inactive|Steelix Fusion has 15 seconds left.
|l| MVA Monotype
|l| KhaoticFlashz
|inactive|Steelix Fusion has 10 seconds left.
|c|☆Batataplays|Lol
|inactive|Steelix Fusion has 5 seconds left.
|-message|Steelix Fusion forfeited.
|
|win|Batataplays
|inactive|Steelix Fusion has 10 seconds left this turn.
|raw|Steelix Fusion's rating: 1635 &rarr; <strong>1622</strong><br />(-13 for losing)
|raw|Batataplays's rating: 1753 &rarr; <strong>1766</strong><br />(+13 for winning)
|l|☆Steelix Fusion
|c| Danvalator|deported xd
|l| god.em
|l|☆Batataplays
||Ladder isn't responding, score probably updated but might not have (Request timeout).
|l| Danvalator
|l| Crowv2
|j|☆Batataplays
|player|p2|Batataplays|leaguestafff
