|raw|<div class="broadcast-blue"><strong>This battle is required to be public due to a player having a name starting with 'lt92pf'.</div>
|j|☆Coach Jones 6fifth
|j|☆LT92PF Ayt
|t:|1660239087
|gametype|singles
|player|p1|Coach Jones 6fifth|lusamine-nihilego|1929
|player|p2|LT92PF Ayt|unknown|1929
|teamsize|p1|6
|teamsize|p2|6
|gen|8
|tier|[Gen 8] OU
|rated|
|rule|Sleep Clause Mod: Limit one foe put to sleep
|rule|Species Clause: Limit one of each Pokémon
|rule|OHKO Clause: OHKO moves are banned
|rule|Evasion Items Clause: Evasion items are banned
|rule|Evasion Moves Clause: Evasion moves are banned
|rule|Endless Battle Clause: Forcing endless battles is banned
|rule|HP Percentage Mod: HP is shown in percentages
|rule|Dynamax Clause: You cannot dynamax
|clearpoke
|poke|p1|Slowking, F|
|poke|p1|Excadrill, F|
|poke|p1|Skarmory, M|
|poke|p1|Tyranitar, M|
|poke|p1|Nidoking, M|
|poke|p1|Ferrothorn, F|
|poke|p2|Heatran, M|
|poke|p2|Blacephalon|
|poke|p2|Rillaboom, M|
|poke|p2|Dragonite, M|
|poke|p2|Gastrodon, F|
|poke|p2|Ferrothorn, M|
|teampreview
|inactive|Battle timer is ON: inactive players will automatically lose when time's up. (requested by LT92PF Ayt)
|
|t:|1660239113
|start
|switch|p1a: Tyranitar|Tyranitar, M|100/100
|switch|p2a: Heatran|Heatran, M|100/100
|-weather|Sandstorm|[from] ability: Sand Stream|[of] p1a: Tyranitar
|turn|1
|
|t:|1660239117
|move|p2a: Heatran|Magma Storm|p1a: Tyranitar
|-resisted|p1a: Tyranitar
|-damage|p1a: Tyranitar|86/100
|-activate|p1a: Tyranitar|move: Magma Storm|[of] p2a: Heatran
|move|p1a: Tyranitar|Superpower|p2a: Heatran
|-supereffective|p2a: Heatran
|-damage|p2a: Heatran|0 fnt
|-unboost|p1a: Tyranitar|atk|1
|-unboost|p1a: Tyranitar|def|1
|faint|p2a: Heatran
|
|-weather|Sandstorm|[upkeep]
|-end|p1a: Tyranitar|Magma Storm|[partiallytrapped]|[silent]
|upkeep
|
|t:|1660239128
|switch|p2a: Rillaboom|Rillaboom, M|100/100
|-fieldstart|move: Grassy Terrain|[from] ability: Grassy Surge|[of] p2a: Rillaboom
|turn|2
|
|t:|1660239131
|switch|p1a: Skarmory|Skarmory, M|100/100
|move|p2a: Rillaboom|Swords Dance|p2a: Rillaboom
|-boost|p2a: Rillaboom|atk|2
|
|-weather|Sandstorm|[upkeep]
|-damage|p2a: Rillaboom|94/100|[from] Sandstorm
|-heal|p2a: Rillaboom|100/100|[from] Grassy Terrain
|upkeep
|turn|3
|
|t:|1660239135
|move|p2a: Rillaboom|Swords Dance|p2a: Rillaboom
|-boost|p2a: Rillaboom|atk|2
|move|p1a: Skarmory|Toxic|p2a: Rillaboom
|-status|p2a: Rillaboom|tox
|
|-weather|Sandstorm|[upkeep]
|-damage|p2a: Rillaboom|94/100 tox|[from] Sandstorm
|-heal|p2a: Rillaboom|100/100 tox|[from] Grassy Terrain
|-damage|p2a: Rillaboom|94/100 tox|[from] psn
|upkeep
|turn|4
|
|t:|1660239138
|move|p2a: Rillaboom|Knock Off|p1a: Skarmory
|-damage|p1a: Skarmory|26/100
|-damage|p2a: Rillaboom|78/100 tox|[from] item: Rocky Helmet|[of] p1a: Skarmory
|-enditem|p1a: Skarmory|Rocky Helmet|[from] move: Knock Off|[of] p2a: Rillaboom
|-damage|p2a: Rillaboom|68/100 tox|[from] item: Life Orb
|move|p1a: Skarmory|Body Press|p2a: Rillaboom
|-damage|p2a: Rillaboom|35/100 tox
|
|-weather|Sandstorm|[upkeep]
|-damage|p2a: Rillaboom|29/100 tox|[from] Sandstorm
|-heal|p2a: Rillaboom|35/100 tox|[from] Grassy Terrain
|-damage|p2a: Rillaboom|23/100 tox|[from] psn
|upkeep
|turn|5
|
|t:|1660239142
|move|p2a: Rillaboom|Knock Off|p1a: Skarmory
|-damage|p1a: Skarmory|0 fnt
|faint|p1a: Skarmory
|-damage|p2a: Rillaboom|13/100 tox|[from] item: Life Orb
|
|-weather|none
|-heal|p2a: Rillaboom|19/100 tox|[from] Grassy Terrain
|-damage|p2a: Rillaboom|0 fnt|[from] psn
|faint|p2a: Rillaboom
|upkeep
|
|t:|1660239147
|switch|p2a: Gastrodon|Gastrodon, F|100/100
|switch|p1a: Tyranitar|Tyranitar, M|86/100
|-weather|Sandstorm|[from] ability: Sand Stream|[of] p1a: Tyranitar
|turn|6
|j| Lt92pf addicted
|
|t:|1660239152
|move|p1a: Tyranitar|Crunch|p2a: Gastrodon
|-damage|p2a: Gastrodon|31/100
|move|p2a: Gastrodon|Toxic|p1a: Tyranitar
|-status|p1a: Tyranitar|tox
|
|-weather|Sandstorm|[upkeep]
|-heal|p1a: Tyranitar|93/100 tox|[from] Grassy Terrain
|-heal|p2a: Gastrodon|37/100|[from] Grassy Terrain
|-heal|p2a: Gastrodon|43/100|[from] item: Leftovers
|-damage|p1a: Tyranitar|86/100 tox|[from] psn
|-fieldend|move: Grassy Terrain
|upkeep
|turn|7
|j| LT92PF Lennart
|j| LT92PF gxkh
|
|t:|1660239158
|switch|p2a: Ferrothorn|Ferrothorn, M|100/100
|move|p1a: Tyranitar|Crunch|p2a: Ferrothorn
|-damage|p2a: Ferrothorn|56/100
|-unboost|p2a: Ferrothorn|def|1
|-damage|p1a: Tyranitar|74/100 tox|[from] ability: Iron Barbs|[of] p2a: Ferrothorn
|
|-weather|Sandstorm|[upkeep]
|-heal|p2a: Ferrothorn|62/100|[from] item: Leftovers
|-damage|p1a: Tyranitar|62/100 tox|[from] psn
|upkeep
|turn|8
|j| Ten Three One
|
|t:|1660239162
|move|p1a: Tyranitar|Crunch|p2a: Ferrothorn
|-damage|p2a: Ferrothorn|0 fnt
|-damage|p1a: Tyranitar|49/100 tox|[from] ability: Iron Barbs|[of] p2a: Ferrothorn
|faint|p2a: Ferrothorn
|
|-weather|Sandstorm|[upkeep]
|-damage|p1a: Tyranitar|31/100 tox|[from] psn
|upkeep
|
|t:|1660239167
|switch|p2a: Dragonite|Dragonite, M|100/100
|turn|9
|
|t:|1660239169
|switch|p1a: Ferrothorn|Ferrothorn, F|100/100
|move|p2a: Dragonite|Earthquake|p1a: Ferrothorn
|-damage|p1a: Ferrothorn|82/100
|
|-weather|Sandstorm|[upkeep]
|-damage|p2a: Dragonite|94/100|[from] Sandstorm
|-heal|p1a: Ferrothorn|88/100|[from] item: Leftovers
|upkeep
|turn|10
|j| LT92PF Ayk
|
|t:|1660239172
|switch|p2a: Gastrodon|Gastrodon, F|43/100
|move|p1a: Ferrothorn|Knock Off|p2a: Gastrodon
|-damage|p2a: Gastrodon|20/100
|-enditem|p2a: Gastrodon|Leftovers|[from] move: Knock Off|[of] p1a: Ferrothorn
|
|-weather|none
|-heal|p1a: Ferrothorn|94/100|[from] item: Leftovers
|upkeep
|turn|11
|
|t:|1660239175
|move|p2a: Gastrodon|Recover|p2a: Gastrodon
|-heal|p2a: Gastrodon|70/100
|move|p1a: Ferrothorn|Stealth Rock|p2a: Gastrodon
|-sidestart|p2: LT92PF Ayt|move: Stealth Rock
|
|-heal|p1a: Ferrothorn|100/100|[from] item: Leftovers
|upkeep
|turn|12
|
|t:|1660239177
|switch|p1a: Slowking|Slowking, F, shiny|100/100
|move|p2a: Gastrodon|Scald|p1a: Slowking
|-resisted|p1a: Slowking
|-damage|p1a: Slowking|93/100
|
|upkeep
|turn|13
|
|t:|1660239180
|move|p2a: Gastrodon|Toxic|p1a: Slowking
|-status|p1a: Slowking|tox
|move|p1a: Slowking|Future Sight|p2a: Gastrodon
|-start|p1a: Slowking|move: Future Sight
|
|-damage|p1a: Slowking|87/100 tox|[from] psn
|upkeep
|turn|14
|
|t:|1660239182
|move|p2a: Gastrodon|Recover|p2a: Gastrodon
|-heal|p2a: Gastrodon|100/100
|move|p1a: Slowking|Teleport|p1a: Slowking
|
|t:|1660239184
|switch|p1a: Nidoking|Nidoking, M|100/100|[from]move: Teleport
|
|upkeep
|turn|15
|j| Screaming light
|j| top 10 on main
|
|t:|1660239187
|move|p1a: Nidoking|Earth Power|p2a: Gastrodon
|-damage|p2a: Gastrodon|54/100
|move|p2a: Gastrodon|Recover|p2a: Gastrodon
|-heal|p2a: Gastrodon|100/100
|
|-end|p2a: Gastrodon|move: Future Sight
|-damage|p2a: Gastrodon|72/100
|upkeep
|turn|16
|
|t:|1660239191
|switch|p1a: Ferrothorn|Ferrothorn, F|100/100
|move|p2a: Gastrodon|Recover|p2a: Gastrodon
|-heal|p2a: Gastrodon|100/100
|
|upkeep
|turn|17
|
|t:|1660239193
|move|p2a: Gastrodon|Scald|p1a: Ferrothorn
|-resisted|p1a: Ferrothorn
|-damage|p1a: Ferrothorn|89/100
|move|p1a: Ferrothorn|Leech Seed|p2a: Gastrodon
|-start|p2a: Gastrodon|move: Leech Seed
|
|-heal|p1a: Ferrothorn|95/100|[from] item: Leftovers
|-damage|p2a: Gastrodon|88/100|[from] Leech Seed|[of] p1a: Ferrothorn
|-heal|p1a: Ferrothorn|100/100|[silent]
|upkeep
|turn|18
|
|t:|1660239195
|switch|p1a: Slowking|Slowking, F, shiny|100/100 tox
|move|p2a: Gastrodon|Scald|p1a: Slowking
|-resisted|p1a: Slowking
|-damage|p1a: Slowking|93/100 tox
|
|-damage|p2a: Gastrodon|76/100|[from] Leech Seed|[of] p1a: Slowking
|-heal|p1a: Slowking|100/100 tox|[silent]
|-damage|p1a: Slowking|94/100 tox|[from] psn
|upkeep
|turn|19
|
|t:|1660239198
|switch|p2a: Dragonite|Dragonite, M|94/100
|move|p1a: Slowking|Scald|p2a: Dragonite
|-resisted|p2a: Dragonite
|-crit|p2a: Dragonite
|-damage|p2a: Dragonite|76/100
|-status|p2a: Dragonite|brn
|
|-damage|p1a: Slowking|82/100 tox|[from] psn
|-damage|p2a: Dragonite|69/100 brn|[from] brn
|upkeep
|turn|20
|j| slainey?
|
|t:|1660239201
|move|p2a: Dragonite|Defog|p1a: Slowking
|-unboost|p1a: Slowking|evasion|1
|-sideend|p2: LT92PF Ayt|Stealth Rock|[from] move: Defog|[of] p2a: Dragonite
|move|p1a: Slowking|Teleport|p1a: Slowking
|
|t:|1660239204
|switch|p1a: Ferrothorn|Ferrothorn, F|100/100|[from]move: Teleport
|
|-damage|p2a: Dragonite|63/100 brn|[from] brn
|upkeep
|turn|21
|
|t:|1660239207
|switch|p2a: Gastrodon|Gastrodon, F|76/100
|move|p1a: Ferrothorn|Knock Off|p2a: Gastrodon
|-damage|p2a: Gastrodon|61/100
|
|upkeep
|turn|22
|
|t:|1660239209
|move|p2a: Gastrodon|Scald|p1a: Ferrothorn
|-resisted|p1a: Ferrothorn
|-damage|p1a: Ferrothorn|91/100
|-status|p1a: Ferrothorn|brn
|move|p1a: Ferrothorn|Knock Off|p2a: Gastrodon
|-damage|p2a: Gastrodon|54/100
|
|-heal|p1a: Ferrothorn|97/100 brn|[from] item: Leftovers
|-damage|p1a: Ferrothorn|91/100 brn|[from] brn
|upkeep
|turn|23
|
|t:|1660239211
|move|p2a: Gastrodon|Recover|p2a: Gastrodon
|-heal|p2a: Gastrodon|100/100
|move|p1a: Ferrothorn|Knock Off|p2a: Gastrodon
|-damage|p2a: Gastrodon|93/100
|
|-heal|p1a: Ferrothorn|97/100 brn|[from] item: Leftovers
|-damage|p1a: Ferrothorn|91/100 brn|[from] brn
|upkeep
|turn|24
|
|t:|1660239214
|switch|p2a: Dragonite|Dragonite, M|63/100 brn
|move|p1a: Ferrothorn|Knock Off|p2a: Dragonite
|-damage|p2a: Dragonite|55/100 brn
|-enditem|p2a: Dragonite|Heavy-Duty Boots|[from] move: Knock Off|[of] p1a: Ferrothorn
|
|-heal|p1a: Ferrothorn|97/100 brn|[from] item: Leftovers
|-damage|p2a: Dragonite|49/100 brn|[from] brn
|-damage|p1a: Ferrothorn|91/100 brn|[from] brn
|upkeep
|turn|25
|
|t:|1660239216
|move|p2a: Dragonite|Roost|p2a: Dragonite
|-heal|p2a: Dragonite|99/100 brn
|-singleturn|p2a: Dragonite|move: Roost
|move|p1a: Ferrothorn|Leech Seed|p2a: Dragonite
|-start|p2a: Dragonite|move: Leech Seed
|
|-heal|p1a: Ferrothorn|97/100 brn|[from] item: Leftovers
|-damage|p2a: Dragonite|86/100 brn|[from] Leech Seed|[of] p1a: Ferrothorn
|-heal|p1a: Ferrothorn|100/100 brn|[silent]
|-damage|p2a: Dragonite|80/100 brn|[from] brn
|-damage|p1a: Ferrothorn|94/100 brn|[from] brn
|upkeep
|turn|26
|l| Screaming light
|
|t:|1660239218
|switch|p2a: Gastrodon|Gastrodon, F|93/100
|move|p1a: Ferrothorn|Stealth Rock|p2a: Gastrodon
|-sidestart|p2: LT92PF Ayt|move: Stealth Rock
|
|-heal|p1a: Ferrothorn|100/100 brn|[from] item: Leftovers
|-damage|p1a: Ferrothorn|94/100 brn|[from] brn
|upkeep
|turn|27
|
|t:|1660239222
|switch|p1a: Slowking|Slowking, F, shiny|100/100 tox
|move|p2a: Gastrodon|Earth Power|p1a: Slowking
|-damage|p1a: Slowking|83/100 tox
|
|-damage|p1a: Slowking|77/100 tox|[from] psn
|upkeep
|turn|28
|
|t:|1660239226
|move|p2a: Gastrodon|Earth Power|p1a: Slowking
|-damage|p1a: Slowking|60/100 tox
|move|p1a: Slowking|Teleport|p1a: Slowking
|
|t:|1660239229
|switch|p1a: Ferrothorn|Ferrothorn, F|94/100 brn|[from]move: Teleport
|
|-heal|p1a: Ferrothorn|100/100 brn|[from] item: Leftovers
|-damage|p1a: Ferrothorn|94/100 brn|[from] brn
|upkeep
|turn|29
|
|t:|1660239232
|move|p2a: Gastrodon|Earth Power|p1a: Ferrothorn
|-damage|p1a: Ferrothorn|72/100 brn
|move|p1a: Ferrothorn|Leech Seed|p2a: Gastrodon
|-start|p2a: Gastrodon|move: Leech Seed
|
|-heal|p1a: Ferrothorn|78/100 brn|[from] item: Leftovers
|-damage|p2a: Gastrodon|81/100|[from] Leech Seed|[of] p1a: Ferrothorn
|-heal|p1a: Ferrothorn|93/100 brn|[silent]
|-damage|p1a: Ferrothorn|87/100 brn|[from] brn
|upkeep
|turn|30
|
|t:|1660239235
|switch|p2a: Dragonite|Dragonite, M|80/100 brn
|-damage|p2a: Dragonite|55/100 brn|[from] Stealth Rock
|switch|p1a: Slowking|Slowking, F, shiny|93/100 tox
|
|-damage|p1a: Slowking|87/100 tox|[from] psn
|-damage|p2a: Dragonite|49/100 brn|[from] brn
|upkeep
|turn|31
|
|t:|1660239239
|move|p2a: Dragonite|Roost|p2a: Dragonite
|-heal|p2a: Dragonite|99/100 brn
|-singleturn|p2a: Dragonite|move: Roost
|move|p1a: Slowking|Teleport|p1a: Slowking
|
|t:|1660239241
|switch|p1a: Nidoking|Nidoking, M|100/100|[from]move: Teleport
|
|-damage|p2a: Dragonite|93/100 brn|[from] brn
|upkeep
|turn|32
|
|t:|1660239245
|move|p1a: Nidoking|Ice Beam|p2a: Dragonite
|-supereffective|p2a: Dragonite
|-damage|p2a: Dragonite|0 fnt
|faint|p2a: Dragonite
|
|upkeep
|
|t:|1660239248
|switch|p2a: Blacephalon|Blacephalon|100/100
|-damage|p2a: Blacephalon|76/100|[from] Stealth Rock
|turn|33
|
|t:|1660239250
|move|p2a: Blacephalon|Shadow Ball|p1a: Nidoking
|-damage|p1a: Nidoking|5/100
|move|p1a: Nidoking|Earth Power|p2a: Blacephalon
|-supereffective|p2a: Blacephalon
|-damage|p2a: Blacephalon|0 fnt
|faint|p2a: Blacephalon
|
|upkeep
|-message|LT92PF Ayt forfeited.
|
|win|Coach Jones 6fifth
|raw|Coach Jones 6fifth's rating: 1929 &rarr; <strong>1949</strong><br />(+20 for winning)
|raw|LT92PF Ayt's rating: 1929 &rarr; <strong>1909</strong><br />(-20 for losing)
|l|☆LT92PF Ayt
|l|☆Coach Jones 6fifth
|l| LT92PF gxkh
|j| ds des chats
|n| epic chicken YT|top10onmain
