|j|‽minimax_ai
|j|☆Kaleor
|t:|1667455289
|gametype|singles
|player|p1|minimax_ai|266|1500
|player|p2|Kaleor|swimmer-gen4dp|1583
|teamsize|p1|6
|teamsize|p2|6
|gen|8
|tier|[Gen 8] OU
|rated|
|rule|Sleep Clause Mod: Limit one foe put to sleep
|rule|Species Clause: Limit one of each Pokémon
|rule|OHKO Clause: OHKO moves are banned
|rule|Evasion Items Clause: Evasion items are banned
|rule|Evasion Moves Clause: Evasion moves are banned
|rule|Endless Battle Clause: Forcing endless battles is banned
|rule|HP Percentage Mod: HP is shown in percentages
|rule|Dynamax Clause: You cannot dynamax
|clearpoke
|poke|p1|Rotom-Wash|
|poke|p1|Weavile, M|
|poke|p1|Landorus-Therian, M|
|poke|p1|Heatran, M|
|poke|p1|Tangrowth, F|
|poke|p1|Melmetal|
|poke|p2|Melmetal|
|poke|p2|Gengar, F|
|poke|p2|Tapu Lele|
|poke|p2|Landorus-Therian, M|
|poke|p2|Skarmory, M|
|poke|p2|Kartana|
|teampreview
|inactive|Battle timer is ON: inactive players will automatically lose when time's up. (requested by Kaleor)
|inactive|minimax_ai also wants the timer to be on.
|
|t:|1667455301
|start
|switch|p1a: Heatran|Heatran, M|100/100
|switch|p2a: Tapu Lele|Tapu Lele|100/100
|-fieldstart|move: Psychic Terrain|[from] ability: Psychic Surge|[of] p2a: Tapu Lele
|-item|p1a: Heatran|Air Balloon
|turn|1
|
|t:|1667455306
|switch|p1a: Melmetal|Melmetal|100/100
|move|p2a: Tapu Lele|Focus Blast|p1a: Melmetal|[miss]
|-miss|p2a: Tapu Lele|p1a: Melmetal
|
|upkeep
|turn|2
|
|t:|1667455312
|switch|p2a: Landorus|Landorus-Therian, M|100/100
|-ability|p2a: Landorus|Intimidate|boost
|-unboost|p1a: Melmetal|atk|1
|move|p1a: Melmetal|Ice Punch|p2a: Landorus
|-supereffective|p2a: Landorus
|-damage|p2a: Landorus|40/100
|
|-heal|p2a: Landorus|46/100|[from] item: Leftovers
|upkeep
|turn|3
|
|t:|1667455314
|move|p2a: Landorus|U-turn|p1a: Melmetal
|-resisted|p1a: Melmetal
|-damage|p1a: Melmetal|95/100
|
|t:|1667455316
|switch|p2a: Skarmory|Skarmory, M|100/100|[from]move: U-turn
|move|p1a: Melmetal|Ice Punch|p2a: Skarmory
|-crit|p2a: Skarmory
|-damage|p2a: Skarmory|56/100
|
|upkeep
|turn|4
|
|t:|1667455320
|switch|p1a: Rotom|Rotom-Wash|100/100
|move|p2a: Skarmory|Stealth Rock|p1a: Rotom
|-sidestart|p1: minimax_ai|move: Stealth Rock
|
|upkeep
|turn|5
|
|t:|1667455324
|move|p1a: Rotom|Thunderbolt|p2a: Skarmory
|-supereffective|p2a: Skarmory
|-damage|p2a: Skarmory|0 fnt
|faint|p2a: Skarmory
|
|-fieldend|move: Psychic Terrain
|upkeep
|
|t:|1667455327
|switch|p2a: Tapu Lele|Tapu Lele|100/100
|-fieldstart|move: Psychic Terrain|[from] ability: Psychic Surge|[of] p2a: Tapu Lele
|turn|6
|
|t:|1667455331
|move|p2a: Tapu Lele|Focus Blast|p1a: Rotom
|-damage|p1a: Rotom|30/100
|move|p1a: Rotom|Pain Split|p2a: Tapu Lele
|-sethp|p2a: Tapu Lele|67/100|[from] move: Pain Split|[silent]
|-sethp|p1a: Rotom|62/100|[from] move: Pain Split
|
|-heal|p1a: Rotom|68/100|[from] item: Leftovers
|upkeep
|turn|7
|
|t:|1667455334
|move|p2a: Tapu Lele|Focus Blast|p1a: Rotom
|-damage|p1a: Rotom|6/100
|move|p1a: Rotom|Pain Split|p2a: Tapu Lele
|-sethp|p2a: Tapu Lele|37/100|[from] move: Pain Split|[silent]
|-sethp|p1a: Rotom|34/100|[from] move: Pain Split
|
|-heal|p1a: Rotom|40/100|[from] item: Leftovers
|upkeep
|turn|8
|
|t:|1667455336
|switch|p1a: Landorus|Landorus-Therian, M|100/100
|-damage|p1a: Landorus|88/100|[from] Stealth Rock
|-ability|p1a: Landorus|Intimidate|boost
|-unboost|p2a: Tapu Lele|atk|1
|move|p2a: Tapu Lele|Focus Blast|p1a: Landorus
|-resisted|p1a: Landorus
|-damage|p1a: Landorus|66/100
|
|-heal|p1a: Landorus|72/100|[from] item: Leftovers
|upkeep
|turn|9
|
|t:|1667455339
|switch|p2a: Landorus|Landorus-Therian, M|46/100
|-ability|p2a: Landorus|Intimidate|boost
|-unboost|p1a: Landorus|atk|1
|move|p1a: Landorus|Defog|p2a: Landorus
|-unboost|p2a: Landorus|evasion|1
|-sideend|p1: minimax_ai|Stealth Rock|[from] move: Defog|[of] p1a: Landorus
|-fieldend|move: Psychic Terrain
|
|-heal|p2a: Landorus|52/100|[from] item: Leftovers
|-heal|p1a: Landorus|78/100|[from] item: Leftovers
|upkeep
|turn|10
|
|t:|1667455341
|move|p1a: Landorus|Toxic|p2a: Landorus
|-status|p2a: Landorus|tox
|move|p2a: Landorus|Toxic|p1a: Landorus
|-status|p1a: Landorus|tox
|
|-heal|p1a: Landorus|84/100 tox|[from] item: Leftovers
|-heal|p2a: Landorus|58/100 tox|[from] item: Leftovers
|-damage|p2a: Landorus|52/100 tox|[from] psn
|-damage|p1a: Landorus|78/100 tox|[from] psn
|upkeep
|turn|11
|
|t:|1667455343
|move|p1a: Landorus|Defog|p2a: Landorus
|-unboost|p2a: Landorus|evasion|1
|move|p2a: Landorus|U-turn|p1a: Landorus
|-resisted|p1a: Landorus
|-damage|p1a: Landorus|66/100 tox
|
|t:|1667455346
|switch|p2a: Tapu Lele|Tapu Lele|37/100|[from]move: U-turn
|-fieldstart|move: Psychic Terrain|[from] ability: Psychic Surge|[of] p2a: Tapu Lele
|
|-heal|p1a: Landorus|72/100 tox|[from] item: Leftovers
|-damage|p1a: Landorus|60/100 tox|[from] psn
|upkeep
|turn|12
|
|t:|1667455353
|switch|p1a: Melmetal|Melmetal|95/100
|move|p2a: Tapu Lele|Psychic|p1a: Melmetal
|-resisted|p1a: Melmetal
|-damage|p1a: Melmetal|72/100
|
|upkeep
|turn|13
|
|t:|1667455360
|switch|p2a: Landorus|Landorus-Therian, M|52/100 tox
|-ability|p2a: Landorus|Intimidate|boost
|-unboost|p1a: Melmetal|atk|1
|move|p1a: Melmetal|Double Iron Bash|p2a: Landorus
|-damage|p2a: Landorus|34/100 tox
|-damage|p2a: Landorus|15/100 tox
|-hitcount|p2a: Landorus|2
|
|-heal|p2a: Landorus|21/100 tox|[from] item: Leftovers
|-damage|p2a: Landorus|15/100 tox|[from] psn
|upkeep
|turn|14
|
|t:|1667455366
|move|p2a: Landorus|U-turn|p1a: Melmetal
|-resisted|p1a: Melmetal
|-damage|p1a: Melmetal|66/100
|
|t:|1667455369
|switch|p2a: Melmetal|Melmetal|100/100|[from]move: U-turn
|move|p1a: Melmetal|Double Iron Bash|p2a: Melmetal
|-resisted|p2a: Melmetal
|-damage|p2a: Melmetal|94/100
|-resisted|p2a: Melmetal
|-damage|p2a: Melmetal|87/100
|-hitcount|p2a: Melmetal|2
|
|upkeep
|turn|15
|
|t:|1667455374
|move|p1a: Melmetal|Double Iron Bash|p2a: Melmetal
|-resisted|p2a: Melmetal
|-damage|p2a: Melmetal|79/100
|-resisted|p2a: Melmetal
|-damage|p2a: Melmetal|72/100
|-hitcount|p2a: Melmetal|2
|cant|p2a: Melmetal|flinch
|
|-fieldend|move: Psychic Terrain
|upkeep
|turn|16
|
|t:|1667455376
|move|p1a: Melmetal|Double Iron Bash|p2a: Melmetal
|-resisted|p2a: Melmetal
|-damage|p2a: Melmetal|65/100
|-resisted|p2a: Melmetal
|-damage|p2a: Melmetal|58/100
|-hitcount|p2a: Melmetal|2
|cant|p2a: Melmetal|flinch
|
|upkeep
|turn|17
|
|t:|1667455379
|move|p1a: Melmetal|Double Iron Bash|p2a: Melmetal
|-resisted|p2a: Melmetal
|-damage|p2a: Melmetal|51/100
|-resisted|p2a: Melmetal
|-damage|p2a: Melmetal|44/100
|-hitcount|p2a: Melmetal|2
|cant|p2a: Melmetal|flinch
|
|upkeep
|turn|18
|
|t:|1667455381
|move|p1a: Melmetal|Double Iron Bash|p2a: Melmetal
|-resisted|p2a: Melmetal
|-damage|p2a: Melmetal|37/100
|-resisted|p2a: Melmetal
|-damage|p2a: Melmetal|30/100
|-hitcount|p2a: Melmetal|2
|cant|p2a: Melmetal|flinch
|
|upkeep
|turn|19
|
|t:|1667455385
|move|p1a: Melmetal|Double Iron Bash|p2a: Melmetal
|-resisted|p2a: Melmetal
|-damage|p2a: Melmetal|23/100
|-resisted|p2a: Melmetal
|-crit|p2a: Melmetal
|-damage|p2a: Melmetal|8/100
|-hitcount|p2a: Melmetal|2
|cant|p2a: Melmetal|flinch
|
|upkeep
|turn|20
|
|t:|1667455397
|switch|p2a: Landorus|Landorus-Therian, M|15/100 tox
|-ability|p2a: Landorus|Intimidate|boost
|-unboost|p1a: Melmetal|atk|1
|move|p1a: Melmetal|Double Iron Bash|p2a: Landorus
|-damage|p2a: Landorus|0 fnt
|faint|p2a: Landorus
|-hitcount|p2: Landorus|1
|
|upkeep
|
|t:|1667455401
|switch|p2a: Kartana|Kartana|100/100
|turn|21
|
|t:|1667455406
|switch|p1a: Tangrowth|Tangrowth, F|100/100
|move|p2a: Kartana|Swords Dance|p2a: Kartana
|-boost|p2a: Kartana|atk|2
|
|upkeep
|turn|22
|
|t:|1667455409
|move|p2a: Kartana|Knock Off|p1a: Tangrowth
|-damage|p1a: Tangrowth|43/100
|-damage|p2a: Kartana|84/100|[from] item: Rocky Helmet|[of] p1a: Tangrowth
|-enditem|p1a: Tangrowth|Rocky Helmet|[from] move: Knock Off|[of] p2a: Kartana
|-damage|p2a: Kartana|74/100|[from] item: Life Orb
|move|p1a: Tangrowth|Focus Blast|p2a: Kartana
|-supereffective|p2a: Kartana
|-damage|p2a: Kartana|0 fnt
|faint|p2a: Kartana
|
|upkeep
|
|t:|1667455413
|switch|p2a: Tapu Lele|Tapu Lele|37/100
|-fieldstart|move: Psychic Terrain|[from] ability: Psychic Surge|[of] p2a: Tapu Lele
|turn|23
|
|t:|1667455420
|switch|p1a: Landorus|Landorus-Therian, M|60/100 tox
|-ability|p1a: Landorus|Intimidate|boost
|-unboost|p2a: Tapu Lele|atk|1
|move|p2a: Tapu Lele|Focus Blast|p1a: Landorus
|-resisted|p1a: Landorus
|-damage|p1a: Landorus|36/100 tox
|
|-heal|p1a: Landorus|42/100 tox|[from] item: Leftovers
|-damage|p1a: Landorus|36/100 tox|[from] psn
|upkeep
|turn|24
|
|t:|1667455424
|switch|p2a: Melmetal|Melmetal|8/100
|move|p1a: Landorus|Earthquake|p2a: Melmetal
|-supereffective|p2a: Melmetal
|-damage|p2a: Melmetal|0 fnt
|faint|p2a: Melmetal
|
|-heal|p1a: Landorus|42/100 tox|[from] item: Leftovers
|-damage|p1a: Landorus|30/100 tox|[from] psn
|upkeep
|
|t:|1667455426
|switch|p2a: Gengar|Gengar, F|100/100
|turn|25
|
|t:|1667455429
|move|p2a: Gengar|Shadow Ball|p1a: Landorus
|-damage|p1a: Landorus|0 fnt
|faint|p1a: Landorus
|
|upkeep
|
|t:|1667455429
|switch|p1a: Melmetal|Melmetal|66/100
|turn|26
|
|t:|1667455431
|switch|p1a: Weavile|Weavile, M|100/100
|-ability|p1a: Weavile|Pressure
|move|p2a: Gengar|Shadow Ball|p1a: Weavile
|-resisted|p1a: Weavile
|-damage|p1a: Weavile|72/100
|
|upkeep
|turn|27
|
|t:|1667455434
|move|p2a: Gengar|Shadow Ball|p1a: Weavile
|-resisted|p1a: Weavile
|-damage|p1a: Weavile|45/100
|move|p1a: Weavile|Triple Axel|p2a: Gengar
|-damage|p2a: Gengar|70/100
|-damage|p2a: Gengar|16/100
|-start|p1a: Weavile|Disable|Triple Axel|[from] ability: Cursed Body|[of] p2a: Gengar
|-damage|p2a: Gengar|0 fnt
|faint|p2a: Gengar
|-hitcount|p2: Gengar|3
|
|-fieldend|move: Psychic Terrain
|upkeep
|
|t:|1667455437
|switch|p2a: Tapu Lele|Tapu Lele|37/100
|-fieldstart|move: Psychic Terrain|[from] ability: Psychic Surge|[of] p2a: Tapu Lele
|turn|28
|
|t:|1667455439
|-activate|p1a: Weavile|move: Struggle
|move|p1a: Weavile|Struggle|p2a: Tapu Lele
|-damage|p2a: Tapu Lele|1/100
|-damage|p1a: Weavile|20/100|[from] recoil
|move|p2a: Tapu Lele|Focus Blast|p1a: Weavile
|-supereffective|p1a: Weavile
|-damage|p1a: Weavile|0 fnt
|faint|p1a: Weavile
|
|upkeep
|
|t:|1667455439
|switch|p1a: Tangrowth|Tangrowth, F|76/100
|turn|29
|
|t:|1667455442
|move|p2a: Tapu Lele|Focus Blast|p1a: Tangrowth
|-damage|p1a: Tangrowth|0 fnt
|faint|p1a: Tangrowth
|
|upkeep
|
|t:|1667455442
|switch|p1a: Melmetal|Melmetal|66/100
|turn|30
|-message|Kaleor forfeited.
|
|win|minimax_ai
|raw|minimax_ai's rating: 1500 &rarr; <strong>1525</strong><br />(+25 for winning)
|raw|Kaleor's rating: 1583 &rarr; <strong>1558</strong><br />(-25 for losing)
|l|☆Kaleor
