|j|☆minimax_ai
|j|☆comp233
|t:|1665336308
|gametype|singles
|player|p1|minimax_ai|lusamine-nihilego|1718
|player|p2|comp233|rosa|1703
|teamsize|p1|6
|teamsize|p2|6
|gen|8
|tier|[Gen 8] OU
|rated|
|rule|Sleep Clause Mod: Limit one foe put to sleep
|rule|Species Clause: Limit one of each Pokémon
|rule|OHKO Clause: OHKO moves are banned
|rule|Evasion Items Clause: Evasion items are banned
|rule|Evasion Moves Clause: Evasion moves are banned
|rule|Endless Battle Clause: Forcing endless battles is banned
|rule|HP Percentage Mod: HP is shown in percentages
|rule|Dynamax Clause: You cannot dynamax
|clearpoke
|poke|p1|Rotom-Wash|
|poke|p1|Weavile, F|
|poke|p1|Landorus-Therian, M|
|poke|p1|Heatran, M|
|poke|p1|Tangrowth, M|
|poke|p1|Melmetal|
|poke|p2|Dragapult, M|
|poke|p2|Melmetal|
|poke|p2|Zapdos-Galar|
|poke|p2|Blaziken, M|
|poke|p2|Victini|
|poke|p2|Landorus-Therian, M|
|teampreview
|c|☆minimax_ai|hf
|inactive|Battle timer is ON: inactive players will automatically lose when time's up. (requested by minimax_ai)
|
|t:|1665336335
|start
|switch|p1a: rotomwash|Rotom-Wash|100/100
|switch|p2a: Dragapult|Dragapult, M, shiny|100/100
|turn|1
|
|t:|1665336343
|move|p2a: Dragapult|Draco Meteor|p1a: rotomwash
|-damage|p1a: rotomwash|29/100
|-unboost|p2a: Dragapult|spa|2
|move|p1a: rotomwash|Pain Split|p2a: Dragapult
|-sethp|p2a: Dragapult|63/100|[from] move: Pain Split|[silent]
|-sethp|p1a: rotomwash|72/100|[from] move: Pain Split
|
|-heal|p1a: rotomwash|78/100|[from] item: Leftovers
|upkeep
|turn|2
|
|t:|1665336349
|move|p2a: Dragapult|Draco Meteor|p1a: rotomwash
|-damage|p1a: rotomwash|48/100
|-unboost|p2a: Dragapult|spa|2
|move|p1a: rotomwash|Hydro Pump|p2a: Dragapult
|-resisted|p2a: Dragapult
|-damage|p2a: Dragapult|36/100
|
|-heal|p1a: rotomwash|54/100|[from] item: Leftovers
|upkeep
|turn|3
|j| sada is dafa
|
|t:|1665336363
|move|p2a: Dragapult|Draco Meteor|p1a: rotomwash
|-damage|p1a: rotomwash|30/100
|-unboost|p2a: Dragapult|spa|2
|move|p1a: rotomwash|Hydro Pump|p2a: Dragapult
|-resisted|p2a: Dragapult
|-damage|p2a: Dragapult|11/100
|
|-heal|p1a: rotomwash|37/100|[from] item: Leftovers
|upkeep
|turn|4
|
|t:|1665336366
|move|p2a: Dragapult|Draco Meteor|p1a: rotomwash
|-damage|p1a: rotomwash|20/100
|move|p1a: rotomwash|Thunderbolt|p2a: Dragapult
|-resisted|p2a: Dragapult
|-damage|p2a: Dragapult|0 fnt
|faint|p2a: Dragapult
|
|-heal|p1a: rotomwash|26/100|[from] item: Leftovers
|upkeep
|
|t:|1665336375
|switch|p2a: Zapdos|Zapdos-Galar|100/100
|turn|5
|
|t:|1665336377
|switch|p1a: Tangrowth|Tangrowth, M|100/100
|move|p2a: Zapdos|Close Combat|p1a: Tangrowth
|-damage|p1a: Tangrowth|56/100
|-unboost|p2a: Zapdos|def|1
|-unboost|p2a: Zapdos|spd|1
|-damage|p2a: Zapdos|84/100|[from] item: Rocky Helmet|[of] p1a: Tangrowth
|
|upkeep
|turn|6
|
|t:|1665336394
|switch|p2a: Victini|Victini|100/100
|move|p1a: Tangrowth|Focus Blast|p2a: Victini
|-resisted|p2a: Victini
|-damage|p2a: Victini|85/100
|
|upkeep
|turn|7
|j| ISimpForNessa
|
|t:|1665336399
|move|p2a: Victini|Glaciate|p1a: Tangrowth
|-supereffective|p1a: Tangrowth
|-damage|p1a: Tangrowth|15/100
|-unboost|p1a: Tangrowth|spe|1
|move|p1a: Tangrowth|Knock Off|p2a: Victini
|-supereffective|p2a: Victini
|-damage|p2a: Victini|41/100
|-enditem|p2a: Victini|Heavy-Duty Boots|[from] move: Knock Off|[of] p1a: Tangrowth
|
|upkeep
|turn|8
|
|t:|1665336409
|switch|p1a: rotomwash|Rotom-Wash|26/100
|move|p2a: Victini|U-turn|p1a: rotomwash
|-damage|p1a: rotomwash|1/100
|
|t:|1665336414
|switch|p2a: Zapdos|Zapdos-Galar|84/100|[from]move: U-turn
|
|-heal|p1a: rotomwash|8/100|[from] item: Leftovers
|upkeep
|turn|9
|
|t:|1665336426
|move|p2a: Zapdos|U-turn|p1a: rotomwash
|-damage|p1a: rotomwash|0 fnt
|faint|p1a: rotomwash
|
|t:|1665336435
|switch|p2a: Melmetal|Melmetal, shiny|100/100|[from]move: U-turn
|
|upkeep
|
|t:|1665336435
|switch|p1a: Heatran|Heatran, M|100/100
|-item|p1a: Heatran|Air Balloon
|turn|10
|
|t:|1665336440
|switch|p2a: Blaziken|Blaziken, M, shiny|100/100
|move|p1a: Heatran|Eruption|p2a: Blaziken
|-resisted|p2a: Blaziken
|-damage|p2a: Blaziken|45/100
|
|upkeep
|turn|11
|
|t:|1665336443
|switch|p1a: Tangrowth|Tangrowth, M|49/100
|move|p2a: Blaziken|Close Combat|p1a: Tangrowth
|-damage|p1a: Tangrowth|7/100
|-unboost|p2a: Blaziken|def|1
|-unboost|p2a: Blaziken|spd|1
|-damage|p2a: Blaziken|28/100|[from] item: Rocky Helmet|[of] p1a: Tangrowth
|-damage|p2a: Blaziken|18/100|[from] item: Life Orb
|
|-ability|p2a: Blaziken|Speed Boost|boost
|-boost|p2a: Blaziken|spe|1
|upkeep
|turn|12
|
|t:|1665336451
|switch|p2a: Zapdos|Zapdos-Galar|84/100
|switch|p1a: Melmetal|Melmetal|100/100
|
|upkeep
|turn|13
|
|t:|1665336453
|switch|p1a: Tangrowth|Tangrowth, M|40/100
|move|p2a: Zapdos|Close Combat|p1a: Tangrowth
|-damage|p1a: Tangrowth|0 fnt
|-unboost|p2a: Zapdos|def|1
|-unboost|p2a: Zapdos|spd|1
|-damage|p2a: Zapdos|67/100|[from] item: Rocky Helmet|[of] p1a: Tangrowth
|faint|p1a: Tangrowth
|
|upkeep
|
|t:|1665336453
|switch|p1a: Weavile|Weavile, F|100/100
|-ability|p1a: Weavile|Pressure
|turn|14
|
|t:|1665336467
|switch|p2a: Melmetal|Melmetal, shiny|100/100
|move|p1a: Weavile|Triple Axel|p2a: Melmetal
|-resisted|p2a: Melmetal
|-damage|p2a: Melmetal|96/100
|-resisted|p2a: Melmetal
|-damage|p2a: Melmetal|88/100
|-resisted|p2a: Melmetal
|-damage|p2a: Melmetal|76/100
|-hitcount|p2a: Melmetal|3
|
|upkeep
|turn|15
|
|t:|1665336478
|switch|p2a: Blaziken|Blaziken, M, shiny|18/100
|move|p1a: Weavile|Triple Axel|p2a: Blaziken
|-resisted|p2a: Blaziken
|-damage|p2a: Blaziken|6/100
|-resisted|p2a: Blaziken
|-damage|p2a: Blaziken|0 fnt
|faint|p2a: Blaziken
|-hitcount|p2: Blaziken|2
|
|upkeep
|
|t:|1665336483
|switch|p2a: Melmetal|Melmetal, shiny|76/100
|turn|16
|
|t:|1665336489
|move|p1a: Weavile|Triple Axel|p2a: Melmetal
|-resisted|p2a: Melmetal
|-damage|p2a: Melmetal|72/100
|-resisted|p2a: Melmetal
|-damage|p2a: Melmetal|65/100
|-resisted|p2a: Melmetal
|-damage|p2a: Melmetal|53/100
|-hitcount|p2a: Melmetal|3
|move|p2a: Melmetal|Double Iron Bash|p1a: Weavile
|-supereffective|p1a: Weavile
|-damage|p1a: Weavile|0 fnt
|faint|p1a: Weavile
|-hitcount|p1: Weavile|1
|
|upkeep
|
|t:|1665336489
|switch|p1a: Heatran|Heatran, M|100/100
|-item|p1a: Heatran|Air Balloon
|turn|17
|
|t:|1665336498
|switch|p2a: Victini|Victini|41/100
|move|p1a: Heatran|Eruption|p2a: Victini
|-resisted|p2a: Victini
|-damage|p2a: Victini|3/100
|
|upkeep
|turn|18
|
|t:|1665336501
|move|p1a: Heatran|Magma Storm|p2a: Victini
|-resisted|p2a: Victini
|-damage|p2a: Victini|0 fnt
|faint|p2a: Victini
|
|upkeep
|
|t:|1665336502
|switch|p2a: Zapdos|Zapdos-Galar|67/100
|turn|19
|
|t:|1665336503
|switch|p1a: Melmetal|Melmetal|100/100
|move|p2a: Zapdos|Close Combat|p1a: Melmetal
|-supereffective|p1a: Melmetal
|-damage|p1a: Melmetal|5/100
|-unboost|p2a: Zapdos|def|1
|-unboost|p2a: Zapdos|spd|1
|
|upkeep
|turn|20
|
|t:|1665336505
|move|p2a: Zapdos|Close Combat|p1a: Melmetal
|-supereffective|p1a: Melmetal
|-damage|p1a: Melmetal|0 fnt
|-unboost|p2a: Zapdos|def|1
|-unboost|p2a: Zapdos|spd|1
|faint|p1a: Melmetal
|
|upkeep
|
|t:|1665336505
|switch|p1a: landorustherian|Landorus-Therian, M|100/100
|-ability|p1a: landorustherian|Intimidate|boost
|-unboost|p2a: Zapdos|atk|1
|-ability|p2a: Zapdos|Defiant|boost
|-boost|p2a: Zapdos|atk|2
|turn|21
|
|t:|1665336513
|switch|p2a: Landorus|Landorus-Therian, M|100/100
|-ability|p2a: Landorus|Intimidate|boost
|-unboost|p1a: landorustherian|atk|1
|move|p1a: landorustherian|Toxic|p2a: Landorus
|-status|p2a: Landorus|tox
|
|-damage|p2a: Landorus|95/100 tox|[from] psn
|upkeep
|turn|22
|j| bear kigurumi
|l| bear kigurumi
|
|t:|1665336524
|move|p2a: Landorus|Knock Off|p1a: landorustherian
|-damage|p1a: landorustherian|62/100
|-enditem|p1a: landorustherian|Leftovers|[from] move: Knock Off|[of] p2a: Landorus
|move|p1a: landorustherian|Toxic|p2a: Landorus
|-fail|p2a: Landorus|tox
|
|-damage|p2a: Landorus|83/100 tox|[from] psn
|upkeep
|turn|23
|
|t:|1665336531
|move|p2a: Landorus|Knock Off|p1a: landorustherian
|-damage|p1a: landorustherian|39/100
|move|p1a: landorustherian|Toxic|p2a: Landorus
|-fail|p2a: Landorus|tox
|
|-damage|p2a: Landorus|65/100 tox|[from] psn
|upkeep
|turn|24
|
|t:|1665336532
|move|p2a: Landorus|Knock Off|p1a: landorustherian
|-damage|p1a: landorustherian|17/100
|move|p1a: landorustherian|Toxic|p2a: Landorus
|-fail|p2a: Landorus|tox
|
|-damage|p2a: Landorus|41/100 tox|[from] psn
|upkeep
|turn|25
|
|t:|1665336534
|move|p2a: Landorus|Knock Off|p1a: landorustherian
|-damage|p1a: landorustherian|0 fnt
|faint|p1a: landorustherian
|
|-damage|p2a: Landorus|11/100 tox|[from] psn
|upkeep
|
|t:|1665336534
|switch|p1a: Heatran|Heatran, M|100/100
|-item|p1a: Heatran|Air Balloon
|turn|26
|
|t:|1665336536
|move|p2a: Landorus|Knock Off|p1a: Heatran
|-damage|p1a: Heatran|67/100
|-enditem|p1a: Heatran|Air Balloon
|move|p1a: Heatran|Eruption|p2a: Landorus
|-damage|p2a: Landorus|0 fnt
|faint|p2a: Landorus
|
|upkeep
|
|t:|1665336539
|switch|p2a: Zapdos|Zapdos-Galar|67/100
|turn|27
|
|t:|1665336540
|move|p2a: Zapdos|Close Combat|p1a: Heatran
|-supereffective|p1a: Heatran
|-damage|p1a: Heatran|0 fnt
|-unboost|p2a: Zapdos|def|1
|-unboost|p2a: Zapdos|spd|1
|faint|p1a: Heatran
|
|win|comp233
|raw|minimax_ai's rating: 1718 &rarr; <strong>1697</strong><br />(-21 for losing)
|raw|comp233's rating: 1703 &rarr; <strong>1724</strong><br />(+21 for winning)
|c|☆minimax_ai|gg
|l|☆minimax_ai
|c|☆comp233|gg
|l| sada is dafa
||Ladder isn't responding, score probably updated but might not have (Request timeout).
