|j|☆PANDA EXPRESS HR
|j|☆quixana
|t:|1665295135
|gametype|singles
|player|p1|PANDA EXPRESS HR|170|1650
|player|p2|quixana|ethan-pokeathlon|1782
|teamsize|p1|6
|teamsize|p2|6
|gen|8
|tier|[Gen 8] OU
|rated|
|rule|Sleep Clause Mod: Limit one foe put to sleep
|rule|Species Clause: Limit one of each Pokémon
|rule|OHKO Clause: OHKO moves are banned
|rule|Evasion Items Clause: Evasion items are banned
|rule|Evasion Moves Clause: Evasion moves are banned
|rule|Endless Battle Clause: Forcing endless battles is banned
|rule|HP Percentage Mod: HP is shown in percentages
|rule|Dynamax Clause: You cannot dynamax
|clearpoke
|poke|p1|Accelgor, M|
|poke|p1|Melmetal|
|poke|p1|Polteageist|
|poke|p1|Corviknight, F|
|poke|p1|Zygarde-10%|
|poke|p1|Slurpuff, M|
|poke|p2|Chansey, F|
|poke|p2|Corviknight, M|
|poke|p2|Hippowdon, F|
|poke|p2|Toxapex, M|
|poke|p2|Clefable, F|
|poke|p2|Tornadus-Therian, M|
|teampreview
|
|t:|1665295153
|start
|switch|p1a: Accelgor|Accelgor, M|100/100
|switch|p2a: Hippowdon|Hippowdon, F|100/100
|-weather|Sandstorm|[from] ability: Sand Stream|[of] p2a: Hippowdon
|turn|1
|j| Ran Kob
|
|t:|1665295166
|move|p1a: Accelgor|Spikes|p2a: Hippowdon
|-sidestart|p2: quixana|Spikes
|move|p2a: Hippowdon|Stealth Rock|p1a: Accelgor
|-sidestart|p1: PANDA EXPRESS HR|move: Stealth Rock
|
|-weather|Sandstorm|[upkeep]
|-damage|p1a: Accelgor|94/100|[from] Sandstorm
|upkeep
|turn|2
|
|t:|1665295174
|move|p1a: Accelgor|Encore|p2a: Hippowdon
|-start|p2a: Hippowdon|Encore
|move|p2a: Hippowdon|Stealth Rock||[still]
|-fail|p2a: Hippowdon
|
|-weather|Sandstorm|[upkeep]
|-damage|p1a: Accelgor|88/100|[from] Sandstorm
|upkeep
|turn|3
|
|t:|1665295186
|switch|p2a: Corviknight|Corviknight, M|100/100
|-ability|p2a: Corviknight|Pressure
|move|p1a: Accelgor|Spikes|p2a: Corviknight
|-sidestart|p2: quixana|Spikes
|
|-weather|Sandstorm|[upkeep]
|-damage|p1a: Accelgor|82/100|[from] Sandstorm
|upkeep
|turn|4
|
|t:|1665295196
|move|p1a: Accelgor|Final Gambit|p2a: Corviknight
|-damage|p2a: Corviknight|26/100
|faint|p1a: Accelgor
|move|p2a: Corviknight|Roost|p2a: Corviknight
|-heal|p2a: Corviknight|76/100
|-singleturn|p2a: Corviknight|move: Roost
|
|-weather|Sandstorm|[upkeep]
|-heal|p2a: Corviknight|82/100|[from] item: Leftovers
|upkeep
|
|t:|1665295201
|switch|p1a: Zygarde|Zygarde-10%|100/100
|-damage|p1a: Zygarde|94/100|[from] Stealth Rock
|-ability|p1a: Zygarde|Aura Break
|turn|5
|
|t:|1665295216
|move|p1a: Zygarde|Thousand Arrows|p2a: Corviknight
|-damage|p2a: Corviknight|43/100
|-start|p2a: Corviknight|Smack Down
|move|p2a: Corviknight|Roost|p2a: Corviknight
|-heal|p2a: Corviknight|93/100
|-singleturn|p2a: Corviknight|move: Roost
|
|-weather|none
|-heal|p2a: Corviknight|99/100|[from] item: Leftovers
|upkeep
|turn|6
|
|t:|1665295239
|move|p1a: Zygarde|Thousand Arrows|p2a: Corviknight
|-supereffective|p2a: Corviknight
|-damage|p2a: Corviknight|31/100
|move|p2a: Corviknight|Iron Defense|p2a: Corviknight
|-boost|p2a: Corviknight|def|2
|
|-heal|p2a: Corviknight|38/100|[from] item: Leftovers
|upkeep
|turn|7
|
|t:|1665295244
|move|p1a: Zygarde|Thousand Arrows|p2a: Corviknight
|-supereffective|p2a: Corviknight
|-damage|p2a: Corviknight|0 fnt
|faint|p2a: Corviknight
|
|upkeep
|
|t:|1665295253
|switch|p2a: Clefable|Clefable, F|100/100
|turn|8
|
|t:|1665295256
|switch|p1a: Melmetal|Melmetal|100/100
|-damage|p1a: Melmetal|94/100|[from] Stealth Rock
|move|p2a: Clefable|Flamethrower|p1a: Melmetal
|-supereffective|p1a: Melmetal
|-damage|p1a: Melmetal|54/100
|
|upkeep
|turn|9
|
|t:|1665295260
|switch|p2a: Toxapex|Toxapex, M|100/100
|-damage|p2a: Toxapex|84/100|[from] Spikes
|move|p1a: Melmetal|Double Iron Bash|p2a: Toxapex
|-resisted|p2a: Toxapex
|-damage|p2a: Toxapex|63/100
|-resisted|p2a: Toxapex
|-damage|p2a: Toxapex|44/100
|-hitcount|p2a: Toxapex|2
|
|upkeep
|turn|10
|
|t:|1665295267
|switch|p1a: Corviknight|Corviknight, F|100/100
|-damage|p1a: Corviknight|88/100|[from] Stealth Rock
|-ability|p1a: Corviknight|Pressure
|move|p2a: Toxapex|Recover|p2a: Toxapex
|-heal|p2a: Toxapex|94/100
|
|upkeep
|turn|11
|
|t:|1665295279
|move|p1a: Corviknight|Brave Bird|p2a: Toxapex
|-damage|p2a: Toxapex|70/100
|-damage|p1a: Corviknight|82/100|[from] Recoil
|move|p2a: Toxapex|Knock Off|p1a: Corviknight
|-damage|p1a: Corviknight|73/100
|-damage|p2a: Toxapex|54/100|[from] item: Rocky Helmet|[of] p1a: Corviknight
|-enditem|p1a: Corviknight|Rocky Helmet|[from] move: Knock Off|[of] p2a: Toxapex
|
|upkeep
|turn|12
|
|t:|1665295288
|switch|p2a: Tornadus|Tornadus-Therian, M, shiny|100/100
|move|p1a: Corviknight|U-turn|p2a: Tornadus
|-resisted|p2a: Tornadus
|-damage|p2a: Tornadus|93/100
|
|t:|1665295291
|switch|p1a: Melmetal|Melmetal|54/100|[from]move: U-turn
|-damage|p1a: Melmetal|48/100|[from] Stealth Rock
|
|upkeep
|turn|13
|
|t:|1665295298
|move|p2a: Tornadus|Focus Blast|p1a: Melmetal
|-supereffective|p1a: Melmetal
|-damage|p1a: Melmetal|0 fnt
|faint|p1a: Melmetal
|
|upkeep
|
|t:|1665295304
|switch|p1a: Zygarde|Zygarde-10%|94/100
|-damage|p1a: Zygarde|88/100|[from] Stealth Rock
|-ability|p1a: Zygarde|Aura Break
|turn|14
|
|t:|1665295317
|move|p1a: Zygarde|Thousand Arrows|p2a: Tornadus
|-damage|p2a: Tornadus|27/100
|-start|p2a: Tornadus|Smack Down
|move|p2a: Tornadus|Knock Off|p1a: Zygarde
|-damage|p1a: Zygarde|50/100
|-enditem|p1a: Zygarde|Choice Band|[from] move: Knock Off|[of] p2a: Tornadus
|
|upkeep
|turn|15
|
|t:|1665295327
|switch|p2a: Hippowdon|Hippowdon, F|100/100
|-damage|p2a: Hippowdon|84/100|[from] Spikes
|-weather|Sandstorm|[from] ability: Sand Stream|[of] p2a: Hippowdon
|move|p1a: Zygarde|Thousand Arrows|p2a: Hippowdon
|-damage|p2a: Hippowdon|56/100
|
|-weather|Sandstorm|[upkeep]
|-heal|p2a: Hippowdon|62/100|[from] item: Leftovers
|upkeep
|turn|16
|
|t:|1665295332
|move|p1a: Zygarde|Thousand Arrows|p2a: Hippowdon
|-damage|p2a: Hippowdon|32/100
|move|p2a: Hippowdon|Slack Off|p2a: Hippowdon
|-heal|p2a: Hippowdon|82/100
|
|-weather|Sandstorm|[upkeep]
|-heal|p2a: Hippowdon|88/100|[from] item: Leftovers
|upkeep
|turn|17
|
|t:|1665295336
|move|p1a: Zygarde|Thousand Arrows|p2a: Hippowdon
|-damage|p2a: Hippowdon|58/100
|move|p2a: Hippowdon|Toxic|p1a: Zygarde
|-status|p1a: Zygarde|tox
|
|-weather|Sandstorm|[upkeep]
|-heal|p2a: Hippowdon|64/100|[from] item: Leftovers
|-damage|p1a: Zygarde|44/100 tox|[from] psn
|upkeep
|turn|18
|
|t:|1665295339
|switch|p1a: Slurpuff|Slurpuff, M|100/100
|-damage|p1a: Slurpuff|88/100|[from] Stealth Rock
|move|p2a: Hippowdon|Slack Off|p2a: Hippowdon
|-heal|p2a: Hippowdon|100/100
|
|-weather|Sandstorm|[upkeep]
|-damage|p1a: Slurpuff|82/100|[from] Sandstorm
|upkeep
|turn|19
|
|t:|1665295345
|move|p1a: Slurpuff|Belly Drum|p1a: Slurpuff
|-damage|p1a: Slurpuff|32/100
|-setboost|p1a: Slurpuff|atk|6|[from] move: Belly Drum
|-enditem|p1a: Slurpuff|Sitrus Berry|[eat]
|-heal|p1a: Slurpuff|57/100|[from] item: Sitrus Berry
|move|p2a: Hippowdon|Toxic|p1a: Slurpuff
|-status|p1a: Slurpuff|tox
|
|-weather|none
|-damage|p1a: Slurpuff|50/100 tox|[from] psn
|upkeep
|turn|20
|
|t:|1665295351
|switch|p2a: Clefable|Clefable, F|100/100
|move|p1a: Slurpuff|Facade|p2a: Clefable
|-damage|p2a: Clefable|72/100
|
|-damage|p1a: Slurpuff|38/100 tox|[from] psn
|upkeep
|turn|21
|
|t:|1665295355
|move|p1a: Slurpuff|Play Rough|p2a: Clefable
|-damage|p2a: Clefable|45/100
|move|p2a: Clefable|Soft-Boiled|p2a: Clefable
|-heal|p2a: Clefable|95/100
|
|-damage|p1a: Slurpuff|19/100 tox|[from] psn
|upkeep
|turn|22
|
|t:|1665295362
|move|p1a: Slurpuff|Play Rough|p2a: Clefable
|-damage|p2a: Clefable|70/100
|move|p2a: Clefable|Calm Mind|p2a: Clefable
|-boost|p2a: Clefable|spa|1
|-boost|p2a: Clefable|spd|1
|
|-damage|p1a: Slurpuff|0 fnt|[from] psn
|faint|p1a: Slurpuff
|upkeep
|
|t:|1665295364
|switch|p1a: Polteageist|Polteageist|100/100
|-damage|p1a: Polteageist|88/100|[from] Stealth Rock
|turn|23
|
|t:|1665295405
|move|p1a: Polteageist|Shell Smash|p1a: Polteageist
|-unboost|p1a: Polteageist|def|1
|-unboost|p1a: Polteageist|spd|1
|-boost|p1a: Polteageist|atk|2
|-boost|p1a: Polteageist|spa|2
|-boost|p1a: Polteageist|spe|2
|move|p2a: Clefable|Calm Mind|p2a: Clefable
|-boost|p2a: Clefable|spa|1
|-boost|p2a: Clefable|spd|1
|
|-heal|p1a: Polteageist|94/100|[from] item: Leftovers
|upkeep
|turn|24
|
|t:|1665295412
|move|p1a: Polteageist|Shell Smash|p1a: Polteageist
|-unboost|p1a: Polteageist|def|1
|-unboost|p1a: Polteageist|spd|1
|-boost|p1a: Polteageist|atk|2
|-boost|p1a: Polteageist|spa|2
|-boost|p1a: Polteageist|spe|2
|move|p2a: Clefable|Moonblast|p1a: Polteageist
|-damage|p1a: Polteageist|20/100
|
|-heal|p1a: Polteageist|27/100|[from] item: Leftovers
|upkeep
|turn|25
|j| vytycyucvgv
|
|t:|1665295418
|move|p1a: Polteageist|Stored Power|p2a: Clefable
|-damage|p2a: Clefable|26/100
|move|p2a: Clefable|Moonblast|p1a: Polteageist
|-damage|p1a: Polteageist|0 fnt
|faint|p1a: Polteageist
|
|upkeep
|-message|PANDA EXPRESS HR forfeited.
|
|win|quixana
|raw|PANDA EXPRESS HR's rating: 1650 &rarr; <strong>1637</strong><br />(-13 for losing)
|raw|quixana's rating: 1782 &rarr; <strong>1795</strong><br />(+13 for winning)
|l|☆PANDA EXPRESS HR
|l| vytycyucvgv
