|j|☆ulosesir
|j|☆SuperTheoryBros
|t:|1615405094
|player|p1|ulosesir|lucas|1804
|player|p2|SuperTheoryBros|170|1696
|teamsize|p1|6
|teamsize|p2|6
|gametype|singles
|gen|8
|tier|[Gen 8] OU
|rated|
|clearpoke
|poke|p1|Excadrill, F|
|poke|p1|Tornadus-Therian, M|
|poke|p1|Tyranitar, F|
|poke|p1|Tapu Fini|
|poke|p1|Rillaboom, F|
|poke|p1|Heatran, F|
|poke|p2|Landorus-Therian, M|
|poke|p2|Slowking, F|
|poke|p2|Melmetal|
|poke|p2|Porygon2|
|poke|p2|Ferrothorn, F|
|poke|p2|Hatterene, F|
|rule|Sleep Clause Mod: Limit one foe put to sleep
|rule|Species Clause: Limit one of each Pokémon
|rule|OHKO Clause: OHKO moves are banned
|rule|Evasion Moves Clause: Evasion moves are banned
|rule|Endless Battle Clause: Forcing endless battles is banned
|rule|HP Percentage Mod: HP is shown in percentages
|rule|Dynamax Clause: You cannot dynamax
|teampreview
|inactive|Battle timer is ON: inactive players will automatically lose when time's up. (requested by SuperTheoryBros)
|
|t:|1615405120
|start
|switch|p1a: Rillaboom|Rillaboom, F|100/100
|switch|p2a: Landorus|Landorus-Therian, M|100/100
|-ability|p2a: Landorus|Intimidate|boost
|-unboost|p1a: Rillaboom|atk|1
|-fieldstart|move: Grassy Terrain|[from] ability: Grassy Surge|[of] p1a: Rillaboom
|turn|1
|j| BlacksilverAs
|
|t:|1615405139
|switch|p1a: Heatran|Heatran, F|100/100
|move|p2a: Landorus|U-turn|p1a: Heatran
|-resisted|p1a: Heatran
|-damage|p1a: Heatran|95/100
|-status|p2a: Landorus|brn|[from] ability: Flame Body|[of] p1a: Heatran
|
|t:|1615405151
|switch|p2a: Slowking|Slowking, F|100/100|[from]move: U-turn
|
|-heal|p1a: Heatran|100/100|[from] Grassy Terrain
|upkeep
|turn|2
|
|t:|1615405161
|move|p1a: Heatran|Nature Power|p2a: Slowking
|move|p1a: Heatran|Energy Ball|p2a: Slowking|[from]move: Nature Power
|-supereffective|p2a: Slowking
|-damage|p2a: Slowking|27/100
|move|p2a: Slowking|Scald|p1a: Heatran
|-supereffective|p1a: Heatran
|-damage|p1a: Heatran|0 fnt
|faint|p1a: Heatran
|
|-heal|p2a: Slowking|33/100|[from] Grassy Terrain
|upkeep
|
|t:|1615405180
|switch|p1a: Tyranitar|Tyranitar, F|100/100
|-weather|Sandstorm|[from] ability: Sand Stream|[of] p1a: Tyranitar
|turn|3
|
|t:|1615405201
|switch|p2a: Ferrothorn|Ferrothorn, F|100/100
|move|p1a: Tyranitar|Stealth Rock|p2a: Ferrothorn
|-sidestart|p2: SuperTheoryBros|move: Stealth Rock
|
|-weather|Sandstorm|[upkeep]
|upkeep
|turn|4
|
|t:|1615405216
|switch|p1a: Tornadus|Tornadus-Therian, M|100/100
|switch|p2a: Landorus|Landorus-Therian, M|100/100 brn
|-damage|p2a: Landorus|88/100 brn|[from] Stealth Rock
|-ability|p2a: Landorus|Intimidate|boost
|-unboost|p1a: Tornadus|atk|1
|
|-weather|Sandstorm|[upkeep]
|-damage|p1a: Tornadus|94/100|[from] Sandstorm
|-damage|p2a: Landorus|82/100 brn|[from] brn
|upkeep
|turn|5
|
|t:|1615405228
|move|p2a: Landorus|Stealth Rock|p1a: Tornadus
|-sidestart|p1: ulosesir|move: Stealth Rock
|move|p1a: Tornadus|Nasty Plot|p1a: Tornadus
|-boost|p1a: Tornadus|spa|2
|
|-weather|Sandstorm|[upkeep]
|-damage|p1a: Tornadus|88/100|[from] Sandstorm
|-fieldend|move: Grassy Terrain
|-damage|p2a: Landorus|76/100 brn|[from] brn
|upkeep
|turn|6
|inactive|SuperTheoryBros has 120 seconds left.
|
|t:|1615405251
|switch|p2a: Melmetal|Melmetal|100/100
|-damage|p2a: Melmetal|94/100|[from] Stealth Rock
|move|p1a: Tornadus|Nasty Plot|p1a: Tornadus
|-boost|p1a: Tornadus|spa|2
|
|-weather|Sandstorm|[upkeep]
|-damage|p1a: Tornadus|82/100|[from] Sandstorm
|upkeep
|turn|7
|inactive|SuperTheoryBros has 120 seconds left.
|
|t:|1615405263
|switch|p2a: Landorus|Landorus-Therian, M|76/100 brn
|-damage|p2a: Landorus|64/100 brn|[from] Stealth Rock
|-ability|p2a: Landorus|Intimidate|boost
|-unboost|p1a: Tornadus|atk|1
|move|p1a: Tornadus|Heat Wave|p2a: Landorus
|-crit|p2a: Landorus
|-damage|p2a: Landorus|0 fnt
|faint|p2a: Landorus
|
|-weather|none
|upkeep
|inactive|SuperTheoryBros has 120 seconds left.
|j| TheMightyDRE
|l| TheMightyDRE
|
|t:|1615405281
|switch|p2a: Porygon2|Porygon2|100/100
|-damage|p2a: Porygon2|88/100|[from] Stealth Rock
|-ability|p2a: Porygon2|Download|boost
|-boost|p2a: Porygon2|atk|1
|turn|8
|
|t:|1615405295
|move|p1a: Tornadus|Hurricane|p2a: Porygon2|[miss]
|-miss|p1a: Tornadus|p2a: Porygon2
|move|p2a: Porygon2|Trick Room|p2a: Porygon2
|-fieldstart|move: Trick Room|[of] p2a: Porygon2
|
|upkeep
|turn|9
|
|t:|1615405303
|move|p2a: Porygon2|Ice Beam|p1a: Tornadus
|-supereffective|p1a: Tornadus
|-damage|p1a: Tornadus|5/100
|move|p1a: Tornadus|Hurricane|p2a: Porygon2
|-crit|p2a: Porygon2
|-damage|p2a: Porygon2|0 fnt
|faint|p2a: Porygon2
|
|upkeep
|j| fdgdfgsdfg
|
|t:|1615405324
|switch|p2a: Melmetal|Melmetal|94/100
|-damage|p2a: Melmetal|88/100|[from] Stealth Rock
|turn|10
|
|t:|1615405343
|move|p2a: Melmetal|Double Iron Bash|p1a: Tornadus
|-damage|p1a: Tornadus|0 fnt
|-hitcount|p1a: Tornadus|1
|faint|p1a: Tornadus
|
|upkeep
|inactive|ulosesir has 120 seconds left.
|
|t:|1615405369
|switch|p1a: Tapu Fini|Tapu Fini|100/100
|-damage|p1a: Tapu Fini|88/100|[from] Stealth Rock
|-fieldstart|move: Misty Terrain|[from] ability: Misty Surge|[of] p1a: Tapu Fini
|turn|11
|
|t:|1615405374
|move|p2a: Melmetal|Double Iron Bash|p1a: Tapu Fini
|-damage|p1a: Tapu Fini|14/100
|-damage|p1a: Tapu Fini|0 fnt
|-hitcount|p1a: Tapu Fini|2
|faint|p1a: Tapu Fini
|
|upkeep
|
|t:|1615405377
|switch|p1a: Tyranitar|Tyranitar, F|100/100
|-damage|p1a: Tyranitar|88/100|[from] Stealth Rock
|-weather|Sandstorm|[from] ability: Sand Stream|[of] p1a: Tyranitar
|turn|12
|
|t:|1615405383
|move|p2a: Melmetal|Double Iron Bash|p1a: Tyranitar
|-supereffective|p1a: Tyranitar
|-damage|p1a: Tyranitar|0 fnt
|-hitcount|p1a: Tyranitar|1
|faint|p1a: Tyranitar
|
|-weather|Sandstorm|[upkeep]
|-fieldend|move: Trick Room
|upkeep
|l| fdgdfgsdfg
|
|t:|1615405385
|switch|p1a: Excadrill|Excadrill, F|100/100
|-damage|p1a: Excadrill|97/100|[from] Stealth Rock
|turn|13
|
|t:|1615405397
|move|p1a: Excadrill|Earthquake|p2a: Melmetal
|-supereffective|p2a: Melmetal
|-damage|p2a: Melmetal|0 fnt
|faint|p2a: Melmetal
|
|-weather|Sandstorm|[upkeep]
|upkeep
|j| OU make me yawn
|j| KSB322
|inactive|SuperTheoryBros has 120 seconds left.
|
|t:|1615405438
|switch|p2a: Hatterene|Hatterene, F|100/100
|-damage|p2a: Hatterene|88/100|[from] Stealth Rock
|turn|14
|j| Trozian feel
|
|t:|1615405447
|move|p1a: Excadrill|Earthquake|p2a: Hatterene
|-damage|p2a: Hatterene|0 fnt
|faint|p2a: Hatterene
|
|-weather|Sandstorm|[upkeep]
|upkeep
|
|t:|1615405452
|switch|p2a: Ferrothorn|Ferrothorn, F|100/100
|-damage|p2a: Ferrothorn|95/100|[from] Stealth Rock
|turn|15
|
|t:|1615405466
|move|p1a: Excadrill|Earthquake|p2a: Ferrothorn
|-damage|p2a: Ferrothorn|39/100
|move|p2a: Ferrothorn|Knock Off|p1a: Excadrill
|-damage|p1a: Excadrill|66/100
|-enditem|p1a: Excadrill|Choice Band|[from] move: Knock Off|[of] p2a: Ferrothorn
|
|-weather|Sandstorm|[upkeep]
|-heal|p2a: Ferrothorn|45/100|[from] item: Leftovers
|-fieldend|Misty Terrain
|upkeep
|turn|16
|
|t:|1615405479
|move|p1a: Excadrill|Earthquake|p2a: Ferrothorn
|-damage|p2a: Ferrothorn|5/100
|move|p2a: Ferrothorn|Leech Seed|p1a: Excadrill
|-start|p1a: Excadrill|move: Leech Seed
|
|-weather|none
|-heal|p2a: Ferrothorn|11/100|[from] item: Leftovers
|-damage|p1a: Excadrill|54/100|[from] Leech Seed|[of] p2a: Ferrothorn
|-heal|p2a: Ferrothorn|24/100|[silent]
|upkeep
|turn|17
|inactive|SuperTheoryBros has 90 seconds left.
|-message|SuperTheoryBros forfeited.
|
|win|ulosesir
|l|☆SuperTheoryBros
|raw|ulosesir's rating: 1798 &rarr; <strong>1809</strong><br />(+11 for winning)
|raw|SuperTheoryBros's rating: 1685 &rarr; <strong>1674</strong><br />(-11 for losing)
