|j|☆8balljacketguy
|j|☆Thewyattone
|t:|1636696891
|gametype|singles
|player|p1|8balljacketguy|red|1373
|player|p2|Thewyattone|galacticgruntf|1354
|teamsize|p1|6
|teamsize|p2|6
|gen|8
|tier|[Gen 8] OU
|rated|
|rule|Sleep Clause Mod: Limit one foe put to sleep
|rule|Species Clause: Limit one of each Pokémon
|rule|OHKO Clause: OHKO moves are banned
|rule|Evasion Moves Clause: Evasion moves are banned
|rule|Endless Battle Clause: Forcing endless battles is banned
|rule|HP Percentage Mod: HP is shown in percentages
|rule|Dynamax Clause: You cannot dynamax
|clearpoke
|poke|p1|Clefable, F|
|poke|p1|Melmetal|
|poke|p1|Victini|
|poke|p1|Volcanion|
|poke|p1|Landorus-Therian, M|
|poke|p1|Amoonguss, M|
|poke|p2|Victini|
|poke|p2|Dragapult, M|
|poke|p2|Amoonguss, F|
|poke|p2|Landorus-Therian, M|
|poke|p2|Bisharp, F|
|poke|p2|Tapu Fini|
|teampreview
|inactive|Battle timer is ON: inactive players will automatically lose when time's up. (requested by 8balljacketguy)
|
|t:|1636696903
|start
|switch|p1a: Volcanion|Volcanion|100/100
|switch|p2a: Landorus|Landorus-Therian, M|100/100
|-ability|p2a: Landorus|Intimidate|boost
|-unboost|p1a: Volcanion|atk|1
|turn|1
|
|t:|1636696911
|move|p2a: Landorus|Earthquake|p1a: Volcanion
|-supereffective|p1a: Volcanion
|-damage|p1a: Volcanion|9/100
|move|p1a: Volcanion|Steam Eruption|p2a: Landorus
|-supereffective|p2a: Landorus
|-damage|p2a: Landorus|0 fnt
|faint|p2a: Landorus
|
|upkeep
|
|t:|1636696920
|switch|p2a: Victini|Victini|100/100
|turn|2
|
|t:|1636696931
|switch|p1a: Landorus|Landorus-Therian, M|100/100
|-ability|p1a: Landorus|Intimidate|boost
|-unboost|p2a: Victini|atk|1
|move|p2a: Victini|Fusion Bolt|p1a: Landorus
|-immune|p1a: Landorus
|
|upkeep
|turn|3
|
|t:|1636696938
|switch|p2a: Amoonguss|Amoonguss, F|100/100
|move|p1a: Landorus|U-turn|p2a: Amoonguss
|-crit|p2a: Amoonguss
|-damage|p2a: Amoonguss|75/100
|-damage|p1a: Landorus|84/100|[from] item: Rocky Helmet|[of] p2a: Amoonguss
|
|t:|1636696942
|switch|p1a: Victini|Victini|100/100|[from]move: U-turn
|
|upkeep
|turn|4
|
|t:|1636696947
|switch|p2a: Tapu Fini|Tapu Fini|100/100
|-fieldstart|move: Misty Terrain|[from] ability: Misty Surge|[of] p2a: Tapu Fini
|move|p1a: Victini|V-create|p2a: Tapu Fini
|-resisted|p2a: Tapu Fini
|-damage|p2a: Tapu Fini|52/100
|-unboost|p1a: Victini|spe|1
|-unboost|p1a: Victini|def|1
|-unboost|p1a: Victini|spd|1
|
|-heal|p2a: Tapu Fini|58/100|[from] item: Leftovers
|upkeep
|turn|5
|
|t:|1636696952
|switch|p1a: Melmetal|Melmetal|100/100
|move|p2a: Tapu Fini|Scald|p1a: Melmetal
|-damage|p1a: Melmetal|62/100
|
|-heal|p2a: Tapu Fini|64/100|[from] item: Leftovers
|upkeep
|turn|6
|
|t:|1636696961
|switch|p1a: Clefable|Clefable, F|100/100
|move|p2a: Tapu Fini|Scald|p1a: Clefable
|-damage|p1a: Clefable|76/100
|
|-heal|p2a: Tapu Fini|71/100|[from] item: Leftovers
|-heal|p1a: Clefable|82/100|[from] item: Leftovers
|upkeep
|turn|7
|
|t:|1636696968
|switch|p2a: Bisharp|Bisharp, F|100/100
|move|p1a: Clefable|Wish|p1a: Clefable
|
|-heal|p1a: Clefable|88/100|[from] item: Leftovers
|upkeep
|turn|8
|
|t:|1636696978
|switch|p1a: Melmetal|Melmetal|62/100
|move|p2a: Bisharp|Swords Dance|p2a: Bisharp
|-boost|p2a: Bisharp|atk|2
|
|-heal|p1a: Melmetal|100/100|[from] move: Wish|[wisher] Clefable
|-fieldend|Misty Terrain
|upkeep
|turn|9
|
|t:|1636696981
|move|p2a: Bisharp|Sucker Punch|p1a: Melmetal
|-damage|p1a: Melmetal|53/100
|-damage|p2a: Bisharp|91/100|[from] item: Life Orb
|move|p1a: Melmetal|Earthquake|p2a: Bisharp
|-supereffective|p2a: Bisharp
|-damage|p2a: Bisharp|0 fnt
|faint|p2a: Bisharp
|
|upkeep
|
|t:|1636696991
|switch|p2a: Victini|Victini|100/100
|turn|10
|
|t:|1636696994
|move|p2a: Victini|V-create|p1a: Melmetal
|-supereffective|p1a: Melmetal
|-damage|p1a: Melmetal|0 fnt
|-unboost|p2a: Victini|spe|1
|-unboost|p2a: Victini|def|1
|-unboost|p2a: Victini|spd|1
|faint|p1a: Melmetal
|
|upkeep
|
|t:|1636697008
|switch|p1a: Landorus|Landorus-Therian, M|84/100
|-ability|p1a: Landorus|Intimidate|boost
|-unboost|p2a: Victini|atk|1
|turn|11
|
|t:|1636697018
|switch|p2a: Amoonguss|Amoonguss, F|100/100
|move|p1a: Landorus|Earthquake|p2a: Amoonguss
|-damage|p2a: Amoonguss|66/100
|
|-heal|p1a: Landorus|90/100|[from] item: Leftovers
|upkeep
|turn|12
|
|t:|1636697023
|switch|p1a: Clefable|Clefable, F|88/100
|move|p2a: Amoonguss|Spore|p1a: Clefable
|-status|p1a: Clefable|slp|[from] move: Spore
|
|-heal|p1a: Clefable|94/100 slp|[from] item: Leftovers
|upkeep
|turn|13
|
|t:|1636697034
|switch|p2a: Dragapult|Dragapult, M|100/100
|cant|p1a: Clefable|slp
|
|-heal|p1a: Clefable|99/100 slp|[from] item: Leftovers
|upkeep
|turn|14
|
|t:|1636697044
|move|p2a: Dragapult|Shadow Ball|p1a: Clefable
|-damage|p1a: Clefable|64/100 slp
|-unboost|p1a: Clefable|spd|1
|cant|p1a: Clefable|slp
|
|-heal|p1a: Clefable|70/100 slp|[from] item: Leftovers
|upkeep
|turn|15
|
|t:|1636697051
|move|p2a: Dragapult|Shadow Ball|p1a: Clefable
|-damage|p1a: Clefable|15/100 slp
|-curestatus|p1a: Clefable|slp|[msg]
|move|p1a: Clefable|Wish|p1a: Clefable
|
|-heal|p1a: Clefable|21/100|[from] item: Leftovers
|upkeep
|turn|16
|
|t:|1636697060
|move|p1a: Clefable|Protect|p1a: Clefable
|-singleturn|p1a: Clefable|Protect
|move|p2a: Dragapult|Shadow Ball|p1a: Clefable
|-activate|p1a: Clefable|move: Protect
|
|-heal|p1a: Clefable|71/100|[from] move: Wish|[wisher] Clefable
|-heal|p1a: Clefable|77/100|[from] item: Leftovers
|upkeep
|turn|17
|
|t:|1636697067
|switch|p1a: Volcanion|Volcanion|9/100
|move|p2a: Dragapult|Shadow Ball|p1a: Volcanion
|-damage|p1a: Volcanion|0 fnt
|faint|p1a: Volcanion
|
|upkeep
|
|t:|1636697068
|switch|p1a: Clefable|Clefable, F|77/100
|turn|18
|
|t:|1636697070
|move|p2a: Dragapult|Shadow Ball|p1a: Clefable
|-damage|p1a: Clefable|43/100
|move|p1a: Clefable|Wish|p1a: Clefable
|
|-heal|p1a: Clefable|49/100|[from] item: Leftovers
|upkeep
|turn|19
|
|t:|1636697078
|switch|p2a: Victini|Victini|100/100
|move|p1a: Clefable|Protect||[still]
|-fail|p1a: Clefable
|
|-heal|p1a: Clefable|99/100|[from] move: Wish|[wisher] Clefable
|-heal|p1a: Clefable|100/100|[from] item: Leftovers
|upkeep
|turn|20
|
|t:|1636697081
|switch|p1a: Landorus|Landorus-Therian, M|90/100
|-ability|p1a: Landorus|Intimidate|boost
|-unboost|p2a: Victini|atk|1
|move|p2a: Victini|V-create|p1a: Landorus
|-damage|p1a: Landorus|53/100
|-unboost|p2a: Victini|spe|1
|-unboost|p2a: Victini|def|1
|-unboost|p2a: Victini|spd|1
|
|-heal|p1a: Landorus|59/100|[from] item: Leftovers
|upkeep
|turn|21
|
|t:|1636697088
|switch|p2a: Amoonguss|Amoonguss, F|99/100
|switch|p1a: Victini|Victini|100/100
|
|upkeep
|turn|22
|
|t:|1636697094
|switch|p2a: Tapu Fini|Tapu Fini|71/100
|-fieldstart|move: Misty Terrain|[from] ability: Misty Surge|[of] p2a: Tapu Fini
|move|p1a: Victini|V-create|p2a: Tapu Fini
|-resisted|p2a: Tapu Fini
|-damage|p2a: Tapu Fini|22/100
|-unboost|p1a: Victini|spe|1
|-unboost|p1a: Victini|def|1
|-unboost|p1a: Victini|spd|1
|
|-heal|p2a: Tapu Fini|28/100|[from] item: Leftovers
|upkeep
|turn|23
|
|t:|1636697100
|switch|p1a: Clefable|Clefable, F|100/100
|move|p2a: Tapu Fini|Scald|p1a: Clefable
|-damage|p1a: Clefable|75/100
|
|-heal|p2a: Tapu Fini|35/100|[from] item: Leftovers
|-heal|p1a: Clefable|81/100|[from] item: Leftovers
|upkeep
|turn|24
|
|t:|1636697115
|switch|p2a: Victini|Victini|100/100
|move|p1a: Clefable|Wish|p1a: Clefable
|
|-heal|p1a: Clefable|87/100|[from] item: Leftovers
|upkeep
|turn|25
|
|t:|1636697129
|switch|p1a: Landorus|Landorus-Therian, M|59/100
|-ability|p1a: Landorus|Intimidate|boost
|-unboost|p2a: Victini|atk|1
|move|p2a: Victini|V-create|p1a: Landorus
|-damage|p1a: Landorus|23/100
|-unboost|p2a: Victini|spe|1
|-unboost|p2a: Victini|def|1
|-unboost|p2a: Victini|spd|1
|
|-heal|p1a: Landorus|74/100|[from] move: Wish|[wisher] Clefable
|-heal|p1a: Landorus|80/100|[from] item: Leftovers
|upkeep
|turn|26
|
|t:|1636697137
|switch|p2a: Amoonguss|Amoonguss, F|100/100
|move|p1a: Landorus|U-turn|p2a: Amoonguss
|-damage|p2a: Amoonguss|83/100
|-damage|p1a: Landorus|64/100|[from] item: Rocky Helmet|[of] p2a: Amoonguss
|
|t:|1636697138
|switch|p1a: Victini|Victini|100/100|[from]move: U-turn
|
|-fieldend|Misty Terrain
|upkeep
|turn|27
|
|t:|1636697160
|move|p1a: Victini|V-create|p2a: Amoonguss
|-supereffective|p2a: Amoonguss
|-damage|p2a: Amoonguss|0 fnt
|-unboost|p1a: Victini|spe|1
|-unboost|p1a: Victini|def|1
|-unboost|p1a: Victini|spd|1
|-damage|p1a: Victini|84/100|[from] item: Rocky Helmet|[of] p2a: Amoonguss
|faint|p2a: Amoonguss
|
|upkeep
|
|t:|1636697164
|switch|p2a: Victini|Victini|100/100
|turn|28
|
|t:|1636697167
|switch|p1a: Landorus|Landorus-Therian, M|64/100
|-ability|p1a: Landorus|Intimidate|boost
|-unboost|p2a: Victini|atk|1
|move|p2a: Victini|V-create|p1a: Landorus
|-damage|p1a: Landorus|23/100
|-unboost|p2a: Victini|spe|1
|-unboost|p2a: Victini|def|1
|-unboost|p2a: Victini|spd|1
|
|-heal|p1a: Landorus|29/100|[from] item: Leftovers
|upkeep
|turn|29
|
|t:|1636697178
|move|p2a: Victini|V-create|p1a: Landorus
|-damage|p1a: Landorus|0 fnt
|-unboost|p2a: Victini|spe|1
|-unboost|p2a: Victini|def|1
|-unboost|p2a: Victini|spd|1
|faint|p1a: Landorus
|
|upkeep
|
|t:|1636697185
|switch|p1a: Victini|Victini|84/100
|turn|30
|
|t:|1636697189
|switch|p2a: Tapu Fini|Tapu Fini|35/100
|-fieldstart|move: Misty Terrain|[from] ability: Misty Surge|[of] p2a: Tapu Fini
|move|p1a: Victini|U-turn|p2a: Tapu Fini
|-resisted|p2a: Tapu Fini
|-damage|p2a: Tapu Fini|21/100
|
|t:|1636697193
|switch|p1a: Amoonguss|Amoonguss, M|100/100|[from]move: U-turn
|
|-heal|p2a: Tapu Fini|27/100|[from] item: Leftovers
|upkeep
|turn|31
|
|t:|1636697202
|switch|p2a: Victini|Victini|100/100
|move|p1a: Amoonguss|Sludge Bomb|p2a: Victini
|-damage|p2a: Victini|72/100
|
|upkeep
|turn|32
|
|t:|1636697206
|move|p2a: Victini|V-create|p1a: Amoonguss
|-supereffective|p1a: Amoonguss
|-damage|p1a: Amoonguss|0 fnt
|-unboost|p2a: Victini|spe|1
|-unboost|p2a: Victini|def|1
|-unboost|p2a: Victini|spd|1
|faint|p1a: Amoonguss
|
|upkeep
|
|t:|1636697208
|switch|p1a: Victini|Victini|84/100
|turn|33
|
|t:|1636697212
|switch|p2a: Tapu Fini|Tapu Fini|27/100
|move|p1a: Victini|Bolt Strike|p2a: Tapu Fini
|-supereffective|p2a: Tapu Fini
|-damage|p2a: Tapu Fini|0 fnt
|faint|p2a: Tapu Fini
|
|upkeep
|
|t:|1636697214
|switch|p2a: Victini|Victini|72/100
|turn|34
|
|t:|1636697239
|move|p2a: Victini|Fusion Bolt|p1a: Victini
|-damage|p1a: Victini|53/100
|move|p1a: Victini|Bolt Strike|p2a: Victini
|-crit|p2a: Victini
|-damage|p2a: Victini|0 fnt
|faint|p2a: Victini
|
|-fieldend|Misty Terrain
|upkeep
|
|t:|1636697245
|switch|p2a: Dragapult|Dragapult, M|100/100
|turn|35
|
|t:|1636697251
|move|p2a: Dragapult|Shadow Ball|p1a: Victini
|-supereffective|p1a: Victini
|-damage|p1a: Victini|0 fnt
|faint|p1a: Victini
|
|upkeep
|
|t:|1636697253
|switch|p1a: Clefable|Clefable, F|87/100
|turn|36
|
|t:|1636697256
|move|p1a: Clefable|Protect|p1a: Clefable
|-singleturn|p1a: Clefable|Protect
|move|p2a: Dragapult|Shadow Ball|p1a: Clefable
|-activate|p1a: Clefable|move: Protect
|
|-heal|p1a: Clefable|93/100|[from] item: Leftovers
|upkeep
|turn|37
|
|t:|1636697260
|move|p2a: Dragapult|Shadow Ball|p1a: Clefable
|-damage|p1a: Clefable|58/100
|-unboost|p1a: Clefable|spd|1
|move|p1a: Clefable|Toxic|p2a: Dragapult|[miss]
|-miss|p1a: Clefable|p2a: Dragapult
|
|-heal|p1a: Clefable|64/100|[from] item: Leftovers
|upkeep
|turn|38
|
|t:|1636697266
|move|p1a: Clefable|Protect|p1a: Clefable
|-singleturn|p1a: Clefable|Protect
|move|p2a: Dragapult|Shadow Ball|p1a: Clefable
|-activate|p1a: Clefable|move: Protect
|
|-heal|p1a: Clefable|71/100|[from] item: Leftovers
|upkeep
|turn|39
|
|t:|1636697273
|move|p2a: Dragapult|Shadow Ball|p1a: Clefable
|-damage|p1a: Clefable|18/100
|move|p1a: Clefable|Wish|p1a: Clefable
|
|-heal|p1a: Clefable|24/100|[from] item: Leftovers
|upkeep
|turn|40
|
|t:|1636697276
|move|p1a: Clefable|Protect|p1a: Clefable
|-singleturn|p1a: Clefable|Protect
|move|p2a: Dragapult|Shadow Ball|p1a: Clefable
|-activate|p1a: Clefable|move: Protect
|
|-heal|p1a: Clefable|74/100|[from] move: Wish|[wisher] Clefable
|-heal|p1a: Clefable|80/100|[from] item: Leftovers
|upkeep
|turn|41
|
|t:|1636697289
|move|p2a: Dragapult|Shadow Ball|p1a: Clefable
|-damage|p1a: Clefable|28/100
|move|p1a: Clefable|Wish|p1a: Clefable
|
|-heal|p1a: Clefable|34/100|[from] item: Leftovers
|upkeep
|turn|42
|
|t:|1636697297
|move|p1a: Clefable|Protect|p1a: Clefable
|-singleturn|p1a: Clefable|Protect
|move|p2a: Dragapult|Shadow Ball|p1a: Clefable
|-activate|p1a: Clefable|move: Protect
|
|-heal|p1a: Clefable|84/100|[from] move: Wish|[wisher] Clefable
|-heal|p1a: Clefable|90/100|[from] item: Leftovers
|upkeep
|turn|43
|
|t:|1636697303
|move|p2a: Dragapult|Shadow Ball|p1a: Clefable
|-damage|p1a: Clefable|34/100
|move|p1a: Clefable|Wish|p1a: Clefable
|
|-heal|p1a: Clefable|40/100|[from] item: Leftovers
|upkeep
|turn|44
|
|t:|1636697310
|move|p1a: Clefable|Protect|p1a: Clefable
|-singleturn|p1a: Clefable|Protect
|move|p2a: Dragapult|Shadow Ball|p1a: Clefable
|-activate|p1a: Clefable|move: Protect
|
|-heal|p1a: Clefable|90/100|[from] move: Wish|[wisher] Clefable
|-heal|p1a: Clefable|96/100|[from] item: Leftovers
|upkeep
|turn|45
|
|t:|1636697318
|move|p2a: Dragapult|Shadow Ball|p1a: Clefable
|-damage|p1a: Clefable|44/100
|-unboost|p1a: Clefable|spd|1
|move|p1a: Clefable|Wish|p1a: Clefable
|
|-heal|p1a: Clefable|50/100|[from] item: Leftovers
|upkeep
|turn|46
|
|t:|1636697327
|move|p1a: Clefable|Protect|p1a: Clefable
|-singleturn|p1a: Clefable|Protect
|move|p2a: Dragapult|Shadow Ball|p1a: Clefable
|-activate|p1a: Clefable|move: Protect
|
|-heal|p1a: Clefable|99/100|[from] move: Wish|[wisher] Clefable
|-heal|p1a: Clefable|100/100|[from] item: Leftovers
|upkeep
|turn|47
|
|t:|1636697339
|move|p2a: Dragapult|Shadow Ball|p1a: Clefable
|-damage|p1a: Clefable|35/100
|move|p1a: Clefable|Wish|p1a: Clefable
|
|-heal|p1a: Clefable|41/100|[from] item: Leftovers
|upkeep
|turn|48
|
|t:|1636697346
|move|p1a: Clefable|Protect|p1a: Clefable
|-singleturn|p1a: Clefable|Protect
|move|p2a: Dragapult|Shadow Ball|p1a: Clefable
|-activate|p1a: Clefable|move: Protect
|
|-heal|p1a: Clefable|91/100|[from] move: Wish|[wisher] Clefable
|-heal|p1a: Clefable|97/100|[from] item: Leftovers
|upkeep
|turn|49
|
|t:|1636697355
|move|p2a: Dragapult|Shadow Ball|p1a: Clefable
|-damage|p1a: Clefable|23/100
|-unboost|p1a: Clefable|spd|1
|move|p1a: Clefable|Wish|p1a: Clefable
|
|-heal|p1a: Clefable|29/100|[from] item: Leftovers
|upkeep
|turn|50
|
|t:|1636697370
|move|p1a: Clefable|Protect|p1a: Clefable
|-singleturn|p1a: Clefable|Protect
|move|p2a: Dragapult|Shadow Ball|p1a: Clefable
|-activate|p1a: Clefable|move: Protect
|
|-heal|p1a: Clefable|79/100|[from] move: Wish|[wisher] Clefable
|-heal|p1a: Clefable|85/100|[from] item: Leftovers
|upkeep
|turn|51
|
|t:|1636697381
|move|p2a: Dragapult|Shadow Ball|p1a: Clefable
|-damage|p1a: Clefable|0 fnt
|faint|p1a: Clefable
|
|win|Thewyattone
|raw|8balljacketguy's rating: 1373 &rarr; <strong>1352</strong><br />(-21 for losing)
|raw|Thewyattone's rating: 1354 &rarr; <strong>1375</strong><br />(+21 for winning)
|c|☆8balljacketguy|My gosh toxic always misses
|c|☆8balljacketguy|Gg
