|html|<div class="broadcast-blue"><strong>[Gen 8] OU is currently suspecting Melmetal! For information on how to participate check out the <a href="https://www.smogon.com/forums/threads/np-ss-ou-suspect-process-round-12-monster-mash.3709234/">suspect thread</a>.</strong></div>
|j|☆tawny's alt
|j|☆Holiss77
|t:|1666664027
|gametype|singles
|player|p1|tawny's alt|2|1548
|player|p2|Holiss77|gentleman-gen4|1567
|teamsize|p1|6
|teamsize|p2|6
|gen|8
|tier|[Gen 8] OU
|rated|
|rule|Sleep Clause Mod: Limit one foe put to sleep
|rule|Species Clause: Limit one of each Pokémon
|rule|OHKO Clause: OHKO moves are banned
|rule|Evasion Items Clause: Evasion items are banned
|rule|Evasion Moves Clause: Evasion moves are banned
|rule|Endless Battle Clause: Forcing endless battles is banned
|rule|HP Percentage Mod: HP is shown in percentages
|rule|Dynamax Clause: You cannot dynamax
|clearpoke
|poke|p1|Kartana|
|poke|p1|Garchomp, M|
|poke|p1|Dragapult, F|
|poke|p1|Ferrothorn, M|
|poke|p1|Toxapex, F|
|poke|p1|Mandibuzz, F|
|poke|p2|Rillaboom, M|
|poke|p2|Magnezone|
|poke|p2|Kartana|
|poke|p2|Zapdos|
|poke|p2|Tapu Lele|
|poke|p2|Swampert, M|
|teampreview
|inactive|Battle timer is ON: inactive players will automatically lose when time's up. (requested by Holiss77)
|
|t:|1666664036
|start
|switch|p1a: Kartana|Kartana|100/100
|switch|p2a: Swampert|Swampert, M|100/100
|turn|1
|
|t:|1666664042
|switch|p1a: Garchomp|Garchomp, M|100/100
|switch|p2a: Zapdos|Zapdos, shiny|100/100
|
|upkeep
|turn|2
|
|t:|1666664047
|move|p2a: Zapdos|Hurricane|p1a: Garchomp
|-damage|p1a: Garchomp|67/100
|move|p1a: Garchomp|Toxic|p2a: Zapdos|[miss]
|-miss|p1a: Garchomp|p2a: Zapdos
|
|-heal|p1a: Garchomp|73/100|[from] item: Leftovers
|upkeep
|turn|3
|
|t:|1666664057
|move|p2a: Zapdos|Hurricane|p1a: Garchomp
|-damage|p1a: Garchomp|42/100
|move|p1a: Garchomp|Toxic|p2a: Zapdos
|-status|p2a: Zapdos|tox
|
|-heal|p1a: Garchomp|48/100|[from] item: Leftovers
|-damage|p2a: Zapdos|94/100 tox|[from] psn
|upkeep
|turn|4
|
|t:|1666664071
|switch|p2a: Swampert|Swampert, M|100/100
|switch|p1a: Toxapex|Toxapex, F|100/100
|
|upkeep
|turn|5
|
|t:|1666664075
|move|p2a: Swampert|Yawn|p1a: Toxapex
|-start|p1a: Toxapex|move: Yawn|[of] p2a: Swampert
|move|p1a: Toxapex|Toxic Spikes|p2a: Swampert
|-sidestart|p2: Holiss77|move: Toxic Spikes
|
|upkeep
|turn|6
|
|t:|1666664085
|switch|p1a: Kartana|Kartana|100/100
|move|p2a: Swampert|Stealth Rock|p1a: Kartana
|-sidestart|p1: tawny's alt|move: Stealth Rock
|
|upkeep
|turn|7
|
|t:|1666664091
|switch|p2a: Zapdos|Zapdos, shiny|94/100 tox
|move|p1a: Kartana|Knock Off|p2a: Zapdos
|-damage|p2a: Zapdos|46/100 tox
|-enditem|p2a: Zapdos|Heavy-Duty Boots|[from] move: Knock Off|[of] p1a: Kartana
|
|-damage|p2a: Zapdos|40/100 tox|[from] psn
|upkeep
|turn|8
|
|t:|1666664097
|switch|p1a: Garchomp|Garchomp, M|48/100
|-damage|p1a: Garchomp|42/100|[from] Stealth Rock
|move|p2a: Zapdos|Roost|p2a: Zapdos
|-heal|p2a: Zapdos|90/100 tox
|-singleturn|p2a: Zapdos|move: Roost
|
|-heal|p1a: Garchomp|48/100|[from] item: Leftovers
|-damage|p2a: Zapdos|78/100 tox|[from] psn
|upkeep
|turn|9
|
|t:|1666664104
|move|p2a: Zapdos|Defog|p1a: Garchomp
|-unboost|p1a: Garchomp|evasion|1
|-sideend|p1: tawny's alt|Stealth Rock|[from] move: Defog|[of] p2a: Zapdos
|-sideend|p2: Holiss77|Toxic Spikes|[from] move: Defog|[of] p2a: Zapdos
|move|p1a: Garchomp|Stealth Rock|p2a: Zapdos
|-sidestart|p2: Holiss77|move: Stealth Rock
|
|-heal|p1a: Garchomp|55/100|[from] item: Leftovers
|-damage|p2a: Zapdos|60/100 tox|[from] psn
|upkeep
|turn|10
|
|t:|1666664107
|move|p2a: Zapdos|Hurricane|p1a: Garchomp
|-damage|p1a: Garchomp|21/100
|move|p1a: Garchomp|Stealth Rock||[still]
|-fail|p1a: Garchomp
|
|-heal|p1a: Garchomp|28/100|[from] item: Leftovers
|-damage|p2a: Zapdos|35/100 tox|[from] psn
|upkeep
|turn|11
|
|t:|1666664115
|move|p2a: Zapdos|Hurricane|p1a: Garchomp
|-damage|p1a: Garchomp|0 fnt
|faint|p1a: Garchomp
|
|-damage|p2a: Zapdos|5/100 tox|[from] psn
|upkeep
|
|t:|1666664123
|switch|p1a: Kartana|Kartana|100/100
|turn|12
|
|t:|1666664128
|move|p1a: Kartana|Sacred Sword|p2a: Zapdos
|-resisted|p2a: Zapdos
|-damage|p2a: Zapdos|0 fnt
|faint|p2a: Zapdos
|-ability|p1a: Kartana|Beast Boost|boost
|-boost|p1a: Kartana|atk|1
|
|upkeep
|
|t:|1666664131
|switch|p2a: Tapu Lele|Tapu Lele, shiny|100/100
|-damage|p2a: Tapu Lele|88/100|[from] Stealth Rock
|-fieldstart|move: Psychic Terrain|[from] ability: Psychic Surge|[of] p2a: Tapu Lele
|turn|13
|
|t:|1666664139
|switch|p1a: Toxapex|Toxapex, F|100/100
|move|p2a: Tapu Lele|Moonblast|p1a: Toxapex
|-resisted|p1a: Toxapex
|-crit|p1a: Toxapex
|-damage|p1a: Toxapex|63/100
|
|-heal|p1a: Toxapex|69/100|[from] item: Black Sludge
|upkeep
|turn|14
|
|t:|1666664151
|switch|p2a: Magnezone|Magnezone, shiny|100/100
|-damage|p2a: Magnezone|94/100|[from] Stealth Rock
|move|p1a: Toxapex|Scald|p2a: Magnezone
|-damage|p2a: Magnezone|75/100
|-status|p2a: Magnezone|brn
|
|-heal|p1a: Toxapex|75/100|[from] item: Black Sludge
|-damage|p2a: Magnezone|69/100 brn|[from] brn
|upkeep
|turn|15
|
|t:|1666664154
|switch|p1a: Dragapult|Dragapult, F|100/100
|move|p2a: Magnezone|Thunderbolt|p1a: Dragapult
|-resisted|p1a: Dragapult
|-damage|p1a: Dragapult|45/100
|
|-heal|p1a: Dragapult|51/100|[from] item: Leftovers
|-damage|p2a: Magnezone|63/100 brn|[from] brn
|upkeep
|turn|16
|
|t:|1666664157
|move|p1a: Dragapult|Fire Blast|p2a: Magnezone|[miss]
|-miss|p1a: Dragapult|p2a: Magnezone
|move|p2a: Magnezone|Thunderbolt|p1a: Dragapult
|-resisted|p1a: Dragapult
|-damage|p1a: Dragapult|0 fnt
|faint|p1a: Dragapult
|
|-damage|p2a: Magnezone|57/100 brn|[from] brn
|upkeep
|
|t:|1666664159
|switch|p1a: Kartana|Kartana|100/100
|turn|17
|
|t:|1666664164
|switch|p2a: Tapu Lele|Tapu Lele, shiny|88/100
|-damage|p2a: Tapu Lele|76/100|[from] Stealth Rock
|move|p1a: Kartana|Knock Off|p2a: Tapu Lele
|-damage|p2a: Tapu Lele|0 fnt
|-enditem|p2a: Tapu Lele|Choice Specs|[from] move: Knock Off|[of] p1a: Kartana
|faint|p2a: Tapu Lele
|-ability|p1a: Kartana|Beast Boost|boost
|-boost|p1a: Kartana|atk|1
|
|-fieldend|move: Psychic Terrain
|upkeep
|
|t:|1666664169
|switch|p2a: Rillaboom|Rillaboom, M|100/100
|-damage|p2a: Rillaboom|88/100|[from] Stealth Rock
|-fieldstart|move: Grassy Terrain|[from] ability: Grassy Surge|[of] p2a: Rillaboom
|turn|18
|
|t:|1666664172
|move|p1a: Kartana|Knock Off|p2a: Rillaboom
|-damage|p2a: Rillaboom|0 fnt
|-enditem|p2a: Rillaboom|Terrain Extender|[from] move: Knock Off|[of] p1a: Kartana
|faint|p2a: Rillaboom
|-ability|p1a: Kartana|Beast Boost|boost
|-boost|p1a: Kartana|atk|1
|
|upkeep
|
|t:|1666664177
|switch|p2a: Enma|Kartana, shiny|100/100
|-damage|p2a: Enma|94/100|[from] Stealth Rock
|turn|19
|
|t:|1666664179
|move|p2a: Enma|Sacred Sword|p1a: Kartana
|-supereffective|p1a: Kartana
|-damage|p1a: Kartana|11/100
|move|p1a: Kartana|Knock Off|p2a: Enma
|-damage|p2a: Enma|0 fnt
|-enditem|p2a: Enma|Choice Scarf|[from] move: Knock Off|[of] p1a: Kartana
|faint|p2a: Enma
|-ability|p1a: Kartana|Beast Boost|boost
|-boost|p1a: Kartana|atk|1
|
|-heal|p1a: Kartana|17/100|[from] Grassy Terrain
|upkeep
|
|t:|1666664184
|switch|p2a: Swampert|Swampert, M|100/100
|-damage|p2a: Swampert|94/100|[from] Stealth Rock
|turn|20
|
|t:|1666664197
|move|p1a: Kartana|Knock Off|p2a: Swampert
|-damage|p2a: Swampert|0 fnt
|-enditem|p2a: Swampert|Leftovers|[from] move: Knock Off|[of] p1a: Kartana
|faint|p2a: Swampert
|-ability|p1a: Kartana|Beast Boost|boost
|-boost|p1a: Kartana|atk|1
|
|-heal|p1a: Kartana|23/100|[from] Grassy Terrain
|upkeep
|-message|Holiss77 forfeited.
|
|win|tawny's alt
|raw|tawny&apos;s alt's rating: 1548 &rarr; <strong>1569</strong><br />(+21 for winning)
|raw|Holiss77's rating: 1567 &rarr; <strong>1546</strong><br />(-21 for losing)
|l|☆Holiss77
