|j|☆barry1234zjy
|j|☆jly8
|t:|1664343163
|gametype|singles
|player|p1|barry1234zjy|101|1683
|player|p2|jly8|volkner|1680
|teamsize|p1|6
|teamsize|p2|6
|gen|8
|tier|[Gen 8] OU
|rated|
|rule|Sleep Clause Mod: Limit one foe put to sleep
|rule|Species Clause: Limit one of each Pokémon
|rule|OHKO Clause: OHKO moves are banned
|rule|Evasion Items Clause: Evasion items are banned
|rule|Evasion Moves Clause: Evasion moves are banned
|rule|Endless Battle Clause: Forcing endless battles is banned
|rule|HP Percentage Mod: HP is shown in percentages
|rule|Dynamax Clause: You cannot dynamax
|clearpoke
|poke|p1|Ninetales-Alola, M|
|poke|p1|Heatran, M|
|poke|p1|Landorus-Therian, M|
|poke|p1|Tapu Fini|
|poke|p1|Arctozolt|
|poke|p1|Kartana|
|poke|p2|Rillaboom, M|
|poke|p2|Blaziken, F|
|poke|p2|Melmetal|
|poke|p2|Slowbro, M|
|poke|p2|Landorus-Therian, M|
|poke|p2|Tapu Lele|
|teampreview
|inactive|Battle timer is ON: inactive players will automatically lose when time's up. (requested by barry1234zjy)
|
|t:|1664343174
|start
|switch|p1a: Frozen Soul|Ninetales-Alola, M, shiny|100/100
|switch|p2a: Tapu Lele|Tapu Lele|100/100
|-weather|Hail|[from] ability: Snow Warning|[of] p1a: Frozen Soul
|-fieldstart|move: Psychic Terrain|[from] ability: Psychic Surge|[of] p2a: Tapu Lele
|turn|1
|
|t:|1664343188
|move|p1a: Frozen Soul|Aurora Veil|p1a: Frozen Soul
|-sidestart|p1: barry1234zjy|move: Aurora Veil
|move|p2a: Tapu Lele|Psyshock|p1a: Frozen Soul
|-damage|p1a: Frozen Soul|49/100
|
|-weather|Hail|[upkeep]
|-damage|p2a: Tapu Lele|94/100|[from] Hail
|upkeep
|turn|2
|
|t:|1664343197
|switch|p1a: Destroyer|Arctozolt, shiny|100/100
|move|p2a: Tapu Lele|Psyshock|p1a: Destroyer
|-damage|p1a: Destroyer|53/100
|
|-weather|Hail|[upkeep]
|-damage|p2a: Tapu Lele|88/100|[from] Hail
|upkeep
|turn|3
|
|t:|1664343209
|switch|p2a: Melmetal|Melmetal|100/100
|move|p1a: Destroyer|Blizzard|p2a: Melmetal
|-resisted|p2a: Melmetal
|-damage|p2a: Melmetal|90/100
|
|-weather|Hail|[upkeep]
|-damage|p2a: Melmetal|84/100|[from] Hail
|upkeep
|turn|4
|
|t:|1664343220
|switch|p1a: Enten|Landorus-Therian, M, shiny|100/100
|-ability|p1a: Enten|Intimidate|boost
|-unboost|p2a: Melmetal|atk|1
|move|p2a: Melmetal|Ice Punch|p1a: Enten
|-supereffective|p1a: Enten
|-damage|p1a: Enten|49/100
|
|-weather|Hail|[upkeep]
|-damage|p1a: Enten|43/100|[from] Hail
|-damage|p2a: Melmetal|78/100|[from] Hail
|-heal|p1a: Enten|49/100|[from] item: Leftovers
|upkeep
|turn|5
|
|t:|1664343232
|switch|p2a: Landorus|Landorus-Therian, M|100/100
|-ability|p2a: Landorus|Intimidate|boost
|-unboost|p1a: Enten|atk|1
|move|p1a: Enten|U-turn|p2a: Landorus
|-resisted|p2a: Landorus
|-damage|p2a: Landorus|94/100
|
|t:|1664343240
|switch|p1a: Destroyer|Arctozolt, shiny|53/100|[from]move: U-turn
|
|-weather|Hail|[upkeep]
|-damage|p2a: Landorus|88/100|[from] Hail
|-heal|p2a: Landorus|94/100|[from] item: Leftovers
|-sideend|p1: barry1234zjy|move: Aurora Veil
|-fieldend|move: Psychic Terrain
|upkeep
|turn|6
|
|t:|1664343249
|move|p1a: Destroyer|Blizzard|p2a: Landorus
|-supereffective|p2a: Landorus
|-damage|p2a: Landorus|0 fnt
|faint|p2a: Landorus
|
|-weather|Hail|[upkeep]
|upkeep
|
|t:|1664343265
|switch|p2a: Melmetal|Melmetal|78/100
|turn|7
|
|t:|1664343280
|switch|p1a: Enten|Landorus-Therian, M, shiny|49/100
|-ability|p1a: Enten|Intimidate|boost
|-unboost|p2a: Melmetal|atk|1
|move|p2a: Melmetal|Superpower|p1a: Enten
|-resisted|p1a: Enten
|-damage|p1a: Enten|33/100
|-unboost|p2a: Melmetal|atk|1
|-unboost|p2a: Melmetal|def|1
|
|-weather|Hail|[upkeep]
|-damage|p1a: Enten|27/100|[from] Hail
|-damage|p2a: Melmetal|72/100|[from] Hail
|-heal|p1a: Enten|33/100|[from] item: Leftovers
|upkeep
|turn|8
|
|t:|1664343297
|move|p1a: Enten|Knock Off|p2a: Melmetal
|-damage|p2a: Melmetal|45/100
|-enditem|p2a: Melmetal|Assault Vest|[from] move: Knock Off|[of] p1a: Enten
|move|p2a: Melmetal|Ice Punch|p1a: Enten
|-supereffective|p1a: Enten
|-damage|p1a: Enten|0 fnt
|faint|p1a: Enten
|
|-weather|none
|upkeep
|
|t:|1664343307
|switch|p1a: Destroyer|Arctozolt, shiny|53/100
|turn|9
|
|t:|1664343312
|move|p1a: Destroyer|Bolt Beak|p2a: Melmetal
|-damage|p2a: Melmetal|0 fnt
|faint|p2a: Melmetal
|
|upkeep
|
|t:|1664343318
|switch|p2a: Rillaboom|Rillaboom, M|100/100
|-fieldstart|move: Grassy Terrain|[from] ability: Grassy Surge|[of] p2a: Rillaboom
|turn|10
|
|t:|1664343326
|switch|p1a: Deathstroke|Kartana, shiny|100/100
|move|p2a: Rillaboom|Swords Dance|p2a: Rillaboom
|-boost|p2a: Rillaboom|atk|2
|
|upkeep
|turn|11
|
|t:|1664343338
|move|p1a: Deathstroke|Leaf Blade|p2a: Rillaboom
|-resisted|p2a: Rillaboom
|-crit|p2a: Rillaboom
|-damage|p2a: Rillaboom|43/100
|move|p2a: Rillaboom|Drain Punch|p1a: Deathstroke
|-supereffective|p1a: Deathstroke
|-crit|p1a: Deathstroke
|-damage|p1a: Deathstroke|0 fnt
|-heal|p2a: Rillaboom|75/100|[from] drain|[of] p1a: Deathstroke
|faint|p1a: Deathstroke
|
|-heal|p2a: Rillaboom|81/100|[from] Grassy Terrain
|-heal|p2a: Rillaboom|88/100|[from] item: Leftovers
|upkeep
|
|t:|1664343352
|switch|p1a: Chaos|Heatran, M|100/100
|-item|p1a: Chaos|Air Balloon
|turn|12
|
|t:|1664343356
|move|p1a: Chaos|Eruption|p2a: Rillaboom
|-supereffective|p2a: Rillaboom
|-damage|p2a: Rillaboom|0 fnt
|faint|p2a: Rillaboom
|
|upkeep
|
|t:|1664343361
|switch|p2a: Blaziken|Blaziken, F|100/100
|turn|13
|
|t:|1664343383
|move|p1a: Chaos|Toxic|p2a: Blaziken
|-status|p2a: Blaziken|tox
|move|p2a: Blaziken|Close Combat|p1a: Chaos
|-supereffective|p1a: Chaos
|-damage|p1a: Chaos|0 fnt
|-unboost|p2a: Blaziken|def|1
|-unboost|p2a: Blaziken|spd|1
|-enditem|p1a: Chaos|Air Balloon
|faint|p1a: Chaos
|
|-damage|p2a: Blaziken|94/100 tox|[from] psn
|-ability|p2a: Blaziken|Speed Boost|boost
|-boost|p2a: Blaziken|spe|1
|upkeep
|
|t:|1664343398
|switch|p1a: Raven|Tapu Fini, shiny|100/100
|-fieldstart|move: Misty Terrain|[from] ability: Misty Surge|[of] p1a: Raven
|turn|14
|
|t:|1664343402
|switch|p2a: Tapu Lele|Tapu Lele|88/100
|-fieldstart|move: Psychic Terrain|[from] ability: Psychic Surge|[of] p2a: Tapu Lele
|move|p1a: Raven|Calm Mind|p1a: Raven
|-boost|p1a: Raven|spa|1
|-boost|p1a: Raven|spd|1
|
|upkeep
|turn|15
|
|t:|1664343412
|move|p2a: Tapu Lele|Psyshock|p1a: Raven
|-damage|p1a: Raven|41/100
|move|p1a: Raven|Draining Kiss|p2a: Tapu Lele
|-damage|p2a: Tapu Lele|60/100
|-heal|p1a: Raven|60/100|[from] drain|[of] p2a: Tapu Lele
|
|-heal|p1a: Raven|67/100|[from] item: Leftovers
|upkeep
|turn|16
|
|t:|1664343422
|switch|p1a: Frozen Soul|Ninetales-Alola, M, shiny|49/100
|-weather|Hail|[from] ability: Snow Warning|[of] p1a: Frozen Soul
|move|p2a: Tapu Lele|Psyshock|p1a: Frozen Soul
|-damage|p1a: Frozen Soul|0 fnt
|faint|p1a: Frozen Soul
|
|-weather|Hail|[upkeep]
|-damage|p2a: Tapu Lele|54/100|[from] Hail
|upkeep
|
|t:|1664343434
|switch|p1a: Destroyer|Arctozolt, shiny|53/100
|turn|17
|
|t:|1664343437
|move|p1a: Destroyer|Bolt Beak|p2a: Tapu Lele
|-damage|p2a: Tapu Lele|0 fnt
|faint|p2a: Tapu Lele
|
|-weather|Hail|[upkeep]
|upkeep
|
|t:|1664343442
|switch|p2a: Slowbro|Slowbro, M|100/100
|turn|18
|
|t:|1664343449
|move|p1a: Destroyer|Bolt Beak|p2a: Slowbro
|-supereffective|p2a: Slowbro
|-damage|p2a: Slowbro|11/100
|-damage|p1a: Destroyer|36/100|[from] item: Rocky Helmet|[of] p2a: Slowbro
|move|p2a: Slowbro|Scald|p1a: Destroyer
|-damage|p1a: Destroyer|0 fnt
|faint|p1a: Destroyer
|
|-weather|Hail|[upkeep]
|-damage|p2a: Slowbro|5/100|[from] Hail
|-fieldend|move: Psychic Terrain
|upkeep
|
|t:|1664343461
|switch|p1a: Raven|Tapu Fini, shiny|67/100
|-fieldstart|move: Misty Terrain|[from] ability: Misty Surge|[of] p1a: Raven
|turn|19
|
|t:|1664343468
|move|p1a: Raven|Surf|p2a: Slowbro
|-resisted|p2a: Slowbro
|-damage|p2a: Slowbro|0 fnt
|faint|p2a: Slowbro
|
|-weather|Hail|[upkeep]
|-damage|p1a: Raven|60/100|[from] Hail
|-heal|p1a: Raven|67/100|[from] item: Leftovers
|upkeep
|
|t:|1664343476
|switch|p2a: Blaziken|Blaziken, F|94/100 tox
|turn|20
|
|t:|1664343480
|move|p1a: Raven|Surf|p2a: Blaziken
|-supereffective|p2a: Blaziken
|-damage|p2a: Blaziken|7/100 tox
|move|p2a: Blaziken|Swords Dance|p2a: Blaziken
|-boost|p2a: Blaziken|atk|2
|
|-weather|Hail|[upkeep]
|-damage|p1a: Raven|60/100|[from] Hail
|-damage|p2a: Blaziken|1/100 tox|[from] Hail
|-heal|p1a: Raven|67/100|[from] item: Leftovers
|-heal|p2a: Blaziken|7/100 tox|[from] item: Leftovers
|-damage|p2a: Blaziken|1/100 tox|[from] psn
|-ability|p2a: Blaziken|Speed Boost|boost
|-boost|p2a: Blaziken|spe|1
|upkeep
|turn|21
|
|t:|1664343496
|move|p2a: Blaziken|Close Combat|p1a: Raven
|-resisted|p1a: Raven
|-damage|p1a: Raven|16/100
|-unboost|p2a: Blaziken|def|1
|-unboost|p2a: Blaziken|spd|1
|move|p1a: Raven|Surf|p2a: Blaziken
|-supereffective|p2a: Blaziken
|-damage|p2a: Blaziken|0 fnt
|faint|p2a: Blaziken
|
|win|barry1234zjy
|raw|barry1234zjy's rating: 1683 &rarr; <strong>1703</strong><br />(+20 for winning)
|raw|jly8's rating: 1680 &rarr; <strong>1660</strong><br />(-20 for losing)
|l|☆jly8
|l|☆barry1234zjy
|j|☆barry1234zjy
|player|p1|barry1234zjy|101
