|raw|<div class="broadcast-blue"><strong>This battle is required to be public due to a player having a name starting with 'lt84jm'.</div>
|j|☆Banned by week 2
|j|☆LT84JMsorryimtoxic
|t:|1627512634
|gametype|singles
|player|p1|Banned by week 2|unknown|1802
|player|p2|LT84JMsorryimtoxic|lucas|1958
|teamsize|p1|6
|teamsize|p2|6
|gen|8
|tier|[Gen 8] OU
|rated|
|rule|Sleep Clause Mod: Limit one foe put to sleep
|rule|Species Clause: Limit one of each Pokémon
|rule|OHKO Clause: OHKO moves are banned
|rule|Evasion Moves Clause: Evasion moves are banned
|rule|Endless Battle Clause: Forcing endless battles is banned
|rule|HP Percentage Mod: HP is shown in percentages
|rule|Dynamax Clause: You cannot dynamax
|clearpoke
|poke|p1|Reuniclus, M|
|poke|p1|Garchomp, M|
|poke|p1|Skarmory, M|
|poke|p1|Blissey, F|
|poke|p1|Clefable, F|
|poke|p1|Rotom-Heat|
|poke|p2|Xatu, F|
|poke|p2|Toxapex, F|
|poke|p2|Chansey, F|
|poke|p2|Corviknight, M|
|poke|p2|Hippowdon, M|
|poke|p2|Buzzwole|
|teampreview
|j|+Rumor
|inactive|Battle timer is ON: inactive players will automatically lose when time's up. (requested by Banned by week 2)
|j| Gen8BattleFactory
|j| waste yrself
|inactive|LT84JMsorryimtoxic has 120 seconds left.
|j| 77777z
|c| Gen8BattleFactory|L
|j| cafay sen sukr
|
|t:|1627512694
|start
|switch|p1a: Rotom|Rotom-Heat|100/100
|switch|p2a: Toxapex|Toxapex, F|100/100
|turn|1
|
|t:|1627512712
|move|p1a: Rotom|Nasty Plot|p1a: Rotom
|-boost|p1a: Rotom|spa|2
|move|p2a: Toxapex|Toxic|p1a: Rotom
|-status|p1a: Rotom|tox
|
|-damage|p1a: Rotom|94/100 tox|[from] psn
|upkeep
|turn|2
|
|t:|1627512743
|switch|p1a: Blissey|Blissey, F|100/100
|switch|p2a: Chansey|Chansey, F|100/100
|
|upkeep
|turn|3
|
|t:|1627512748
|move|p1a: Blissey|Heal Bell|p1a: Blissey
|-activate|p1a: Blissey|move: Heal Bell
|-curestatus|p1: Rotom|tox|[msg]
|move|p2a: Chansey|Stealth Rock|p1a: Blissey
|-sidestart|p1: Banned by week 2|move: Stealth Rock
|
|upkeep
|turn|4
|
|t:|1627512759
|switch|p2a: Toxapex|Toxapex, F|100/100
|move|p1a: Blissey|Toxic|p2a: Toxapex
|-immune|p2a: Toxapex
|
|upkeep
|turn|5
|
|t:|1627512768
|switch|p1a: Garchomp|Garchomp, M|100/100
|-damage|p1a: Garchomp|94/100|[from] Stealth Rock
|move|p2a: Toxapex|Knock Off|p1a: Garchomp
|-damage|p1a: Garchomp|83/100
|-damage|p2a: Toxapex|88/100|[from] ability: Rough Skin|[of] p1a: Garchomp
|-enditem|p1a: Garchomp|Leftovers|[from] move: Knock Off|[of] p2a: Toxapex
|
|upkeep
|turn|6
|
|t:|1627512774
|switch|p2a: Xatu|Xatu, F|100/100
|move|p1a: Garchomp|Stealth Rock|p2a: Xatu
|move|p2a: Xatu|Stealth Rock||[from]ability: Magic Bounce|[still]
|-fail|p2a: Xatu
|
|upkeep
|turn|7
|j| LT84JM Quite Quiet
|
|t:|1627512778
|switch|p2a: Toxapex|Toxapex, F|100/100
|move|p1a: Garchomp|Stealth Rock|p2a: Toxapex
|-sidestart|p2: LT84JMsorryimtoxic|move: Stealth Rock
|
|upkeep
|turn|8
|l| LT84JM Quite Quiet
|
|t:|1627512786
|move|p1a: Garchomp|Earthquake|p2a: Toxapex
|-supereffective|p2a: Toxapex
|-damage|p2a: Toxapex|47/100
|move|p2a: Toxapex|Toxic|p1a: Garchomp
|-status|p1a: Garchomp|tox
|
|-damage|p1a: Garchomp|77/100 tox|[from] psn
|upkeep
|turn|9
|
|t:|1627512794
|switch|p1a: Rotom|Rotom-Heat|94/100
|switch|p2a: Chansey|Chansey, F|100/100
|-damage|p2a: Chansey|88/100|[from] Stealth Rock
|
|upkeep
|turn|10
|
|t:|1627512798
|switch|p1a: Reuniclus|Reuniclus, M|100/100
|switch|p2a: Hippowdon|Hippowdon, M|100/100
|-damage|p2a: Hippowdon|94/100|[from] Stealth Rock
|-weather|Sandstorm|[from] ability: Sand Stream|[of] p2a: Hippowdon
|
|-weather|Sandstorm|[upkeep]
|-heal|p2a: Hippowdon|100/100|[from] item: Leftovers
|upkeep
|turn|11
|j| LT84JM reje
|j| Cangey
|
|t:|1627512810
|switch|p2a: Chansey|Chansey, F|88/100
|-damage|p2a: Chansey|75/100|[from] Stealth Rock
|switch|p1a: Skarmory|Skarmory, M|100/100
|-damage|p1a: Skarmory|88/100|[from] Stealth Rock
|
|-weather|Sandstorm|[upkeep]
|-damage|p2a: Chansey|69/100|[from] Sandstorm
|upkeep
|turn|12
|
|t:|1627512814
|switch|p2a: Corviknight|Corviknight, M|100/100
|-damage|p2a: Corviknight|88/100|[from] Stealth Rock
|-ability|p2a: Corviknight|Pressure
|move|p1a: Skarmory|Body Press|p2a: Corviknight
|-damage|p2a: Corviknight|62/100
|
|-weather|Sandstorm|[upkeep]
|upkeep
|turn|13
|
|t:|1627512819
|move|p1a: Skarmory|Iron Defense|p1a: Skarmory
|-boost|p1a: Skarmory|def|2
|move|p2a: Corviknight|Defog|p1a: Skarmory
|-unboost|p1a: Skarmory|evasion|1
|-sideend|p1: Banned by week 2|Stealth Rock|[from] move: Defog|[of] p2a: Corviknight
|-sideend|p2: LT84JMsorryimtoxic|Stealth Rock|[from] move: Defog|[of] p2a: Corviknight
|
|-weather|Sandstorm|[upkeep]
|upkeep
|turn|14
|
|t:|1627512824
|switch|p2a: Toxapex|Toxapex, F|80/100
|move|p1a: Skarmory|Body Press|p2a: Toxapex
|-resisted|p2a: Toxapex
|-damage|p2a: Toxapex|60/100
|-damage|p1a: Skarmory|72/100|[from] item: Rocky Helmet|[of] p2a: Toxapex
|
|-weather|none
|upkeep
|turn|15
|
|t:|1627512827
|move|p1a: Skarmory|Spikes|p2a: Toxapex
|-sidestart|p2: LT84JMsorryimtoxic|Spikes
|move|p2a: Toxapex|Light Screen|p2a: Toxapex
|-sidestart|p2: LT84JMsorryimtoxic|move: Light Screen
|
|upkeep
|turn|16
|j| a1012
|
|t:|1627512839
|move|p1a: Skarmory|Iron Defense|p1a: Skarmory
|-boost|p1a: Skarmory|def|2
|move|p2a: Toxapex|Knock Off|p1a: Skarmory
|-damage|p1a: Skarmory|69/100
|-damage|p2a: Toxapex|44/100|[from] item: Rocky Helmet|[of] p1a: Skarmory
|-enditem|p1a: Skarmory|Rocky Helmet|[from] move: Knock Off|[of] p2a: Toxapex
|
|upkeep
|turn|17
|
|t:|1627512844
|move|p1a: Skarmory|Iron Defense|p1a: Skarmory
|-boost|p1a: Skarmory|def|2
|move|p2a: Toxapex|Recover|p2a: Toxapex
|-heal|p2a: Toxapex|94/100
|
|upkeep
|turn|18
|j| salmonelephant
|
|t:|1627512849
|switch|p2a: Xatu|Xatu, F|100/100
|move|p1a: Skarmory|Roost|p1a: Skarmory
|-heal|p1a: Skarmory|100/100
|-singleturn|p1a: Skarmory|move: Roost
|
|upkeep
|turn|19
|
|t:|1627512853
|switch|p2a: Toxapex|Toxapex, F|100/100
|-damage|p2a: Toxapex|88/100|[from] Spikes
|move|p1a: Skarmory|Body Press|p2a: Toxapex
|-resisted|p2a: Toxapex
|-damage|p2a: Toxapex|52/100
|-damage|p1a: Skarmory|84/100|[from] item: Rocky Helmet|[of] p2a: Toxapex
|
|-sideend|p2: LT84JMsorryimtoxic|move: Light Screen
|upkeep
|turn|20
|j| cycle 4 sniper
|
|t:|1627512861
|switch|p2a: Xatu|Xatu, F|100/100
|move|p1a: Skarmory|Spikes|p2a: Xatu
|move|p2a: Xatu|Spikes|p1a: Skarmory|[from]ability: Magic Bounce
|-sidestart|p1: Banned by week 2|Spikes
|
|upkeep
|turn|21
|
|t:|1627512865
|move|p2a: Xatu|Night Shade|p1a: Skarmory
|-damage|p1a: Skarmory|54/100
|move|p1a: Skarmory|Body Press|p2a: Xatu
|-resisted|p2a: Xatu
|-damage|p2a: Xatu|57/100
|
|-heal|p2a: Xatu|63/100|[from] item: Leftovers
|upkeep
|turn|22
|
|t:|1627512870
|move|p2a: Xatu|Protect|p2a: Xatu
|-singleturn|p2a: Xatu|Protect
|move|p1a: Skarmory|Roost|p1a: Skarmory
|-heal|p1a: Skarmory|100/100
|-singleturn|p1a: Skarmory|move: Roost
|
|-heal|p2a: Xatu|69/100|[from] item: Leftovers
|upkeep
|turn|23
|
|t:|1627512875
|switch|p2a: Toxapex|Toxapex, F|85/100
|-damage|p2a: Toxapex|73/100|[from] Spikes
|move|p1a: Skarmory|Body Press|p2a: Toxapex
|-resisted|p2a: Toxapex
|-damage|p2a: Toxapex|32/100
|-damage|p1a: Skarmory|84/100|[from] item: Rocky Helmet|[of] p2a: Toxapex
|
|upkeep
|turn|24
|
|t:|1627512879
|switch|p2a: Buzzwole|Buzzwole|100/100
|move|p1a: Skarmory|Body Press|p2a: Buzzwole
|-resisted|p2a: Buzzwole
|-damage|p2a: Buzzwole|70/100
|
|upkeep
|turn|25
|j| king of spycrabs
|
|t:|1627512883
|move|p2a: Buzzwole|Roost|p2a: Buzzwole
|-heal|p2a: Buzzwole|100/100
|-singleturn|p2a: Buzzwole|move: Roost
|move|p1a: Skarmory|Body Press|p2a: Buzzwole
|-resisted|p2a: Buzzwole
|-damage|p2a: Buzzwole|70/100
|
|upkeep
|turn|26
|
|t:|1627512886
|switch|p2a: Xatu|Xatu, F|69/100
|move|p1a: Skarmory|Spikes|p2a: Xatu
|move|p2a: Xatu|Spikes|p1a: Skarmory|[from]ability: Magic Bounce
|-sidestart|p1: Banned by week 2|Spikes
|
|-heal|p2a: Xatu|75/100|[from] item: Leftovers
|upkeep
|turn|27
|
|t:|1627512889
|move|p2a: Xatu|Protect|p2a: Xatu
|-singleturn|p2a: Xatu|Protect
|move|p1a: Skarmory|Body Press|p2a: Xatu
|-activate|p2a: Xatu|move: Protect
|
|-heal|p2a: Xatu|81/100|[from] item: Leftovers
|upkeep
|turn|28
|
|t:|1627512893
|switch|p2a: Buzzwole|Buzzwole|70/100
|move|p1a: Skarmory|Roost|p1a: Skarmory
|-heal|p1a: Skarmory|100/100
|-singleturn|p1a: Skarmory|move: Roost
|
|upkeep
|turn|29
|
|t:|1627512896
|move|p2a: Buzzwole|Roost|p2a: Buzzwole
|-heal|p2a: Buzzwole|100/100
|-singleturn|p2a: Buzzwole|move: Roost
|move|p1a: Skarmory|Body Press|p2a: Buzzwole
|-resisted|p2a: Buzzwole
|-damage|p2a: Buzzwole|68/100
|
|upkeep
|turn|30
|
|t:|1627512899
|switch|p2a: Xatu|Xatu, F|81/100
|move|p1a: Skarmory|Spikes|p2a: Xatu
|move|p2a: Xatu|Spikes|p1a: Skarmory|[from]ability: Magic Bounce
|-sidestart|p1: Banned by week 2|Spikes
|
|-heal|p2a: Xatu|87/100|[from] item: Leftovers
|upkeep
|turn|31
|
|t:|1627512904
|move|p2a: Xatu|Protect|p2a: Xatu
|-singleturn|p2a: Xatu|Protect
|move|p1a: Skarmory|Body Press|p2a: Xatu
|-activate|p2a: Xatu|move: Protect
|
|-heal|p2a: Xatu|93/100|[from] item: Leftovers
|upkeep
|turn|32
|
|t:|1627512910
|switch|p1a: Rotom|Rotom-Heat|94/100
|move|p2a: Xatu|Night Shade|p1a: Rotom
|-damage|p1a: Rotom|61/100
|
|-heal|p2a: Xatu|99/100|[from] item: Leftovers
|upkeep
|turn|33
|
|t:|1627512913
|move|p1a: Rotom|Nasty Plot|p1a: Rotom
|-boost|p1a: Rotom|spa|2
|move|p2a: Xatu|Toxic|p1a: Rotom
|-status|p1a: Rotom|tox
|
|-heal|p2a: Xatu|100/100|[from] item: Leftovers
|-damage|p1a: Rotom|55/100 tox|[from] psn
|upkeep
|turn|34
|
|t:|1627512920
|switch|p2a: Chansey|Chansey, F|69/100
|-damage|p2a: Chansey|57/100|[from] Spikes
|move|p1a: Rotom|Pain Split|p2a: Chansey
|-sethp|p2a: Chansey|40/100|[from] move: Pain Split|[silent]
|-sethp|p1a: Rotom|93/100 tox|[from] move: Pain Split
|
|-damage|p1a: Rotom|80/100 tox|[from] psn
|upkeep
|turn|35
|
|t:|1627512926
|switch|p1a: Blissey|Blissey, F|100/100
|move|p2a: Chansey|Soft-Boiled|p2a: Chansey
|-heal|p2a: Chansey|90/100
|
|upkeep
|turn|36
|
|t:|1627512930
|move|p1a: Blissey|Heal Bell|p1a: Blissey
|-activate|p1a: Blissey|move: Heal Bell
|-curestatus|p1: Rotom|tox|[msg]
|-curestatus|p1: Garchomp|tox|[msg]
|move|p2a: Chansey|Stealth Rock|p1a: Blissey
|-sidestart|p1: Banned by week 2|move: Stealth Rock
|
|upkeep
|turn|37
|
|t:|1627512936
|switch|p2a: Toxapex|Toxapex, F|65/100
|-damage|p2a: Toxapex|53/100|[from] Spikes
|move|p1a: Blissey|Seismic Toss|p2a: Toxapex
|-damage|p2a: Toxapex|20/100
|-damage|p1a: Blissey|84/100|[from] item: Rocky Helmet|[of] p2a: Toxapex
|
|upkeep
|turn|38
|
|t:|1627512942
|switch|p1a: Reuniclus|Reuniclus, M|100/100
|switch|p2a: Corviknight|Corviknight, M|62/100
|-ability|p2a: Corviknight|Pressure
|
|upkeep
|turn|39
|
|t:|1627512945
|move|p2a: Corviknight|Roost|p2a: Corviknight
|-heal|p2a: Corviknight|100/100
|-singleturn|p2a: Corviknight|move: Roost
|move|p1a: Reuniclus|Calm Mind|p1a: Reuniclus
|-boost|p1a: Reuniclus|spa|1
|-boost|p1a: Reuniclus|spd|1
|
|upkeep
|turn|40
|
|t:|1627512951
|switch|p2a: Chansey|Chansey, F|90/100
|-damage|p2a: Chansey|78/100|[from] Spikes
|move|p1a: Reuniclus|Calm Mind|p1a: Reuniclus
|-boost|p1a: Reuniclus|spa|1
|-boost|p1a: Reuniclus|spd|1
|
|upkeep
|turn|41
|j| LT84JM Acey!
|
|t:|1627512956
|move|p2a: Chansey|Confide|p1a: Reuniclus
|-unboost|p1a: Reuniclus|spa|1
|move|p1a: Reuniclus|Calm Mind|p1a: Reuniclus
|-boost|p1a: Reuniclus|spa|1
|-boost|p1a: Reuniclus|spd|1
|
|upkeep
|turn|42
|j| Commenter10901
|
|t:|1627512963
|move|p2a: Chansey|Confide|p1a: Reuniclus
|-unboost|p1a: Reuniclus|spa|1
|move|p1a: Reuniclus|Stored Power|p2a: Chansey
|-damage|p2a: Chansey|59/100
|
|upkeep
|turn|43
|
|t:|1627512972
|switch|p1a: Rotom|Rotom-Heat|80/100
|move|p2a: Chansey|Soft-Boiled|p2a: Chansey
|-heal|p2a: Chansey|100/100
|
|upkeep
|turn|44
|
|t:|1627512976
|switch|p2a: Hippowdon|Hippowdon, M|100/100
|-damage|p2a: Hippowdon|88/100|[from] Spikes
|-weather|Sandstorm|[from] ability: Sand Stream|[of] p2a: Hippowdon
|move|p1a: Rotom|Nasty Plot|p1a: Rotom
|-boost|p1a: Rotom|spa|2
|
|-weather|Sandstorm|[upkeep]
|-damage|p1a: Rotom|74/100|[from] Sandstorm
|-heal|p2a: Hippowdon|94/100|[from] item: Leftovers
|upkeep
|turn|45
|
|t:|1627512980
|move|p1a: Rotom|Overheat|p2a: Hippowdon
|-damage|p2a: Hippowdon|17/100
|-unboost|p1a: Rotom|spa|2
|move|p2a: Hippowdon|Toxic|p1a: Rotom
|-status|p1a: Rotom|tox
|
|-weather|Sandstorm|[upkeep]
|-damage|p1a: Rotom|68/100 tox|[from] Sandstorm
|-heal|p2a: Hippowdon|23/100|[from] item: Leftovers
|-damage|p1a: Rotom|62/100 tox|[from] psn
|upkeep
|turn|46
|j|+Akai ⌐▨_▨
|l| Commenter10901
|
|t:|1627512996
|switch|p2a: Chansey|Chansey, F|100/100
|-damage|p2a: Chansey|88/100|[from] Spikes
|move|p1a: Rotom|Overheat|p2a: Chansey
|-damage|p2a: Chansey|74/100
|-unboost|p1a: Rotom|spa|2
|
|-weather|Sandstorm|[upkeep]
|-damage|p1a: Rotom|55/100 tox|[from] Sandstorm
|-damage|p2a: Chansey|68/100|[from] Sandstorm
|-damage|p1a: Rotom|43/100 tox|[from] psn
|upkeep
|turn|47
|
|t:|1627513004
|switch|p1a: Blissey|Blissey, F|84/100
|switch|p2a: Toxapex|Toxapex, F|53/100
|-damage|p2a: Toxapex|41/100|[from] Spikes
|
|-weather|Sandstorm|[upkeep]
|-damage|p1a: Blissey|78/100|[from] Sandstorm
|-damage|p2a: Toxapex|35/100|[from] Sandstorm
|upkeep
|turn|48
|
|t:|1627513011
|switch|p1a: Reuniclus|Reuniclus, M|100/100
|move|p2a: Toxapex|Recover|p2a: Toxapex
|-heal|p2a: Toxapex|85/100
|
|-weather|none
|upkeep
|turn|49
|
|t:|1627513015
|move|p2a: Toxapex|Knock Off|p1a: Reuniclus
|-supereffective|p1a: Reuniclus
|-damage|p1a: Reuniclus|80/100
|-damage|p2a: Toxapex|69/100|[from] item: Rocky Helmet|[of] p1a: Reuniclus
|-enditem|p1a: Reuniclus|Rocky Helmet|[from] move: Knock Off|[of] p2a: Toxapex
|move|p1a: Reuniclus|Calm Mind|p1a: Reuniclus
|-boost|p1a: Reuniclus|spa|1
|-boost|p1a: Reuniclus|spd|1
|
|upkeep
|turn|50
|
|t:|1627513018
|move|p2a: Toxapex|Light Screen|p2a: Toxapex
|-sidestart|p2: LT84JMsorryimtoxic|move: Light Screen
|move|p1a: Reuniclus|Calm Mind|p1a: Reuniclus
|-boost|p1a: Reuniclus|spa|1
|-boost|p1a: Reuniclus|spd|1
|
|upkeep
|turn|51
|
|t:|1627513023
|switch|p2a: Chansey|Chansey, F|68/100
|-damage|p2a: Chansey|55/100|[from] Spikes
|move|p1a: Reuniclus|Calm Mind|p1a: Reuniclus
|-boost|p1a: Reuniclus|spa|1
|-boost|p1a: Reuniclus|spd|1
|
|upkeep
|turn|52
|
|t:|1627513026
|move|p2a: Chansey|Soft-Boiled|p2a: Chansey
|-heal|p2a: Chansey|100/100
|move|p1a: Reuniclus|Calm Mind|p1a: Reuniclus
|-boost|p1a: Reuniclus|spa|1
|-boost|p1a: Reuniclus|spd|1
|
|upkeep
|turn|53
|
|t:|1627513027
|move|p2a: Chansey|Confide|p1a: Reuniclus
|-unboost|p1a: Reuniclus|spa|1
|move|p1a: Reuniclus|Calm Mind|p1a: Reuniclus
|-boost|p1a: Reuniclus|spa|1
|-boost|p1a: Reuniclus|spd|1
|
|upkeep
|turn|54
|
|t:|1627513029
|move|p2a: Chansey|Confide|p1a: Reuniclus
|-unboost|p1a: Reuniclus|spa|1
|move|p1a: Reuniclus|Calm Mind|p1a: Reuniclus
|-boost|p1a: Reuniclus|spa|1
|-boost|p1a: Reuniclus|spd|1
|
|-sideend|p2: LT84JMsorryimtoxic|move: Light Screen
|upkeep
|turn|55
|
|t:|1627513031
|move|p2a: Chansey|Confide|p1a: Reuniclus
|-unboost|p1a: Reuniclus|spa|1
|move|p1a: Reuniclus|Stored Power|p2a: Chansey
|-damage|p2a: Chansey|46/100
|
|upkeep
|turn|56
|
|t:|1627513038
|move|p2a: Chansey|Confide|p1a: Reuniclus
|-unboost|p1a: Reuniclus|spa|1
|move|p1a: Reuniclus|Calm Mind|p1a: Reuniclus
|-boost|p1a: Reuniclus|spa|1
|-boost|p1a: Reuniclus|spd|0
|
|upkeep
|turn|57
|
|t:|1627513042
|move|p2a: Chansey|Confide|p1a: Reuniclus
|-unboost|p1a: Reuniclus|spa|1
|move|p1a: Reuniclus|Stored Power|p2a: Chansey
|-damage|p2a: Chansey|6/100
|
|upkeep
|turn|58
|j| Duragonite
|
|t:|1627513048
|move|p2a: Chansey|Soft-Boiled|p2a: Chansey
|-heal|p2a: Chansey|56/100
|move|p1a: Reuniclus|Acid Armor|p1a: Reuniclus
|-boost|p1a: Reuniclus|def|2
|
|upkeep
|turn|59
|j| burgercute
|
|t:|1627513050
|move|p2a: Chansey|Confide|p1a: Reuniclus
|-unboost|p1a: Reuniclus|spa|1
|move|p1a: Reuniclus|Stored Power|p2a: Chansey
|-damage|p2a: Chansey|22/100
|
|upkeep
|turn|60
|
|t:|1627513053
|move|p2a: Chansey|Soft-Boiled|p2a: Chansey
|-heal|p2a: Chansey|72/100
|move|p1a: Reuniclus|Acid Armor|p1a: Reuniclus
|-boost|p1a: Reuniclus|def|2
|
|upkeep
|turn|61
|
|t:|1627513055
|move|p2a: Chansey|Confide|p1a: Reuniclus
|-unboost|p1a: Reuniclus|spa|1
|move|p1a: Reuniclus|Stored Power|p2a: Chansey
|-damage|p2a: Chansey|44/100
|
|upkeep
|turn|62
|
|t:|1627513058
|move|p2a: Chansey|Soft-Boiled|p2a: Chansey
|-heal|p2a: Chansey|94/100
|move|p1a: Reuniclus|Calm Mind|p1a: Reuniclus
|-boost|p1a: Reuniclus|spa|1
|-boost|p1a: Reuniclus|spd|0
|
|upkeep
|turn|63
|
|t:|1627513062
|move|p2a: Chansey|Confide|p1a: Reuniclus
|-unboost|p1a: Reuniclus|spa|1
|move|p1a: Reuniclus|Calm Mind|p1a: Reuniclus
|-boost|p1a: Reuniclus|spa|1
|-boost|p1a: Reuniclus|spd|0
|
|upkeep
|turn|64
|
|t:|1627513064
|move|p2a: Chansey|Confide|p1a: Reuniclus
|-unboost|p1a: Reuniclus|spa|1
|move|p1a: Reuniclus|Calm Mind|p1a: Reuniclus
|-boost|p1a: Reuniclus|spa|1
|-boost|p1a: Reuniclus|spd|0
|
|upkeep
|turn|65
|
|t:|1627513070
|switch|p1a: Clefable|Clefable, F|100/100
|move|p2a: Chansey|Confide|p1a: Clefable
|-unboost|p1a: Clefable|spa|1
|
|upkeep
|turn|66
|
|t:|1627513075
|switch|p2a: Toxapex|Toxapex, F|100/100
|-damage|p2a: Toxapex|88/100|[from] Spikes
|move|p1a: Clefable|Calm Mind|p1a: Clefable
|-boost|p1a: Clefable|spa|1
|-boost|p1a: Clefable|spd|1
|
|upkeep
|turn|67
|
|t:|1627513078
|move|p1a: Clefable|Calm Mind|p1a: Clefable
|-boost|p1a: Clefable|spa|1
|-boost|p1a: Clefable|spd|1
|move|p2a: Toxapex|Knock Off|p1a: Clefable
|-resisted|p1a: Clefable
|-damage|p1a: Clefable|95/100
|-enditem|p1a: Clefable|Heavy-Duty Boots|[from] move: Knock Off|[of] p2a: Toxapex
|
|upkeep
|turn|68
|
|t:|1627513083
|switch|p1a: Reuniclus|Reuniclus, M|80/100
|move|p2a: Toxapex|Toxic|p1a: Reuniclus
|-status|p1a: Reuniclus|tox
|
|upkeep
|turn|69
|
|t:|1627513085
|move|p2a: Toxapex|Light Screen|p2a: Toxapex
|-sidestart|p2: LT84JMsorryimtoxic|move: Light Screen
|move|p1a: Reuniclus|Calm Mind|p1a: Reuniclus
|-boost|p1a: Reuniclus|spa|1
|-boost|p1a: Reuniclus|spd|1
|
|upkeep
|turn|70
|
|t:|1627513091
|switch|p2a: Chansey|Chansey, F|94/100
|-damage|p2a: Chansey|82/100|[from] Spikes
|switch|p1a: Rotom|Rotom-Heat|43/100 tox
|
|-damage|p1a: Rotom|37/100 tox|[from] psn
|upkeep
|turn|71
|
|t:|1627513094
|switch|p2a: Hippowdon|Hippowdon, M|23/100
|-damage|p2a: Hippowdon|11/100|[from] Spikes
|-weather|Sandstorm|[from] ability: Sand Stream|[of] p2a: Hippowdon
|move|p1a: Rotom|Pain Split|p2a: Hippowdon
|-sethp|p2a: Hippowdon|19/100|[from] move: Pain Split|[silent]
|-sethp|p1a: Rotom|25/100 tox|[from] move: Pain Split
|
|-weather|Sandstorm|[upkeep]
|-damage|p1a: Rotom|19/100 tox|[from] Sandstorm
|-heal|p2a: Hippowdon|25/100|[from] item: Leftovers
|-damage|p1a: Rotom|7/100 tox|[from] psn
|upkeep
|turn|72
|
|t:|1627513099
|switch|p1a: Blissey|Blissey, F|78/100
|move|p2a: Hippowdon|Slack Off|p2a: Hippowdon
|-heal|p2a: Hippowdon|75/100
|
|-weather|Sandstorm|[upkeep]
|-damage|p1a: Blissey|72/100|[from] Sandstorm
|-heal|p2a: Hippowdon|81/100|[from] item: Leftovers
|upkeep
|turn|73
|
|t:|1627513107
|switch|p2a: Corviknight|Corviknight, M|100/100
|-ability|p2a: Corviknight|Pressure
|move|p1a: Blissey|Heal Bell|p1a: Blissey
|-activate|p1a: Blissey|move: Heal Bell
|-curestatus|p1: Rotom|tox|[msg]
|-curestatus|p1: Reuniclus|tox|[msg]
|
|-weather|Sandstorm|[upkeep]
|-damage|p1a: Blissey|65/100|[from] Sandstorm
|-sideend|p2: LT84JMsorryimtoxic|move: Light Screen
|upkeep
|turn|74
|
|t:|1627513115
|switch|p1a: Reuniclus|Reuniclus, M|80/100
|move|p2a: Corviknight|Bulk Up|p2a: Corviknight
|-boost|p2a: Corviknight|atk|1
|-boost|p2a: Corviknight|def|1
|
|-weather|Sandstorm|[upkeep]
|upkeep
|turn|75
|
|t:|1627513125
|switch|p2a: Chansey|Chansey, F|82/100
|-damage|p2a: Chansey|69/100|[from] Spikes
|move|p1a: Reuniclus|Acid Armor|p1a: Reuniclus
|-boost|p1a: Reuniclus|def|2
|
|-weather|none
|upkeep
|turn|76
|j| dzekone
|
|t:|1627513130
|move|p2a: Chansey|Seismic Toss|p1a: Reuniclus
|-damage|p1a: Reuniclus|56/100
|move|p1a: Reuniclus|Acid Armor|p1a: Reuniclus
|-boost|p1a: Reuniclus|def|2
|
|upkeep
|turn|77
|
|t:|1627513133
|move|p2a: Chansey|Seismic Toss|p1a: Reuniclus
|-damage|p1a: Reuniclus|33/100
|move|p1a: Reuniclus|Recover|p1a: Reuniclus
|-heal|p1a: Reuniclus|83/100
|
|upkeep
|turn|78
|l| LT84JM Acey!
|
|t:|1627513135
|move|p2a: Chansey|Seismic Toss|p1a: Reuniclus
|-damage|p1a: Reuniclus|59/100
|move|p1a: Reuniclus|Acid Armor|p1a: Reuniclus
|-boost|p1a: Reuniclus|def|2
|
|upkeep
|turn|79
|
|t:|1627513137
|move|p2a: Chansey|Seismic Toss|p1a: Reuniclus
|-damage|p1a: Reuniclus|35/100
|move|p1a: Reuniclus|Recover|p1a: Reuniclus
|-heal|p1a: Reuniclus|85/100
|
|upkeep
|turn|80
|
|t:|1627513140
|move|p2a: Chansey|Seismic Toss|p1a: Reuniclus
|-damage|p1a: Reuniclus|62/100
|move|p1a: Reuniclus|Calm Mind|p1a: Reuniclus
|-boost|p1a: Reuniclus|spa|1
|-boost|p1a: Reuniclus|spd|1
|
|upkeep
|turn|81
|
|t:|1627513142
|move|p2a: Chansey|Confide|p1a: Reuniclus
|-unboost|p1a: Reuniclus|spa|1
|move|p1a: Reuniclus|Recover|p1a: Reuniclus
|-heal|p1a: Reuniclus|100/100
|
|upkeep
|turn|82
|
|t:|1627513144
|move|p2a: Chansey|Soft-Boiled|p2a: Chansey
|-heal|p2a: Chansey|100/100
|move|p1a: Reuniclus|Calm Mind|p1a: Reuniclus
|-boost|p1a: Reuniclus|spa|1
|-boost|p1a: Reuniclus|spd|1
|
|upkeep
|turn|83
|
|t:|1627513146
|move|p2a: Chansey|Confide|p1a: Reuniclus
|-unboost|p1a: Reuniclus|spa|1
|move|p1a: Reuniclus|Calm Mind|p1a: Reuniclus
|-boost|p1a: Reuniclus|spa|1
|-boost|p1a: Reuniclus|spd|1
|
|upkeep
|turn|84
|
|t:|1627513148
|move|p2a: Chansey|Confide|p1a: Reuniclus
|-unboost|p1a: Reuniclus|spa|1
|move|p1a: Reuniclus|Calm Mind|p1a: Reuniclus
|-boost|p1a: Reuniclus|spa|1
|-boost|p1a: Reuniclus|spd|1
|
|upkeep
|turn|85
|
|t:|1627513149
|move|p2a: Chansey|Confide|p1a: Reuniclus
|-unboost|p1a: Reuniclus|spa|1
|move|p1a: Reuniclus|Calm Mind|p1a: Reuniclus
|-boost|p1a: Reuniclus|spa|1
|-boost|p1a: Reuniclus|spd|1
|
|upkeep
|turn|86
|
|t:|1627513152
|move|p2a: Chansey|Confide|p1a: Reuniclus
|-unboost|p1a: Reuniclus|spa|1
|move|p1a: Reuniclus|Calm Mind|p1a: Reuniclus
|-boost|p1a: Reuniclus|spa|1
|-boost|p1a: Reuniclus|spd|1
|
|upkeep
|turn|87
|
|t:|1627513155
|move|p2a: Chansey|Confide|p1a: Reuniclus
|-unboost|p1a: Reuniclus|spa|1
|move|p1a: Reuniclus|Stored Power|p2a: Chansey
|-damage|p2a: Chansey|72/100
|
|upkeep
|turn|88
|j| FOREST CAVE ????
|
|t:|1627513163
|switch|p1a: Rotom|Rotom-Heat|7/100
|move|p2a: Chansey|Seismic Toss|p1a: Rotom
|-damage|p1a: Rotom|0 fnt
|faint|p1a: Rotom
|
|upkeep
|j| SandBaggers
|-message|Banned by week 2 forfeited.
|
|win|LT84JMsorryimtoxic
|raw|Banned by week 2's rating: 1802 &rarr; <strong>1790</strong><br />(-12 for losing)
|raw|LT84JMsorryimtoxic's rating: 1958 &rarr; <strong>1970</strong><br />(+12 for winning)
|l|☆Banned by week 2
|l| SandBaggers
|l| waste yrself
|l| a1012
|l|☆LT84JMsorryimtoxic
||Ladder isn't responding, score probably updated but might not have (Request timeout).
|j| LT84JM Adri
|l| LT84JM Adri
|l| Duragonite
|l| 77777z
|l| king of spycrabs
|l| burgercute
|j| oiaobos
|l| cafay sen sukr
|l| oiaobos
|l| Cangey
|l| salmonelephant
|l| FOREST CAVE ????
|j|☆LT84JMsorryimtoxic
|player|p2|LT84JMsorryimtoxic|lucas
|l|☆LT84JMsorryimtoxic
|player|p2|
|j| LT84JM Ash
|j| TempoTympole
|l| LT84JM Ash
|j| LoD Bleiz
|l| dzekone
|j| Ilovepadel
|j| OU make me yawn
