|html|<div class="broadcast-blue"><strong>[Gen 8] OU is currently suspecting Melmetal! For information on how to participate check out the <a href="https://www.smogon.com/forums/threads/np-ss-ou-suspect-process-round-12-monster-mash.3709234/">suspect thread</a>.</strong></div>
|j|☆classicdoughnut
|j|☆ty-tyui↻
|t:|1665781016
|gametype|singles
|player|p1|classicdoughnut|1|1633
|player|p2|ty-tyui↻|grace|1608
|teamsize|p1|6
|teamsize|p2|6
|gen|8
|tier|[Gen 8] OU
|rated|
|rule|Sleep Clause Mod: Limit one foe put to sleep
|rule|Species Clause: Limit one of each Pokémon
|rule|OHKO Clause: OHKO moves are banned
|rule|Evasion Items Clause: Evasion items are banned
|rule|Evasion Moves Clause: Evasion moves are banned
|rule|Endless Battle Clause: Forcing endless battles is banned
|rule|HP Percentage Mod: HP is shown in percentages
|rule|Dynamax Clause: You cannot dynamax
|clearpoke
|poke|p1|Clefable, M|
|poke|p1|Rotom-Wash|
|poke|p1|Zapdos-Galar|
|poke|p1|Latios, M|
|poke|p1|Landorus-Therian, M|
|poke|p1|Melmetal|
|poke|p2|Mienshao, M|
|poke|p2|Ninetales-Alola, F|
|poke|p2|Blacephalon|
|poke|p2|Landorus-Therian, M|
|poke|p2|Corviknight, M|
|poke|p2|Rotom-Wash|
|teampreview
|inactive|Battle timer is ON: inactive players will automatically lose when time's up. (requested by classicdoughnut)
|
|t:|1665781023
|start
|switch|p1a: Mike|Melmetal, shiny|100/100
|switch|p2a: Ninetales|Ninetales-Alola, F|100/100
|-weather|Hail|[from] ability: Snow Warning|[of] p2a: Ninetales
|turn|1
|
|t:|1665781026
|switch|p2a: Corviknight|Corviknight, M|100/100
|-ability|p2a: Corviknight|Pressure
|move|p1a: Mike|Double Iron Bash|p2a: Corviknight
|-resisted|p2a: Corviknight
|-damage|p2a: Corviknight|85/100
|-damage|p1a: Mike|84/100|[from] item: Rocky Helmet|[of] p2a: Corviknight
|-resisted|p2a: Corviknight
|-damage|p2a: Corviknight|70/100
|-damage|p1a: Mike|67/100|[from] item: Rocky Helmet|[of] p2a: Corviknight
|-hitcount|p2a: Corviknight|2
|
|-weather|Hail|[upkeep]
|-damage|p2a: Corviknight|63/100|[from] Hail
|-damage|p1a: Mike|61/100|[from] Hail
|upkeep
|turn|2
|
|t:|1665781032
|move|p2a: Corviknight|Roost|p2a: Corviknight
|-heal|p2a: Corviknight|100/100
|-singleturn|p2a: Corviknight|move: Roost
|move|p1a: Mike|Earthquake|p2a: Corviknight
|-supereffective|p2a: Corviknight
|-damage|p2a: Corviknight|39/100
|
|-weather|Hail|[upkeep]
|-damage|p2a: Corviknight|33/100|[from] Hail
|-damage|p1a: Mike|55/100|[from] Hail
|upkeep
|turn|3
|
|t:|1665781041
|move|p2a: Corviknight|Roost|p2a: Corviknight
|-heal|p2a: Corviknight|83/100
|-singleturn|p2a: Corviknight|move: Roost
|move|p1a: Mike|Thunder Punch|p2a: Corviknight
|-damage|p2a: Corviknight|60/100
|-damage|p1a: Mike|38/100|[from] item: Rocky Helmet|[of] p2a: Corviknight
|
|-weather|Hail|[upkeep]
|-damage|p2a: Corviknight|53/100|[from] Hail
|-damage|p1a: Mike|32/100|[from] Hail
|upkeep
|turn|4
|
|t:|1665781046
|move|p2a: Corviknight|Roost|p2a: Corviknight
|-heal|p2a: Corviknight|100/100
|-singleturn|p2a: Corviknight|move: Roost
|move|p1a: Mike|Earthquake|p2a: Corviknight
|-supereffective|p2a: Corviknight
|-damage|p2a: Corviknight|49/100
|
|-weather|Hail|[upkeep]
|-damage|p2a: Corviknight|43/100|[from] Hail
|-damage|p1a: Mike|26/100|[from] Hail
|upkeep
|turn|5
|
|t:|1665781050
|move|p2a: Corviknight|Roost|p2a: Corviknight
|-heal|p2a: Corviknight|93/100
|-singleturn|p2a: Corviknight|move: Roost
|move|p1a: Mike|Earthquake|p2a: Corviknight
|-supereffective|p2a: Corviknight
|-damage|p2a: Corviknight|34/100
|
|-weather|none
|upkeep
|turn|6
|
|t:|1665781054
|move|p2a: Corviknight|U-turn|p1a: Mike
|-resisted|p1a: Mike
|-damage|p1a: Mike|22/100
|
|t:|1665781056
|switch|p2a: Landorus|Landorus-Therian, M|100/100|[from]move: U-turn
|-ability|p2a: Landorus|Intimidate|boost
|-unboost|p1a: Mike|atk|1
|move|p1a: Mike|Earthquake|p2a: Landorus
|-immune|p2a: Landorus
|
|upkeep
|turn|7
|j| call the crew
|
|t:|1665781061
|move|p2a: Landorus|Stealth Rock|p1a: Mike
|-sidestart|p1: classicdoughnut|move: Stealth Rock
|move|p1a: Mike|Ice Punch|p2a: Landorus
|-supereffective|p2a: Landorus
|-damage|p2a: Landorus|1/100
|-status|p2a: Landorus|frz
|
|-heal|p2a: Landorus|7/100 frz|[from] item: Leftovers
|upkeep
|turn|8
|j| inv solak plz
|
|t:|1665781074
|cant|p2a: Landorus|frz
|move|p1a: Mike|Ice Punch|p2a: Landorus
|-supereffective|p2a: Landorus
|-damage|p2a: Landorus|0 fnt
|faint|p2a: Landorus
|
|upkeep
|
|t:|1665781078
|switch|p2a: Blacephalon|Blacephalon, shiny|100/100
|turn|9
|
|t:|1665781091
|move|p2a: Blacephalon|Shadow Ball|p1a: Mike
|-damage|p1a: Mike|0 fnt
|faint|p1a: Mike
|-ability|p2a: Blacephalon|Beast Boost|boost
|-boost|p2a: Blacephalon|spa|1
|
|upkeep
|
|t:|1665781096
|switch|p1a: Avalon|Latios, M, shiny|100/100
|-damage|p1a: Avalon|88/100|[from] Stealth Rock
|turn|10
|
|t:|1665781098
|move|p2a: Blacephalon|Shadow Ball|p1a: Avalon
|-supereffective|p1a: Avalon
|-damage|p1a: Avalon|0 fnt
|faint|p1a: Avalon
|-ability|p2a: Blacephalon|Beast Boost|boost
|-boost|p2a: Blacephalon|spa|1
|
|upkeep
|
|t:|1665781113
|switch|p1a: Phantom|Rotom-Wash, shiny|100/100
|-damage|p1a: Phantom|88/100|[from] Stealth Rock
|turn|11
|
|t:|1665781116
|move|p2a: Blacephalon|Shadow Ball|p1a: Phantom
|-damage|p1a: Phantom|0 fnt
|faint|p1a: Phantom
|-ability|p2a: Blacephalon|Beast Boost|boost
|-boost|p2a: Blacephalon|spa|1
|
|upkeep
|-message|classicdoughnut forfeited.
|
|win|ty-tyui↻
|raw|classicdoughnut's rating: 1633 &rarr; <strong>1612</strong><br />(-21 for losing)
|raw|ty-tyui↻'s rating: 1608 &rarr; <strong>1629</strong><br />(+21 for winning)
|l|☆classicdoughnut
|l| inv solak plz
||Ladder isn't responding, score probably updated but might not have (Request timeout).
