|j|☆cump3
|j|☆minimax_ai
|t:|1663531250
|gametype|singles
|player|p1|cump3|schoolkid-gen4|1693
|player|p2|minimax_ai|lusamine-nihilego|1635
|teamsize|p1|6
|teamsize|p2|6
|gen|8
|tier|[Gen 8] OU
|rated|
|rule|Sleep Clause Mod: Limit one foe put to sleep
|rule|Species Clause: Limit one of each Pokémon
|rule|OHKO Clause: OHKO moves are banned
|rule|Evasion Items Clause: Evasion items are banned
|rule|Evasion Moves Clause: Evasion moves are banned
|rule|Endless Battle Clause: Forcing endless battles is banned
|rule|HP Percentage Mod: HP is shown in percentages
|rule|Dynamax Clause: You cannot dynamax
|clearpoke
|poke|p1|Swampert, M|
|poke|p1|Mandibuzz, F|
|poke|p1|Rillaboom, M|
|poke|p1|Magnezone|
|poke|p1|Tapu Lele|
|poke|p1|Dragapult, F|
|poke|p2|Rotom-Wash|
|poke|p2|Weavile, M|
|poke|p2|Landorus-Therian, M|
|poke|p2|Heatran, M|
|poke|p2|Tangrowth, F|
|poke|p2|Melmetal|
|teampreview
|c|☆minimax_ai|hf
|inactive|Battle timer is ON: inactive players will automatically lose when time's up. (requested by minimax_ai)
|c|☆cump3|hf
|
|t:|1663531258
|start
|switch|p1a: Rillaboom|Rillaboom, M|100/100
|switch|p2a: landorustherian|Landorus-Therian, M|100/100
|-fieldstart|move: Grassy Terrain|[from] ability: Grassy Surge|[of] p1a: Rillaboom
|-ability|p2a: landorustherian|Intimidate|boost
|-unboost|p1a: Rillaboom|atk|1
|turn|1
|
|t:|1663531264
|move|p1a: Rillaboom|U-turn|p2a: landorustherian
|-resisted|p2a: landorustherian
|-damage|p2a: landorustherian|89/100
|
|t:|1663531267
|switch|p1a: Mandibuzz|Mandibuzz, F|100/100|[from]move: U-turn
|move|p2a: landorustherian|Toxic|p1a: Mandibuzz
|-status|p1a: Mandibuzz|tox
|
|-heal|p2a: landorustherian|95/100|[from] item: Leftovers
|-damage|p1a: Mandibuzz|94/100 tox|[from] psn
|upkeep
|turn|2
|
|t:|1663531272
|switch|p2a: Heatran|Heatran, M|100/100
|-item|p2a: Heatran|Air Balloon
|move|p1a: Mandibuzz|Foul Play|p2a: Heatran
|-crit|p2a: Heatran
|-damage|p2a: Heatran|60/100
|-enditem|p2a: Heatran|Air Balloon
|
|-heal|p2a: Heatran|66/100|[from] Grassy Terrain
|-damage|p1a: Mandibuzz|82/100 tox|[from] psn
|upkeep
|turn|3
|
|t:|1663531280
|switch|p1a: Swampert|Swampert, M|100/100
|move|p2a: Heatran|Stealth Rock|p1a: Swampert
|-sidestart|p1: cump3|move: Stealth Rock
|
|-heal|p2a: Heatran|72/100|[from] Grassy Terrain
|upkeep
|turn|4
|
|t:|1663531286
|switch|p2a: Tangrowth|Tangrowth, F|100/100
|move|p1a: Swampert|Stealth Rock|p2a: Tangrowth
|-sidestart|p2: minimax_ai|move: Stealth Rock
|
|upkeep
|turn|5
|
|t:|1663531289
|move|p2a: Tangrowth|Knock Off|p1a: Swampert
|-damage|p1a: Swampert|80/100
|-enditem|p1a: Swampert|Leftovers|[from] move: Knock Off|[of] p2a: Tangrowth
|move|p1a: Swampert|Toxic|p2a: Tangrowth
|-status|p2a: Tangrowth|tox
|
|-heal|p1a: Swampert|86/100|[from] Grassy Terrain
|-damage|p2a: Tangrowth|94/100 tox|[from] psn
|-fieldend|move: Grassy Terrain
|upkeep
|turn|6
|
|t:|1663531296
|switch|p1a: Mandibuzz|Mandibuzz, F|82/100 tox
|move|p2a: Tangrowth|Knock Off|p1a: Mandibuzz
|-resisted|p1a: Mandibuzz
|-damage|p1a: Mandibuzz|76/100 tox
|-enditem|p1a: Mandibuzz|Heavy-Duty Boots|[from] move: Knock Off|[of] p2a: Tangrowth
|
|-damage|p1a: Mandibuzz|70/100 tox|[from] psn
|-damage|p2a: Tangrowth|82/100 tox|[from] psn
|upkeep
|turn|7
|
|t:|1663531297
|switch|p2a: Melmetal|Melmetal|100/100
|-damage|p2a: Melmetal|94/100|[from] Stealth Rock
|move|p1a: Mandibuzz|Roost|p1a: Mandibuzz
|-heal|p1a: Mandibuzz|100/100 tox
|-singleturn|p1a: Mandibuzz|move: Roost
|
|-damage|p1a: Mandibuzz|88/100 tox|[from] psn
|upkeep
|turn|8
|
|t:|1663531300
|move|p1a: Mandibuzz|U-turn|p2a: Melmetal
|-resisted|p2a: Melmetal
|-damage|p2a: Melmetal|91/100
|
|t:|1663531302
|switch|p1a: Magnezone|Magnezone, shiny|100/100|[from]move: U-turn
|-damage|p1a: Magnezone|94/100|[from] Stealth Rock
|move|p2a: Melmetal|Ice Punch|p1a: Magnezone
|-resisted|p1a: Magnezone
|-damage|p1a: Magnezone|83/100
|-damage|p2a: Melmetal|75/100|[from] item: Rocky Helmet|[of] p1a: Magnezone
|
|upkeep
|turn|9
|
|t:|1663531304
|move|p1a: Magnezone|Magnet Rise|p1a: Magnezone
|-start|p1a: Magnezone|Magnet Rise
|move|p2a: Melmetal|Earthquake|p1a: Magnezone
|-immune|p1a: Magnezone
|
|upkeep
|turn|10
|
|t:|1663531305
|move|p1a: Magnezone|Iron Defense|p1a: Magnezone
|-boost|p1a: Magnezone|def|2
|move|p2a: Melmetal|Ice Punch|p1a: Magnezone
|-resisted|p1a: Magnezone
|-damage|p1a: Magnezone|78/100
|-damage|p2a: Melmetal|58/100|[from] item: Rocky Helmet|[of] p1a: Magnezone
|
|upkeep
|turn|11
|
|t:|1663531307
|move|p1a: Magnezone|Iron Defense|p1a: Magnezone
|-boost|p1a: Magnezone|def|2
|move|p2a: Melmetal|Ice Punch|p1a: Magnezone
|-resisted|p1a: Magnezone
|-damage|p1a: Magnezone|74/100
|-status|p1a: Magnezone|frz
|-damage|p2a: Melmetal|42/100|[from] item: Rocky Helmet|[of] p1a: Magnezone
|
|upkeep
|turn|12
|
|t:|1663531309
|cant|p1a: Magnezone|frz
|move|p2a: Melmetal|Earthquake|p1a: Magnezone
|-immune|p1a: Magnezone
|
|upkeep
|turn|13
|
|t:|1663531310
|-curestatus|p1a: Magnezone|frz|[msg]
|move|p1a: Magnezone|Body Press|p2a: Melmetal
|-supereffective|p2a: Melmetal
|-damage|p2a: Melmetal|0 fnt
|faint|p2a: Melmetal
|
|-end|p1a: Magnezone|Magnet Rise
|upkeep
|
|t:|1663531310
|switch|p2a: Heatran|Heatran, M|72/100
|-damage|p2a: Heatran|60/100|[from] Stealth Rock
|turn|14
|
|t:|1663531312
|switch|p1a: Swampert|Swampert, M|86/100
|-damage|p1a: Swampert|80/100|[from] Stealth Rock
|move|p2a: Heatran|Magma Storm|p1a: Swampert
|-resisted|p1a: Swampert
|-damage|p1a: Swampert|63/100
|-activate|p1a: Swampert|move: Magma Storm|[of] p2a: Heatran
|
|-damage|p1a: Swampert|50/100|[from] move: Magma Storm|[partiallytrapped]
|upkeep
|turn|15
|
|t:|1663531313
|move|p2a: Heatran|Magma Storm|p1a: Swampert|[miss]
|-miss|p2a: Heatran|p1a: Swampert
|move|p1a: Swampert|High Horsepower|p2a: Heatran
|-supereffective|p2a: Heatran
|-damage|p2a: Heatran|0 fnt
|faint|p2a: Heatran
|
|-end|p1a: Swampert|Magma Storm|[partiallytrapped]|[silent]
|upkeep
|
|t:|1663531314
|switch|p2a: Tangrowth|Tangrowth, F|100/100 tox
|-damage|p2a: Tangrowth|88/100 tox|[from] Stealth Rock
|turn|16
|
|t:|1663531317
|switch|p1a: Magnezone|Magnezone, shiny|74/100
|-damage|p1a: Magnezone|68/100|[from] Stealth Rock
|move|p2a: Tangrowth|Knock Off|p1a: Magnezone
|-damage|p1a: Magnezone|51/100
|-damage|p2a: Tangrowth|72/100 tox|[from] item: Rocky Helmet|[of] p1a: Magnezone
|-enditem|p1a: Magnezone|Rocky Helmet|[from] move: Knock Off|[of] p2a: Tangrowth
|
|-damage|p2a: Tangrowth|65/100 tox|[from] psn
|upkeep
|turn|17
|
|t:|1663531319
|switch|p1a: Mandibuzz|Mandibuzz, F|88/100 tox
|-damage|p1a: Mandibuzz|63/100 tox|[from] Stealth Rock
|switch|p2a: landorustherian|Landorus-Therian, M|95/100
|-damage|p2a: landorustherian|82/100|[from] Stealth Rock
|-ability|p2a: landorustherian|Intimidate|boost
|-unboost|p1a: Mandibuzz|atk|1
|
|-heal|p2a: landorustherian|88/100|[from] item: Leftovers
|-damage|p1a: Mandibuzz|57/100 tox|[from] psn
|upkeep
|turn|18
|
|t:|1663531321
|move|p2a: landorustherian|U-turn|p1a: Mandibuzz
|-damage|p1a: Mandibuzz|44/100 tox
|
|t:|1663531321
|switch|p2a: rotomwash|Rotom-Wash|100/100|[from]move: U-turn
|-damage|p2a: rotomwash|88/100|[from] Stealth Rock
|move|p1a: Mandibuzz|Roost|p1a: Mandibuzz
|-heal|p1a: Mandibuzz|94/100 tox
|-singleturn|p1a: Mandibuzz|move: Roost
|
|-heal|p2a: rotomwash|94/100|[from] item: Leftovers
|-damage|p1a: Mandibuzz|82/100 tox|[from] psn
|upkeep
|turn|19
|
|t:|1663531324
|switch|p1a: Rillaboom|Rillaboom, M|100/100
|-damage|p1a: Rillaboom|88/100|[from] Stealth Rock
|-fieldstart|move: Grassy Terrain|[from] ability: Grassy Surge|[of] p1a: Rillaboom
|move|p2a: rotomwash|Thunderbolt|p1a: Rillaboom
|-resisted|p1a: Rillaboom
|-damage|p1a: Rillaboom|64/100
|
|-heal|p2a: rotomwash|100/100|[from] item: Leftovers
|-heal|p1a: Rillaboom|70/100|[from] Grassy Terrain
|upkeep
|turn|20
|
|t:|1663531326
|switch|p2a: Tangrowth|Tangrowth, F|99/100 tox
|-damage|p2a: Tangrowth|86/100 tox|[from] Stealth Rock
|move|p1a: Rillaboom|Knock Off|p2a: Tangrowth
|-damage|p2a: Tangrowth|57/100 tox
|-damage|p1a: Rillaboom|54/100|[from] item: Rocky Helmet|[of] p2a: Tangrowth
|-enditem|p2a: Tangrowth|Rocky Helmet|[from] move: Knock Off|[of] p1a: Rillaboom
|
|-heal|p1a: Rillaboom|60/100|[from] Grassy Terrain
|-heal|p2a: Tangrowth|64/100 tox|[from] Grassy Terrain
|-damage|p2a: Tangrowth|57/100 tox|[from] psn
|upkeep
|turn|21
|j| CanUrepeat
|
|t:|1663531331
|switch|p1a: Mandibuzz|Mandibuzz, F|82/100 tox
|-damage|p1a: Mandibuzz|57/100 tox|[from] Stealth Rock
|move|p2a: Tangrowth|Giga Drain|p1a: Mandibuzz
|-resisted|p1a: Mandibuzz
|-damage|p1a: Mandibuzz|42/100 tox
|-heal|p2a: Tangrowth|65/100 tox|[from] drain|[of] p1a: Mandibuzz
|
|-heal|p2a: Tangrowth|72/100 tox|[from] Grassy Terrain
|-damage|p1a: Mandibuzz|36/100 tox|[from] psn
|-damage|p2a: Tangrowth|59/100 tox|[from] psn
|upkeep
|turn|22
|
|t:|1663531333
|switch|p2a: landorustherian|Landorus-Therian, M|88/100
|-damage|p2a: landorustherian|76/100|[from] Stealth Rock
|-ability|p2a: landorustherian|Intimidate|boost
|-unboost|p1a: Mandibuzz|atk|1
|move|p1a: Mandibuzz|Roost|p1a: Mandibuzz
|-heal|p1a: Mandibuzz|86/100 tox
|-singleturn|p1a: Mandibuzz|move: Roost
|
|-heal|p2a: landorustherian|82/100|[from] item: Leftovers
|-heal|p1a: Mandibuzz|92/100 tox|[from] Grassy Terrain
|-damage|p1a: Mandibuzz|80/100 tox|[from] psn
|upkeep
|turn|23
|
|t:|1663531336
|move|p2a: landorustherian|U-turn|p1a: Mandibuzz
|-damage|p1a: Mandibuzz|66/100 tox
|
|t:|1663531336
|switch|p2a: Weavile|Weavile, M|100/100|[from]move: U-turn
|-damage|p2a: Weavile|76/100|[from] Stealth Rock
|-ability|p2a: Weavile|Pressure
|move|p1a: Mandibuzz|Roost|p1a: Mandibuzz
|-heal|p1a: Mandibuzz|100/100 tox
|-singleturn|p1a: Mandibuzz|move: Roost
|
|-heal|p2a: Weavile|82/100|[from] Grassy Terrain
|-damage|p1a: Mandibuzz|82/100 tox|[from] psn
|-fieldend|move: Grassy Terrain
|upkeep
|turn|24
|
|t:|1663531338
|switch|p1a: Magnezone|Magnezone, shiny|51/100
|-damage|p1a: Magnezone|45/100|[from] Stealth Rock
|move|p2a: Weavile|Triple Axel|p1a: Magnezone
|-resisted|p1a: Magnezone
|-damage|p1a: Magnezone|40/100
|-resisted|p1a: Magnezone
|-damage|p1a: Magnezone|29/100
|-resisted|p1a: Magnezone
|-damage|p1a: Magnezone|14/100
|-hitcount|p1a: Magnezone|3
|
|upkeep
|turn|25
|
|t:|1663531339
|move|p2a: Weavile|Triple Axel|p1a: Magnezone
|-resisted|p1a: Magnezone
|-damage|p1a: Magnezone|9/100
|-resisted|p1a: Magnezone
|-damage|p1a: Magnezone|0 fnt
|faint|p1a: Magnezone
|-hitcount|p1: Magnezone|2
|
|upkeep
|
|t:|1663531348
|switch|p1a: Rillaboom|Rillaboom, M|60/100
|-damage|p1a: Rillaboom|47/100|[from] Stealth Rock
|-fieldstart|move: Grassy Terrain|[from] ability: Grassy Surge|[of] p1a: Rillaboom
|turn|26
|
|t:|1663531351
|switch|p2a: Tangrowth|Tangrowth, F|92/100 tox
|-damage|p2a: Tangrowth|80/100 tox|[from] Stealth Rock
|move|p1a: Rillaboom|Grassy Glide|p2a: Tangrowth
|-resisted|p2a: Tangrowth
|-damage|p2a: Tangrowth|61/100 tox
|
|-heal|p1a: Rillaboom|54/100|[from] Grassy Terrain
|-heal|p2a: Tangrowth|67/100 tox|[from] Grassy Terrain
|-damage|p2a: Tangrowth|61/100 tox|[from] psn
|upkeep
|turn|27
|
|t:|1663531357
|switch|p1a: Mandibuzz|Mandibuzz, F|82/100 tox
|-damage|p1a: Mandibuzz|57/100 tox|[from] Stealth Rock
|move|p2a: Tangrowth|Giga Drain|p1a: Mandibuzz
|-resisted|p1a: Mandibuzz
|-damage|p1a: Mandibuzz|43/100 tox
|-heal|p2a: Tangrowth|69/100 tox|[from] drain|[of] p1a: Mandibuzz
|
|-heal|p2a: Tangrowth|75/100 tox|[from] Grassy Terrain
|-damage|p1a: Mandibuzz|37/100 tox|[from] psn
|-damage|p2a: Tangrowth|62/100 tox|[from] psn
|upkeep
|turn|28
|
|t:|1663531359
|switch|p2a: landorustherian|Landorus-Therian, M|82/100
|-damage|p2a: landorustherian|70/100|[from] Stealth Rock
|-ability|p2a: landorustherian|Intimidate|boost
|-unboost|p1a: Mandibuzz|atk|1
|move|p1a: Mandibuzz|Roost|p1a: Mandibuzz
|-heal|p1a: Mandibuzz|87/100 tox
|-singleturn|p1a: Mandibuzz|move: Roost
|
|-heal|p2a: landorustherian|76/100|[from] item: Leftovers
|-heal|p1a: Mandibuzz|93/100 tox|[from] Grassy Terrain
|-damage|p1a: Mandibuzz|81/100 tox|[from] psn
|upkeep
|turn|29
|
|t:|1663531361
|move|p2a: landorustherian|U-turn|p1a: Mandibuzz
|-damage|p1a: Mandibuzz|67/100 tox
|
|t:|1663531361
|switch|p2a: Weavile|Weavile, M|82/100|[from]move: U-turn
|-damage|p2a: Weavile|57/100|[from] Stealth Rock
|-ability|p2a: Weavile|Pressure
|move|p1a: Mandibuzz|U-turn|p2a: Weavile
|-supereffective|p2a: Weavile
|-damage|p2a: Weavile|30/100
|
|t:|1663531366
|switch|p1a: Rillaboom|Rillaboom, M|54/100|[from]move: U-turn
|-damage|p1a: Rillaboom|41/100|[from] Stealth Rock
|
|-heal|p2a: Weavile|36/100|[from] Grassy Terrain
|-heal|p1a: Rillaboom|47/100|[from] Grassy Terrain
|upkeep
|turn|30
|
|t:|1663531368
|move|p2a: Weavile|Ice Shard|p1a: Rillaboom
|-supereffective|p1a: Rillaboom
|-damage|p1a: Rillaboom|0 fnt
|faint|p1a: Rillaboom
|
|-heal|p2a: Weavile|42/100|[from] Grassy Terrain
|-fieldend|move: Grassy Terrain
|upkeep
|
|t:|1663531371
|switch|p1a: Dragapult|Dragapult, F|100/100
|-damage|p1a: Dragapult|88/100|[from] Stealth Rock
|turn|31
|
|t:|1663531372
|move|p2a: Weavile|Ice Shard|p1a: Dragapult
|-supereffective|p1a: Dragapult
|-damage|p1a: Dragapult|10/100
|move|p1a: Dragapult|U-turn|p2a: Weavile
|-supereffective|p2a: Weavile
|-damage|p2a: Weavile|0 fnt
|faint|p2a: Weavile
|
|t:|1663531376
|switch|p1a: Tapu Lele|Tapu Lele, shiny|100/100|[from]move: U-turn
|-damage|p1a: Tapu Lele|88/100|[from] Stealth Rock
|-fieldstart|move: Psychic Terrain|[from] ability: Psychic Surge|[of] p1a: Tapu Lele
|
|upkeep
|
|t:|1663531376
|switch|p2a: Tangrowth|Tangrowth, F|96/100 tox
|-damage|p2a: Tangrowth|83/100 tox|[from] Stealth Rock
|turn|32
|
|t:|1663531379
|move|p1a: Tapu Lele|Moonblast|p2a: Tangrowth
|-damage|p2a: Tangrowth|0 fnt
|faint|p2a: Tangrowth
|
|upkeep
|
|t:|1663531379
|switch|p2a: landorustherian|Landorus-Therian, M|76/100
|-damage|p2a: landorustherian|63/100|[from] Stealth Rock
|-ability|p2a: landorustherian|Intimidate|boost
|-unboost|p1a: Tapu Lele|atk|1
|turn|33
|
|t:|1663531382
|move|p1a: Tapu Lele|Moonblast|p2a: landorustherian
|-damage|p2a: landorustherian|0 fnt
|faint|p2a: landorustherian
|
|upkeep
|
|t:|1663531382
|switch|p2a: rotomwash|Rotom-Wash|100/100
|-damage|p2a: rotomwash|88/100|[from] Stealth Rock
|turn|34
|
|t:|1663531384
|move|p1a: Tapu Lele|Moonblast|p2a: rotomwash
|-damage|p2a: rotomwash|4/100
|-unboost|p2a: rotomwash|spa|1
|move|p2a: rotomwash|Thunderbolt|p1a: Tapu Lele
|-damage|p1a: Tapu Lele|61/100
|
|-heal|p2a: rotomwash|10/100|[from] item: Leftovers
|upkeep
|turn|35
|
|t:|1663531386
|move|p1a: Tapu Lele|Moonblast|p2a: rotomwash
|-damage|p2a: rotomwash|0 fnt
|faint|p2a: rotomwash
|
|win|cump3
|raw|cump3's rating: 1715 &rarr; <strong>1730</strong><br />(+15 for winning)
|raw|minimax_ai's rating: 1635 &rarr; <strong>1620</strong><br />(-15 for losing)
|c|☆minimax_ai|gg
