|j|☆Alu9204
|j|☆huehuekkk
|t:|1664434554
|gametype|singles
|player|p1|Alu9204|burglar|1514
|player|p2|huehuekkk|cyclist|1618
|teamsize|p1|6
|teamsize|p2|6
|gen|8
|tier|[Gen 8] OU
|rated|
|rule|Sleep Clause Mod: Limit one foe put to sleep
|rule|Species Clause: Limit one of each Pokémon
|rule|OHKO Clause: OHKO moves are banned
|rule|Evasion Items Clause: Evasion items are banned
|rule|Evasion Moves Clause: Evasion moves are banned
|rule|Endless Battle Clause: Forcing endless battles is banned
|rule|HP Percentage Mod: HP is shown in percentages
|rule|Dynamax Clause: You cannot dynamax
|clearpoke
|poke|p1|Blacephalon|
|poke|p1|Ninetales-Alola, F|
|poke|p1|Tapu Fini|
|poke|p1|Heatran, M|
|poke|p1|Garchomp, M|
|poke|p1|Kartana|
|poke|p2|Blaziken, M|
|poke|p2|Mew|
|poke|p2|Kommo-o, M|
|poke|p2|Ninetales-Alola, F|
|poke|p2|Arctozolt|
|poke|p2|Volcarona, F|
|teampreview
|inactive|Battle timer is ON: inactive players will automatically lose when time's up. (requested by huehuekkk)
|c|☆huehuekkk|lol
|
|t:|1664434570
|start
|switch|p1a: Heatran|Heatran, M|100/100
|switch|p2a: Mew|Mew|100/100
|-item|p1a: Heatran|Air Balloon
|turn|1
|
|t:|1664434578
|move|p2a: Mew|Stealth Rock|p1a: Heatran
|-sidestart|p1: Alu9204|move: Stealth Rock
|move|p1a: Heatran|Stealth Rock|p2a: Mew
|-sidestart|p2: huehuekkk|move: Stealth Rock
|
|upkeep
|turn|2
|
|t:|1664434583
|move|p2a: Mew|Spikes|p1a: Heatran
|-sidestart|p1: Alu9204|Spikes
|move|p1a: Heatran|Magma Storm|p2a: Mew
|-damage|p2a: Mew|63/100
|-activate|p2a: Mew|move: Magma Storm|[of] p1a: Heatran
|-enditem|p2a: Mew|Red Card|[of] p1a: Heatran
|drag|p1a: Garchomp|Garchomp, M|100/100
|-damage|p1a: Garchomp|94/100|[from] Stealth Rock
|-damage|p1a: Garchomp|82/100|[from] Spikes
|
|-heal|p1a: Garchomp|88/100|[from] item: Leftovers
|-end|p2a: Mew|Magma Storm|[partiallytrapped]|[silent]
|upkeep
|turn|3
|
|t:|1664434608
|move|p1a: Garchomp|Earthquake|p2a: Mew
|-damage|p2a: Mew|20/100
|move|p2a: Mew|Spikes|p1a: Garchomp
|-sidestart|p1: Alu9204|Spikes
|
|-heal|p1a: Garchomp|94/100|[from] item: Leftovers
|upkeep
|turn|4
|
|t:|1664434619
|move|p1a: Garchomp|Earthquake|p2a: Mew
|-crit|p2a: Mew
|-damage|p2a: Mew|0 fnt
|faint|p2a: Mew
|
|-heal|p1a: Garchomp|100/100|[from] item: Leftovers
|upkeep
|
|t:|1664434624
|switch|p2a: Ninetales|Ninetales-Alola, F|100/100
|-damage|p2a: Ninetales|76/100|[from] Stealth Rock
|-weather|Hail|[from] ability: Snow Warning|[of] p2a: Ninetales
|turn|5
|
|t:|1664434631
|switch|p1a: Ninetales|Ninetales-Alola, F|100/100
|-damage|p1a: Ninetales|76/100|[from] Stealth Rock
|-damage|p1a: Ninetales|59/100|[from] Spikes
|move|p2a: Ninetales|Aurora Veil|p2a: Ninetales
|-sidestart|p2: huehuekkk|move: Aurora Veil
|
|-weather|Hail|[upkeep]
|upkeep
|turn|6
|
|t:|1664434635
|move|p1a: Ninetales|Aurora Veil|p1a: Ninetales
|-sidestart|p1: Alu9204|move: Aurora Veil
|move|p2a: Ninetales|Hypnosis|p1a: Ninetales
|-status|p1a: Ninetales|slp|[from] move: Hypnosis
|
|-weather|Hail|[upkeep]
|upkeep
|turn|7
|
|t:|1664434651
|switch|p2a: Arctozolt|Arctozolt|100/100
|-damage|p2a: Arctozolt|76/100|[from] Stealth Rock
|switch|p1a: Tapu Fini|Tapu Fini|100/100
|-damage|p1a: Tapu Fini|88/100|[from] Stealth Rock
|-damage|p1a: Tapu Fini|71/100|[from] Spikes
|-fieldstart|move: Misty Terrain|[from] ability: Misty Surge|[of] p1a: Tapu Fini
|
|-weather|Hail|[upkeep]
|-damage|p1a: Tapu Fini|65/100|[from] Hail
|upkeep
|turn|8
|
|t:|1664434660
|move|p2a: Arctozolt|Bolt Beak|p1a: Tapu Fini
|-supereffective|p1a: Tapu Fini
|-damage|p1a: Tapu Fini|0 fnt
|faint|p1a: Tapu Fini
|-damage|p2a: Arctozolt|66/100|[from] item: Life Orb
|
|-weather|Hail|[upkeep]
|upkeep
|
|t:|1664434666
|switch|p1a: Kartana|Kartana|100/100
|-damage|p1a: Kartana|94/100|[from] Stealth Rock
|-damage|p1a: Kartana|78/100|[from] Spikes
|turn|9
|
|t:|1664434675
|switch|p2a: Volcarona|Volcarona, F|100/100
|move|p1a: Kartana|Sacred Sword|p2a: Volcarona
|-resisted|p2a: Volcarona
|-damage|p2a: Volcarona|84/100
|
|-weather|none
|upkeep
|turn|10
|
|t:|1664434679
|switch|p1a: Heatran|Heatran, M|100/100
|-damage|p1a: Heatran|88/100|[from] Stealth Rock
|-item|p1a: Heatran|Air Balloon
|move|p2a: Volcarona|Quiver Dance|p2a: Volcarona
|-boost|p2a: Volcarona|spa|1
|-boost|p2a: Volcarona|spd|1
|-boost|p2a: Volcarona|spe|1
|
|upkeep
|turn|11
|
|t:|1664434688
|move|p2a: Volcarona|Quiver Dance|p2a: Volcarona
|-boost|p2a: Volcarona|spa|1
|-boost|p2a: Volcarona|spd|1
|-boost|p2a: Volcarona|spe|1
|move|p1a: Heatran|Magma Storm|p2a: Volcarona
|-damage|p2a: Volcarona|73/100
|-activate|p2a: Volcarona|move: Magma Storm|[of] p1a: Heatran
|
|-damage|p2a: Volcarona|61/100|[from] move: Magma Storm|[partiallytrapped]
|-fieldend|Misty Terrain
|upkeep
|turn|12
|
|t:|1664434699
|move|p2a: Volcarona|Safeguard|p2a: Volcarona
|-sidestart|p2: huehuekkk|Safeguard
|move|p1a: Heatran|Earth Power|p2a: Volcarona
|-damage|p2a: Volcarona|55/100
|
|-damage|p2a: Volcarona|43/100|[from] move: Magma Storm|[partiallytrapped]
|-sideend|p2: huehuekkk|move: Aurora Veil
|upkeep
|turn|13
|
|t:|1664434712
|move|p2a: Volcarona|Roost|p2a: Volcarona
|-heal|p2a: Volcarona|93/100
|-singleturn|p2a: Volcarona|move: Roost
|move|p1a: Heatran|Earth Power|p2a: Volcarona
|-damage|p2a: Volcarona|79/100
|
|-damage|p2a: Volcarona|66/100|[from] move: Magma Storm|[partiallytrapped]
|-sideend|p1: Alu9204|move: Aurora Veil
|upkeep
|turn|14
|
|t:|1664434717
|move|p2a: Volcarona|Quiver Dance|p2a: Volcarona
|-boost|p2a: Volcarona|spa|1
|-boost|p2a: Volcarona|spd|1
|-boost|p2a: Volcarona|spe|1
|move|p1a: Heatran|Magma Storm|p2a: Volcarona
|-damage|p2a: Volcarona|49/100
|
|-damage|p2a: Volcarona|37/100|[from] move: Magma Storm|[partiallytrapped]
|upkeep
|turn|15
|
|t:|1664434724
|move|p2a: Volcarona|Roost|p2a: Volcarona
|-heal|p2a: Volcarona|87/100
|-singleturn|p2a: Volcarona|move: Roost
|move|p1a: Heatran|Earth Power|p2a: Volcarona
|-damage|p2a: Volcarona|76/100
|-unboost|p2a: Volcarona|spd|1
|
|-damage|p2a: Volcarona|64/100|[from] move: Magma Storm|[partiallytrapped]
|upkeep
|turn|16
|
|t:|1664434731
|move|p2a: Volcarona|Quiver Dance|p2a: Volcarona
|-boost|p2a: Volcarona|spa|1
|-boost|p2a: Volcarona|spd|1
|-boost|p2a: Volcarona|spe|1
|move|p1a: Heatran|Magma Storm|p2a: Volcarona
|-damage|p2a: Volcarona|46/100
|
|-end|p2a: Volcarona|Magma Storm|[partiallytrapped]
|-sideend|p2: huehuekkk|Safeguard
|upkeep
|turn|17
|
|t:|1664434737
|move|p2a: Volcarona|Roost|p2a: Volcarona
|-heal|p2a: Volcarona|96/100
|-singleturn|p2a: Volcarona|move: Roost
|move|p1a: Heatran|Magma Storm|p2a: Volcarona
|-damage|p2a: Volcarona|77/100
|-activate|p2a: Volcarona|move: Magma Storm|[of] p1a: Heatran
|
|-damage|p2a: Volcarona|65/100|[from] move: Magma Storm|[partiallytrapped]
|upkeep
|turn|18
|
|t:|1664434741
|move|p2a: Volcarona|Safeguard|p2a: Volcarona
|-sidestart|p2: huehuekkk|Safeguard
|move|p1a: Heatran|Earth Power|p2a: Volcarona
|-damage|p2a: Volcarona|53/100
|
|-damage|p2a: Volcarona|41/100|[from] move: Magma Storm|[partiallytrapped]
|upkeep
|turn|19
|
|t:|1664434752
|move|p2a: Volcarona|Roost|p2a: Volcarona
|-heal|p2a: Volcarona|91/100
|-singleturn|p2a: Volcarona|move: Roost
|move|p1a: Heatran|Earth Power|p2a: Volcarona
|-damage|p2a: Volcarona|81/100
|
|-damage|p2a: Volcarona|68/100|[from] move: Magma Storm|[partiallytrapped]
|upkeep
|turn|20
|
|t:|1664434755
|move|p2a: Volcarona|Quiver Dance|p2a: Volcarona
|-boost|p2a: Volcarona|spa|1
|-boost|p2a: Volcarona|spd|1
|-boost|p2a: Volcarona|spe|1
|move|p1a: Heatran|Earth Power|p2a: Volcarona
|-damage|p2a: Volcarona|60/100
|-unboost|p2a: Volcarona|spd|1
|
|-damage|p2a: Volcarona|47/100|[from] move: Magma Storm|[partiallytrapped]
|upkeep
|turn|21
|
|t:|1664434759
|move|p2a: Volcarona|Roost|p2a: Volcarona
|-heal|p2a: Volcarona|98/100
|-singleturn|p2a: Volcarona|move: Roost
|move|p1a: Heatran|Earth Power|p2a: Volcarona
|-damage|p2a: Volcarona|86/100
|
|-end|p2a: Volcarona|Magma Storm|[partiallytrapped]
|upkeep
|turn|22
|
|t:|1664434766
|move|p2a: Volcarona|Quiver Dance|p2a: Volcarona
|-boost|p2a: Volcarona|spa|1
|-boost|p2a: Volcarona|spd|1
|-boost|p2a: Volcarona|spe|1
|move|p1a: Heatran|Earth Power|p2a: Volcarona
|-damage|p2a: Volcarona|77/100
|
|-sideend|p2: huehuekkk|Safeguard
|upkeep
|turn|23
|
|t:|1664434770
|move|p2a: Volcarona|Safeguard|p2a: Volcarona
|-sidestart|p2: huehuekkk|Safeguard
|move|p1a: Heatran|Earth Power|p2a: Volcarona
|-damage|p2a: Volcarona|68/100
|
|upkeep
|turn|24
|
|t:|1664434776
|move|p2a: Volcarona|Quiver Dance|p2a: Volcarona
|-boost|p2a: Volcarona|spa|0
|-boost|p2a: Volcarona|spd|1
|-boost|p2a: Volcarona|spe|0
|move|p1a: Heatran|Earth Power|p2a: Volcarona
|-damage|p2a: Volcarona|61/100
|
|upkeep
|turn|25
|
|t:|1664434780
|move|p2a: Volcarona|Roost|p2a: Volcarona
|-heal|p2a: Volcarona|100/100
|-singleturn|p2a: Volcarona|move: Roost
|move|p1a: Heatran|Stealth Rock||[still]
|-fail|p1a: Heatran
|
|upkeep
|turn|26
|
|t:|1664434786
|move|p2a: Volcarona|Quiver Dance|p2a: Volcarona
|-boost|p2a: Volcarona|spa|0
|-boost|p2a: Volcarona|spd|1
|-boost|p2a: Volcarona|spe|0
|move|p1a: Heatran|Stealth Rock||[still]
|-fail|p1a: Heatran
|
|upkeep
|turn|27
|
|t:|1664434793
|move|p2a: Volcarona|Quiver Dance|p2a: Volcarona
|-boost|p2a: Volcarona|spa|0
|-boost|p2a: Volcarona|spd|0
|-boost|p2a: Volcarona|spe|0
|move|p1a: Heatran|Stealth Rock||[still]
|-fail|p1a: Heatran
|
|-sideend|p2: huehuekkk|Safeguard
|upkeep
|turn|28
|
|t:|1664434798
|move|p2a: Volcarona|Safeguard|p2a: Volcarona
|-sidestart|p2: huehuekkk|Safeguard
|move|p1a: Heatran|Stealth Rock||[still]
|-fail|p1a: Heatran
|
|upkeep
|turn|29
|c|☆huehuekkk|kek
|
|t:|1664434807
|move|p2a: Volcarona|Quiver Dance|p2a: Volcarona
|-boost|p2a: Volcarona|spa|0
|-boost|p2a: Volcarona|spd|0
|-boost|p2a: Volcarona|spe|0
|move|p1a: Heatran|Stealth Rock||[still]
|-fail|p1a: Heatran
|
|upkeep
|turn|30
|
|t:|1664434811
|move|p2a: Volcarona|Quiver Dance|p2a: Volcarona
|-boost|p2a: Volcarona|spa|0
|-boost|p2a: Volcarona|spd|0
|-boost|p2a: Volcarona|spe|0
|move|p1a: Heatran|Stealth Rock||[still]
|-fail|p1a: Heatran
|
|upkeep
|turn|31
|
|t:|1664434814
|move|p2a: Volcarona|Quiver Dance|p2a: Volcarona
|-boost|p2a: Volcarona|spa|0
|-boost|p2a: Volcarona|spd|0
|-boost|p2a: Volcarona|spe|0
|move|p1a: Heatran|Stealth Rock||[still]
|-fail|p1a: Heatran
|
|upkeep
|turn|32
|
|t:|1664434820
|move|p2a: Volcarona|Quiver Dance|p2a: Volcarona
|-boost|p2a: Volcarona|spa|0
|-boost|p2a: Volcarona|spd|0
|-boost|p2a: Volcarona|spe|0
|move|p1a: Heatran|Stealth Rock||[still]
|-fail|p1a: Heatran
|
|-sideend|p2: huehuekkk|Safeguard
|upkeep
|turn|33
|
|t:|1664434825
|move|p2a: Volcarona|Safeguard|p2a: Volcarona
|-sidestart|p2: huehuekkk|Safeguard
|move|p1a: Heatran|Stealth Rock||[still]
|-fail|p1a: Heatran
|
|upkeep
|turn|34
|
|t:|1664434831
|move|p2a: Volcarona|Quiver Dance|p2a: Volcarona
|-boost|p2a: Volcarona|spa|0
|-boost|p2a: Volcarona|spd|0
|-boost|p2a: Volcarona|spe|0
|move|p1a: Heatran|Stealth Rock||[still]
|-fail|p1a: Heatran
|
|upkeep
|turn|35
|
|t:|1664434839
|move|p2a: Volcarona|Safeguard||[still]
|-fail|p2a: Volcarona
|move|p1a: Heatran|Magma Storm|p2a: Volcarona
|-damage|p2a: Volcarona|90/100
|-activate|p2a: Volcarona|move: Magma Storm|[of] p1a: Heatran
|
|-damage|p2a: Volcarona|77/100|[from] move: Magma Storm|[partiallytrapped]
|upkeep
|turn|36
|
|t:|1664434848
|move|p2a: Volcarona|Safeguard||[still]
|-fail|p2a: Volcarona
|move|p1a: Heatran|Stealth Rock||[still]
|-fail|p1a: Heatran
|
|-damage|p2a: Volcarona|65/100|[from] move: Magma Storm|[partiallytrapped]
|upkeep
|turn|37
|
|t:|1664434858
|move|p2a: Volcarona|Safeguard||[still]
|-fail|p2a: Volcarona
|move|p1a: Heatran|Earth Power|p2a: Volcarona
|-damage|p2a: Volcarona|58/100
|-unboost|p2a: Volcarona|spd|1
|
|-damage|p2a: Volcarona|46/100|[from] move: Magma Storm|[partiallytrapped]
|-sideend|p2: huehuekkk|Safeguard
|upkeep
|turn|38
|
|t:|1664434874
|move|p2a: Volcarona|Safeguard|p2a: Volcarona
|-sidestart|p2: huehuekkk|Safeguard
|move|p1a: Heatran|Stealth Rock||[still]
|-fail|p1a: Heatran
|
|-damage|p2a: Volcarona|34/100|[from] move: Magma Storm|[partiallytrapped]
|upkeep
|turn|39
|
|t:|1664434883
|move|p2a: Volcarona|Roost|p2a: Volcarona
|-heal|p2a: Volcarona|84/100
|-singleturn|p2a: Volcarona|move: Roost
|move|p1a: Heatran|Stealth Rock||[still]
|-fail|p1a: Heatran
|
|-end|p2a: Volcarona|Magma Storm|[partiallytrapped]
|upkeep
|turn|40
|-message|Alu9204 forfeited.
|
|win|huehuekkk
|raw|Alu9204's rating: 1514 &rarr; <strong>1500</strong><br />(-14 for losing)
|raw|huehuekkk's rating: 1618 &rarr; <strong>1632</strong><br />(+14 for winning)
|l|☆Alu9204
|c|☆huehuekkk|lolll
