|j|☆Cubielubie
|j|☆HOF69
|t:|1653608217
|gametype|singles
|player|p1|Cubielubie|169|1600
|player|p2|HOF69|red|1608
|teamsize|p1|6
|teamsize|p2|6
|gen|8
|tier|[Gen 8] OU
|rated|
|rule|Sleep Clause Mod: Limit one foe put to sleep
|rule|Species Clause: Limit one of each Pokémon
|rule|OHKO Clause: OHKO moves are banned
|rule|Evasion Moves Clause: Evasion moves are banned
|rule|Endless Battle Clause: Forcing endless battles is banned
|rule|HP Percentage Mod: HP is shown in percentages
|rule|Dynamax Clause: You cannot dynamax
|clearpoke
|poke|p1|Pelipper, M|
|poke|p1|Barraskewda, M|
|poke|p1|Porygon-Z|
|poke|p1|Ferrothorn, M|
|poke|p1|Tapu Lele|
|poke|p1|Seismitoad, M|
|poke|p2|Cloyster, M|
|poke|p2|Blacephalon|
|poke|p2|Kartana|
|poke|p2|Tapu Lele|
|poke|p2|Krookodile, F|
|poke|p2|Landorus-Therian, M|
|teampreview
|
|t:|1653608233
|start
|switch|p1a: Tapu Lele|Tapu Lele|100/100
|switch|p2a: Krookodile|Krookodile, F|100/100
|-fieldstart|move: Psychic Terrain|[from] ability: Psychic Surge|[of] p1a: Tapu Lele
|-ability|p2a: Krookodile|Intimidate|boost
|-unboost|p1a: Tapu Lele|atk|1
|turn|1
|
|t:|1653608235
|move|p1a: Tapu Lele|Moonblast|p2a: Krookodile
|-supereffective|p2a: Krookodile
|-enditem|p2a: Krookodile|Focus Sash
|-damage|p2a: Krookodile|1/100
|move|p2a: Krookodile|Stealth Rock|p1a: Tapu Lele
|-sidestart|p1: Cubielubie|move: Stealth Rock
|
|upkeep
|turn|2
|
|t:|1653608242
|move|p1a: Tapu Lele|Moonblast|p2a: Krookodile
|-supereffective|p2a: Krookodile
|-damage|p2a: Krookodile|0 fnt
|faint|p2a: Krookodile
|
|upkeep
|
|t:|1653608247
|switch|p2a: Blacephalon|Blacephalon|100/100
|turn|3
|
|t:|1653608281
|switch|p1a: Porygon-Z|Porygon-Z|100/100
|-damage|p1a: Porygon-Z|88/100|[from] Stealth Rock
|-ability|p1a: Porygon-Z|Download|boost
|-boost|p1a: Porygon-Z|atk|1
|move|p2a: Blacephalon|Flamethrower|p1a: Porygon-Z
|-damage|p1a: Porygon-Z|14/100
|
|upkeep
|turn|4
|
|t:|1653608293
|switch|p2a: Tapu Lele|Tapu Lele|100/100
|move|p1a: Porygon-Z|Psyshock|p2a: Tapu Lele
|-resisted|p2a: Tapu Lele
|-damage|p2a: Tapu Lele|55/100
|
|upkeep
|turn|5
|
|t:|1653608296
|move|p2a: Tapu Lele|Psyshock|p1a: Porygon-Z
|-damage|p1a: Porygon-Z|0 fnt
|faint|p1a: Porygon-Z
|
|-fieldend|move: Psychic Terrain
|upkeep
|
|t:|1653608298
|switch|p1a: Ferrothorn|Ferrothorn, M|100/100
|-damage|p1a: Ferrothorn|95/100|[from] Stealth Rock
|turn|6
|
|t:|1653608302
|move|p2a: Tapu Lele|Focus Blast|p1a: Ferrothorn|[miss]
|-miss|p2a: Tapu Lele|p1a: Ferrothorn
|move|p1a: Ferrothorn|Stealth Rock|p2a: Tapu Lele
|-sidestart|p2: HOF69|move: Stealth Rock
|
|upkeep
|turn|7
|-message|HOF69 forfeited.
|
|win|Cubielubie
|raw|Cubielubie's rating: 1591 &rarr; <strong>1612</strong><br />(+21 for winning)
|raw|HOF69's rating: 1608 &rarr; <strong>1587</strong><br />(-21 for losing)
|l|☆HOF69
||Ladder isn't responding, score probably updated but might not have (Request timeout).
|j| FreeBob
|l| FreeBob
