|j|☆d18l
|j|☆abowlofvegies
|t:|1662774435
|gametype|singles
|player|p1|d18l|backpacker|1720
|player|p2|abowlofvegies|lusamine-nihilego|1701
|teamsize|p1|6
|teamsize|p2|6
|gen|8
|tier|[Gen 8] OU
|rated|
|rule|Sleep Clause Mod: Limit one foe put to sleep
|rule|Species Clause: Limit one of each Pokémon
|rule|OHKO Clause: OHKO moves are banned
|rule|Evasion Items Clause: Evasion items are banned
|rule|Evasion Moves Clause: Evasion moves are banned
|rule|Endless Battle Clause: Forcing endless battles is banned
|rule|HP Percentage Mod: HP is shown in percentages
|rule|Dynamax Clause: You cannot dynamax
|clearpoke
|poke|p1|Tapu Koko|
|poke|p1|Victini|
|poke|p1|Landorus-Therian, M|
|poke|p1|Tornadus-Therian, M|
|poke|p1|Rotom-Wash|
|poke|p1|Ferrothorn, M|
|poke|p2|Kartana|
|poke|p2|Blaziken, F|
|poke|p2|Hawlucha, F|
|poke|p2|Tapu Koko|
|poke|p2|Latias, F|
|poke|p2|Rillaboom, M|
|teampreview
|inactive|Battle timer is ON: inactive players will automatically lose when time's up. (requested by abowlofvegies)
|inactive|d18l has 120 seconds left.
|inactive|abowlofvegies has 120 seconds left.
|
|t:|1662774480
|start
|switch|p1a: Tapu Koko|Tapu Koko|100/100
|switch|p2a: Tapu Koko|Tapu Koko, shiny|100/100
|-fieldstart|move: Electric Terrain|[from] ability: Electric Surge|[of] p1a: Tapu Koko
|turn|1
|
|t:|1662774486
|move|p1a: Tapu Koko|Dazzling Gleam|p2a: Tapu Koko
|-damage|p2a: Tapu Koko|33/100
|move|p2a: Tapu Koko|Light Screen|p2a: Tapu Koko
|-sidestart|p2: abowlofvegies|move: Light Screen
|
|upkeep
|turn|2
|
|t:|1662774495
|move|p1a: Tapu Koko|Dazzling Gleam|p2a: Tapu Koko
|-damage|p2a: Tapu Koko|0 fnt
|faint|p2a: Tapu Koko
|
|upkeep
|
|t:|1662774497
|switch|p2a: Hawlucha|Hawlucha, F, shiny|100/100
|-enditem|p2a: Hawlucha|Electric Seed
|-boost|p2a: Hawlucha|def|1|[from] item: Electric Seed
|turn|3
|
|t:|1662774504
|move|p2a: Hawlucha|Swords Dance|p2a: Hawlucha
|-boost|p2a: Hawlucha|atk|2
|move|p1a: Tapu Koko|Dazzling Gleam|p2a: Hawlucha
|-supereffective|p2a: Hawlucha
|-crit|p2a: Hawlucha
|-damage|p2a: Hawlucha|0 fnt
|faint|p2a: Hawlucha
|
|upkeep
|
|t:|1662774511
|switch|p2a: Latias|Latias, F|100/100
|turn|4
|
|t:|1662774517
|switch|p1a: Landorus|Landorus-Therian, M|100/100
|-ability|p1a: Landorus|Intimidate|boost
|-unboost|p2a: Latias|atk|1
|move|p2a: Latias|Agility|p2a: Latias
|-boost|p2a: Latias|spe|2
|
|upkeep
|turn|5
|
|t:|1662774519
|move|p2a: Latias|Calm Mind|p2a: Latias
|-boost|p2a: Latias|spa|1
|-boost|p2a: Latias|spd|1
|move|p1a: Landorus|Toxic|p2a: Latias
|-status|p2a: Latias|tox
|
|-damage|p2a: Latias|94/100 tox|[from] psn
|-fieldend|move: Electric Terrain
|upkeep
|turn|6
|inactive|d18l has 120 seconds left.
|
|t:|1662774562
|switch|p1a: Ferrothorn|Ferrothorn, M|100/100
|move|p2a: Latias|Calm Mind|p2a: Latias
|-boost|p2a: Latias|spa|1
|-boost|p2a: Latias|spd|1
|
|-damage|p2a: Latias|82/100 tox|[from] psn
|upkeep
|turn|7
|
|t:|1662774570
|switch|p1a: Tornadus|Tornadus-Therian, M|100/100
|move|p2a: Latias|Aura Sphere|p1a: Tornadus
|-resisted|p1a: Tornadus
|-damage|p1a: Tornadus|81/100
|
|-damage|p2a: Latias|64/100 tox|[from] psn
|upkeep
|turn|8
|inactive|d18l has 120 seconds left.
|
|t:|1662774575
|switch|p1a: Ferrothorn|Ferrothorn, M|100/100
|move|p2a: Latias|Stored Power|p1a: Ferrothorn
|-resisted|p1a: Ferrothorn
|-damage|p1a: Ferrothorn|44/100
|
|-damage|p2a: Latias|39/100 tox|[from] psn
|-sideend|p2: abowlofvegies|move: Light Screen
|upkeep
|turn|9
|inactive|d18l has 120 seconds left.
|inactive|d18l has 90 seconds left.
|
|t:|1662774629
|switch|p1a: Tornadus|Tornadus-Therian, M|100/100
|move|p2a: Latias|Stored Power|p1a: Tornadus
|-damage|p1a: Tornadus|11/100
|
|-damage|p2a: Latias|8/100 tox|[from] psn
|upkeep
|turn|10
|j| pradigami
|
|t:|1662774642
|switch|p1a: Rotom|Rotom-Wash|100/100
|move|p2a: Latias|Stored Power|p1a: Rotom
|-damage|p1a: Rotom|0 fnt
|faint|p1a: Rotom
|
|-damage|p2a: Latias|0 fnt|[from] psn
|faint|p2a: Latias
|upkeep
|j| Melophetamine
|
|t:|1662774656
|switch|p2a: Rillaboom|Rillaboom, M|100/100
|switch|p1a: Tornadus|Tornadus-Therian, M|44/100
|-fieldstart|move: Grassy Terrain|[from] ability: Grassy Surge|[of] p2a: Rillaboom
|turn|11
|
|t:|1662774668
|switch|p1a: Victini|Victini|100/100
|move|p2a: Rillaboom|Swords Dance|p2a: Rillaboom
|-boost|p2a: Rillaboom|atk|2
|
|upkeep
|turn|12
|
|t:|1662774683
|move|p2a: Rillaboom|Grassy Glide|p1a: Victini
|-resisted|p1a: Victini
|-crit|p1a: Victini
|-damage|p1a: Victini|0 fnt
|faint|p1a: Victini
|-damage|p2a: Rillaboom|91/100|[from] item: Life Orb
|
|-heal|p2a: Rillaboom|97/100|[from] Grassy Terrain
|upkeep
|j| KMTQ2
|
|t:|1662774690
|switch|p1a: Tapu Koko|Tapu Koko|100/100
|-fieldstart|move: Electric Terrain|[from] ability: Electric Surge|[of] p1a: Tapu Koko
|turn|13
|
|t:|1662774697
|move|p1a: Tapu Koko|Dazzling Gleam|p2a: Rillaboom
|-damage|p2a: Rillaboom|32/100
|move|p2a: Rillaboom|Grassy Glide|p1a: Tapu Koko
|-damage|p1a: Tapu Koko|0 fnt
|faint|p1a: Tapu Koko
|-damage|p2a: Rillaboom|22/100|[from] item: Life Orb
|
|upkeep
|
|t:|1662774703
|switch|p1a: Tornadus|Tornadus-Therian, M|77/100
|turn|14
|
|t:|1662774710
|switch|p2a: Kartana|Kartana, shiny|100/100
|move|p1a: Tornadus|Heat Wave|p2a: Kartana
|-supereffective|p2a: Kartana
|-damage|p2a: Kartana|0 fnt
|faint|p2a: Kartana
|
|upkeep
|
|t:|1662774712
|switch|p2a: Blaziken|Blaziken, F|100/100
|-item|p2a: Blaziken|Air Balloon
|turn|15
|
|t:|1662774721
|move|p1a: Tornadus|Hurricane|p2a: Blaziken
|-supereffective|p2a: Blaziken
|-damage|p2a: Blaziken|0 fnt
|-enditem|p2a: Blaziken|Air Balloon
|faint|p2a: Blaziken
|
|upkeep
|
|t:|1662774723
|switch|p2a: Rillaboom|Rillaboom, M|22/100
|-fieldstart|move: Grassy Terrain|[from] ability: Grassy Surge|[of] p2a: Rillaboom
|turn|16
|
|t:|1662774730
|move|p2a: Rillaboom|Grassy Glide|p1a: Tornadus
|-resisted|p1a: Tornadus
|-damage|p1a: Tornadus|44/100
|-damage|p2a: Rillaboom|13/100|[from] item: Life Orb
|move|p1a: Tornadus|U-turn|p2a: Rillaboom
|-supereffective|p2a: Rillaboom
|-damage|p2a: Rillaboom|0 fnt
|faint|p2a: Rillaboom
|
|win|d18l
|raw|d18l's rating: 1720 &rarr; <strong>1739</strong><br />(+19 for winning)
|raw|abowlofvegies's rating: 1701 &rarr; <strong>1682</strong><br />(-19 for losing)
|l|☆abowlofvegies
|l| pradigami
||Ladder isn't responding, score probably updated but might not have (Request timeout).
