|j|☆BC SYP
|j|☆ferromolybdenum
|player|p1|BC SYP|165|1513
|player|p2|ferromolybdenum|1|1542
|teamsize|p1|6
|teamsize|p2|6
|gametype|singles
|gen|8
|tier|[Gen 8] OU
|rated|
|clearpoke
|poke|p1|Toxapex, F|
|poke|p1|Corviknight, F|
|poke|p1|Dragapult, M|
|poke|p1|Sylveon, F|
|poke|p1|Excadrill, F|
|poke|p1|Hydreigon, F|
|poke|p2|Hatterene, F|
|poke|p2|Seismitoad, M|
|poke|p2|Corviknight, M|
|poke|p2|Dragapult, F|
|poke|p2|Aegislash, M|
|poke|p2|Clefable, M|
|rule|Sleep Clause Mod: Limit one foe put to sleep
|rule|Species Clause: Limit one of each Pokémon
|rule|OHKO Clause: OHKO moves are banned
|rule|Evasion Moves Clause: Evasion moves are banned
|rule|Endless Battle Clause: Forcing endless battles is banned
|rule|HP Percentage Mod: HP is shown in percentages
|rule|Dynamax Clause: You cannot dynamax
|teampreview
|
|start
|switch|p1a: Sylveon|Sylveon, F|100/100
|switch|p2a: Dragapult|Dragapult, F|100/100
|turn|1
|
|switch|p2a: Aegislash|Aegislash, M|100/100
|move|p1a: Sylveon|Hyper Voice|p2a: Aegislash
|-resisted|p2a: Aegislash
|-damage|p2a: Aegislash|77/100
|
|-heal|p2a: Aegislash|83/100|[from] item: Leftovers
|upkeep
|turn|2
|
|switch|p1a: Excadrill|Excadrill, F|100/100
|-ability|p1a: Excadrill|Mold Breaker
|-formechange|p2a: Aegislash|Aegislash-Blade||[from] ability: Stance Change
|move|p2a: Aegislash|Iron Head|p1a: Excadrill
|-resisted|p1a: Excadrill
|-damage|p1a: Excadrill|73/100
|
|-heal|p2a: Aegislash|89/100|[from] item: Leftovers
|upkeep
|turn|3
|
|switch|p2a: Corviknight|Corviknight, M|100/100
|-ability|p2a: Corviknight|Pressure
|move|p1a: Excadrill|Stealth Rock|p2a: Corviknight
|-sidestart|p2: ferromolybdenum|move: Stealth Rock
|
|upkeep
|turn|4
|
|switch|p1a: Dragapult|Dragapult, M|100/100
|move|p2a: Corviknight|Defog|p1a: Dragapult
|-unboost|p1a: Dragapult|evasion|1
|-sideend|p2: ferromolybdenum|Stealth Rock|[from] move: Defog|[of] p2a: Corviknight
|
|upkeep
|turn|5
|
|switch|p2a: Clefable|Clefable, M|100/100
|move|p1a: Dragapult|Fire Blast|p2a: Clefable
|-damage|p2a: Clefable|80/100
|
|-heal|p2a: Clefable|86/100|[from] item: Leftovers
|upkeep
|turn|6
|
|switch|p1a: Toxapex|Toxapex, F|100/100
|move|p2a: Clefable|Moonblast|p1a: Toxapex
|-resisted|p1a: Toxapex
|-damage|p1a: Toxapex|87/100
|
|-heal|p2a: Clefable|92/100|[from] item: Leftovers
|-heal|p1a: Toxapex|93/100|[from] item: Black Sludge
|upkeep
|turn|7
|
|switch|p2a: Hatterene|Hatterene, F|100/100
|switch|p1a: Corviknight|Corviknight, F|100/100
|
|upkeep
|turn|8
|
|switch|p1a: Sylveon|Sylveon, F|100/100
|switch|p2a: Seismitoad|Seismitoad, M|100/100
|
|upkeep
|turn|9
|
|switch|p2a: Aegislash|Aegislash, M|89/100
|move|p1a: Sylveon|Hyper Voice|p2a: Aegislash
|-resisted|p2a: Aegislash
|-damage|p2a: Aegislash|67/100
|
|-heal|p2a: Aegislash|73/100|[from] item: Leftovers
|upkeep
|turn|10
|
|switch|p1a: Corviknight|Corviknight, F|100/100
|-formechange|p2a: Aegislash|Aegislash-Blade||[from] ability: Stance Change
|move|p2a: Aegislash|Shadow Ball|p1a: Corviknight
|-damage|p1a: Corviknight|73/100
|
|-heal|p1a: Corviknight|79/100|[from] item: Leftovers
|-heal|p2a: Aegislash|79/100|[from] item: Leftovers
|upkeep
|turn|11
|
|switch|p2a: Dragapult|Dragapult, F|100/100
|move|p1a: Corviknight|Bulk Up|p1a: Corviknight
|-boost|p1a: Corviknight|atk|1
|-boost|p1a: Corviknight|def|1
|
|-heal|p1a: Corviknight|85/100|[from] item: Leftovers
|upkeep
|turn|12
|
|move|p2a: Dragapult|Fire Blast|p1a: Corviknight|[miss]
|-miss|p2a: Dragapult|p1a: Corviknight
|move|p1a: Corviknight|Roost|p1a: Corviknight
|-heal|p1a: Corviknight|100/100
|-singleturn|p1a: Corviknight|move: Roost
|
|upkeep
|turn|13
|
|move|p2a: Dragapult|Fire Blast|p1a: Corviknight
|-supereffective|p1a: Corviknight
|-damage|p1a: Corviknight|37/100
|move|p1a: Corviknight|Power Trip|p2a: Dragapult
|-supereffective|p2a: Dragapult
|-damage|p2a: Dragapult|53/100
|
|-heal|p1a: Corviknight|43/100|[from] item: Leftovers
|upkeep
|turn|14
|
|switch|p1a: Sylveon|Sylveon, F|100/100
|move|p2a: Dragapult|Fire Blast|p1a: Sylveon
|-damage|p1a: Sylveon|67/100
|
|upkeep
|turn|15
|
|switch|p2a: Aegislash|Aegislash, M|79/100
|move|p1a: Sylveon|Mystical Fire|p2a: Aegislash
|-supereffective|p2a: Aegislash
|-damage|p2a: Aegislash|33/100
|-unboost|p2a: Aegislash|spa|1
|
|-heal|p2a: Aegislash|39/100|[from] item: Leftovers
|upkeep
|turn|16
|
|move|p2a: Aegislash|King's Shield|p2a: Aegislash
|-singleturn|p2a: Aegislash|Protect
|move|p1a: Sylveon|Mystical Fire|p2a: Aegislash
|-activate|p2a: Aegislash|move: Protect
|
|-heal|p2a: Aegislash|46/100|[from] item: Leftovers
|upkeep
|turn|17
|
|switch|p2a: Seismitoad|Seismitoad, M|100/100
|move|p1a: Sylveon|Mystical Fire|p2a: Seismitoad
|-resisted|p2a: Seismitoad
|-damage|p2a: Seismitoad|79/100
|-unboost|p2a: Seismitoad|spa|1
|
|-heal|p2a: Seismitoad|85/100|[from] item: Leftovers
|upkeep
|turn|18
|
|switch|p1a: Corviknight|Corviknight, F|43/100
|move|p2a: Seismitoad|Stealth Rock|p1a: Corviknight
|-sidestart|p1: BC SYP|move: Stealth Rock
|
|-heal|p2a: Seismitoad|91/100|[from] item: Leftovers
|-heal|p1a: Corviknight|49/100|[from] item: Leftovers
|upkeep
|turn|19
|
|move|p2a: Seismitoad|Scald|p1a: Corviknight
|-damage|p1a: Corviknight|39/100
|move|p1a: Corviknight|Roost|p1a: Corviknight
|-heal|p1a: Corviknight|89/100
|-singleturn|p1a: Corviknight|move: Roost
|
|-heal|p2a: Seismitoad|97/100|[from] item: Leftovers
|-heal|p1a: Corviknight|95/100|[from] item: Leftovers
|upkeep
|turn|20
|
|move|p2a: Seismitoad|Scald|p1a: Corviknight
|-damage|p1a: Corviknight|84/100
|move|p1a: Corviknight|Bulk Up|p1a: Corviknight
|-boost|p1a: Corviknight|atk|1
|-boost|p1a: Corviknight|def|1
|
|-heal|p2a: Seismitoad|100/100|[from] item: Leftovers
|-heal|p1a: Corviknight|90/100|[from] item: Leftovers
|upkeep
|turn|21
|
|move|p2a: Seismitoad|Scald|p1a: Corviknight
|-damage|p1a: Corviknight|81/100
|move|p1a: Corviknight|Bulk Up|p1a: Corviknight
|-boost|p1a: Corviknight|atk|1
|-boost|p1a: Corviknight|def|1
|
|-heal|p1a: Corviknight|87/100|[from] item: Leftovers
|upkeep
|turn|22
|
|move|p2a: Seismitoad|Scald|p1a: Corviknight
|-damage|p1a: Corviknight|77/100
|move|p1a: Corviknight|Bulk Up|p1a: Corviknight
|-boost|p1a: Corviknight|atk|1
|-boost|p1a: Corviknight|def|1
|
|-heal|p1a: Corviknight|83/100|[from] item: Leftovers
|upkeep
|turn|23
|
|move|p2a: Seismitoad|Scald|p1a: Corviknight
|-damage|p1a: Corviknight|73/100
|move|p1a: Corviknight|Bulk Up|p1a: Corviknight
|-boost|p1a: Corviknight|atk|1
|-boost|p1a: Corviknight|def|1
|
|-heal|p1a: Corviknight|79/100|[from] item: Leftovers
|upkeep
|turn|24
|
|move|p2a: Seismitoad|Scald|p1a: Corviknight
|-damage|p1a: Corviknight|69/100
|move|p1a: Corviknight|Brave Bird|p2a: Seismitoad
|-damage|p2a: Seismitoad|27/100
|-damage|p1a: Corviknight|44/100|[from] Recoil
|
|-heal|p2a: Seismitoad|33/100|[from] item: Leftovers
|-heal|p1a: Corviknight|50/100|[from] item: Leftovers
|upkeep
|turn|25
|
|move|p2a: Seismitoad|Scald|p1a: Corviknight
|-damage|p1a: Corviknight|41/100
|move|p1a: Corviknight|Roost|p1a: Corviknight
|-heal|p1a: Corviknight|91/100
|-singleturn|p1a: Corviknight|move: Roost
|
|-heal|p2a: Seismitoad|39/100|[from] item: Leftovers
|-heal|p1a: Corviknight|97/100|[from] item: Leftovers
|upkeep
|turn|26
|c|☆BC SYP|ill give you the burn
|
|move|p2a: Seismitoad|Scald|p1a: Corviknight
|-damage|p1a: Corviknight|86/100
|move|p1a: Corviknight|Roost|p1a: Corviknight
|-heal|p1a: Corviknight|100/100
|-singleturn|p1a: Corviknight|move: Roost
|
|-heal|p2a: Seismitoad|45/100|[from] item: Leftovers
|upkeep
|turn|27
|c|☆ferromolybdenum|don't
|
|move|p2a: Seismitoad|Scald|p1a: Corviknight
|-damage|p1a: Corviknight|90/100
|-status|p1a: Corviknight|brn
|move|p1a: Corviknight|Roost|p1a: Corviknight
|-heal|p1a: Corviknight|100/100 brn
|-singleturn|p1a: Corviknight|move: Roost
|
|-heal|p2a: Seismitoad|51/100|[from] item: Leftovers
|-damage|p1a: Corviknight|94/100 brn|[from] brn
|upkeep
|turn|28
|
|move|p2a: Seismitoad|Scald|p1a: Corviknight
|-damage|p1a: Corviknight|84/100 brn
|move|p1a: Corviknight|Bulk Up|p1a: Corviknight
|-boost|p1a: Corviknight|atk|1
|-boost|p1a: Corviknight|def|1
|
|-heal|p2a: Seismitoad|58/100|[from] item: Leftovers
|-heal|p1a: Corviknight|90/100 brn|[from] item: Leftovers
|-damage|p1a: Corviknight|84/100 brn|[from] brn
|upkeep
|turn|29
|
|move|p2a: Seismitoad|Scald|p1a: Corviknight
|-damage|p1a: Corviknight|72/100 brn
|move|p1a: Corviknight|Bulk Up|p1a: Corviknight
|-boost|p1a: Corviknight|atk|1
|-boost|p1a: Corviknight|def|1
|
|-heal|p2a: Seismitoad|64/100|[from] item: Leftovers
|-heal|p1a: Corviknight|78/100 brn|[from] item: Leftovers
|-damage|p1a: Corviknight|72/100 brn|[from] brn
|upkeep
|turn|30
|
|switch|p2a: Corviknight|Corviknight, M|100/100
|-ability|p2a: Corviknight|Pressure
|move|p1a: Corviknight|Roost|p1a: Corviknight
|-heal|p1a: Corviknight|100/100 brn
|-singleturn|p1a: Corviknight|move: Roost
|
|-damage|p1a: Corviknight|94/100 brn|[from] brn
|upkeep
|turn|31
|
|move|p2a: Corviknight|Roost||[still]
|-fail|p2a: Corviknight|heal
|move|p1a: Corviknight|Power Trip|p2a: Corviknight
|-damage|p2a: Corviknight|40/100
|
|-heal|p1a: Corviknight|100/100 brn|[from] item: Leftovers
|-heal|p2a: Corviknight|46/100|[from] item: Leftovers
|-damage|p1a: Corviknight|94/100 brn|[from] brn
|upkeep
|turn|32
|c|☆BC SYP|time for this to do 0
|
|move|p1a: Corviknight|Power Trip|p2a: Corviknight
|-damage|p2a: Corviknight|0 fnt
|faint|p2a: Corviknight
|
|-heal|p1a: Corviknight|100/100 brn|[from] item: Leftovers
|-damage|p1a: Corviknight|94/100 brn|[from] brn
|upkeep
|
|switch|p2a: Clefable|Clefable, M|92/100
|turn|33
|
|move|p1a: Corviknight|Brave Bird|p2a: Clefable
|-damage|p2a: Clefable|24/100
|-damage|p1a: Corviknight|72/100 brn|[from] Recoil
|move|p2a: Clefable|Wish|p2a: Clefable
|
|-heal|p1a: Corviknight|78/100 brn|[from] item: Leftovers
|-heal|p2a: Clefable|30/100|[from] item: Leftovers
|-damage|p1a: Corviknight|72/100 brn|[from] brn
|upkeep
|turn|34
|
|move|p2a: Clefable|Protect|p2a: Clefable
|-singleturn|p2a: Clefable|Protect
|move|p1a: Corviknight|Brave Bird|p2a: Clefable
|-activate|p2a: Clefable|move: Protect
|
|-heal|p2a: Clefable|80/100|[from] move: Wish|[wisher] Clefable
|-heal|p1a: Corviknight|78/100 brn|[from] item: Leftovers
|-heal|p2a: Clefable|86/100|[from] item: Leftovers
|-damage|p1a: Corviknight|72/100 brn|[from] brn
|upkeep
|turn|35
|
|move|p1a: Corviknight|Brave Bird|p2a: Clefable
|-damage|p2a: Clefable|21/100
|-damage|p1a: Corviknight|51/100 brn|[from] Recoil
|move|p2a: Clefable|Wish|p2a: Clefable
|
|-heal|p1a: Corviknight|57/100 brn|[from] item: Leftovers
|-heal|p2a: Clefable|27/100|[from] item: Leftovers
|-damage|p1a: Corviknight|51/100 brn|[from] brn
|upkeep
|turn|36
|
|switch|p2a: Seismitoad|Seismitoad, M|64/100
|move|p1a: Corviknight|Roost|p1a: Corviknight
|-heal|p1a: Corviknight|100/100 brn
|-singleturn|p1a: Corviknight|move: Roost
|
|-heal|p2a: Seismitoad|100/100|[from] move: Wish|[wisher] Clefable
|-damage|p1a: Corviknight|94/100 brn|[from] brn
|upkeep
|turn|37
|
|move|p2a: Seismitoad|Scald|p1a: Corviknight
|-damage|p1a: Corviknight|78/100 brn
|move|p1a: Corviknight|Brave Bird|p2a: Seismitoad
|-damage|p2a: Seismitoad|52/100
|-damage|p1a: Corviknight|62/100 brn|[from] Recoil
|
|-heal|p2a: Seismitoad|58/100|[from] item: Leftovers
|-heal|p1a: Corviknight|68/100 brn|[from] item: Leftovers
|-damage|p1a: Corviknight|62/100 brn|[from] brn
|upkeep
|turn|38
|
|move|p2a: Seismitoad|Scald|p1a: Corviknight
|-damage|p1a: Corviknight|46/100 brn
|move|p1a: Corviknight|Roost|p1a: Corviknight
|-heal|p1a: Corviknight|96/100 brn
|-singleturn|p1a: Corviknight|move: Roost
|
|-heal|p2a: Seismitoad|64/100|[from] item: Leftovers
|-heal|p1a: Corviknight|100/100 brn|[from] item: Leftovers
|-damage|p1a: Corviknight|94/100 brn|[from] brn
|upkeep
|turn|39
|
|move|p2a: Seismitoad|Scald|p1a: Corviknight
|-crit|p1a: Corviknight
|-damage|p1a: Corviknight|73/100 brn
|move|p1a: Corviknight|Power Trip|p2a: Seismitoad
|-damage|p2a: Seismitoad|0 fnt
|faint|p2a: Seismitoad
|
|-heal|p1a: Corviknight|79/100 brn|[from] item: Leftovers
|-damage|p1a: Corviknight|73/100 brn|[from] brn
|upkeep
|
|switch|p2a: Dragapult|Dragapult, F|53/100
|turn|40
|
|move|p2a: Dragapult|Fire Blast|p1a: Corviknight
|-supereffective|p1a: Corviknight
|-damage|p1a: Corviknight|9/100 brn
|move|p1a: Corviknight|Power Trip|p2a: Dragapult
|-supereffective|p2a: Dragapult
|-damage|p2a: Dragapult|0 fnt
|faint|p2a: Dragapult
|
|-heal|p1a: Corviknight|15/100 brn|[from] item: Leftovers
|-damage|p1a: Corviknight|9/100 brn|[from] brn
|upkeep
|
|switch|p2a: Aegislash|Aegislash, M|46/100
|turn|41
|
|-formechange|p2a: Aegislash|Aegislash-Blade||[from] ability: Stance Change
|move|p2a: Aegislash|Shadow Sneak|p1a: Corviknight
|-damage|p1a: Corviknight|5/100 brn
|move|p1a: Corviknight|Roost|p1a: Corviknight
|-heal|p1a: Corviknight|55/100 brn
|-singleturn|p1a: Corviknight|move: Roost
|
|-heal|p1a: Corviknight|61/100 brn|[from] item: Leftovers
|-heal|p2a: Aegislash|52/100|[from] item: Leftovers
|-damage|p1a: Corviknight|55/100 brn|[from] brn
|upkeep
|turn|42
|-message|ferromolybdenum forfeited.
|
|win|BC SYP
|l|☆ferromolybdenum
