|raw|<div class="broadcast-blue"><strong>This battle is required to be public due to a player having a name starting with 'lt93oq'.</div>
|j|☆LT93OQ im garbage
|j|‽BLOODCLAT
|t:|1660605194
|gametype|singles
|player|p1|LT93OQ im garbage|266|1905
|player|p2|BLOODCLAT|hoopster|1860
|teamsize|p1|6
|teamsize|p2|6
|gen|8
|tier|[Gen 8] OU
|rated|
|rule|Sleep Clause Mod: Limit one foe put to sleep
|rule|Species Clause: Limit one of each Pokémon
|rule|OHKO Clause: OHKO moves are banned
|rule|Evasion Items Clause: Evasion items are banned
|rule|Evasion Moves Clause: Evasion moves are banned
|rule|Endless Battle Clause: Forcing endless battles is banned
|rule|HP Percentage Mod: HP is shown in percentages
|rule|Dynamax Clause: You cannot dynamax
|clearpoke
|poke|p1|Mandibuzz, F|
|poke|p1|Buzzwole|
|poke|p1|Quagsire, M|
|poke|p1|Bronzong|
|poke|p1|Clefable, F|
|poke|p1|Toxapex, M|
|poke|p2|Blacephalon|
|poke|p2|Clefable, M|
|poke|p2|Excadrill, M|
|poke|p2|Hippowdon, M|
|poke|p2|Skarmory, F|
|poke|p2|Toxapex, F|
|teampreview
|inactive|Battle timer is ON: inactive players will automatically lose when time's up. (requested by LT93OQ im garbage)
|j| rare artist pyrex
|j| iitzhatzツ
|j| BeastBraedon
|
|t:|1660605211
|start
|switch|p1a: Toxapex|Toxapex, M|100/100
|switch|p2a: Blacephalon|Blacephalon|100/100
|turn|1
|j| CB Bhris Breezy
|
|t:|1660605216
|move|p2a: Blacephalon|Trick|p1a: Toxapex
|-activate|p2a: Blacephalon|move: Trick|[of] p1a: Toxapex
|-item|p1a: Toxapex|Choice Specs|[from] move: Trick
|-item|p2a: Blacephalon|Shed Shell|[from] move: Trick
|move|p1a: Toxapex|Knock Off|p2a: Blacephalon
|-supereffective|p2a: Blacephalon
|-damage|p2a: Blacephalon|32/100
|-enditem|p2a: Blacephalon|Shed Shell|[from] move: Knock Off|[of] p1a: Toxapex
|
|upkeep
|turn|2
|j| tenacioustuesday
|
|t:|1660605226
|switch|p2a: Toxapex|Toxapex, F|100/100
|move|p1a: Toxapex|Knock Off|p2a: Toxapex
|-damage|p2a: Toxapex|89/100
|-damage|p1a: Toxapex|84/100|[from] item: Rocky Helmet|[of] p2a: Toxapex
|-enditem|p2a: Toxapex|Rocky Helmet|[from] move: Knock Off|[of] p1a: Toxapex
|
|upkeep
|turn|3
|j| zReptar
|l| tenacioustuesday
|
|t:|1660605232
|switch|p1a: Bronzong|Bronzong|100/100
|move|p2a: Toxapex|Toxic|p1a: Bronzong
|-immune|p1a: Bronzong
|
|upkeep
|turn|4
|j| Rubiaa
|
|t:|1660605240
|switch|p2a: Clefable|Clefable, M|100/100
|move|p1a: Bronzong|Protect||[still]
|-fail|p1a: Bronzong
|
|upkeep
|turn|5
|j| FullJokes
|
|t:|1660605243
|switch|p1a: Toxapex|Toxapex, M|100/100
|move|p2a: Clefable|Calm Mind|p2a: Clefable
|-boost|p2a: Clefable|spa|1
|-boost|p2a: Clefable|spd|1
|
|upkeep
|turn|6
|
|t:|1660605246
|move|p1a: Toxapex|Knock Off|p2a: Clefable
|-resisted|p2a: Clefable
|-damage|p2a: Clefable|95/100
|-enditem|p2a: Clefable|Leftovers|[from] move: Knock Off|[of] p1a: Toxapex
|move|p2a: Clefable|Moonblast|p1a: Toxapex
|-resisted|p1a: Toxapex
|-damage|p1a: Toxapex|83/100
|-unboost|p1a: Toxapex|spa|1
|
|upkeep
|turn|7
|j| LT93OQ Vegeto
|
|t:|1660605250
|switch|p1a: Bronzong|Bronzong|100/100
|move|p2a: Clefable|Calm Mind|p2a: Clefable
|-boost|p2a: Clefable|spa|1
|-boost|p2a: Clefable|spd|1
|
|upkeep
|turn|8
|j| lt92pf mj
|j| zkutrzrfd
|j| sword & $hield
|j| Noob Killah
|
|t:|1660605252
|move|p2a: Clefable|Flamethrower|p1a: Bronzong
|-supereffective|p1a: Bronzong
|-damage|p1a: Bronzong|72/100
|move|p1a: Bronzong|Stealth Rock|p2a: Clefable
|-sidestart|p2: BLOODCLAT|move: Stealth Rock
|
|-heal|p1a: Bronzong|78/100|[from] item: Leftovers
|upkeep
|turn|9
|j|+Dual Wingbeat
|
|t:|1660605256
|switch|p2a: Hippowdon|Hippowdon, M|100/100
|-damage|p2a: Hippowdon|94/100|[from] Stealth Rock
|-weather|Sandstorm|[from] ability: Sand Stream|[of] p2a: Hippowdon
|move|p1a: Bronzong|Protect||[still]
|-fail|p1a: Bronzong
|
|-weather|Sandstorm|[upkeep]
|-heal|p2a: Hippowdon|100/100|[from] item: Leftovers
|-heal|p1a: Bronzong|84/100|[from] item: Leftovers
|upkeep
|turn|10
|
|t:|1660605258
|switch|p2a: Clefable|Clefable, M|95/100
|move|p1a: Bronzong|Toxic|p2a: Clefable
|-status|p2a: Clefable|tox
|
|-weather|Sandstorm|[upkeep]
|-heal|p1a: Bronzong|90/100|[from] item: Leftovers
|upkeep
|turn|11
|
|t:|1660605263
|switch|p1a: Clefable|Clefable, F|100/100
|move|p2a: Clefable|Calm Mind|p2a: Clefable
|-boost|p2a: Clefable|spa|1
|-boost|p2a: Clefable|spd|1
|
|-weather|Sandstorm|[upkeep]
|upkeep
|turn|12
|
|t:|1660605266
|switch|p1a: Toxapex|Toxapex, M|100/100
|switch|p2a: Hippowdon|Hippowdon, M|100/100
|-damage|p2a: Hippowdon|94/100|[from] Stealth Rock
|
|-weather|Sandstorm|[upkeep]
|-damage|p1a: Toxapex|94/100|[from] Sandstorm
|-heal|p2a: Hippowdon|100/100|[from] item: Leftovers
|upkeep
|turn|13
|j| LT93OQ adricraxk
|
|t:|1660605269
|switch|p2a: Clefable|Clefable, M|95/100 tox
|move|p1a: Toxapex|Knock Off|p2a: Clefable
|-resisted|p2a: Clefable
|-damage|p2a: Clefable|91/100 tox
|
|-weather|none
|upkeep
|turn|14
|
|t:|1660605272
|switch|p2a: Hippowdon|Hippowdon, M|100/100
|-damage|p2a: Hippowdon|94/100|[from] Stealth Rock
|-weather|Sandstorm|[from] ability: Sand Stream|[of] p2a: Hippowdon
|move|p1a: Toxapex|Knock Off|p2a: Hippowdon
|-damage|p2a: Hippowdon|84/100
|-enditem|p2a: Hippowdon|Leftovers|[from] move: Knock Off|[of] p1a: Toxapex
|
|-weather|Sandstorm|[upkeep]
|-damage|p1a: Toxapex|88/100|[from] Sandstorm
|upkeep
|turn|15
|j| LT93OQ Black Lotus
|
|t:|1660605278
|switch|p1a: Clefable|Clefable, F|100/100
|move|p2a: Hippowdon|Stealth Rock|p1a: Clefable
|-sidestart|p1: LT93OQ im garbage|move: Stealth Rock
|
|-weather|Sandstorm|[upkeep]
|upkeep
|turn|16
|l| sword & $hield
|l|iitzhatz
|
|t:|1660605283
|move|p1a: Clefable|Knock Off|p2a: Hippowdon
|-damage|p2a: Hippowdon|77/100
|move|p2a: Hippowdon|Toxic|p1a: Clefable
|-status|p1a: Clefable|tox
|
|-weather|Sandstorm|[upkeep]
|upkeep
|turn|17
|
|t:|1660605286
|move|p1a: Clefable|Moonblast|p2a: Hippowdon
|-damage|p2a: Hippowdon|54/100
|move|p2a: Hippowdon|Slack Off|p2a: Hippowdon
|-heal|p2a: Hippowdon|100/100
|
|-weather|Sandstorm|[upkeep]
|upkeep
|turn|18
|l| LT93OQ Black Lotus
|l| LT93OQ adricraxk
|j| AlexBadAlibi555
|
|t:|1660605295
|switch|p1a: Mandibuzz|Mandibuzz, F|100/100
|move|p2a: Hippowdon|Earthquake|p1a: Mandibuzz
|-immune|p1a: Mandibuzz
|
|-weather|none
|upkeep
|turn|19
|
|t:|1660605302
|switch|p2a: Toxapex|Toxapex, F|100/100
|-damage|p2a: Toxapex|88/100|[from] Stealth Rock
|move|p1a: Mandibuzz|Toxic|p2a: Toxapex
|-immune|p2a: Toxapex
|
|upkeep
|turn|20
|
|t:|1660605305
|switch|p1a: Toxapex|Toxapex, M|100/100
|-damage|p1a: Toxapex|88/100|[from] Stealth Rock
|switch|p2a: Skarmory|Skarmory, F|100/100
|-damage|p2a: Skarmory|88/100|[from] Stealth Rock
|
|upkeep
|turn|21
|
|t:|1660605309
|switch|p2a: Toxapex|Toxapex, F|100/100
|-damage|p2a: Toxapex|88/100|[from] Stealth Rock
|move|p1a: Toxapex|Knock Off|p2a: Toxapex
|-damage|p2a: Toxapex|81/100
|
|upkeep
|turn|22
|j| LT93OQ Bee
|l| zReptar
|j| Wicket Ticket
|
|t:|1660605323
|switch|p2a: Clefable|Clefable, M|91/100 tox
|move|p1a: Toxapex|Knock Off|p2a: Clefable
|-resisted|p2a: Clefable
|-damage|p2a: Clefable|87/100 tox
|
|upkeep
|turn|23
|j| Aurella
|l| lt92pf mj
|
|t:|1660605331
|switch|p1a: Clefable|Clefable, F|100/100 tox
|move|p2a: Clefable|Calm Mind|p2a: Clefable
|-boost|p2a: Clefable|spa|1
|-boost|p2a: Clefable|spd|1
|
|upkeep
|turn|24
|
|t:|1660605333
|switch|p1a: Toxapex|Toxapex, M|100/100
|-damage|p1a: Toxapex|88/100|[from] Stealth Rock
|move|p2a: Clefable|Calm Mind|p2a: Clefable
|-boost|p2a: Clefable|spa|1
|-boost|p2a: Clefable|spd|1
|
|upkeep
|turn|25
|
|t:|1660605336
|move|p1a: Toxapex|Light Screen|p1a: Toxapex
|-sidestart|p1: LT93OQ im garbage|move: Light Screen
|move|p2a: Clefable|Moonblast|p1a: Toxapex
|-resisted|p1a: Toxapex
|-damage|p1a: Toxapex|77/100
|-unboost|p1a: Toxapex|spa|1
|
|upkeep
|turn|26
|
|t:|1660605339
|switch|p1a: Quagsire|Quagsire, M|100/100
|-damage|p1a: Quagsire|94/100|[from] Stealth Rock
|move|p2a: Clefable|Calm Mind|p2a: Clefable
|-boost|p2a: Clefable|spa|1
|-boost|p2a: Clefable|spd|1
|
|-heal|p1a: Quagsire|100/100|[from] item: Leftovers
|upkeep
|turn|27
|
|t:|1660605341
|switch|p1a: Toxapex|Toxapex, M|100/100
|-damage|p1a: Toxapex|88/100|[from] Stealth Rock
|move|p2a: Clefable|Flamethrower|p1a: Toxapex
|-resisted|p1a: Toxapex
|-damage|p1a: Toxapex|79/100
|
|upkeep
|turn|28
|
|t:|1660605346
|move|p1a: Toxapex|Haze|p1a: Toxapex
|-clearallboost
|move|p2a: Clefable|Flamethrower|p1a: Toxapex
|-resisted|p1a: Toxapex
|-damage|p1a: Toxapex|76/100
|
|upkeep
|turn|29
|j| Trump like wall
|l| FullJokes
|
|t:|1660605351
|switch|p1a: Quagsire|Quagsire, M|100/100
|-damage|p1a: Quagsire|94/100|[from] Stealth Rock
|switch|p2a: Skarmory|Skarmory, F|88/100
|-damage|p2a: Skarmory|76/100|[from] Stealth Rock
|
|-heal|p1a: Quagsire|100/100|[from] item: Leftovers
|-sideend|p1: LT93OQ im garbage|move: Light Screen
|upkeep
|turn|30
|j| CodenameUg
|
|t:|1660605355
|switch|p2a: Toxapex|Toxapex, F|100/100
|-damage|p2a: Toxapex|88/100|[from] Stealth Rock
|move|p1a: Quagsire|Scald|p2a: Toxapex
|-resisted|p2a: Toxapex
|-damage|p2a: Toxapex|81/100
|-status|p2a: Toxapex|brn
|
|-damage|p2a: Toxapex|75/100 brn|[from] brn
|upkeep
|turn|31
|
|t:|1660605358
|switch|p1a: Toxapex|Toxapex, M|100/100
|-damage|p1a: Toxapex|88/100|[from] Stealth Rock
|move|p2a: Toxapex|Toxic|p1a: Toxapex
|-immune|p1a: Toxapex
|
|-damage|p2a: Toxapex|69/100 brn|[from] brn
|upkeep
|turn|32
|
|t:|1660605361
|move|p1a: Toxapex|Light Screen|p1a: Toxapex
|-sidestart|p1: LT93OQ im garbage|move: Light Screen
|move|p2a: Toxapex|Toxic|p1a: Toxapex
|-immune|p1a: Toxapex
|
|-damage|p2a: Toxapex|64/100 brn|[from] brn
|upkeep
|turn|33
|l| CodenameUg
|
|t:|1660605365
|switch|p1a: Clefable|Clefable, F|100/100 tox
|switch|p2a: Skarmory|Skarmory, F|76/100
|-damage|p2a: Skarmory|64/100|[from] Stealth Rock
|
|upkeep
|turn|34
|
|t:|1660605369
|move|p1a: Clefable|Knock Off|p2a: Skarmory
|-damage|p2a: Skarmory|54/100
|-enditem|p2a: Skarmory|Rocky Helmet|[from] move: Knock Off|[of] p1a: Clefable
|move|p2a: Skarmory|Spikes|p1a: Clefable
|-sidestart|p1: LT93OQ im garbage|Spikes
|
|upkeep
|turn|35
|
|t:|1660605374
|switch|p1a: Bronzong|Bronzong|90/100
|-damage|p1a: Bronzong|84/100|[from] Stealth Rock
|-damage|p1a: Bronzong|72/100|[from] Spikes
|move|p2a: Skarmory|Roost|p2a: Skarmory
|-heal|p2a: Skarmory|100/100
|-singleturn|p2a: Skarmory|move: Roost
|
|-heal|p1a: Bronzong|78/100|[from] item: Leftovers
|upkeep
|turn|36
|l| Noob Killah
|
|t:|1660605379
|move|p2a: Skarmory|Body Press|p1a: Bronzong
|-damage|p1a: Bronzong|48/100
|move|p1a: Bronzong|Earthquake|p2a: Skarmory
|-immune|p2a: Skarmory
|
|-heal|p1a: Bronzong|54/100|[from] item: Leftovers
|-sideend|p1: LT93OQ im garbage|move: Light Screen
|upkeep
|turn|37
|
|t:|1660605383
|switch|p1a: Clefable|Clefable, F|100/100 tox
|move|p2a: Skarmory|Spikes|p1a: Clefable
|-sidestart|p1: LT93OQ im garbage|Spikes
|
|upkeep
|turn|38
|j| a goth gf
|
|t:|1660605390
|switch|p2a: Hippowdon|Hippowdon, M|100/100
|-damage|p2a: Hippowdon|94/100|[from] Stealth Rock
|-weather|Sandstorm|[from] ability: Sand Stream|[of] p2a: Hippowdon
|move|p1a: Clefable|Moonblast|p2a: Hippowdon
|-damage|p2a: Hippowdon|71/100
|
|-weather|Sandstorm|[upkeep]
|upkeep
|turn|39
|
|t:|1660605394
|switch|p1a: Mandibuzz|Mandibuzz, F|100/100
|move|p2a: Hippowdon|Earthquake|p1a: Mandibuzz
|-immune|p1a: Mandibuzz
|
|-weather|Sandstorm|[upkeep]
|upkeep
|turn|40
|j| ghjdtyrywAWD
|
|t:|1660605399
|switch|p2a: Clefable|Clefable, M|87/100 tox
|move|p1a: Mandibuzz|Toxic|p2a: Clefable
|-fail|p2a: Clefable|tox
|
|-weather|Sandstorm|[upkeep]
|upkeep
|turn|41
|
|t:|1660605400
|move|p1a: Mandibuzz|Foul Play|p2a: Clefable
|-resisted|p2a: Clefable
|-damage|p2a: Clefable|79/100 tox
|move|p2a: Clefable|Calm Mind|p2a: Clefable
|-boost|p2a: Clefable|spa|1
|-boost|p2a: Clefable|spd|1
|
|-weather|Sandstorm|[upkeep]
|upkeep
|turn|42
|l| ghjdtyrywAWD
|l| Wicket Ticket
|
|t:|1660605405
|switch|p1a: Toxapex|Toxapex, M|100/100
|-damage|p1a: Toxapex|88/100|[from] Stealth Rock
|-damage|p1a: Toxapex|72/100|[from] Spikes
|move|p2a: Clefable|Moonblast|p1a: Toxapex
|-resisted|p1a: Toxapex
|-damage|p1a: Toxapex|53/100
|-unboost|p1a: Toxapex|spa|1
|
|-weather|none
|upkeep
|turn|43
|j| ghjdtyrywAWD
|l| ghjdtyrywAWD
|
|t:|1660605411
|move|p1a: Toxapex|Knock Off|p2a: Clefable
|-resisted|p2a: Clefable
|-damage|p2a: Clefable|75/100 tox
|move|p2a: Clefable|Calm Mind|p2a: Clefable
|-boost|p2a: Clefable|spa|1
|-boost|p2a: Clefable|spd|1
|
|upkeep
|turn|44
|
|t:|1660605415
|switch|p1a: Quagsire|Quagsire, M|100/100
|-damage|p1a: Quagsire|94/100|[from] Stealth Rock
|-damage|p1a: Quagsire|78/100|[from] Spikes
|move|p2a: Clefable|Moonblast|p1a: Quagsire
|-damage|p1a: Quagsire|45/100
|-unboost|p1a: Quagsire|spa|1
|
|-heal|p1a: Quagsire|51/100|[from] item: Leftovers
|upkeep
|turn|45
|
|t:|1660605418
|move|p2a: Clefable|Flamethrower|p1a: Quagsire
|-resisted|p1a: Quagsire
|-damage|p1a: Quagsire|41/100
|move|p1a: Quagsire|Recover|p1a: Quagsire
|-heal|p1a: Quagsire|91/100
|
|-heal|p1a: Quagsire|97/100|[from] item: Leftovers
|upkeep
|turn|46
|j| LT93OQ Pachy
|
|t:|1660605421
|switch|p1a: Toxapex|Toxapex, M|86/100
|-damage|p1a: Toxapex|74/100|[from] Stealth Rock
|-damage|p1a: Toxapex|57/100|[from] Spikes
|move|p2a: Clefable|Moonblast|p1a: Toxapex
|-resisted|p1a: Toxapex
|-damage|p1a: Toxapex|33/100
|
|upkeep
|turn|47
|l| Trump like wall
|l| LT93OQ Pachy
|
|t:|1660605425
|move|p1a: Toxapex|Recover|p1a: Toxapex
|-heal|p1a: Toxapex|83/100
|move|p2a: Clefable|Flamethrower|p1a: Toxapex
|-resisted|p1a: Toxapex
|-damage|p1a: Toxapex|68/100
|
|upkeep
|turn|48
|
|t:|1660605429
|switch|p1a: Quagsire|Quagsire, M|97/100
|-damage|p1a: Quagsire|91/100|[from] Stealth Rock
|-damage|p1a: Quagsire|74/100|[from] Spikes
|switch|p2a: Excadrill|Excadrill, M, shiny|100/100
|-damage|p2a: Excadrill|97/100|[from] Stealth Rock
|
|-heal|p2a: Excadrill|100/100|[from] item: Leftovers
|-heal|p1a: Quagsire|81/100|[from] item: Leftovers
|upkeep
|turn|49
|
|t:|1660605432
|switch|p2a: Clefable|Clefable, M|75/100 tox
|switch|p1a: Mandibuzz|Mandibuzz, F|100/100
|
|upkeep
|turn|50
|j| OUTM nitty
|
|t:|1660605435
|move|p1a: Mandibuzz|Defog|p2a: Clefable
|-unboost|p2a: Clefable|evasion|1
|-sideend|p2: BLOODCLAT|Stealth Rock|[from] move: Defog|[of] p1a: Mandibuzz
|-sideend|p1: LT93OQ im garbage|Spikes|[from] move: Defog|[of] p1a: Mandibuzz
|-sideend|p1: LT93OQ im garbage|Stealth Rock|[from] move: Defog|[of] p1a: Mandibuzz
|move|p2a: Clefable|Moonblast|p1a: Mandibuzz
|-supereffective|p1a: Mandibuzz
|-damage|p1a: Mandibuzz|61/100
|
|upkeep
|turn|51
|
|t:|1660605438
|switch|p1a: Bronzong|Bronzong|54/100
|move|p2a: Clefable|Calm Mind|p2a: Clefable
|-boost|p2a: Clefable|spa|1
|-boost|p2a: Clefable|spd|1
|
|-heal|p1a: Bronzong|60/100|[from] item: Leftovers
|upkeep
|turn|52
|
|t:|1660605441
|switch|p2a: Skarmory|Skarmory, F|100/100
|move|p1a: Bronzong|Protect||[still]
|-fail|p1a: Bronzong
|
|-heal|p1a: Bronzong|66/100|[from] item: Leftovers
|upkeep
|turn|53
|j| lt93oq fenomeno
|
|t:|1660605445
|move|p2a: Skarmory|Body Press|p1a: Bronzong
|-damage|p1a: Bronzong|39/100
|move|p1a: Bronzong|Stealth Rock|p2a: Skarmory
|-sidestart|p2: BLOODCLAT|move: Stealth Rock
|
|-heal|p1a: Bronzong|45/100|[from] item: Leftovers
|upkeep
|turn|54
|j| pleasant view
|
|t:|1660605448
|move|p1a: Bronzong|Protect|p1a: Bronzong
|-singleturn|p1a: Bronzong|Protect
|move|p2a: Skarmory|Spikes|p1a: Bronzong
|-sidestart|p1: LT93OQ im garbage|Spikes
|
|-heal|p1a: Bronzong|51/100|[from] item: Leftovers
|upkeep
|turn|55
|
|t:|1660605451
|switch|p1a: Clefable|Clefable, F|100/100 tox
|move|p2a: Skarmory|Spikes|p1a: Clefable
|-sidestart|p1: LT93OQ im garbage|Spikes
|
|upkeep
|turn|56
|
|t:|1660605454
|switch|p1a: Mandibuzz|Mandibuzz, F|61/100
|switch|p2a: Hippowdon|Hippowdon, M|71/100
|-damage|p2a: Hippowdon|65/100|[from] Stealth Rock
|-weather|Sandstorm|[from] ability: Sand Stream|[of] p2a: Hippowdon
|
|-weather|Sandstorm|[upkeep]
|upkeep
|turn|57
|j| kadorf
|n| waste yrself|pleasantview
|j| LT93OQ HLand3r
|
|t:|1660605483
|switch|p1a: Clefable|Clefable, F|100/100 tox
|switch|p2a: Skarmory|Skarmory, F|100/100
|-damage|p2a: Skarmory|88/100|[from] Stealth Rock
|
|-weather|Sandstorm|[upkeep]
|upkeep
|turn|58
|
|t:|1660605488
|switch|p1a: Toxapex|Toxapex, M|100/100
|-damage|p1a: Toxapex|84/100|[from] Spikes
|move|p2a: Skarmory|Body Press|p1a: Toxapex
|-resisted|p1a: Toxapex
|-damage|p1a: Toxapex|71/100
|
|-weather|Sandstorm|[upkeep]
|-damage|p1a: Toxapex|64/100|[from] Sandstorm
|upkeep
|turn|59
|j| Joy Bangla
|
|t:|1660605494
|switch|p1a: Clefable|Clefable, F|100/100 tox
|move|p2a: Skarmory|Spikes|p1a: Clefable
|-sidestart|p1: LT93OQ im garbage|Spikes
|
|-weather|Sandstorm|[upkeep]
|upkeep
|turn|60
|
|t:|1660605498
|switch|p2a: Toxapex|Toxapex, F|97/100 brn
|-damage|p2a: Toxapex|85/100 brn|[from] Stealth Rock
|move|p1a: Clefable|Moonblast|p2a: Toxapex
|-resisted|p2a: Toxapex
|-damage|p2a: Toxapex|74/100 brn
|
|-weather|none
|-damage|p2a: Toxapex|68/100 brn|[from] brn
|upkeep
|turn|61
|
|t:|1660605503
|switch|p1a: Toxapex|Toxapex, M|98/100
|-damage|p1a: Toxapex|73/100|[from] Spikes
|switch|p2a: Clefable|Clefable, M|75/100 tox
|
|upkeep
|turn|62
|
|t:|1660605508
|switch|p2a: Hippowdon|Hippowdon, M|65/100
|-damage|p2a: Hippowdon|59/100|[from] Stealth Rock
|-weather|Sandstorm|[from] ability: Sand Stream|[of] p2a: Hippowdon
|move|p1a: Toxapex|Light Screen|p1a: Toxapex
|-sidestart|p1: LT93OQ im garbage|move: Light Screen
|
|-weather|Sandstorm|[upkeep]
|-damage|p1a: Toxapex|66/100|[from] Sandstorm
|upkeep
|turn|63
|j| BabyPigsAreLaughin
|l| Joy Bangla
|
|t:|1660605511
|switch|p1a: Mandibuzz|Mandibuzz, F|61/100
|move|p2a: Hippowdon|Slack Off|p2a: Hippowdon
|-heal|p2a: Hippowdon|100/100
|
|-weather|Sandstorm|[upkeep]
|upkeep
|turn|64
|
|t:|1660605513
|move|p1a: Mandibuzz|Toxic|p2a: Hippowdon
|-status|p2a: Hippowdon|tox
|move|p2a: Hippowdon|Toxic|p1a: Mandibuzz|[miss]
|-miss|p2a: Hippowdon|p1a: Mandibuzz
|
|-weather|Sandstorm|[upkeep]
|-damage|p2a: Hippowdon|94/100 tox|[from] psn
|upkeep
|turn|65
|
|t:|1660605518
|move|p1a: Mandibuzz|Roost|p1a: Mandibuzz
|-heal|p1a: Mandibuzz|100/100
|-singleturn|p1a: Mandibuzz|move: Roost
|move|p2a: Hippowdon|Toxic|p1a: Mandibuzz
|-status|p1a: Mandibuzz|tox
|
|-weather|Sandstorm|[upkeep]
|-damage|p1a: Mandibuzz|94/100 tox|[from] psn
|-damage|p2a: Hippowdon|82/100 tox|[from] psn
|upkeep
|turn|66
|
|t:|1660605523
|switch|p1a: Clefable|Clefable, F|100/100 tox
|switch|p2a: Excadrill|Excadrill, M, shiny|100/100
|-damage|p2a: Excadrill|97/100|[from] Stealth Rock
|
|-weather|none
|-heal|p2a: Excadrill|100/100|[from] item: Leftovers
|-sideend|p1: LT93OQ im garbage|move: Light Screen
|upkeep
|turn|67
|l| LT93OQ HLand3r
|j| Pokemh
|
|t:|1660605526
|move|p2a: Excadrill|Iron Head|p1a: Clefable
|-supereffective|p1a: Clefable
|-damage|p1a: Clefable|31/100 tox
|move|p1a: Clefable|Knock Off|p2a: Excadrill
|-damage|p2a: Excadrill|81/100
|-enditem|p2a: Excadrill|Leftovers|[from] move: Knock Off|[of] p1a: Clefable
|
|upkeep
|turn|68
|
|t:|1660605533
|switch|p1a: Buzzwole|Buzzwole|100/100
|move|p2a: Excadrill|Iron Head|p1a: Buzzwole
|-damage|p1a: Buzzwole|79/100
|
|upkeep
|turn|69
|
|t:|1660605539
|switch|p2a: Clefable|Clefable, M|75/100 tox
|move|p1a: Buzzwole|Close Combat|p2a: Clefable
|-resisted|p2a: Clefable
|-damage|p2a: Clefable|52/100 tox
|-unboost|p1a: Buzzwole|def|1
|-unboost|p1a: Buzzwole|spd|1
|
|upkeep
|turn|70
|
|t:|1660605548
|switch|p1a: Toxapex|Toxapex, M|99/100
|-damage|p1a: Toxapex|75/100|[from] Spikes
|move|p2a: Clefable|Calm Mind|p2a: Clefable
|-boost|p2a: Clefable|spa|1
|-boost|p2a: Clefable|spd|1
|
|upkeep
|turn|71
|
|t:|1660605556
|switch|p2a: Excadrill|Excadrill, M, shiny|81/100
|-damage|p2a: Excadrill|78/100|[from] Stealth Rock
|move|p1a: Toxapex|Light Screen|p1a: Toxapex
|-sidestart|p1: LT93OQ im garbage|move: Light Screen
|
|upkeep
|turn|72
|
|t:|1660605562
|switch|p1a: Buzzwole|Buzzwole|79/100
|move|p2a: Excadrill|Iron Head|p1a: Buzzwole
|-damage|p1a: Buzzwole|57/100
|
|upkeep
|turn|73
|
|t:|1660605568
|switch|p2a: Toxapex|Toxapex, F|100/100 brn
|-damage|p2a: Toxapex|88/100 brn|[from] Stealth Rock
|move|p1a: Buzzwole|Roost|p1a: Buzzwole
|-heal|p1a: Buzzwole|100/100
|-singleturn|p1a: Buzzwole|move: Roost
|
|-damage|p2a: Toxapex|82/100 brn|[from] brn
|upkeep
|turn|74
|
|t:|1660605571
|switch|p1a: Clefable|Clefable, F|31/100 tox
|switch|p2a: Excadrill|Excadrill, M, shiny|78/100
|-damage|p2a: Excadrill|74/100|[from] Stealth Rock
|
|upkeep
|turn|75
|
|t:|1660605574
|switch|p1a: Buzzwole|Buzzwole|100/100
|move|p2a: Excadrill|Rapid Spin|p1a: Buzzwole
|-damage|p1a: Buzzwole|91/100
|-boost|p2a: Excadrill|spe|1
|-sideend|p2: BLOODCLAT|Stealth Rock|[from] move: Rapid Spin|[of] p2a: Excadrill
|
|-sideend|p1: LT93OQ im garbage|move: Light Screen
|upkeep
|turn|76
|
|t:|1660605578
|switch|p2a: Toxapex|Toxapex, F|100/100 brn
|switch|p1a: Clefable|Clefable, F|31/100 tox
|
|-damage|p2a: Toxapex|95/100 brn|[from] brn
|upkeep
|turn|77
|
|t:|1660605580
|switch|p2a: Excadrill|Excadrill, M, shiny|74/100
|move|p1a: Clefable|Soft-Boiled|p1a: Clefable
|-heal|p1a: Clefable|81/100 tox
|
|upkeep
|turn|78
|
|t:|1660605583
|switch|p1a: Buzzwole|Buzzwole|91/100
|move|p2a: Excadrill|Iron Head|p1a: Buzzwole
|-damage|p1a: Buzzwole|71/100
|
|upkeep
|turn|79
|
|t:|1660605587
|switch|p2a: Blacephalon|Blacephalon|32/100
|move|p1a: Buzzwole|Roost|p1a: Buzzwole
|-heal|p1a: Buzzwole|100/100
|-singleturn|p1a: Buzzwole|move: Roost
|
|upkeep
|turn|80
|
|t:|1660605591
|switch|p1a: Mandibuzz|Mandibuzz, F|94/100 tox
|move|p2a: Blacephalon|Flamethrower|p1a: Mandibuzz
|-damage|p1a: Mandibuzz|61/100 tox
|
|-damage|p1a: Mandibuzz|55/100 tox|[from] psn
|upkeep
|turn|81
|
|t:|1660605594
|switch|p1a: Toxapex|Toxapex, M|100/100
|-damage|p1a: Toxapex|75/100|[from] Spikes
|move|p2a: Blacephalon|Overheat|p1a: Toxapex
|-resisted|p1a: Toxapex
|-damage|p1a: Toxapex|47/100
|-unboost|p2a: Blacephalon|spa|2
|
|upkeep
|turn|82
|j| Rodrigogtz
|
|t:|1660605597
|switch|p2a: Excadrill|Excadrill, M, shiny|74/100
|switch|p1a: Clefable|Clefable, F|81/100 tox
|
|upkeep
|turn|83
|
|t:|1660605600
|switch|p2a: Blacephalon|Blacephalon|32/100
|move|p1a: Clefable|Soft-Boiled|p1a: Clefable
|-heal|p1a: Clefable|100/100 tox
|
|upkeep
|turn|84
|
|t:|1660605606
|switch|p2a: Excadrill|Excadrill, M, shiny|74/100
|move|p1a: Clefable|Knock Off|p2a: Excadrill
|-damage|p2a: Excadrill|61/100
|
|upkeep
|turn|85
|
|t:|1660605608
|move|p2a: Excadrill|Iron Head|p1a: Clefable
|-supereffective|p1a: Clefable
|-damage|p1a: Clefable|26/100 tox
|move|p1a: Clefable|Soft-Boiled|p1a: Clefable
|-heal|p1a: Clefable|76/100 tox
|
|-damage|p2a: Excadrill|48/100|[from] item: Sticky Barb
|upkeep
|turn|86
|j| Curryisnotgood
|
|t:|1660605616
|switch|p2a: Blacephalon|Blacephalon|32/100
|switch|p1a: Quagsire|Quagsire, M|81/100
|-damage|p1a: Quagsire|56/100|[from] Spikes
|
|-heal|p1a: Quagsire|62/100|[from] item: Leftovers
|upkeep
|turn|87
|
|t:|1660605619
|move|p2a: Blacephalon|Shadow Ball|p1a: Quagsire
|-damage|p1a: Quagsire|13/100
|-unboost|p1a: Quagsire|spd|1
|move|p1a: Quagsire|Earthquake|p2a: Blacephalon
|-supereffective|p2a: Blacephalon
|-damage|p2a: Blacephalon|0 fnt
|faint|p2a: Blacephalon
|
|-heal|p1a: Quagsire|19/100|[from] item: Leftovers
|upkeep
|l| Rubiaa
|
|t:|1660605624
|switch|p2a: Clefable|Clefable, M|52/100 tox
|turn|88
|
|t:|1660605639
|move|p1a: Quagsire|Protect|p1a: Quagsire
|-singleturn|p1a: Quagsire|Protect
|move|p2a: Clefable|Moonblast|p1a: Quagsire
|-activate|p1a: Quagsire|move: Protect
|
|-heal|p1a: Quagsire|25/100|[from] item: Leftovers
|upkeep
|turn|89
|
|t:|1660605645
|switch|p1a: Mandibuzz|Mandibuzz, F|55/100 tox
|move|p2a: Clefable|Soft-Boiled|p2a: Clefable
|-heal|p2a: Clefable|100/100 tox
|
|-damage|p1a: Mandibuzz|49/100 tox|[from] psn
|upkeep
|turn|90
|
|t:|1660605648
|move|p1a: Mandibuzz|Roost|p1a: Mandibuzz
|-heal|p1a: Mandibuzz|99/100 tox
|-singleturn|p1a: Mandibuzz|move: Roost
|move|p2a: Clefable|Moonblast|p1a: Mandibuzz
|-supereffective|p1a: Mandibuzz
|-damage|p1a: Mandibuzz|62/100 tox
|
|-damage|p1a: Mandibuzz|50/100 tox|[from] psn
|upkeep
|turn|91
|
|t:|1660605652
|switch|p1a: Toxapex|Toxapex, M|80/100
|-damage|p1a: Toxapex|55/100|[from] Spikes
|move|p2a: Clefable|Moonblast|p1a: Toxapex
|-resisted|p1a: Toxapex
|-damage|p1a: Toxapex|44/100
|
|upkeep
|turn|92
|l| a goth gf
|
|t:|1660605653
|move|p1a: Toxapex|Light Screen|p1a: Toxapex
|-sidestart|p1: LT93OQ im garbage|move: Light Screen
|move|p2a: Clefable|Calm Mind|p2a: Clefable
|-boost|p2a: Clefable|spa|1
|-boost|p2a: Clefable|spd|1
|
|upkeep
|turn|93
|l| Curryisnotgood
|j| Dzhugashvili
|j| a goth gf
|j| Curryisnotgood
|
|t:|1660605668
|switch|p1a: Clefable|Clefable, F|76/100 tox
|move|p2a: Clefable|Calm Mind|p2a: Clefable
|-boost|p2a: Clefable|spa|1
|-boost|p2a: Clefable|spd|1
|
|upkeep
|turn|94
|
|t:|1660605670
|switch|p1a: Toxapex|Toxapex, M|77/100
|-damage|p1a: Toxapex|52/100|[from] Spikes
|move|p2a: Clefable|Calm Mind|p2a: Clefable
|-boost|p2a: Clefable|spa|1
|-boost|p2a: Clefable|spd|1
|
|upkeep
|turn|95
|l| Curryisnotgood
|
|t:|1660605674
|move|p1a: Toxapex|Haze|p1a: Toxapex
|-clearallboost
|move|p2a: Clefable|Moonblast|p1a: Toxapex
|-resisted|p1a: Toxapex
|-damage|p1a: Toxapex|47/100
|-unboost|p1a: Toxapex|spa|1
|
|upkeep
|turn|96
|
|t:|1660605677
|switch|p1a: Clefable|Clefable, F|76/100 tox
|move|p2a: Clefable|Moonblast|p1a: Clefable
|-damage|p1a: Clefable|61/100 tox
|
|-sideend|p1: LT93OQ im garbage|move: Light Screen
|upkeep
|turn|97
|j| Curryisnotgood
|
|t:|1660605679
|switch|p1a: Toxapex|Toxapex, M|80/100
|-damage|p1a: Toxapex|55/100|[from] Spikes
|move|p2a: Clefable|Calm Mind|p2a: Clefable
|-boost|p2a: Clefable|spa|1
|-boost|p2a: Clefable|spd|1
|
|upkeep
|turn|98
|
|t:|1660605681
|move|p1a: Toxapex|Light Screen|p1a: Toxapex
|-sidestart|p1: LT93OQ im garbage|move: Light Screen
|move|p2a: Clefable|Calm Mind|p2a: Clefable
|-boost|p2a: Clefable|spa|1
|-boost|p2a: Clefable|spd|1
|
|upkeep
|turn|99
|
|t:|1660605686
|switch|p1a: Clefable|Clefable, F|61/100 tox
|move|p2a: Clefable|Calm Mind|p2a: Clefable
|-boost|p2a: Clefable|spa|1
|-boost|p2a: Clefable|spd|1
|
|upkeep
|turn|100
|
|t:|1660605690
|move|p1a: Clefable|Soft-Boiled|p1a: Clefable
|-heal|p1a: Clefable|100/100 tox
|move|p2a: Clefable|Flamethrower|p1a: Clefable
|-damage|p1a: Clefable|77/100 tox
|
|upkeep
|turn|101
|
|t:|1660605693
|switch|p1a: Toxapex|Toxapex, M|88/100
|-damage|p1a: Toxapex|63/100|[from] Spikes
|move|p2a: Clefable|Flamethrower|p1a: Toxapex
|-resisted|p1a: Toxapex
|-damage|p1a: Toxapex|53/100
|
|upkeep
|turn|102
|
|t:|1660605696
|move|p1a: Toxapex|Haze|p1a: Toxapex
|-clearallboost
|move|p2a: Clefable|Flamethrower|p1a: Toxapex
|-resisted|p1a: Toxapex
|-damage|p1a: Toxapex|50/100
|
|-sideend|p1: LT93OQ im garbage|move: Light Screen
|upkeep
|turn|103
|
|t:|1660605702
|switch|p1a: Clefable|Clefable, F|77/100 tox
|move|p2a: Clefable|Moonblast|p1a: Clefable
|-damage|p1a: Clefable|48/100 tox
|
|upkeep
|turn|104
|inactive|BLOODCLAT has 120 seconds left.
|
|t:|1660605742
|move|p1a: Clefable|Heal Bell|p1a: Clefable
|-activate|p1a: Clefable|move: Heal Bell
|-curestatus|p1a: Clefable|tox|[msg]
|-curestatus|p1: Mandibuzz|tox|[msg]
|move|p2a: Clefable|Calm Mind|p2a: Clefable
|-boost|p2a: Clefable|spa|1
|-boost|p2a: Clefable|spd|1
|
|upkeep
|turn|105
|
|t:|1660605748
|switch|p1a: Toxapex|Toxapex, M|83/100
|-damage|p1a: Toxapex|58/100|[from] Spikes
|move|p2a: Clefable|Moonblast|p1a: Toxapex
|-resisted|p1a: Toxapex
|-damage|p1a: Toxapex|40/100
|
|upkeep
|turn|106
|inactive|BLOODCLAT has 120 seconds left.
|
|t:|1660605759
|move|p1a: Toxapex|Light Screen|p1a: Toxapex
|-sidestart|p1: LT93OQ im garbage|move: Light Screen
|move|p2a: Clefable|Flamethrower|p1a: Toxapex
|-resisted|p1a: Toxapex
|-damage|p1a: Toxapex|35/100
|
|upkeep
|turn|107
|
|t:|1660605762
|switch|p1a: Mandibuzz|Mandibuzz, F|50/100
|switch|p2a: Skarmory|Skarmory, F|88/100
|
|upkeep
|turn|108
|-message|BLOODCLAT forfeited.
|
|win|LT93OQ im garbage
|raw|LT93OQ im garbage's rating: 1905 &rarr; <strong>1922</strong><br />(+17 for winning)
|raw|BLOODCLAT's rating: 1860 &rarr; <strong>1843</strong><br />(-17 for losing)
|l|‽BLOODCLAT
|l|+Dual Wingbeat
|l| AlexBadAlibi555
|l|☆LT93OQ im garbage
|l| BabyPigsAreLaughin
|l| Pokemh
|l| Curryisnotgood
|l| a goth gf
|l| waste yrself
||Ladder isn't responding, score probably updated but might not have (Request timeout).
|l| BeastBraedon
|j| chokst du
|l| chokst du
|l| CB Bhris Breezy
|l| kadorf
|l| zkutrzrfd
|l| LT93OQ Vegeto
|l| OUTM nitty
|j| Gengarnblancoy
|l| Gengarnblancoy
