|raw|<div class="broadcast-blue"><strong>This battle is required to be public due to a player having a name starting with 'lt93oq'.</div>
|j|☆BaddyGames
|j|☆LT93OQ Huargensy
|t:|1660754479
|gametype|singles
|player|p1|BaddyGames|streetthug|1617
|player|p2|LT93OQ Huargensy|lucas|1762
|teamsize|p1|6
|teamsize|p2|6
|gen|8
|tier|[Gen 8] OU
|rated|
|rule|Sleep Clause Mod: Limit one foe put to sleep
|rule|Species Clause: Limit one of each Pokémon
|rule|OHKO Clause: OHKO moves are banned
|rule|Evasion Items Clause: Evasion items are banned
|rule|Evasion Moves Clause: Evasion moves are banned
|rule|Endless Battle Clause: Forcing endless battles is banned
|rule|HP Percentage Mod: HP is shown in percentages
|rule|Dynamax Clause: You cannot dynamax
|clearpoke
|poke|p1|Sigilyph, F|
|poke|p1|Skarmory, F|
|poke|p1|Tyranitar, M|
|poke|p1|Clefable, M|
|poke|p1|Excadrill, F|
|poke|p1|Tapu Koko|
|poke|p2|Toxapex, M|
|poke|p2|Gastrodon, M|
|poke|p2|Skarmory, M|
|poke|p2|Clefable, M|
|poke|p2|Tornadus-Therian, M|
|poke|p2|Blissey, F|
|teampreview
|inactive|Battle timer is ON: inactive players will automatically lose when time's up. (requested by LT93OQ Huargensy)
|
|t:|1660754496
|start
|switch|p1a: Skarmory|Skarmory, F|100/100
|switch|p2a: Clefable|Clefable, M, shiny|100/100
|turn|1
|
|t:|1660754498
|move|p1a: Skarmory|Toxic|p2a: Clefable
|-status|p2a: Clefable|tox
|move|p2a: Clefable|Knock Off|p1a: Skarmory
|-damage|p1a: Skarmory|91/100
|-damage|p2a: Clefable|84/100 tox|[from] item: Rocky Helmet|[of] p1a: Skarmory
|-enditem|p1a: Skarmory|Rocky Helmet|[from] move: Knock Off|[of] p2a: Clefable
|
|-damage|p2a: Clefable|78/100 tox|[from] psn
|upkeep
|turn|2
|
|t:|1660754502
|move|p1a: Skarmory|Toxic|p2a: Clefable
|-fail|p2a: Clefable|tox
|move|p2a: Clefable|Stealth Rock|p1a: Skarmory
|-sidestart|p1: BaddyGames|move: Stealth Rock
|
|-damage|p2a: Clefable|66/100 tox|[from] psn
|upkeep
|turn|3
|
|t:|1660754506
|move|p1a: Skarmory|Spikes|p2a: Clefable
|-sidestart|p2: LT93OQ Huargensy|Spikes
|move|p2a: Clefable|Soft-Boiled|p2a: Clefable
|-heal|p2a: Clefable|100/100 tox
|
|-damage|p2a: Clefable|82/100 tox|[from] psn
|upkeep
|turn|4
|
|t:|1660754512
|switch|p2a: Toxapex|Toxapex, M|100/100
|-damage|p2a: Toxapex|88/100|[from] Spikes
|move|p1a: Skarmory|Toxic|p2a: Toxapex
|-immune|p2a: Toxapex
|
|upkeep
|turn|5
|
|t:|1660754517
|switch|p1a: Clefable|Clefable, M|100/100
|move|p2a: Toxapex|Toxic Spikes|p1a: Clefable
|-sidestart|p1: BaddyGames|move: Toxic Spikes
|
|upkeep
|turn|6
|
|t:|1660754524
|move|p1a: Clefable|Stealth Rock|p2a: Toxapex
|-sidestart|p2: LT93OQ Huargensy|move: Stealth Rock
|move|p2a: Toxapex|Knock Off|p1a: Clefable
|-resisted|p1a: Clefable
|-damage|p1a: Clefable|95/100
|-enditem|p1a: Clefable|Leftovers|[from] move: Knock Off|[of] p2a: Toxapex
|
|upkeep
|turn|7
|
|t:|1660754531
|switch|p1a: Sigilyph|Sigilyph, F|100/100
|move|p2a: Toxapex|Toxic Spikes|p1a: Sigilyph
|-sidestart|p1: BaddyGames|move: Toxic Spikes
|
|upkeep
|turn|8
|
|t:|1660754534
|move|p2a: Toxapex|Knock Off|p1a: Sigilyph
|-supereffective|p1a: Sigilyph
|-crit|p1a: Sigilyph
|-damage|p1a: Sigilyph|40/100
|-enditem|p1a: Sigilyph|Life Orb|[from] move: Knock Off|[of] p2a: Toxapex
|move|p1a: Sigilyph|Whirlwind|p2a: Toxapex
|drag|p2a: Tornadus|Tornadus-Therian, M, shiny|100/100
|
|upkeep
|turn|9
|
|t:|1660754538
|move|p2a: Tornadus|Substitute|p2a: Tornadus
|-start|p2a: Tornadus|Substitute
|-damage|p2a: Tornadus|76/100
|move|p1a: Sigilyph|Roost|p1a: Sigilyph
|-heal|p1a: Sigilyph|90/100
|-singleturn|p1a: Sigilyph|move: Roost
|
|upkeep
|turn|10
|
|t:|1660754544
|move|p2a: Tornadus|Hurricane|p1a: Sigilyph
|-damage|p1a: Sigilyph|24/100
|move|p1a: Sigilyph|Whirlwind|p2a: Tornadus
|drag|p2a: Blissey|Blissey, F, shiny|100/100
|
|upkeep
|turn|11
|
|t:|1660754546
|switch|p2a: Tornadus|Tornadus-Therian, M, shiny|100/100
|move|p1a: Sigilyph|Roost|p1a: Sigilyph
|-heal|p1a: Sigilyph|74/100
|-singleturn|p1a: Sigilyph|move: Roost
|
|upkeep
|turn|12
|
|t:|1660754551
|move|p2a: Tornadus|Hurricane|p1a: Sigilyph|[miss]
|-miss|p2a: Tornadus|p1a: Sigilyph
|move|p1a: Sigilyph|Whirlwind|p2a: Tornadus
|drag|p2a: Gastrodon|Gastrodon, M, shiny|100/100
|-damage|p2a: Gastrodon|88/100|[from] Spikes
|-damage|p2a: Gastrodon|82/100|[from] Stealth Rock
|
|-heal|p2a: Gastrodon|88/100|[from] item: Leftovers
|upkeep
|turn|13
|
|t:|1660754558
|switch|p2a: Blissey|Blissey, F, shiny|100/100
|move|p1a: Sigilyph|Psyshock|p2a: Blissey
|-damage|p2a: Blissey|70/100
|
|upkeep
|turn|14
|
|t:|1660754567
|move|p1a: Sigilyph|Psyshock|p2a: Blissey
|-damage|p2a: Blissey|41/100
|move|p2a: Blissey|Wish|p2a: Blissey
|
|upkeep
|turn|15
|
|t:|1660754571
|move|p2a: Blissey|Seismic Toss|p1a: Sigilyph
|-damage|p1a: Sigilyph|39/100
|move|p1a: Sigilyph|Whirlwind|p2a: Blissey
|drag|p2a: Skarmory|Skarmory, M, shiny|100/100
|-damage|p2a: Skarmory|88/100|[from] Stealth Rock
|
|-heal|p2a: Skarmory|100/100|[from] move: Wish|[wisher] Blissey
|upkeep
|turn|16
|
|t:|1660754574
|move|p1a: Sigilyph|Roost|p1a: Sigilyph
|-heal|p1a: Sigilyph|89/100
|-singleturn|p1a: Sigilyph|move: Roost
|move|p2a: Skarmory|Spikes|p1a: Sigilyph
|-sidestart|p1: BaddyGames|Spikes
|
|upkeep
|turn|17
|
|t:|1660754580
|move|p1a: Sigilyph|Heat Wave|p2a: Skarmory|[miss]
|-miss|p1a: Sigilyph|p2a: Skarmory
|move|p2a: Skarmory|Spikes|p1a: Sigilyph
|-sidestart|p1: BaddyGames|Spikes
|
|upkeep
|turn|18
|
|t:|1660754590
|switch|p2a: Tornadus|Tornadus-Therian, M, shiny|100/100
|move|p1a: Sigilyph|Psyshock|p2a: Tornadus
|-damage|p2a: Tornadus|55/100
|
|upkeep
|turn|19
|
|t:|1660754593
|move|p2a: Tornadus|Hurricane|p1a: Sigilyph
|-damage|p1a: Sigilyph|19/100
|move|p1a: Sigilyph|Whirlwind|p2a: Tornadus
|drag|p2a: Clefable|Clefable, M, shiny|82/100 tox
|
|-damage|p2a: Clefable|76/100 tox|[from] psn
|upkeep
|turn|20
|
|t:|1660754598
|switch|p2a: Tornadus|Tornadus-Therian, M, shiny|88/100
|move|p1a: Sigilyph|Roost|p1a: Sigilyph
|-heal|p1a: Sigilyph|69/100
|-singleturn|p1a: Sigilyph|move: Roost
|
|upkeep
|turn|21
|
|t:|1660754605
|switch|p1a: Tapu Koko|Tapu Koko|100/100
|-fieldstart|move: Electric Terrain|[from] ability: Electric Surge|[of] p1a: Tapu Koko
|move|p2a: Tornadus|Hurricane|p1a: Tapu Koko|[miss]
|-miss|p2a: Tornadus|p1a: Tapu Koko
|
|upkeep
|turn|22
|
|t:|1660754608
|switch|p2a: Gastrodon|Gastrodon, M, shiny|88/100
|-damage|p2a: Gastrodon|76/100|[from] Spikes
|-damage|p2a: Gastrodon|70/100|[from] Stealth Rock
|move|p1a: Tapu Koko|U-turn|p2a: Gastrodon
|-damage|p2a: Gastrodon|54/100
|
|t:|1660754611
|switch|p1a: Sigilyph|Sigilyph, F|69/100|[from]move: U-turn
|
|-heal|p2a: Gastrodon|60/100|[from] item: Leftovers
|upkeep
|turn|23
|
|t:|1660754616
|move|p1a: Sigilyph|Psyshock|p2a: Gastrodon
|-damage|p2a: Gastrodon|26/100
|move|p2a: Gastrodon|Recover|p2a: Gastrodon
|-heal|p2a: Gastrodon|76/100
|
|-heal|p2a: Gastrodon|82/100|[from] item: Leftovers
|upkeep
|turn|24
|
|t:|1660754619
|move|p2a: Gastrodon|Recover|p2a: Gastrodon
|-heal|p2a: Gastrodon|100/100
|move|p1a: Sigilyph|Whirlwind|p2a: Gastrodon
|drag|p2a: Tornadus|Tornadus-Therian, M, shiny|100/100
|
|upkeep
|turn|25
|
|t:|1660754623
|switch|p1a: Tapu Koko|Tapu Koko|100/100
|move|p2a: Tornadus|Hurricane|p1a: Tapu Koko
|-resisted|p1a: Tapu Koko
|-damage|p1a: Tapu Koko|61/100
|-start|p1a: Tapu Koko|confusion
|
|-fieldend|move: Electric Terrain
|upkeep
|turn|26
|
|t:|1660754627
|switch|p2a: Gastrodon|Gastrodon, M, shiny|100/100
|-damage|p2a: Gastrodon|88/100|[from] Spikes
|-damage|p2a: Gastrodon|82/100|[from] Stealth Rock
|-activate|p1a: Tapu Koko|confusion
|move|p1a: Tapu Koko|Thunderbolt|p2a: Gastrodon
|-immune|p2a: Gastrodon
|
|-heal|p2a: Gastrodon|88/100|[from] item: Leftovers
|upkeep
|turn|27
|
|t:|1660754631
|switch|p1a: Sigilyph|Sigilyph, F|69/100
|switch|p2a: Tornadus|Tornadus-Therian, M, shiny|100/100
|
|upkeep
|turn|28
|
|t:|1660754642
|switch|p1a: Tapu Koko|Tapu Koko|61/100
|-fieldstart|move: Electric Terrain|[from] ability: Electric Surge|[of] p1a: Tapu Koko
|move|p2a: Tornadus|Hurricane|p1a: Tapu Koko
|-resisted|p1a: Tapu Koko
|-damage|p1a: Tapu Koko|26/100
|
|upkeep
|turn|29
|
|t:|1660754649
|switch|p2a: Toxapex|Toxapex, M|100/100
|-damage|p2a: Toxapex|88/100|[from] Spikes
|-damage|p2a: Toxapex|76/100|[from] Stealth Rock
|move|p1a: Tapu Koko|Roost|p1a: Tapu Koko
|-heal|p1a: Tapu Koko|76/100
|-singleturn|p1a: Tapu Koko|move: Roost
|
|upkeep
|turn|30
|
|t:|1660754652
|switch|p2a: Gastrodon|Gastrodon, M, shiny|88/100
|-damage|p2a: Gastrodon|76/100|[from] Spikes
|-damage|p2a: Gastrodon|70/100|[from] Stealth Rock
|move|p1a: Tapu Koko|U-turn|p2a: Gastrodon
|-damage|p2a: Gastrodon|53/100
|
|t:|1660754657
|switch|p1a: Sigilyph|Sigilyph, F|69/100|[from]move: U-turn
|
|-heal|p2a: Gastrodon|59/100|[from] item: Leftovers
|upkeep
|turn|31
|
|t:|1660754658
|move|p1a: Sigilyph|Roost|p1a: Sigilyph
|-heal|p1a: Sigilyph|100/100
|-singleturn|p1a: Sigilyph|move: Roost
|move|p2a: Gastrodon|Recover|p2a: Gastrodon
|-heal|p2a: Gastrodon|100/100
|
|upkeep
|turn|32
|
|t:|1660754662
|move|p2a: Gastrodon|Scald|p1a: Sigilyph
|-damage|p1a: Sigilyph|66/100
|move|p1a: Sigilyph|Whirlwind|p2a: Gastrodon
|drag|p2a: Skarmory|Skarmory, M, shiny|100/100
|-damage|p2a: Skarmory|88/100|[from] Stealth Rock
|
|-fieldend|move: Electric Terrain
|upkeep
|turn|33
|
|t:|1660754666
|switch|p2a: Gastrodon|Gastrodon, M, shiny|100/100
|-damage|p2a: Gastrodon|88/100|[from] Spikes
|-damage|p2a: Gastrodon|82/100|[from] Stealth Rock
|move|p1a: Sigilyph|Psyshock|p2a: Gastrodon
|-damage|p2a: Gastrodon|44/100
|
|-heal|p2a: Gastrodon|50/100|[from] item: Leftovers
|upkeep
|turn|34
|
|t:|1660754670
|move|p1a: Sigilyph|Psyshock|p2a: Gastrodon
|-damage|p2a: Gastrodon|10/100
|move|p2a: Gastrodon|Recover|p2a: Gastrodon
|-heal|p2a: Gastrodon|60/100
|
|-heal|p2a: Gastrodon|66/100|[from] item: Leftovers
|upkeep
|turn|35
|
|t:|1660754672
|move|p1a: Sigilyph|Roost|p1a: Sigilyph
|-heal|p1a: Sigilyph|100/100
|-singleturn|p1a: Sigilyph|move: Roost
|move|p2a: Gastrodon|Recover|p2a: Gastrodon
|-heal|p2a: Gastrodon|100/100
|
|upkeep
|turn|36
|
|t:|1660754677
|move|p2a: Gastrodon|Scald|p1a: Sigilyph
|-damage|p1a: Sigilyph|66/100
|-status|p1a: Sigilyph|brn
|move|p1a: Sigilyph|Whirlwind|p2a: Gastrodon
|drag|p2a: Blissey|Blissey, F, shiny|41/100
|
|upkeep
|turn|37
|
|t:|1660754680
|move|p1a: Sigilyph|Psyshock|p2a: Blissey
|-damage|p2a: Blissey|11/100
|move|p2a: Blissey|Wish|p2a: Blissey
|
|upkeep
|turn|38
|
|t:|1660754686
|move|p2a: Blissey|Protect|p2a: Blissey
|-singleturn|p2a: Blissey|Protect
|move|p1a: Sigilyph|Whirlwind|p2a: Blissey
|drag|p2a: Toxapex|Toxapex, M|100/100
|-damage|p2a: Toxapex|88/100|[from] Spikes
|-damage|p2a: Toxapex|76/100|[from] Stealth Rock
|
|-heal|p2a: Toxapex|100/100|[from] move: Wish|[wisher] Blissey
|upkeep
|turn|39
|
|t:|1660754691
|switch|p2a: Gastrodon|Gastrodon, M, shiny|100/100
|-damage|p2a: Gastrodon|88/100|[from] Spikes
|-damage|p2a: Gastrodon|82/100|[from] Stealth Rock
|move|p1a: Sigilyph|Psyshock|p2a: Gastrodon
|-damage|p2a: Gastrodon|44/100
|
|-heal|p2a: Gastrodon|50/100|[from] item: Leftovers
|upkeep
|turn|40
|
|t:|1660754695
|move|p1a: Sigilyph|Roost|p1a: Sigilyph
|-heal|p1a: Sigilyph|100/100 brn
|-singleturn|p1a: Sigilyph|move: Roost
|move|p2a: Gastrodon|Recover|p2a: Gastrodon
|-heal|p2a: Gastrodon|99/100
|
|-heal|p2a: Gastrodon|100/100|[from] item: Leftovers
|upkeep
|turn|41
|
|t:|1660754703
|move|p2a: Gastrodon|Scald|p1a: Sigilyph
|-damage|p1a: Sigilyph|65/100 brn
|move|p1a: Sigilyph|Whirlwind|p2a: Gastrodon
|drag|p2a: Toxapex|Toxapex, M|100/100
|-damage|p2a: Toxapex|88/100|[from] Spikes
|-damage|p2a: Toxapex|76/100|[from] Stealth Rock
|
|upkeep
|turn|42
|
|t:|1660754709
|switch|p2a: Gastrodon|Gastrodon, M, shiny|100/100
|-damage|p2a: Gastrodon|88/100|[from] Spikes
|-damage|p2a: Gastrodon|82/100|[from] Stealth Rock
|move|p1a: Sigilyph|Psyshock|p2a: Gastrodon
|-damage|p2a: Gastrodon|47/100
|
|-heal|p2a: Gastrodon|53/100|[from] item: Leftovers
|upkeep
|turn|43
|
|t:|1660754714
|move|p2a: Gastrodon|Recover|p2a: Gastrodon
|-heal|p2a: Gastrodon|100/100
|move|p1a: Sigilyph|Whirlwind|p2a: Gastrodon
|drag|p2a: Clefable|Clefable, M, shiny|76/100 tox
|
|-damage|p2a: Clefable|70/100 tox|[from] psn
|upkeep
|turn|44
|
|t:|1660754720
|switch|p1a: Excadrill|Excadrill, F|100/100
|-damage|p1a: Excadrill|97/100|[from] Stealth Rock
|-damage|p1a: Excadrill|81/100|[from] Spikes
|switch|p2a: Gastrodon|Gastrodon, M, shiny|100/100
|-damage|p2a: Gastrodon|88/100|[from] Spikes
|-damage|p2a: Gastrodon|82/100|[from] Stealth Rock
|
|-heal|p1a: Excadrill|87/100|[from] item: Leftovers
|-heal|p2a: Gastrodon|88/100|[from] item: Leftovers
|upkeep
|turn|45
|
|t:|1660754724
|move|p1a: Excadrill|Rapid Spin|p2a: Gastrodon
|-damage|p2a: Gastrodon|66/100
|-boost|p1a: Excadrill|spe|1
|-sideend|p1: BaddyGames|Spikes|[from] move: Rapid Spin|[of] p1a: Excadrill
|-sideend|p1: BaddyGames|Toxic Spikes|[from] move: Rapid Spin|[of] p1a: Excadrill
|-sideend|p1: BaddyGames|Stealth Rock|[from] move: Rapid Spin|[of] p1a: Excadrill
|move|p2a: Gastrodon|Earthquake|p1a: Excadrill
|-supereffective|p1a: Excadrill
|-damage|p1a: Excadrill|5/100
|
|-heal|p1a: Excadrill|11/100|[from] item: Leftovers
|-heal|p2a: Gastrodon|72/100|[from] item: Leftovers
|upkeep
|turn|46
|
|t:|1660754729
|switch|p1a: Tyranitar|Tyranitar, M|100/100
|-weather|Sandstorm|[from] ability: Sand Stream|[of] p1a: Tyranitar
|move|p2a: Gastrodon|Recover|p2a: Gastrodon
|-heal|p2a: Gastrodon|100/100
|
|-weather|Sandstorm|[upkeep]
|upkeep
|turn|47
|
|t:|1660754734
|switch|p2a: Skarmory|Skarmory, M, shiny|88/100
|-damage|p2a: Skarmory|76/100|[from] Stealth Rock
|move|p1a: Tyranitar|Crunch|p2a: Skarmory
|-damage|p2a: Skarmory|32/100
|
|-weather|Sandstorm|[upkeep]
|upkeep
|turn|48
|inactive|BaddyGames has 120 seconds left.
|inactive|BaddyGames has 90 seconds left.
|inactive|BaddyGames has 60 seconds left.
|
|t:|1660754841
|switch|p2a: Clefable|Clefable, M, shiny|70/100 tox
|move|p1a: Tyranitar|Crunch|p2a: Clefable
|-resisted|p2a: Clefable
|-damage|p2a: Clefable|40/100 tox
|
|-weather|Sandstorm|[upkeep]
|-damage|p2a: Clefable|34/100 tox|[from] Sandstorm
|-damage|p2a: Clefable|28/100 tox|[from] psn
|upkeep
|turn|49
|
|t:|1660754844
|move|p1a: Tyranitar|Crunch|p2a: Clefable
|-resisted|p2a: Clefable
|-damage|p2a: Clefable|0 fnt
|faint|p2a: Clefable
|
|-weather|Sandstorm|[upkeep]
|upkeep
|-message|LT93OQ Huargensy forfeited.
|
|win|BaddyGames
|raw|BaddyGames's rating: 1617 &rarr; <strong>1645</strong><br />(+28 for winning)
|raw|LT93OQ Huargensy's rating: 1762 &rarr; <strong>1734</strong><br />(-28 for losing)
|l|☆LT93OQ Huargensy
