|raw|<div class="broadcast-blue"><strong>This battle is required to be public due to a player having a name starting with 'lt93oq'.</div>
|j|☆LT93OQ ouille
|j|☆Stads
|t:|1660508137
|gametype|singles
|player|p1|LT93OQ ouille|zinnia|1774
|player|p2|Stads|170|1834
|teamsize|p1|6
|teamsize|p2|6
|gen|8
|tier|[Gen 8] OU
|rated|
|rule|Sleep Clause Mod: Limit one foe put to sleep
|rule|Species Clause: Limit one of each Pokémon
|rule|OHKO Clause: OHKO moves are banned
|rule|Evasion Items Clause: Evasion items are banned
|rule|Evasion Moves Clause: Evasion moves are banned
|rule|Endless Battle Clause: Forcing endless battles is banned
|rule|HP Percentage Mod: HP is shown in percentages
|rule|Dynamax Clause: You cannot dynamax
|clearpoke
|poke|p1|Gastrodon-East, F|
|poke|p1|Heatran, M|
|poke|p1|Skarmory, M|
|poke|p1|Toxapex, M|
|poke|p1|Weavile, F|
|poke|p1|Dragapult, M|
|poke|p2|Urshifu-*, F|
|poke|p2|Tyranitar, F|
|poke|p2|Excadrill, F|
|poke|p2|Zapdos|
|poke|p2|Ferrothorn, M|
|poke|p2|Tapu Lele|
|teampreview
|
|t:|1660508170
|start
|switch|p1a: Heatran|Heatran, M|100/100
|switch|p2a: Tyranitar|Tyranitar, F|100/100
|-weather|Sandstorm|[from] ability: Sand Stream|[of] p2a: Tyranitar
|turn|1
|
|t:|1660508176
|switch|p1a: Skarmory|Skarmory, M|100/100
|move|p2a: Tyranitar|Stone Edge|p1a: Skarmory
|-damage|p1a: Skarmory|52/100
|
|-weather|Sandstorm|[upkeep]
|upkeep
|turn|2
|
|t:|1660508180
|switch|p2a: Zapdos|Zapdos|100/100
|move|p1a: Skarmory|Roost|p1a: Skarmory
|-heal|p1a: Skarmory|100/100
|-singleturn|p1a: Skarmory|move: Roost
|
|-weather|Sandstorm|[upkeep]
|-damage|p2a: Zapdos|94/100|[from] Sandstorm
|upkeep
|turn|3
|inactive|Battle timer is ON: inactive players will automatically lose when time's up. (requested by Stads)
|
|t:|1660508186
|switch|p2a: Ferrothorn|Ferrothorn, M|100/100
|switch|p1a: Gastrodon|Gastrodon-East, F|100/100
|
|-weather|Sandstorm|[upkeep]
|upkeep
|turn|4
|
|t:|1660508190
|switch|p1a: Heatran|Heatran, M|100/100
|move|p2a: Ferrothorn|Stealth Rock|p1a: Heatran
|-sidestart|p1: LT93OQ ouille|move: Stealth Rock
|
|-weather|Sandstorm|[upkeep]
|upkeep
|turn|5
|
|t:|1660508195
|switch|p2a: Urshifu|Urshifu-Rapid-Strike, F|100/100
|move|p1a: Heatran|Stealth Rock|p2a: Urshifu
|-sidestart|p2: Stads|move: Stealth Rock
|
|-weather|none
|upkeep
|turn|6
|
|t:|1660508203
|switch|p1a: Toxapex|Toxapex, M|100/100
|-damage|p1a: Toxapex|88/100|[from] Stealth Rock
|move|p2a: Urshifu|U-turn|p1a: Toxapex
|-resisted|p1a: Toxapex
|-damage|p1a: Toxapex|81/100
|
|t:|1660508209
|switch|p2a: Excadrill|Excadrill, F|100/100|[from]move: U-turn
|-damage|p2a: Excadrill|97/100|[from] Stealth Rock
|
|upkeep
|turn|7
|j| brosevelt
|
|t:|1660508220
|switch|p1a: Skarmory|Skarmory, M|100/100
|-damage|p1a: Skarmory|88/100|[from] Stealth Rock
|move|p2a: Excadrill|Rapid Spin|p1a: Skarmory
|-resisted|p1a: Skarmory
|-damage|p1a: Skarmory|79/100
|-boost|p2a: Excadrill|spe|1
|-damage|p2a: Excadrill|81/100|[from] item: Rocky Helmet|[of] p1a: Skarmory
|-sideend|p2: Stads|Stealth Rock|[from] move: Rapid Spin|[of] p2a: Excadrill
|
|upkeep
|turn|8
|
|t:|1660508226
|switch|p2a: Zapdos|Zapdos|94/100
|move|p1a: Skarmory|Spikes|p2a: Zapdos
|-sidestart|p2: Stads|Spikes
|
|upkeep
|turn|9
|
|t:|1660508229
|switch|p2a: Tyranitar|Tyranitar, F|100/100
|-damage|p2a: Tyranitar|88/100|[from] Spikes
|-weather|Sandstorm|[from] ability: Sand Stream|[of] p2a: Tyranitar
|switch|p1a: Gastrodon|Gastrodon-East, F|100/100
|-damage|p1a: Gastrodon|94/100|[from] Stealth Rock
|
|-weather|Sandstorm|[upkeep]
|-heal|p1a: Gastrodon|100/100|[from] item: Leftovers
|upkeep
|turn|10
|
|t:|1660508237
|move|p2a: Tyranitar|Crunch|p1a: Gastrodon
|-damage|p1a: Gastrodon|19/100
|-unboost|p1a: Gastrodon|def|1
|move|p1a: Gastrodon|Recover|p1a: Gastrodon
|-heal|p1a: Gastrodon|69/100
|
|-weather|Sandstorm|[upkeep]
|-heal|p1a: Gastrodon|75/100|[from] item: Leftovers
|upkeep
|turn|11
|
|t:|1660508247
|switch|p1a: Toxapex|Toxapex, M|100/100
|-damage|p1a: Toxapex|88/100|[from] Stealth Rock
|move|p2a: Tyranitar|Crunch|p1a: Toxapex
|-damage|p1a: Toxapex|46/100
|
|-weather|Sandstorm|[upkeep]
|-damage|p1a: Toxapex|40/100|[from] Sandstorm
|upkeep
|turn|12
|
|t:|1660508257
|switch|p1a: Weavile|Weavile, F|100/100
|move|p2a: Tyranitar|Crunch|p1a: Weavile
|-resisted|p1a: Weavile
|-damage|p1a: Weavile|39/100
|
|-weather|Sandstorm|[upkeep]
|-damage|p1a: Weavile|33/100|[from] Sandstorm
|upkeep
|turn|13
|
|t:|1660508272
|switch|p2a: Ferrothorn|Ferrothorn, M|100/100
|-damage|p2a: Ferrothorn|88/100|[from] Spikes
|move|p1a: Weavile|Knock Off|p2a: Ferrothorn
|-damage|p2a: Ferrothorn|53/100
|-damage|p1a: Weavile|20/100|[from] ability: Iron Barbs|[of] p2a: Ferrothorn
|-enditem|p2a: Ferrothorn|Leftovers|[from] move: Knock Off|[of] p1a: Weavile
|
|-weather|none
|upkeep
|turn|14
|
|t:|1660508284
|switch|p1a: Heatran|Heatran, M|100/100
|-damage|p1a: Heatran|88/100|[from] Stealth Rock
|move|p2a: Ferrothorn|Leech Seed|p1a: Heatran
|-start|p1a: Heatran|move: Leech Seed
|
|-heal|p1a: Heatran|94/100|[from] item: Leftovers
|-damage|p1a: Heatran|82/100|[from] Leech Seed|[of] p2a: Ferrothorn
|-heal|p2a: Ferrothorn|67/100|[silent]
|upkeep
|turn|15
|
|t:|1660508292
|switch|p1a: Skarmory|Skarmory, M|79/100
|-damage|p1a: Skarmory|67/100|[from] Stealth Rock
|switch|p2a: Urshifu|Urshifu-Rapid-Strike, F|100/100
|-damage|p2a: Urshifu|88/100|[from] Spikes
|
|upkeep
|turn|16
|
|t:|1660508295
|move|p2a: Urshifu|Taunt|p1a: Skarmory
|-start|p1a: Skarmory|move: Taunt
|cant|p1a: Skarmory|move: Taunt|Roost
|
|upkeep
|turn|17
|j| LT93OQ Bee
|
|t:|1660508303
|switch|p1a: Toxapex|Toxapex, M|73/100
|-damage|p1a: Toxapex|61/100|[from] Stealth Rock
|move|p2a: Urshifu|U-turn|p1a: Toxapex
|-resisted|p1a: Toxapex
|-damage|p1a: Toxapex|53/100
|
|t:|1660508306
|switch|p2a: Tapu Lele|Tapu Lele, shiny|100/100|[from]move: U-turn
|-damage|p2a: Tapu Lele|88/100|[from] Spikes
|-fieldstart|move: Psychic Terrain|[from] ability: Psychic Surge|[of] p2a: Tapu Lele
|
|upkeep
|turn|18
|
|t:|1660508314
|switch|p1a: Heatran|Heatran, M|82/100
|-damage|p1a: Heatran|69/100|[from] Stealth Rock
|move|p2a: Tapu Lele|Thunderbolt|p1a: Heatran
|-damage|p1a: Heatran|51/100
|
|-heal|p1a: Heatran|57/100|[from] item: Leftovers
|upkeep
|turn|19
|
|t:|1660508324
|switch|p2a: Urshifu|Urshifu-Rapid-Strike, F|88/100
|-damage|p2a: Urshifu|76/100|[from] Spikes
|move|p1a: Heatran|Stealth Rock|p2a: Urshifu
|-sidestart|p2: Stads|move: Stealth Rock
|
|-heal|p1a: Heatran|63/100|[from] item: Leftovers
|upkeep
|turn|20
|
|t:|1660508353
|switch|p1a: Gastrodon|Gastrodon-East, F|75/100
|-damage|p1a: Gastrodon|69/100|[from] Stealth Rock
|move|p2a: Urshifu|Close Combat|p1a: Gastrodon
|-damage|p1a: Gastrodon|0 fnt
|-unboost|p2a: Urshifu|def|1
|-unboost|p2a: Urshifu|spd|1
|faint|p1a: Gastrodon
|
|upkeep
|
|t:|1660508359
|switch|p1a: Dragapult|Dragapult, M|100/100
|turn|21
|
|t:|1660508364
|move|p1a: Dragapult|Thunder Wave|p2a: Urshifu
|-status|p2a: Urshifu|par
|move|p2a: Urshifu|U-turn|p1a: Dragapult
|-resisted|p1a: Dragapult
|-damage|p1a: Dragapult|86/100
|j| PLZ Don't Machoke
|
|t:|1660508370
|switch|p2a: Ferrothorn|Ferrothorn, M|67/100|[from]move: U-turn
|-damage|p2a: Ferrothorn|54/100|[from] Spikes
|-damage|p2a: Ferrothorn|48/100|[from] Stealth Rock
|
|-fieldend|move: Psychic Terrain
|upkeep
|turn|22
|j| Giga Volts
|
|t:|1660508374
|switch|p1a: Heatran|Heatran, M|63/100
|-damage|p1a: Heatran|51/100|[from] Stealth Rock
|move|p2a: Ferrothorn|Knock Off|p1a: Heatran
|-damage|p1a: Heatran|33/100
|-enditem|p1a: Heatran|Leftovers|[from] move: Knock Off|[of] p2a: Ferrothorn
|
|upkeep
|turn|23
|
|t:|1660508377
|move|p1a: Heatran|Magma Storm|p2a: Ferrothorn|[miss]
|-miss|p1a: Heatran|p2a: Ferrothorn
|move|p2a: Ferrothorn|Body Press|p1a: Heatran
|-supereffective|p1a: Heatran
|-damage|p1a: Heatran|0 fnt
|faint|p1a: Heatran
|
|upkeep
|l| Giga Volts
|
|t:|1660508386
|switch|p1a: Skarmory|Skarmory, M|67/100
|-damage|p1a: Skarmory|55/100|[from] Stealth Rock
|turn|24
|
|t:|1660508393
|move|p1a: Skarmory|Roost|p1a: Skarmory
|-heal|p1a: Skarmory|100/100
|-singleturn|p1a: Skarmory|move: Roost
|move|p2a: Ferrothorn|Leech Seed|p1a: Skarmory
|-start|p1a: Skarmory|move: Leech Seed
|
|-damage|p1a: Skarmory|88/100|[from] Leech Seed|[of] p2a: Ferrothorn
|-heal|p2a: Ferrothorn|60/100|[silent]
|upkeep
|turn|25
|
|t:|1660508396
|move|p1a: Skarmory|Body Press|p2a: Ferrothorn
|-supereffective|p2a: Ferrothorn
|-damage|p2a: Ferrothorn|18/100
|-damage|p1a: Skarmory|76/100|[from] ability: Iron Barbs|[of] p2a: Ferrothorn
|move|p2a: Ferrothorn|Knock Off|p1a: Skarmory
|-damage|p1a: Skarmory|62/100
|-damage|p2a: Ferrothorn|2/100|[from] item: Rocky Helmet|[of] p1a: Skarmory
|-enditem|p1a: Skarmory|Rocky Helmet|[from] move: Knock Off|[of] p2a: Ferrothorn
|
|-damage|p1a: Skarmory|50/100|[from] Leech Seed|[of] p2a: Ferrothorn
|-heal|p2a: Ferrothorn|14/100|[silent]
|upkeep
|turn|26
|l| brosevelt
|
|t:|1660508404
|move|p1a: Skarmory|Roost|p1a: Skarmory
|-heal|p1a: Skarmory|99/100
|-singleturn|p1a: Skarmory|move: Roost
|move|p2a: Ferrothorn|Body Press|p1a: Skarmory
|-supereffective|p1a: Skarmory
|-damage|p1a: Skarmory|69/100
|
|-damage|p1a: Skarmory|57/100|[from] Leech Seed|[of] p2a: Ferrothorn
|-heal|p2a: Ferrothorn|25/100|[silent]
|upkeep
|turn|27
|
|t:|1660508407
|switch|p2a: Zapdos|Zapdos|94/100
|move|p1a: Skarmory|Body Press|p2a: Zapdos
|-resisted|p2a: Zapdos
|-damage|p2a: Zapdos|81/100
|-status|p1a: Skarmory|par|[from] ability: Static|[of] p2a: Zapdos
|
|-damage|p1a: Skarmory|45/100 par|[from] Leech Seed|[of] p2a: Zapdos
|-heal|p2a: Zapdos|92/100|[silent]
|upkeep
|turn|28
|
|t:|1660508412
|switch|p1a: Dragapult|Dragapult, M|86/100
|move|p2a: Zapdos|Heat Wave|p1a: Dragapult
|-resisted|p1a: Dragapult
|-damage|p1a: Dragapult|69/100
|
|upkeep
|turn|29
|
|t:|1660508417
|move|p1a: Dragapult|Hex|p2a: Zapdos
|-damage|p2a: Zapdos|66/100
|move|p2a: Zapdos|Hurricane|p1a: Dragapult
|-damage|p1a: Dragapult|11/100
|-start|p1a: Dragapult|confusion
|
|upkeep
|turn|30
|
|t:|1660508422
|switch|p1a: Weavile|Weavile, F|20/100
|move|p2a: Zapdos|Roost|p2a: Zapdos
|-heal|p2a: Zapdos|100/100
|-singleturn|p2a: Zapdos|move: Roost
|
|upkeep
|turn|31
|
|t:|1660508428
|switch|p2a: Ferrothorn|Ferrothorn, M|25/100
|-damage|p2a: Ferrothorn|13/100|[from] Spikes
|-damage|p2a: Ferrothorn|7/100|[from] Stealth Rock
|move|p1a: Weavile|Swords Dance|p1a: Weavile
|-boost|p1a: Weavile|atk|2
|
|upkeep
|turn|32
|
|t:|1660508431
|move|p1a: Weavile|Ice Shard|p2a: Ferrothorn
|-damage|p2a: Ferrothorn|0 fnt
|faint|p2a: Ferrothorn
|
|upkeep
|j| guiflo
|
|t:|1660508435
|switch|p2a: Tapu Lele|Tapu Lele, shiny|88/100
|-damage|p2a: Tapu Lele|76/100|[from] Spikes
|-damage|p2a: Tapu Lele|63/100|[from] Stealth Rock
|-fieldstart|move: Psychic Terrain|[from] ability: Psychic Surge|[of] p2a: Tapu Lele
|turn|33
|
|t:|1660508442
|move|p2a: Tapu Lele|Thunderbolt|p1a: Weavile
|-damage|p1a: Weavile|0 fnt
|faint|p1a: Weavile
|
|upkeep
|-message|LT93OQ ouille forfeited.
|
|win|Stads
|raw|LT93OQ ouille's rating: 1774 &rarr; <strong>1757</strong><br />(-17 for losing)
|raw|Stads's rating: 1834 &rarr; <strong>1851</strong><br />(+17 for winning)
|l|☆LT93OQ ouille
|l|☆Stads
