|raw|<div class="broadcast-blue"><strong>This battle is required to be public due to a player having a name prefixed by 'LT71LX'.</div>
|j|☆LT71LX fardin
|j|☆Ayante
|t:|1597121342
|player|p1|LT71LX fardin|170|1805
|player|p2|Ayante|koga|1750
|teamsize|p1|6
|teamsize|p2|6
|gametype|singles
|gen|8
|tier|[Gen 8] OU
|rated|
|clearpoke
|poke|p1|Pelipper, M|
|poke|p1|Ferrothorn, M|
|poke|p1|Kingdra, M|
|poke|p1|Urshifu-*, F|
|poke|p1|Clefable, M|
|poke|p1|Kyurem|
|poke|p2|Urshifu-*, M|
|poke|p2|Diggersby, F|
|poke|p2|Volcarona, M|
|poke|p2|Primarina, F|
|poke|p2|Dragapult, F|
|poke|p2|Corviknight, F|
|rule|Sleep Clause Mod: Limit one foe put to sleep
|rule|Species Clause: Limit one of each Pokémon
|rule|OHKO Clause: OHKO moves are banned
|rule|Evasion Moves Clause: Evasion moves are banned
|rule|Endless Battle Clause: Forcing endless battles is banned
|rule|HP Percentage Mod: HP is shown in percentages
|rule|Dynamax Clause: You cannot dynamax
|teampreview
|
|t:|1597121365
|start
|switch|p1a: Urshifu|Urshifu-Rapid-Strike, F|100/100
|switch|p2a: Diggersby|Diggersby, F|100/100
|turn|1
|
|t:|1597121372
|switch|p2a: Primarina|Primarina, F|100/100
|move|p1a: Urshifu|Surging Strikes|p2a: Primarina
|-resisted|p2a: Primarina
|-crit|p2a: Primarina
|-damage|p2a: Primarina|88/100
|-resisted|p2a: Primarina
|-crit|p2a: Primarina
|-damage|p2a: Primarina|75/100
|-resisted|p2a: Primarina
|-crit|p2a: Primarina
|-damage|p2a: Primarina|62/100
|-hitcount|p2a: Primarina|3
|
|-heal|p2a: Primarina|68/100|[from] item: Leftovers
|upkeep
|turn|2
|
|t:|1597121385
|switch|p1a: Pelipper|Pelipper, M|100/100
|-weather|RainDance|[from] ability: Drizzle|[of] p1a: Pelipper
|move|p2a: Primarina|Calm Mind|p2a: Primarina
|-boost|p2a: Primarina|spa|1
|-boost|p2a: Primarina|spd|1
|
|-weather|RainDance|[upkeep]
|-heal|p2a: Primarina|74/100|[from] item: Leftovers
|upkeep
|turn|3
|
|t:|1597121395
|move|p1a: Pelipper|U-turn|p2a: Primarina
|-resisted|p2a: Primarina
|-damage|p2a: Primarina|71/100
|
|t:|1597121399
|switch|p1a: Ferrothorn|Ferrothorn, M|100/100|[from]move: U-turn
|move|p2a: Primarina|Draining Kiss|p1a: Ferrothorn
|-resisted|p1a: Ferrothorn
|-damage|p1a: Ferrothorn|88/100
|-heal|p2a: Primarina|80/100|[from] drain|[of] p1a: Ferrothorn
|-damage|p2a: Primarina|67/100|[from] ability: Iron Barbs|[of] p1a: Ferrothorn
|
|-weather|RainDance|[upkeep]
|-heal|p2a: Primarina|74/100|[from] item: Leftovers
|-heal|p1a: Ferrothorn|95/100|[from] item: Leftovers
|upkeep
|turn|4
|
|t:|1597121414
|switch|p1a: Kyurem|Kyurem|100/100
|-ability|p1a: Kyurem|Pressure
|move|p2a: Primarina|Substitute|p2a: Primarina
|-start|p2a: Primarina|Substitute
|-damage|p2a: Primarina|49/100
|
|-weather|RainDance|[upkeep]
|-heal|p2a: Primarina|55/100|[from] item: Leftovers
|upkeep
|turn|5
|
|t:|1597121425
|move|p1a: Kyurem|Freeze-Dry|p2a: Primarina
|-supereffective|p2a: Primarina
|-end|p2a: Primarina|Substitute
|move|p2a: Primarina|Draining Kiss|p1a: Kyurem
|-supereffective|p1a: Kyurem
|-damage|p1a: Kyurem|42/100
|-heal|p2a: Primarina|100/100|[from] drain|[of] p1a: Kyurem
|
|-weather|RainDance|[upkeep]
|upkeep
|turn|6
|
|t:|1597121436
|move|p1a: Kyurem|Freeze-Dry|p2a: Primarina
|-supereffective|p2a: Primarina
|-damage|p2a: Primarina|41/100
|-status|p2a: Primarina|frz
|cant|p2a: Primarina|frz
|
|-weather|RainDance|[upkeep]
|-heal|p2a: Primarina|47/100 frz|[from] item: Leftovers
|upkeep
|turn|7
|
|t:|1597121447
|switch|p1a: Kingdra|Kingdra, M|100/100
|switch|p2a: Corviknight|Corviknight, F|100/100
|-ability|p2a: Corviknight|Pressure
|
|-weather|RainDance|[upkeep]
|upkeep
|turn|8
|
|t:|1597121457
|move|p1a: Kingdra|Surf|p2a: Corviknight
|-damage|p2a: Corviknight|39/100
|move|p2a: Corviknight|Roost|p2a: Corviknight
|-heal|p2a: Corviknight|89/100
|-singleturn|p2a: Corviknight|move: Roost
|
|-weather|RainDance|[upkeep]
|upkeep
|turn|9
|
|t:|1597121468
|move|p1a: Kingdra|Surf|p2a: Corviknight
|-damage|p2a: Corviknight|22/100
|move|p2a: Corviknight|Roost|p2a: Corviknight
|-heal|p2a: Corviknight|72/100
|-singleturn|p2a: Corviknight|move: Roost
|
|-weather|none
|upkeep
|turn|10
|
|t:|1597121477
|switch|p1a: Pelipper|Pelipper, M|100/100
|-weather|RainDance|[from] ability: Drizzle|[of] p1a: Pelipper
|switch|p2a: Primarina|Primarina, F|47/100 frz
|
|-weather|RainDance|[upkeep]
|-heal|p2a: Primarina|53/100 frz|[from] item: Leftovers
|upkeep
|turn|11
|j| lt71lx bacon
|
|t:|1597121487
|move|p1a: Pelipper|Hurricane|p2a: Primarina
|-damage|p2a: Primarina|25/100 frz
|cant|p2a: Primarina|frz
|
|-weather|RainDance|[upkeep]
|-heal|p2a: Primarina|31/100 frz|[from] item: Leftovers
|upkeep
|turn|12
|
|t:|1597121496
|move|p1a: Pelipper|U-turn|p2a: Primarina
|-resisted|p2a: Primarina
|-damage|p2a: Primarina|28/100 frz
|
|t:|1597121501
|switch|p1a: Kingdra|Kingdra, M|100/100|[from]move: U-turn
|cant|p2a: Primarina|frz
|
|-weather|RainDance|[upkeep]
|-heal|p2a: Primarina|34/100 frz|[from] item: Leftovers
|upkeep
|turn|13
|
|t:|1597121516
|switch|p2a: Dragapult|Dragapult, F|100/100
|move|p1a: Kingdra|Surf|p2a: Dragapult
|-resisted|p2a: Dragapult
|-damage|p2a: Dragapult|32/100
|
|-weather|RainDance|[upkeep]
|upkeep
|turn|14
|
|t:|1597121524
|move|p2a: Dragapult|Dragon Darts|p1a: Kingdra
|-supereffective|p1a: Kingdra
|-damage|p1a: Kingdra|28/100
|-anim|p2a: Dragapult|Dragon Darts|p1a: Kingdra
|-supereffective|p1a: Kingdra
|-damage|p1a: Kingdra|0 fnt
|faint|p1a: Kingdra
|
|-weather|RainDance|[upkeep]
|upkeep
|
|t:|1597121528
|switch|p1a: Clefable|Clefable, M|100/100
|turn|15
|
|t:|1597121562
|move|p2a: Dragapult|Dragon Darts|p1a: Clefable
|-immune|p1a: Clefable
|move|p1a: Clefable|Teleport|p1a: Clefable
|
|t:|1597121574
|switch|p1a: Ferrothorn|Ferrothorn, M|95/100|[from]move: Teleport
|
|-weather|RainDance|[upkeep]
|-heal|p1a: Ferrothorn|100/100|[from] item: Leftovers
|upkeep
|turn|16
|
|t:|1597121599
|switch|p2a: Urshifu|Urshifu, M|100/100
|move|p1a: Ferrothorn|Stealth Rock|p2a: Urshifu
|-sidestart|p2: Ayante|move: Stealth Rock
|
|-weather|RainDance|[upkeep]
|upkeep
|turn|17
|
|t:|1597121606
|move|p2a: Urshifu|Bulk Up|p2a: Urshifu
|-boost|p2a: Urshifu|atk|1
|-boost|p2a: Urshifu|def|1
|move|p1a: Ferrothorn|Body Press|p2a: Urshifu
|-supereffective|p2a: Urshifu
|-crit|p2a: Urshifu
|-damage|p2a: Urshifu|5/100
|
|-weather|none
|upkeep
|turn|18
|
|t:|1597121621
|switch|p1a: Clefable|Clefable, M|100/100
|move|p2a: Urshifu|Wicked Blow|p1a: Clefable
|-resisted|p1a: Clefable
|-crit|p1a: Clefable
|-damage|p1a: Clefable|53/100
|-damage|p2a: Urshifu|0 fnt|[from] item: Life Orb
|faint|p2a: Urshifu
|
|-heal|p1a: Clefable|59/100|[from] item: Leftovers
|upkeep
|
|t:|1597121633
|switch|p2a: Diggersby|Diggersby, F|100/100
|-damage|p2a: Diggersby|94/100|[from] Stealth Rock
|turn|19
|
|t:|1597121642
|switch|p1a: Pelipper|Pelipper, M|100/100
|-weather|RainDance|[from] ability: Drizzle|[of] p1a: Pelipper
|move|p2a: Diggersby|Mega Kick|p1a: Pelipper
|-damage|p1a: Pelipper|16/100
|-damage|p2a: Diggersby|84/100|[from] item: Life Orb
|
|-weather|RainDance|[upkeep]
|upkeep
|turn|20
|
|t:|1597121652
|move|p2a: Diggersby|Quick Attack|p1a: Pelipper
|-damage|p1a: Pelipper|0 fnt
|-damage|p2a: Diggersby|74/100|[from] item: Life Orb
|faint|p1a: Pelipper
|
|-weather|RainDance|[upkeep]
|upkeep
|
|t:|1597121654
|switch|p1a: Urshifu|Urshifu-Rapid-Strike, F|100/100
|turn|21
|
|t:|1597121682
|move|p2a: Diggersby|Quick Attack|p1a: Urshifu
|-damage|p1a: Urshifu|64/100
|-damage|p2a: Diggersby|64/100|[from] item: Life Orb
|move|p1a: Urshifu|Surging Strikes|p2a: Diggersby
|-supereffective|p2a: Diggersby
|-crit|p2a: Diggersby
|-damage|p2a: Diggersby|0 fnt
|-hitcount|p2a: Diggersby|1
|faint|p2a: Diggersby
|
|-weather|RainDance|[upkeep]
|upkeep
|
|t:|1597121713
|switch|p2a: Dragapult|Dragapult, F|32/100
|-damage|p2a: Dragapult|19/100|[from] Stealth Rock
|turn|22
|
|t:|1597121738
|switch|p1a: Clefable|Clefable, M|59/100
|move|p2a: Dragapult|Dragon Darts|p1a: Clefable
|-immune|p1a: Clefable
|
|-weather|RainDance|[upkeep]
|-heal|p1a: Clefable|65/100|[from] item: Leftovers
|upkeep
|turn|23
|
|t:|1597121746
|switch|p2a: Corviknight|Corviknight, F|72/100
|-damage|p2a: Corviknight|59/100|[from] Stealth Rock
|-ability|p2a: Corviknight|Pressure
|move|p1a: Clefable|Teleport|p1a: Clefable
|
|t:|1597121747
|switch|p1a: Urshifu|Urshifu-Rapid-Strike, F|64/100|[from]move: Teleport
|
|-weather|RainDance|[upkeep]
|upkeep
|turn|24
|
|t:|1597121763
|switch|p2a: Primarina|Primarina, F|34/100 frz
|-damage|p2a: Primarina|21/100 frz|[from] Stealth Rock
|move|p1a: Urshifu|Surging Strikes|p2a: Primarina
|-resisted|p2a: Primarina
|-crit|p2a: Primarina
|-damage|p2a: Primarina|1/100 frz
|-resisted|p2a: Primarina
|-crit|p2a: Primarina
|-damage|p2a: Primarina|0 fnt
|-hitcount|p2a: Primarina|2
|faint|p2a: Primarina
|
|-weather|RainDance|[upkeep]
|upkeep
|
|t:|1597121778
|switch|p2a: Dragapult|Dragapult, F|19/100
|-damage|p2a: Dragapult|7/100|[from] Stealth Rock
|turn|25
|
|t:|1597121788
|switch|p1a: Ferrothorn|Ferrothorn, M|100/100
|move|p2a: Dragapult|Will-O-Wisp|p1a: Ferrothorn
|-status|p1a: Ferrothorn|brn
|
|-weather|RainDance|[upkeep]
|-damage|p1a: Ferrothorn|94/100 brn|[from] brn
|upkeep
|turn|26
|
|t:|1597121797
|switch|p2a: Corviknight|Corviknight, F|59/100
|-damage|p2a: Corviknight|47/100|[from] Stealth Rock
|-ability|p2a: Corviknight|Pressure
|move|p1a: Ferrothorn|Leech Seed|p2a: Corviknight
|-start|p2a: Corviknight|move: Leech Seed
|
|-weather|none
|-heal|p1a: Ferrothorn|100/100 brn|[from] item: Leftovers
|-damage|p2a: Corviknight|34/100|[from] Leech Seed|[of] p1a: Ferrothorn
|-damage|p1a: Ferrothorn|94/100 brn|[from] brn
|upkeep
|turn|27
|
|t:|1597121809
|switch|p1a: Kyurem|Kyurem|42/100
|-ability|p1a: Kyurem|Pressure
|move|p2a: Corviknight|Roost|p2a: Corviknight
|-heal|p2a: Corviknight|84/100
|-singleturn|p2a: Corviknight|move: Roost
|
|-damage|p2a: Corviknight|72/100|[from] Leech Seed|[of] p1a: Kyurem
|-heal|p1a: Kyurem|55/100|[silent]
|upkeep
|turn|28
|
|t:|1597121825
|switch|p2a: Volcarona|Volcarona, M|100/100
|move|p1a: Kyurem|Ice Beam|p2a: Volcarona
|-resisted|p2a: Volcarona
|-crit|p2a: Volcarona
|-damage|p2a: Volcarona|50/100
|
|upkeep
|turn|29
|
|t:|1597121838
|move|p1a: Kyurem|Ice Beam|p2a: Volcarona
|-resisted|p2a: Volcarona
|-damage|p2a: Volcarona|18/100
|move|p2a: Volcarona|Roost|p2a: Volcarona
|-heal|p2a: Volcarona|68/100
|-singleturn|p2a: Volcarona|move: Roost
|
|upkeep
|turn|30
|
|t:|1597121851
|move|p1a: Kyurem|Ice Beam|p2a: Volcarona
|-resisted|p2a: Volcarona
|-damage|p2a: Volcarona|36/100
|-status|p2a: Volcarona|frz
|-curestatus|p2a: Volcarona|frz|[msg]
|move|p2a: Volcarona|Quiver Dance|p2a: Volcarona
|-boost|p2a: Volcarona|spa|1
|-boost|p2a: Volcarona|spd|1
|-boost|p2a: Volcarona|spe|1
|
|upkeep
|turn|31
|
|t:|1597121862
|move|p2a: Volcarona|Roost|p2a: Volcarona
|-heal|p2a: Volcarona|87/100
|-singleturn|p2a: Volcarona|move: Roost
|move|p1a: Kyurem|Ice Beam|p2a: Volcarona
|-resisted|p2a: Volcarona
|-damage|p2a: Volcarona|67/100
|
|upkeep
|turn|32
|
|t:|1597121869
|switch|p1a: Ferrothorn|Ferrothorn, M|94/100 brn
|move|p2a: Volcarona|Quiver Dance|p2a: Volcarona
|-boost|p2a: Volcarona|spa|1
|-boost|p2a: Volcarona|spd|1
|-boost|p2a: Volcarona|spe|1
|
|-heal|p1a: Ferrothorn|100/100 brn|[from] item: Leftovers
|-damage|p1a: Ferrothorn|94/100 brn|[from] brn
|upkeep
|turn|33
|
|t:|1597121880
|move|p2a: Volcarona|Safeguard|p2a: Volcarona
|-sidestart|p2: Ayante|Safeguard
|move|p1a: Ferrothorn|Leech Seed|p2a: Volcarona
|-start|p2a: Volcarona|move: Leech Seed
|
|-heal|p1a: Ferrothorn|100/100 brn|[from] item: Leftovers
|-damage|p2a: Volcarona|55/100|[from] Leech Seed|[of] p1a: Ferrothorn
|-damage|p1a: Ferrothorn|94/100 brn|[from] brn
|upkeep
|turn|34
|
|t:|1597121890
|move|p2a: Volcarona|Quiver Dance|p2a: Volcarona
|-boost|p2a: Volcarona|spa|1
|-boost|p2a: Volcarona|spd|1
|-boost|p2a: Volcarona|spe|1
|move|p1a: Ferrothorn|Knock Off|p2a: Volcarona
|-damage|p2a: Volcarona|45/100
|-enditem|p2a: Volcarona|Heavy-Duty Boots|[from] move: Knock Off|[of] p1a: Ferrothorn
|
|-heal|p1a: Ferrothorn|100/100 brn|[from] item: Leftovers
|-damage|p2a: Volcarona|33/100|[from] Leech Seed|[of] p1a: Ferrothorn
|-damage|p1a: Ferrothorn|94/100 brn|[from] brn
|upkeep
|turn|35
|
|t:|1597121902
|switch|p1a: Clefable|Clefable, M|65/100
|move|p2a: Volcarona|Roost|p2a: Volcarona
|-heal|p2a: Volcarona|83/100
|-singleturn|p2a: Volcarona|move: Roost
|
|-heal|p1a: Clefable|71/100|[from] item: Leftovers
|-damage|p2a: Volcarona|71/100|[from] Leech Seed|[of] p1a: Clefable
|-heal|p1a: Clefable|83/100|[silent]
|upkeep
|turn|36
|
|t:|1597121914
|move|p2a: Volcarona|Flamethrower|p1a: Clefable
|-damage|p1a: Clefable|0 fnt
|faint|p1a: Clefable
|
|upkeep
|
|t:|1597121915
|switch|p1a: Urshifu|Urshifu-Rapid-Strike, F|64/100
|turn|37
|
|t:|1597121921
|move|p1a: Urshifu|Aqua Jet|p2a: Volcarona
|-supereffective|p2a: Volcarona
|-damage|p2a: Volcarona|12/100
|move|p2a: Volcarona|Flamethrower|p1a: Urshifu
|-resisted|p1a: Urshifu
|-damage|p1a: Urshifu|0 fnt
|faint|p1a: Urshifu
|
|-sideend|p2: Ayante|Safeguard
|upkeep
|
|t:|1597121927
|switch|p1a: Kyurem|Kyurem|55/100
|-ability|p1a: Kyurem|Pressure
|turn|38
|
|t:|1597121937
|move|p2a: Volcarona|Flamethrower|p1a: Kyurem
|-damage|p1a: Kyurem|0 fnt
|faint|p1a: Kyurem
|
|upkeep
|-message|LT71LX fardin forfeited.
|
|win|Ayante
|l|☆LT71LX fardin
|raw|LT71LX fardin's rating: 1805 &rarr; <strong>1782</strong><br />(-23 for losing)
|raw|Ayante's rating: 1750 &rarr; <strong>1773</strong><br />(+23 for winning)
