|j|☆YUNG TOASTER BREAD
|j|☆StillV$VP
|t:|1651874031
|gametype|singles
|player|p1|YUNG TOASTER BREAD|bruno|1595
|player|p2|StillV$VP|emmet|1591
|teamsize|p1|6
|teamsize|p2|6
|gen|8
|tier|[Gen 8] OU
|rated|
|rule|Sleep Clause Mod: Limit one foe put to sleep
|rule|Species Clause: Limit one of each Pokémon
|rule|OHKO Clause: OHKO moves are banned
|rule|Evasion Moves Clause: Evasion moves are banned
|rule|Endless Battle Clause: Forcing endless battles is banned
|rule|HP Percentage Mod: HP is shown in percentages
|rule|Dynamax Clause: You cannot dynamax
|clearpoke
|poke|p1|Slowking-Galar, F|
|poke|p1|Hippowdon, M|
|poke|p1|Kartana|
|poke|p1|Moltres|
|poke|p1|Zeraora|
|poke|p1|Tapu Fini|
|poke|p2|Chansey, F|
|poke|p2|Volcanion|
|poke|p2|Garchomp, M|
|poke|p2|Weavile, F|
|poke|p2|Corviknight, F|
|poke|p2|Buzzwole|
|teampreview
|inactive|Battle timer is ON: inactive players will automatically lose when time's up. (requested by StillV$VP)
|
|t:|1651874076
|start
|switch|p1a: Tapu Fini|Tapu Fini|100/100
|switch|p2a: KGB|Volcanion|100/100
|-fieldstart|move: Misty Terrain|[from] ability: Misty Surge|[of] p1a: Tapu Fini
|turn|1
|
|t:|1651874086
|switch|p1a: Slowking|Slowking-Galar, F, shiny|100/100
|move|p2a: KGB|Steam Eruption|p1a: Slowking
|-damage|p1a: Slowking|25/100
|
|upkeep
|turn|2
|
|t:|1651874091
|switch|p1a: Tapu Fini|Tapu Fini|100/100
|move|p2a: KGB|Steam Eruption|p1a: Tapu Fini
|-resisted|p1a: Tapu Fini
|-damage|p1a: Tapu Fini|54/100
|
|upkeep
|turn|3
|
|t:|1651874099
|move|p1a: Tapu Fini|Nature's Madness|p2a: KGB
|-damage|p2a: KGB|50/100
|move|p2a: KGB|Steam Eruption|p1a: Tapu Fini
|-resisted|p1a: Tapu Fini
|-damage|p1a: Tapu Fini|14/100
|
|upkeep
|turn|4
|
|t:|1651874103
|move|p1a: Tapu Fini|Nature's Madness|p2a: KGB
|-damage|p2a: KGB|25/100
|move|p2a: KGB|Steam Eruption|p1a: Tapu Fini
|-resisted|p1a: Tapu Fini
|-damage|p1a: Tapu Fini|0 fnt
|faint|p1a: Tapu Fini
|
|upkeep
|
|t:|1651874114
|switch|p1a: Kartana|Kartana|100/100
|turn|5
|
|t:|1651874119
|switch|p2a: Rasheda|Corviknight, F|100/100
|-ability|p2a: Rasheda|Pressure
|move|p1a: Kartana|Knock Off|p2a: Rasheda
|-damage|p2a: Rasheda|72/100
|-enditem|p2a: Rasheda|Rocky Helmet|[from] move: Knock Off|[of] p1a: Kartana
|
|-fieldend|Misty Terrain
|upkeep
|turn|6
|
|t:|1651874127
|switch|p1a: Moltres|Moltres|100/100
|move|p2a: Rasheda|U-turn|p1a: Moltres
|-resisted|p1a: Moltres
|-damage|p1a: Moltres|98/100
|
|t:|1651874132
|switch|p2a: Tickle me|Chansey, F|100/100|[from]move: U-turn
|
|upkeep
|turn|7
|
|t:|1651874135
|move|p1a: Moltres|U-turn|p2a: Tickle me
|-damage|p2a: Tickle me|91/100
|
|t:|1651874145
|switch|p1a: Slowking|Slowking-Galar, F, shiny|59/100|[from]move: U-turn
|move|p2a: Tickle me|Teleport|p2a: Tickle me
|
|t:|1651874149
|switch|p2a: KGB|Volcanion|25/100|[from]move: Teleport
|
|upkeep
|turn|8
|
|t:|1651874171
|switch|p1a: Moltres|Moltres|98/100
|move|p2a: KGB|Steam Eruption|p1a: Moltres
|-supereffective|p1a: Moltres
|-damage|p1a: Moltres|0 fnt
|faint|p1a: Moltres
|
|upkeep
|
|t:|1651874174
|switch|p1a: Kartana|Kartana|100/100
|turn|9
|
|t:|1651874181
|switch|p2a: Rasheda|Corviknight, F|72/100
|-ability|p2a: Rasheda|Pressure
|move|p1a: Kartana|Knock Off|p2a: Rasheda
|-damage|p2a: Rasheda|53/100
|
|upkeep
|turn|10
|
|t:|1651874187
|move|p1a: Kartana|Swords Dance|p1a: Kartana
|-boost|p1a: Kartana|atk|2
|move|p2a: Rasheda|U-turn|p1a: Kartana
|-damage|p1a: Kartana|86/100
|
|t:|1651874196
|switch|p2a: Club Security|Buzzwole, shiny|100/100|[from]move: U-turn
|
|upkeep
|turn|11
|
|t:|1651874203
|switch|p1a: Slowking|Slowking-Galar, F, shiny|92/100
|move|p2a: Club Security|Close Combat|p1a: Slowking
|-resisted|p1a: Slowking
|-damage|p1a: Slowking|62/100
|-unboost|p2a: Club Security|def|1
|-unboost|p2a: Club Security|spd|1
|
|upkeep
|turn|12
|
|t:|1651874209
|switch|p2a: KGB|Volcanion|25/100
|move|p1a: Slowking|Hydro Pump|p2a: KGB
|-heal|p2a: KGB|50/100|[from] ability: Water Absorb|[of] p1a: Slowking
|
|upkeep
|turn|13
|-message|YUNG TOASTER BREAD forfeited.
|
|win|StillV$VP
|raw|YUNG TOASTER BREAD's rating: 1595 &rarr; <strong>1575</strong><br />(-20 for losing)
|raw|StillV$VP's rating: 1591 &rarr; <strong>1611</strong><br />(+20 for winning)
|l|☆YUNG TOASTER BREAD
||Ladder isn't responding, score probably updated but might not have (Request timeout).
