|j|☆fzplay_pokemon
|j|☆BillionthLadderAlt
|t:|1667996126
|gametype|singles
|player|p1|fzplay_pokemon|2|1593
|player|p2|BillionthLadderAlt|guitarist-gen4|1725
|teamsize|p1|6
|teamsize|p2|6
|gen|8
|tier|[Gen 8] OU
|rated|
|rule|Sleep Clause Mod: Limit one foe put to sleep
|rule|Species Clause: Limit one of each Pokémon
|rule|OHKO Clause: OHKO moves are banned
|rule|Evasion Items Clause: Evasion items are banned
|rule|Evasion Moves Clause: Evasion moves are banned
|rule|Endless Battle Clause: Forcing endless battles is banned
|rule|HP Percentage Mod: HP is shown in percentages
|rule|Dynamax Clause: You cannot dynamax
|clearpoke
|poke|p1|Rillaboom, M|
|poke|p1|Tornadus-Therian, M|
|poke|p1|Blaziken, F|
|poke|p1|Melmetal|
|poke|p1|Garchomp, M|
|poke|p1|Slowbro, M|
|poke|p2|Sandaconda, M|
|poke|p2|Togekiss, M|
|poke|p2|Jirachi|
|poke|p2|Corviknight, M|
|poke|p2|Melmetal|
|poke|p2|Slowbro-Galar, M|
|teampreview
|inactive|Battle timer is ON: inactive players will automatically lose when time's up. (requested by BillionthLadderAlt)
|
|t:|1667996142
|start
|switch|p1a: Garchomp|Garchomp, M|100/100
|switch|p2a: Mr. Sandman|Sandaconda, M|100/100
|turn|1
|
|t:|1667996150
|move|p1a: Garchomp|Toxic|p2a: Mr. Sandman
|-status|p2a: Mr. Sandman|tox
|move|p2a: Mr. Sandman|Glare|p1a: Garchomp
|-status|p1a: Garchomp|par
|
|-damage|p2a: Mr. Sandman|94/100 tox|[from] psn
|upkeep
|turn|2
|
|t:|1667996154
|move|p2a: Mr. Sandman|Stealth Rock|p1a: Garchomp
|-sidestart|p1: fzplay_pokemon|move: Stealth Rock
|move|p1a: Garchomp|Stealth Rock|p2a: Mr. Sandman
|-sidestart|p2: BillionthLadderAlt|move: Stealth Rock
|
|-heal|p2a: Mr. Sandman|100/100 tox|[from] item: Leftovers
|-damage|p2a: Mr. Sandman|88/100 tox|[from] psn
|upkeep
|turn|3
|
|t:|1667996160
|move|p2a: Mr. Sandman|Earthquake|p1a: Garchomp
|-damage|p1a: Garchomp|71/100 par
|move|p1a: Garchomp|Toxic|p2a: Mr. Sandman|[miss]
|-miss|p1a: Garchomp|p2a: Mr. Sandman
|
|-heal|p2a: Mr. Sandman|94/100 tox|[from] item: Leftovers
|-heal|p1a: Garchomp|77/100 par|[from] item: Leftovers
|-damage|p2a: Mr. Sandman|76/100 tox|[from] psn
|upkeep
|turn|4
|
|t:|1667996165
|move|p1a: Garchomp|Protect|p1a: Garchomp
|-singleturn|p1a: Garchomp|Protect
|move|p2a: Mr. Sandman|Earthquake|p1a: Garchomp
|-activate|p1a: Garchomp|move: Protect
|
|-activate|p2a: Mr. Sandman|ability: Shed Skin
|-curestatus|p2a: Mr. Sandman|tox|[msg]
|-heal|p2a: Mr. Sandman|82/100|[from] item: Leftovers
|-heal|p1a: Garchomp|83/100 par|[from] item: Leftovers
|upkeep
|turn|5
|
|t:|1667996173
|move|p2a: Mr. Sandman|Earthquake|p1a: Garchomp
|-damage|p1a: Garchomp|51/100 par
|move|p1a: Garchomp|Toxic|p2a: Mr. Sandman
|-status|p2a: Mr. Sandman|tox
|
|-heal|p2a: Mr. Sandman|88/100 tox|[from] item: Leftovers
|-heal|p1a: Garchomp|57/100 par|[from] item: Leftovers
|-damage|p2a: Mr. Sandman|82/100 tox|[from] psn
|upkeep
|turn|6
|
|t:|1667996179
|move|p2a: Mr. Sandman|Earthquake|p1a: Garchomp
|-damage|p1a: Garchomp|28/100 par
|move|p1a: Garchomp|Earthquake|p2a: Mr. Sandman
|-damage|p2a: Mr. Sandman|45/100 tox
|
|-heal|p2a: Mr. Sandman|51/100 tox|[from] item: Leftovers
|-heal|p1a: Garchomp|34/100 par|[from] item: Leftovers
|-damage|p2a: Mr. Sandman|39/100 tox|[from] psn
|upkeep
|turn|7
|
|t:|1667996192
|move|p2a: Mr. Sandman|Rest|p2a: Mr. Sandman
|-status|p2a: Mr. Sandman|slp|[from] move: Rest
|-heal|p2a: Mr. Sandman|100/100 slp|[silent]
|move|p1a: Garchomp|Earthquake|p2a: Mr. Sandman
|-damage|p2a: Mr. Sandman|66/100 slp
|
|-heal|p2a: Mr. Sandman|72/100 slp|[from] item: Leftovers
|-heal|p1a: Garchomp|40/100 par|[from] item: Leftovers
|upkeep
|turn|8
|
|t:|1667996204
|switch|p1a: Melmetal|Melmetal|100/100
|-damage|p1a: Melmetal|94/100|[from] Stealth Rock
|cant|p2a: Mr. Sandman|slp
|
|-heal|p2a: Mr. Sandman|78/100 slp|[from] item: Leftovers
|-heal|p1a: Melmetal|100/100|[from] item: Leftovers
|upkeep
|turn|9
|
|t:|1667996214
|switch|p2a: Emo Dove|Corviknight, M|100/100
|-damage|p2a: Emo Dove|88/100|[from] Stealth Rock
|-ability|p2a: Emo Dove|Pressure
|move|p1a: Melmetal|Double Iron Bash|p2a: Emo Dove
|-resisted|p2a: Emo Dove
|-damage|p2a: Emo Dove|74/100
|-resisted|p2a: Emo Dove
|-damage|p2a: Emo Dove|62/100
|-hitcount|p2a: Emo Dove|2
|
|-heal|p2a: Emo Dove|68/100|[from] item: Leftovers
|upkeep
|turn|10
|
|t:|1667996221
|move|p2a: Emo Dove|Body Slam|p1a: Melmetal
|-resisted|p1a: Melmetal
|-damage|p1a: Melmetal|95/100
|move|p1a: Melmetal|Thunder Punch|p2a: Emo Dove
|-supereffective|p2a: Emo Dove
|-damage|p2a: Emo Dove|21/100
|-status|p2a: Emo Dove|par
|
|-heal|p1a: Melmetal|100/100|[from] item: Leftovers
|-heal|p2a: Emo Dove|28/100 par|[from] item: Leftovers
|upkeep
|turn|11
|
|t:|1667996232
|move|p1a: Melmetal|Double Iron Bash|p2a: Emo Dove
|-resisted|p2a: Emo Dove
|-damage|p2a: Emo Dove|16/100 par
|-resisted|p2a: Emo Dove
|-damage|p2a: Emo Dove|3/100 par
|-hitcount|p2a: Emo Dove|2
|cant|p2a: Emo Dove|flinch
|
|-heal|p2a: Emo Dove|9/100 par|[from] item: Leftovers
|upkeep
|turn|12
|
|t:|1667996240
|move|p1a: Melmetal|Double Iron Bash|p2a: Emo Dove
|-resisted|p2a: Emo Dove
|-damage|p2a: Emo Dove|0 fnt
|faint|p2a: Emo Dove
|-hitcount|p2: Emo Dove|1
|
|upkeep
|
|t:|1667996243
|switch|p2a: Bolt Beef|Melmetal|100/100
|-damage|p2a: Bolt Beef|94/100|[from] Stealth Rock
|turn|13
|
|t:|1667996247
|switch|p1a: Slowbro|Slowbro, M|100/100
|-damage|p1a: Slowbro|88/100|[from] Stealth Rock
|move|p2a: Bolt Beef|Thunder Wave|p1a: Slowbro
|-status|p1a: Slowbro|par
|
|upkeep
|turn|14
|
|t:|1667996251
|move|p2a: Bolt Beef|Double Iron Bash|p1a: Slowbro
|-resisted|p1a: Slowbro
|-damage|p1a: Slowbro|74/100 par
|-damage|p2a: Bolt Beef|78/100|[from] item: Rocky Helmet|[of] p1a: Slowbro
|-resisted|p1a: Slowbro
|-damage|p1a: Slowbro|62/100 par
|-damage|p2a: Bolt Beef|61/100|[from] item: Rocky Helmet|[of] p1a: Slowbro
|-hitcount|p1a: Slowbro|2
|cant|p1a: Slowbro|flinch
|
|upkeep
|turn|15
|
|t:|1667996257
|switch|p2a: Polaris|Jirachi|100/100
|-damage|p2a: Polaris|94/100|[from] Stealth Rock
|move|p1a: Slowbro|Teleport|p1a: Slowbro
|
|t:|1667996268
|switch|p1a: Tornadus|Tornadus-Therian, M|100/100|[from]move: Teleport
|
|upkeep
|turn|16
|
|t:|1667996271
|move|p1a: Tornadus|Knock Off|p2a: Polaris
|-supereffective|p2a: Polaris
|-damage|p2a: Polaris|59/100
|-enditem|p2a: Polaris|Protective Pads|[from] move: Knock Off|[of] p1a: Tornadus
|move|p2a: Polaris|Body Slam|p1a: Tornadus
|-damage|p1a: Tornadus|69/100
|-status|p1a: Tornadus|par
|
|upkeep
|turn|17
|
|t:|1667996280
|move|p2a: Polaris|Wish|p2a: Polaris
|move|p1a: Tornadus|Heat Wave|p2a: Polaris
|-supereffective|p2a: Polaris
|-damage|p2a: Polaris|17/100
|
|upkeep
|turn|18
|
|t:|1667996286
|move|p2a: Polaris|Iron Head|p1a: Tornadus
|-damage|p1a: Tornadus|30/100 par
|cant|p1a: Tornadus|flinch
|
|-heal|p2a: Polaris|67/100|[from] move: Wish|[wisher] Polaris
|upkeep
|turn|19
|
|t:|1667996311
|switch|p1a: Garchomp|Garchomp, M|40/100 par
|-damage|p1a: Garchomp|34/100 par|[from] Stealth Rock
|move|p2a: Polaris|Wish|p2a: Polaris
|
|-heal|p1a: Garchomp|40/100 par|[from] item: Leftovers
|upkeep
|turn|20
|
|t:|1667996322
|move|p1a: Garchomp|Protect|p1a: Garchomp
|-singleturn|p1a: Garchomp|Protect
|move|p2a: Polaris|Iron Head|p1a: Garchomp
|-activate|p1a: Garchomp|move: Protect
|
|-heal|p2a: Polaris|100/100|[from] move: Wish|[wisher] Polaris
|-heal|p1a: Garchomp|46/100 par|[from] item: Leftovers
|upkeep
|turn|21
|
|t:|1667996325
|move|p2a: Polaris|Iron Head|p1a: Garchomp
|-damage|p1a: Garchomp|13/100 par
|-damage|p2a: Polaris|88/100|[from] ability: Rough Skin|[of] p1a: Garchomp
|move|p1a: Garchomp|Earthquake|p2a: Polaris
|-supereffective|p2a: Polaris
|-damage|p2a: Polaris|17/100
|
|-heal|p1a: Garchomp|19/100 par|[from] item: Leftovers
|upkeep
|turn|22
|
|t:|1667996335
|move|p2a: Polaris|Iron Head|p1a: Garchomp
|-damage|p1a: Garchomp|0 fnt
|-damage|p2a: Polaris|5/100|[from] ability: Rough Skin|[of] p1a: Garchomp
|faint|p1a: Garchomp
|
|upkeep
|
|t:|1667996348
|switch|p1a: Melmetal|Melmetal|100/100
|-damage|p1a: Melmetal|94/100|[from] Stealth Rock
|turn|23
|
|t:|1667996357
|move|p2a: Polaris|Body Slam|p1a: Melmetal
|-resisted|p1a: Melmetal
|-damage|p1a: Melmetal|86/100
|-status|p1a: Melmetal|par
|move|p1a: Melmetal|Double Iron Bash|p2a: Polaris
|-resisted|p2a: Polaris
|-damage|p2a: Polaris|0 fnt
|faint|p2a: Polaris
|-hitcount|p2: Polaris|1
|
|-heal|p1a: Melmetal|93/100 par|[from] item: Leftovers
|upkeep
|c|☆fzplay_pokemon|hax man
|
|t:|1667996373
|switch|p2a: Bolt Beef|Melmetal|61/100
|-damage|p2a: Bolt Beef|55/100|[from] Stealth Rock
|turn|24
|
|t:|1667996386
|switch|p2a: Lucky Luke|Slowbro-Galar, M, shiny|100/100
|-damage|p2a: Lucky Luke|88/100|[from] Stealth Rock
|move|p1a: Melmetal|Protect||[still]
|-fail|p1a: Melmetal
|
|-heal|p1a: Melmetal|99/100 par|[from] item: Leftovers
|upkeep
|turn|25
|-activate|p2a: Lucky Luke|ability: Quick Draw
|
|t:|1667996407
|move|p2a: Lucky Luke|Focus Blast|p1a: Melmetal
|-supereffective|p1a: Melmetal
|-damage|p1a: Melmetal|33/100 par
|move|p1a: Melmetal|Double Iron Bash|p2a: Lucky Luke
|-damage|p2a: Lucky Luke|46/100
|-damage|p2a: Lucky Luke|8/100
|-hitcount|p2a: Lucky Luke|2
|
|-heal|p1a: Melmetal|40/100 par|[from] item: Leftovers
|upkeep
|turn|26
|
|t:|1667996419
|move|p2a: Lucky Luke|Focus Blast|p1a: Melmetal
|-supereffective|p1a: Melmetal
|-damage|p1a: Melmetal|0 fnt
|faint|p1a: Melmetal
|
|upkeep
|
|t:|1667996428
|switch|p1a: Rillaboom|Rillaboom, M|100/100
|-damage|p1a: Rillaboom|88/100|[from] Stealth Rock
|-fieldstart|move: Grassy Terrain|[from] ability: Grassy Surge|[of] p1a: Rillaboom
|turn|27
|-activate|p2a: Lucky Luke|ability: Quick Draw
|
|t:|1667996435
|move|p2a: Lucky Luke|Ice Beam|p1a: Rillaboom
|-supereffective|p1a: Rillaboom
|-damage|p1a: Rillaboom|26/100
|-status|p1a: Rillaboom|frz
|cant|p1a: Rillaboom|frz
|
|-heal|p1a: Rillaboom|33/100 frz|[from] Grassy Terrain
|-heal|p1a: Rillaboom|39/100 frz|[from] item: Leftovers
|-heal|p2a: Lucky Luke|14/100|[from] Grassy Terrain
|upkeep
|turn|28
|
|t:|1667996445
|cant|p1a: Rillaboom|frz
|move|p2a: Lucky Luke|Ice Beam|p1a: Rillaboom
|-supereffective|p1a: Rillaboom
|-damage|p1a: Rillaboom|0 fnt
|faint|p1a: Rillaboom
|
|-heal|p2a: Lucky Luke|20/100|[from] Grassy Terrain
|upkeep
|
|t:|1667996450
|switch|p1a: Blaziken|Blaziken, F|100/100
|-damage|p1a: Blaziken|88/100|[from] Stealth Rock
|turn|29
|-activate|p2a: Lucky Luke|item: Quick Claw
|
|t:|1667996453
|move|p2a: Lucky Luke|Psyshock|p1a: Blaziken
|-supereffective|p1a: Blaziken
|-damage|p1a: Blaziken|0 fnt
|faint|p1a: Blaziken
|
|-heal|p2a: Lucky Luke|26/100|[from] Grassy Terrain
|upkeep
|
|t:|1667996459
|switch|p1a: Slowbro|Slowbro, M|95/100 par
|-damage|p1a: Slowbro|83/100 par|[from] Stealth Rock
|turn|30
|c|☆fzplay_pokemon|..
|l|☆fzplay_pokemon
|inactive|fzplay_pokemon disconnected and has a minute to reconnect!
|player|p1|
|inactive|fzplay_pokemon has 30 seconds to reconnect!
|inactive|fzplay_pokemon has 20 seconds to reconnect!
|inactive|fzplay_pokemon has 15 seconds to reconnect!
|inactive|fzplay_pokemon has 10 seconds to reconnect!
|inactive|fzplay_pokemon has 5 seconds to reconnect!
|-message|fzplay_pokemon lost due to inactivity.
|
|win|BillionthLadderAlt
|raw|fzplay_pokemon's rating: 1593 &rarr; <strong>1580</strong><br />(-13 for losing)
|raw|BillionthLadderAlt's rating: 1725 &rarr; <strong>1738</strong><br />(+13 for winning)
||Ladder isn't responding, score probably updated but might not have (Request timeout).
