|j|☆user1_ou
|j|☆Crocodile Gimmicks
|t:|1667210659
|gametype|singles
|player|p1|user1_ou|eusine|1730
|player|p2|Crocodile Gimmicks|marnie|1719
|teamsize|p1|6
|teamsize|p2|6
|gen|8
|tier|[Gen 8] OU
|rated|
|rule|Sleep Clause Mod: Limit one foe put to sleep
|rule|Species Clause: Limit one of each Pokémon
|rule|OHKO Clause: OHKO moves are banned
|rule|Evasion Items Clause: Evasion items are banned
|rule|Evasion Moves Clause: Evasion moves are banned
|rule|Endless Battle Clause: Forcing endless battles is banned
|rule|HP Percentage Mod: HP is shown in percentages
|rule|Dynamax Clause: You cannot dynamax
|clearpoke
|poke|p1|Avalugg, M|
|poke|p1|Toxapex, F|
|poke|p1|Ferrothorn, F|
|poke|p1|Tapu Koko|
|poke|p1|Dragonite, F|
|poke|p1|Blissey, F|
|poke|p2|Tapu Koko|
|poke|p2|Victini|
|poke|p2|Ferrothorn, M|
|poke|p2|Landorus-Therian, M|
|poke|p2|Slowbro, M|
|poke|p2|Bisharp, M|
|teampreview
|
|t:|1667210675
|start
|switch|p1a: Blissey|Blissey, F|100/100
|switch|p2a: Landorus|Landorus-Therian, M|100/100
|-ability|p2a: Landorus|Intimidate|boost
|-unboost|p1a: Blissey|atk|1
|turn|1
|
|t:|1667210679
|switch|p1a: Avalugg|Avalugg, M|100/100
|move|p2a: Landorus|Stealth Rock|p1a: Avalugg
|-sidestart|p1: user1_ou|move: Stealth Rock
|
|upkeep
|turn|2
|
|t:|1667210682
|move|p2a: Landorus|Toxic|p1a: Avalugg
|-status|p1a: Avalugg|tox
|move|p1a: Avalugg|Rapid Spin|p2a: Landorus
|-damage|p2a: Landorus|88/100
|-boost|p1a: Avalugg|spe|1
|-sideend|p1: user1_ou|Stealth Rock|[from] move: Rapid Spin|[of] p1a: Avalugg
|
|-heal|p2a: Landorus|94/100|[from] item: Leftovers
|-damage|p1a: Avalugg|94/100 tox|[from] psn
|upkeep
|turn|3
|
|t:|1667210685
|move|p2a: Landorus|U-turn|p1a: Avalugg
|-damage|p1a: Avalugg|86/100 tox
|
|t:|1667210690
|switch|p2a: Victini|Victini|100/100|[from]move: U-turn
|move|p1a: Avalugg|Avalanche|p2a: Victini
|-resisted|p2a: Victini
|-damage|p2a: Victini|89/100
|
|-damage|p1a: Avalugg|74/100 tox|[from] psn
|upkeep
|turn|4
|
|t:|1667210695
|switch|p1a: Toxapex|Toxapex, F|100/100
|move|p2a: Victini|Will-O-Wisp|p1a: Toxapex
|-status|p1a: Toxapex|brn
|
|-damage|p1a: Toxapex|95/100 brn|[from] brn
|upkeep
|turn|5
|
|t:|1667210700
|switch|p2a: Slowbro|Slowbro, M|100/100
|move|p1a: Toxapex|Knock Off|p2a: Slowbro
|-supereffective|p2a: Slowbro
|-damage|p2a: Slowbro|89/100
|-enditem|p2a: Slowbro|Heavy-Duty Boots|[from] move: Knock Off|[of] p1a: Toxapex
|
|-heal|p1a: Toxapex|100/100 brn|[from] item: Black Sludge
|-damage|p1a: Toxapex|95/100 brn|[from] brn
|upkeep
|turn|6
|
|t:|1667210703
|move|p1a: Toxapex|Light Screen|p1a: Toxapex
|-sidestart|p1: user1_ou|move: Light Screen
|move|p2a: Slowbro|Future Sight|p1a: Toxapex
|-start|p2a: Slowbro|move: Future Sight
|
|-heal|p1a: Toxapex|100/100 brn|[from] item: Black Sludge
|-damage|p1a: Toxapex|95/100 brn|[from] brn
|upkeep
|turn|7
|
|t:|1667210706
|move|p1a: Toxapex|Poison Jab|p2a: Slowbro
|-damage|p2a: Slowbro|82/100
|move|p2a: Slowbro|Teleport|p2a: Slowbro
|
|t:|1667210712
|switch|p2a: Bisharp|Bisharp, M|100/100|[from]move: Teleport
|
|-heal|p1a: Toxapex|100/100 brn|[from] item: Black Sludge
|-damage|p1a: Toxapex|95/100 brn|[from] brn
|upkeep
|turn|8
|
|t:|1667210715
|switch|p1a: Ferrothorn|Ferrothorn, F|100/100
|move|p2a: Bisharp|Knock Off|p1a: Ferrothorn
|-damage|p1a: Ferrothorn|62/100
|-damage|p2a: Bisharp|88/100|[from] ability: Iron Barbs|[of] p1a: Ferrothorn
|-enditem|p1a: Ferrothorn|Leftovers|[from] move: Knock Off|[of] p2a: Bisharp
|
|-end|p1a: Ferrothorn|move: Future Sight
|-resisted|p1a: Ferrothorn
|-damage|p1a: Ferrothorn|54/100
|upkeep
|turn|9
|
|t:|1667210722
|switch|p2a: Ferrothorn|Ferrothorn, M|100/100
|move|p1a: Ferrothorn|Leech Seed|p2a: Ferrothorn
|-immune|p2a: Ferrothorn
|
|upkeep
|turn|10
|
|t:|1667210727
|move|p1a: Ferrothorn|Spikes|p2a: Ferrothorn
|-sidestart|p2: Crocodile Gimmicks|Spikes
|move|p2a: Ferrothorn|Leech Seed|p1a: Ferrothorn
|-immune|p1a: Ferrothorn
|
|-sideend|p1: user1_ou|move: Light Screen
|upkeep
|turn|11
|
|t:|1667210729
|move|p1a: Ferrothorn|Spikes|p2a: Ferrothorn
|-sidestart|p2: Crocodile Gimmicks|Spikes
|move|p2a: Ferrothorn|Spikes|p1a: Ferrothorn
|-sidestart|p1: user1_ou|Spikes
|
|upkeep
|turn|12
|
|t:|1667210731
|move|p1a: Ferrothorn|Spikes|p2a: Ferrothorn
|-sidestart|p2: Crocodile Gimmicks|Spikes
|move|p2a: Ferrothorn|Body Press|p1a: Ferrothorn
|-supereffective|p1a: Ferrothorn
|-damage|p1a: Ferrothorn|17/100
|-damage|p2a: Ferrothorn|88/100|[from] ability: Iron Barbs|[of] p1a: Ferrothorn
|
|upkeep
|turn|13
|
|t:|1667210756
|move|p1a: Ferrothorn|Iron Defense|p1a: Ferrothorn
|-boost|p1a: Ferrothorn|def|2
|move|p2a: Ferrothorn|Spikes|p1a: Ferrothorn
|-sidestart|p1: user1_ou|Spikes
|
|upkeep
|turn|14
|
|t:|1667210761
|switch|p2a: Victini|Victini|89/100
|move|p1a: Ferrothorn|Iron Defense|p1a: Ferrothorn
|-boost|p1a: Ferrothorn|def|2
|
|upkeep
|turn|15
|
|t:|1667210769
|switch|p1a: Dragonite|Dragonite, F|100/100
|move|p2a: Victini|V-create|p1a: Dragonite
|-resisted|p1a: Dragonite
|-damage|p1a: Dragonite|84/100
|-unboost|p2a: Victini|spe|1
|-unboost|p2a: Victini|def|1
|-unboost|p2a: Victini|spd|1
|
|upkeep
|turn|16
|
|t:|1667210774
|move|p1a: Dragonite|Earthquake|p2a: Victini
|-supereffective|p2a: Victini
|-damage|p2a: Victini|0 fnt
|faint|p2a: Victini
|
|upkeep
|
|t:|1667210778
|switch|p2a: Tapu Koko|Tapu Koko|100/100
|-fieldstart|move: Electric Terrain|[from] ability: Electric Surge|[of] p2a: Tapu Koko
|turn|17
|
|t:|1667210783
|switch|p1a: Blissey|Blissey, F|100/100
|move|p2a: Tapu Koko|U-turn|p1a: Blissey
|-damage|p1a: Blissey|86/100
|
|t:|1667210786
|switch|p2a: Bisharp|Bisharp, M|88/100|[from]move: U-turn
|-damage|p2a: Bisharp|64/100|[from] Spikes
|
|upkeep
|turn|18
|
|t:|1667210789
|switch|p1a: Ferrothorn|Ferrothorn, F|17/100
|-damage|p1a: Ferrothorn|0 fnt|[from] Spikes
|faint|p1a: Ferrothorn
|move|p2a: Bisharp|Swords Dance|p2a: Bisharp
|-boost|p2a: Bisharp|atk|2
|
|upkeep
|
|t:|1667210792
|switch|p1a: Tapu Koko|Tapu Koko|100/100
|turn|19
|
|t:|1667210798
|switch|p2a: Landorus|Landorus-Therian, M|94/100
|-ability|p2a: Landorus|Intimidate|boost
|-unboost|p1a: Tapu Koko|atk|1
|move|p1a: Tapu Koko|Thunderbolt|p2a: Landorus
|-immune|p2a: Landorus
|
|-heal|p2a: Landorus|99/100|[from] item: Leftovers
|upkeep
|turn|20
|
|t:|1667210802
|switch|p1a: Avalugg|Avalugg, M|74/100 tox
|move|p2a: Landorus|Stealth Rock|p1a: Avalugg
|-sidestart|p1: user1_ou|move: Stealth Rock
|
|-heal|p2a: Landorus|100/100|[from] item: Leftovers
|-damage|p1a: Avalugg|68/100 tox|[from] psn
|upkeep
|turn|21
|
|t:|1667210808
|switch|p2a: Ferrothorn|Ferrothorn, M|88/100
|-damage|p2a: Ferrothorn|63/100|[from] Spikes
|move|p1a: Avalugg|Rapid Spin|p2a: Ferrothorn
|-resisted|p2a: Ferrothorn
|-damage|p2a: Ferrothorn|60/100
|-boost|p1a: Avalugg|spe|1
|-damage|p1a: Avalugg|55/100 tox|[from] ability: Iron Barbs|[of] p2a: Ferrothorn
|-damage|p1a: Avalugg|39/100 tox|[from] item: Rocky Helmet|[of] p2a: Ferrothorn
|-sideend|p1: user1_ou|Spikes|[from] move: Rapid Spin|[of] p1a: Avalugg
|-sideend|p1: user1_ou|Stealth Rock|[from] move: Rapid Spin|[of] p1a: Avalugg
|
|-damage|p1a: Avalugg|26/100 tox|[from] psn
|-fieldend|move: Electric Terrain
|upkeep
|turn|22
|
|t:|1667210812
|move|p1a: Avalugg|Recover|p1a: Avalugg
|-heal|p1a: Avalugg|76/100 tox
|move|p2a: Ferrothorn|Spikes|p1a: Avalugg
|-sidestart|p1: user1_ou|Spikes
|
|-damage|p1a: Avalugg|58/100 tox|[from] psn
|upkeep
|turn|23
|
|t:|1667210818
|switch|p1a: Toxapex|Toxapex, F|100/100 brn
|-damage|p1a: Toxapex|88/100 brn|[from] Spikes
|move|p2a: Ferrothorn|Leech Seed|p1a: Toxapex
|-start|p1a: Toxapex|move: Leech Seed
|
|-heal|p1a: Toxapex|94/100 brn|[from] item: Black Sludge
|-damage|p1a: Toxapex|82/100 brn|[from] Leech Seed|[of] p2a: Ferrothorn
|-heal|p2a: Ferrothorn|71/100|[silent]
|-damage|p1a: Toxapex|76/100 brn|[from] brn
|upkeep
|turn|24
|
|t:|1667210820
|move|p1a: Toxapex|Knock Off|p2a: Ferrothorn
|-damage|p2a: Ferrothorn|66/100
|-damage|p1a: Toxapex|64/100 brn|[from] ability: Iron Barbs|[of] p2a: Ferrothorn
|-damage|p1a: Toxapex|47/100 brn|[from] item: Rocky Helmet|[of] p2a: Ferrothorn
|-enditem|p2a: Ferrothorn|Rocky Helmet|[from] move: Knock Off|[of] p1a: Toxapex
|move|p2a: Ferrothorn|Spikes|p1a: Toxapex
|-sidestart|p1: user1_ou|Spikes
|
|-heal|p1a: Toxapex|53/100 brn|[from] item: Black Sludge
|-damage|p1a: Toxapex|41/100 brn|[from] Leech Seed|[of] p2a: Ferrothorn
|-heal|p2a: Ferrothorn|77/100|[silent]
|-damage|p1a: Toxapex|35/100 brn|[from] brn
|upkeep
|turn|25
|
|t:|1667210824
|move|p1a: Toxapex|Recover|p1a: Toxapex
|-heal|p1a: Toxapex|85/100 brn
|move|p2a: Ferrothorn|Spikes|p1a: Toxapex
|-sidestart|p1: user1_ou|Spikes
|
|-heal|p1a: Toxapex|91/100 brn|[from] item: Black Sludge
|-damage|p1a: Toxapex|79/100 brn|[from] Leech Seed|[of] p2a: Ferrothorn
|-heal|p2a: Ferrothorn|87/100|[silent]
|-damage|p1a: Toxapex|73/100 brn|[from] brn
|upkeep
|turn|26
|
|t:|1667210841
|switch|p1a: Tapu Koko|Tapu Koko|100/100
|-fieldstart|move: Electric Terrain|[from] ability: Electric Surge|[of] p1a: Tapu Koko
|move|p2a: Ferrothorn|Leech Seed|p1a: Tapu Koko
|-start|p1a: Tapu Koko|move: Leech Seed
|
|-damage|p1a: Tapu Koko|88/100|[from] Leech Seed|[of] p2a: Ferrothorn
|-heal|p2a: Ferrothorn|97/100|[silent]
|upkeep
|turn|27
|
|t:|1667210845
|switch|p1a: Dragonite|Dragonite, F|84/100
|move|p2a: Ferrothorn|Gyro Ball|p1a: Dragonite
|-damage|p1a: Dragonite|43/100
|
|upkeep
|turn|28
|
|t:|1667210849
|move|p1a: Dragonite|Roost|p1a: Dragonite
|-heal|p1a: Dragonite|93/100
|-singleturn|p1a: Dragonite|move: Roost
|move|p2a: Ferrothorn|Gyro Ball|p1a: Dragonite
|-damage|p1a: Dragonite|54/100
|
|upkeep
|turn|29
|
|t:|1667210852
|move|p1a: Dragonite|Roost|p1a: Dragonite
|-heal|p1a: Dragonite|100/100
|-singleturn|p1a: Dragonite|move: Roost
|move|p2a: Ferrothorn|Leech Seed|p1a: Dragonite
|-start|p1a: Dragonite|move: Leech Seed
|
|-damage|p1a: Dragonite|88/100|[from] Leech Seed|[of] p2a: Ferrothorn
|-heal|p2a: Ferrothorn|100/100|[silent]
|upkeep
|turn|30
|
|t:|1667210855
|switch|p1a: Toxapex|Toxapex, F|100/100 brn
|-damage|p1a: Toxapex|76/100 brn|[from] Spikes
|move|p2a: Ferrothorn|Gyro Ball|p1a: Toxapex
|-resisted|p1a: Toxapex
|-damage|p1a: Toxapex|69/100 brn
|
|-heal|p1a: Toxapex|75/100 brn|[from] item: Black Sludge
|-damage|p1a: Toxapex|69/100 brn|[from] brn
|-fieldend|move: Electric Terrain
|upkeep
|turn|31
|
|t:|1667210864
|switch|p1a: Dragonite|Dragonite, F|88/100
|move|p2a: Ferrothorn|Leech Seed|p1a: Dragonite|[miss]
|-miss|p2a: Ferrothorn|p1a: Dragonite
|
|upkeep
|turn|32
|
|t:|1667210902
|move|p1a: Dragonite|Dragon Dance|p1a: Dragonite
|-boost|p1a: Dragonite|atk|1
|-boost|p1a: Dragonite|spe|1
|move|p2a: Ferrothorn|Leech Seed|p1a: Dragonite
|-start|p1a: Dragonite|move: Leech Seed
|
|-damage|p1a: Dragonite|76/100|[from] Leech Seed|[of] p2a: Ferrothorn
|upkeep
|turn|33
|
|t:|1667210905
|switch|p1a: Toxapex|Toxapex, F|100/100 brn
|-damage|p1a: Toxapex|76/100 brn|[from] Spikes
|move|p2a: Ferrothorn|Gyro Ball|p1a: Toxapex
|-resisted|p1a: Toxapex
|-damage|p1a: Toxapex|68/100 brn
|
|-heal|p1a: Toxapex|74/100 brn|[from] item: Black Sludge
|-damage|p1a: Toxapex|68/100 brn|[from] brn
|upkeep
|turn|34
|
|t:|1667210909
|move|p1a: Toxapex|Light Screen|p1a: Toxapex
|-sidestart|p1: user1_ou|move: Light Screen
|move|p2a: Ferrothorn|Leech Seed|p1a: Toxapex
|-start|p1a: Toxapex|move: Leech Seed
|
|-heal|p1a: Toxapex|74/100 brn|[from] item: Black Sludge
|-damage|p1a: Toxapex|62/100 brn|[from] Leech Seed|[of] p2a: Ferrothorn
|-damage|p1a: Toxapex|56/100 brn|[from] brn
|upkeep
|turn|35
|
|t:|1667210917
|move|p1a: Toxapex|Knock Off|p2a: Ferrothorn
|-damage|p2a: Ferrothorn|97/100
|-damage|p1a: Toxapex|43/100 brn|[from] ability: Iron Barbs|[of] p2a: Ferrothorn
|move|p2a: Ferrothorn|Spikes||[still]
|-fail|p2a: Ferrothorn
|
|-heal|p1a: Toxapex|49/100 brn|[from] item: Black Sludge
|-damage|p1a: Toxapex|37/100 brn|[from] Leech Seed|[of] p2a: Ferrothorn
|-heal|p2a: Ferrothorn|100/100|[silent]
|-damage|p1a: Toxapex|31/100 brn|[from] brn
|upkeep
|turn|36
|
|t:|1667210924
|move|p1a: Toxapex|Recover|p1a: Toxapex
|-heal|p1a: Toxapex|81/100 brn
|move|p2a: Ferrothorn|Gyro Ball|p1a: Toxapex
|-resisted|p1a: Toxapex
|-damage|p1a: Toxapex|74/100 brn
|
|-heal|p1a: Toxapex|80/100 brn|[from] item: Black Sludge
|-damage|p1a: Toxapex|68/100 brn|[from] Leech Seed|[of] p2a: Ferrothorn
|-damage|p1a: Toxapex|62/100 brn|[from] brn
|upkeep
|turn|37
|
|t:|1667210930
|switch|p1a: Dragonite|Dragonite, F|76/100
|move|p2a: Ferrothorn|Body Press|p1a: Dragonite
|-resisted|p1a: Dragonite
|-damage|p1a: Dragonite|62/100
|
|upkeep
|turn|38
|
|t:|1667210935
|move|p1a: Dragonite|Earthquake|p2a: Ferrothorn
|-damage|p2a: Ferrothorn|82/100
|move|p2a: Ferrothorn|Leech Seed|p1a: Dragonite|[miss]
|-miss|p2a: Ferrothorn|p1a: Dragonite
|
|-sideend|p1: user1_ou|move: Light Screen
|upkeep
|turn|39
|
|t:|1667210942
|move|p1a: Dragonite|Earthquake|p2a: Ferrothorn
|-damage|p2a: Ferrothorn|62/100
|move|p2a: Ferrothorn|Leech Seed|p1a: Dragonite
|-start|p1a: Dragonite|move: Leech Seed
|
|-damage|p1a: Dragonite|49/100|[from] Leech Seed|[of] p2a: Ferrothorn
|-heal|p2a: Ferrothorn|75/100|[silent]
|upkeep
|turn|40
|
|t:|1667210946
|move|p1a: Dragonite|Roost|p1a: Dragonite
|-heal|p1a: Dragonite|99/100
|-singleturn|p1a: Dragonite|move: Roost
|move|p2a: Ferrothorn|Leech Seed||[still]
|-fail|p2a: Ferrothorn
|
|-damage|p1a: Dragonite|87/100|[from] Leech Seed|[of] p2a: Ferrothorn
|-heal|p2a: Ferrothorn|89/100|[silent]
|upkeep
|turn|41
|
|t:|1667210952
|switch|p1a: Toxapex|Toxapex, F|96/100 brn
|-damage|p1a: Toxapex|71/100 brn|[from] Spikes
|switch|p2a: Bisharp|Bisharp, M|64/100
|-damage|p2a: Bisharp|39/100|[from] Spikes
|
|-heal|p1a: Toxapex|77/100 brn|[from] item: Black Sludge
|-damage|p1a: Toxapex|71/100 brn|[from] brn
|upkeep
|turn|42
|
|t:|1667210960
|switch|p1a: Dragonite|Dragonite, F|87/100
|move|p2a: Bisharp|Knock Off|p1a: Dragonite
|-damage|p1a: Dragonite|34/100
|-enditem|p1a: Dragonite|Heavy-Duty Boots|[from] move: Knock Off|[of] p2a: Bisharp
|
|upkeep
|turn|43
|
|t:|1667210970
|move|p2a: Bisharp|Iron Head|p1a: Dragonite
|-damage|p1a: Dragonite|0 fnt
|faint|p1a: Dragonite
|
|upkeep
|
|t:|1667210971
|switch|p1a: Tapu Koko|Tapu Koko|88/100
|-fieldstart|move: Electric Terrain|[from] ability: Electric Surge|[of] p1a: Tapu Koko
|turn|44
|
|t:|1667210978
|switch|p1a: Avalugg|Avalugg, M|58/100 tox
|switch|p2a: Landorus|Landorus-Therian, M|100/100
|-ability|p2a: Landorus|Intimidate|boost
|-unboost|p1a: Avalugg|atk|1
|
|-damage|p1a: Avalugg|52/100 tox|[from] psn
|upkeep
|turn|45
|j| Vickyris
|
|t:|1667210983
|switch|p2a: Ferrothorn|Ferrothorn, M|89/100
|-damage|p2a: Ferrothorn|64/100|[from] Spikes
|move|p1a: Avalugg|Rapid Spin|p2a: Ferrothorn
|-resisted|p2a: Ferrothorn
|-damage|p2a: Ferrothorn|61/100
|-boost|p1a: Avalugg|spe|1
|-damage|p1a: Avalugg|40/100 tox|[from] ability: Iron Barbs|[of] p2a: Ferrothorn
|-sideend|p1: user1_ou|Spikes|[from] move: Rapid Spin|[of] p1a: Avalugg
|
|-damage|p1a: Avalugg|27/100 tox|[from] psn
|upkeep
|turn|46
|
|t:|1667210986
|move|p1a: Avalugg|Recover|p1a: Avalugg
|-heal|p1a: Avalugg|77/100 tox
|move|p2a: Ferrothorn|Gyro Ball|p1a: Avalugg
|-supereffective|p1a: Avalugg
|-damage|p1a: Avalugg|55/100 tox
|
|-damage|p1a: Avalugg|36/100 tox|[from] psn
|upkeep
|turn|47
|
|t:|1667211005
|move|p1a: Avalugg|Recover|p1a: Avalugg
|-heal|p1a: Avalugg|86/100 tox
|move|p2a: Ferrothorn|Leech Seed|p1a: Avalugg
|-start|p1a: Avalugg|move: Leech Seed
|
|-damage|p1a: Avalugg|74/100 tox|[from] Leech Seed|[of] p2a: Ferrothorn
|-heal|p2a: Ferrothorn|75/100|[silent]
|-damage|p1a: Avalugg|49/100 tox|[from] psn
|upkeep
|turn|48
|
|t:|1667211011
|switch|p1a: Toxapex|Toxapex, F|100/100 brn
|move|p2a: Ferrothorn|Body Press|p1a: Toxapex
|-resisted|p1a: Toxapex
|-damage|p1a: Toxapex|90/100 brn
|
|-heal|p1a: Toxapex|96/100 brn|[from] item: Black Sludge
|-damage|p1a: Toxapex|90/100 brn|[from] brn
|-fieldend|move: Electric Terrain
|upkeep
|turn|49
|
|t:|1667211015
|switch|p1a: Blissey|Blissey, F|86/100
|move|p2a: Ferrothorn|Spikes|p1a: Blissey
|-sidestart|p1: user1_ou|Spikes
|
|upkeep
|turn|50
|
|t:|1667211021
|move|p1a: Blissey|Heal Bell|p1a: Blissey
|-activate|p1a: Blissey|move: Heal Bell
|-curestatus|p1: Avalugg|tox|[msg]
|-curestatus|p1: Toxapex|brn|[msg]
|move|p2a: Ferrothorn|Spikes|p1a: Blissey
|-sidestart|p1: user1_ou|Spikes
|
|upkeep
|turn|51
|
|t:|1667211025
|switch|p1a: Avalugg|Avalugg, M|49/100
|move|p2a: Ferrothorn|Body Press|p1a: Avalugg
|-supereffective|p1a: Avalugg
|-damage|p1a: Avalugg|23/100
|
|upkeep
|turn|52
|
|t:|1667211032
|switch|p2a: Tapu Koko|Tapu Koko|100/100
|-fieldstart|move: Electric Terrain|[from] ability: Electric Surge|[of] p2a: Tapu Koko
|move|p1a: Avalugg|Recover|p1a: Avalugg
|-heal|p1a: Avalugg|73/100
|
|upkeep
|turn|53
|
|t:|1667211038
|switch|p1a: Blissey|Blissey, F|86/100
|move|p2a: Tapu Koko|U-turn|p1a: Blissey
|-damage|p1a: Blissey|71/100
|
|t:|1667211040
|switch|p2a: Bisharp|Bisharp, M|39/100|[from]move: U-turn
|-damage|p2a: Bisharp|14/100|[from] Spikes
|
|upkeep
|turn|54
|
|t:|1667211055
|switch|p1a: Tapu Koko|Tapu Koko|88/100
|move|p2a: Bisharp|Knock Off|p1a: Tapu Koko
|-resisted|p1a: Tapu Koko
|-damage|p1a: Tapu Koko|41/100
|-enditem|p1a: Tapu Koko|Heavy-Duty Boots|[from] move: Knock Off|[of] p2a: Bisharp
|
|upkeep
|turn|55
|
|t:|1667211059
|move|p2a: Bisharp|Sucker Punch|p1a: Tapu Koko
|-resisted|p1a: Tapu Koko
|-damage|p1a: Tapu Koko|9/100
|move|p1a: Tapu Koko|Dazzling Gleam|p2a: Bisharp
|-damage|p2a: Bisharp|0 fnt
|faint|p2a: Bisharp
|
|upkeep
|
|t:|1667211065
|switch|p2a: Tapu Koko|Tapu Koko|100/100
|turn|56
|
|t:|1667211070
|move|p2a: Tapu Koko|Dazzling Gleam|p1a: Tapu Koko
|-crit|p1a: Tapu Koko
|-damage|p1a: Tapu Koko|0 fnt
|faint|p1a: Tapu Koko
|
|-fieldend|move: Electric Terrain
|upkeep
|
|t:|1667211071
|switch|p1a: Blissey|Blissey, F|71/100
|turn|57
|
|t:|1667211075
|move|p2a: Tapu Koko|Taunt|p1a: Blissey
|-start|p1a: Blissey|move: Taunt
|cant|p1a: Blissey|move: Taunt|Stealth Rock
|
|upkeep
|turn|58
|
|t:|1667211077
|move|p2a: Tapu Koko|U-turn|p1a: Blissey
|-damage|p1a: Blissey|56/100
|
|t:|1667211080
|switch|p2a: Ferrothorn|Ferrothorn, M|75/100|[from]move: U-turn
|-damage|p2a: Ferrothorn|51/100|[from] Spikes
|move|p1a: Blissey|Seismic Toss|p2a: Ferrothorn
|-damage|p2a: Ferrothorn|22/100
|-damage|p1a: Blissey|44/100|[from] ability: Iron Barbs|[of] p2a: Ferrothorn
|
|upkeep
|turn|59
|
|t:|1667211094
|switch|p1a: Avalugg|Avalugg, M|73/100
|move|p2a: Ferrothorn|Leech Seed|p1a: Avalugg
|-start|p1a: Avalugg|move: Leech Seed
|
|-damage|p1a: Avalugg|60/100|[from] Leech Seed|[of] p2a: Ferrothorn
|-heal|p2a: Ferrothorn|36/100|[silent]
|upkeep
|turn|60
|inactive|Battle timer is ON: inactive players will automatically lose when time's up. (requested by user1_ou)
|
|t:|1667211116
|move|p1a: Avalugg|Rapid Spin|p2a: Ferrothorn
|-resisted|p2a: Ferrothorn
|-crit|p2a: Ferrothorn
|-damage|p2a: Ferrothorn|30/100
|-boost|p1a: Avalugg|spe|1
|-damage|p1a: Avalugg|48/100|[from] ability: Iron Barbs|[of] p2a: Ferrothorn
|-end|p1a: Avalugg|Leech Seed|[from] move: Rapid Spin|[of] p1a: Avalugg
|-sideend|p1: user1_ou|Spikes|[from] move: Rapid Spin|[of] p1a: Avalugg
|move|p2a: Ferrothorn|Body Press|p1a: Avalugg
|-supereffective|p1a: Avalugg
|-damage|p1a: Avalugg|25/100
|
|upkeep
|turn|61
|
|t:|1667211124
|move|p1a: Avalugg|Recover|p1a: Avalugg
|-heal|p1a: Avalugg|75/100
|move|p2a: Ferrothorn|Leech Seed|p1a: Avalugg
|-start|p1a: Avalugg|move: Leech Seed
|
|-damage|p1a: Avalugg|62/100|[from] Leech Seed|[of] p2a: Ferrothorn
|-heal|p2a: Ferrothorn|44/100|[silent]
|upkeep
|turn|62
|
|t:|1667211130
|move|p1a: Avalugg|Body Press|p2a: Ferrothorn
|-supereffective|p2a: Ferrothorn
|-damage|p2a: Ferrothorn|2/100
|-damage|p1a: Avalugg|50/100|[from] ability: Iron Barbs|[of] p2a: Ferrothorn
|move|p2a: Ferrothorn|Spikes|p1a: Avalugg
|-sidestart|p1: user1_ou|Spikes
|
|-damage|p1a: Avalugg|38/100|[from] Leech Seed|[of] p2a: Ferrothorn
|-heal|p2a: Ferrothorn|16/100|[silent]
|upkeep
|turn|63
|
|t:|1667211134
|move|p1a: Avalugg|Recover|p1a: Avalugg
|-heal|p1a: Avalugg|88/100
|move|p2a: Ferrothorn|Body Press|p1a: Avalugg
|-supereffective|p1a: Avalugg
|-damage|p1a: Avalugg|62/100
|
|-damage|p1a: Avalugg|49/100|[from] Leech Seed|[of] p2a: Ferrothorn
|-heal|p2a: Ferrothorn|30/100|[silent]
|upkeep
|turn|64
|
|t:|1667211138
|move|p1a: Avalugg|Recover|p1a: Avalugg
|-heal|p1a: Avalugg|99/100
|move|p2a: Ferrothorn|Body Press|p1a: Avalugg
|-supereffective|p1a: Avalugg
|-damage|p1a: Avalugg|75/100
|
|-damage|p1a: Avalugg|63/100|[from] Leech Seed|[of] p2a: Ferrothorn
|-heal|p2a: Ferrothorn|44/100|[silent]
|upkeep
|turn|65
|
|t:|1667211140
|move|p1a: Avalugg|Rapid Spin|p2a: Ferrothorn
|-resisted|p2a: Ferrothorn
|-crit|p2a: Ferrothorn
|-damage|p2a: Ferrothorn|37/100
|-boost|p1a: Avalugg|spe|1
|-damage|p1a: Avalugg|50/100|[from] ability: Iron Barbs|[of] p2a: Ferrothorn
|-end|p1a: Avalugg|Leech Seed|[from] move: Rapid Spin|[of] p1a: Avalugg
|-sideend|p1: user1_ou|Spikes|[from] move: Rapid Spin|[of] p1a: Avalugg
|move|p2a: Ferrothorn|Body Press|p1a: Avalugg
|-supereffective|p1a: Avalugg
|-damage|p1a: Avalugg|25/100
|
|upkeep
|turn|66
|
|t:|1667211144
|move|p1a: Avalugg|Recover|p1a: Avalugg
|-heal|p1a: Avalugg|75/100
|move|p2a: Ferrothorn|Leech Seed|p1a: Avalugg
|-start|p1a: Avalugg|move: Leech Seed
|
|-damage|p1a: Avalugg|63/100|[from] Leech Seed|[of] p2a: Ferrothorn
|-heal|p2a: Ferrothorn|51/100|[silent]
|upkeep
|turn|67
|
|t:|1667211152
|move|p1a: Avalugg|Rapid Spin|p2a: Ferrothorn
|-resisted|p2a: Ferrothorn
|-damage|p2a: Ferrothorn|47/100
|-boost|p1a: Avalugg|spe|1
|-damage|p1a: Avalugg|50/100|[from] ability: Iron Barbs|[of] p2a: Ferrothorn
|-end|p1a: Avalugg|Leech Seed|[from] move: Rapid Spin|[of] p1a: Avalugg
|move|p2a: Ferrothorn|Spikes|p1a: Avalugg
|-sidestart|p1: user1_ou|Spikes
|
|upkeep
|turn|68
|
|t:|1667211156
|move|p1a: Avalugg|Recover|p1a: Avalugg
|-heal|p1a: Avalugg|99/100
|move|p2a: Ferrothorn|Leech Seed|p1a: Avalugg|[miss]
|-miss|p2a: Ferrothorn|p1a: Avalugg
|
|upkeep
|turn|69
|
|t:|1667211159
|move|p1a: Avalugg|Body Press|p2a: Ferrothorn
|-supereffective|p2a: Ferrothorn
|-damage|p2a: Ferrothorn|2/100
|-damage|p1a: Avalugg|88/100|[from] ability: Iron Barbs|[of] p2a: Ferrothorn
|move|p2a: Ferrothorn|Leech Seed|p1a: Avalugg
|-start|p1a: Avalugg|move: Leech Seed
|
|-damage|p1a: Avalugg|75/100|[from] Leech Seed|[of] p2a: Ferrothorn
|-heal|p2a: Ferrothorn|16/100|[silent]
|upkeep
|turn|70
|
|t:|1667211162
|move|p1a: Avalugg|Rapid Spin|p2a: Ferrothorn
|-resisted|p2a: Ferrothorn
|-damage|p2a: Ferrothorn|13/100
|-boost|p1a: Avalugg|spe|1
|-damage|p1a: Avalugg|63/100|[from] ability: Iron Barbs|[of] p2a: Ferrothorn
|-end|p1a: Avalugg|Leech Seed|[from] move: Rapid Spin|[of] p1a: Avalugg
|-sideend|p1: user1_ou|Spikes|[from] move: Rapid Spin|[of] p1a: Avalugg
|move|p2a: Ferrothorn|Body Press|p1a: Avalugg
|-supereffective|p1a: Avalugg
|-damage|p1a: Avalugg|39/100
|
|upkeep
|turn|71
|
|t:|1667211168
|switch|p2a: Tapu Koko|Tapu Koko|100/100
|-fieldstart|move: Electric Terrain|[from] ability: Electric Surge|[of] p2a: Tapu Koko
|move|p1a: Avalugg|Recover|p1a: Avalugg
|-heal|p1a: Avalugg|89/100
|
|upkeep
|turn|72
|
|t:|1667211172
|move|p2a: Tapu Koko|Thunderbolt|p1a: Avalugg
|-damage|p1a: Avalugg|8/100
|move|p1a: Avalugg|Avalanche|p2a: Tapu Koko
|-damage|p2a: Tapu Koko|40/100
|
|upkeep
|turn|73
|
|t:|1667211181
|move|p2a: Tapu Koko|Thunderbolt|p1a: Avalugg
|-damage|p1a: Avalugg|0 fnt
|faint|p1a: Avalugg
|
|upkeep
|
|t:|1667211182
|switch|p1a: Blissey|Blissey, F|44/100
|turn|74
|
|t:|1667211189
|move|p2a: Tapu Koko|Thunderbolt|p1a: Blissey
|-damage|p1a: Blissey|26/100
|move|p1a: Blissey|Seismic Toss|p2a: Tapu Koko
|-damage|p2a: Tapu Koko|5/100
|
|upkeep
|turn|75
|
|t:|1667211194
|move|p2a: Tapu Koko|Taunt|p1a: Blissey
|-start|p1a: Blissey|move: Taunt
|move|p1a: Blissey|Seismic Toss|p2a: Tapu Koko
|-damage|p2a: Tapu Koko|0 fnt
|faint|p2a: Tapu Koko
|
|-fieldend|move: Electric Terrain
|upkeep
|
|t:|1667211196
|switch|p2a: Landorus|Landorus-Therian, M|100/100
|-ability|p2a: Landorus|Intimidate|boost
|-unboost|p1a: Blissey|atk|1
|turn|76
|
|t:|1667211199
|move|p2a: Landorus|Earthquake|p1a: Blissey
|-damage|p1a: Blissey|0 fnt
|faint|p1a: Blissey
|
|upkeep
|
|t:|1667211200
|switch|p1a: Toxapex|Toxapex, F|100/100
|turn|77
|
|t:|1667211202
|move|p2a: Landorus|Earthquake|p1a: Toxapex
|-supereffective|p1a: Toxapex
|-damage|p1a: Toxapex|38/100
|move|p1a: Toxapex|Knock Off|p2a: Landorus
|-damage|p2a: Landorus|88/100
|-enditem|p2a: Landorus|Leftovers|[from] move: Knock Off|[of] p1a: Toxapex
|
|-heal|p1a: Toxapex|44/100|[from] item: Black Sludge
|upkeep
|turn|78
|
|t:|1667211205
|move|p2a: Landorus|Earthquake|p1a: Toxapex
|-supereffective|p1a: Toxapex
|-damage|p1a: Toxapex|0 fnt
|faint|p1a: Toxapex
|
|win|Crocodile Gimmicks
|raw|user1_ou's rating: 1730 &rarr; <strong>1709</strong><br />(-21 for losing)
|raw|Crocodile Gimmicks's rating: 1719 &rarr; <strong>1740</strong><br />(+21 for winning)
|l|☆user1_ou
|c|☆Crocodile Gimmicks|gg
