|j|☆PedroGreg
|j|☆AlekxBR
|t:|1659925637
|gametype|singles
|player|p1|PedroGreg|#wcop2022brazil|
|player|p2|AlekxBR|shadowtriad|
|teamsize|p1|6
|teamsize|p2|6
|gen|8
|tier|[Gen 8] OU
|rule|Sleep Clause Mod: Limit one foe put to sleep
|rule|Species Clause: Limit one of each Pokémon
|rule|OHKO Clause: OHKO moves are banned
|rule|Evasion Items Clause: Evasion items are banned
|rule|Evasion Moves Clause: Evasion moves are banned
|rule|Endless Battle Clause: Forcing endless battles is banned
|rule|HP Percentage Mod: HP is shown in percentages
|rule|Dynamax Clause: You cannot dynamax
|clearpoke
|poke|p1|Tapu Koko|
|poke|p1|Garchomp, M|
|poke|p1|Tornadus-Therian, M|
|poke|p1|Urshifu-*, M|
|poke|p1|Blissey, F|
|poke|p1|Melmetal|
|poke|p2|Hatterene, F|
|poke|p2|Porygon2|
|poke|p2|Cresselia, F|
|poke|p2|Melmetal|
|poke|p2|Torkoal, F|
|poke|p2|Marowak-Alola, M|
|teampreview
|c|☆AlekxBR|hf
|c|☆PedroGreg|hf
|
|t:|1659925666
|start
|switch|p1a: Tapu Koko|Tapu Koko|100/100
|switch|p2a: Shiva|Torkoal, F, shiny|100/100
|-fieldstart|move: Electric Terrain|[from] ability: Electric Surge|[of] p1a: Tapu Koko
|-weather|SunnyDay|[from] ability: Drought|[of] p2a: Shiva
|turn|1
|inactive|Battle timer is ON: inactive players will automatically lose when time's up. (requested by PedroGreg)
|
|t:|1659925682
|move|p1a: Tapu Koko|Volt Switch|p2a: Shiva
|-damage|p2a: Shiva|28/100
|
|t:|1659925688
|switch|p1a: Blissey|Blissey, F|100/100|[from]move: Volt Switch
|move|p2a: Shiva|Weather Ball|p1a: Blissey
|-damage|p1a: Blissey|64/100
|
|-weather|SunnyDay|[upkeep]
|upkeep
|turn|2
|
|t:|1659925699
|switch|p2a: Messenger|Porygon2, shiny|100/100
|-ability|p2a: Messenger|Natural Cure|[from] ability: Trace|[of] p1a: Blissey
|move|p1a: Blissey|Soft-Boiled|p1a: Blissey
|-heal|p1a: Blissey|100/100
|
|-weather|SunnyDay|[upkeep]
|upkeep
|turn|3
|
|t:|1659925703
|move|p1a: Blissey|Toxic|p2a: Messenger
|-status|p2a: Messenger|tox
|move|p2a: Messenger|Trick Room|p2a: Messenger
|-fieldstart|move: Trick Room|[of] p2a: Messenger
|
|-weather|SunnyDay|[upkeep]
|-damage|p2a: Messenger|94/100 tox|[from] psn
|upkeep
|turn|4
|
|t:|1659925713
|move|p2a: Messenger|Teleport|p2a: Messenger
|
|t:|1659925726
|-curestatus|p2a: Messenger|tox|[from] ability: Natural Cure
|switch|p2a: Akaza|Melmetal|100/100|[from]move: Teleport
|move|p1a: Blissey|Teleport|p1a: Blissey
|
|t:|1659925731
|switch|p1a: Melmetal|Melmetal|100/100|[from]move: Teleport
|
|-weather|SunnyDay|[upkeep]
|upkeep
|turn|5
|
|t:|1659925758
|move|p1a: Melmetal|Protect|p1a: Melmetal
|-singleturn|p1a: Melmetal|Protect
|move|p2a: Akaza|Double Iron Bash|p1a: Melmetal
|-activate|p1a: Melmetal|move: Protect
|
|-weather|none
|-fieldend|move: Electric Terrain
|upkeep
|turn|6
|
|t:|1659925763
|move|p2a: Akaza|Double Iron Bash|p1a: Melmetal
|-resisted|p1a: Melmetal
|-damage|p1a: Melmetal|80/100
|-resisted|p1a: Melmetal
|-crit|p1a: Melmetal
|-damage|p1a: Melmetal|49/100
|-hitcount|p1a: Melmetal|2
|cant|p1a: Melmetal|flinch
|
|-heal|p1a: Melmetal|55/100|[from] item: Leftovers
|upkeep
|turn|7
|
|t:|1659925778
|move|p1a: Melmetal|Protect|p1a: Melmetal
|-singleturn|p1a: Melmetal|Protect
|move|p2a: Akaza|Double Iron Bash|p1a: Melmetal
|-activate|p1a: Melmetal|move: Protect
|
|-heal|p1a: Melmetal|62/100|[from] item: Leftovers
|-fieldend|move: Trick Room
|upkeep
|turn|8
|
|t:|1659925783
|move|p1a: Melmetal|Earthquake|p2a: Akaza
|-supereffective|p2a: Akaza
|-damage|p2a: Akaza|59/100
|move|p2a: Akaza|Double Iron Bash|p1a: Melmetal
|-resisted|p1a: Melmetal
|-damage|p1a: Melmetal|41/100
|-resisted|p1a: Melmetal
|-damage|p1a: Melmetal|22/100
|-hitcount|p1a: Melmetal|2
|
|-heal|p1a: Melmetal|28/100|[from] item: Leftovers
|upkeep
|turn|9
|
|t:|1659925788
|move|p1a: Melmetal|Protect|p1a: Melmetal
|-singleturn|p1a: Melmetal|Protect
|move|p2a: Akaza|Double Iron Bash|p1a: Melmetal
|-activate|p1a: Melmetal|move: Protect
|
|-heal|p1a: Melmetal|35/100|[from] item: Leftovers
|upkeep
|turn|10
|
|t:|1659925792
|move|p1a: Melmetal|Double Iron Bash|p2a: Akaza
|-resisted|p2a: Akaza
|-damage|p2a: Akaza|47/100
|-resisted|p2a: Akaza
|-damage|p2a: Akaza|36/100
|-hitcount|p2a: Akaza|2
|cant|p2a: Akaza|flinch
|
|-heal|p1a: Melmetal|41/100|[from] item: Leftovers
|upkeep
|turn|11
|
|t:|1659925807
|switch|p2a: Princess Hibana|Cresselia, F, shiny|100/100
|move|p1a: Melmetal|Earthquake|p2a: Princess Hibana
|-immune|p2a: Princess Hibana|[from] ability: Levitate
|
|-heal|p1a: Melmetal|47/100|[from] item: Leftovers
|upkeep
|turn|12
|
|t:|1659925811
|move|p1a: Melmetal|Toxic|p2a: Princess Hibana|[miss]
|-miss|p1a: Melmetal|p2a: Princess Hibana
|move|p2a: Princess Hibana|Trick Room|p2a: Princess Hibana
|-fieldstart|move: Trick Room|[of] p2a: Princess Hibana
|
|-heal|p1a: Melmetal|53/100|[from] item: Leftovers
|upkeep
|turn|13
|
|t:|1659925829
|switch|p2a: Qin shi Huang|Marowak-Alola, M, shiny|100/100
|move|p1a: Melmetal|Double Iron Bash|p2a: Qin shi Huang
|-resisted|p2a: Qin shi Huang
|-damage|p2a: Qin shi Huang|79/100
|-resisted|p2a: Qin shi Huang
|-damage|p2a: Qin shi Huang|57/100
|-hitcount|p2a: Qin shi Huang|2
|
|-heal|p1a: Melmetal|59/100|[from] item: Leftovers
|upkeep
|turn|14
|
|t:|1659925855
|switch|p1a: Urshifu|Urshifu-Rapid-Strike, M|100/100
|move|p2a: Qin shi Huang|Swords Dance|p2a: Qin shi Huang
|-boost|p2a: Qin shi Huang|atk|2
|
|upkeep
|turn|15
|inactive|AlekxBR has 270 seconds left.
|inactive|PedroGreg has 270 seconds left.
|
|t:|1659925892
|switch|p1a: Blissey|Blissey, F|100/100
|move|p2a: Qin shi Huang|Poltergeist|p1a: Blissey
|-immune|p1a: Blissey
|
|upkeep
|turn|16
|inactive|PedroGreg has 270 seconds left.
|
|t:|1659925906
|switch|p1a: Garchomp|Garchomp, M|100/100
|move|p2a: Qin shi Huang|Flare Blitz|p1a: Garchomp
|-resisted|p1a: Garchomp
|-damage|p1a: Garchomp|0 fnt
|-damage|p2a: Qin shi Huang|44/100|[from] ability: Rough Skin|[of] p1a: Garchomp
|faint|p1a: Garchomp
|
|-fieldend|move: Trick Room
|upkeep
|inactive|PedroGreg has 270 seconds left.
|
|t:|1659925913
|switch|p1a: Urshifu|Urshifu-Rapid-Strike, M|100/100
|turn|17
|c|☆PedroGreg|meu amigo
|c|☆PedroGreg|que porrada
|c|☆PedroGreg|kkkk
|c|☆AlekxBR|aham
|
|t:|1659925933
|switch|p2a: Shiva|Torkoal, F, shiny|28/100
|-weather|SunnyDay|[from] ability: Drought|[of] p2a: Shiva
|move|p1a: Urshifu|Surging Strikes|p2a: Shiva
|-supereffective|p2a: Shiva
|-crit|p2a: Shiva
|-damage|p2a: Shiva|14/100
|-supereffective|p2a: Shiva
|-crit|p2a: Shiva
|-damage|p2a: Shiva|0 fnt
|faint|p2a: Shiva
|-hitcount|p2: Shiva|2
|
|-weather|SunnyDay|[upkeep]
|upkeep
|
|t:|1659925942
|switch|p2a: Princess Hibana|Cresselia, F, shiny|100/100
|turn|18
|
|t:|1659925947
|move|p1a: Urshifu|U-turn|p2a: Princess Hibana
|-supereffective|p2a: Princess Hibana
|-damage|p2a: Princess Hibana|71/100
|
|t:|1659925952
|switch|p1a: Melmetal|Melmetal|59/100|[from]move: U-turn
|move|p2a: Princess Hibana|Trick Room|p2a: Princess Hibana
|-fieldstart|move: Trick Room|[of] p2a: Princess Hibana
|
|-weather|SunnyDay|[upkeep]
|-heal|p1a: Melmetal|65/100|[from] item: Leftovers
|upkeep
|turn|19
|inactive|AlekxBR has 270 seconds left.
|
|t:|1659925961
|move|p1a: Melmetal|Double Iron Bash|p2a: Princess Hibana
|-damage|p2a: Princess Hibana|40/100
|-damage|p2a: Princess Hibana|10/100
|-hitcount|p2a: Princess Hibana|2
|cant|p2a: Princess Hibana|flinch
|
|-weather|SunnyDay|[upkeep]
|-heal|p1a: Melmetal|71/100|[from] item: Leftovers
|upkeep
|turn|20
|inactive|AlekxBR has 270 seconds left.
|
|t:|1659926000
|switch|p2a: Qin shi Huang|Marowak-Alola, M, shiny|44/100
|move|p1a: Melmetal|Double Iron Bash|p2a: Qin shi Huang
|-resisted|p2a: Qin shi Huang
|-damage|p2a: Qin shi Huang|22/100
|-resisted|p2a: Qin shi Huang
|-damage|p2a: Qin shi Huang|1/100
|-hitcount|p2a: Qin shi Huang|2
|
|-weather|SunnyDay|[upkeep]
|-heal|p1a: Melmetal|77/100|[from] item: Leftovers
|upkeep
|turn|21
|c|☆AlekxBR|lol
|c|☆AlekxBR|1 hp ajajaj
|
|t:|1659926014
|move|p1a: Melmetal|Protect|p1a: Melmetal
|-singleturn|p1a: Melmetal|Protect
|move|p2a: Qin shi Huang|Flare Blitz|p1a: Melmetal
|-activate|p1a: Melmetal|move: Protect
|
|-weather|none
|-heal|p1a: Melmetal|83/100|[from] item: Leftovers
|upkeep
|turn|22
|inactive|PedroGreg has 270 seconds left.
|inactive|AlekxBR has 240 seconds left.
|
|t:|1659926053
|switch|p1a: Urshifu|Urshifu-Rapid-Strike, M|100/100
|move|p2a: Qin shi Huang|Flare Blitz|p1a: Urshifu
|-resisted|p1a: Urshifu
|-damage|p1a: Urshifu|48/100
|
|-fieldend|move: Trick Room
|upkeep
|turn|23
|inactive|PedroGreg has 270 seconds left.
|inactive|AlekxBR has 240 seconds left.
|inactive|AlekxBR has 210 seconds left.
|
|t:|1659926109
|switch|p2a: Princess Hibana|Cresselia, F, shiny|10/100
|move|p1a: Urshifu|Surging Strikes|p2a: Princess Hibana
|-crit|p2a: Princess Hibana
|-damage|p2a: Princess Hibana|0 fnt
|faint|p2a: Princess Hibana
|-hitcount|p2: Princess Hibana|1
|
|upkeep
|
|t:|1659926115
|switch|p2a: Iris|Hatterene, F, shiny|100/100
|turn|24
|
|t:|1659926120
|move|p1a: Urshifu|Surging Strikes|p2a: Iris
|-crit|p2a: Iris
|-damage|p2a: Iris|78/100
|-crit|p2a: Iris
|-damage|p2a: Iris|56/100
|-crit|p2a: Iris
|-damage|p2a: Iris|34/100
|-hitcount|p2a: Iris|3
|move|p2a: Iris|Trick Room|p2a: Iris
|-fieldstart|move: Trick Room|[of] p2a: Iris
|
|upkeep
|turn|25
|c|☆AlekxBR|sera que agora e band
|inactive|AlekxBR has 210 seconds left.
|
|t:|1659926131
|switch|p1a: Melmetal|Melmetal|83/100
|move|p2a: Iris|Healing Wish|p2a: Iris
|faint|p2a: Iris
|
|-heal|p1a: Melmetal|89/100|[from] item: Leftovers
|upkeep
|
|t:|1659926133
|switch|p2a: Qin shi Huang|Marowak-Alola, M, shiny|1/100
|-heal|p2a: Qin shi Huang|100/100|[from] move: Healing Wish
|turn|26
|
|t:|1659926145
|move|p1a: Melmetal|Protect|p1a: Melmetal
|-singleturn|p1a: Melmetal|Protect
|move|p2a: Qin shi Huang|Swords Dance|p2a: Qin shi Huang
|-boost|p2a: Qin shi Huang|atk|2
|
|-heal|p1a: Melmetal|95/100|[from] item: Leftovers
|upkeep
|turn|27
|c|☆AlekxBR|ih rapaz
|c|☆AlekxBR|2 ta no chão
|
|t:|1659926166
|switch|p1a: Tornadus|Tornadus-Therian, M|100/100
|move|p2a: Qin shi Huang|Flare Blitz|p1a: Tornadus
|-damage|p1a: Tornadus|0 fnt
|faint|p1a: Tornadus
|
|upkeep
|inactive|PedroGreg has 270 seconds left.
|
|t:|1659926189
|switch|p1a: Blissey|Blissey, F|100/100
|turn|28
|
|t:|1659926196
|move|p2a: Qin shi Huang|Flare Blitz|p1a: Blissey
|-damage|p1a: Blissey|0 fnt
|faint|p1a: Blissey
|
|-fieldend|move: Trick Room
|upkeep
|
|t:|1659926198
|switch|p1a: Urshifu|Urshifu-Rapid-Strike, M|48/100
|turn|29
|inactive|AlekxBR has 240 seconds left.
|inactive|AlekxBR has 210 seconds left.
|
|t:|1659926255
|switch|p2a: Akaza|Melmetal|36/100
|move|p1a: Urshifu|Surging Strikes|p2a: Akaza
|-crit|p2a: Akaza
|-damage|p2a: Akaza|26/100
|-crit|p2a: Akaza
|-damage|p2a: Akaza|16/100
|-crit|p2a: Akaza
|-damage|p2a: Akaza|6/100
|-hitcount|p2a: Akaza|3
|
|upkeep
|turn|30
|
|t:|1659926263
|move|p1a: Urshifu|Surging Strikes|p2a: Akaza
|-crit|p2a: Akaza
|-damage|p2a: Akaza|0 fnt
|faint|p2a: Akaza
|-hitcount|p2: Akaza|1
|
|upkeep
|
|t:|1659926266
|switch|p2a: Messenger|Porygon2, shiny|94/100
|-ability|p2a: Messenger|Unseen Fist|[from] ability: Trace|[of] p1a: Urshifu
|turn|31
|inactive|AlekxBR has 210 seconds left.
|
|t:|1659926285
|move|p1a: Urshifu|Close Combat|p2a: Messenger
|-supereffective|p2a: Messenger
|-damage|p2a: Messenger|33/100
|-unboost|p1a: Urshifu|def|1
|-unboost|p1a: Urshifu|spd|1
|move|p2a: Messenger|Trick Room|p2a: Messenger
|-fieldstart|move: Trick Room|[of] p2a: Messenger
|
|upkeep
|turn|32
|
|t:|1659926293
|move|p1a: Urshifu|Surging Strikes|p2a: Messenger
|-crit|p2a: Messenger
|-damage|p2a: Messenger|23/100
|-crit|p2a: Messenger
|-damage|p2a: Messenger|13/100
|-crit|p2a: Messenger
|-damage|p2a: Messenger|2/100
|-hitcount|p2a: Messenger|3
|move|p2a: Messenger|Teleport|p2a: Messenger
|
|t:|1659926296
|switch|p2a: Qin shi Huang|Marowak-Alola, M, shiny|100/100|[from]move: Teleport
|
|upkeep
|turn|33
|
|t:|1659926304
|move|p1a: Urshifu|Aqua Jet|p2a: Qin shi Huang
|-supereffective|p2a: Qin shi Huang
|-damage|p2a: Qin shi Huang|59/100
|move|p2a: Qin shi Huang|Flare Blitz|p1a: Urshifu
|-resisted|p1a: Urshifu
|-damage|p1a: Urshifu|0 fnt
|faint|p1a: Urshifu
|
|upkeep
|
|t:|1659926310
|switch|p1a: Melmetal|Melmetal|95/100
|turn|34
|
|t:|1659926325
|move|p1a: Melmetal|Protect|p1a: Melmetal
|-singleturn|p1a: Melmetal|Protect
|move|p2a: Qin shi Huang|Flare Blitz|p1a: Melmetal
|-activate|p1a: Melmetal|move: Protect
|
|-heal|p1a: Melmetal|100/100|[from] item: Leftovers
|upkeep
|turn|35
|inactive|AlekxBR has 210 seconds left.
|
|t:|1659926359
|move|p2a: Qin shi Huang|Flare Blitz|p1a: Melmetal
|-supereffective|p1a: Melmetal
|-damage|p1a: Melmetal|0 fnt
|faint|p1a: Melmetal
|
|-fieldend|move: Trick Room
|upkeep
|
|t:|1659926362
|switch|p1a: Tapu Koko|Tapu Koko|100/100
|-fieldstart|move: Electric Terrain|[from] ability: Electric Surge|[of] p1a: Tapu Koko
|turn|36
|c|☆AlekxBR|se o sue koko for specs gg teu
|
|t:|1659926368
|move|p1a: Tapu Koko|Thunderbolt|p2a: Qin shi Huang
|-crit|p2a: Qin shi Huang
|-damage|p2a: Qin shi Huang|0 fnt
|faint|p2a: Qin shi Huang
|
|upkeep
|c|☆PedroGreg|é sim
|c|☆AlekxBR|f
|
|t:|1659926376
|switch|p2a: Messenger|Porygon2, shiny|2/100
|-ability|p2a: Messenger|Electric Surge|[from] ability: Trace|[of] p1a: Tapu Koko
|turn|37
|c|☆PedroGreg|gg
|
|t:|1659926380
|move|p1a: Tapu Koko|Thunderbolt|p2a: Messenger
|-damage|p2a: Messenger|0 fnt
|faint|p2a: Messenger
|
|win|PedroGreg
|c|☆AlekxBR|gg
