|j|☆DashIsBack
|j|☆Chikami
|t:|1653432726
|gametype|singles
|player|p1|DashIsBack|gambler|1748
|player|p2|Chikami|nate|1777
|teamsize|p1|6
|teamsize|p2|6
|gen|8
|tier|[Gen 8] OU
|rated|
|rule|Sleep Clause Mod: Limit one foe put to sleep
|rule|Species Clause: Limit one of each Pokémon
|rule|OHKO Clause: OHKO moves are banned
|rule|Evasion Moves Clause: Evasion moves are banned
|rule|Endless Battle Clause: Forcing endless battles is banned
|rule|HP Percentage Mod: HP is shown in percentages
|rule|Dynamax Clause: You cannot dynamax
|clearpoke
|poke|p1|Hitmonchan, M|
|poke|p1|Scizor, M|
|poke|p1|Weavile, M|
|poke|p1|Swampert, F|
|poke|p1|Vikavolt, M|
|poke|p1|Blaziken, M|
|poke|p2|Garchomp, M|
|poke|p2|Crawdaunt, F|
|poke|p2|Tapu Koko|
|poke|p2|Kartana|
|poke|p2|Clefable, M|
|poke|p2|Corviknight, M|
|teampreview
|inactive|Battle timer is ON: inactive players will automatically lose when time's up. (requested by DashIsBack)
|
|t:|1653432758
|start
|switch|p1a: Gradius|Vikavolt, M, shiny|100/100
|switch|p2a: Clefable|Clefable, M|100/100
|turn|1
|
|t:|1653432764
|move|p2a: Clefable|Stealth Rock|p1a: Gradius
|-sidestart|p1: DashIsBack|move: Stealth Rock
|move|p1a: Gradius|Sticky Web|p2a: Clefable
|-sidestart|p2: Chikami|move: Sticky Web
|
|upkeep
|turn|2
|
|t:|1653432768
|move|p2a: Clefable|Knock Off|p1a: Gradius
|-damage|p1a: Gradius|87/100
|-damage|p2a: Clefable|84/100|[from] item: Rocky Helmet|[of] p1a: Gradius
|-enditem|p1a: Gradius|Rocky Helmet|[from] move: Knock Off|[of] p2a: Clefable
|move|p1a: Gradius|Volt Switch|p2a: Clefable
|-damage|p2a: Clefable|57/100
|j| 8th Hokage Killua
|
|t:|1653432772
|switch|p1a: Akashi|Scizor, M|100/100|[from]move: Volt Switch
|-damage|p1a: Akashi|88/100|[from] Stealth Rock
|
|-heal|p2a: Clefable|63/100|[from] item: Leftovers
|upkeep
|turn|3
|
|t:|1653432778
|switch|p2a: Corviknight|Corviknight, M|100/100
|-ability|p2a: Corviknight|Pressure
|move|p1a: Akashi|U-turn|p2a: Corviknight
|-resisted|p2a: Corviknight
|-damage|p2a: Corviknight|92/100
|-damage|p1a: Akashi|71/100|[from] item: Rocky Helmet|[of] p2a: Corviknight
|
|t:|1653432782
|switch|p1a: Kipper|Swampert, F, shiny|100/100|[from]move: U-turn
|-damage|p1a: Kipper|94/100|[from] Stealth Rock
|
|upkeep
|turn|4
|inactive|Chikami has 120 seconds left.
|
|t:|1653432816
|move|p2a: Corviknight|U-turn|p1a: Kipper
|-crit|p1a: Kipper
|-damage|p1a: Kipper|77/100
|-damage|p2a: Corviknight|75/100|[from] item: Rocky Helmet|[of] p1a: Kipper
|inactive|Chikami has 120 seconds left.
|j| tyrannosebs
|
|t:|1653432836
|switch|p2a: Garchomp|Garchomp, M|100/100|[from]move: U-turn
|-activate|p2a: Garchomp|move: Sticky Web
|-unboost|p2a: Garchomp|spe|1
|move|p1a: Kipper|Stealth Rock|p2a: Garchomp
|-sidestart|p2: Chikami|move: Stealth Rock
|
|upkeep
|turn|5
|
|t:|1653432842
|move|p2a: Garchomp|Draco Meteor|p1a: Kipper
|-damage|p1a: Kipper|20/100
|-unboost|p2a: Garchomp|spa|2
|-damage|p2a: Garchomp|91/100|[from] item: Life Orb
|move|p1a: Kipper|Scald|p2a: Garchomp
|-damage|p2a: Garchomp|60/100
|
|upkeep
|turn|6
|inactive|Chikami has 120 seconds left.
|
|t:|1653432850
|switch|p1a: Tychan|Hitmonchan, M|100/100
|-damage|p1a: Tychan|95/100|[from] Stealth Rock
|move|p2a: Garchomp|Earthquake|p1a: Tychan
|-damage|p1a: Tychan|17/100
|-damage|p2a: Garchomp|50/100|[from] item: Life Orb
|
|upkeep
|turn|7
|inactive|Chikami has 120 seconds left.
|
|t:|1653432862
|switch|p2a: Corviknight|Corviknight, M|75/100
|-damage|p2a: Corviknight|63/100|[from] Stealth Rock
|-ability|p2a: Corviknight|Pressure
|switch|p1a: Gradius|Vikavolt, M, shiny|87/100
|-damage|p1a: Gradius|62/100|[from] Stealth Rock
|
|upkeep
|turn|8
|inactive|Chikami has 120 seconds left.
|
|t:|1653432877
|switch|p2a: Garchomp|Garchomp, M|50/100
|-activate|p2a: Garchomp|move: Sticky Web
|-unboost|p2a: Garchomp|spe|1
|-damage|p2a: Garchomp|44/100|[from] Stealth Rock
|move|p1a: Gradius|Volt Switch|p2a: Garchomp
|-immune|p2a: Garchomp
|
|upkeep
|turn|9
|inactive|Chikami has 120 seconds left.
|
|t:|1653432890
|move|p2a: Garchomp|Draco Meteor|p1a: Gradius|[miss]
|-miss|p2a: Garchomp|p1a: Gradius
|move|p1a: Gradius|Energy Ball|p2a: Garchomp
|-damage|p2a: Garchomp|4/100
|
|upkeep
|turn|10
|
|t:|1653432898
|move|p2a: Garchomp|Draco Meteor|p1a: Gradius
|-damage|p1a: Gradius|0 fnt
|-unboost|p2a: Garchomp|spa|2
|faint|p1a: Gradius
|-damage|p2a: Garchomp|0 fnt|[from] item: Life Orb
|faint|p2a: Garchomp
|
|upkeep
|
|t:|1653432913
|switch|p2a: Tapu Koko|Tapu Koko|100/100
|switch|p1a: Akashi|Scizor, M|71/100
|-fieldstart|move: Electric Terrain|[from] ability: Electric Surge|[of] p2a: Tapu Koko
|-damage|p1a: Akashi|59/100|[from] Stealth Rock
|turn|11
|
|t:|1653432923
|move|p1a: Akashi|Bullet Punch|p2a: Tapu Koko
|-damage|p2a: Tapu Koko|34/100
|move|p2a: Tapu Koko|Thunderbolt|p1a: Akashi
|-damage|p1a: Akashi|0 fnt
|faint|p1a: Akashi
|
|upkeep
|
|t:|1653432935
|switch|p1a: Sin|Weavile, M|100/100
|-damage|p1a: Sin|76/100|[from] Stealth Rock
|turn|12
|
|t:|1653432952
|switch|p2a: Clefable|Clefable, M|63/100
|-activate|p2a: Clefable|move: Sticky Web
|-unboost|p2a: Clefable|spe|1
|-damage|p2a: Clefable|51/100|[from] Stealth Rock
|move|p1a: Sin|Ice Shard|p2a: Clefable
|-damage|p2a: Clefable|24/100
|-damage|p1a: Sin|66/100|[from] item: Life Orb
|
|-heal|p2a: Clefable|30/100|[from] item: Leftovers
|upkeep
|turn|13
|
|t:|1653432965
|move|p1a: Sin|Knock Off|p2a: Clefable
|-resisted|p2a: Clefable
|-damage|p2a: Clefable|0 fnt
|-enditem|p2a: Clefable|Leftovers|[from] move: Knock Off|[of] p1a: Sin
|faint|p2a: Clefable
|-damage|p1a: Sin|56/100|[from] item: Life Orb
|
|upkeep
|inactive|Chikami has 120 seconds left.
|
|t:|1653432982
|switch|p2a: Corviknight|Corviknight, M|63/100
|-damage|p2a: Corviknight|50/100|[from] Stealth Rock
|-ability|p2a: Corviknight|Pressure
|turn|14
|
|t:|1653432986
|move|p1a: Sin|Knock Off|p2a: Corviknight
|-damage|p2a: Corviknight|13/100
|-damage|p1a: Sin|39/100|[from] item: Rocky Helmet|[of] p2a: Corviknight
|-enditem|p2a: Corviknight|Rocky Helmet|[from] move: Knock Off|[of] p1a: Sin
|-damage|p1a: Sin|29/100|[from] item: Life Orb
|move|p2a: Corviknight|Roost|p2a: Corviknight
|-heal|p2a: Corviknight|63/100
|-singleturn|p2a: Corviknight|move: Roost
|
|upkeep
|turn|15
|inactive|Chikami has 120 seconds left.
|
|t:|1653433008
|switch|p1a: Kipper|Swampert, F, shiny|20/100
|-damage|p1a: Kipper|14/100|[from] Stealth Rock
|move|p2a: Corviknight|U-turn|p1a: Kipper
|-damage|p1a: Kipper|1/100
|-damage|p2a: Corviknight|47/100|[from] item: Rocky Helmet|[of] p1a: Kipper
|
|t:|1653433024
|switch|p2a: Tapu Koko|Tapu Koko|34/100|[from]move: U-turn
|
|-fieldend|move: Electric Terrain
|upkeep
|turn|16
|
|t:|1653433027
|move|p2a: Tapu Koko|U-turn|p1a: Kipper
|-damage|p1a: Kipper|0 fnt
|-damage|p2a: Tapu Koko|18/100|[from] item: Rocky Helmet|[of] p1a: Kipper
|faint|p1a: Kipper
|inactive|Chikami has 90 seconds left.
|
|t:|1653433067
|switch|p2a: Crawdaunt|Crawdaunt, F|100/100|[from]move: U-turn
|-activate|p2a: Crawdaunt|move: Sticky Web
|-unboost|p2a: Crawdaunt|spe|1
|-damage|p2a: Crawdaunt|88/100|[from] Stealth Rock
|
|upkeep
|
|t:|1653433080
|switch|p1a: Tychan|Hitmonchan, M|17/100
|-damage|p1a: Tychan|11/100|[from] Stealth Rock
|turn|17
|inactive|Chikami has 90 seconds left.
|
|t:|1653433104
|switch|p2a: Tapu Koko|Tapu Koko|18/100
|-fieldstart|move: Electric Terrain|[from] ability: Electric Surge|[of] p2a: Tapu Koko
|move|p1a: Tychan|Mach Punch|p2a: Tapu Koko
|-resisted|p2a: Tapu Koko
|-damage|p2a: Tapu Koko|4/100
|
|upkeep
|turn|18
|
|t:|1653433110
|move|p1a: Tychan|Mach Punch|p2a: Tapu Koko
|-resisted|p2a: Tapu Koko
|-damage|p2a: Tapu Koko|0 fnt
|faint|p2a: Tapu Koko
|
|upkeep
|
|t:|1653433113
|switch|p2a: Corviknight|Corviknight, M|47/100
|-damage|p2a: Corviknight|34/100|[from] Stealth Rock
|-ability|p2a: Corviknight|Pressure
|turn|19
|
|t:|1653433116
|move|p1a: Tychan|Rapid Spin|p2a: Corviknight
|-resisted|p2a: Corviknight
|-damage|p2a: Corviknight|29/100
|-boost|p1a: Tychan|spe|1
|-sideend|p1: DashIsBack|Stealth Rock|[from] move: Rapid Spin|[of] p1a: Tychan
|move|p2a: Corviknight|Defog|p1a: Tychan
|-unboost|p1a: Tychan|evasion|1
|-sideend|p2: Chikami|Stealth Rock|[from] move: Defog|[of] p2a: Corviknight
|-sideend|p2: Chikami|Sticky Web|[from] move: Defog|[of] p2a: Corviknight
|-fieldend|move: Electric Terrain
|
|upkeep
|turn|20
|inactive|Chikami has 90 seconds left.
|
|t:|1653433139
|move|p1a: Tychan|Thunder Punch|p2a: Corviknight
|-supereffective|p2a: Corviknight
|-damage|p2a: Corviknight|0 fnt
|faint|p2a: Corviknight
|
|upkeep
|inactive|Chikami has 90 seconds left.
|
|t:|1653433145
|switch|p2a: Kartana|Kartana|100/100
|turn|21
|inactive|Chikami has 90 seconds left.
|
|t:|1653433176
|move|p1a: Tychan|Mach Punch|p2a: Kartana
|-supereffective|p2a: Kartana
|-damage|p2a: Kartana|58/100
|move|p2a: Kartana|Sacred Sword|p1a: Tychan
|-damage|p1a: Tychan|0 fnt
|faint|p1a: Tychan
|-ability|p2a: Kartana|Beast Boost|boost
|-boost|p2a: Kartana|atk|1
|
|upkeep
|
|t:|1653433183
|switch|p1a: Ken|Blaziken, M, shiny|100/100
|turn|22
|
|t:|1653433186
|move|p1a: Ken|Vacuum Wave|p2a: Kartana
|-supereffective|p2a: Kartana
|-damage|p2a: Kartana|0 fnt
|faint|p2a: Kartana
|
|-ability|p1a: Ken|Speed Boost|boost
|-boost|p1a: Ken|spe|1
|upkeep
|c| 8th Hokage Killua|Dash the goat
|
|t:|1653433192
|switch|p2a: Crawdaunt|Crawdaunt, F|88/100
|turn|23
|
|t:|1653433199
|move|p1a: Ken|Vacuum Wave|p2a: Crawdaunt
|-supereffective|p2a: Crawdaunt
|-damage|p2a: Crawdaunt|14/100
|move|p2a: Crawdaunt|Aqua Jet|p1a: Ken
|-supereffective|p1a: Ken
|-enditem|p1a: Ken|Focus Sash
|-damage|p1a: Ken|1/100
|-damage|p2a: Crawdaunt|4/100|[from] item: Life Orb
|
|-ability|p1a: Ken|Speed Boost|boost
|-boost|p1a: Ken|spe|1
|upkeep
|turn|24
|
|t:|1653433204
|move|p1a: Ken|Vacuum Wave|p2a: Crawdaunt
|-supereffective|p2a: Crawdaunt
|-damage|p2a: Crawdaunt|0 fnt
|faint|p2a: Crawdaunt
|
|win|DashIsBack
|raw|DashIsBack's rating: 1748 &rarr; <strong>1770</strong><br />(+22 for winning)
|raw|Chikami's rating: 1777 &rarr; <strong>1755</strong><br />(-22 for losing)
|l|☆Chikami
|c|☆DashIsBack|gg wp
