|j|☆Klaus poppe
|j|☆early_human
|player|p1|Klaus poppe|100|1569
|player|p2|early_human|170|1521
|teamsize|p1|6
|teamsize|p2|6
|gametype|singles
|gen|8
|tier|[Gen 8] OU
|rated|
|clearpoke
|poke|p1|Rillaboom, F|
|poke|p1|Excadrill, F|
|poke|p1|Urshifu-*, F|
|poke|p1|Magearna|
|poke|p1|Volcarona, M|
|poke|p1|Weavile, F|
|poke|p2|Lycanroc-Dusk, F|
|poke|p2|Hippowdon, F|
|poke|p2|Mandibuzz, F|
|poke|p2|Dragapult, F|
|poke|p2|Weezing-Galar, M|
|poke|p2|Volcarona, F|
|rule|Sleep Clause Mod: Limit one foe put to sleep
|rule|Species Clause: Limit one of each Pokémon
|rule|OHKO Clause: OHKO moves are banned
|rule|Evasion Moves Clause: Evasion moves are banned
|rule|Endless Battle Clause: Forcing endless battles is banned
|rule|HP Percentage Mod: HP is shown in percentages
|rule|Dynamax Clause: You cannot dynamax
|teampreview
|
|start
|switch|p1a: Excadrill|Excadrill, F|100/100
|switch|p2a: Hippowdon|Hippowdon, F|100/100
|-ability|p1a: Excadrill|Mold Breaker
|-weather|Sandstorm|[from] ability: Sand Stream|[of] p2a: Hippowdon
|turn|1
|
|move|p1a: Excadrill|Stealth Rock|p2a: Hippowdon
|-sidestart|p2: early_human|move: Stealth Rock
|move|p2a: Hippowdon|Earthquake|p1a: Excadrill
|-supereffective|p1a: Excadrill
|-enditem|p1a: Excadrill|Focus Sash
|-damage|p1a: Excadrill|1/100
|
|-weather|Sandstorm|[upkeep]
|upkeep
|turn|2
|
|move|p1a: Excadrill|Toxic|p2a: Hippowdon
|-status|p2a: Hippowdon|tox
|move|p2a: Hippowdon|Slack Off||[still]
|-fail|p2a: Hippowdon|heal
|
|-weather|Sandstorm|[upkeep]
|-damage|p2a: Hippowdon|94/100 tox|[from] psn
|upkeep
|turn|3
|
|move|p1a: Excadrill|Earthquake|p2a: Hippowdon
|-damage|p2a: Hippowdon|66/100 tox
|move|p2a: Hippowdon|Stealth Rock|p1a: Excadrill
|-sidestart|p1: Klaus poppe|move: Stealth Rock
|
|-weather|Sandstorm|[upkeep]
|-damage|p2a: Hippowdon|54/100 tox|[from] psn
|upkeep
|turn|4
|
|move|p1a: Excadrill|Rapid Spin|p2a: Hippowdon
|-damage|p2a: Hippowdon|45/100 tox
|-boost|p1a: Excadrill|spe|1
|-damage|p1a: Excadrill|0 fnt|[from] item: Rocky Helmet|[of] p2a: Hippowdon
|faint|p1a: Excadrill
|move|p2a: Hippowdon|Slack Off|p2a: Hippowdon
|-heal|p2a: Hippowdon|95/100 tox
|
|-weather|Sandstorm|[upkeep]
|-damage|p2a: Hippowdon|76/100 tox|[from] psn
|upkeep
|
|switch|p1a: Weavile|Weavile, F|100/100
|-damage|p1a: Weavile|76/100|[from] Stealth Rock
|-ability|p1a: Weavile|Pressure
|turn|5
|
|move|p1a: Weavile|Triple Axel|p2a: Hippowdon
|-supereffective|p2a: Hippowdon
|-damage|p2a: Hippowdon|63/100 tox
|-damage|p1a: Weavile|59/100|[from] item: Rocky Helmet|[of] p2a: Hippowdon
|-supereffective|p2a: Hippowdon
|-damage|p2a: Hippowdon|34/100 tox
|-damage|p1a: Weavile|43/100|[from] item: Rocky Helmet|[of] p2a: Hippowdon
|-supereffective|p2a: Hippowdon
|-damage|p2a: Hippowdon|0 fnt
|-damage|p1a: Weavile|26/100|[from] item: Rocky Helmet|[of] p2a: Hippowdon
|-hitcount|p2a: Hippowdon|3
|-damage|p1a: Weavile|17/100|[from] item: Life Orb
|faint|p2a: Hippowdon
|
|-weather|none
|upkeep
|
|switch|p2a: Lycanroc|Lycanroc-Dusk, F|100/100
|-damage|p2a: Lycanroc|88/100|[from] Stealth Rock
|turn|6
|
|move|p1a: Weavile|Ice Shard|p2a: Lycanroc
|-damage|p2a: Lycanroc|48/100
|-damage|p1a: Weavile|7/100|[from] item: Life Orb
|move|p2a: Lycanroc|Accelerock|p1a: Weavile
|-supereffective|p1a: Weavile
|-damage|p1a: Weavile|0 fnt
|-damage|p2a: Lycanroc|38/100|[from] item: Life Orb
|faint|p1a: Weavile
|
|upkeep
|
|switch|p1a: Urshifu|Urshifu-Rapid-Strike, F|100/100
|-damage|p1a: Urshifu|94/100|[from] Stealth Rock
|turn|7
|
|switch|p2a: Weezing|Weezing-Galar, M|100/100
|-ability|p2a: Weezing|Neutralizing Gas
|-damage|p2a: Weezing|88/100|[from] Stealth Rock
|move|p1a: Urshifu|Surging Strikes|p2a: Weezing
|-crit|p2a: Weezing
|-damage|p2a: Weezing|71/100
|-crit|p2a: Weezing
|-damage|p2a: Weezing|53/100
|-crit|p2a: Weezing
|-damage|p2a: Weezing|36/100
|-hitcount|p2a: Weezing|3
|
|-heal|p2a: Weezing|42/100|[from] item: Black Sludge
|upkeep
|turn|8
|
|move|p1a: Urshifu|Surging Strikes|p2a: Weezing
|-crit|p2a: Weezing
|-damage|p2a: Weezing|23/100
|-crit|p2a: Weezing
|-damage|p2a: Weezing|4/100
|-crit|p2a: Weezing
|-damage|p2a: Weezing|0 fnt
|-hitcount|p2a: Weezing|3
|faint|p2a: Weezing
|
|upkeep
|
|switch|p2a: Dragapult|Dragapult, F|100/100
|-damage|p2a: Dragapult|88/100|[from] Stealth Rock
|turn|9
|
|move|p1a: Urshifu|Surging Strikes|p2a: Dragapult
|-resisted|p2a: Dragapult
|-crit|p2a: Dragapult
|-damage|p2a: Dragapult|73/100
|-resisted|p2a: Dragapult
|-crit|p2a: Dragapult
|-damage|p2a: Dragapult|60/100
|-resisted|p2a: Dragapult
|-crit|p2a: Dragapult
|-damage|p2a: Dragapult|46/100
|-hitcount|p2a: Dragapult|3
|move|p2a: Dragapult|U-turn|p1a: Urshifu
|-resisted|p1a: Urshifu
|-damage|p1a: Urshifu|86/100
|-message|early_human forfeited.
|
|win|Klaus poppe
|l|☆early_human
