|j|☆isheavydead
|j|☆Fusien
|inactive|Battle timer is ON: inactive players will automatically lose when time's up.
|t:|1614648488
|player|p1|isheavydead|ethan|
|player|p2|Fusien|riley|
|teamsize|p1|6
|teamsize|p2|6
|gametype|singles
|gen|8
|tier|[Gen 8] OU
|rated|Tournament battle
|clearpoke
|poke|p1|Landorus-Therian, M|
|poke|p1|Kyurem|
|poke|p1|Urshifu-*, M|
|poke|p1|Moltres-Galar|
|poke|p1|Dragapult, M|
|poke|p1|Aegislash, M|
|poke|p2|Ferrothorn, M|
|poke|p2|Weavile, F|
|poke|p2|Swampert, F|
|poke|p2|Victini|
|poke|p2|Mandibuzz, F|
|poke|p2|Tapu Koko|
|rule|Sleep Clause Mod: Limit one foe put to sleep
|rule|Species Clause: Limit one of each Pokémon
|rule|OHKO Clause: OHKO moves are banned
|rule|Evasion Moves Clause: Evasion moves are banned
|rule|Endless Battle Clause: Forcing endless battles is banned
|rule|HP Percentage Mod: HP is shown in percentages
|rule|Dynamax Clause: You cannot dynamax
|teampreview
|inactive|Fusien also wants the timer to be on.
|c|☆Fusien|Glhf
|c|☆isheavydead|u2
|c|☆isheavydead|i think im fucked
|j| buteko
|
|t:|1614648506
|start
|switch|p1a: Poseidon-Blade|Urshifu-Rapid-Strike, M|100/100
|switch|p2a: Weavile|Weavile, F|100/100
|-ability|p2a: Weavile|Pressure
|turn|1
|
|t:|1614648514
|switch|p2a: Tapu Koko|Tapu Koko|100/100
|-fieldstart|move: Electric Terrain|[from] ability: Electric Surge|[of] p2a: Tapu Koko
|move|p1a: Poseidon-Blade|U-turn|p2a: Tapu Koko
|-resisted|p2a: Tapu Koko
|-damage|p2a: Tapu Koko|84/100
|
|t:|1614648523
|switch|p1a: Achilles|Aegislash, M, shiny|100/100|[from]move: U-turn
|
|upkeep
|turn|2
|c|☆Fusien|I think you win
|j| trollllordd
|c|☆Fusien|you have a good mu
|c|☆isheavydead|nah weavile shreds me
|j|#Ox the Fox
|
|t:|1614648542
|move|p2a: Tapu Koko|U-turn|p1a: Achilles
|-resisted|p1a: Achilles
|-damage|p1a: Achilles|96/100
|
|t:|1614648545
|switch|p2a: Ferrothorn|Ferrothorn, M|100/100|[from]move: U-turn
|-formechange|p1a: Achilles|Aegislash-Blade||[from] ability: Stance Change
|move|p1a: Achilles|Shadow Ball|p2a: Ferrothorn
|-damage|p2a: Ferrothorn|42/100
|-unboost|p2a: Ferrothorn|spd|1
|
|-heal|p2a: Ferrothorn|49/100|[from] item: Leftovers
|upkeep
|turn|3
|
|t:|1614648556
|switch|p1a: Kyotaro|Kyurem, shiny|100/100
|-ability|p1a: Kyotaro|Pressure
|switch|p2a: Mandibuzz|Mandibuzz, F|100/100
|
|upkeep
|turn|4
|
|t:|1614648569
|switch|p2a: Victini|Victini|100/100
|move|p1a: Kyotaro|Ice Beam|p2a: Victini
|-resisted|p2a: Victini
|-damage|p2a: Victini|73/100
|
|upkeep
|turn|5
|
|t:|1614648582
|switch|p1a: Leviathan|Dragapult, M|100/100
|move|p2a: Victini|Glaciate|p1a: Leviathan
|-supereffective|p1a: Leviathan
|-crit|p1a: Leviathan
|-damage|p1a: Leviathan|40/100
|-enditem|p1a: Leviathan|Weakness Policy
|-boost|p1a: Leviathan|atk|2|[from] item: Weakness Policy
|-boost|p1a: Leviathan|spa|2|[from] item: Weakness Policy
|
|-fieldend|move: Electric Terrain
|upkeep
|turn|6
|c|☆Fusien|Oh shit
|
|t:|1614648597
|switch|p2a: Ferrothorn|Ferrothorn, M|49/100
|move|p1a: Leviathan|Dragon Dance|p1a: Leviathan
|-boost|p1a: Leviathan|atk|1
|-boost|p1a: Leviathan|spe|1
|
|-heal|p2a: Ferrothorn|55/100|[from] item: Leftovers
|upkeep
|turn|7
|
|t:|1614648603
|move|p1a: Leviathan|Flamethrower|p2a: Ferrothorn
|-supereffective|p2a: Ferrothorn
|-damage|p2a: Ferrothorn|0 fnt
|faint|p2a: Ferrothorn
|
|upkeep
|
|t:|1614648605
|switch|p2a: Weavile|Weavile, F|100/100
|-ability|p2a: Weavile|Pressure
|turn|8
|
|t:|1614648609
|switch|p1a: Poseidon-Blade|Urshifu-Rapid-Strike, M|100/100
|move|p2a: Weavile|Ice Shard|p1a: Poseidon-Blade
|-resisted|p1a: Poseidon-Blade
|-damage|p1a: Poseidon-Blade|90/100
|
|upkeep
|turn|9
|
|t:|1614648616
|switch|p2a: Mandibuzz|Mandibuzz, F|100/100
|move|p1a: Poseidon-Blade|U-turn|p2a: Mandibuzz
|-damage|p2a: Mandibuzz|83/100
|
|t:|1614648621
|switch|p1a: Kyotaro|Kyurem, shiny|100/100|[from]move: U-turn
|-ability|p1a: Kyotaro|Pressure
|
|upkeep
|turn|10
|
|t:|1614648625
|move|p1a: Kyotaro|Draco Meteor|p2a: Mandibuzz
|-damage|p2a: Mandibuzz|34/100
|-unboost|p1a: Kyotaro|spa|2
|move|p2a: Mandibuzz|Roost|p2a: Mandibuzz
|-heal|p2a: Mandibuzz|84/100
|-singleturn|p2a: Mandibuzz|move: Roost
|
|upkeep
|turn|11
|j| AquaVanilla
|
|t:|1614648647
|switch|p1a: Poseidon-Blade|Urshifu-Rapid-Strike, M|90/100
|move|p2a: Mandibuzz|U-turn|p1a: Poseidon-Blade
|-resisted|p1a: Poseidon-Blade
|-damage|p1a: Poseidon-Blade|85/100
|
|t:|1614648650
|switch|p2a: Tapu Koko|Tapu Koko|84/100|[from]move: U-turn
|-fieldstart|move: Electric Terrain|[from] ability: Electric Surge|[of] p2a: Tapu Koko
|
|upkeep
|turn|12
|
|t:|1614648664
|switch|p1a: Leviathan|Dragapult, M|40/100
|move|p2a: Tapu Koko|U-turn|p1a: Leviathan
|-resisted|p1a: Leviathan
|-damage|p1a: Leviathan|30/100
|
|t:|1614648672
|switch|p2a: Swampert|Swampert, F|100/100|[from]move: U-turn
|
|upkeep
|turn|13
|
|t:|1614648677
|move|p1a: Leviathan|Dragon Darts|p2a: Swampert
|-damage|p2a: Swampert|75/100
|-anim|p1a: Leviathan|Dragon Darts|p2a: Swampert
|-damage|p2a: Swampert|51/100
|move|p2a: Swampert|Stealth Rock|p1a: Leviathan
|-sidestart|p1: isheavydead|move: Stealth Rock
|
|-heal|p2a: Swampert|57/100|[from] item: Leftovers
|upkeep
|turn|14
|
|t:|1614648686
|move|p1a: Leviathan|Dragon Dance|p1a: Leviathan
|-boost|p1a: Leviathan|atk|1
|-boost|p1a: Leviathan|spe|1
|move|p2a: Swampert|Flip Turn|p1a: Leviathan
|-resisted|p1a: Leviathan
|-damage|p1a: Leviathan|16/100
|
|t:|1614648687
|switch|p2a: Weavile|Weavile, F|100/100|[from]move: Flip Turn
|-ability|p2a: Weavile|Pressure
|
|upkeep
|turn|15
|
|t:|1614648690
|move|p2a: Weavile|Ice Shard|p1a: Leviathan
|-supereffective|p1a: Leviathan
|-damage|p1a: Leviathan|0 fnt
|faint|p1a: Leviathan
|
|-fieldend|move: Electric Terrain
|upkeep
|
|t:|1614648695
|switch|p1a: Poseidon-Blade|Urshifu-Rapid-Strike, M|85/100
|-damage|p1a: Poseidon-Blade|79/100|[from] Stealth Rock
|turn|16
|
|t:|1614648699
|switch|p2a: Swampert|Swampert, F|57/100
|move|p1a: Poseidon-Blade|U-turn|p2a: Swampert
|-damage|p2a: Swampert|34/100
|
|t:|1614648716
|switch|p1a: Lucifer|Landorus-Therian, M|100/100|[from]move: U-turn
|-damage|p1a: Lucifer|88/100|[from] Stealth Rock
|-ability|p1a: Lucifer|Intimidate|boost
|-unboost|p2a: Swampert|atk|1
|
|-heal|p2a: Swampert|40/100|[from] item: Leftovers
|upkeep
|turn|17
|
|t:|1614648718
|move|p1a: Lucifer|Knock Off|p2a: Swampert
|-damage|p2a: Swampert|0 fnt
|-enditem|p2a: Swampert|Leftovers|[from] move: Knock Off|[of] p1a: Lucifer
|faint|p2a: Swampert
|
|upkeep
|
|t:|1614648721
|switch|p2a: Weavile|Weavile, F|100/100
|-ability|p2a: Weavile|Pressure
|turn|18
|inactive|isheavydead has 120 seconds left.
|
|t:|1614648760
|switch|p1a: Yami|Moltres-Galar|100/100
|move|p2a: Weavile|Triple Axel|p1a: Yami
|-supereffective|p1a: Yami
|-damage|p1a: Yami|77/100
|-supereffective|p1a: Yami
|-damage|p1a: Yami|28/100
|-supereffective|p1a: Yami
|-damage|p1a: Yami|0 fnt
|-hitcount|p1a: Yami|3
|faint|p1a: Yami
|
|upkeep
|
|t:|1614648764
|switch|p1a: Poseidon-Blade|Urshifu-Rapid-Strike, M|79/100
|-damage|p1a: Poseidon-Blade|73/100|[from] Stealth Rock
|turn|19
|
|t:|1614648770
|switch|p2a: Mandibuzz|Mandibuzz, F|84/100
|move|p1a: Poseidon-Blade|U-turn|p2a: Mandibuzz
|-damage|p2a: Mandibuzz|67/100
|
|t:|1614648784
|switch|p1a: Achilles|Aegislash, M, shiny|96/100|[from]move: U-turn
|-damage|p1a: Achilles|90/100|[from] Stealth Rock
|
|upkeep
|turn|20
|
|t:|1614648787
|-formechange|p1a: Achilles|Aegislash-Blade||[from] ability: Stance Change
|move|p1a: Achilles|Steel Beam|p2a: Mandibuzz
|-damage|p2a: Mandibuzz|0 fnt
|-damage|p1a: Achilles|40/100|[from] mindblown
|faint|p2a: Mandibuzz
|
|upkeep
|
|t:|1614648799
|switch|p2a: Victini|Victini|73/100
|turn|21
|
|t:|1614648802
|move|p2a: Victini|V-create|p1a: Achilles
|-supereffective|p1a: Achilles
|-damage|p1a: Achilles|0 fnt
|-unboost|p2a: Victini|spe|1
|-unboost|p2a: Victini|def|1
|-unboost|p2a: Victini|spd|1
|faint|p1a: Achilles
|
|upkeep
|
|t:|1614648815
|switch|p1a: Poseidon-Blade|Urshifu-Rapid-Strike, M|73/100
|-damage|p1a: Poseidon-Blade|67/100|[from] Stealth Rock
|turn|22
|
|t:|1614648822
|move|p1a: Poseidon-Blade|Surging Strikes|p2a: Victini
|-supereffective|p2a: Victini
|-crit|p2a: Victini
|-damage|p2a: Victini|5/100
|-supereffective|p2a: Victini
|-crit|p2a: Victini
|-damage|p2a: Victini|0 fnt
|-hitcount|p2a: Victini|2
|faint|p2a: Victini
|
|upkeep
|
|t:|1614648827
|switch|p2a: Tapu Koko|Tapu Koko|84/100
|-fieldstart|move: Electric Terrain|[from] ability: Electric Surge|[of] p2a: Tapu Koko
|turn|23
|
|t:|1614648833
|switch|p1a: Lucifer|Landorus-Therian, M|88/100
|-damage|p1a: Lucifer|75/100|[from] Stealth Rock
|-ability|p1a: Lucifer|Intimidate|boost
|-unboost|p2a: Tapu Koko|atk|1
|move|p2a: Tapu Koko|Dazzling Gleam|p1a: Lucifer
|-damage|p1a: Lucifer|36/100
|
|upkeep
|turn|24
|j| Mel0nL0rd
|
|t:|1614648843
|move|p2a: Tapu Koko|Dazzling Gleam|p1a: Lucifer
|-crit|p1a: Lucifer
|-damage|p1a: Lucifer|0 fnt
|faint|p1a: Lucifer
|
|upkeep
|
|t:|1614648846
|switch|p1a: Kyotaro|Kyurem, shiny|100/100
|-damage|p1a: Kyotaro|76/100|[from] Stealth Rock
|-ability|p1a: Kyotaro|Pressure
|turn|25
|c| Mel0nL0rd|heavy is dead
|c|☆isheavydead|hi
|c|☆isheavydead|thats me
|
|t:|1614648852
|switch|p2a: Weavile|Weavile, F|100/100
|-ability|p2a: Weavile|Pressure
|move|p1a: Kyotaro|Earth Power|p2a: Weavile
|-damage|p2a: Weavile|56/100
|-unboost|p2a: Weavile|spd|1
|
|upkeep
|turn|26
|c|☆isheavydead|damn dude
|c|☆isheavydead|u know what it's fine ill give it to u fusien
|c|☆Fusien|Nah don’t
|c|☆isheavydead|i should do homework
|-message|Fusien forfeited.
|
|win|isheavydead
|n|☆isheavydead|isheavydead
|n|☆Fusien|fusien
|n| buteko|buteko
|n| trollllordd|trollllordd
|n|+Ox the Fox|oxthefox
|n| AquaVanilla|aquavanilla
|n| Mel0nL0rd|mel0nl0rd
|c|☆isheavydead|nooo
|c| Mel0nL0rd|watttttt
|c|☆Fusien|I don’t want free ones
|c|☆Fusien|gg
|c|☆isheavydead|gg
|l|☆isheavydead
|l| Mel0nL0rd
