|raw|<div class="broadcast-blue"><strong>This battle is required to be public due to a player having a name starting with 'lt83aq'.</div>
|j|☆LT83AQ Ahsan
|j|☆BestixL
|t:|1626715347
|gametype|singles
|player|p1|LT83AQ Ahsan|clemont|1870
|player|p2|BestixL|flannery|1830
|teamsize|p1|6
|teamsize|p2|6
|gen|8
|tier|[Gen 8] OU
|rated|
|rule|Sleep Clause Mod: Limit one foe put to sleep
|rule|Species Clause: Limit one of each Pokémon
|rule|OHKO Clause: OHKO moves are banned
|rule|Evasion Moves Clause: Evasion moves are banned
|rule|Endless Battle Clause: Forcing endless battles is banned
|rule|HP Percentage Mod: HP is shown in percentages
|rule|Dynamax Clause: You cannot dynamax
|clearpoke
|poke|p1|Dragapult, F|
|poke|p1|Landorus-Therian, M|
|poke|p1|Toxtricity, M|
|poke|p1|Heatran, M|
|poke|p1|Mew|
|poke|p1|Kyurem|
|poke|p2|Clefable, F|
|poke|p2|Heatran, M|
|poke|p2|Reuniclus, M|
|poke|p2|Landorus-Therian, M|
|poke|p2|Toxapex, M|
|poke|p2|Corviknight, M|
|teampreview
|j|+Dag◟Dan◝
|j| kani baru
|j| InsaneBread
|j| wrfw
|inactive|Battle timer is ON: inactive players will automatically lose when time's up. (requested by LT83AQ Ahsan)
|j| AngleProtractor
|j| Simp for Thighs
|l| AngleProtractor
|j| Dr J3kyll
|inactive|BestixL has 120 seconds left.
|
|t:|1626715391
|start
|switch|p1a: Mew|Mew|100/100
|switch|p2a: 2 soon|Landorus-Therian, M|100/100
|-ability|p2a: 2 soon|Intimidate|boost
|-unboost|p1a: Mew|atk|1
|turn|1
|j| Plasmeek
|j| LT83AQ nnbp
|
|t:|1626715395
|move|p1a: Mew|Spikes|p2a: 2 soon
|-sidestart|p2: BestixL|Spikes
|move|p2a: 2 soon|Knock Off|p1a: Mew
|-supereffective|p1a: Mew
|-damage|p1a: Mew|53/100
|-enditem|p1a: Mew|Leftovers|[from] move: Knock Off|[of] p2a: 2 soon
|
|upkeep
|turn|2
|j| Corazan
|
|t:|1626715401
|move|p1a: Mew|Will-O-Wisp|p2a: 2 soon
|-status|p2a: 2 soon|brn
|move|p2a: 2 soon|Stealth Rock|p1a: Mew
|-sidestart|p1: LT83AQ Ahsan|move: Stealth Rock
|
|-damage|p2a: 2 soon|94/100 brn|[from] brn
|upkeep
|turn|3
|
|t:|1626715407
|move|p1a: Mew|Spikes|p2a: 2 soon
|-sidestart|p2: BestixL|Spikes
|move|p2a: 2 soon|U-turn|p1a: Mew
|-supereffective|p1a: Mew
|-damage|p1a: Mew|35/100
|
|t:|1626715413
|switch|p2a: WA-R-R|Heatran, M|100/100|[from]move: U-turn
|-item|p2a: WA-R-R|Air Balloon
|
|upkeep
|turn|4
|j| Amigento1958
|
|t:|1626715417
|move|p1a: Mew|Spikes|p2a: WA-R-R
|-sidestart|p2: BestixL|Spikes
|move|p2a: WA-R-R|Magma Storm|p1a: Mew
|-damage|p1a: Mew|0 fnt
|faint|p1a: Mew
|
|upkeep
|j| bougzen
|j| Ghostmanz
|
|t:|1626715425
|switch|p1a: Landorus|Landorus-Therian, M|100/100
|-damage|p1a: Landorus|88/100|[from] Stealth Rock
|-ability|p1a: Landorus|Intimidate|boost
|-unboost|p2a: WA-R-R|atk|1
|turn|5
|j| quilto
|c| Ghostmanz|ahsan the man
|
|t:|1626715428
|move|p1a: Landorus|U-turn|p2a: WA-R-R
|-resisted|p2a: WA-R-R
|-damage|p2a: WA-R-R|90/100
|-enditem|p2a: WA-R-R|Air Balloon
|
|t:|1626715432
|switch|p1a: Heatran|Heatran, M|100/100|[from]move: U-turn
|-damage|p1a: Heatran|88/100|[from] Stealth Rock
|move|p2a: WA-R-R|Toxic|p1a: Heatran
|-immune|p1a: Heatran
|
|-heal|p1a: Heatran|94/100|[from] item: Leftovers
|upkeep
|turn|6
|
|t:|1626715438
|move|p2a: WA-R-R|Earth Power|p1a: Heatran
|-supereffective|p1a: Heatran
|-damage|p1a: Heatran|11/100
|move|p1a: Heatran|Stealth Rock|p2a: WA-R-R
|-sidestart|p2: BestixL|move: Stealth Rock
|
|-heal|p1a: Heatran|18/100|[from] item: Leftovers
|upkeep
|turn|7
|j| LT83AQ Hockey
|
|t:|1626715444
|switch|p1a: Landorus|Landorus-Therian, M|88/100
|-damage|p1a: Landorus|76/100|[from] Stealth Rock
|-ability|p1a: Landorus|Intimidate|boost
|-unboost|p2a: WA-R-R|atk|1
|move|p2a: WA-R-R|Earth Power|p1a: Landorus
|-immune|p1a: Landorus
|
|upkeep
|turn|8
|
|t:|1626715448
|move|p1a: Landorus|U-turn|p2a: WA-R-R
|-resisted|p2a: WA-R-R
|-damage|p2a: WA-R-R|79/100
|j| Luigi over mario
|
|t:|1626715450
|switch|p1a: Heatran|Heatran, M|18/100|[from]move: U-turn
|-damage|p1a: Heatran|5/100|[from] Stealth Rock
|move|p2a: WA-R-R|Earth Power|p1a: Heatran
|-supereffective|p1a: Heatran
|-damage|p1a: Heatran|0 fnt
|faint|p1a: Heatran
|
|upkeep
|j| Lt83AQ Yelo
|
|t:|1626715453
|switch|p1a: Dragapult|Dragapult, F|100/100
|-damage|p1a: Dragapult|88/100|[from] Stealth Rock
|turn|9
|j| LT83AQ IDKHTP
|
|t:|1626715460
|move|p1a: Dragapult|Thunder Wave|p2a: WA-R-R
|-status|p2a: WA-R-R|par
|cant|p2a: WA-R-R|par
|
|upkeep
|turn|10
|j| LT83AQ M
|
|t:|1626715466
|move|p1a: Dragapult|Hex|p2a: WA-R-R
|-damage|p2a: WA-R-R|33/100 par
|move|p2a: WA-R-R|Toxic|p1a: Dragapult
|-status|p1a: Dragapult|tox
|
|-damage|p1a: Dragapult|82/100 tox|[from] psn
|upkeep
|turn|11
|
|t:|1626715470
|switch|p2a: Itsuki|Clefable, F|100/100
|move|p1a: Dragapult|Hex|p2a: Itsuki
|-damage|p2a: Itsuki|76/100
|
|-damage|p1a: Dragapult|70/100 tox|[from] psn
|upkeep
|turn|12
|
|t:|1626715478
|switch|p1a: Toxtricity|Toxtricity, M|100/100
|-damage|p1a: Toxtricity|88/100|[from] Stealth Rock
|move|p2a: Itsuki|Heal Bell|p2a: Itsuki
|-activate|p2a: Itsuki|move: Heal Bell
|-curestatus|p2: 2 soon|brn|[msg]
|-curestatus|p2: WA-R-R|par|[msg]
|
|upkeep
|turn|13
|
|t:|1626715482
|switch|p2a: gimme love|Reuniclus, M|100/100
|-damage|p2a: gimme love|75/100|[from] Spikes
|-damage|p2a: gimme love|63/100|[from] Stealth Rock
|move|p1a: Toxtricity|Boomburst|p2a: gimme love
|-damage|p2a: gimme love|25/100
|
|upkeep
|turn|14
|j| Moraband
|
|t:|1626715490
|switch|p2a: the reaper|Corviknight, M|100/100
|-damage|p2a: the reaper|88/100|[from] Stealth Rock
|-ability|p2a: the reaper|Pressure
|move|p1a: Toxtricity|Boomburst|p2a: the reaper
|-resisted|p2a: the reaper
|-damage|p2a: the reaper|41/100
|
|-heal|p2a: the reaper|47/100|[from] item: Leftovers
|upkeep
|turn|15
|l| LT83AQ M
|c|☆BestixL|ke daño
|j| randyalters
|j| BabyPigsAreLaughin
|inactive|BestixL has 120 seconds left.
|j| LT83AQ Arak ✞
|
|t:|1626715523
|move|p1a: Toxtricity|Boomburst|p2a: the reaper
|-resisted|p2a: the reaper
|-damage|p2a: the reaper|4/100
|move|p2a: the reaper|Roost|p2a: the reaper
|-heal|p2a: the reaper|54/100
|-singleturn|p2a: the reaper|move: Roost
|
|-heal|p2a: the reaper|60/100|[from] item: Leftovers
|upkeep
|turn|16
|
|t:|1626715534
|switch|p1a: Kyurem|Kyurem|100/100
|-damage|p1a: Kyurem|76/100|[from] Stealth Rock
|-ability|p1a: Kyurem|Pressure
|move|p2a: the reaper|Roost|p2a: the reaper
|-heal|p2a: the reaper|100/100
|-singleturn|p2a: the reaper|move: Roost
|
|upkeep
|turn|17
|
|t:|1626715540
|move|p1a: Kyurem|Ice Beam|p2a: the reaper
|-damage|p2a: the reaper|55/100
|move|p2a: the reaper|Defog|p1a: Kyurem
|-unboost|p1a: Kyurem|evasion|1
|-sideend|p1: LT83AQ Ahsan|Stealth Rock|[from] move: Defog|[of] p2a: the reaper
|-sideend|p2: BestixL|Spikes|[from] move: Defog|[of] p2a: the reaper
|-sideend|p2: BestixL|Stealth Rock|[from] move: Defog|[of] p2a: the reaper
|
|-heal|p2a: the reaper|61/100|[from] item: Leftovers
|upkeep
|turn|18
|
|t:|1626715547
|switch|p1a: Toxtricity|Toxtricity, M|88/100
|switch|p2a: just friends|Toxapex, M|100/100
|
|upkeep
|turn|19
|
|t:|1626715551
|switch|p2a: gimme love|Reuniclus, M|58/100
|move|p1a: Toxtricity|Overdrive|p2a: gimme love
|-damage|p2a: gimme love|25/100
|
|upkeep
|turn|20
|
|t:|1626715556
|switch|p1a: Kyurem|Kyurem|76/100
|-ability|p1a: Kyurem|Pressure
|switch|p2a: 2 soon|Landorus-Therian, M|94/100
|-ability|p2a: 2 soon|Intimidate|boost
|-unboost|p1a: Kyurem|atk|1
|
|-heal|p2a: 2 soon|100/100|[from] item: Leftovers
|upkeep
|turn|21
|
|t:|1626715560
|switch|p1a: Landorus|Landorus-Therian, M|76/100
|-ability|p1a: Landorus|Intimidate|boost
|-unboost|p2a: 2 soon|atk|1
|switch|p2a: just friends|Toxapex, M|100/100
|
|upkeep
|turn|22
|
|t:|1626715564
|switch|p2a: the reaper|Corviknight, M|61/100
|-ability|p2a: the reaper|Pressure
|move|p1a: Landorus|Earthquake|p2a: the reaper
|-immune|p2a: the reaper
|
|-heal|p2a: the reaper|67/100|[from] item: Leftovers
|upkeep
|turn|23
|
|t:|1626715573
|switch|p1a: Toxtricity|Toxtricity, M|88/100
|move|p2a: the reaper|Roost|p2a: the reaper
|-heal|p2a: the reaper|100/100
|-singleturn|p2a: the reaper|move: Roost
|
|upkeep
|turn|24
|l| InsaneBread
|
|t:|1626715580
|switch|p2a: gimme love|Reuniclus, M|58/100
|move|p1a: Toxtricity|Boomburst|p2a: gimme love
|-damage|p2a: gimme love|16/100
|
|upkeep
|turn|25
|j| InsaneBread
|
|t:|1626715584
|switch|p2a: the reaper|Corviknight, M|100/100
|-ability|p2a: the reaper|Pressure
|move|p1a: Toxtricity|Boomburst|p2a: the reaper
|-resisted|p2a: the reaper
|-damage|p2a: the reaper|53/100
|
|-heal|p2a: the reaper|59/100|[from] item: Leftovers
|upkeep
|turn|26
|
|t:|1626715587
|switch|p1a: Kyurem|Kyurem|76/100
|-ability|p1a: Kyurem|Pressure
|move|p2a: the reaper|Roost|p2a: the reaper
|-heal|p2a: the reaper|100/100
|-singleturn|p2a: the reaper|move: Roost
|
|upkeep
|turn|27
|
|t:|1626715592
|switch|p2a: just friends|Toxapex, M|100/100
|move|p1a: Kyurem|Freeze-Dry|p2a: just friends
|-supereffective|p2a: just friends
|-damage|p2a: just friends|54/100
|
|upkeep
|turn|28
|
|t:|1626715604
|switch|p1a: Landorus|Landorus-Therian, M|76/100
|-ability|p1a: Landorus|Intimidate|boost
|-unboost|p2a: just friends|atk|1
|switch|p2a: gimme love|Reuniclus, M|50/100
|
|upkeep
|turn|29
|
|t:|1626715607
|switch|p2a: the reaper|Corviknight, M|100/100
|-ability|p2a: the reaper|Pressure
|move|p1a: Landorus|Knock Off|p2a: the reaper
|-damage|p2a: the reaper|66/100
|-enditem|p2a: the reaper|Leftovers|[from] move: Knock Off|[of] p1a: Landorus
|
|upkeep
|turn|30
|
|t:|1626715611
|switch|p1a: Toxtricity|Toxtricity, M|88/100
|move|p2a: the reaper|Roost|p2a: the reaper
|-heal|p2a: the reaper|100/100
|-singleturn|p2a: the reaper|move: Roost
|
|upkeep
|turn|31
|
|t:|1626715616
|switch|p2a: gimme love|Reuniclus, M|83/100
|move|p1a: Toxtricity|Boomburst|p2a: gimme love
|-crit|p2a: gimme love
|-damage|p2a: gimme love|19/100
|
|upkeep
|turn|32
|
|t:|1626715626
|switch|p2a: the reaper|Corviknight, M|100/100
|-ability|p2a: the reaper|Pressure
|move|p1a: Toxtricity|Boomburst|p2a: the reaper
|-resisted|p2a: the reaper
|-damage|p2a: the reaper|53/100
|
|upkeep
|turn|33
|
|t:|1626715638
|switch|p1a: Landorus|Landorus-Therian, M|76/100
|-ability|p1a: Landorus|Intimidate|boost
|-unboost|p2a: the reaper|atk|1
|move|p2a: the reaper|Roost|p2a: the reaper
|-heal|p2a: the reaper|100/100
|-singleturn|p2a: the reaper|move: Roost
|
|upkeep
|turn|34
|l| randyalters
|
|t:|1626715653
|move|p1a: Landorus|Stone Edge|p2a: the reaper
|-damage|p2a: the reaper|66/100
|move|p2a: the reaper|Body Press|p1a: Landorus
|-resisted|p1a: Landorus
|-damage|p1a: Landorus|62/100
|
|upkeep
|turn|35
|
|t:|1626715657
|move|p1a: Landorus|Stone Edge|p2a: the reaper
|-damage|p2a: the reaper|31/100
|move|p2a: the reaper|Roost|p2a: the reaper
|-heal|p2a: the reaper|81/100
|-singleturn|p2a: the reaper|move: Roost
|
|upkeep
|turn|36
|-message|LT83AQ Ahsan forfeited.
|
|win|BestixL
|raw|LT83AQ Ahsan's rating: 1870 &rarr; <strong>1848</strong><br />(-22 for losing)
|raw|BestixL's rating: 1830 &rarr; <strong>1852</strong><br />(+22 for winning)
|l|☆LT83AQ Ahsan
|j| Nezloe
|j| regnite ◕‿◕
|l| LT83AQ nnbp
|l| InsaneBread
|l| Nezloe
|l| regnite ◕‿◕
|l| wrfw
|l| Dr J3kyll
|l| Amigento1958
|j| Amigento1958
|l| Luigi over mario
|l|+Dag◟Dan◝
|l| Amigento1958
|l| Corazan
|l| Moraband
|j| LT83AQ Sago
||Ladder isn't responding, score probably updated but might not have (Request timeout).
|j| LT83AQ S
|l| LT83AQ Sago
|l|☆BestixL
|l| LT83AQ S
|l| BabyPigsAreLaughin
|l| LT83AQ Hockey
|n| Dreams of Akasha|simpforthighs
