|j|☆gotsnsd
|j|☆El Stefano
|t:|1667078376
|gametype|singles
|player|p1|gotsnsd|beauty-gen2jp|1636
|player|p2|El Stefano|101|1754
|teamsize|p1|6
|teamsize|p2|6
|gen|8
|tier|[Gen 8] OU
|rated|
|rule|Sleep Clause Mod: Limit one foe put to sleep
|rule|Species Clause: Limit one of each Pokémon
|rule|OHKO Clause: OHKO moves are banned
|rule|Evasion Items Clause: Evasion items are banned
|rule|Evasion Moves Clause: Evasion moves are banned
|rule|Endless Battle Clause: Forcing endless battles is banned
|rule|HP Percentage Mod: HP is shown in percentages
|rule|Dynamax Clause: You cannot dynamax
|clearpoke
|poke|p1|Urshifu-*, F|
|poke|p1|Garchomp, F|
|poke|p1|Heatran, F|
|poke|p1|Tapu Lele|
|poke|p1|Zapdos|
|poke|p1|Kartana|
|poke|p2|Buzzwole|
|poke|p2|Xatu, M|
|poke|p2|Shedinja|
|poke|p2|Dragonite, M|
|poke|p2|Toxapex, M|
|poke|p2|Reuniclus, F|
|teampreview
|
|t:|1667078393
|start
|switch|p1a: Heatran|Heatran, F|100/100
|switch|p2a: Buzzwole|Buzzwole|100/100
|turn|1
|
|t:|1667078403
|switch|p2a: Dragonite|Dragonite, M|100/100
|switch|p1a: Zapdos|Zapdos|100/100
|
|upkeep
|turn|2
|inactive|Battle timer is ON: inactive players will automatically lose when time's up. (requested by El Stefano)
|
|t:|1667078417
|switch|p1a: Tapu Lele|Tapu Lele|100/100
|-fieldstart|move: Psychic Terrain|[from] ability: Psychic Surge|[of] p1a: Tapu Lele
|switch|p2a: Reuniclus|Reuniclus, F|100/100
|
|upkeep
|turn|3
|
|t:|1667078439
|switch|p1a: Kartana|Kartana|100/100
|move|p2a: Reuniclus|Future Sight|p1a: Kartana
|-start|p2a: Reuniclus|move: Future Sight
|
|upkeep
|turn|4
|
|t:|1667078444
|switch|p2a: Buzzwole|Buzzwole|100/100
|move|p1a: Kartana|Knock Off|p2a: Buzzwole
|-resisted|p2a: Buzzwole
|-damage|p2a: Buzzwole|89/100
|-damage|p1a: Kartana|84/100|[from] item: Rocky Helmet|[of] p2a: Buzzwole
|-enditem|p2a: Buzzwole|Rocky Helmet|[from] move: Knock Off|[of] p1a: Kartana
|
|upkeep
|turn|5
|
|t:|1667078454
|switch|p1a: Heatran|Heatran, F|100/100
|move|p2a: Buzzwole|Drain Punch|p1a: Heatran
|-supereffective|p1a: Heatran
|-damage|p1a: Heatran|39/100
|-heal|p2a: Buzzwole|100/100|[from] drain|[of] p1a: Heatran
|
|-end|p1a: Heatran|move: Future Sight
|-resisted|p1a: Heatran
|-damage|p1a: Heatran|19/100
|-heal|p1a: Heatran|26/100|[from] item: Leftovers
|upkeep
|turn|6
|
|t:|1667078465
|switch|p2a: Dragonite|Dragonite, M|100/100
|move|p1a: Heatran|Protect||[still]
|-fail|p1a: Heatran
|
|-heal|p1a: Heatran|32/100|[from] item: Leftovers
|-fieldend|move: Psychic Terrain
|upkeep
|turn|7
|
|t:|1667078471
|switch|p1a: Zapdos|Zapdos|100/100
|move|p2a: Dragonite|Dual Wingbeat|p1a: Zapdos
|-resisted|p1a: Zapdos
|-damage|p1a: Zapdos|93/100
|-resisted|p1a: Zapdos
|-damage|p1a: Zapdos|87/100
|-hitcount|p1a: Zapdos|2
|
|upkeep
|turn|8
|
|t:|1667078476
|switch|p2a: Reuniclus|Reuniclus, F|100/100
|move|p1a: Zapdos|Volt Switch|p2a: Reuniclus
|-damage|p2a: Reuniclus|88/100
|
|t:|1667078484
|switch|p1a: Urshifu|Urshifu-Rapid-Strike, F|100/100|[from]move: Volt Switch
|
|upkeep
|turn|9
|
|t:|1667078490
|switch|p1a: Heatran|Heatran, F|32/100
|switch|p2a: Toxapex|Toxapex, M|100/100
|
|-heal|p1a: Heatran|38/100|[from] item: Leftovers
|upkeep
|turn|10
|
|t:|1667078499
|switch|p1a: Kartana|Kartana|84/100
|switch|p2a: Dragonite|Dragonite, M|100/100
|
|upkeep
|turn|11
|
|t:|1667078505
|switch|p1a: Zapdos|Zapdos|87/100
|switch|p2a: Buzzwole|Buzzwole|100/100
|
|upkeep
|turn|12
|
|t:|1667078510
|switch|p2a: Reuniclus|Reuniclus, F|100/100
|move|p1a: Zapdos|Volt Switch|p2a: Reuniclus
|-damage|p2a: Reuniclus|87/100
|
|t:|1667078518
|switch|p1a: Kartana|Kartana|84/100|[from]move: Volt Switch
|
|upkeep
|turn|13
|
|t:|1667078524
|switch|p2a: Buzzwole|Buzzwole|100/100
|move|p1a: Kartana|Knock Off|p2a: Buzzwole
|-resisted|p2a: Buzzwole
|-damage|p2a: Buzzwole|94/100
|
|upkeep
|turn|14
|
|t:|1667078535
|switch|p1a: Zapdos|Zapdos|87/100
|move|p2a: Buzzwole|Ice Punch|p1a: Zapdos
|-supereffective|p1a: Zapdos
|-damage|p1a: Zapdos|51/100
|
|upkeep
|turn|15
|
|t:|1667078544
|switch|p2a: Reuniclus|Reuniclus, F|100/100
|move|p1a: Zapdos|Roost|p1a: Zapdos
|-heal|p1a: Zapdos|100/100
|-singleturn|p1a: Zapdos|move: Roost
|
|upkeep
|turn|16
|
|t:|1667078550
|move|p1a: Zapdos|Volt Switch|p2a: Reuniclus
|-damage|p2a: Reuniclus|86/100
|
|t:|1667078553
|switch|p1a: Urshifu|Urshifu-Rapid-Strike, F|100/100|[from]move: Volt Switch
|move|p2a: Reuniclus|Knock Off|p1a: Urshifu
|-resisted|p1a: Urshifu
|-damage|p1a: Urshifu|92/100
|-enditem|p1a: Urshifu|Protective Pads|[from] move: Knock Off|[of] p2a: Reuniclus
|
|upkeep
|turn|17
|
|t:|1667078564
|switch|p2a: Shedinja|Shedinja|100/100
|move|p1a: Urshifu|U-turn|p2a: Shedinja
|-immune|p2a: Shedinja|[from] ability: Wonder Guard
|
|upkeep
|turn|18
|
|t:|1667078573
|move|p1a: Urshifu|Taunt|p2a: Shedinja
|-start|p2a: Shedinja|move: Taunt
|move|p2a: Shedinja|Hex|p1a: Urshifu
|-damage|p1a: Urshifu|65/100
|
|upkeep
|turn|19
|
|t:|1667078579
|switch|p1a: Garchomp|Garchomp, F|100/100
|switch|p2a: Toxapex|Toxapex, M|100/100
|
|upkeep
|turn|20
|
|t:|1667078587
|switch|p1a: Heatran|Heatran, F|38/100
|move|p2a: Toxapex|Toxic|p1a: Heatran
|-immune|p1a: Heatran
|
|-heal|p1a: Heatran|44/100|[from] item: Leftovers
|upkeep
|turn|21
|
|t:|1667078605
|switch|p1a: Tapu Lele|Tapu Lele|100/100
|-fieldstart|move: Psychic Terrain|[from] ability: Psychic Surge|[of] p1a: Tapu Lele
|move|p2a: Toxapex|Knock Off|p1a: Tapu Lele
|-damage|p1a: Tapu Lele|77/100
|-enditem|p1a: Tapu Lele|Twisted Spoon|[from] move: Knock Off|[of] p2a: Toxapex
|
|upkeep
|turn|22
|
|t:|1667078619
|switch|p1a: Kartana|Kartana|84/100
|switch|p2a: Reuniclus|Reuniclus, F|100/100
|
|upkeep
|turn|23
|
|t:|1667078631
|switch|p1a: Heatran|Heatran, F|44/100
|switch|p2a: Buzzwole|Buzzwole|94/100
|
|-heal|p1a: Heatran|51/100|[from] item: Leftovers
|upkeep
|turn|24
|
|t:|1667078637
|switch|p2a: Dragonite|Dragonite, M|100/100
|switch|p1a: Zapdos|Zapdos|100/100
|
|upkeep
|turn|25
|
|t:|1667078640
|switch|p2a: Reuniclus|Reuniclus, F|100/100
|move|p1a: Zapdos|Volt Switch|p2a: Reuniclus
|-damage|p2a: Reuniclus|87/100
|
|t:|1667078646
|switch|p1a: Urshifu|Urshifu-Rapid-Strike, F|65/100|[from]move: Volt Switch
|
|-fieldend|move: Psychic Terrain
|upkeep
|turn|26
|
|t:|1667078652
|switch|p1a: Heatran|Heatran, F|51/100
|switch|p2a: Toxapex|Toxapex, M|100/100
|
|-heal|p1a: Heatran|57/100|[from] item: Leftovers
|upkeep
|turn|27
|
|t:|1667078658
|switch|p2a: Dragonite|Dragonite, M|100/100
|move|p1a: Heatran|Protect||[still]
|-fail|p1a: Heatran
|
|-heal|p1a: Heatran|63/100|[from] item: Leftovers
|upkeep
|turn|28
|
|t:|1667078665
|switch|p2a: Reuniclus|Reuniclus, F|100/100
|move|p1a: Heatran|Protect||[still]
|-fail|p1a: Heatran
|
|-heal|p1a: Heatran|69/100|[from] item: Leftovers
|upkeep
|turn|29
|
|t:|1667078679
|switch|p1a: Kartana|Kartana|84/100
|switch|p2a: Dragonite|Dragonite, M|100/100
|
|upkeep
|turn|30
|
|t:|1667078684
|switch|p2a: Buzzwole|Buzzwole|94/100
|move|p1a: Kartana|Knock Off|p2a: Buzzwole
|-resisted|p2a: Buzzwole
|-damage|p2a: Buzzwole|87/100
|
|upkeep
|turn|31
|
|t:|1667078690
|switch|p1a: Zapdos|Zapdos|100/100
|switch|p2a: Reuniclus|Reuniclus, F|100/100
|
|upkeep
|turn|32
|
|t:|1667078700
|move|p1a: Zapdos|Volt Switch|p2a: Reuniclus
|-damage|p2a: Reuniclus|86/100
|
|t:|1667078703
|switch|p1a: Kartana|Kartana|84/100|[from]move: Volt Switch
|move|p2a: Reuniclus|Infestation|p1a: Kartana
|-crit|p1a: Kartana
|-damage|p1a: Kartana|57/100
|-activate|p1a: Kartana|move: Infestation|[of] p2a: Reuniclus
|
|-damage|p1a: Kartana|45/100|[from] move: Infestation|[partiallytrapped]
|upkeep
|turn|33
|
|t:|1667078714
|switch|p2a: Buzzwole|Buzzwole|87/100
|move|p1a: Kartana|Knock Off|p2a: Buzzwole
|-resisted|p2a: Buzzwole
|-damage|p2a: Buzzwole|80/100
|
|-end|p1a: Kartana|Infestation|[partiallytrapped]|[silent]
|upkeep
|turn|34
|j| DKHD
|
|t:|1667078722
|switch|p1a: Zapdos|Zapdos|100/100
|move|p2a: Buzzwole|Ice Punch|p1a: Zapdos
|-supereffective|p1a: Zapdos
|-damage|p1a: Zapdos|68/100
|-status|p1a: Zapdos|frz
|
|upkeep
|turn|35
|
|t:|1667078727
|switch|p2a: Reuniclus|Reuniclus, F|100/100
|cant|p1a: Zapdos|frz
|
|upkeep
|turn|36
|
|t:|1667078736
|switch|p1a: Urshifu|Urshifu-Rapid-Strike, F|65/100
|move|p2a: Reuniclus|Infestation|p1a: Urshifu
|-resisted|p1a: Urshifu
|-damage|p1a: Urshifu|61/100
|-activate|p1a: Urshifu|move: Infestation|[of] p2a: Reuniclus
|
|-damage|p1a: Urshifu|49/100|[from] move: Infestation|[partiallytrapped]
|upkeep
|turn|37
|
|t:|1667078746
|switch|p2a: Toxapex|Toxapex, M|100/100
|move|p1a: Urshifu|Taunt|p2a: Toxapex
|-start|p2a: Toxapex|move: Taunt
|
|-end|p1a: Urshifu|Infestation|[partiallytrapped]|[silent]
|upkeep
|turn|38
|
|t:|1667078754
|move|p1a: Urshifu|U-turn|p2a: Toxapex
|-resisted|p2a: Toxapex
|-damage|p2a: Toxapex|93/100
|-damage|p1a: Urshifu|32/100|[from] item: Rocky Helmet|[of] p2a: Toxapex
|
|t:|1667078765
|switch|p1a: Kartana|Kartana|45/100|[from]move: U-turn
|move|p2a: Toxapex|Knock Off|p1a: Kartana
|-damage|p1a: Kartana|29/100
|-enditem|p1a: Kartana|Choice Scarf|[from] move: Knock Off|[of] p2a: Toxapex
|
|upkeep
|turn|39
|
|t:|1667078773
|switch|p2a: Buzzwole|Buzzwole|80/100
|move|p1a: Kartana|Knock Off|p2a: Buzzwole
|-resisted|p2a: Buzzwole
|-damage|p2a: Buzzwole|73/100
|
|upkeep
|turn|40
|j| BabyPigsAreLaughin
|
|t:|1667078785
|move|p1a: Kartana|Knock Off|p2a: Buzzwole
|-resisted|p2a: Buzzwole
|-damage|p2a: Buzzwole|65/100
|move|p2a: Buzzwole|Roost|p2a: Buzzwole
|-heal|p2a: Buzzwole|100/100
|-singleturn|p2a: Buzzwole|move: Roost
|
|upkeep
|turn|41
|
|t:|1667078789
|switch|p1a: Zapdos|Zapdos|68/100 frz
|move|p2a: Buzzwole|Ice Punch|p1a: Zapdos
|-supereffective|p1a: Zapdos
|-damage|p1a: Zapdos|36/100 frz
|
|upkeep
|turn|42
|
|t:|1667078793
|switch|p2a: Reuniclus|Reuniclus, F|100/100
|cant|p1a: Zapdos|frz
|
|upkeep
|turn|43
|
|t:|1667078797
|cant|p1a: Zapdos|frz
|move|p2a: Reuniclus|Infestation|p1a: Zapdos
|-resisted|p1a: Zapdos
|-damage|p1a: Zapdos|34/100 frz
|-activate|p1a: Zapdos|move: Infestation|[of] p2a: Reuniclus
|
|-damage|p1a: Zapdos|21/100 frz|[from] move: Infestation|[partiallytrapped]
|upkeep
|turn|44
|
|t:|1667078802
|cant|p1a: Zapdos|frz
|move|p2a: Reuniclus|Shadow Ball|p1a: Zapdos
|-damage|p1a: Zapdos|1/100 frz
|-unboost|p1a: Zapdos|spd|1
|
|-damage|p1a: Zapdos|0 fnt|[from] move: Infestation|[partiallytrapped]
|faint|p1a: Zapdos
|upkeep
|
|t:|1667078808
|switch|p1a: Heatran|Heatran, F|69/100
|turn|45
|
|t:|1667078815
|switch|p2a: Dragonite|Dragonite, M|100/100
|move|p1a: Heatran|Magma Storm|p2a: Dragonite|[miss]
|-miss|p1a: Heatran|p2a: Dragonite
|
|-heal|p1a: Heatran|76/100|[from] item: Leftovers
|upkeep
|turn|46
|
|t:|1667078824
|move|p1a: Heatran|Protect|p1a: Heatran
|-singleturn|p1a: Heatran|Protect
|move|p2a: Dragonite|Earthquake|p1a: Heatran
|-activate|p1a: Heatran|move: Protect
|
|-heal|p1a: Heatran|82/100|[from] item: Leftovers
|upkeep
|turn|47
|
|t:|1667078828
|switch|p1a: Garchomp|Garchomp, F|100/100
|move|p2a: Dragonite|Earthquake|p1a: Garchomp
|-damage|p1a: Garchomp|79/100
|
|-heal|p1a: Garchomp|85/100|[from] item: Leftovers
|upkeep
|turn|48
|
|t:|1667078831
|switch|p2a: Xatu|Xatu, M|100/100
|move|p1a: Garchomp|Stealth Rock|p2a: Xatu
|move|p2a: Xatu|Stealth Rock|p1a: Garchomp|[from]ability: Magic Bounce
|-sidestart|p1: gotsnsd|move: Stealth Rock
|
|-heal|p1a: Garchomp|91/100|[from] item: Leftovers
|upkeep
|turn|49
|
|t:|1667078842
|move|p1a: Garchomp|Protect|p1a: Garchomp
|-singleturn|p1a: Garchomp|Protect
|move|p2a: Xatu|Night Shade|p1a: Garchomp
|-activate|p1a: Garchomp|move: Protect
|
|-heal|p1a: Garchomp|98/100|[from] item: Leftovers
|upkeep
|turn|50
|
|t:|1667078847
|switch|p1a: Heatran|Heatran, F|82/100
|-damage|p1a: Heatran|69/100|[from] Stealth Rock
|move|p2a: Xatu|Night Shade|p1a: Heatran
|-damage|p1a: Heatran|43/100
|
|-heal|p1a: Heatran|50/100|[from] item: Leftovers
|upkeep
|turn|51
|
|t:|1667078858
|switch|p2a: Dragonite|Dragonite, M|100/100
|move|p1a: Heatran|Taunt|p2a: Dragonite
|-start|p2a: Dragonite|move: Taunt
|
|-heal|p1a: Heatran|56/100|[from] item: Leftovers
|upkeep
|turn|52
|j| flying poly
|
|t:|1667078862
|move|p1a: Heatran|Protect|p1a: Heatran
|-singleturn|p1a: Heatran|Protect
|move|p2a: Dragonite|Earthquake|p1a: Heatran
|-activate|p1a: Heatran|move: Protect
|
|-heal|p1a: Heatran|62/100|[from] item: Leftovers
|upkeep
|turn|53
|
|t:|1667078871
|switch|p1a: Garchomp|Garchomp, F|98/100
|-damage|p1a: Garchomp|91/100|[from] Stealth Rock
|move|p2a: Dragonite|Dual Wingbeat|p1a: Garchomp|[miss]
|-miss|p2a: Dragonite|p1a: Garchomp
|
|-heal|p1a: Garchomp|98/100|[from] item: Leftovers
|-end|p2a: Dragonite|move: Taunt
|upkeep
|turn|54
|
|t:|1667078877
|switch|p1a: Tapu Lele|Tapu Lele|77/100
|-damage|p1a: Tapu Lele|65/100|[from] Stealth Rock
|-fieldstart|move: Psychic Terrain|[from] ability: Psychic Surge|[of] p1a: Tapu Lele
|switch|p2a: Xatu|Xatu, M|100/100
|
|upkeep
|turn|55
|
|t:|1667078881
|switch|p2a: Reuniclus|Reuniclus, F|100/100
|move|p1a: Tapu Lele|Moonblast|p2a: Reuniclus
|-damage|p2a: Reuniclus|80/100
|-unboost|p2a: Reuniclus|spa|1
|
|upkeep
|turn|56
|l| DKHD
|j| Battle Game
|
|t:|1667078891
|switch|p1a: Heatran|Heatran, F|62/100
|-damage|p1a: Heatran|50/100|[from] Stealth Rock
|move|p2a: Reuniclus|Future Sight|p1a: Heatran
|-start|p2a: Reuniclus|move: Future Sight
|
|-heal|p1a: Heatran|56/100|[from] item: Leftovers
|upkeep
|turn|57
|
|t:|1667078895
|switch|p2a: Dragonite|Dragonite, M|100/100
|move|p1a: Heatran|Magma Storm|p2a: Dragonite
|-resisted|p2a: Dragonite
|-damage|p2a: Dragonite|93/100
|-activate|p2a: Dragonite|move: Magma Storm|[of] p1a: Heatran
|
|-heal|p1a: Heatran|62/100|[from] item: Leftovers
|-heal|p2a: Dragonite|99/100|[from] item: Leftovers
|-damage|p2a: Dragonite|87/100|[from] move: Magma Storm|[partiallytrapped]
|upkeep
|turn|58
|
|t:|1667078899
|move|p1a: Heatran|Protect|p1a: Heatran
|-singleturn|p1a: Heatran|Protect
|move|p2a: Dragonite|Roost|p2a: Dragonite
|-heal|p2a: Dragonite|100/100
|-singleturn|p2a: Dragonite|move: Roost
|
|-end|p1a: Heatran|move: Future Sight
|-resisted|p1a: Heatran
|-damage|p1a: Heatran|41/100
|-heal|p1a: Heatran|47/100|[from] item: Leftovers
|-damage|p2a: Dragonite|88/100|[from] move: Magma Storm|[partiallytrapped]
|-fieldend|move: Psychic Terrain
|upkeep
|turn|59
|
|t:|1667078906
|switch|p1a: Garchomp|Garchomp, F|98/100
|-damage|p1a: Garchomp|91/100|[from] Stealth Rock
|move|p2a: Dragonite|Earthquake|p1a: Garchomp
|-damage|p1a: Garchomp|70/100
|
|-heal|p1a: Garchomp|76/100|[from] item: Leftovers
|-heal|p2a: Dragonite|94/100|[from] item: Leftovers
|-end|p2a: Dragonite|Magma Storm|[partiallytrapped]|[silent]
|upkeep
|turn|60
|
|t:|1667078912
|switch|p1a: Tapu Lele|Tapu Lele|65/100
|-damage|p1a: Tapu Lele|52/100|[from] Stealth Rock
|-fieldstart|move: Psychic Terrain|[from] ability: Psychic Surge|[of] p1a: Tapu Lele
|switch|p2a: Xatu|Xatu, M|100/100
|
|upkeep
|turn|61
|
|t:|1667078915
|switch|p2a: Reuniclus|Reuniclus, F|100/100
|move|p1a: Tapu Lele|Calm Mind|p1a: Tapu Lele
|-boost|p1a: Tapu Lele|spa|1
|-boost|p1a: Tapu Lele|spd|1
|
|upkeep
|turn|62
|
|t:|1667078924
|move|p1a: Tapu Lele|Moonblast|p2a: Reuniclus
|-damage|p2a: Reuniclus|68/100
|move|p2a: Reuniclus|Infestation|p1a: Tapu Lele
|-crit|p1a: Tapu Lele
|-damage|p1a: Tapu Lele|42/100
|-activate|p1a: Tapu Lele|move: Infestation|[of] p2a: Reuniclus
|
|-damage|p1a: Tapu Lele|30/100|[from] move: Infestation|[partiallytrapped]
|upkeep
|turn|63
|
|t:|1667078935
|move|p1a: Tapu Lele|Moonblast|p2a: Reuniclus
|-damage|p2a: Reuniclus|36/100
|-unboost|p2a: Reuniclus|spa|1
|move|p2a: Reuniclus|Future Sight|p1a: Tapu Lele
|-start|p2a: Reuniclus|move: Future Sight
|
|-damage|p1a: Tapu Lele|18/100|[from] move: Infestation|[partiallytrapped]
|upkeep
|turn|64
|
|t:|1667078944
|switch|p2a: Shedinja|Shedinja|100/100
|move|p1a: Tapu Lele|Moonblast|p2a: Shedinja
|-immune|p2a: Shedinja|[from] ability: Wonder Guard
|
|-end|p1a: Tapu Lele|Infestation|[partiallytrapped]|[silent]
|-fieldend|move: Psychic Terrain
|upkeep
|turn|65
|
|t:|1667078956
|move|p1a: Tapu Lele|Calm Mind|p1a: Tapu Lele
|-boost|p1a: Tapu Lele|spa|1
|-boost|p1a: Tapu Lele|spd|1
|move|p2a: Shedinja|Hex|p1a: Tapu Lele
|-supereffective|p1a: Tapu Lele
|-damage|p1a: Tapu Lele|0 fnt
|faint|p1a: Tapu Lele
|
|-hint|Future Sight did not hit because the target is fainted.
|upkeep
|c| BabyPigsAreLaughin|Damn, this is crazy.
|
|t:|1667078965
|switch|p1a: Heatran|Heatran, F|47/100
|-damage|p1a: Heatran|35/100|[from] Stealth Rock
|turn|66
|
|t:|1667078970
|switch|p2a: Dragonite|Dragonite, M|94/100
|move|p1a: Heatran|Magma Storm|p2a: Dragonite
|-resisted|p2a: Dragonite
|-damage|p2a: Dragonite|81/100
|-activate|p2a: Dragonite|move: Magma Storm|[of] p1a: Heatran
|
|-heal|p1a: Heatran|41/100|[from] item: Leftovers
|-heal|p2a: Dragonite|87/100|[from] item: Leftovers
|-damage|p2a: Dragonite|75/100|[from] move: Magma Storm|[partiallytrapped]
|upkeep
|turn|67
|c|☆gotsnsd|unfortunate, honestly. but oh well
|-message|gotsnsd forfeited.
|
|win|El Stefano
|raw|gotsnsd's rating: 1636 &rarr; <strong>1623</strong><br />(-13 for losing)
|raw|El Stefano's rating: 1754 &rarr; <strong>1767</strong><br />(+13 for winning)
|l|☆gotsnsd
|c| BabyPigsAreLaughin|She couldn't do anything.
||Ladder isn't responding, score probably updated but might not have (Request timeout).
