|j|☆Floch Dykrider
|j|☆ldailey19
|t:|1650268157
|gametype|singles
|player|p1|Floch Dykrider|roxie|1418
|player|p2|ldailey19|lance|1407
|teamsize|p1|6
|teamsize|p2|6
|gen|8
|tier|[Gen 8] OU
|rated|
|rule|Sleep Clause Mod: Limit one foe put to sleep
|rule|Species Clause: Limit one of each Pokémon
|rule|OHKO Clause: OHKO moves are banned
|rule|Evasion Moves Clause: Evasion moves are banned
|rule|Endless Battle Clause: Forcing endless battles is banned
|rule|HP Percentage Mod: HP is shown in percentages
|rule|Dynamax Clause: You cannot dynamax
|clearpoke
|poke|p1|Pyukumuku, M|
|poke|p1|Toxapex, F|
|poke|p1|Landorus-Therian, M|
|poke|p1|Weavile, M|
|poke|p1|Slowking-Galar, M|
|poke|p1|Bisharp, F|
|poke|p2|Magnezone|
|poke|p2|Weavile, M|
|poke|p2|Urshifu-*, F|
|poke|p2|Heatran, M|
|poke|p2|Landorus-Therian, M|
|poke|p2|Dragapult, F|
|teampreview
|inactive|Battle timer is ON: inactive players will automatically lose when time's up. (requested by ldailey19)
|inactive|Floch Dykrider also wants the timer to be on.
|inactive|Floch Dykrider has 120 seconds left.
|
|t:|1650268199
|start
|switch|p1a: Landorus|Landorus-Therian, M|100/100
|switch|p2a: Magnezone|Magnezone, shiny|100/100
|-ability|p1a: Landorus|Intimidate|boost
|-unboost|p2a: Magnezone|atk|1
|turn|1
|inactive|ldailey19 has 120 seconds left.
|
|t:|1650268249
|switch|p2a: Landorus|Landorus-Therian, M|100/100
|-ability|p2a: Landorus|Intimidate|boost
|-unboost|p1a: Landorus|atk|1
|move|p1a: Landorus|Stealth Rock|p2a: Landorus
|-sidestart|p2: ldailey19|move: Stealth Rock
|
|upkeep
|turn|2
|
|t:|1650268257
|switch|p1a: Weavile|Weavile, M|100/100
|-ability|p1a: Weavile|Pressure
|move|p2a: Landorus|Knock Off|p1a: Weavile
|-resisted|p1a: Weavile
|-damage|p1a: Weavile|75/100
|-enditem|p1a: Weavile|Choice Band|[from] move: Knock Off|[of] p2a: Landorus
|
|upkeep
|turn|3
|
|t:|1650268286
|switch|p2a: Magnezone|Magnezone, shiny|100/100
|-damage|p2a: Magnezone|94/100|[from] Stealth Rock
|move|p1a: Weavile|Knock Off|p2a: Magnezone
|-damage|p2a: Magnezone|54/100
|-enditem|p2a: Magnezone|Assault Vest|[from] move: Knock Off|[of] p1a: Weavile
|
|upkeep
|turn|4
|
|t:|1650268294
|switch|p1a: Landorus|Landorus-Therian, M|100/100
|-ability|p1a: Landorus|Intimidate|boost
|-unboost|p2a: Magnezone|atk|1
|move|p2a: Magnezone|Flash Cannon|p1a: Landorus
|-damage|p1a: Landorus|52/100
|
|-heal|p1a: Landorus|58/100|[from] item: Leftovers
|upkeep
|turn|5
|
|t:|1650268303
|switch|p2a: Landorus|Landorus-Therian, M|100/100
|-damage|p2a: Landorus|88/100|[from] Stealth Rock
|-ability|p2a: Landorus|Intimidate|boost
|-unboost|p1a: Landorus|atk|1
|move|p1a: Landorus|U-turn|p2a: Landorus
|-resisted|p2a: Landorus
|-damage|p2a: Landorus|83/100
|-damage|p1a: Landorus|42/100|[from] item: Rocky Helmet|[of] p2a: Landorus
|
|t:|1650268307
|switch|p1a: Weavile|Weavile, M|75/100|[from]move: U-turn
|-ability|p1a: Weavile|Pressure
|
|upkeep
|turn|6
|
|t:|1650268332
|switch|p2a: Magnezone|Magnezone, shiny|54/100
|-damage|p2a: Magnezone|48/100|[from] Stealth Rock
|move|p1a: Weavile|Triple Axel|p2a: Magnezone
|-resisted|p2a: Magnezone
|-damage|p2a: Magnezone|44/100
|-resisted|p2a: Magnezone
|-damage|p2a: Magnezone|35/100
|-resisted|p2a: Magnezone
|-damage|p2a: Magnezone|21/100
|-hitcount|p2a: Magnezone|3
|
|upkeep
|turn|7
|
|t:|1650268341
|move|p1a: Weavile|Throat Chop|p2a: Magnezone
|-damage|p2a: Magnezone|0 fnt
|faint|p2a: Magnezone
|
|upkeep
|
|t:|1650268357
|switch|p2a: Heatran|Heatran, M, shiny|100/100
|-damage|p2a: Heatran|88/100|[from] Stealth Rock
|-item|p2a: Heatran|Air Balloon
|turn|8
|inactive|ldailey19 has 90 seconds left.
|inactive|Floch Dykrider has 120 seconds left.
|
|t:|1650268388
|switch|p1a: Pyukumuku|Pyukumuku, M|100/100
|move|p2a: Heatran|Flamethrower|p1a: Pyukumuku
|-resisted|p1a: Pyukumuku
|-damage|p1a: Pyukumuku|87/100
|-status|p1a: Pyukumuku|brn
|
|-heal|p1a: Pyukumuku|93/100 brn|[from] item: Leftovers
|-damage|p1a: Pyukumuku|87/100 brn|[from] brn
|upkeep
|turn|9
|inactive|ldailey19 has 90 seconds left.
|
|t:|1650268413
|switch|p2a: Landorus|Landorus-Therian, M|83/100
|-damage|p2a: Landorus|71/100|[from] Stealth Rock
|-ability|p2a: Landorus|Intimidate|boost
|-unboost|p1a: Pyukumuku|atk|1
|move|p1a: Pyukumuku|Soak|p2a: Landorus
|-start|p2a: Landorus|typechange|Water
|
|-heal|p1a: Pyukumuku|93/100 brn|[from] item: Leftovers
|-damage|p1a: Pyukumuku|87/100 brn|[from] brn
|upkeep
|turn|10
|
|t:|1650268421
|move|p2a: Landorus|Defog|p1a: Pyukumuku
|-unboost|p1a: Pyukumuku|evasion|1
|-sideend|p2: ldailey19|Stealth Rock|[from] move: Defog|[of] p2a: Landorus
|move|p1a: Pyukumuku|Toxic|p2a: Landorus
|-status|p2a: Landorus|tox
|
|-heal|p1a: Pyukumuku|93/100 brn|[from] item: Leftovers
|-damage|p2a: Landorus|65/100 tox|[from] psn
|-damage|p1a: Pyukumuku|87/100 brn|[from] brn
|upkeep
|turn|11
|inactive|ldailey19 has 90 seconds left.
|
|t:|1650268430
|move|p2a: Landorus|Knock Off|p1a: Pyukumuku
|-damage|p1a: Pyukumuku|62/100 brn
|-enditem|p1a: Pyukumuku|Leftovers|[from] move: Knock Off|[of] p2a: Landorus
|move|p1a: Pyukumuku|Soak|p2a: Landorus
|-fail|p2a: Landorus
|
|-damage|p2a: Landorus|53/100 tox|[from] psn
|-damage|p1a: Pyukumuku|56/100 brn|[from] brn
|upkeep
|turn|12
|
|t:|1650268440
|move|p2a: Landorus|Stealth Rock|p1a: Pyukumuku
|-sidestart|p1: Floch Dykrider|move: Stealth Rock
|move|p1a: Pyukumuku|Recover|p1a: Pyukumuku
|-heal|p1a: Pyukumuku|100/100 brn
|
|-damage|p2a: Landorus|34/100 tox|[from] psn
|-damage|p1a: Pyukumuku|94/100 brn|[from] brn
|upkeep
|turn|13
|inactive|ldailey19 has 90 seconds left.
|
|t:|1650268468
|switch|p2a: Urshifu|Urshifu-Rapid-Strike, F|100/100
|move|p1a: Pyukumuku|Soak|p2a: Urshifu
|-start|p2a: Urshifu|typechange|Water
|
|-damage|p1a: Pyukumuku|88/100 brn|[from] brn
|upkeep
|turn|14
|
|t:|1650268479
|move|p2a: Urshifu|Thunder Punch|p1a: Pyukumuku
|-supereffective|p1a: Pyukumuku
|-damage|p1a: Pyukumuku|46/100 brn
|move|p1a: Pyukumuku|Toxic|p2a: Urshifu
|-status|p2a: Urshifu|tox
|
|-damage|p2a: Urshifu|94/100 tox|[from] psn
|-damage|p1a: Pyukumuku|40/100 brn|[from] brn
|upkeep
|turn|15
|
|t:|1650268503
|switch|p1a: Toxapex|Toxapex, F|100/100
|-damage|p1a: Toxapex|88/100|[from] Stealth Rock
|move|p2a: Urshifu|Thunder Punch|p1a: Toxapex
|-supereffective|p1a: Toxapex
|-damage|p1a: Toxapex|54/100
|-damage|p2a: Urshifu|78/100 tox|[from] item: Rocky Helmet|[of] p1a: Toxapex
|
|-damage|p2a: Urshifu|66/100 tox|[from] psn
|upkeep
|turn|16
|
|t:|1650268510
|move|p2a: Urshifu|Thunder Punch|p1a: Toxapex
|-supereffective|p1a: Toxapex
|-damage|p1a: Toxapex|24/100
|-damage|p2a: Urshifu|49/100 tox|[from] item: Rocky Helmet|[of] p1a: Toxapex
|move|p1a: Toxapex|Recover|p1a: Toxapex
|-heal|p1a: Toxapex|74/100
|
|-damage|p2a: Urshifu|31/100 tox|[from] psn
|upkeep
|turn|17
|
|t:|1650268521
|switch|p2a: Landorus|Landorus-Therian, M|34/100 tox
|-ability|p2a: Landorus|Intimidate|boost
|-unboost|p1a: Toxapex|atk|1
|move|p1a: Toxapex|Toxic Spikes|p2a: Landorus
|-sidestart|p2: ldailey19|move: Toxic Spikes
|
|-damage|p2a: Landorus|28/100 tox|[from] psn
|upkeep
|turn|18
|
|t:|1650268526
|switch|p1a: Landorus|Landorus-Therian, M|42/100
|-damage|p1a: Landorus|30/100|[from] Stealth Rock
|-ability|p1a: Landorus|Intimidate|boost
|-unboost|p2a: Landorus|atk|1
|move|p2a: Landorus|Knock Off|p1a: Landorus
|-damage|p1a: Landorus|9/100
|-enditem|p1a: Landorus|Leftovers|[from] move: Knock Off|[of] p2a: Landorus
|
|-damage|p2a: Landorus|16/100 tox|[from] psn
|upkeep
|turn|19
|inactive|ldailey19 has 90 seconds left.
|
|t:|1650268538
|move|p2a: Landorus|Knock Off|p1a: Landorus
|-damage|p1a: Landorus|0 fnt
|faint|p1a: Landorus
|
|-damage|p2a: Landorus|0 fnt|[from] psn
|faint|p2a: Landorus
|upkeep
|
|t:|1650268552
|switch|p2a: Urshifu|Urshifu-Rapid-Strike, F|31/100 tox
|switch|p1a: Slowking|Slowking-Galar, M|100/100
|-damage|p1a: Slowking|88/100|[from] Stealth Rock
|turn|20
|
|t:|1650268559
|switch|p1a: Toxapex|Toxapex, F|100/100
|-damage|p1a: Toxapex|88/100|[from] Stealth Rock
|move|p2a: Urshifu|Surging Strikes|p1a: Toxapex
|-resisted|p1a: Toxapex
|-crit|p1a: Toxapex
|-damage|p1a: Toxapex|82/100
|-damage|p2a: Urshifu|14/100 tox|[from] item: Rocky Helmet|[of] p1a: Toxapex
|-resisted|p1a: Toxapex
|-crit|p1a: Toxapex
|-damage|p1a: Toxapex|76/100
|-damage|p2a: Urshifu|0 fnt|[from] item: Rocky Helmet|[of] p1a: Toxapex
|faint|p2a: Urshifu
|-hitcount|p1a: Toxapex|2
|
|upkeep
|
|t:|1650268562
|switch|p2a: Weavile|Weavile, M|100/100
|-status|p2a: Weavile|psn
|-ability|p2a: Weavile|Pressure
|turn|21
|
|t:|1650268573
|move|p2a: Weavile|Knock Off|p1a: Toxapex
|-damage|p1a: Toxapex|32/100
|-damage|p2a: Weavile|84/100 psn|[from] item: Rocky Helmet|[of] p1a: Toxapex
|-enditem|p1a: Toxapex|Rocky Helmet|[from] move: Knock Off|[of] p2a: Weavile
|move|p1a: Toxapex|Scald|p2a: Weavile
|-damage|p2a: Weavile|62/100 psn
|
|-damage|p2a: Weavile|50/100 psn|[from] psn
|upkeep
|turn|22
|inactive|ldailey19 has 120 seconds left.
|
|t:|1650268593
|switch|p1a: Weavile|Weavile, M|75/100
|-damage|p1a: Weavile|50/100|[from] Stealth Rock
|-ability|p1a: Weavile|Pressure
|move|p2a: Weavile|Knock Off|p1a: Weavile
|-resisted|p1a: Weavile
|-damage|p1a: Weavile|8/100
|
|-damage|p2a: Weavile|38/100 psn|[from] psn
|upkeep
|turn|23
|inactive|ldailey19 has 120 seconds left.
|
|t:|1650268602
|move|p2a: Weavile|Knock Off|p1a: Weavile
|-resisted|p1a: Weavile
|-damage|p1a: Weavile|0 fnt
|faint|p1a: Weavile
|
|-damage|p2a: Weavile|25/100 psn|[from] psn
|upkeep
|
|t:|1650268606
|switch|p1a: Toxapex|Toxapex, F|66/100
|-damage|p1a: Toxapex|53/100|[from] Stealth Rock
|turn|24
|
|t:|1650268611
|switch|p2a: Heatran|Heatran, M, shiny|88/100
|-item|p2a: Heatran|Air Balloon
|move|p1a: Toxapex|Recover|p1a: Toxapex
|-heal|p1a: Toxapex|100/100
|
|upkeep
|turn|25
|
|t:|1650268615
|move|p2a: Heatran|Earth Power|p1a: Toxapex
|-supereffective|p1a: Toxapex
|-damage|p1a: Toxapex|54/100
|move|p1a: Toxapex|Scald|p2a: Heatran
|-supereffective|p2a: Heatran
|-damage|p2a: Heatran|64/100
|-enditem|p2a: Heatran|Air Balloon
|
|upkeep
|turn|26
|
|t:|1650268623
|move|p2a: Heatran|Earth Power|p1a: Toxapex
|-supereffective|p1a: Toxapex
|-crit|p1a: Toxapex
|-damage|p1a: Toxapex|0 fnt
|faint|p1a: Toxapex
|
|upkeep
|
|t:|1650268626
|switch|p1a: Pyukumuku|Pyukumuku, M|40/100 brn
|-damage|p1a: Pyukumuku|28/100 brn|[from] Stealth Rock
|turn|27
|
|t:|1650268631
|move|p2a: Heatran|Earth Power|p1a: Pyukumuku
|-damage|p1a: Pyukumuku|8/100 brn
|move|p1a: Pyukumuku|Recover|p1a: Pyukumuku
|-heal|p1a: Pyukumuku|58/100 brn
|
|-damage|p1a: Pyukumuku|52/100 brn|[from] brn
|upkeep
|turn|28
|
|t:|1650268659
|move|p2a: Heatran|Earth Power|p1a: Pyukumuku
|-damage|p1a: Pyukumuku|34/100 brn
|move|p1a: Pyukumuku|Recover|p1a: Pyukumuku
|-heal|p1a: Pyukumuku|84/100 brn
|
|-damage|p1a: Pyukumuku|78/100 brn|[from] brn
|upkeep
|turn|29
|
|t:|1650268669
|move|p2a: Heatran|Earth Power|p1a: Pyukumuku
|-damage|p1a: Pyukumuku|59/100 brn
|move|p1a: Pyukumuku|Block|p2a: Heatran
|-activate|p2a: Heatran|trapped
|
|-damage|p1a: Pyukumuku|53/100 brn|[from] brn
|upkeep
|turn|30
|
|t:|1650268679
|move|p2a: Heatran|Protect|p2a: Heatran
|-singleturn|p2a: Heatran|Protect
|move|p1a: Pyukumuku|Recover|p1a: Pyukumuku
|-heal|p1a: Pyukumuku|100/100 brn
|
|-damage|p1a: Pyukumuku|94/100 brn|[from] brn
|upkeep
|turn|31
|
|t:|1650268688
|move|p2a: Heatran|Earth Power|p1a: Pyukumuku
|-damage|p1a: Pyukumuku|73/100 brn
|move|p1a: Pyukumuku|Soak|p2a: Heatran
|-start|p2a: Heatran|typechange|Water
|
|-damage|p1a: Pyukumuku|67/100 brn|[from] brn
|upkeep
|turn|32
|inactive|ldailey19 has 120 seconds left.
|c|☆ldailey19|you being burned is so inconvenient hahaha
|c|☆ldailey19|since i wanted to poison
|c|☆Floch Dykrider|bad luck becomes good luck lol
|
|t:|1650268736
|move|p2a: Heatran|Flamethrower|p1a: Pyukumuku
|-resisted|p1a: Pyukumuku
|-damage|p1a: Pyukumuku|57/100 brn
|move|p1a: Pyukumuku|Toxic|p2a: Heatran
|-status|p2a: Heatran|tox
|
|-damage|p2a: Heatran|58/100 tox|[from] psn
|-damage|p1a: Pyukumuku|50/100 brn|[from] brn
|upkeep
|turn|33
|
|t:|1650268752
|move|p2a: Heatran|Protect|p2a: Heatran
|-singleturn|p2a: Heatran|Protect
|move|p1a: Pyukumuku|Recover|p1a: Pyukumuku
|-heal|p1a: Pyukumuku|100/100 brn
|
|-damage|p2a: Heatran|46/100 tox|[from] psn
|-damage|p1a: Pyukumuku|94/100 brn|[from] brn
|upkeep
|turn|34
|
|t:|1650268759
|move|p2a: Heatran|Earth Power|p1a: Pyukumuku
|-damage|p1a: Pyukumuku|76/100 brn
|move|p1a: Pyukumuku|Toxic|p2a: Heatran
|-fail|p2a: Heatran|tox
|
|-damage|p2a: Heatran|27/100 tox|[from] psn
|-damage|p1a: Pyukumuku|70/100 brn|[from] brn
|upkeep
|turn|35
|
|t:|1650268764
|move|p2a: Heatran|Earth Power|p1a: Pyukumuku
|-damage|p1a: Pyukumuku|50/100 brn
|-unboost|p1a: Pyukumuku|spd|1
|move|p1a: Pyukumuku|Soak|p2a: Heatran
|-fail|p2a: Heatran
|
|-damage|p2a: Heatran|3/100 tox|[from] psn
|-damage|p1a: Pyukumuku|44/100 brn|[from] brn
|upkeep
|turn|36
|
|t:|1650268773
|move|p2a: Heatran|Earth Power|p1a: Pyukumuku
|-damage|p1a: Pyukumuku|13/100 brn
|move|p1a: Pyukumuku|Recover|p1a: Pyukumuku
|-heal|p1a: Pyukumuku|63/100 brn
|
|-damage|p2a: Heatran|0 fnt|[from] psn
|faint|p2a: Heatran
|-damage|p1a: Pyukumuku|57/100 brn|[from] brn
|upkeep
|
|t:|1650268784
|switch|p2a: Dragapult|Dragapult, F, shiny|100/100
|-status|p2a: Dragapult|psn
|turn|37
|
|t:|1650268790
|switch|p1a: Slowking|Slowking-Galar, M|100/100
|-damage|p1a: Slowking|88/100|[from] Stealth Rock
|move|p2a: Dragapult|Dragon Darts|p1a: Slowking
|-damage|p1a: Slowking|63/100
|-anim|p2a: Dragapult|Dragon Darts|p1a: Slowking
|-damage|p1a: Slowking|39/100
|
|-damage|p2a: Dragapult|88/100 psn|[from] psn
|upkeep
|turn|38
|inactive|ldailey19 has 120 seconds left.
|
|t:|1650268798
|move|p2a: Dragapult|Dragon Darts|p1a: Slowking
|-damage|p1a: Slowking|14/100
|-anim|p2a: Dragapult|Dragon Darts|p1a: Slowking
|-damage|p1a: Slowking|0 fnt
|faint|p1a: Slowking
|
|-damage|p2a: Dragapult|76/100 psn|[from] psn
|upkeep
|
|t:|1650268800
|switch|p1a: Bisharp|Bisharp, F|100/100
|-damage|p1a: Bisharp|94/100|[from] Stealth Rock
|turn|39
|
|t:|1650268805
|switch|p2a: Weavile|Weavile, M|25/100 psn
|-ability|p2a: Weavile|Pressure
|move|p1a: Bisharp|Sucker Punch||[still]
|-fail|p1a: Bisharp
|
|-damage|p2a: Weavile|13/100 psn|[from] psn
|upkeep
|turn|40
|
|t:|1650268810
|move|p1a: Bisharp|Sucker Punch|p2a: Weavile
|-resisted|p2a: Weavile
|-damage|p2a: Weavile|0 fnt
|faint|p2a: Weavile
|-damage|p1a: Bisharp|85/100|[from] item: Life Orb
|
|upkeep
|-message|ldailey19 forfeited.
|
|win|Floch Dykrider
|raw|Floch Dykrider's rating: 1418 &rarr; <strong>1437</strong><br />(+19 for winning)
|raw|ldailey19's rating: 1407 &rarr; <strong>1388</strong><br />(-19 for losing)
|l|☆ldailey19
