|html|<div class="broadcast-blue"><strong>[Gen 8] OU is currently suspecting Melmetal! For information on how to participate check out the <a href="https://www.smogon.com/forums/threads/np-ss-ou-suspect-process-round-12-monster-mash.3709234/">suspect thread</a>.</strong></div>
|j|☆TheRayVGC
|j|☆quixana
|t:|1665824703
|gametype|singles
|player|p1|TheRayVGC|elesa|1727
|player|p2|quixana|ethan-pokeathlon|1830
|teamsize|p1|6
|teamsize|p2|6
|gen|8
|tier|[Gen 8] OU
|rated|
|rule|Sleep Clause Mod: Limit one foe put to sleep
|rule|Species Clause: Limit one of each Pokémon
|rule|OHKO Clause: OHKO moves are banned
|rule|Evasion Items Clause: Evasion items are banned
|rule|Evasion Moves Clause: Evasion moves are banned
|rule|Endless Battle Clause: Forcing endless battles is banned
|rule|HP Percentage Mod: HP is shown in percentages
|rule|Dynamax Clause: You cannot dynamax
|clearpoke
|poke|p1|Venusaur, F|
|poke|p1|Torkoal, M|
|poke|p1|Heatran, M|
|poke|p1|Landorus-Therian, M|
|poke|p1|Tapu Koko|
|poke|p1|Weavile, F|
|poke|p2|Dragapult, M|
|poke|p2|Rotom-Wash|
|poke|p2|Landorus-Therian, M|
|poke|p2|Melmetal|
|poke|p2|Weavile, M|
|poke|p2|Kartana|
|teampreview
|
|t:|1665824717
|start
|switch|p1a: Tapu Koko|Tapu Koko|100/100
|switch|p2a: Phantom|Rotom-Wash, shiny|100/100
|-fieldstart|move: Electric Terrain|[from] ability: Electric Surge|[of] p1a: Tapu Koko
|turn|1
|
|t:|1665824723
|move|p1a: Tapu Koko|Volt Switch|p2a: Phantom
|-crit|p2a: Phantom
|-damage|p2a: Phantom|0 fnt
|faint|p2a: Phantom
|j| SmartInPhysics
|
|t:|1665824727
|switch|p1a: Torkoal|Torkoal, M|100/100|[from]move: Volt Switch
|-weather|SunnyDay|[from] ability: Drought|[of] p1a: Torkoal
|
|-weather|SunnyDay|[upkeep]
|upkeep
|
|t:|1665824736
|switch|p2a: Leviathan|Dragapult, M, shiny|100/100
|turn|2
|
|t:|1665824743
|switch|p1a: Landorus|Landorus-Therian, M|100/100
|-ability|p1a: Landorus|Intimidate|boost
|-unboost|p2a: Leviathan|atk|1
|move|p2a: Leviathan|Shadow Ball|p1a: Landorus
|-damage|p1a: Landorus|55/100
|
|-weather|SunnyDay|[upkeep]
|-heal|p1a: Landorus|61/100|[from] item: Leftovers
|upkeep
|turn|3
|j| Jongruenwald
|
|t:|1665824751
|switch|p2a: Enten|Landorus-Therian, M, shiny|100/100
|-ability|p2a: Enten|Intimidate|boost
|-unboost|p1a: Landorus|atk|1
|move|p1a: Landorus|Knock Off|p2a: Enten
|-damage|p2a: Enten|82/100
|-enditem|p2a: Enten|Leftovers|[from] move: Knock Off|[of] p1a: Landorus
|
|-weather|SunnyDay|[upkeep]
|-heal|p1a: Landorus|67/100|[from] item: Leftovers
|upkeep
|turn|4
|
|t:|1665824754
|move|p1a: Landorus|U-turn|p2a: Enten
|-resisted|p2a: Enten
|-damage|p2a: Enten|76/100
|
|t:|1665824760
|switch|p1a: Heatran|Heatran, M|100/100|[from]move: U-turn
|-item|p1a: Heatran|Air Balloon
|move|p2a: Enten|Stealth Rock|p1a: Heatran
|-sidestart|p1: TheRayVGC|move: Stealth Rock
|
|-weather|SunnyDay|[upkeep]
|upkeep
|turn|5
|
|t:|1665824765
|move|p1a: Heatran|Eruption|p2a: Enten
|-damage|p2a: Enten|0 fnt
|faint|p2a: Enten
|
|-weather|SunnyDay|[upkeep]
|-fieldend|move: Electric Terrain
|upkeep
|
|t:|1665824767
|switch|p2a: Leviathan|Dragapult, M, shiny|100/100
|turn|6
|
|t:|1665824778
|move|p2a: Leviathan|Shadow Ball|p1a: Heatran
|-damage|p1a: Heatran|41/100
|-enditem|p1a: Heatran|Air Balloon
|move|p1a: Heatran|Magma Storm|p2a: Leviathan
|-resisted|p2a: Leviathan
|-damage|p2a: Leviathan|43/100
|-activate|p2a: Leviathan|move: Magma Storm|[of] p1a: Heatran
|
|-weather|SunnyDay|[upkeep]
|-damage|p2a: Leviathan|30/100|[from] move: Magma Storm|[partiallytrapped]
|upkeep
|turn|7
|
|t:|1665824781
|move|p2a: Leviathan|Shadow Ball|p1a: Heatran
|-damage|p1a: Heatran|0 fnt
|faint|p1a: Heatran
|
|-weather|SunnyDay|[upkeep]
|-end|p2a: Leviathan|Magma Storm|[partiallytrapped]|[silent]
|upkeep
|
|t:|1665824785
|switch|p1a: Venusaur|Venusaur, F|100/100
|-damage|p1a: Venusaur|88/100|[from] Stealth Rock
|turn|8
|j| Realm-oReapers ♡
|
|t:|1665824815
|switch|p2a: Fate|Melmetal, shiny|100/100
|move|p1a: Venusaur|Weather Ball|p2a: Fate
|-supereffective|p2a: Fate
|-damage|p2a: Fate|0 fnt
|faint|p2a: Fate
|-damage|p1a: Venusaur|78/100|[from] item: Life Orb
|
|-weather|none
|upkeep
|
|t:|1665824826
|switch|p2a: Bandit|Weavile, M, shiny|100/100
|-ability|p2a: Bandit|Pressure
|turn|9
|
|t:|1665824836
|switch|p1a: Landorus|Landorus-Therian, M|67/100
|-damage|p1a: Landorus|55/100|[from] Stealth Rock
|-ability|p1a: Landorus|Intimidate|boost
|-unboost|p2a: Bandit|atk|1
|move|p2a: Bandit|Knock Off|p1a: Landorus
|-damage|p1a: Landorus|9/100
|-enditem|p1a: Landorus|Leftovers|[from] move: Knock Off|[of] p2a: Bandit
|
|upkeep
|turn|10
|
|t:|1665824840
|move|p2a: Bandit|Knock Off|p1a: Landorus
|-damage|p1a: Landorus|0 fnt
|faint|p1a: Landorus
|
|upkeep
|
|t:|1665824845
|switch|p1a: Tapu Koko|Tapu Koko|100/100
|-damage|p1a: Tapu Koko|88/100|[from] Stealth Rock
|-fieldstart|move: Electric Terrain|[from] ability: Electric Surge|[of] p1a: Tapu Koko
|turn|11
|
|t:|1665824858
|move|p1a: Tapu Koko|Volt Switch|p2a: Bandit
|-damage|p2a: Bandit|24/100
|
|t:|1665824863
|switch|p1a: Torkoal|Torkoal, M|100/100|[from]move: Volt Switch
|-damage|p1a: Torkoal|76/100|[from] Stealth Rock
|-weather|SunnyDay|[from] ability: Drought|[of] p1a: Torkoal
|move|p2a: Bandit|Knock Off|p1a: Torkoal
|-damage|p1a: Torkoal|45/100
|-enditem|p1a: Torkoal|Heat Rock|[from] move: Knock Off|[of] p2a: Bandit
|
|-weather|SunnyDay|[upkeep]
|upkeep
|turn|12
|
|t:|1665824876
|switch|p2a: Leviathan|Dragapult, M, shiny|30/100
|move|p1a: Torkoal|Rapid Spin|p2a: Leviathan
|-immune|p2a: Leviathan
|
|-weather|SunnyDay|[upkeep]
|upkeep
|turn|13
|
|t:|1665824886
|switch|p1a: Tapu Koko|Tapu Koko|88/100
|-damage|p1a: Tapu Koko|76/100|[from] Stealth Rock
|move|p2a: Leviathan|Flamethrower|p1a: Tapu Koko
|-damage|p1a: Tapu Koko|0 fnt
|faint|p1a: Tapu Koko
|
|-weather|SunnyDay|[upkeep]
|upkeep
|
|t:|1665824888
|switch|p1a: Venusaur|Venusaur, F|78/100
|-damage|p1a: Venusaur|66/100|[from] Stealth Rock
|turn|14
|
|t:|1665824901
|move|p1a: Venusaur|Earth Power|p2a: Leviathan
|-damage|p2a: Leviathan|0 fnt
|faint|p2a: Leviathan
|-damage|p1a: Venusaur|56/100|[from] item: Life Orb
|
|-weather|SunnyDay|[upkeep]
|upkeep
|
|t:|1665824904
|switch|p2a: Bandit|Weavile, M, shiny|24/100
|-ability|p2a: Bandit|Pressure
|turn|15
|
|t:|1665824906
|move|p2a: Bandit|Ice Shard|p1a: Venusaur
|-supereffective|p1a: Venusaur
|-damage|p1a: Venusaur|0 fnt
|faint|p1a: Venusaur
|
|-weather|SunnyDay|[upkeep]
|-fieldend|move: Electric Terrain
|upkeep
|
|t:|1665824910
|switch|p1a: Weavile|Weavile, F|100/100
|-damage|p1a: Weavile|76/100|[from] Stealth Rock
|-ability|p1a: Weavile|Pressure
|turn|16
|
|t:|1665824917
|move|p2a: Bandit|Ice Shard|p1a: Weavile
|-resisted|p1a: Weavile
|-damage|p1a: Weavile|51/100
|move|p1a: Weavile|Knock Off|p2a: Bandit
|-resisted|p2a: Bandit
|-damage|p2a: Bandit|0 fnt
|-enditem|p2a: Bandit|Choice Band|[from] move: Knock Off|[of] p1a: Weavile
|faint|p2a: Bandit
|
|-weather|SunnyDay|[upkeep]
|upkeep
|
|t:|1665824922
|switch|p2a: Deathstroke|Kartana, shiny|100/100
|turn|17
|
|t:|1665824928
|move|p2a: Deathstroke|Sacred Sword|p1a: Weavile
|-supereffective|p1a: Weavile
|-crit|p1a: Weavile
|-damage|p1a: Weavile|0 fnt
|faint|p1a: Weavile
|-ability|p2a: Deathstroke|Beast Boost|boost
|-boost|p2a: Deathstroke|atk|1
|
|-weather|SunnyDay|[upkeep]
|upkeep
|
|t:|1665824930
|switch|p1a: Torkoal|Torkoal, M|45/100
|-damage|p1a: Torkoal|20/100|[from] Stealth Rock
|turn|18
|
|t:|1665824932
|move|p2a: Deathstroke|Sacred Sword|p1a: Torkoal
|-damage|p1a: Torkoal|0 fnt
|faint|p1a: Torkoal
|
|win|quixana
|raw|TheRayVGC's rating: 1727 &rarr; <strong>1713</strong><br />(-14 for losing)
|raw|quixana's rating: 1830 &rarr; <strong>1844</strong><br />(+14 for winning)
|l|☆TheRayVGC
|l| SmartInPhysics
|l| Realm-oReapers ♡
|l| Jongruenwald
||Ladder isn't responding, score probably updated but might not have (Request timeout).
