|j|☆big boss 447
|j|☆quixana
|t:|1657439434
|gametype|singles
|player|p1|big boss 447|harlequin|1678
|player|p2|quixana|ethan-pokeathlon|1752
|teamsize|p1|6
|teamsize|p2|6
|gen|8
|tier|[Gen 8] OU
|rated|
|rule|Sleep Clause Mod: Limit one foe put to sleep
|rule|Species Clause: Limit one of each Pokémon
|rule|OHKO Clause: OHKO moves are banned
|rule|Evasion Moves Clause: Evasion moves are banned
|rule|Endless Battle Clause: Forcing endless battles is banned
|rule|HP Percentage Mod: HP is shown in percentages
|rule|Dynamax Clause: You cannot dynamax
|clearpoke
|poke|p1|Obstagoon, F|
|poke|p1|Victini|
|poke|p1|Landorus-Therian, M|
|poke|p1|Volcanion|
|poke|p1|Tapu Lele|
|poke|p1|Clefable, F|
|poke|p2|Clefable, F|
|poke|p2|Toxapex, F|
|poke|p2|Hippowdon, F|
|poke|p2|Excadrill, M|
|poke|p2|Blacephalon|
|poke|p2|Skarmory, F|
|teampreview
|inactive|Battle timer is ON: inactive players will automatically lose when time's up. (requested by big boss 447)
|j| SMW M4R10
|inactive|quixana has 120 seconds left.
|
|t:|1657439469
|start
|switch|p1a: Volcanion|Volcanion|100/100
|switch|p2a: Blacephalon|Blacephalon|100/100
|turn|1
|l| SMW M4R10
|inactive|quixana has 120 seconds left.
|j| xuwuhanjun
|
|t:|1657439506
|switch|p2a: Toxapex|Toxapex, F|100/100
|move|p1a: Volcanion|Earth Power|p2a: Toxapex
|-supereffective|p2a: Toxapex
|-damage|p2a: Toxapex|29/100
|
|upkeep
|turn|2
|inactive|quixana has 120 seconds left.
|j| Nagisa5264
|
|t:|1657439515
|switch|p1a: Victini|Victini|100/100
|switch|p2a: Hippowdon|Hippowdon, F|100/100
|-weather|Sandstorm|[from] ability: Sand Stream|[of] p2a: Hippowdon
|
|-weather|Sandstorm|[upkeep]
|-damage|p1a: Victini|95/100|[from] Sandstorm
|upkeep
|turn|3
|
|t:|1657439523
|move|p1a: Victini|V-create|p2a: Hippowdon
|-damage|p2a: Hippowdon|40/100
|-unboost|p1a: Victini|spe|1
|-unboost|p1a: Victini|def|1
|-unboost|p1a: Victini|spd|1
|move|p2a: Hippowdon|Stealth Rock|p1a: Victini
|-sidestart|p1: big boss 447|move: Stealth Rock
|
|-weather|Sandstorm|[upkeep]
|-damage|p1a: Victini|89/100|[from] Sandstorm
|-heal|p2a: Hippowdon|46/100|[from] item: Leftovers
|upkeep
|turn|4
|
|t:|1657439536
|switch|p2a: Toxapex|Toxapex, F|63/100
|move|p1a: Victini|Zen Headbutt|p2a: Toxapex
|-supereffective|p2a: Toxapex
|-damage|p2a: Toxapex|3/100
|
|-weather|Sandstorm|[upkeep]
|-damage|p1a: Victini|83/100|[from] Sandstorm
|-damage|p2a: Toxapex|0 fnt|[from] Sandstorm
|faint|p2a: Toxapex
|upkeep
|j| fake tora
|l| fake tora
|
|t:|1657439547
|switch|p2a: Blacephalon|Blacephalon|100/100
|turn|5
|j| Annibaleo
|j| fake tora
|
|t:|1657439565
|switch|p1a: Obstagoon|Obstagoon, F|100/100
|-damage|p1a: Obstagoon|88/100|[from] Stealth Rock
|move|p2a: Blacephalon|Overheat|p1a: Obstagoon
|-damage|p1a: Obstagoon|0 fnt
|-unboost|p2a: Blacephalon|spa|2
|faint|p1a: Obstagoon
|-ability|p2a: Blacephalon|Beast Boost|boost
|-boost|p2a: Blacephalon|spa|1
|
|-weather|Sandstorm|[upkeep]
|-damage|p2a: Blacephalon|94/100|[from] Sandstorm
|upkeep
|
|t:|1657439569
|switch|p1a: Volcanion|Volcanion|100/100
|-damage|p1a: Volcanion|76/100|[from] Stealth Rock
|turn|6
|j| Ran Kob
|inactive|quixana has 120 seconds left.
|
|t:|1657439591
|switch|p2a: Hippowdon|Hippowdon, F|46/100
|move|p1a: Volcanion|Steam Eruption|p2a: Hippowdon|[miss]
|-miss|p1a: Volcanion|p2a: Hippowdon
|
|-weather|none
|-heal|p2a: Hippowdon|53/100|[from] item: Leftovers
|upkeep
|turn|7
|
|t:|1657439599
|move|p1a: Volcanion|Steam Eruption|p2a: Hippowdon
|-supereffective|p2a: Hippowdon
|-damage|p2a: Hippowdon|0 fnt
|faint|p2a: Hippowdon
|
|upkeep
|
|t:|1657439601
|switch|p2a: Blacephalon|Blacephalon|94/100
|turn|8
|
|t:|1657439605
|move|p2a: Blacephalon|Shadow Ball|p1a: Volcanion
|-damage|p1a: Volcanion|0 fnt
|faint|p1a: Volcanion
|-ability|p2a: Blacephalon|Beast Boost|boost
|-boost|p2a: Blacephalon|spa|1
|
|upkeep
|
|t:|1657439610
|switch|p1a: Tapu Lele|Tapu Lele|100/100
|-damage|p1a: Tapu Lele|88/100|[from] Stealth Rock
|-fieldstart|move: Psychic Terrain|[from] ability: Psychic Surge|[of] p1a: Tapu Lele
|turn|9
|
|t:|1657439619
|switch|p2a: Excadrill|Excadrill, M|100/100
|move|p1a: Tapu Lele|Psychic|p2a: Excadrill
|-resisted|p2a: Excadrill
|-damage|p2a: Excadrill|58/100
|
|-heal|p2a: Excadrill|64/100|[from] item: Leftovers
|upkeep
|turn|10
|
|t:|1657439630
|switch|p1a: Landorus|Landorus-Therian, M|100/100
|-damage|p1a: Landorus|88/100|[from] Stealth Rock
|-ability|p1a: Landorus|Intimidate|boost
|-unboost|p2a: Excadrill|atk|1
|move|p2a: Excadrill|Iron Head|p1a: Landorus
|-damage|p1a: Landorus|62/100
|-damage|p2a: Excadrill|47/100|[from] item: Rocky Helmet|[of] p1a: Landorus
|
|-heal|p2a: Excadrill|53/100|[from] item: Leftovers
|upkeep
|turn|11
|l| Ran Kob
|
|t:|1657439643
|switch|p2a: Skarmory|Skarmory, F, shiny|100/100
|move|p1a: Landorus|U-turn|p2a: Skarmory
|-resisted|p2a: Skarmory
|-damage|p2a: Skarmory|97/100
|-damage|p1a: Landorus|46/100|[from] item: Rocky Helmet|[of] p2a: Skarmory
|
|t:|1657439646
|switch|p1a: Victini|Victini|83/100|[from]move: U-turn
|
|upkeep
|turn|12
|l| xuwuhanjun
|
|t:|1657439655
|switch|p2a: Clefable|Clefable, F|100/100
|move|p1a: Victini|V-create|p2a: Clefable
|-damage|p2a: Clefable|30/100
|-unboost|p1a: Victini|spe|1
|-unboost|p1a: Victini|def|1
|-unboost|p1a: Victini|spd|1
|
|upkeep
|turn|13
|
|t:|1657439663
|move|p1a: Victini|V-create|p2a: Clefable
|-damage|p2a: Clefable|0 fnt
|-unboost|p1a: Victini|spe|1
|-unboost|p1a: Victini|def|1
|-unboost|p1a: Victini|spd|1
|faint|p2a: Clefable
|
|-fieldend|move: Psychic Terrain
|upkeep
|j| xuwuhanjun
|
|t:|1657439669
|switch|p2a: Blacephalon|Blacephalon|94/100
|turn|14
|
|t:|1657439676
|switch|p1a: Clefable|Clefable, F|100/100
|move|p2a: Blacephalon|Shadow Ball|p1a: Clefable
|-damage|p1a: Clefable|33/100
|
|upkeep
|turn|15
|
|t:|1657439679
|move|p2a: Blacephalon|Shadow Ball|p1a: Clefable
|-damage|p1a: Clefable|0 fnt
|faint|p1a: Clefable
|-ability|p2a: Blacephalon|Beast Boost|boost
|-boost|p2a: Blacephalon|spa|1
|
|upkeep
|
|t:|1657439680
|switch|p1a: Tapu Lele|Tapu Lele|88/100
|-damage|p1a: Tapu Lele|76/100|[from] Stealth Rock
|-fieldstart|move: Psychic Terrain|[from] ability: Psychic Surge|[of] p1a: Tapu Lele
|turn|16
|l| xuwuhanjun
|
|t:|1657439701
|switch|p2a: Skarmory|Skarmory, F, shiny|97/100
|move|p1a: Tapu Lele|Psychic|p2a: Skarmory
|-resisted|p2a: Skarmory
|-damage|p2a: Skarmory|49/100
|
|upkeep
|turn|17
|
|t:|1657439712
|move|p1a: Tapu Lele|Psychic|p2a: Skarmory
|-resisted|p2a: Skarmory
|-damage|p2a: Skarmory|4/100
|move|p2a: Skarmory|Roost|p2a: Skarmory
|-heal|p2a: Skarmory|54/100
|-singleturn|p2a: Skarmory|move: Roost
|
|upkeep
|turn|18
|l| fake tora
|
|t:|1657439716
|switch|p1a: Victini|Victini|83/100
|move|p2a: Skarmory|Roost|p2a: Skarmory
|-heal|p2a: Skarmory|100/100
|-singleturn|p2a: Skarmory|move: Roost
|
|upkeep
|turn|19
|
|t:|1657439732
|move|p1a: Victini|V-create|p2a: Skarmory
|-supereffective|p2a: Skarmory
|-ability|p2a: Skarmory|Sturdy
|-damage|p2a: Skarmory|1/100
|-unboost|p1a: Victini|spe|1
|-unboost|p1a: Victini|def|1
|-unboost|p1a: Victini|spd|1
|-damage|p1a: Victini|66/100|[from] item: Rocky Helmet|[of] p2a: Skarmory
|move|p2a: Skarmory|Spikes|p1a: Victini
|-sidestart|p1: big boss 447|Spikes
|
|upkeep
|turn|20
|
|t:|1657439744
|move|p1a: Victini|U-turn|p2a: Skarmory
|-resisted|p2a: Skarmory
|-damage|p2a: Skarmory|0 fnt
|-damage|p1a: Victini|50/100|[from] item: Rocky Helmet|[of] p2a: Skarmory
|faint|p2a: Skarmory
|
|t:|1657439748
|switch|p1a: Landorus|Landorus-Therian, M|46/100|[from]move: U-turn
|-damage|p1a: Landorus|33/100|[from] Stealth Rock
|
|-fieldend|move: Psychic Terrain
|upkeep
|
|t:|1657439752
|switch|p2a: Blacephalon|Blacephalon|94/100
|turn|21
|
|t:|1657439781
|move|p2a: Blacephalon|Shadow Ball|p1a: Landorus
|-damage|p1a: Landorus|0 fnt
|faint|p1a: Landorus
|-ability|p2a: Blacephalon|Beast Boost|boost
|-boost|p2a: Blacephalon|spa|1
|
|upkeep
|
|t:|1657439783
|switch|p1a: Tapu Lele|Tapu Lele|76/100
|-damage|p1a: Tapu Lele|63/100|[from] Stealth Rock
|-damage|p1a: Tapu Lele|51/100|[from] Spikes
|-fieldstart|move: Psychic Terrain|[from] ability: Psychic Surge|[of] p1a: Tapu Lele
|turn|22
|
|t:|1657439801
|move|p1a: Tapu Lele|Psyshock|p2a: Blacephalon
|-damage|p2a: Blacephalon|0 fnt
|faint|p2a: Blacephalon
|
|upkeep
|
|t:|1657439804
|switch|p2a: Excadrill|Excadrill, M|53/100
|turn|23
|
|t:|1657439812
|move|p1a: Tapu Lele|Psyshock|p2a: Excadrill
|-resisted|p2a: Excadrill
|-damage|p2a: Excadrill|9/100
|move|p2a: Excadrill|Rapid Spin|p1a: Tapu Lele
|-damage|p1a: Tapu Lele|21/100
|-boost|p2a: Excadrill|spe|1
|
|-heal|p2a: Excadrill|15/100|[from] item: Leftovers
|upkeep
|turn|24
|j| AKWQE
|l| AKWQE
|
|t:|1657439817
|move|p2a: Excadrill|Iron Head|p1a: Tapu Lele
|-supereffective|p1a: Tapu Lele
|-damage|p1a: Tapu Lele|0 fnt
|faint|p1a: Tapu Lele
|
|-heal|p2a: Excadrill|21/100|[from] item: Leftovers
|upkeep
|
|t:|1657439818
|switch|p1a: Victini|Victini|50/100
|turn|25
|
|t:|1657439824
|move|p2a: Excadrill|Earthquake|p1a: Victini
|-supereffective|p1a: Victini
|-damage|p1a: Victini|0 fnt
|faint|p1a: Victini
|
|win|quixana
|raw|big boss 447's rating: 1678 &rarr; <strong>1662</strong><br />(-16 for losing)
|raw|quixana's rating: 1752 &rarr; <strong>1768</strong><br />(+16 for winning)
|l|☆big boss 447
