|html|<div class="broadcast-blue"><strong>[Gen 8] OU is currently suspecting Melmetal! For information on how to participate check out the <a href="https://www.smogon.com/forums/threads/np-ss-ou-suspect-process-round-12-monster-mash.3709234/">suspect thread</a>.</strong></div>
|j|☆HQSTest
|j|☆HNO909
|t:|1666193030
|gametype|singles
|player|p1|HQSTest|veteranf|1767
|player|p2|HNO909|drayden|1607
|teamsize|p1|6
|teamsize|p2|6
|gen|8
|tier|[Gen 8] OU
|rated|
|rule|Sleep Clause Mod: Limit one foe put to sleep
|rule|Species Clause: Limit one of each Pokémon
|rule|OHKO Clause: OHKO moves are banned
|rule|Evasion Items Clause: Evasion items are banned
|rule|Evasion Moves Clause: Evasion moves are banned
|rule|Endless Battle Clause: Forcing endless battles is banned
|rule|HP Percentage Mod: HP is shown in percentages
|rule|Dynamax Clause: You cannot dynamax
|clearpoke
|poke|p1|Dragapult, F|
|poke|p1|Weavile, M|
|poke|p1|Rillaboom, F|
|poke|p1|Nihilego|
|poke|p1|Garchomp, M|
|poke|p1|Celesteela|
|poke|p2|Landorus-Therian, M|
|poke|p2|Tapu Lele|
|poke|p2|Alakazam, M|
|poke|p2|Ferrothorn, M|
|poke|p2|Moltres-Galar|
|poke|p2|Toxapex, M|
|teampreview
|j| xuanxeno
|inactive|Battle timer is ON: inactive players will automatically lose when time's up. (requested by HNO909)
|
|t:|1666193082
|start
|switch|p1a: Garchomp|Garchomp, M|100/100
|switch|p2a: Tapu Lele|Tapu Lele|100/100
|-fieldstart|move: Psychic Terrain|[from] ability: Psychic Surge|[of] p2a: Tapu Lele
|turn|1
|
|t:|1666193099
|move|p1a: Garchomp|Stealth Rock|p2a: Tapu Lele
|-sidestart|p2: HNO909|move: Stealth Rock
|move|p2a: Tapu Lele|Psychic|p1a: Garchomp
|-damage|p1a: Garchomp|9/100
|
|-heal|p1a: Garchomp|15/100|[from] item: Leftovers
|upkeep
|turn|2
|
|t:|1666193112
|move|p1a: Garchomp|Earthquake|p2a: Tapu Lele
|-damage|p2a: Tapu Lele|26/100
|move|p2a: Tapu Lele|Psychic|p1a: Garchomp
|-damage|p1a: Garchomp|0 fnt
|faint|p1a: Garchomp
|
|upkeep
|
|t:|1666193124
|switch|p1a: Celesteela|Celesteela|100/100
|turn|3
|
|t:|1666193129
|switch|p2a: Landorus|Landorus-Therian, M|100/100
|-damage|p2a: Landorus|88/100|[from] Stealth Rock
|-ability|p2a: Landorus|Intimidate|boost
|-unboost|p1a: Celesteela|atk|1
|move|p1a: Celesteela|Autotomize|p1a: Celesteela
|-boost|p1a: Celesteela|spe|2
|-start|p1a: Celesteela|Autotomize
|
|-heal|p2a: Landorus|94/100|[from] item: Leftovers
|upkeep
|turn|4
|
|t:|1666193136
|move|p1a: Celesteela|Meteor Beam||[still]
|-prepare|p1a: Celesteela|Meteor Beam
|-boost|p1a: Celesteela|spa|1
|-enditem|p1a: Celesteela|Power Herb
|-anim|p1a: Celesteela|Meteor Beam|p2a: Landorus
|-damage|p2a: Landorus|46/100
|move|p2a: Landorus|U-turn|p1a: Celesteela
|-resisted|p1a: Celesteela
|-damage|p1a: Celesteela|95/100
|
|t:|1666193139
|switch|p2a: Toxapex|Toxapex, M|100/100|[from]move: U-turn
|-damage|p2a: Toxapex|88/100|[from] Stealth Rock
|
|upkeep
|turn|5
|
|t:|1666193147
|move|p1a: Celesteela|Air Slash|p2a: Toxapex
|-damage|p2a: Toxapex|44/100
|-enditem|p2a: Toxapex|Eject Button
|
|t:|1666193156
|switch|p2a: Ferrothorn|Ferrothorn, M|100/100
|-damage|p2a: Ferrothorn|95/100|[from] Stealth Rock
|
|-heal|p2a: Ferrothorn|100/100|[from] item: Leftovers
|-fieldend|move: Psychic Terrain
|upkeep
|turn|6
|
|t:|1666193159
|move|p1a: Celesteela|Flamethrower|p2a: Ferrothorn
|-supereffective|p2a: Ferrothorn
|-damage|p2a: Ferrothorn|0 fnt
|faint|p2a: Ferrothorn
|-ability|p1a: Celesteela|Beast Boost|boost
|-boost|p1a: Celesteela|spa|1
|
|upkeep
|
|t:|1666193162
|switch|p2a: Toxapex|Toxapex, M|77/100
|-damage|p2a: Toxapex|65/100|[from] Stealth Rock
|turn|7
|
|t:|1666193165
|move|p1a: Celesteela|Air Slash|p2a: Toxapex
|-damage|p2a: Toxapex|4/100
|cant|p2a: Toxapex|flinch
|
|upkeep
|turn|8
|-message|HNO909 forfeited.
|
|win|HQSTest
|raw|HQSTest's rating: 1767 &rarr; <strong>1778</strong><br />(+11 for winning)
|raw|HNO909's rating: 1607 &rarr; <strong>1596</strong><br />(-11 for losing)
|l|☆HNO909
|l| xuanxeno
||Ladder isn't responding, score probably updated but might not have (Request timeout).
