|j|☆Adel19
|j|☆khatru my goat
|t:|1665462917
|gametype|singles
|player|p1|Adel19|1|1683
|player|p2|khatru my goat|teamrocket|1802
|teamsize|p1|6
|teamsize|p2|6
|gen|8
|tier|[Gen 8] OU
|rated|
|rule|Sleep Clause Mod: Limit one foe put to sleep
|rule|Species Clause: Limit one of each Pokémon
|rule|OHKO Clause: OHKO moves are banned
|rule|Evasion Items Clause: Evasion items are banned
|rule|Evasion Moves Clause: Evasion moves are banned
|rule|Endless Battle Clause: Forcing endless battles is banned
|rule|HP Percentage Mod: HP is shown in percentages
|rule|Dynamax Clause: You cannot dynamax
|clearpoke
|poke|p1|Landorus-Therian, M|
|poke|p1|Zapdos|
|poke|p1|Blissey, F|
|poke|p1|Tapu Fini|
|poke|p1|Kartana|
|poke|p1|Zeraora|
|poke|p2|Kartana|
|poke|p2|Weavile, M|
|poke|p2|Landorus-Therian, M|
|poke|p2|Melmetal|
|poke|p2|Urshifu-*, M|
|poke|p2|Slowbro, M|
|teampreview
|inactive|Battle timer is ON: inactive players will automatically lose when time's up. (requested by khatru my goat)
|
|t:|1665462939
|start
|switch|p1a: Landorus|Landorus-Therian, M|100/100
|switch|p2a: Landorus|Landorus-Therian, M, shiny|100/100
|-ability|p1a: Landorus|Intimidate|boost
|-unboost|p2a: Landorus|atk|1
|-ability|p2a: Landorus|Intimidate|boost
|-unboost|p1a: Landorus|atk|1
|turn|1
|
|t:|1665462942
|move|p1a: Landorus|Stone Edge|p2a: Landorus|[miss]
|-miss|p1a: Landorus|p2a: Landorus
|move|p2a: Landorus|Stealth Rock|p1a: Landorus
|-sidestart|p1: Adel19|move: Stealth Rock
|
|upkeep
|turn|2
|
|t:|1665462944
|move|p1a: Landorus|Stone Edge|p2a: Landorus|[miss]
|-miss|p1a: Landorus|p2a: Landorus
|move|p2a: Landorus|U-turn|p1a: Landorus
|-resisted|p1a: Landorus
|-damage|p1a: Landorus|92/100
|
|t:|1665462955
|switch|p2a: Urshifu|Urshifu-Rapid-Strike, M|100/100|[from]move: U-turn
|
|upkeep
|turn|3
|
|t:|1665462963
|move|p2a: Urshifu|Surging Strikes|p1a: Landorus
|-supereffective|p1a: Landorus
|-crit|p1a: Landorus
|-damage|p1a: Landorus|26/100
|-supereffective|p1a: Landorus
|-crit|p1a: Landorus
|-damage|p1a: Landorus|0 fnt
|faint|p1a: Landorus
|-hitcount|p1: Landorus|2
|
|upkeep
|
|t:|1665462965
|switch|p1a: Kartana|Kartana|100/100
|-damage|p1a: Kartana|94/100|[from] Stealth Rock
|turn|4
|
|t:|1665462991
|switch|p2a: Kartana|Kartana, shiny|100/100
|move|p1a: Kartana|Swords Dance|p1a: Kartana
|-boost|p1a: Kartana|atk|2
|
|upkeep
|turn|5
|
|t:|1665463002
|move|p2a: Kartana|Sacred Sword|p1a: Kartana
|-supereffective|p1a: Kartana
|-damage|p1a: Kartana|30/100
|move|p1a: Kartana|Sacred Sword|p2a: Kartana
|-supereffective|p2a: Kartana
|-damage|p2a: Kartana|0 fnt
|faint|p2a: Kartana
|-ability|p1a: Kartana|Beast Boost|boost
|-boost|p1a: Kartana|spe|1
|
|upkeep
|inactive|khatru my goat has 120 seconds left.
|
|t:|1665463014
|switch|p2a: Weavile|Weavile, M, shiny|100/100
|-ability|p2a: Weavile|Pressure
|turn|6
|
|t:|1665463017
|move|p2a: Weavile|Ice Shard|p1a: Kartana
|-damage|p1a: Kartana|0 fnt
|faint|p1a: Kartana
|
|upkeep
|
|t:|1665463021
|switch|p1a: Blissey|Blissey, F|100/100
|turn|7
|inactive|khatru my goat has 120 seconds left.
|
|t:|1665463060
|switch|p2a: Melmetal|Melmetal, shiny|100/100
|move|p1a: Blissey|Stealth Rock|p2a: Melmetal
|-sidestart|p2: khatru my goat|move: Stealth Rock
|
|upkeep
|turn|8
|
|t:|1665463070
|switch|p1a: Zapdos|Zapdos|100/100
|move|p2a: Melmetal|Ice Punch|p1a: Zapdos
|-supereffective|p1a: Zapdos
|-damage|p1a: Zapdos|16/100
|-status|p1a: Zapdos|frz
|
|upkeep
|turn|9
|
|t:|1665463077
|switch|p1a: Tapu Fini|Tapu Fini|100/100
|-damage|p1a: Tapu Fini|88/100|[from] Stealth Rock
|-fieldstart|move: Misty Terrain|[from] ability: Misty Surge|[of] p1a: Tapu Fini
|move|p2a: Melmetal|Ice Punch|p1a: Tapu Fini
|-resisted|p1a: Tapu Fini
|-damage|p1a: Tapu Fini|70/100
|
|-heal|p1a: Tapu Fini|76/100|[from] item: Leftovers
|upkeep
|turn|10
|inactive|khatru my goat has 120 seconds left.
|
|t:|1665463108
|switch|p2a: Slowbro|Slowbro, M, shiny|100/100
|move|p1a: Tapu Fini|Calm Mind|p1a: Tapu Fini
|-boost|p1a: Tapu Fini|spa|1
|-boost|p1a: Tapu Fini|spd|1
|
|-heal|p1a: Tapu Fini|82/100|[from] item: Leftovers
|upkeep
|turn|11
|
|t:|1665463111
|move|p1a: Tapu Fini|Taunt|p2a: Slowbro
|-start|p2a: Slowbro|move: Taunt
|cant|p2a: Slowbro|move: Taunt|Teleport
|
|-heal|p1a: Tapu Fini|89/100|[from] item: Leftovers
|upkeep
|turn|12
|inactive|khatru my goat has 120 seconds left.
|
|t:|1665463131
|switch|p2a: Weavile|Weavile, M, shiny|100/100
|-damage|p2a: Weavile|76/100|[from] Stealth Rock
|-ability|p2a: Weavile|Pressure
|move|p1a: Tapu Fini|Surf|p2a: Weavile
|-damage|p2a: Weavile|10/100
|
|-heal|p1a: Tapu Fini|95/100|[from] item: Leftovers
|upkeep
|turn|13
|
|t:|1665463141
|move|p2a: Weavile|Knock Off|p1a: Tapu Fini
|-resisted|p1a: Tapu Fini
|-damage|p1a: Tapu Fini|69/100
|-enditem|p1a: Tapu Fini|Leftovers|[from] move: Knock Off|[of] p2a: Weavile
|move|p1a: Tapu Fini|Calm Mind|p1a: Tapu Fini
|-boost|p1a: Tapu Fini|spa|1
|-boost|p1a: Tapu Fini|spd|1
|
|-fieldend|Misty Terrain
|upkeep
|turn|14
|
|t:|1665463146
|move|p2a: Weavile|Knock Off|p1a: Tapu Fini
|-resisted|p1a: Tapu Fini
|-damage|p1a: Tapu Fini|49/100
|move|p1a: Tapu Fini|Moonblast|p2a: Weavile
|-supereffective|p2a: Weavile
|-crit|p2a: Weavile
|-damage|p2a: Weavile|0 fnt
|faint|p2a: Weavile
|
|upkeep
|
|t:|1665463153
|switch|p2a: Melmetal|Melmetal, shiny|100/100
|-damage|p2a: Melmetal|94/100|[from] Stealth Rock
|turn|15
|
|t:|1665463155
|move|p1a: Tapu Fini|Surf|p2a: Melmetal
|-damage|p2a: Melmetal|28/100
|move|p2a: Melmetal|Double Iron Bash|p1a: Tapu Fini
|-damage|p1a: Tapu Fini|6/100
|-damage|p1a: Tapu Fini|0 fnt
|faint|p1a: Tapu Fini
|-hitcount|p1: Tapu Fini|2
|
|upkeep
|
|t:|1665463159
|switch|p1a: Zeraora|Zeraora|100/100
|turn|16
|
|t:|1665463167
|switch|p2a: Landorus|Landorus-Therian, M, shiny|100/100
|-damage|p2a: Landorus|88/100|[from] Stealth Rock
|-ability|p2a: Landorus|Intimidate|boost
|-unboost|p1a: Zeraora|atk|1
|move|p1a: Zeraora|Close Combat|p2a: Landorus
|-resisted|p2a: Landorus
|-damage|p2a: Landorus|77/100
|-unboost|p1a: Zeraora|def|1
|-unboost|p1a: Zeraora|spd|1
|
|-heal|p2a: Landorus|83/100|[from] item: Leftovers
|upkeep
|turn|17
|
|t:|1665463174
|move|p1a: Zeraora|Knock Off|p2a: Landorus
|-damage|p2a: Landorus|66/100
|-enditem|p2a: Landorus|Leftovers|[from] move: Knock Off|[of] p1a: Zeraora
|move|p2a: Landorus|U-turn|p1a: Zeraora
|-damage|p1a: Zeraora|55/100
|
|t:|1665463180
|switch|p2a: Urshifu|Urshifu-Rapid-Strike, M|100/100|[from]move: U-turn
|-damage|p2a: Urshifu|94/100|[from] Stealth Rock
|
|upkeep
|turn|18
|
|t:|1665463183
|switch|p1a: Zapdos|Zapdos|16/100 frz
|move|p2a: Urshifu|Aqua Jet|p1a: Zapdos
|-damage|p1a: Zapdos|0 fnt
|faint|p1a: Zapdos
|
|upkeep
|
|t:|1665463193
|switch|p1a: Blissey|Blissey, F|100/100
|turn|19
|
|t:|1665463195
|switch|p2a: Melmetal|Melmetal, shiny|28/100
|-damage|p2a: Melmetal|22/100|[from] Stealth Rock
|move|p1a: Blissey|Seismic Toss|p2a: Melmetal
|-damage|p2a: Melmetal|1/100
|
|upkeep
|turn|20
|
|t:|1665463198
|move|p1a: Blissey|Seismic Toss|p2a: Melmetal
|-damage|p2a: Melmetal|0 fnt
|faint|p2a: Melmetal
|
|upkeep
|
|t:|1665463201
|switch|p2a: Urshifu|Urshifu-Rapid-Strike, M|94/100
|-damage|p2a: Urshifu|88/100|[from] Stealth Rock
|turn|21
|-message|Adel19 forfeited.
|
|win|khatru my goat
|raw|Adel19's rating: 1683 &rarr; <strong>1670</strong><br />(-13 for losing)
|raw|khatru my goat's rating: 1802 &rarr; <strong>1815</strong><br />(+13 for winning)
|l|☆Adel19
