|j|☆MetalDuskmon
|j|☆Rorschach I
|player|p1|MetalDuskmon|hooligans|1900
|player|p2|Rorschach I|cynthia|1845
|teamsize|p1|6
|teamsize|p2|6
|gametype|singles
|gen|8
|tier|[Gen 8] OU
|rated|
|clearpoke
|poke|p1|Shuckle, F|
|poke|p1|Bisharp, M|
|poke|p1|Aegislash, M|
|poke|p1|Dracovish|
|poke|p1|Zeraora|
|poke|p1|Kyurem|
|poke|p2|Terrakion|
|poke|p2|Aegislash, M|
|poke|p2|Crawdaunt, M|
|poke|p2|Zeraora|
|poke|p2|Kyurem|
|poke|p2|Togekiss, M|
|rule|Sleep Clause Mod: Limit one foe put to sleep
|rule|Species Clause: Limit one of each Pokémon
|rule|OHKO Clause: OHKO moves are banned
|rule|Evasion Moves Clause: Evasion moves are banned
|rule|Endless Battle Clause: Forcing endless battles is banned
|rule|HP Percentage Mod: HP is shown in percentages
|rule|Dynamax Clause: You cannot dynamax
|teampreview
|
|start
|switch|p1a: Shuckle|Shuckle, F|100/100
|switch|p2a: Zeraora|Zeraora|100/100
|turn|1
|
|move|p2a: Zeraora|Bulk Up|p2a: Zeraora
|-boost|p2a: Zeraora|atk|1
|-boost|p2a: Zeraora|def|1
|move|p1a: Shuckle|Encore|p2a: Zeraora
|-start|p2a: Zeraora|Encore
|
|upkeep
|turn|2
|j| 10RandomPrecision
|
|switch|p2a: Togekiss|Togekiss, M|100/100
|switch|p1a: Kyurem|Kyurem|100/100
|-ability|p1a: Kyurem|Pressure
|
|upkeep
|turn|3
|
|switch|p1a: Zeraora|Zeraora|100/100
|move|p2a: Togekiss|Air Slash|p1a: Zeraora
|-resisted|p1a: Zeraora
|-damage|p1a: Zeraora|76/100
|
|-heal|p1a: Zeraora|82/100|[from] item: Leftovers
|upkeep
|turn|4
|j| Youngster Maxance
|l| Youngster Maxance
|
|switch|p2a: Zeraora|Zeraora|100/100
|move|p1a: Zeraora|Knock Off|p2a: Zeraora
|-damage|p2a: Zeraora|58/100
|-enditem|p2a: Zeraora|Life Orb|[from] move: Knock Off|[of] p1a: Zeraora
|
|-heal|p1a: Zeraora|88/100|[from] item: Leftovers
|upkeep
|turn|5
|j| Pineco is hot
|
|switch|p1a: Shuckle|Shuckle, F|100/100
|move|p2a: Zeraora|Drain Punch|p1a: Shuckle
|-damage|p1a: Shuckle|87/100
|-heal|p2a: Zeraora|63/100|[from] drain|[of] p1a: Shuckle
|
|upkeep
|turn|6
|l| Pineco is hot
|
|move|p2a: Zeraora|Plasma Fists|p1a: Shuckle
|-damage|p1a: Shuckle|60/100
|-fieldactivate|move: Ion Deluge
|move|p1a: Shuckle|Sticky Web|p2a: Zeraora
|-sidestart|p2: Rorschach I|move: Sticky Web
|
|upkeep
|turn|7
|
|move|p2a: Zeraora|Bulk Up|p2a: Zeraora
|-boost|p2a: Zeraora|atk|1
|-boost|p2a: Zeraora|def|1
|move|p1a: Shuckle|Stealth Rock|p2a: Zeraora
|-sidestart|p2: Rorschach I|move: Stealth Rock
|
|upkeep
|turn|8
|
|move|p2a: Zeraora|Plasma Fists|p1a: Shuckle
|-damage|p1a: Shuckle|22/100
|-fieldactivate|move: Ion Deluge
|move|p1a: Shuckle|Encore|p2a: Zeraora
|-heal|p2a: Zeraora|88/100|[from] ability: Volt Absorb|[of] p1a: Shuckle
|
|upkeep
|turn|9
|j| TeamTest8946
|
|move|p2a: Zeraora|Plasma Fists|p1a: Shuckle
|-damage|p1a: Shuckle|0 fnt
|-fieldactivate|move: Ion Deluge
|faint|p1a: Shuckle
|
|upkeep
|
|switch|p1a: Zeraora|Zeraora|88/100
|turn|10
|l| 10RandomPrecision
|
|move|p1a: Zeraora|Bulk Up|p1a: Zeraora
|-boost|p1a: Zeraora|atk|1
|-boost|p1a: Zeraora|def|1
|move|p2a: Zeraora|Drain Punch|p1a: Zeraora
|-damage|p1a: Zeraora|56/100
|-heal|p2a: Zeraora|100/100|[from] drain|[of] p1a: Zeraora
|
|-heal|p1a: Zeraora|62/100|[from] item: Leftovers
|upkeep
|turn|11
|j| 10RandomPrecision
|
|move|p1a: Zeraora|Bulk Up|p1a: Zeraora
|-boost|p1a: Zeraora|atk|1
|-boost|p1a: Zeraora|def|1
|move|p2a: Zeraora|Play Rough|p1a: Zeraora
|-damage|p1a: Zeraora|34/100
|
|-heal|p1a: Zeraora|40/100|[from] item: Leftovers
|upkeep
|turn|12
|j| Inklyng
|
|move|p1a: Zeraora|Close Combat|p2a: Zeraora
|-damage|p2a: Zeraora|38/100
|-unboost|p1a: Zeraora|def|1
|-unboost|p1a: Zeraora|spd|1
|move|p2a: Zeraora|Drain Punch|p1a: Zeraora
|-damage|p1a: Zeraora|6/100
|-heal|p2a: Zeraora|55/100|[from] drain|[of] p1a: Zeraora
|
|-heal|p1a: Zeraora|12/100|[from] item: Leftovers
|upkeep
|turn|13
|c| 10RandomPrecision|woah i didn't think encore would trigger volt absorb
|
|move|p2a: Zeraora|Drain Punch|p1a: Zeraora
|-damage|p1a: Zeraora|0 fnt
|-heal|p2a: Zeraora|61/100|[from] drain|[of] p1a: Zeraora
|faint|p1a: Zeraora
|
|upkeep
|
|switch|p1a: Aegislash|Aegislash, M|100/100
|-item|p1a: Aegislash|Air Balloon
|turn|14
|c| TeamTest8946|plasma fists effect
|
|move|p2a: Zeraora|Plasma Fists|p1a: Aegislash
|-damage|p1a: Aegislash|30/100
|-fieldactivate|move: Ion Deluge
|-enditem|p1a: Aegislash|Air Balloon
|-formechange|p1a: Aegislash|Aegislash-Blade||[from] ability: Stance Change
|move|p1a: Aegislash|Shadow Claw|p2a: Zeraora
|-damage|p2a: Zeraora|24/100
|
|upkeep
|turn|15
|c| TeamTest8946|kinda great if you use it right
|j| TribalJolteon
|
|move|p1a: Aegislash|Shadow Sneak|p2a: Zeraora
|-damage|p2a: Zeraora|1/100
|move|p2a: Zeraora|Plasma Fists|p1a: Aegislash
|-damage|p1a: Aegislash|0 fnt
|-fieldactivate|move: Ion Deluge
|faint|p1a: Aegislash
|
|upkeep
|c| 10RandomPrecision|yeah I thought it would only apply to direct attacking moves
|
|switch|p1a: Bisharp|Bisharp, M|100/100
|turn|16
|
|move|p1a: Bisharp|Sucker Punch||[still]
|-fail|p1a: Bisharp
|move|p2a: Zeraora|Bulk Up|p2a: Zeraora
|-boost|p2a: Zeraora|atk|1
|-boost|p2a: Zeraora|def|1
|
|upkeep
|turn|17
|c| TeamTest8946|Yeah not gonna lie same
|c| TeamTest8946|I hate these mind games
|
|move|p1a: Bisharp|Sucker Punch||[still]
|-fail|p1a: Bisharp
|move|p2a: Zeraora|Bulk Up|p2a: Zeraora
|-boost|p2a: Zeraora|atk|1
|-boost|p2a: Zeraora|def|1
|
|upkeep
|turn|18
|
|move|p1a: Bisharp|Sucker Punch||[still]
|-fail|p1a: Bisharp
|move|p2a: Zeraora|Bulk Up|p2a: Zeraora
|-boost|p2a: Zeraora|atk|1
|-boost|p2a: Zeraora|def|1
|
|upkeep
|turn|19
|
|move|p1a: Bisharp|Sucker Punch||[still]
|-fail|p1a: Bisharp
|move|p2a: Zeraora|Bulk Up|p2a: Zeraora
|-boost|p2a: Zeraora|atk|1
|-boost|p2a: Zeraora|def|1
|
|upkeep
|turn|20
|
|move|p1a: Bisharp|Sucker Punch||[still]
|-fail|p1a: Bisharp
|move|p2a: Zeraora|Bulk Up|p2a: Zeraora
|-boost|p2a: Zeraora|atk|1
|-boost|p2a: Zeraora|def|1
|
|upkeep
|turn|21
|
|move|p1a: Bisharp|Sucker Punch||[still]
|-fail|p1a: Bisharp
|move|p2a: Zeraora|Bulk Up|p2a: Zeraora
|-boost|p2a: Zeraora|atk|0
|-boost|p2a: Zeraora|def|0
|
|upkeep
|turn|22
|
|move|p1a: Bisharp|Sucker Punch||[still]
|-fail|p1a: Bisharp
|move|p2a: Zeraora|Bulk Up|p2a: Zeraora
|-boost|p2a: Zeraora|atk|0
|-boost|p2a: Zeraora|def|0
|
|upkeep
|turn|23
|
|move|p1a: Bisharp|Sucker Punch||[still]
|-fail|p1a: Bisharp
|move|p2a: Zeraora|Bulk Up|p2a: Zeraora
|-boost|p2a: Zeraora|atk|0
|-boost|p2a: Zeraora|def|0
|
|upkeep
|turn|24
|c| TeamTest8946|dang
|-message|MetalDuskmon forfeited.
|
|win|Rorschach I
|l|☆MetalDuskmon
|j|☆MetalDuskmon
|player|p1|MetalDuskmon|hooligans
|c| 10RandomPrecision|wow
|l|☆MetalDuskmon
|player|p1|
|l| TeamTest8946
|l| 10RandomPrecision
||Ladder (probably) updated, but score could not be retrieved (Response not received).
