|raw|<div class="broadcast-blue"><strong>This battle is required to be public due to a player having a name starting with 'lt92pf'.</div>
|j|☆lt92pf jf
|j|‽kinetic chain
|t:|1659989607
|gametype|singles
|player|p1|lt92pf jf|misty-masters|1892
|player|p2|kinetic chain|giovanni-gen1|1912
|teamsize|p1|6
|teamsize|p2|6
|gen|8
|tier|[Gen 8] OU
|rated|
|rule|Sleep Clause Mod: Limit one foe put to sleep
|rule|Species Clause: Limit one of each Pokémon
|rule|OHKO Clause: OHKO moves are banned
|rule|Evasion Items Clause: Evasion items are banned
|rule|Evasion Moves Clause: Evasion moves are banned
|rule|Endless Battle Clause: Forcing endless battles is banned
|rule|HP Percentage Mod: HP is shown in percentages
|rule|Dynamax Clause: You cannot dynamax
|clearpoke
|poke|p1|Tornadus-Therian, M|
|poke|p1|Hippowdon, M|
|poke|p1|Blissey, F|
|poke|p1|Clefable, M|
|poke|p1|Toxapex, M|
|poke|p1|Corviknight, F|
|poke|p2|Regieleki|
|poke|p2|Tapu Koko|
|poke|p2|Dragonite, M|
|poke|p2|Ferrothorn, M|
|poke|p2|Melmetal|
|poke|p2|Landorus-Therian, M|
|teampreview
|inactive|Battle timer is ON: inactive players will automatically lose when time's up. (requested by lt92pf jf)
|j| Rollin n Scratchin
|
|t:|1659989624
|start
|switch|p1a: Toxapex|Toxapex, M|100/100
|switch|p2a: Ferrothorn|Ferrothorn, M|100/100
|turn|1
|j| yop on the flux
|j| winston4l
|
|t:|1659989631
|move|p1a: Toxapex|Knock Off|p2a: Ferrothorn
|-damage|p2a: Ferrothorn|91/100
|-damage|p1a: Toxapex|88/100|[from] ability: Iron Barbs|[of] p2a: Ferrothorn
|-enditem|p2a: Ferrothorn|Leftovers|[from] move: Knock Off|[of] p1a: Toxapex
|move|p2a: Ferrothorn|Knock Off|p1a: Toxapex
|-damage|p1a: Toxapex|74/100
|-enditem|p1a: Toxapex|Shed Shell|[from] move: Knock Off|[of] p2a: Ferrothorn
|
|upkeep
|turn|2
|
|t:|1659989659
|move|p1a: Toxapex|Toxic Spikes|p2a: Ferrothorn
|-sidestart|p2: kinetic chain|move: Toxic Spikes
|move|p2a: Ferrothorn|Spikes|p1a: Toxapex
|-sidestart|p1: lt92pf jf|Spikes
|
|upkeep
|turn|3
|j| LT92PF Atchoum
|j| LT92PF Dasmer
|j| zReptar
|j| vusty
|
|t:|1659989688
|move|p1a: Toxapex|Knock Off|p2a: Ferrothorn
|-damage|p2a: Ferrothorn|85/100
|-damage|p1a: Toxapex|62/100|[from] ability: Iron Barbs|[of] p2a: Ferrothorn
|move|p2a: Ferrothorn|Leech Seed|p1a: Toxapex
|-start|p1a: Toxapex|move: Leech Seed
|
|-damage|p1a: Toxapex|49/100|[from] Leech Seed|[of] p2a: Ferrothorn
|-heal|p2a: Ferrothorn|95/100|[silent]
|upkeep
|turn|4
|
|t:|1659989692
|switch|p1a: Tornadus|Tornadus-Therian, M|100/100
|move|p2a: Ferrothorn|Knock Off|p1a: Tornadus
|-damage|p1a: Tornadus|72/100
|-enditem|p1a: Tornadus|Heavy-Duty Boots|[from] move: Knock Off|[of] p2a: Ferrothorn
|
|upkeep
|turn|5
|
|t:|1659989701
|switch|p2a: Tapu Koko|Tapu Koko|100/100
|-fieldstart|move: Electric Terrain|[from] ability: Electric Surge|[of] p2a: Tapu Koko
|move|p1a: Tornadus|Substitute|p1a: Tornadus
|-start|p1a: Tornadus|Substitute
|-damage|p1a: Tornadus|47/100
|
|upkeep
|turn|6
|
|t:|1659989712
|switch|p1a: Hippowdon|Hippowdon, M|100/100
|-damage|p1a: Hippowdon|88/100|[from] Spikes
|-weather|Sandstorm|[from] ability: Sand Stream|[of] p1a: Hippowdon
|move|p2a: Tapu Koko|Volt Switch|p1a: Hippowdon
|-immune|p1a: Hippowdon
|
|-weather|Sandstorm|[upkeep]
|-damage|p2a: Tapu Koko|94/100|[from] Sandstorm
|-heal|p1a: Hippowdon|94/100|[from] item: Leftovers
|upkeep
|turn|7
|
|t:|1659989735
|switch|p2a: Landorus|Landorus-Therian, M|100/100
|-ability|p2a: Landorus|Intimidate|boost
|-unboost|p1a: Hippowdon|atk|1
|move|p1a: Hippowdon|Stealth Rock|p2a: Landorus
|-sidestart|p2: kinetic chain|move: Stealth Rock
|
|-weather|Sandstorm|[upkeep]
|-heal|p1a: Hippowdon|100/100|[from] item: Leftovers
|upkeep
|turn|8
|j| Arcadian Fields
|
|t:|1659989741
|move|p2a: Landorus|Knock Off|p1a: Hippowdon
|-damage|p1a: Hippowdon|77/100
|-enditem|p1a: Hippowdon|Leftovers|[from] move: Knock Off|[of] p2a: Landorus
|move|p1a: Hippowdon|Toxic|p2a: Landorus
|-status|p2a: Landorus|tox
|
|-weather|Sandstorm|[upkeep]
|-damage|p2a: Landorus|94/100 tox|[from] psn
|upkeep
|turn|9
|
|t:|1659989745
|move|p2a: Landorus|Stealth Rock|p1a: Hippowdon
|-sidestart|p1: lt92pf jf|move: Stealth Rock
|move|p1a: Hippowdon|Slack Off|p1a: Hippowdon
|-heal|p1a: Hippowdon|100/100
|
|-weather|Sandstorm|[upkeep]
|-heal|p2a: Landorus|100/100 tox|[from] item: Leftovers
|-damage|p2a: Landorus|88/100 tox|[from] psn
|-fieldend|move: Electric Terrain
|upkeep
|turn|10
|j| KFC Chizza
|
|t:|1659989749
|move|p2a: Landorus|U-turn|p1a: Hippowdon
|-damage|p1a: Hippowdon|86/100
|
|t:|1659989752
|switch|p2a: Ferrothorn|Ferrothorn, M|95/100|[from]move: U-turn
|-damage|p2a: Ferrothorn|89/100|[from] Stealth Rock
|move|p1a: Hippowdon|Slack Off|p1a: Hippowdon
|-heal|p1a: Hippowdon|100/100
|
|-weather|none
|upkeep
|turn|11
|j| tigers jaw
|j| BeastBraedon
|j| HonchkrowLover27
|l| KFC Chizza
|
|t:|1659989773
|switch|p1a: Tornadus|Tornadus-Therian, M|80/100
|-damage|p1a: Tornadus|56/100|[from] Stealth Rock
|move|p2a: Ferrothorn|Leech Seed|p1a: Tornadus
|-start|p1a: Tornadus|move: Leech Seed
|
|-damage|p1a: Tornadus|43/100|[from] Leech Seed|[of] p2a: Ferrothorn
|-heal|p2a: Ferrothorn|99/100|[silent]
|upkeep
|turn|12
|
|t:|1659989782
|switch|p1a: Corviknight|Corviknight, F|100/100
|-damage|p1a: Corviknight|88/100|[from] Stealth Rock
|-ability|p1a: Corviknight|Pressure
|move|p2a: Ferrothorn|Knock Off|p1a: Corviknight
|-damage|p1a: Corviknight|75/100
|-enditem|p1a: Corviknight|Leftovers|[from] move: Knock Off|[of] p2a: Ferrothorn
|
|upkeep
|turn|13
|j| Reshirider
|
|t:|1659989792
|move|p1a: Corviknight|Defog|p2a: Ferrothorn
|-unboost|p2a: Ferrothorn|evasion|1
|-sideend|p2: kinetic chain|Toxic Spikes|[from] move: Defog|[of] p1a: Corviknight
|-sideend|p2: kinetic chain|Stealth Rock|[from] move: Defog|[of] p1a: Corviknight
|-sideend|p1: lt92pf jf|Spikes|[from] move: Defog|[of] p1a: Corviknight
|-sideend|p1: lt92pf jf|Stealth Rock|[from] move: Defog|[of] p1a: Corviknight
|move|p2a: Ferrothorn|Leech Seed|p1a: Corviknight|[miss]
|-miss|p2a: Ferrothorn|p1a: Corviknight
|
|upkeep
|turn|14
|
|t:|1659989805
|switch|p1a: Tornadus|Tornadus-Therian, M|76/100
|move|p2a: Ferrothorn|Leech Seed|p1a: Tornadus
|-start|p1a: Tornadus|move: Leech Seed
|
|-damage|p1a: Tornadus|64/100|[from] Leech Seed|[of] p2a: Ferrothorn
|-heal|p2a: Ferrothorn|100/100|[silent]
|upkeep
|turn|15
|
|t:|1659989810
|switch|p1a: Corviknight|Corviknight, F|75/100
|-ability|p1a: Corviknight|Pressure
|switch|p2a: Landorus|Landorus-Therian, M|88/100 tox
|-ability|p2a: Landorus|Intimidate|boost
|-unboost|p1a: Corviknight|atk|1
|
|-heal|p2a: Landorus|94/100 tox|[from] item: Leftovers
|-damage|p2a: Landorus|88/100 tox|[from] psn
|upkeep
|turn|16
|j| kfnkfalfn
|j| Ahsan-219
|j| kitten riot
|l| zReptar
|
|t:|1659989830
|move|p2a: Landorus|U-turn|p1a: Corviknight
|-resisted|p1a: Corviknight
|-damage|p1a: Corviknight|72/100
|j| RNN YasuKe
|
|t:|1659989836
|switch|p2a: Ferrothorn|Ferrothorn, M|100/100|[from]move: U-turn
|move|p1a: Corviknight|Iron Defense|p1a: Corviknight
|-boost|p1a: Corviknight|def|2
|
|upkeep
|turn|17
|j| Keblar
|
|t:|1659989848
|move|p1a: Corviknight|Body Press|p2a: Ferrothorn
|-supereffective|p2a: Ferrothorn
|-damage|p2a: Ferrothorn|40/100
|-damage|p1a: Corviknight|59/100|[from] ability: Iron Barbs|[of] p2a: Ferrothorn
|move|p2a: Ferrothorn|Leech Seed|p1a: Corviknight|[miss]
|-miss|p2a: Ferrothorn|p1a: Corviknight
|
|upkeep
|turn|18
|
|t:|1659989854
|switch|p2a: Tapu Koko|Tapu Koko|94/100
|-fieldstart|move: Electric Terrain|[from] ability: Electric Surge|[of] p2a: Tapu Koko
|move|p1a: Corviknight|Body Press|p2a: Tapu Koko
|-resisted|p2a: Tapu Koko
|-damage|p2a: Tapu Koko|60/100
|
|upkeep
|turn|19
|
|t:|1659989859
|switch|p1a: Blissey|Blissey, F|100/100
|move|p2a: Tapu Koko|Volt Switch|p1a: Blissey
|-damage|p1a: Blissey|84/100
|
|t:|1659989863
|switch|p2a: Melmetal|Melmetal|100/100|[from]move: Volt Switch
|
|upkeep
|turn|20
|j| lt92pf ruby
|inactive|kinetic chain has 120 seconds left.
|
|t:|1659989914
|switch|p1a: Toxapex|Toxapex, M|83/100
|move|p2a: Melmetal|Thunder Punch|p1a: Toxapex
|-supereffective|p1a: Toxapex
|-damage|p1a: Toxapex|23/100
|
|upkeep
|turn|21
|j| Jimmy Powka
|
|t:|1659989933
|move|p2a: Melmetal|Double Iron Bash|p1a: Toxapex
|-resisted|p1a: Toxapex
|-damage|p1a: Toxapex|8/100
|-resisted|p1a: Toxapex
|-damage|p1a: Toxapex|0 fnt
|faint|p1a: Toxapex
|-hitcount|p1: Toxapex|2
|
|upkeep
|
|t:|1659989935
|switch|p1a: Corviknight|Corviknight, F|59/100
|-ability|p1a: Corviknight|Pressure
|turn|22
|j| Misterioussaint
|
|t:|1659989957
|move|p1a: Corviknight|Roost|p1a: Corviknight
|-heal|p1a: Corviknight|100/100
|-singleturn|p1a: Corviknight|move: Roost
|move|p2a: Melmetal|Earthquake|p1a: Corviknight
|-supereffective|p1a: Corviknight
|-crit|p1a: Corviknight
|-damage|p1a: Corviknight|21/100
|
|-fieldend|move: Electric Terrain
|upkeep
|turn|23
|
|t:|1659989967
|move|p1a: Corviknight|Roost|p1a: Corviknight
|-heal|p1a: Corviknight|71/100
|-singleturn|p1a: Corviknight|move: Roost
|move|p2a: Melmetal|Superpower|p1a: Corviknight
|-supereffective|p1a: Corviknight
|-damage|p1a: Corviknight|6/100
|-unboost|p2a: Melmetal|atk|1
|-unboost|p2a: Melmetal|def|1
|
|upkeep
|turn|24
|
|t:|1659989973
|switch|p2a: Tapu Koko|Tapu Koko|60/100
|-fieldstart|move: Electric Terrain|[from] ability: Electric Surge|[of] p2a: Tapu Koko
|move|p1a: Corviknight|Roost|p1a: Corviknight
|-heal|p1a: Corviknight|57/100
|-singleturn|p1a: Corviknight|move: Roost
|
|upkeep
|turn|25
|
|t:|1659989978
|switch|p1a: Hippowdon|Hippowdon, M|100/100
|-weather|Sandstorm|[from] ability: Sand Stream|[of] p1a: Hippowdon
|move|p2a: Tapu Koko|Grass Knot|p1a: Hippowdon
|-supereffective|p1a: Hippowdon
|-damage|p1a: Hippowdon|48/100
|
|-weather|Sandstorm|[upkeep]
|-damage|p2a: Tapu Koko|54/100|[from] Sandstorm
|upkeep
|turn|26
|
|t:|1659989986
|move|p2a: Tapu Koko|Volt Switch|p1a: Hippowdon
|-immune|p1a: Hippowdon
|move|p1a: Hippowdon|Earthquake|p2a: Tapu Koko
|-supereffective|p2a: Tapu Koko
|-damage|p2a: Tapu Koko|0 fnt
|faint|p2a: Tapu Koko
|
|-weather|Sandstorm|[upkeep]
|upkeep
|l| Ahsan-219
|l| Jimmy Powka
|
|t:|1659989991
|switch|p2a: Melmetal|Melmetal|100/100
|turn|27
|n| BIHI|lt92pfatchoum
|
|t:|1659990001
|move|p1a: Hippowdon|Slack Off|p1a: Hippowdon
|-heal|p1a: Hippowdon|98/100
|move|p2a: Melmetal|Thunder Punch|p1a: Hippowdon
|-immune|p1a: Hippowdon
|
|-weather|Sandstorm|[upkeep]
|upkeep
|turn|28
|
|t:|1659990028
|switch|p2a: Landorus|Landorus-Therian, M|88/100 tox
|-ability|p2a: Landorus|Intimidate|boost
|-unboost|p1a: Hippowdon|atk|1
|move|p1a: Hippowdon|Stealth Rock|p2a: Landorus
|-sidestart|p2: kinetic chain|move: Stealth Rock
|
|-weather|Sandstorm|[upkeep]
|-heal|p2a: Landorus|94/100 tox|[from] item: Leftovers
|-damage|p2a: Landorus|88/100 tox|[from] psn
|-fieldend|move: Electric Terrain
|upkeep
|turn|29
|
|t:|1659990031
|switch|p1a: Corviknight|Corviknight, F|57/100
|-ability|p1a: Corviknight|Pressure
|move|p2a: Landorus|U-turn|p1a: Corviknight
|-resisted|p1a: Corviknight
|-damage|p1a: Corviknight|53/100
|j| Ahsan-219
|
|t:|1659990035
|switch|p2a: Regieleki|Regieleki|100/100|[from]move: U-turn
|
|-weather|none
|upkeep
|turn|30
|
|t:|1659990039
|switch|p1a: Hippowdon|Hippowdon, M|98/100
|-weather|Sandstorm|[from] ability: Sand Stream|[of] p1a: Hippowdon
|move|p2a: Regieleki|Rapid Spin|p1a: Hippowdon
|-damage|p1a: Hippowdon|91/100
|-boost|p2a: Regieleki|spe|1
|-sideend|p2: kinetic chain|Stealth Rock|[from] move: Rapid Spin|[of] p2a: Regieleki
|
|-weather|Sandstorm|[upkeep]
|-damage|p2a: Regieleki|95/100|[from] Sandstorm
|upkeep
|turn|31
|
|t:|1659990043
|switch|p2a: Landorus|Landorus-Therian, M|88/100 tox
|-ability|p2a: Landorus|Intimidate|boost
|-unboost|p1a: Hippowdon|atk|1
|move|p1a: Hippowdon|Stealth Rock|p2a: Landorus
|-sidestart|p2: kinetic chain|move: Stealth Rock
|
|-weather|Sandstorm|[upkeep]
|-heal|p2a: Landorus|94/100 tox|[from] item: Leftovers
|-damage|p2a: Landorus|88/100 tox|[from] psn
|upkeep
|turn|32
|j| Ragnnis
|
|t:|1659990048
|switch|p1a: Corviknight|Corviknight, F|53/100
|-ability|p1a: Corviknight|Pressure
|move|p2a: Landorus|U-turn|p1a: Corviknight
|-resisted|p1a: Corviknight
|-damage|p1a: Corviknight|49/100
|
|t:|1659990051
|switch|p2a: Regieleki|Regieleki|95/100|[from]move: U-turn
|
|-weather|Sandstorm|[upkeep]
|-damage|p2a: Regieleki|89/100|[from] Sandstorm
|upkeep
|turn|33
|
|t:|1659990055
|switch|p1a: Hippowdon|Hippowdon, M|91/100
|move|p2a: Regieleki|Rapid Spin|p1a: Hippowdon
|-damage|p1a: Hippowdon|84/100
|-boost|p2a: Regieleki|spe|1
|-sideend|p2: kinetic chain|Stealth Rock|[from] move: Rapid Spin|[of] p2a: Regieleki
|
|-weather|Sandstorm|[upkeep]
|-damage|p2a: Regieleki|83/100|[from] Sandstorm
|upkeep
|turn|34
|
|t:|1659990058
|switch|p2a: Landorus|Landorus-Therian, M|88/100 tox
|-ability|p2a: Landorus|Intimidate|boost
|-unboost|p1a: Hippowdon|atk|1
|move|p1a: Hippowdon|Stealth Rock|p2a: Landorus
|-sidestart|p2: kinetic chain|move: Stealth Rock
|
|-weather|none
|-heal|p2a: Landorus|94/100 tox|[from] item: Leftovers
|-damage|p2a: Landorus|88/100 tox|[from] psn
|upkeep
|turn|35
|
|t:|1659990062
|switch|p1a: Corviknight|Corviknight, F|49/100
|-ability|p1a: Corviknight|Pressure
|move|p2a: Landorus|U-turn|p1a: Corviknight
|-resisted|p1a: Corviknight
|-damage|p1a: Corviknight|46/100
|
|t:|1659990064
|switch|p2a: Regieleki|Regieleki|83/100|[from]move: U-turn
|
|upkeep
|turn|36
|
|t:|1659990067
|switch|p1a: Hippowdon|Hippowdon, M|84/100
|-weather|Sandstorm|[from] ability: Sand Stream|[of] p1a: Hippowdon
|move|p2a: Regieleki|Rapid Spin|p1a: Hippowdon
|-damage|p1a: Hippowdon|77/100
|-boost|p2a: Regieleki|spe|1
|-sideend|p2: kinetic chain|Stealth Rock|[from] move: Rapid Spin|[of] p2a: Regieleki
|
|-weather|Sandstorm|[upkeep]
|-damage|p2a: Regieleki|77/100|[from] Sandstorm
|upkeep
|turn|37
|
|t:|1659990070
|switch|p2a: Landorus|Landorus-Therian, M|88/100 tox
|-ability|p2a: Landorus|Intimidate|boost
|-unboost|p1a: Hippowdon|atk|1
|move|p1a: Hippowdon|Stealth Rock|p2a: Landorus
|-sidestart|p2: kinetic chain|move: Stealth Rock
|
|-weather|Sandstorm|[upkeep]
|-heal|p2a: Landorus|94/100 tox|[from] item: Leftovers
|-damage|p2a: Landorus|88/100 tox|[from] psn
|upkeep
|turn|38
|
|t:|1659990072
|move|p2a: Landorus|U-turn|p1a: Hippowdon
|-damage|p1a: Hippowdon|60/100
|
|t:|1659990075
|switch|p2a: Ferrothorn|Ferrothorn, M|40/100|[from]move: U-turn
|-damage|p2a: Ferrothorn|34/100|[from] Stealth Rock
|move|p1a: Hippowdon|Slack Off|p1a: Hippowdon
|-heal|p1a: Hippowdon|100/100
|
|-weather|Sandstorm|[upkeep]
|upkeep
|turn|39
|
|t:|1659990080
|move|p1a: Hippowdon|Earthquake|p2a: Ferrothorn
|-damage|p2a: Ferrothorn|19/100
|move|p2a: Ferrothorn|Leech Seed|p1a: Hippowdon
|-start|p1a: Hippowdon|move: Leech Seed
|
|-weather|Sandstorm|[upkeep]
|-damage|p1a: Hippowdon|88/100|[from] Leech Seed|[of] p2a: Ferrothorn
|-heal|p2a: Ferrothorn|34/100|[silent]
|upkeep
|turn|40
|l| Reshirider
|
|t:|1659990084
|switch|p1a: Tornadus|Tornadus-Therian, M|97/100
|move|p2a: Ferrothorn|Leech Seed|p1a: Tornadus
|-start|p1a: Tornadus|move: Leech Seed
|
|-weather|none
|-damage|p1a: Tornadus|85/100|[from] Leech Seed|[of] p2a: Ferrothorn
|-heal|p2a: Ferrothorn|44/100|[silent]
|upkeep
|turn|41
|l| Ahsan-219
|
|t:|1659990091
|switch|p2a: Landorus|Landorus-Therian, M|88/100 tox
|-damage|p2a: Landorus|76/100 tox|[from] Stealth Rock
|-ability|p2a: Landorus|Intimidate|boost
|-unboost|p1a: Tornadus|atk|1
|move|p1a: Tornadus|Focus Blast|p2a: Landorus
|-resisted|p2a: Landorus
|-crit|p2a: Landorus
|-damage|p2a: Landorus|55/100 tox
|
|-heal|p2a: Landorus|61/100 tox|[from] item: Leftovers
|-damage|p1a: Tornadus|72/100|[from] Leech Seed|[of] p2a: Landorus
|-heal|p2a: Landorus|71/100 tox|[silent]
|-damage|p2a: Landorus|65/100 tox|[from] psn
|upkeep
|turn|42
|
|t:|1659990098
|switch|p1a: Corviknight|Corviknight, F|46/100
|-ability|p1a: Corviknight|Pressure
|move|p2a: Landorus|U-turn|p1a: Corviknight
|-resisted|p1a: Corviknight
|-damage|p1a: Corviknight|42/100
|l| HonchkrowLover27
|
|t:|1659990101
|switch|p2a: Regieleki|Regieleki|77/100|[from]move: U-turn
|
|upkeep
|turn|43
|
|t:|1659990108
|switch|p1a: Hippowdon|Hippowdon, M|88/100
|-weather|Sandstorm|[from] ability: Sand Stream|[of] p1a: Hippowdon
|move|p2a: Regieleki|Rapid Spin|p1a: Hippowdon
|-damage|p1a: Hippowdon|80/100
|-boost|p2a: Regieleki|spe|1
|-sideend|p2: kinetic chain|Stealth Rock|[from] move: Rapid Spin|[of] p2a: Regieleki
|
|-weather|Sandstorm|[upkeep]
|-damage|p2a: Regieleki|71/100|[from] Sandstorm
|upkeep
|turn|44
|j| Skfkngkekdk
|
|t:|1659990119
|switch|p2a: Landorus|Landorus-Therian, M|65/100 tox
|-ability|p2a: Landorus|Intimidate|boost
|-unboost|p1a: Hippowdon|atk|1
|move|p1a: Hippowdon|Stealth Rock|p2a: Landorus
|-sidestart|p2: kinetic chain|move: Stealth Rock
|
|-weather|Sandstorm|[upkeep]
|-heal|p2a: Landorus|71/100 tox|[from] item: Leftovers
|-damage|p2a: Landorus|65/100 tox|[from] psn
|upkeep
|turn|45
|j| 8cr6gvvy56i
|l| Rollin n Scratchin
|
|t:|1659990131
|move|p2a: Landorus|Stealth Rock|p1a: Hippowdon
|-sidestart|p1: lt92pf jf|move: Stealth Rock
|move|p1a: Hippowdon|Slack Off|p1a: Hippowdon
|-heal|p1a: Hippowdon|100/100
|
|-weather|Sandstorm|[upkeep]
|-heal|p2a: Landorus|71/100 tox|[from] item: Leftovers
|-damage|p2a: Landorus|59/100 tox|[from] psn
|upkeep
|turn|46
|
|t:|1659990136
|move|p2a: Landorus|Earthquake|p1a: Hippowdon
|-damage|p1a: Hippowdon|68/100
|move|p1a: Hippowdon|Earthquake|p2a: Landorus
|-immune|p2a: Landorus
|
|-weather|Sandstorm|[upkeep]
|-heal|p2a: Landorus|65/100 tox|[from] item: Leftovers
|-damage|p2a: Landorus|46/100 tox|[from] psn
|upkeep
|turn|47
|
|t:|1659990146
|move|p2a: Landorus|U-turn|p1a: Hippowdon
|-crit|p1a: Hippowdon
|-damage|p1a: Hippowdon|46/100
|
|t:|1659990149
|switch|p2a: Ferrothorn|Ferrothorn, M|44/100|[from]move: U-turn
|-damage|p2a: Ferrothorn|38/100|[from] Stealth Rock
|move|p1a: Hippowdon|Slack Off|p1a: Hippowdon
|-heal|p1a: Hippowdon|96/100
|
|-weather|none
|upkeep
|turn|48
|
|t:|1659990170
|move|p1a: Hippowdon|Earthquake|p2a: Ferrothorn
|-damage|p2a: Ferrothorn|22/100
|move|p2a: Ferrothorn|Leech Seed|p1a: Hippowdon
|-start|p1a: Hippowdon|move: Leech Seed
|
|-damage|p1a: Hippowdon|84/100|[from] Leech Seed|[of] p2a: Ferrothorn
|-heal|p2a: Ferrothorn|37/100|[silent]
|upkeep
|turn|49
|
|t:|1659990178
|move|p1a: Hippowdon|Earthquake|p2a: Ferrothorn
|-damage|p2a: Ferrothorn|23/100
|move|p2a: Ferrothorn|Leech Seed||[still]
|-fail|p2a: Ferrothorn
|
|-damage|p1a: Hippowdon|72/100|[from] Leech Seed|[of] p2a: Ferrothorn
|-heal|p2a: Ferrothorn|38/100|[silent]
|upkeep
|turn|50
|
|t:|1659990181
|switch|p1a: Tornadus|Tornadus-Therian, M|100/100
|-damage|p1a: Tornadus|76/100|[from] Stealth Rock
|move|p2a: Ferrothorn|Leech Seed|p1a: Tornadus
|-start|p1a: Tornadus|move: Leech Seed
|
|-damage|p1a: Tornadus|63/100|[from] Leech Seed|[of] p2a: Ferrothorn
|-heal|p2a: Ferrothorn|48/100|[silent]
|upkeep
|turn|51
|
|t:|1659990191
|switch|p1a: Corviknight|Corviknight, F|42/100
|-damage|p1a: Corviknight|30/100|[from] Stealth Rock
|-ability|p1a: Corviknight|Pressure
|switch|p2a: Dragonite|Dragonite, M|100/100
|
|upkeep
|turn|52
|
|t:|1659990203
|move|p2a: Dragonite|Dragon Dance|p2a: Dragonite
|-boost|p2a: Dragonite|atk|1
|-boost|p2a: Dragonite|spe|1
|move|p1a: Corviknight|Roost|p1a: Corviknight
|-heal|p1a: Corviknight|80/100
|-singleturn|p1a: Corviknight|move: Roost
|
|upkeep
|turn|53
|
|t:|1659990207
|move|p2a: Dragonite|Ice Punch|p1a: Corviknight
|-damage|p1a: Corviknight|55/100
|move|p1a: Corviknight|Roost|p1a: Corviknight
|-heal|p1a: Corviknight|100/100
|-singleturn|p1a: Corviknight|move: Roost
|
|upkeep
|turn|54
|
|t:|1659990213
|switch|p1a: Clefable|Clefable, M|100/100
|-damage|p1a: Clefable|88/100|[from] Stealth Rock
|move|p2a: Dragonite|Ice Punch|p1a: Clefable
|-damage|p1a: Clefable|67/100
|
|-heal|p1a: Clefable|73/100|[from] item: Leftovers
|upkeep
|turn|55
|
|t:|1659990220
|switch|p2a: Melmetal|Melmetal|100/100
|-damage|p2a: Melmetal|94/100|[from] Stealth Rock
|move|p1a: Clefable|Soft-Boiled|p1a: Clefable
|-heal|p1a: Clefable|100/100
|
|upkeep
|turn|56
|
|t:|1659990230
|switch|p1a: Corviknight|Corviknight, F|100/100
|-damage|p1a: Corviknight|88/100|[from] Stealth Rock
|-ability|p1a: Corviknight|Pressure
|move|p2a: Melmetal|Thunder Punch|p1a: Corviknight
|-supereffective|p1a: Corviknight
|-damage|p1a: Corviknight|42/100
|
|upkeep
|turn|57
|l| vusty
|
|t:|1659990238
|move|p1a: Corviknight|Roost|p1a: Corviknight
|-heal|p1a: Corviknight|92/100
|-singleturn|p1a: Corviknight|move: Roost
|move|p2a: Melmetal|Thunder Punch|p1a: Corviknight
|-damage|p1a: Corviknight|67/100
|
|upkeep
|turn|58
|
|t:|1659990246
|move|p1a: Corviknight|Roost|p1a: Corviknight
|-heal|p1a: Corviknight|100/100
|-singleturn|p1a: Corviknight|move: Roost
|move|p2a: Melmetal|Thunder Punch|p1a: Corviknight
|-damage|p1a: Corviknight|78/100
|
|upkeep
|turn|59
|j| Atomise
|
|t:|1659990262
|move|p1a: Corviknight|Roost|p1a: Corviknight
|-heal|p1a: Corviknight|100/100
|-singleturn|p1a: Corviknight|move: Roost
|move|p2a: Melmetal|Thunder Punch|p1a: Corviknight
|-damage|p1a: Corviknight|75/100
|
|upkeep
|turn|60
|
|t:|1659990270
|move|p1a: Corviknight|Body Press|p2a: Melmetal
|-supereffective|p2a: Melmetal
|-damage|p2a: Melmetal|64/100
|move|p2a: Melmetal|Thunder Punch|p1a: Corviknight
|-supereffective|p1a: Corviknight
|-damage|p1a: Corviknight|30/100
|
|upkeep
|turn|61
|
|t:|1659990276
|move|p1a: Corviknight|Iron Defense|p1a: Corviknight
|-boost|p1a: Corviknight|def|2
|move|p2a: Melmetal|Thunder Punch|p1a: Corviknight
|-supereffective|p1a: Corviknight
|-damage|p1a: Corviknight|5/100
|
|upkeep
|turn|62
|
|t:|1659990282
|move|p1a: Corviknight|Roost|p1a: Corviknight
|-heal|p1a: Corviknight|55/100
|-singleturn|p1a: Corviknight|move: Roost
|move|p2a: Melmetal|Thunder Punch|p1a: Corviknight
|-damage|p1a: Corviknight|42/100
|
|upkeep
|turn|63
|l| Skfkngkekdk
|
|t:|1659990293
|switch|p2a: Regieleki|Regieleki|71/100
|move|p1a: Corviknight|Roost|p1a: Corviknight
|-heal|p1a: Corviknight|92/100
|-singleturn|p1a: Corviknight|move: Roost
|
|upkeep
|turn|64
|
|t:|1659990298
|switch|p1a: Hippowdon|Hippowdon, M|72/100
|-damage|p1a: Hippowdon|65/100|[from] Stealth Rock
|-weather|Sandstorm|[from] ability: Sand Stream|[of] p1a: Hippowdon
|move|p2a: Regieleki|Rapid Spin|p1a: Hippowdon
|-damage|p1a: Hippowdon|57/100
|-boost|p2a: Regieleki|spe|1
|-sideend|p2: kinetic chain|Stealth Rock|[from] move: Rapid Spin|[of] p2a: Regieleki
|
|-weather|Sandstorm|[upkeep]
|-damage|p2a: Regieleki|65/100|[from] Sandstorm
|upkeep
|turn|65
|
|t:|1659990310
|switch|p2a: Landorus|Landorus-Therian, M|46/100 tox
|-ability|p2a: Landorus|Intimidate|boost
|-unboost|p1a: Hippowdon|atk|1
|move|p1a: Hippowdon|Stealth Rock|p2a: Landorus
|-sidestart|p2: kinetic chain|move: Stealth Rock
|
|-weather|Sandstorm|[upkeep]
|-heal|p2a: Landorus|52/100 tox|[from] item: Leftovers
|-damage|p2a: Landorus|46/100 tox|[from] psn
|upkeep
|turn|66
|
|t:|1659990314
|move|p2a: Landorus|U-turn|p1a: Hippowdon
|-damage|p1a: Hippowdon|41/100
|
|t:|1659990316
|switch|p2a: Ferrothorn|Ferrothorn, M|48/100|[from]move: U-turn
|-damage|p2a: Ferrothorn|42/100|[from] Stealth Rock
|move|p1a: Hippowdon|Slack Off|p1a: Hippowdon
|-heal|p1a: Hippowdon|91/100
|
|-weather|Sandstorm|[upkeep]
|upkeep
|turn|67
|l| lt92pf ruby
|
|t:|1659990323
|move|p1a: Hippowdon|Earthquake|p2a: Ferrothorn
|-damage|p2a: Ferrothorn|28/100
|move|p2a: Ferrothorn|Leech Seed|p1a: Hippowdon
|-start|p1a: Hippowdon|move: Leech Seed
|
|-weather|Sandstorm|[upkeep]
|-damage|p1a: Hippowdon|79/100|[from] Leech Seed|[of] p2a: Ferrothorn
|-heal|p2a: Ferrothorn|42/100|[silent]
|upkeep
|turn|68
|
|t:|1659990333
|switch|p1a: Tornadus|Tornadus-Therian, M|96/100
|-damage|p1a: Tornadus|72/100|[from] Stealth Rock
|move|p2a: Ferrothorn|Leech Seed|p1a: Tornadus
|-start|p1a: Tornadus|move: Leech Seed
|
|-weather|none
|-damage|p1a: Tornadus|59/100|[from] Leech Seed|[of] p2a: Ferrothorn
|-heal|p2a: Ferrothorn|53/100|[silent]
|upkeep
|turn|69
|j| Im2Sexy
|
|t:|1659990342
|switch|p2a: Regieleki|Regieleki|65/100
|move|p1a: Tornadus|Focus Blast|p2a: Regieleki
|-damage|p2a: Regieleki|0 fnt
|faint|p2a: Regieleki
|
|upkeep
|
|t:|1659990348
|switch|p2a: Dragonite|Dragonite, M|100/100
|turn|70
|
|t:|1659990361
|switch|p1a: Clefable|Clefable, M|100/100
|-damage|p1a: Clefable|88/100|[from] Stealth Rock
|move|p2a: Dragonite|Dragon Dance|p2a: Dragonite
|-boost|p2a: Dragonite|atk|1
|-boost|p2a: Dragonite|spe|1
|
|-heal|p1a: Clefable|94/100|[from] item: Leftovers
|upkeep
|turn|71
|
|t:|1659990364
|move|p2a: Dragonite|Ice Punch|p1a: Clefable
|-damage|p1a: Clefable|76/100
|move|p1a: Clefable|Moonblast|p2a: Dragonite
|-supereffective|p2a: Dragonite
|-damage|p2a: Dragonite|72/100
|
|-heal|p1a: Clefable|82/100|[from] item: Leftovers
|upkeep
|turn|72
|
|t:|1659990370
|move|p2a: Dragonite|Roost|p2a: Dragonite
|-heal|p2a: Dragonite|100/100
|-singleturn|p2a: Dragonite|move: Roost
|move|p1a: Clefable|Moonblast|p2a: Dragonite
|-supereffective|p2a: Dragonite
|-damage|p2a: Dragonite|72/100
|
|-heal|p1a: Clefable|88/100|[from] item: Leftovers
|upkeep
|turn|73
|
|t:|1659990373
|switch|p2a: Melmetal|Melmetal|64/100
|-damage|p2a: Melmetal|58/100|[from] Stealth Rock
|move|p1a: Clefable|Calm Mind|p1a: Clefable
|-boost|p1a: Clefable|spa|1
|-boost|p1a: Clefable|spd|1
|
|-heal|p1a: Clefable|94/100|[from] item: Leftovers
|upkeep
|turn|74
|
|t:|1659990384
|switch|p1a: Corviknight|Corviknight, F|92/100
|-damage|p1a: Corviknight|80/100|[from] Stealth Rock
|-ability|p1a: Corviknight|Pressure
|move|p2a: Melmetal|Thunder Punch|p1a: Corviknight
|-supereffective|p1a: Corviknight
|-damage|p1a: Corviknight|35/100
|
|upkeep
|turn|75
|
|t:|1659990392
|move|p1a: Corviknight|Roost|p1a: Corviknight
|-heal|p1a: Corviknight|85/100
|-singleturn|p1a: Corviknight|move: Roost
|move|p2a: Melmetal|Thunder Punch|p1a: Corviknight
|-damage|p1a: Corviknight|63/100
|
|upkeep
|turn|76
|
|t:|1659990400
|move|p1a: Corviknight|Iron Defense|p1a: Corviknight
|-boost|p1a: Corviknight|def|2
|move|p2a: Melmetal|Earthquake|p1a: Corviknight
|-immune|p1a: Corviknight
|
|upkeep
|turn|77
|
|t:|1659990402
|switch|p2a: Landorus|Landorus-Therian, M|46/100 tox
|-damage|p2a: Landorus|34/100 tox|[from] Stealth Rock
|-ability|p2a: Landorus|Intimidate|boost
|-unboost|p1a: Corviknight|atk|1
|move|p1a: Corviknight|Iron Defense|p1a: Corviknight
|-boost|p1a: Corviknight|def|2
|
|-heal|p2a: Landorus|40/100 tox|[from] item: Leftovers
|-damage|p2a: Landorus|34/100 tox|[from] psn
|upkeep
|turn|78
|
|t:|1659990406
|move|p2a: Landorus|Knock Off|p1a: Corviknight
|-damage|p1a: Corviknight|58/100
|move|p1a: Corviknight|Iron Defense|p1a: Corviknight
|-boost|p1a: Corviknight|def|2
|
|-heal|p2a: Landorus|40/100 tox|[from] item: Leftovers
|-damage|p2a: Landorus|28/100 tox|[from] psn
|upkeep
|turn|79
|
|t:|1659990409
|move|p2a: Landorus|Knock Off|p1a: Corviknight
|-damage|p1a: Corviknight|55/100
|move|p1a: Corviknight|Roost|p1a: Corviknight
|-heal|p1a: Corviknight|100/100
|-singleturn|p1a: Corviknight|move: Roost
|
|-heal|p2a: Landorus|34/100 tox|[from] item: Leftovers
|-damage|p2a: Landorus|16/100 tox|[from] psn
|upkeep
|turn|80
|
|t:|1659990411
|move|p2a: Landorus|Knock Off|p1a: Corviknight
|-damage|p1a: Corviknight|97/100
|move|p1a: Corviknight|Body Press|p2a: Landorus
|-resisted|p2a: Landorus
|-damage|p2a: Landorus|0 fnt
|faint|p2a: Landorus
|
|upkeep
|j| ID Uc207Pr4f57t9
|
|t:|1659990413
|switch|p2a: Dragonite|Dragonite, M|72/100
|turn|81
|
|t:|1659990415
|move|p2a: Dragonite|Ice Punch|p1a: Corviknight
|-damage|p1a: Corviknight|93/100
|move|p1a: Corviknight|Body Press|p2a: Dragonite
|-resisted|p2a: Dragonite
|-damage|p2a: Dragonite|31/100
|
|upkeep
|turn|82
|
|t:|1659990419
|move|p2a: Dragonite|Ice Punch|p1a: Corviknight
|-damage|p1a: Corviknight|89/100
|move|p1a: Corviknight|Body Press|p2a: Dragonite
|-resisted|p2a: Dragonite
|-damage|p2a: Dragonite|0 fnt
|faint|p2a: Dragonite
|
|upkeep
|-message|kinetic chain forfeited.
|
|win|lt92pf jf
|raw|lt92pf jf's rating: 1866 &rarr; <strong>1889</strong><br />(+23 for winning)
|raw|kinetic chain's rating: 1912 &rarr; <strong>1889</strong><br />(-23 for losing)
|l|‽kinetic chain
|l|☆lt92pf jf
|l| BeastBraedon
|l| Keblar
||Ladder isn't responding, score probably updated but might not have (Request timeout).
