|j|☆Sww-Suwa
|j|☆ian_yo
|inactive|Battle timer is ON: inactive players will automatically lose when time's up.
|t:|1658522408
|gametype|singles
|player|p1|Sww-Suwa|lisia|
|player|p2|ian_yo|skier|
|teamsize|p1|5
|teamsize|p2|6
|gen|8
|tier|[Gen 8] OU
|rated|Tournament battle
|rule|Sleep Clause Mod: Limit one foe put to sleep
|rule|Species Clause: Limit one of each Pokémon
|rule|OHKO Clause: OHKO moves are banned
|rule|Evasion Moves Clause: Evasion moves are banned
|rule|Endless Battle Clause: Forcing endless battles is banned
|rule|HP Percentage Mod: HP is shown in percentages
|rule|Dynamax Clause: You cannot dynamax
|clearpoke
|poke|p1|Registeel|
|poke|p1|Mew|
|poke|p1|Ninetales-Alola, F|
|poke|p1|Victini|
|poke|p1|Garchomp, F|
|poke|p2|Barraskewda, F|
|poke|p2|Zapdos|
|poke|p2|Regigigas|
|poke|p2|Rotom-Wash|
|poke|p2|Garchomp, F|
|poke|p2|Terrakion|
|teampreview
|inactive|ian_yo also wants the timer to be on.
|j|%htcl (>◡<)
|c|☆Sww-Suwa|hf
|c|☆ian_yo|u2
|c|%htcl (>◡<)|lmfao
|
|t:|1658522417
|start
|switch|p1a: Mew|Mew|100/100
|switch|p2a: Terrakion|Terrakion|100/100
|-weather|Sandstorm|[from] ability: Sand Stream|[of] p2a: Terrakion
|-weather|RainDance|[from] ability: Drizzle|[of] p1a: Mew
|turn|1
|
|t:|1658522422
|move|p2a: Terrakion|Megahorn|p1a: Mew
|-supereffective|p1a: Mew
|-damage|p1a: Mew|30/100
|move|p1a: Mew|Thunder Wave|p2a: Terrakion
|-status|p2a: Terrakion|par
|
|-weather|RainDance|[upkeep]
|upkeep
|turn|2
|
|t:|1658522426
|move|p1a: Mew|Spikes|p2a: Terrakion
|-sidestart|p2: ian_yo|Spikes
|move|p2a: Terrakion|Megahorn|p1a: Mew
|-supereffective|p1a: Mew
|-damage|p1a: Mew|0 fnt
|faint|p1a: Mew
|
|-weather|RainDance|[upkeep]
|upkeep
|j| LT7P29 Allistair
|
|t:|1658522439
|switch|p1a: Garchomp|Garchomp, F|100/100
|-weather|Sandstorm|[from] ability: Sand Stream|[of] p1a: Garchomp
|turn|3
|j| poopypants mcjones
|
|t:|1658522444
|switch|p2a: Zapdos|Zapdos|100/100
|-weather|RainDance|[from] ability: Drizzle|[of] p2a: Zapdos
|move|p1a: Garchomp|Swords Dance|p1a: Garchomp
|-boost|p1a: Garchomp|atk|2
|
|-weather|RainDance|[upkeep]
|upkeep
|turn|4
|j| PS5>Xbox Series X
|c|☆Sww-Suwa|oh fuck
|
|t:|1658522451
|move|p1a: Garchomp|Scale Shot|p2a: Zapdos
|-damage|p2a: Zapdos|68/100
|-damage|p2a: Zapdos|37/100
|-hitcount|p2a: Zapdos|2
|-unboost|p1a: Garchomp|def|1
|-boost|p1a: Garchomp|spe|1
|move|p2a: Zapdos|Hurricane|p1a: Garchomp
|-damage|p1a: Garchomp|35/100
|
|-weather|RainDance|[upkeep]
|upkeep
|turn|5
|l| PS5>Xbox Series X
|
|t:|1658522455
|move|p1a: Garchomp|Scale Shot|p2a: Zapdos
|-damage|p2a: Zapdos|2/100
|-damage|p2a: Zapdos|0 fnt
|faint|p2a: Zapdos
|-hitcount|p2: Zapdos|2
|-unboost|p1a: Garchomp|def|1
|-boost|p1a: Garchomp|spe|1
|
|-weather|RainDance|[upkeep]
|upkeep
|
|t:|1658522463
|switch|p2a: Regigigas|Regigigas|100/100
|-damage|p2a: Regigigas|88/100|[from] Spikes
|turn|6
|
|t:|1658522466
|move|p2a: Regigigas|Protect|p2a: Regigigas
|-singleturn|p2a: Regigigas|Protect
|move|p1a: Garchomp|Earthquake|p2a: Regigigas
|-activate|p2a: Regigigas|move: Protect
|
|-weather|RainDance|[upkeep]
|-heal|p2a: Regigigas|94/100|[from] item: Leftovers
|upkeep
|turn|7
|j| agentkeval01
|
|t:|1658522470
|move|p1a: Garchomp|Earthquake|p2a: Regigigas
|-damage|p2a: Regigigas|9/100
|move|p2a: Regigigas|Body Slam|p1a: Garchomp
|-damage|p1a: Garchomp|0 fnt
|faint|p1a: Garchomp
|
|-weather|none
|-heal|p2a: Regigigas|15/100|[from] item: Leftovers
|upkeep
|c|☆Sww-Suwa|...
|c|☆ian_yo|the gig
|
|t:|1658522488
|switch|p1a: Victini|Victini|100/100
|-weather|SunnyDay|[from] ability: Drought|[of] p1a: Victini
|turn|8
|
|t:|1658522492
|move|p1a: Victini|V-create|p2a: Regigigas
|-damage|p2a: Regigigas|0 fnt
|-unboost|p1a: Victini|spe|1
|-unboost|p1a: Victini|def|1
|-unboost|p1a: Victini|spd|1
|faint|p2a: Regigigas
|
|-weather|SunnyDay|[upkeep]
|upkeep
|
|t:|1658522498
|switch|p2a: Barraskewda|Barraskewda, F|100/100
|-damage|p2a: Barraskewda|88/100|[from] Spikes
|-weather|RainDance|[from] ability: Drizzle|[of] p2a: Barraskewda
|turn|9
|
|t:|1658522503
|move|p2a: Barraskewda|Flip Turn|p1a: Victini
|-supereffective|p1a: Victini
|-damage|p1a: Victini|0 fnt
|faint|p1a: Victini
|
|t:|1658522510
|switch|p2a: Terrakion|Terrakion|100/100 par|[from]move: Flip Turn
|-damage|p2a: Terrakion|88/100 par|[from] Spikes
|-weather|Sandstorm|[from] ability: Sand Stream|[of] p2a: Terrakion
|
|-weather|Sandstorm|[upkeep]
|upkeep
|j| El Hueco Mundo
|c| El Hueco Mundo|battle of titans
|c|☆Sww-Suwa|yo
|c|☆Sww-Suwa|can you
|c|☆Sww-Suwa|get para?
|inactive|Sww-Suwa has 120 seconds left.
|c|☆ian_yo|never gonna outplay
|j| Barracades
|inactive|Sww-Suwa has 90 seconds left.
|c| El Hueco Mundo|wait can u explain the tactical 5 mons
|
|t:|1658522580
|switch|p1a: Registeel|Registeel, shiny|100/100
|-weather|RainDance|[from] ability: Drizzle|[of] p1a: Registeel
|turn|10
|c|☆Sww-Suwa|worry not
|c|%htcl (>◡<)|Sww-Suwa literally trying to lose
|c|☆Sww-Suwa|you will get para
|
|t:|1658522590
|cant|p2a: Terrakion|par
|move|p1a: Registeel|Iron Defense|p1a: Registeel
|-boost|p1a: Registeel|def|2
|
|-weather|RainDance|[upkeep]
|upkeep
|turn|11
|c|%htcl (>◡<)|bringing 5 mons
|c|☆Sww-Suwa|LMFAO
|
|t:|1658522597
|move|p2a: Terrakion|Close Combat|p1a: Registeel
|-supereffective|p1a: Registeel
|-damage|p1a: Registeel|68/100
|-unboost|p2a: Terrakion|def|1
|-unboost|p2a: Terrakion|spd|1
|move|p1a: Registeel|Iron Defense|p1a: Registeel
|-boost|p1a: Registeel|def|2
|
|-weather|RainDance|[upkeep]
|-heal|p1a: Registeel|74/100|[from] item: Leftovers
|upkeep
|turn|12
|
|t:|1658522600
|switch|p2a: Rotom|Rotom-Wash|100/100
|-damage|p2a: Rotom|88/100|[from] Spikes
|move|p1a: Registeel|Amnesia|p1a: Registeel
|-boost|p1a: Registeel|spd|2
|
|-weather|RainDance|[upkeep]
|-heal|p2a: Rotom|94/100|[from] item: Leftovers
|-heal|p1a: Registeel|80/100|[from] item: Leftovers
|upkeep
|turn|13
|
|t:|1658522603
|move|p2a: Rotom|Thunder Wave|p1a: Registeel
|-status|p1a: Registeel|par
|move|p1a: Registeel|Body Press|p2a: Rotom
|-damage|p2a: Rotom|0 fnt
|faint|p2a: Rotom
|
|-weather|RainDance|[upkeep]
|-heal|p1a: Registeel|86/100 par|[from] item: Leftovers
|upkeep
|
|t:|1658522609
|switch|p2a: Garchomp|Garchomp, F|100/100
|-damage|p2a: Garchomp|88/100|[from] Spikes
|turn|14
|
|t:|1658522611
|move|p2a: Garchomp|Swords Dance|p2a: Garchomp
|-boost|p2a: Garchomp|atk|2
|move|p1a: Registeel|Body Press|p2a: Garchomp
|-damage|p2a: Garchomp|0 fnt
|faint|p2a: Garchomp
|
|-weather|none
|-heal|p1a: Registeel|92/100 par|[from] item: Leftovers
|upkeep
|c| agentkeval01|bro lost to a 5 mon team
|c|☆ian_yo|...
|c| agentkeval01|thats crazy
|c| El Hueco Mundo|Suwa wrong format
|c|☆Sww-Suwa|DUA LIPA brrrrrrr
|c| El Hueco Mundo|this isn't losers game
|c|☆ian_yo|nah demon steel doesnt count
|c| agentkeval01|fr Sww-Suwa
|
|t:|1658522633
|switch|p2a: Barraskewda|Barraskewda, F|88/100
|-damage|p2a: Barraskewda|76/100|[from] Spikes
|-weather|RainDance|[from] ability: Drizzle|[of] p2a: Barraskewda
|turn|15
|c| agentkeval01|dua lipa
|
|t:|1658522637
|move|p2a: Barraskewda|Close Combat|p1a: Registeel
|-supereffective|p1a: Registeel
|-damage|p1a: Registeel|71/100 par
|-unboost|p2a: Barraskewda|def|1
|-unboost|p2a: Barraskewda|spd|1
|cant|p1a: Registeel|par
|
|-weather|RainDance|[upkeep]
|-heal|p1a: Registeel|77/100 par|[from] item: Leftovers
|upkeep
|turn|16
|
|t:|1658522640
|move|p2a: Barraskewda|Close Combat|p1a: Registeel
|-supereffective|p1a: Registeel
|-damage|p1a: Registeel|54/100 par
|-unboost|p2a: Barraskewda|def|1
|-unboost|p2a: Barraskewda|spd|1
|move|p1a: Registeel|Body Press|p2a: Barraskewda
|-damage|p2a: Barraskewda|0 fnt
|faint|p2a: Barraskewda
|
|-weather|RainDance|[upkeep]
|-heal|p1a: Registeel|60/100 par|[from] item: Leftovers
|upkeep
|l| agentkeval01
|
|t:|1658522643
|switch|p2a: Terrakion|Terrakion|88/100 par
|-damage|p2a: Terrakion|76/100 par|[from] Spikes
|-weather|Sandstorm|[from] ability: Sand Stream|[of] p2a: Terrakion
|turn|17
|
|t:|1658522646
|cant|p2a: Terrakion|par
|move|p1a: Registeel|Body Press|p2a: Terrakion
|-supereffective|p2a: Terrakion
|-damage|p2a: Terrakion|0 fnt
|faint|p2a: Terrakion
|
|win|Sww-Suwa
|n|☆Sww-Suwa|swwsuwa
|n|☆ian_yo|ianyo
|n| htcl (>◡<)|htcl
|n| LT7P29 Allistair|lt7p29allistair
|n| poopypants mcjones|poopypantsmcjones
|n| El Hueco Mundo|elhuecomundo
|n| Barracades|barracades
|c|☆Sww-Suwa|gg
