|raw|<div class="broadcast-blue"><strong>This battle is required to be public due to a player having a name starting with 'lt91bb'.</div>
|j|☆tolstoy
|j|☆LT91BB Highv0ltag3
|t:|1659387091
|gametype|singles
|player|p1|tolstoy|#lax|1871
|player|p2|LT91BB Highv0ltag3|volo|1955
|teamsize|p1|6
|teamsize|p2|6
|gen|8
|tier|[Gen 8] OU
|rated|
|rule|Sleep Clause Mod: Limit one foe put to sleep
|rule|Species Clause: Limit one of each Pokémon
|rule|OHKO Clause: OHKO moves are banned
|rule|Evasion Moves Clause: Evasion moves are banned
|rule|Endless Battle Clause: Forcing endless battles is banned
|rule|HP Percentage Mod: HP is shown in percentages
|rule|Dynamax Clause: You cannot dynamax
|clearpoke
|poke|p1|Aurorus, F|
|poke|p1|Ninetales-Alola, F|
|poke|p1|Arctovish|
|poke|p1|Arctozolt|
|poke|p1|Landorus-Therian, M|
|poke|p1|Volcarona, M|
|poke|p2|Porygon-Z|
|poke|p2|Toxapex, F|
|poke|p2|Corviknight, F|
|poke|p2|Urshifu-*, M|
|poke|p2|Landorus-Therian, M|
|poke|p2|Mew|
|teampreview
|
|t:|1659387104
|start
|switch|p1a: THE MAGIC DRAGON|Aurorus, F|100/100
|switch|p2a: Urshifu|Urshifu-Rapid-Strike, M|100/100
|-weather|Hail|[from] ability: Snow Warning|[of] p1a: THE MAGIC DRAGON
|turn|1
|c|☆LT91BB Highv0ltag3|Gl
|
|t:|1659387115
|switch|p1a: KNEE SLAPPER|Arctovish|100/100
|move|p2a: Urshifu|Surging Strikes|p1a: KNEE SLAPPER
|-resisted|p1a: KNEE SLAPPER
|-crit|p1a: KNEE SLAPPER
|-damage|p1a: KNEE SLAPPER|86/100
|-resisted|p1a: KNEE SLAPPER
|-crit|p1a: KNEE SLAPPER
|-damage|p1a: KNEE SLAPPER|71/100
|-resisted|p1a: KNEE SLAPPER
|-crit|p1a: KNEE SLAPPER
|-damage|p1a: KNEE SLAPPER|55/100
|-hitcount|p1a: KNEE SLAPPER|3
|
|-weather|Hail|[upkeep]
|-damage|p2a: Urshifu|94/100|[from] Hail
|upkeep
|turn|2
|inactive|Battle timer is ON: inactive players will automatically lose when time's up. (requested by LT91BB Highv0ltag3)
|inactive|tolstoy also wants the timer to be on.
|
|t:|1659387120
|switch|p2a: Toxapex|Toxapex, F|100/100
|move|p1a: KNEE SLAPPER|Psychic Fangs|p2a: Toxapex
|-supereffective|p2a: Toxapex
|-damage|p2a: Toxapex|54/100
|
|-weather|Hail|[upkeep]
|-damage|p2a: Toxapex|48/100|[from] Hail
|-heal|p2a: Toxapex|54/100|[from] item: Black Sludge
|upkeep
|turn|3
|
|t:|1659387127
|switch|p1a: KENDRICK LAMAR|Arctozolt|100/100
|move|p2a: Toxapex|Recover|p2a: Toxapex
|-heal|p2a: Toxapex|100/100
|
|-weather|Hail|[upkeep]
|-damage|p2a: Toxapex|94/100|[from] Hail
|-heal|p2a: Toxapex|100/100|[from] item: Black Sludge
|upkeep
|turn|4
|
|t:|1659387131
|move|p1a: KENDRICK LAMAR|Bolt Beak|p2a: Toxapex
|-supereffective|p2a: Toxapex
|-damage|p2a: Toxapex|7/100
|move|p2a: Toxapex|Toxic|p1a: KENDRICK LAMAR
|-status|p1a: KENDRICK LAMAR|tox
|
|-weather|Hail|[upkeep]
|-damage|p2a: Toxapex|1/100|[from] Hail
|-heal|p2a: Toxapex|7/100|[from] item: Black Sludge
|-damage|p1a: KENDRICK LAMAR|94/100 tox|[from] psn
|upkeep
|turn|5
|
|t:|1659387139
|switch|p2a: Mew|Mew|100/100
|move|p1a: KENDRICK LAMAR|Blizzard|p2a: Mew
|-damage|p2a: Mew|68/100
|
|-weather|Hail|[upkeep]
|-damage|p2a: Mew|62/100|[from] Hail
|-damage|p1a: KENDRICK LAMAR|82/100 tox|[from] psn
|upkeep
|turn|6
|j| gssagssagssag
|
|t:|1659387152
|switch|p1a: KNEE SLAPPER|Arctovish|55/100
|switch|p2a: Landorus|Landorus-Therian, M|100/100
|-ability|p2a: Landorus|Intimidate|boost
|-unboost|p1a: KNEE SLAPPER|atk|1
|
|-weather|Hail|[upkeep]
|-damage|p2a: Landorus|94/100|[from] Hail
|-heal|p2a: Landorus|100/100|[from] item: Leftovers
|upkeep
|turn|7
|l| gssagssagssag
|
|t:|1659387157
|switch|p2a: Toxapex|Toxapex, F|40/100
|move|p1a: KNEE SLAPPER|Fishious Rend|p2a: Toxapex
|-resisted|p2a: Toxapex
|-damage|p2a: Toxapex|19/100
|
|-weather|Hail|[upkeep]
|-damage|p2a: Toxapex|12/100|[from] Hail
|-heal|p2a: Toxapex|19/100|[from] item: Black Sludge
|upkeep
|turn|8
|
|t:|1659387165
|switch|p2a: Urshifu|Urshifu-Rapid-Strike, M|94/100
|move|p1a: KNEE SLAPPER|Fishious Rend|p2a: Urshifu
|-resisted|p2a: Urshifu
|-damage|p2a: Urshifu|54/100
|
|-weather|none
|upkeep
|turn|9
|
|t:|1659387186
|switch|p2a: Toxapex|Toxapex, F|52/100
|switch|p1a: WEEB FANTASY|Ninetales-Alola, F, shiny|100/100
|-weather|Hail|[from] ability: Snow Warning|[of] p1a: WEEB FANTASY
|
|-weather|Hail|[upkeep]
|-damage|p2a: Toxapex|46/100|[from] Hail
|-heal|p2a: Toxapex|52/100|[from] item: Black Sludge
|upkeep
|turn|10
|j| LT91BB Tace
|
|t:|1659387195
|switch|p1a: KENDRICK LAMAR|Arctozolt|82/100 tox
|switch|p2a: Corviknight|Corviknight, F|100/100
|-ability|p2a: Corviknight|Pressure
|
|-weather|Hail|[upkeep]
|-damage|p2a: Corviknight|94/100|[from] Hail
|-heal|p2a: Corviknight|100/100|[from] item: Leftovers
|-damage|p1a: KENDRICK LAMAR|76/100 tox|[from] psn
|upkeep
|turn|11
|j| London Beats
|j| zReptar
|
|t:|1659387204
|switch|p2a: Landorus|Landorus-Therian, M|100/100
|-ability|p2a: Landorus|Intimidate|boost
|-unboost|p1a: KENDRICK LAMAR|atk|1
|move|p1a: KENDRICK LAMAR|Bolt Beak|p2a: Landorus
|-immune|p2a: Landorus
|
|-weather|Hail|[upkeep]
|-damage|p2a: Landorus|94/100|[from] Hail
|-heal|p2a: Landorus|100/100|[from] item: Leftovers
|-damage|p1a: KENDRICK LAMAR|63/100 tox|[from] psn
|upkeep
|turn|12
|
|t:|1659387212
|switch|p2a: Toxapex|Toxapex, F|85/100
|move|p1a: KENDRICK LAMAR|Bolt Beak|p2a: Toxapex
|-supereffective|p2a: Toxapex
|-damage|p2a: Toxapex|26/100
|
|-weather|Hail|[upkeep]
|-damage|p2a: Toxapex|20/100|[from] Hail
|-heal|p2a: Toxapex|26/100|[from] item: Black Sludge
|-damage|p1a: KENDRICK LAMAR|44/100 tox|[from] psn
|upkeep
|turn|13
|j| LT91BB Manololt
|
|t:|1659387219
|switch|p2a: Landorus|Landorus-Therian, M|100/100
|-ability|p2a: Landorus|Intimidate|boost
|-unboost|p1a: KENDRICK LAMAR|atk|1
|move|p1a: KENDRICK LAMAR|Freeze-Dry|p2a: Landorus
|-supereffective|p2a: Landorus
|-damage|p2a: Landorus|11/100
|
|-weather|Hail|[upkeep]
|-damage|p2a: Landorus|5/100|[from] Hail
|-heal|p2a: Landorus|11/100|[from] item: Leftovers
|-damage|p1a: KENDRICK LAMAR|20/100 tox|[from] psn
|upkeep
|turn|14
|j| Suishom4ru
|
|t:|1659387227
|move|p1a: KENDRICK LAMAR|Freeze-Dry|p2a: Landorus
|-supereffective|p2a: Landorus
|-damage|p2a: Landorus|0 fnt
|faint|p2a: Landorus
|
|-weather|Hail|[upkeep]
|-damage|p1a: KENDRICK LAMAR|0 fnt|[from] psn
|faint|p1a: KENDRICK LAMAR
|upkeep
|
|t:|1659387236
|switch|p1a: KNEE SLAPPER|Arctovish|55/100
|switch|p2a: Toxapex|Toxapex, F|59/100
|turn|15
|j| ourghostingduties
|j| LT91BB rejeff
|
|t:|1659387246
|move|p1a: KNEE SLAPPER|Psychic Fangs|p2a: Toxapex
|-supereffective|p2a: Toxapex
|-damage|p2a: Toxapex|14/100
|move|p2a: Toxapex|Recover|p2a: Toxapex
|-heal|p2a: Toxapex|64/100
|
|-weather|Hail|[upkeep]
|-damage|p2a: Toxapex|57/100|[from] Hail
|-heal|p2a: Toxapex|64/100|[from] item: Black Sludge
|upkeep
|turn|16
|
|t:|1659387253
|switch|p1a: GILBERT GOTTFRIED|Landorus-Therian, M|100/100
|-ability|p1a: GILBERT GOTTFRIED|Intimidate|boost
|-unboost|p2a: Toxapex|atk|1
|move|p2a: Toxapex|Toxic|p1a: GILBERT GOTTFRIED
|-status|p1a: GILBERT GOTTFRIED|tox
|
|-weather|none
|-heal|p2a: Toxapex|70/100|[from] item: Black Sludge
|-damage|p1a: GILBERT GOTTFRIED|94/100 tox|[from] psn
|upkeep
|turn|17
|
|t:|1659387258
|switch|p2a: Corviknight|Corviknight, F|100/100
|-ability|p2a: Corviknight|Pressure
|move|p1a: GILBERT GOTTFRIED|U-turn|p2a: Corviknight
|-resisted|p2a: Corviknight
|-damage|p2a: Corviknight|97/100
|
|t:|1659387262
|switch|p1a: THE MAGIC DRAGON|Aurorus, F|100/100|[from]move: U-turn
|-weather|Hail|[from] ability: Snow Warning|[of] p1a: THE MAGIC DRAGON
|
|-weather|Hail|[upkeep]
|-damage|p2a: Corviknight|91/100|[from] Hail
|-heal|p2a: Corviknight|97/100|[from] item: Leftovers
|upkeep
|turn|18
|
|t:|1659387271
|move|p2a: Corviknight|Roost|p2a: Corviknight
|-heal|p2a: Corviknight|100/100
|-singleturn|p2a: Corviknight|move: Roost
|move|p1a: THE MAGIC DRAGON|Blizzard|p2a: Corviknight
|-resisted|p2a: Corviknight
|-damage|p2a: Corviknight|79/100
|
|-weather|Hail|[upkeep]
|-damage|p2a: Corviknight|73/100|[from] Hail
|-heal|p2a: Corviknight|79/100|[from] item: Leftovers
|upkeep
|turn|19
|
|t:|1659387277
|move|p2a: Corviknight|Roost|p2a: Corviknight
|-heal|p2a: Corviknight|100/100
|-singleturn|p2a: Corviknight|move: Roost
|move|p1a: THE MAGIC DRAGON|Blizzard|p2a: Corviknight
|-resisted|p2a: Corviknight
|-damage|p2a: Corviknight|77/100
|
|-weather|Hail|[upkeep]
|-damage|p2a: Corviknight|71/100|[from] Hail
|-heal|p2a: Corviknight|77/100|[from] item: Leftovers
|upkeep
|turn|20
|
|t:|1659387280
|move|p2a: Corviknight|Roost|p2a: Corviknight
|-heal|p2a: Corviknight|100/100
|-singleturn|p2a: Corviknight|move: Roost
|move|p1a: THE MAGIC DRAGON|Encore|p2a: Corviknight
|-start|p2a: Corviknight|Encore
|
|-weather|Hail|[upkeep]
|-damage|p2a: Corviknight|94/100|[from] Hail
|-heal|p2a: Corviknight|100/100|[from] item: Leftovers
|upkeep
|turn|21
|
|t:|1659387286
|move|p2a: Corviknight|Roost||[still]
|-fail|p2a: Corviknight|heal
|move|p1a: THE MAGIC DRAGON|Stealth Rock|p2a: Corviknight
|-sidestart|p2: LT91BB Highv0ltag3|move: Stealth Rock
|
|-weather|Hail|[upkeep]
|-damage|p2a: Corviknight|94/100|[from] Hail
|-heal|p2a: Corviknight|100/100|[from] item: Leftovers
|upkeep
|turn|22
|
|t:|1659387289
|switch|p1a: KNEE SLAPPER|Arctovish|55/100
|move|p2a: Corviknight|Roost||[still]
|-fail|p2a: Corviknight|heal
|
|-weather|Hail|[upkeep]
|-damage|p2a: Corviknight|94/100|[from] Hail
|-heal|p2a: Corviknight|100/100|[from] item: Leftovers
|upkeep
|turn|23
|j|@ironwater
|
|t:|1659387294
|switch|p2a: Toxapex|Toxapex, F|100/100
|-damage|p2a: Toxapex|88/100|[from] Stealth Rock
|move|p1a: KNEE SLAPPER|Fishious Rend|p2a: Toxapex
|-resisted|p2a: Toxapex
|-damage|p2a: Toxapex|52/100
|
|-weather|Hail|[upkeep]
|-damage|p2a: Toxapex|46/100|[from] Hail
|-heal|p2a: Toxapex|52/100|[from] item: Black Sludge
|upkeep
|turn|24
|
|t:|1659387302
|switch|p1a: GILBERT GOTTFRIED|Landorus-Therian, M|94/100 tox
|-ability|p1a: GILBERT GOTTFRIED|Intimidate|boost
|-unboost|p2a: Toxapex|atk|1
|move|p2a: Toxapex|Recover|p2a: Toxapex
|-heal|p2a: Toxapex|100/100
|
|-weather|none
|-heal|p1a: GILBERT GOTTFRIED|100/100 tox|[from] item: Leftovers
|-damage|p1a: GILBERT GOTTFRIED|94/100 tox|[from] psn
|upkeep
|turn|25
|j| irgendwasmitmeeem
|
|t:|1659387308
|move|p1a: GILBERT GOTTFRIED|U-turn|p2a: Toxapex
|-resisted|p2a: Toxapex
|-damage|p2a: Toxapex|94/100
|
|t:|1659387310
|switch|p1a: THE MAGIC DRAGON|Aurorus, F|100/100|[from]move: U-turn
|-weather|Hail|[from] ability: Snow Warning|[of] p1a: THE MAGIC DRAGON
|move|p2a: Toxapex|Recover|p2a: Toxapex
|-heal|p2a: Toxapex|100/100
|
|-weather|Hail|[upkeep]
|-damage|p2a: Toxapex|94/100|[from] Hail
|-heal|p2a: Toxapex|100/100|[from] item: Black Sludge
|upkeep
|turn|26
|
|t:|1659387315
|move|p1a: THE MAGIC DRAGON|Earth Power|p2a: Toxapex
|-supereffective|p2a: Toxapex
|-crit|p2a: Toxapex
|-damage|p2a: Toxapex|31/100
|move|p2a: Toxapex|Toxic|p1a: THE MAGIC DRAGON
|-status|p1a: THE MAGIC DRAGON|tox
|
|-weather|Hail|[upkeep]
|-damage|p2a: Toxapex|25/100|[from] Hail
|-heal|p2a: Toxapex|31/100|[from] item: Black Sludge
|-damage|p1a: THE MAGIC DRAGON|94/100 tox|[from] psn
|upkeep
|turn|27
|
|t:|1659387321
|switch|p2a: Corviknight|Corviknight, F|100/100
|-damage|p2a: Corviknight|88/100|[from] Stealth Rock
|-ability|p2a: Corviknight|Pressure
|move|p1a: THE MAGIC DRAGON|Blizzard|p2a: Corviknight
|-damage|p2a: Corviknight|45/100
|
|-weather|Hail|[upkeep]
|-damage|p2a: Corviknight|39/100|[from] Hail
|-heal|p2a: Corviknight|45/100|[from] item: Leftovers
|-damage|p1a: THE MAGIC DRAGON|82/100 tox|[from] psn
|upkeep
|turn|28
|
|t:|1659387324
|switch|p1a: KNEE SLAPPER|Arctovish|55/100
|move|p2a: Corviknight|Roost|p2a: Corviknight
|-heal|p2a: Corviknight|95/100
|-singleturn|p2a: Corviknight|move: Roost
|
|-weather|Hail|[upkeep]
|-damage|p2a: Corviknight|89/100|[from] Hail
|-heal|p2a: Corviknight|95/100|[from] item: Leftovers
|upkeep
|turn|29
|
|t:|1659387332
|move|p1a: KNEE SLAPPER|Fishious Rend|p2a: Corviknight
|-damage|p2a: Corviknight|19/100
|move|p2a: Corviknight|Defog|p1a: KNEE SLAPPER
|-unboost|p1a: KNEE SLAPPER|evasion|1
|-sideend|p2: LT91BB Highv0ltag3|Stealth Rock|[from] move: Defog|[of] p2a: Corviknight
|
|-weather|Hail|[upkeep]
|-damage|p2a: Corviknight|13/100|[from] Hail
|-heal|p2a: Corviknight|19/100|[from] item: Leftovers
|upkeep
|turn|30
|
|t:|1659387336
|switch|p2a: Toxapex|Toxapex, F|65/100
|move|p1a: KNEE SLAPPER|Fishious Rend|p2a: Toxapex
|-resisted|p2a: Toxapex
|-damage|p2a: Toxapex|34/100
|
|-weather|Hail|[upkeep]
|-damage|p2a: Toxapex|27/100|[from] Hail
|-heal|p2a: Toxapex|34/100|[from] item: Black Sludge
|upkeep
|turn|31
|j| Fendi Mon$ter
|
|t:|1659387347
|move|p1a: KNEE SLAPPER|Fishious Rend|p2a: Toxapex
|-resisted|p2a: Toxapex
|-crit|p2a: Toxapex
|-damage|p2a: Toxapex|0 fnt
|faint|p2a: Toxapex
|
|-weather|Hail|[upkeep]
|upkeep
|
|t:|1659387352
|switch|p2a: Urshifu|Urshifu-Rapid-Strike, M|54/100
|turn|32
|j| Ava<3
|
|t:|1659387369
|switch|p1a: GILBERT GOTTFRIED|Landorus-Therian, M|94/100 tox
|-ability|p1a: GILBERT GOTTFRIED|Intimidate|boost
|-unboost|p2a: Urshifu|atk|1
|move|p2a: Urshifu|Surging Strikes|p1a: GILBERT GOTTFRIED
|-supereffective|p1a: GILBERT GOTTFRIED
|-crit|p1a: GILBERT GOTTFRIED
|-damage|p1a: GILBERT GOTTFRIED|35/100 tox
|-supereffective|p1a: GILBERT GOTTFRIED
|-crit|p1a: GILBERT GOTTFRIED
|-damage|p1a: GILBERT GOTTFRIED|0 fnt
|faint|p1a: GILBERT GOTTFRIED
|-hitcount|p1: GILBERT GOTTFRIED|2
|
|-weather|none
|upkeep
|
|t:|1659387373
|switch|p1a: WEEB FANTASY|Ninetales-Alola, F, shiny|100/100
|-weather|Hail|[from] ability: Snow Warning|[of] p1a: WEEB FANTASY
|turn|33
|
|t:|1659387377
|switch|p2a: Porygon-Z|Porygon-Z|100/100
|-ability|p2a: Porygon-Z|Download|boost
|-boost|p2a: Porygon-Z|atk|1
|move|p1a: WEEB FANTASY|Aurora Veil|p1a: WEEB FANTASY
|-sidestart|p1: tolstoy|move: Aurora Veil
|
|-weather|Hail|[upkeep]
|-damage|p2a: Porygon-Z|94/100|[from] Hail
|upkeep
|turn|34
|
|t:|1659387381
|move|p1a: WEEB FANTASY|Blizzard|p2a: Porygon-Z
|-damage|p2a: Porygon-Z|49/100
|move|p2a: Porygon-Z|Tri Attack|p1a: WEEB FANTASY
|-damage|p1a: WEEB FANTASY|67/100
|-status|p1a: WEEB FANTASY|brn
|
|-weather|Hail|[upkeep]
|-damage|p2a: Porygon-Z|43/100|[from] Hail
|-damage|p1a: WEEB FANTASY|61/100 brn|[from] brn
|upkeep
|turn|35
|
|t:|1659387389
|move|p1a: WEEB FANTASY|Blizzard|p2a: Porygon-Z
|-damage|p2a: Porygon-Z|1/100
|move|p2a: Porygon-Z|Tri Attack|p1a: WEEB FANTASY
|-damage|p1a: WEEB FANTASY|28/100 brn
|
|-weather|Hail|[upkeep]
|-damage|p2a: Porygon-Z|0 fnt|[from] Hail
|faint|p2a: Porygon-Z
|-damage|p1a: WEEB FANTASY|22/100 brn|[from] brn
|upkeep
|
|t:|1659387395
|switch|p2a: Mew|Mew|62/100
|turn|36
|
|t:|1659387405
|move|p2a: Mew|Close Combat|p1a: WEEB FANTASY
|-damage|p1a: WEEB FANTASY|0 fnt
|-unboost|p2a: Mew|def|1
|-unboost|p2a: Mew|spd|1
|faint|p1a: WEEB FANTASY
|
|-weather|Hail|[upkeep]
|-damage|p2a: Mew|55/100|[from] Hail
|upkeep
|j| chtct
|
|t:|1659387410
|switch|p1a: SUSAN BOYLE|Volcarona, M|100/100
|turn|37
|
|t:|1659387417
|switch|p2a: Urshifu|Urshifu-Rapid-Strike, M|54/100
|move|p1a: SUSAN BOYLE|Quiver Dance|p1a: SUSAN BOYLE
|-boost|p1a: SUSAN BOYLE|spa|1
|-boost|p1a: SUSAN BOYLE|spd|1
|-boost|p1a: SUSAN BOYLE|spe|1
|
|-weather|Hail|[upkeep]
|-damage|p1a: SUSAN BOYLE|94/100|[from] Hail
|-damage|p2a: Urshifu|48/100|[from] Hail
|-sideend|p1: tolstoy|move: Aurora Veil
|upkeep
|turn|38
|c|☆LT91BB Highv0ltag3|Crit time
|
|t:|1659387428
|move|p2a: Urshifu|Aqua Jet|p1a: SUSAN BOYLE
|-supereffective|p1a: SUSAN BOYLE
|-damage|p1a: SUSAN BOYLE|0 fnt
|-status|p2a: Urshifu|brn|[from] ability: Flame Body|[of] p1a: SUSAN BOYLE
|faint|p1a: SUSAN BOYLE
|
|-weather|Hail|[upkeep]
|-damage|p2a: Urshifu|42/100 brn|[from] Hail
|-damage|p2a: Urshifu|36/100 brn|[from] brn
|upkeep
|j| chokst du
|c|☆tolstoy|hm
|c|☆tolstoy|I've lost
|
|t:|1659387441
|switch|p1a: KNEE SLAPPER|Arctovish|55/100
|turn|39
|l| LT91BB Manololt
|l| ourghostingduties
|
|t:|1659387448
|move|p2a: Urshifu|Aqua Jet|p1a: KNEE SLAPPER
|-resisted|p1a: KNEE SLAPPER
|-damage|p1a: KNEE SLAPPER|47/100
|move|p1a: KNEE SLAPPER|Fishious Rend|p2a: Urshifu
|-resisted|p2a: Urshifu
|-damage|p2a: Urshifu|7/100 brn
|
|-weather|Hail|[upkeep]
|-damage|p2a: Urshifu|0 fnt|[from] Hail
|faint|p2a: Urshifu
|upkeep
|
|t:|1659387466
|switch|p2a: Corviknight|Corviknight, F|19/100
|-ability|p2a: Corviknight|Pressure
|turn|40
|
|t:|1659387469
|move|p1a: KNEE SLAPPER|Fishious Rend|p2a: Corviknight
|-damage|p2a: Corviknight|0 fnt
|faint|p2a: Corviknight
|
|-weather|none
|upkeep
|
|t:|1659387471
|switch|p2a: Mew|Mew|55/100
|turn|41
|
|t:|1659387473
|switch|p1a: THE MAGIC DRAGON|Aurorus, F|82/100 tox
|-weather|Hail|[from] ability: Snow Warning|[of] p1a: THE MAGIC DRAGON
|move|p2a: Mew|Close Combat|p1a: THE MAGIC DRAGON
|-supereffective|p1a: THE MAGIC DRAGON
|-damage|p1a: THE MAGIC DRAGON|0 fnt
|-unboost|p2a: Mew|def|1
|-unboost|p2a: Mew|spd|1
|faint|p1a: THE MAGIC DRAGON
|
|-weather|Hail|[upkeep]
|-damage|p2a: Mew|49/100|[from] Hail
|upkeep
|
|t:|1659387477
|switch|p1a: KNEE SLAPPER|Arctovish|47/100
|turn|42
|
|t:|1659387481
|move|p2a: Mew|Close Combat|p1a: KNEE SLAPPER
|-supereffective|p1a: KNEE SLAPPER
|-damage|p1a: KNEE SLAPPER|0 fnt
|-unboost|p2a: Mew|def|1
|-unboost|p2a: Mew|spd|1
|faint|p1a: KNEE SLAPPER
|
|win|LT91BB Highv0ltag3
|raw|tolstoy's rating: 1871 &rarr; <strong>1856</strong><br />(-15 for losing)
|raw|LT91BB Highv0ltag3's rating: 1955 &rarr; <strong>1970</strong><br />(+15 for winning)
