|j|☆Gurtrant
|j|☆6-0dByKyurem
|t:|1626217161
|gametype|singles
|player|p1|Gurtrant|238|1696
|player|p2|6-0dByKyurem|ghetsis|1605
|teamsize|p1|6
|teamsize|p2|6
|gen|8
|tier|[Gen 8] OU
|rated|
|rule|Sleep Clause Mod: Limit one foe put to sleep
|rule|Species Clause: Limit one of each Pokémon
|rule|OHKO Clause: OHKO moves are banned
|rule|Evasion Moves Clause: Evasion moves are banned
|rule|Endless Battle Clause: Forcing endless battles is banned
|rule|HP Percentage Mod: HP is shown in percentages
|rule|Dynamax Clause: You cannot dynamax
|clearpoke
|poke|p1|Pelipper, M|
|poke|p1|Heliolisk, M|
|poke|p1|Seismitoad, M|
|poke|p1|Barraskewda, M|
|poke|p1|Ferrothorn, F|
|poke|p1|Zapdos|
|poke|p2|Blissey, F|
|poke|p2|Kyurem|
|poke|p2|Landorus-Therian, M|
|poke|p2|Tapu Lele|
|poke|p2|Dragonite, F|
|poke|p2|Nidoking, M|
|teampreview
|inactive|Battle timer is ON: inactive players will automatically lose when time's up. (requested by Gurtrant)
|
|t:|1626217173
|start
|switch|p1a: Pelipper|Pelipper, M|100/100
|switch|p2a: Kyurem|Kyurem|100/100
|-ability|p2a: Kyurem|Pressure
|-weather|RainDance|[from] ability: Drizzle|[of] p1a: Pelipper
|turn|1
|
|t:|1626217181
|switch|p1a: Ferrothorn|Ferrothorn, F|100/100
|move|p2a: Kyurem|Substitute|p2a: Kyurem
|-start|p2a: Kyurem|Substitute
|-damage|p2a: Kyurem|75/100
|
|-weather|RainDance|[upkeep]
|-heal|p2a: Kyurem|82/100|[from] item: Leftovers
|upkeep
|turn|2
|
|t:|1626217186
|move|p2a: Kyurem|Dragon Dance|p2a: Kyurem
|-boost|p2a: Kyurem|atk|1
|-boost|p2a: Kyurem|spe|1
|move|p1a: Ferrothorn|Gyro Ball|p2a: Kyurem
|-supereffective|p2a: Kyurem
|-end|p2a: Kyurem|Substitute
|
|-weather|RainDance|[upkeep]
|-heal|p2a: Kyurem|88/100|[from] item: Leftovers
|upkeep
|turn|3
|
|t:|1626217190
|move|p2a: Kyurem|Protect|p2a: Kyurem
|-singleturn|p2a: Kyurem|Protect
|move|p1a: Ferrothorn|Gyro Ball|p2a: Kyurem
|-activate|p2a: Kyurem|move: Protect
|
|-weather|RainDance|[upkeep]
|-heal|p2a: Kyurem|94/100|[from] item: Leftovers
|upkeep
|turn|4
|
|t:|1626217192
|move|p2a: Kyurem|Substitute|p2a: Kyurem
|-start|p2a: Kyurem|Substitute
|-damage|p2a: Kyurem|69/100
|move|p1a: Ferrothorn|Gyro Ball|p2a: Kyurem
|-supereffective|p2a: Kyurem
|-end|p2a: Kyurem|Substitute
|
|-weather|RainDance|[upkeep]
|-heal|p2a: Kyurem|75/100|[from] item: Leftovers
|upkeep
|turn|5
|
|t:|1626217195
|move|p2a: Kyurem|Substitute|p2a: Kyurem
|-start|p2a: Kyurem|Substitute
|-damage|p2a: Kyurem|50/100
|move|p1a: Ferrothorn|Spikes|p2a: Kyurem
|-sidestart|p2: 6-0dByKyurem|Spikes
|
|-weather|RainDance|[upkeep]
|-heal|p2a: Kyurem|56/100|[from] item: Leftovers
|upkeep
|turn|6
|
|t:|1626217199
|move|p2a: Kyurem|Dragon Dance|p2a: Kyurem
|-boost|p2a: Kyurem|atk|1
|-boost|p2a: Kyurem|spe|1
|move|p1a: Ferrothorn|Gyro Ball|p2a: Kyurem
|-supereffective|p2a: Kyurem
|-end|p2a: Kyurem|Substitute
|
|-weather|RainDance|[upkeep]
|-heal|p2a: Kyurem|62/100|[from] item: Leftovers
|upkeep
|turn|7
|
|t:|1626217202
|move|p2a: Kyurem|Substitute|p2a: Kyurem
|-start|p2a: Kyurem|Substitute
|-damage|p2a: Kyurem|37/100
|move|p1a: Ferrothorn|Knock Off|p2a: Kyurem
|-activate|p2a: Kyurem|move: Substitute|[damage]
|
|-weather|RainDance|[upkeep]
|-heal|p2a: Kyurem|43/100|[from] item: Leftovers
|upkeep
|turn|8
|
|t:|1626217208
|move|p2a: Kyurem|Dragon Dance|p2a: Kyurem
|-boost|p2a: Kyurem|atk|1
|-boost|p2a: Kyurem|spe|1
|move|p1a: Ferrothorn|Knock Off|p2a: Kyurem
|-end|p2a: Kyurem|Substitute
|
|-weather|none
|-heal|p2a: Kyurem|49/100|[from] item: Leftovers
|upkeep
|turn|9
|
|t:|1626217213
|switch|p1a: Pelipper|Pelipper, M|100/100
|-weather|RainDance|[from] ability: Drizzle|[of] p1a: Pelipper
|move|p2a: Kyurem|Protect||[still]
|-fail|p2a: Kyurem
|
|-weather|RainDance|[upkeep]
|-heal|p2a: Kyurem|56/100|[from] item: Leftovers
|upkeep
|turn|10
|
|t:|1626217219
|switch|p1a: Ferrothorn|Ferrothorn, F|100/100
|move|p2a: Kyurem|Substitute|p2a: Kyurem
|-start|p2a: Kyurem|Substitute
|-damage|p2a: Kyurem|31/100
|
|-weather|RainDance|[upkeep]
|-heal|p2a: Kyurem|37/100|[from] item: Leftovers
|upkeep
|turn|11
|
|t:|1626217222
|move|p2a: Kyurem|Dragon Dance|p2a: Kyurem
|-boost|p2a: Kyurem|atk|1
|-boost|p2a: Kyurem|spe|1
|move|p1a: Ferrothorn|Knock Off|p2a: Kyurem
|-activate|p2a: Kyurem|move: Substitute|[damage]
|
|-weather|RainDance|[upkeep]
|-heal|p2a: Kyurem|43/100|[from] item: Leftovers
|upkeep
|turn|12
|
|t:|1626217224
|move|p2a: Kyurem|Icicle Spear|p1a: Ferrothorn
|-damage|p1a: Ferrothorn|72/100
|-damage|p1a: Ferrothorn|43/100
|-damage|p1a: Ferrothorn|14/100
|-damage|p1a: Ferrothorn|0 fnt
|faint|p1a: Ferrothorn
|-hitcount|p1: Ferrothorn|4
|
|-weather|RainDance|[upkeep]
|-heal|p2a: Kyurem|49/100|[from] item: Leftovers
|upkeep
|-message|Gurtrant forfeited.
|
|win|6-0dByKyurem
|raw|Gurtrant's rating: 1696 &rarr; <strong>1671</strong><br />(-25 for losing)
|raw|6-0dByKyurem's rating: 1605 &rarr; <strong>1630</strong><br />(+25 for winning)
|l|☆Gurtrant
||Ladder isn't responding, score probably updated but might not have (Request timeout).
