|j|☆dragunv
|j|☆Fastpitchkiller
|t:|1654726648
|gametype|singles
|player|p1|dragunv|wallace|1562
|player|p2|Fastpitchkiller|265|1718
|teamsize|p1|6
|teamsize|p2|6
|gen|8
|tier|[Gen 8] OU
|rated|
|rule|Sleep Clause Mod: Limit one foe put to sleep
|rule|Species Clause: Limit one of each Pokémon
|rule|OHKO Clause: OHKO moves are banned
|rule|Evasion Moves Clause: Evasion moves are banned
|rule|Endless Battle Clause: Forcing endless battles is banned
|rule|HP Percentage Mod: HP is shown in percentages
|rule|Dynamax Clause: You cannot dynamax
|clearpoke
|poke|p1|Mudsdale, M|
|poke|p1|Volcarona, M|
|poke|p1|Kartana|
|poke|p1|Dragapult, M|
|poke|p1|Goodra, F|
|poke|p1|Rotom-Wash|
|poke|p2|Blaziken, M|
|poke|p2|Slowbro, M|
|poke|p2|Tyranitar, M|
|poke|p2|Corviknight, M|
|poke|p2|Landorus-Therian, M|
|poke|p2|Tapu Koko|
|teampreview
|inactive|Battle timer is ON: inactive players will automatically lose when time's up. (requested by dragunv)
|
|t:|1654726664
|start
|switch|p1a: Goodra|Goodra, F|100/100
|switch|p2a: Claudio|Blaziken, M|100/100
|turn|1
|
|t:|1654726670
|switch|p1a: Mudsdale|Mudsdale, M, shiny|100/100
|move|p2a: Claudio|Close Combat|p1a: Mudsdale
|-damage|p1a: Mudsdale|44/100
|-unboost|p2a: Claudio|def|1
|-unboost|p2a: Claudio|spd|1
|-ability|p1a: Mudsdale|Stamina|boost
|-boost|p1a: Mudsdale|def|1
|
|-ability|p2a: Claudio|Speed Boost|boost
|-boost|p2a: Claudio|spe|1
|upkeep
|turn|2
|
|t:|1654726682
|switch|p2a: Slowgatell|Slowbro, M|100/100
|move|p1a: Mudsdale|Earthquake|p2a: Slowgatell
|-damage|p2a: Slowgatell|73/100
|
|upkeep
|turn|3
|
|t:|1654726695
|move|p1a: Mudsdale|Stealth Rock|p2a: Slowgatell
|-sidestart|p2: Fastpitchkiller|move: Stealth Rock
|move|p2a: Slowgatell|Toxic|p1a: Mudsdale
|-status|p1a: Mudsdale|tox
|
|-damage|p1a: Mudsdale|37/100 tox|[from] psn
|upkeep
|turn|4
|
|t:|1654726703
|switch|p1a: Goodra|Goodra, F|100/100
|move|p2a: Slowgatell|Future Sight|p1a: Goodra
|-start|p2a: Slowgatell|move: Future Sight
|
|upkeep
|turn|5
|
|t:|1654726709
|move|p1a: Goodra|Thunder|p2a: Slowgatell
|-supereffective|p2a: Slowgatell
|-crit|p2a: Slowgatell
|-damage|p2a: Slowgatell|0 fnt
|faint|p2a: Slowgatell
|
|upkeep
|
|t:|1654726715
|switch|p2a: GODzilla|Tyranitar, M|100/100
|-damage|p2a: GODzilla|88/100|[from] Stealth Rock
|-weather|Sandstorm|[from] ability: Sand Stream|[of] p2a: GODzilla
|turn|6
|
|t:|1654726721
|move|p1a: Goodra|Focus Blast|p2a: GODzilla|[miss]
|-miss|p1a: Goodra|p2a: GODzilla
|move|p2a: GODzilla|Stealth Rock|p1a: Goodra
|-sidestart|p1: dragunv|move: Stealth Rock
|
|-weather|Sandstorm|[upkeep]
|-damage|p1a: Goodra|94/100|[from] Sandstorm
|-end|p1a: Goodra|move: Future Sight
|-damage|p1a: Goodra|76/100
|-heal|p2a: GODzilla|94/100|[from] item: Leftovers
|upkeep
|turn|7
|
|t:|1654726732
|switch|p2a: Enamorousito|Landorus-Therian, M|100/100
|-damage|p2a: Enamorousito|88/100|[from] Stealth Rock
|-ability|p2a: Enamorousito|Intimidate|boost
|-unboost|p1a: Goodra|atk|1
|move|p1a: Goodra|Focus Blast|p2a: Enamorousito
|-resisted|p2a: Enamorousito
|-damage|p2a: Enamorousito|61/100
|
|-weather|Sandstorm|[upkeep]
|-damage|p1a: Goodra|70/100|[from] Sandstorm
|-heal|p2a: Enamorousito|67/100|[from] item: Leftovers
|upkeep
|turn|8
|
|t:|1654726745
|move|p2a: Enamorousito|Substitute|p2a: Enamorousito
|-start|p2a: Enamorousito|Substitute
|-damage|p2a: Enamorousito|43/100
|move|p1a: Goodra|Ice Beam|p2a: Enamorousito
|-supereffective|p2a: Enamorousito
|-end|p2a: Enamorousito|Substitute
|
|-weather|Sandstorm|[upkeep]
|-damage|p1a: Goodra|64/100|[from] Sandstorm
|-heal|p2a: Enamorousito|48/100|[from] item: Leftovers
|upkeep
|turn|9
|
|t:|1654726755
|move|p2a: Enamorousito|Earthquake|p1a: Goodra
|-damage|p1a: Goodra|0 fnt
|faint|p1a: Goodra
|
|-weather|Sandstorm|[upkeep]
|-heal|p2a: Enamorousito|54/100|[from] item: Leftovers
|upkeep
|
|t:|1654726761
|switch|p1a: Kartana|Kartana|100/100
|-damage|p1a: Kartana|94/100|[from] Stealth Rock
|turn|10
|
|t:|1654726766
|switch|p2a: Corvikstall|Corviknight, M|100/100
|-damage|p2a: Corvikstall|88/100|[from] Stealth Rock
|-ability|p2a: Corvikstall|Pressure
|move|p1a: Kartana|Leaf Blade|p2a: Corvikstall
|-resisted|p2a: Corvikstall
|-damage|p2a: Corvikstall|77/100
|-damage|p1a: Kartana|78/100|[from] item: Rocky Helmet|[of] p2a: Corvikstall
|
|-weather|none
|upkeep
|turn|11
|
|t:|1654726786
|move|p1a: Kartana|Swords Dance|p1a: Kartana
|-boost|p1a: Kartana|atk|2
|move|p2a: Corvikstall|U-turn|p1a: Kartana
|-damage|p1a: Kartana|62/100
|
|t:|1654726791
|switch|p2a: Precoz|Tapu Koko|100/100|[from]move: U-turn
|-fieldstart|move: Electric Terrain|[from] ability: Electric Surge|[of] p2a: Precoz
|
|upkeep
|turn|12
|
|t:|1654726798
|switch|p1a: Mudsdale|Mudsdale, M, shiny|37/100 tox
|-damage|p1a: Mudsdale|31/100 tox|[from] Stealth Rock
|move|p2a: Precoz|Thunderbolt|p1a: Mudsdale
|-immune|p1a: Mudsdale
|
|-damage|p1a: Mudsdale|25/100 tox|[from] psn
|upkeep
|-enditem|p1a: Mudsdale|Iapapa Berry|[eat]
|-heal|p1a: Mudsdale|58/100 tox|[from] item: Iapapa Berry
|turn|13
|
|t:|1654726811
|move|p2a: Precoz|U-turn|p1a: Mudsdale
|-damage|p1a: Mudsdale|48/100 tox
|-ability|p1a: Mudsdale|Stamina|boost
|-boost|p1a: Mudsdale|def|1
|
|t:|1654726815
|switch|p2a: Corvikstall|Corviknight, M|77/100|[from]move: U-turn
|-damage|p2a: Corvikstall|65/100|[from] Stealth Rock
|-ability|p2a: Corvikstall|Pressure
|move|p1a: Mudsdale|Toxic|p2a: Corvikstall
|-immune|p2a: Corvikstall
|
|-damage|p1a: Mudsdale|35/100 tox|[from] psn
|upkeep
|turn|14
|
|t:|1654726834
|switch|p1a: Volcarona|Volcarona, M|100/100
|-damage|p1a: Volcarona|51/100|[from] Stealth Rock
|move|p2a: Corvikstall|Roost|p2a: Corvikstall
|-heal|p2a: Corvikstall|100/100
|-singleturn|p2a: Corvikstall|move: Roost
|
|upkeep
|turn|15
|
|t:|1654726849
|move|p1a: Volcarona|Fire Blast|p2a: Corvikstall|[miss]
|-miss|p1a: Volcarona|p2a: Corvikstall
|move|p2a: Corvikstall|U-turn|p1a: Volcarona
|-resisted|p1a: Volcarona
|-damage|p1a: Volcarona|40/100
|
|t:|1654726857
|switch|p2a: Enamorousito|Landorus-Therian, M|54/100|[from]move: U-turn
|-damage|p2a: Enamorousito|42/100|[from] Stealth Rock
|-ability|p2a: Enamorousito|Intimidate|boost
|-unboost|p1a: Volcarona|atk|1
|
|-heal|p2a: Enamorousito|48/100|[from] item: Leftovers
|-fieldend|move: Electric Terrain
|upkeep
|turn|16
|
|t:|1654726866
|move|p1a: Volcarona|Fire Blast|p2a: Enamorousito
|-damage|p2a: Enamorousito|0 fnt
|faint|p2a: Enamorousito
|-damage|p1a: Volcarona|30/100|[from] item: Life Orb
|
|upkeep
|
|t:|1654726873
|switch|p2a: GODzilla|Tyranitar, M|94/100
|-damage|p2a: GODzilla|82/100|[from] Stealth Rock
|-weather|Sandstorm|[from] ability: Sand Stream|[of] p2a: GODzilla
|turn|17
|
|t:|1654726879
|move|p1a: Volcarona|Giga Drain|p2a: GODzilla
|-supereffective|p2a: GODzilla
|-damage|p2a: GODzilla|54/100
|-heal|p1a: Volcarona|48/100|[from] drain|[of] p2a: GODzilla
|-damage|p1a: Volcarona|38/100|[from] item: Life Orb
|move|p2a: GODzilla|Rock Blast|p1a: Volcarona
|-supereffective|p1a: Volcarona
|-damage|p1a: Volcarona|0 fnt
|faint|p1a: Volcarona
|-hitcount|p1: Volcarona|1
|
|-weather|Sandstorm|[upkeep]
|-heal|p2a: GODzilla|60/100|[from] item: Leftovers
|upkeep
|
|t:|1654726888
|switch|p1a: Kartana|Kartana|62/100
|-damage|p1a: Kartana|56/100|[from] Stealth Rock
|turn|18
|
|t:|1654726901
|switch|p2a: Precoz|Tapu Koko|100/100
|-fieldstart|move: Electric Terrain|[from] ability: Electric Surge|[of] p2a: Precoz
|move|p1a: Kartana|Leaf Blade|p2a: Precoz
|-damage|p2a: Precoz|4/100
|
|-weather|Sandstorm|[upkeep]
|-damage|p2a: Precoz|0 fnt|[from] Sandstorm
|faint|p2a: Precoz
|upkeep
|
|t:|1654726913
|switch|p2a: Claudio|Blaziken, M|100/100
|-damage|p2a: Claudio|88/100|[from] Stealth Rock
|turn|19
|
|t:|1654726920
|move|p1a: Kartana|Leaf Blade|p2a: Claudio
|-resisted|p2a: Claudio
|-damage|p2a: Claudio|39/100
|move|p2a: Claudio|Close Combat|p1a: Kartana
|-supereffective|p1a: Kartana
|-damage|p1a: Kartana|0 fnt
|-unboost|p2a: Claudio|def|1
|-unboost|p2a: Claudio|spd|1
|faint|p1a: Kartana
|
|-weather|Sandstorm|[upkeep]
|-damage|p2a: Claudio|33/100|[from] Sandstorm
|-ability|p2a: Claudio|Speed Boost|boost
|-boost|p2a: Claudio|spe|1
|upkeep
|
|t:|1654726934
|switch|p1a: Dragapult|Dragapult, M|100/100
|-damage|p1a: Dragapult|88/100|[from] Stealth Rock
|turn|20
|
|t:|1654726939
|switch|p2a: GODzilla|Tyranitar, M|60/100
|-damage|p2a: GODzilla|47/100|[from] Stealth Rock
|move|p1a: Dragapult|Sucker Punch||[still]
|-fail|p1a: Dragapult
|
|-weather|Sandstorm|[upkeep]
|-damage|p1a: Dragapult|82/100|[from] Sandstorm
|-heal|p2a: GODzilla|53/100|[from] item: Leftovers
|upkeep
|turn|21
|
|t:|1654726950
|move|p1a: Dragapult|Dragon Darts|p2a: GODzilla
|-crit|p2a: GODzilla
|-damage|p2a: GODzilla|8/100
|-anim|p1a: Dragapult|Dragon Darts|p2a: GODzilla
|-damage|p2a: GODzilla|0 fnt
|faint|p2a: GODzilla
|-damage|p1a: Dragapult|72/100|[from] item: Life Orb
|
|-weather|none
|upkeep
|-message|Fastpitchkiller forfeited.
|
|win|dragunv
|raw|dragunv's rating: 1562 &rarr; <strong>1590</strong><br />(+28 for winning)
|raw|Fastpitchkiller's rating: 1718 &rarr; <strong>1690</strong><br />(-28 for losing)
|l|☆Fastpitchkiller
||Ladder isn't responding, score probably updated but might not have (Request timeout).
