|j|☆Contorted Lies
|j|☆Run For Me Plz
|t:|1614949392
|player|p1|Contorted Lies|266|1827
|player|p2|Run For Me Plz|ethan|1751
|teamsize|p1|6
|teamsize|p2|6
|gametype|singles
|gen|8
|tier|[Gen 8] OU
|rated|
|clearpoke
|poke|p1|Nidoking, M|
|poke|p1|Kartana|
|poke|p1|Slowking-Galar, F|
|poke|p1|Landorus-Therian, M|
|poke|p1|Clefable, F|
|poke|p1|Hydreigon, F|
|poke|p2|Blaziken, F|
|poke|p2|Toxapex, F|
|poke|p2|Blissey, F|
|poke|p2|Dragapult, F|
|poke|p2|Tangrowth, M|
|poke|p2|Corviknight, M|
|rule|Sleep Clause Mod: Limit one foe put to sleep
|rule|Species Clause: Limit one of each Pokémon
|rule|OHKO Clause: OHKO moves are banned
|rule|Evasion Moves Clause: Evasion moves are banned
|rule|Endless Battle Clause: Forcing endless battles is banned
|rule|HP Percentage Mod: HP is shown in percentages
|rule|Dynamax Clause: You cannot dynamax
|teampreview
|inactive|Battle timer is ON: inactive players will automatically lose when time's up. (requested by Run For Me Plz)
|j| Expired Gym Misty
|j| loser t1hax
|
|t:|1614949409
|start
|switch|p1a: Clefable|Clefable, F|100/100
|switch|p2a: Tangrowth|Tangrowth, M|100/100
|turn|1
|
|t:|1614949417
|move|p1a: Clefable|Stealth Rock|p2a: Tangrowth
|-sidestart|p2: Run For Me Plz|move: Stealth Rock
|move|p2a: Tangrowth|Sleep Powder|p1a: Clefable|[miss]
|-miss|p2a: Tangrowth|p1a: Clefable
|
|upkeep
|turn|2
|
|t:|1614949424
|switch|p1a: Landorus|Landorus-Therian, M|100/100
|-ability|p1a: Landorus|Intimidate|boost
|-unboost|p2a: Tangrowth|atk|1
|move|p2a: Tangrowth|Knock Off|p1a: Landorus
|-damage|p1a: Landorus|84/100
|-enditem|p1a: Landorus|Choice Scarf|[from] move: Knock Off|[of] p2a: Tangrowth
|
|upkeep
|turn|3
|
|t:|1614949428
|move|p1a: Landorus|U-turn|p2a: Tangrowth
|-supereffective|p2a: Tangrowth
|-damage|p2a: Tangrowth|71/100
|-damage|p1a: Landorus|67/100|[from] item: Rocky Helmet|[of] p2a: Tangrowth
|
|t:|1614949431
|switch|p1a: Clefable|Clefable, F|100/100|[from]move: U-turn
|move|p2a: Tangrowth|Giga Drain|p1a: Clefable
|-damage|p1a: Clefable|72/100
|-heal|p2a: Tangrowth|85/100|[from] drain|[of] p1a: Clefable
|
|-heal|p1a: Clefable|78/100|[from] item: Leftovers
|upkeep
|turn|4
|
|t:|1614949437
|switch|p1a: Landorus|Landorus-Therian, M|67/100
|-ability|p1a: Landorus|Intimidate|boost
|-unboost|p2a: Tangrowth|atk|1
|move|p2a: Tangrowth|Knock Off|p1a: Landorus
|-damage|p1a: Landorus|58/100
|
|upkeep
|turn|5
|
|t:|1614949443
|switch|p1a: Clefable|Clefable, F|78/100
|move|p2a: Tangrowth|Giga Drain|p1a: Clefable
|-damage|p1a: Clefable|54/100
|-heal|p2a: Tangrowth|97/100|[from] drain|[of] p1a: Clefable
|
|-heal|p1a: Clefable|60/100|[from] item: Leftovers
|upkeep
|turn|6
|
|t:|1614949448
|move|p1a: Clefable|Soft-Boiled|p1a: Clefable
|-heal|p1a: Clefable|100/100
|move|p2a: Tangrowth|Sleep Powder|p1a: Clefable
|-status|p1a: Clefable|slp|[from] move: Sleep Powder
|
|upkeep
|turn|7
|
|t:|1614949457
|switch|p1a: Slowking|Slowking-Galar, F|100/100
|switch|p2a: Blissey|Blissey, F|100/100
|
|upkeep
|turn|8
|
|t:|1614949461
|move|p2a: Blissey|Stealth Rock|p1a: Slowking
|-sidestart|p1: Contorted Lies|move: Stealth Rock
|move|p1a: Slowking|Future Sight|p2a: Blissey
|-start|p1a: Slowking|move: Future Sight
|
|upkeep
|turn|9
|j| EtuEsud
|
|t:|1614949472
|switch|p1a: Kartana|Kartana|100/100
|-damage|p1a: Kartana|94/100|[from] Stealth Rock
|move|p2a: Blissey|Seismic Toss|p1a: Kartana
|-damage|p1a: Kartana|56/100
|
|upkeep
|turn|10
|j| jmoore15
|
|t:|1614949480
|switch|p2a: Corviknight|Corviknight, M|100/100
|-damage|p2a: Corviknight|88/100|[from] Stealth Rock
|-ability|p2a: Corviknight|Pressure
|move|p1a: Kartana|Sacred Sword|p2a: Corviknight
|-damage|p2a: Corviknight|51/100
|
|-end|p2a: Corviknight|move: Future Sight
|-resisted|p2a: Corviknight
|-damage|p2a: Corviknight|25/100
|-heal|p2a: Corviknight|31/100|[from] item: Leftovers
|upkeep
|turn|11
|j| dazhang1999
|
|t:|1614949491
|switch|p2a: Dragapult|Dragapult, F|100/100
|move|p1a: Kartana|Sacred Sword|p2a: Dragapult
|-immune|p2a: Dragapult
|
|upkeep
|turn|12
|
|t:|1614949503
|switch|p1a: Landorus|Landorus-Therian, M|58/100
|-damage|p1a: Landorus|46/100|[from] Stealth Rock
|-ability|p1a: Landorus|Intimidate|boost
|-unboost|p2a: Dragapult|atk|1
|move|p2a: Dragapult|U-turn|p1a: Landorus
|-resisted|p1a: Landorus
|-damage|p1a: Landorus|39/100
|
|t:|1614949511
|switch|p2a: Tangrowth|Tangrowth, M|100/100|[from]move: U-turn
|-damage|p2a: Tangrowth|88/100|[from] Stealth Rock
|
|upkeep
|turn|13
|
|t:|1614949518
|switch|p1a: Slowking|Slowking-Galar, F|100/100
|-damage|p1a: Slowking|88/100|[from] Stealth Rock
|move|p2a: Tangrowth|Knock Off|p1a: Slowking
|-supereffective|p1a: Slowking
|-damage|p1a: Slowking|42/100
|-enditem|p1a: Slowking|Assault Vest|[from] move: Knock Off|[of] p2a: Tangrowth
|
|upkeep
|turn|14
|
|t:|1614949529
|switch|p2a: Blissey|Blissey, F|100/100
|move|p1a: Slowking|Future Sight|p2a: Blissey
|-start|p1a: Slowking|move: Future Sight
|
|upkeep
|turn|15
|
|t:|1614949533
|switch|p1a: Landorus|Landorus-Therian, M|39/100
|-damage|p1a: Landorus|27/100|[from] Stealth Rock
|-ability|p1a: Landorus|Intimidate|boost
|-unboost|p2a: Blissey|atk|1
|move|p2a: Blissey|Seismic Toss|p1a: Landorus
|-damage|p1a: Landorus|0 fnt
|faint|p1a: Landorus
|
|upkeep
|
|t:|1614949536
|switch|p1a: Kartana|Kartana|56/100
|-damage|p1a: Kartana|50/100|[from] Stealth Rock
|turn|16
|
|t:|1614949543
|switch|p2a: Corviknight|Corviknight, M|31/100
|-damage|p2a: Corviknight|19/100|[from] Stealth Rock
|-ability|p2a: Corviknight|Pressure
|move|p1a: Kartana|Sacred Sword|p2a: Corviknight
|-damage|p2a: Corviknight|0 fnt
|faint|p2a: Corviknight
|-ability|p1a: Kartana|Beast Boost|boost
|-boost|p1a: Kartana|atk|1
|
|-hint|Future Sight did not hit because the target is fainted.
|upkeep
|
|t:|1614949550
|switch|p2a: Dragapult|Dragapult, F|100/100
|turn|17
|
|t:|1614949560
|switch|p1a: Hydreigon|Hydreigon, F|100/100
|-damage|p1a: Hydreigon|88/100|[from] Stealth Rock
|move|p2a: Dragapult|Hex|p1a: Hydreigon
|-resisted|p1a: Hydreigon
|-damage|p1a: Hydreigon|71/100
|
|upkeep
|turn|18
|j| ChimeWizard
|
|t:|1614949570
|switch|p2a: Blissey|Blissey, F|100/100
|move|p1a: Hydreigon|Dark Pulse|p2a: Blissey
|-damage|p2a: Blissey|80/100
|-damage|p1a: Hydreigon|61/100|[from] item: Life Orb
|
|upkeep
|turn|19
|
|t:|1614949577
|switch|p1a: Clefable|Clefable, F|100/100 slp
|move|p2a: Blissey|Seismic Toss|p1a: Clefable
|-damage|p1a: Clefable|75/100 slp
|
|-heal|p1a: Clefable|81/100 slp|[from] item: Leftovers
|upkeep
|turn|20
|
|t:|1614949585
|cant|p1a: Clefable|slp
|move|p2a: Blissey|Seismic Toss|p1a: Clefable
|-damage|p1a: Clefable|56/100 slp
|
|-heal|p1a: Clefable|62/100 slp|[from] item: Leftovers
|upkeep
|turn|21
|
|t:|1614949589
|cant|p1a: Clefable|slp
|move|p2a: Blissey|Seismic Toss|p1a: Clefable
|-damage|p1a: Clefable|37/100 slp
|
|-heal|p1a: Clefable|43/100 slp|[from] item: Leftovers
|upkeep
|turn|22
|
|t:|1614949593
|cant|p1a: Clefable|slp
|move|p2a: Blissey|Seismic Toss|p1a: Clefable
|-damage|p1a: Clefable|17/100 slp
|
|-heal|p1a: Clefable|23/100 slp|[from] item: Leftovers
|upkeep
|turn|23
|
|t:|1614949595
|-curestatus|p1a: Clefable|slp|[msg]
|move|p1a: Clefable|Soft-Boiled|p1a: Clefable
|-heal|p1a: Clefable|73/100
|move|p2a: Blissey|Seismic Toss|p1a: Clefable
|-damage|p1a: Clefable|48/100
|
|-heal|p1a: Clefable|54/100|[from] item: Leftovers
|upkeep
|turn|24
|
|t:|1614949603
|switch|p2a: Toxapex|Toxapex, F|100/100
|-damage|p2a: Toxapex|88/100|[from] Stealth Rock
|move|p1a: Clefable|Soft-Boiled|p1a: Clefable
|-heal|p1a: Clefable|100/100
|
|-heal|p2a: Toxapex|94/100|[from] item: Black Sludge
|upkeep
|turn|25
|
|t:|1614949612
|switch|p2a: Dragapult|Dragapult, F|100/100
|move|p1a: Clefable|Thunder Wave|p2a: Dragapult
|-status|p2a: Dragapult|par
|
|upkeep
|turn|26
|
|t:|1614949617
|switch|p2a: Toxapex|Toxapex, F|100/100
|-damage|p2a: Toxapex|88/100|[from] Stealth Rock
|move|p1a: Clefable|Moonblast|p2a: Toxapex
|-resisted|p2a: Toxapex
|-damage|p2a: Toxapex|76/100
|
|-heal|p2a: Toxapex|82/100|[from] item: Black Sludge
|upkeep
|turn|27
|
|t:|1614949621
|move|p1a: Clefable|Thunder Wave|p2a: Toxapex|[miss]
|-miss|p1a: Clefable|p2a: Toxapex
|move|p2a: Toxapex|Scald|p1a: Clefable
|-damage|p1a: Clefable|86/100
|-status|p1a: Clefable|brn
|
|-heal|p1a: Clefable|92/100 brn|[from] item: Leftovers
|-heal|p2a: Toxapex|88/100|[from] item: Black Sludge
|upkeep
|turn|28
|
|t:|1614949629
|switch|p2a: Blissey|Blissey, F|80/100
|move|p1a: Clefable|Thunder Wave|p2a: Blissey
|-status|p2a: Blissey|par
|
|-heal|p1a: Clefable|98/100 brn|[from] item: Leftovers
|upkeep
|turn|29
|
|t:|1614949633
|switch|p1a: Slowking|Slowking-Galar, F|76/100
|-damage|p1a: Slowking|63/100|[from] Stealth Rock
|cant|p2a: Blissey|par
|
|upkeep
|turn|30
|
|t:|1614949641
|move|p1a: Slowking|Future Sight|p2a: Blissey
|-start|p1a: Slowking|move: Future Sight
|move|p2a: Blissey|Seismic Toss|p1a: Slowking
|-damage|p1a: Slowking|38/100
|
|upkeep
|turn|31
|
|t:|1614949652
|switch|p1a: Clefable|Clefable, F|98/100 brn
|cant|p2a: Blissey|par
|
|-heal|p1a: Clefable|100/100 brn|[from] item: Leftovers
|upkeep
|turn|32
|
|t:|1614949658
|switch|p1a: Slowking|Slowking-Galar, F|71/100
|-damage|p1a: Slowking|59/100|[from] Stealth Rock
|move|p2a: Blissey|Soft-Boiled|p2a: Blissey
|-heal|p2a: Blissey|100/100 par
|
|-end|p2a: Blissey|move: Future Sight
|-damage|p2a: Blissey|77/100 par
|upkeep
|turn|33
|
|t:|1614949662
|switch|p1a: Clefable|Clefable, F|100/100 brn
|cant|p2a: Blissey|par
|
|upkeep
|turn|34
|l| ChimeWizard
|
|t:|1614949667
|switch|p1a: Slowking|Slowking-Galar, F|92/100
|-damage|p1a: Slowking|79/100|[from] Stealth Rock
|move|p2a: Blissey|Seismic Toss|p1a: Slowking
|-damage|p1a: Slowking|54/100
|
|upkeep
|turn|35
|
|t:|1614949675
|switch|p1a: Clefable|Clefable, F|100/100 brn
|switch|p2a: Dragapult|Dragapult, F|100/100 par
|
|upkeep
|turn|36
|
|t:|1614949688
|move|p2a: Dragapult|Hex|p1a: Clefable
|-damage|p1a: Clefable|48/100 brn
|move|p1a: Clefable|Moonblast|p2a: Dragapult
|-supereffective|p2a: Dragapult
|-damage|p2a: Dragapult|20/100 par
|
|-heal|p1a: Clefable|55/100 brn|[from] item: Leftovers
|upkeep
|turn|37
|
|t:|1614949693
|cant|p2a: Dragapult|par
|move|p1a: Clefable|Moonblast|p2a: Dragapult
|-supereffective|p2a: Dragapult
|-damage|p2a: Dragapult|0 fnt
|faint|p2a: Dragapult
|
|-heal|p1a: Clefable|61/100 brn|[from] item: Leftovers
|upkeep
|j| youke
|
|t:|1614949699
|switch|p2a: Blaziken|Blaziken, F|100/100
|turn|38
|
|t:|1614949711
|move|p2a: Blaziken|Swords Dance|p2a: Blaziken
|-boost|p2a: Blaziken|atk|2
|move|p1a: Clefable|Thunder Wave|p2a: Blaziken
|-status|p2a: Blaziken|par
|
|-heal|p1a: Clefable|67/100 brn|[from] item: Leftovers
|-ability|p2a: Blaziken|Speed Boost|boost
|-boost|p2a: Blaziken|spe|1
|upkeep
|turn|39
|
|t:|1614949718
|switch|p1a: Hydreigon|Hydreigon, F|61/100
|-damage|p1a: Hydreigon|49/100|[from] Stealth Rock
|move|p2a: Blaziken|Flare Blitz|p1a: Hydreigon
|-resisted|p1a: Hydreigon
|-damage|p1a: Hydreigon|0 fnt
|-damage|p2a: Blaziken|83/100 par|[from] Recoil
|faint|p1a: Hydreigon
|
|-ability|p2a: Blaziken|Speed Boost|boost
|-boost|p2a: Blaziken|spe|1
|upkeep
|
|t:|1614949722
|switch|p1a: Nidoking|Nidoking, M|100/100
|-damage|p1a: Nidoking|95/100|[from] Stealth Rock
|turn|40
|
|t:|1614949730
|switch|p2a: Blissey|Blissey, F|77/100
|move|p1a: Nidoking|Earth Power|p2a: Blissey
|-crit|p2a: Blissey
|-damage|p2a: Blissey|39/100
|
|upkeep
|turn|41
|
|t:|1614949739
|switch|p1a: Slowking|Slowking-Galar, F|87/100
|-damage|p1a: Slowking|75/100|[from] Stealth Rock
|move|p2a: Blissey|Soft-Boiled|p2a: Blissey
|-heal|p2a: Blissey|89/100
|
|upkeep
|turn|42
|
|t:|1614949745
|move|p2a: Blissey|Seismic Toss|p1a: Slowking
|-damage|p1a: Slowking|49/100
|move|p1a: Slowking|Future Sight|p2a: Blissey
|-start|p1a: Slowking|move: Future Sight
|
|upkeep
|turn|43
|
|t:|1614949755
|switch|p1a: Clefable|Clefable, F|67/100 brn
|move|p2a: Blissey|Seismic Toss|p1a: Clefable
|-damage|p1a: Clefable|41/100 brn
|
|-heal|p1a: Clefable|47/100 brn|[from] item: Leftovers
|upkeep
|turn|44
|
|t:|1614949765
|move|p1a: Clefable|Soft-Boiled|p1a: Clefable
|-heal|p1a: Clefable|97/100 brn
|move|p2a: Blissey|Seismic Toss|p1a: Clefable
|-damage|p1a: Clefable|72/100 brn
|
|-end|p2a: Blissey|move: Future Sight
|-damage|p2a: Blissey|67/100
|-heal|p1a: Clefable|78/100 brn|[from] item: Leftovers
|upkeep
|turn|45
|
|t:|1614949772
|switch|p1a: Slowking|Slowking-Galar, F|83/100
|-damage|p1a: Slowking|70/100|[from] Stealth Rock
|switch|p2a: Blaziken|Blaziken, F|83/100 par
|
|upkeep
|turn|46
|j| DaiDaiwo♫
|c| Expired Gym Misty|gg
|
|t:|1614949791
|switch|p1a: Nidoking|Nidoking, M|95/100
|-damage|p1a: Nidoking|89/100|[from] Stealth Rock
|move|p2a: Blaziken|Flare Blitz|p1a: Nidoking
|-damage|p1a: Nidoking|5/100
|-damage|p2a: Blaziken|56/100 par|[from] Recoil
|
|-ability|p2a: Blaziken|Speed Boost|boost
|-boost|p2a: Blaziken|spe|1
|upkeep
|turn|47
|
|t:|1614949802
|switch|p2a: Blissey|Blissey, F|67/100
|move|p1a: Nidoking|Sludge Wave|p2a: Blissey
|-damage|p2a: Blissey|41/100
|
|upkeep
|turn|48
|
|t:|1614949805
|switch|p1a: Slowking|Slowking-Galar, F|100/100
|-damage|p1a: Slowking|88/100|[from] Stealth Rock
|move|p2a: Blissey|Soft-Boiled|p2a: Blissey
|-heal|p2a: Blissey|91/100
|
|upkeep
|turn|49
|j| PKS Skilless
|
|t:|1614949814
|move|p2a: Blissey|Seismic Toss|p1a: Slowking
|-damage|p1a: Slowking|63/100
|move|p1a: Slowking|Future Sight|p2a: Blissey
|-start|p1a: Slowking|move: Future Sight
|
|upkeep
|turn|50
|
|t:|1614949821
|switch|p1a: Nidoking|Nidoking, M|5/100
|-damage|p1a: Nidoking|0 fnt|[from] Stealth Rock
|faint|p1a: Nidoking
|move|p2a: Blissey|Seismic Toss|p1: Nidoking|[notarget]
|-fail|p2a: Blissey
|
|upkeep
|
|t:|1614949822
|switch|p1a: Kartana|Kartana|50/100
|-damage|p1a: Kartana|43/100|[from] Stealth Rock
|turn|51
|j| Cattibob
|j| imthenewplayer
|
|t:|1614949829
|switch|p2a: Toxapex|Toxapex, F|100/100
|-damage|p2a: Toxapex|88/100|[from] Stealth Rock
|move|p1a: Kartana|Sacred Sword|p2a: Toxapex
|-resisted|p2a: Toxapex
|-damage|p2a: Toxapex|70/100
|
|-end|p2a: Toxapex|move: Future Sight
|-supereffective|p2a: Toxapex
|-damage|p2a: Toxapex|0 fnt
|faint|p2a: Toxapex
|upkeep
|
|t:|1614949833
|switch|p2a: Tangrowth|Tangrowth, M|100/100
|-damage|p2a: Tangrowth|88/100|[from] Stealth Rock
|turn|52
|
|t:|1614949841
|switch|p1a: Clefable|Clefable, F|78/100 brn
|switch|p2a: Blaziken|Blaziken, F|56/100 par
|
|-heal|p1a: Clefable|84/100 brn|[from] item: Leftovers
|upkeep
|turn|53
|l| imthenewplayer
|
|t:|1614949845
|switch|p2a: Blissey|Blissey, F|91/100
|move|p1a: Clefable|Moonblast|p2a: Blissey
|-damage|p2a: Blissey|79/100
|
|-heal|p1a: Clefable|90/100 brn|[from] item: Leftovers
|upkeep
|turn|54
|l| Cattibob
|
|t:|1614949853
|switch|p1a: Slowking|Slowking-Galar, F|96/100
|-damage|p1a: Slowking|83/100|[from] Stealth Rock
|switch|p2a: Blaziken|Blaziken, F|56/100 par
|
|upkeep
|turn|55
|inactive|Contorted Lies has 120 seconds left.
|
|t:|1614949902
|switch|p1a: Clefable|Clefable, F|90/100 brn
|move|p2a: Blaziken|Flare Blitz|p1a: Clefable
|-damage|p1a: Clefable|47/100 brn
|-damage|p2a: Blaziken|37/100 par|[from] Recoil
|
|-heal|p1a: Clefable|54/100 brn|[from] item: Leftovers
|-ability|p2a: Blaziken|Speed Boost|boost
|-boost|p2a: Blaziken|spe|1
|upkeep
|turn|56
|j| Sankakai
|
|t:|1614949912
|switch|p2a: Blissey|Blissey, F|79/100
|move|p1a: Clefable|Moonblast|p2a: Blissey
|-damage|p2a: Blissey|67/100
|-unboost|p2a: Blissey|spa|1
|
|-heal|p1a: Clefable|60/100 brn|[from] item: Leftovers
|upkeep
|turn|57
|
|t:|1614949915
|move|p1a: Clefable|Soft-Boiled|p1a: Clefable
|-heal|p1a: Clefable|100/100 brn
|move|p2a: Blissey|Soft-Boiled|p2a: Blissey
|-heal|p2a: Blissey|100/100
|
|upkeep
|turn|58
|
|t:|1614949919
|move|p1a: Clefable|Moonblast|p2a: Blissey
|-damage|p2a: Blissey|90/100
|move|p2a: Blissey|Seismic Toss|p1a: Clefable
|-damage|p1a: Clefable|75/100 brn
|
|-heal|p1a: Clefable|81/100 brn|[from] item: Leftovers
|upkeep
|turn|59
|j| Trelle
|
|t:|1614949922
|move|p1a: Clefable|Moonblast|p2a: Blissey
|-crit|p2a: Blissey
|-damage|p2a: Blissey|71/100
|move|p2a: Blissey|Seismic Toss|p1a: Clefable
|-damage|p1a: Clefable|56/100 brn
|
|-heal|p1a: Clefable|62/100 brn|[from] item: Leftovers
|upkeep
|turn|60
|
|t:|1614949927
|move|p1a: Clefable|Soft-Boiled|p1a: Clefable
|-heal|p1a: Clefable|100/100 brn
|move|p2a: Blissey|Seismic Toss|p1a: Clefable
|-damage|p1a: Clefable|75/100 brn
|
|-heal|p1a: Clefable|81/100 brn|[from] item: Leftovers
|upkeep
|turn|61
|
|t:|1614949937
|move|p1a: Clefable|Moonblast|p2a: Blissey
|-damage|p2a: Blissey|60/100
|-unboost|p2a: Blissey|spa|1
|move|p2a: Blissey|Soft-Boiled|p2a: Blissey
|-heal|p2a: Blissey|100/100
|
|-heal|p1a: Clefable|87/100 brn|[from] item: Leftovers
|upkeep
|turn|62
|
|t:|1614949946
|switch|p1a: Slowking|Slowking-Galar, F|100/100
|-damage|p1a: Slowking|88/100|[from] Stealth Rock
|switch|p2a: Tangrowth|Tangrowth, M|100/100
|-damage|p2a: Tangrowth|88/100|[from] Stealth Rock
|
|upkeep
|turn|63
|
|t:|1614949950
|switch|p1a: Clefable|Clefable, F|87/100 brn
|move|p2a: Tangrowth|Sleep Powder||[still]
|-fail|p2a: Tangrowth
|
|-heal|p1a: Clefable|93/100 brn|[from] item: Leftovers
|upkeep
|turn|64
|
|t:|1614949955
|switch|p2a: Blissey|Blissey, F|100/100
|move|p1a: Clefable|Thunder Wave|p2a: Blissey
|-status|p2a: Blissey|par
|
|-heal|p1a: Clefable|99/100 brn|[from] item: Leftovers
|upkeep
|turn|65
|
|t:|1614949958
|switch|p1a: Slowking|Slowking-Galar, F|100/100
|-damage|p1a: Slowking|88/100|[from] Stealth Rock
|move|p2a: Blissey|Seismic Toss|p1a: Slowking
|-damage|p1a: Slowking|63/100
|
|upkeep
|turn|66
|
|t:|1614949963
|-curestatus|p2a: Blissey|par|[from] ability: Natural Cure
|switch|p2a: Tangrowth|Tangrowth, M|100/100
|-damage|p2a: Tangrowth|88/100|[from] Stealth Rock
|move|p1a: Slowking|Future Sight|p2a: Tangrowth
|-start|p1a: Slowking|move: Future Sight
|
|upkeep
|turn|67
|
|t:|1614949974
|switch|p1a: Clefable|Clefable, F|99/100 brn
|move|p2a: Tangrowth|Focus Blast|p1a: Clefable
|-resisted|p1a: Clefable
|-damage|p1a: Clefable|85/100 brn
|
|-heal|p1a: Clefable|91/100 brn|[from] item: Leftovers
|upkeep
|turn|68
|
|t:|1614949990
|switch|p1a: Slowking|Slowking-Galar, F|96/100
|-damage|p1a: Slowking|83/100|[from] Stealth Rock
|move|p2a: Tangrowth|Focus Blast|p1a: Slowking|[miss]
|-miss|p2a: Tangrowth|p1a: Slowking
|
|-end|p2a: Tangrowth|move: Future Sight
|-damage|p2a: Tangrowth|0 fnt
|upkeep
|faint|p2a: Tangrowth
|c|☆Run For Me Plz|that kills
|c| PKS Skilless|Lmao
|c|☆Run For Me Plz|wtf
|inactive|Run For Me Plz has 120 seconds left.
|c|☆Run For Me Plz|thats so stupid
|c|☆Run For Me Plz|gg
|
|t:|1614950015
|switch|p2a: Blaziken|Blaziken, F|37/100 par
|turn|69
|c| PKS Skilless|Try hard staller
|c|☆Contorted Lies|Gg
|l| PKS Skilless
|
|t:|1614950026
|cant|p2a: Blaziken|par
|move|p1a: Slowking|Psychic|p2a: Blaziken
|-supereffective|p2a: Blaziken
|-damage|p2a: Blaziken|0 fnt
|faint|p2a: Blaziken
|
|upkeep
|c|☆Run For Me Plz|pks stfu
|
|t:|1614950032
|switch|p2a: Blissey|Blissey, F|100/100
|turn|70
|c| jmoore15|no try harder staller
|c|☆Contorted Lies|I like your team actually
|
|t:|1614950049
|move|p2a: Blissey|Seismic Toss|p1a: Slowking
|-damage|p1a: Slowking|58/100
|move|p1a: Slowking|Future Sight|p2a: Blissey
|-start|p1a: Slowking|move: Future Sight
|
|upkeep
|turn|71
|l| Expired Gym Misty
|c|☆Run For Me Plz|im not even full stall so idk wat u random spectators talkin bout
|
|t:|1614950064
|move|p2a: Blissey|Seismic Toss|p1a: Slowking
|-damage|p1a: Slowking|33/100
|move|p1a: Slowking|Sludge Bomb|p2a: Blissey
|-damage|p2a: Blissey|83/100
|
|upkeep
|turn|72
|
|t:|1614950070
|move|p2a: Blissey|Seismic Toss|p1a: Slowking
|-damage|p1a: Slowking|7/100
|move|p1a: Slowking|Sludge Bomb|p2a: Blissey
|-damage|p2a: Blissey|66/100
|
|-end|p2a: Blissey|move: Future Sight
|-damage|p2a: Blissey|44/100
|upkeep
|turn|73
|c| jmoore15|lame team
|
|t:|1614950076
|move|p2a: Blissey|Soft-Boiled|p2a: Blissey
|-heal|p2a: Blissey|94/100
|move|p1a: Slowking|Future Sight|p2a: Blissey
|-start|p1a: Slowking|move: Future Sight
|
|upkeep
|turn|74
|c|☆Run For Me Plz|cool u the one watchin me tho
|
|t:|1614950089
|move|p2a: Blissey|Soft-Boiled|p2a: Blissey
|-heal|p2a: Blissey|100/100
|move|p1a: Slowking|Sludge Bomb|p2a: Blissey
|-damage|p2a: Blissey|83/100
|-status|p2a: Blissey|psn
|
|-damage|p2a: Blissey|71/100 psn|[from] psn
|upkeep
|turn|75
|c| jmoore15|watching you lose
|
|t:|1614950096
|move|p2a: Blissey|Soft-Boiled|p2a: Blissey
|-heal|p2a: Blissey|100/100 psn
|move|p1a: Slowking|Future Sight||[still]
|-fail|p1a: Slowking
|
|-end|p2a: Blissey|move: Future Sight
|-damage|p2a: Blissey|79/100 psn
|-damage|p2a: Blissey|66/100 psn|[from] psn
|upkeep
|turn|76
|
|t:|1614950101
|move|p2a: Blissey|Soft-Boiled|p2a: Blissey
|-heal|p2a: Blissey|100/100 psn
|move|p1a: Slowking|Future Sight|p2a: Blissey
|-start|p1a: Slowking|move: Future Sight
|
|-damage|p2a: Blissey|88/100 psn|[from] psn
|upkeep
|turn|77
|j| Pigglesworth
|c|☆Run For Me Plz|cool bet u cant even get 1700+ tho that why ur watching
|
|t:|1614950128
|move|p2a: Blissey|Seismic Toss|p1a: Slowking
|-damage|p1a: Slowking|0 fnt
|faint|p1a: Slowking
|
|-damage|p2a: Blissey|76/100 psn|[from] psn
|upkeep
|c| jmoore15|gg lies way to kick his ass
|
|t:|1614950143
|switch|p1a: Kartana|Kartana|43/100
|-damage|p1a: Kartana|37/100|[from] Stealth Rock
|turn|78
|c| jmoore15|its not hard running stall
|c|☆Run For Me Plz|kick my ass plz hush it act like it wasnt close
|
|t:|1614950156
|move|p1a: Kartana|Sacred Sword|p2a: Blissey
|-supereffective|p2a: Blissey
|-damage|p2a: Blissey|0 fnt
|faint|p2a: Blissey
|
|win|Contorted Lies
|c| jmoore15|u suck
